1952 3045
99 108 154 136 653

408 108 593 139 ADVERSUS
612 110 781 138 llrERESES
799 111 862 139 LIB.
880 109 883 136 1

936 110 1001 137 'OM.
1021 109 1110 137 lll.—
1125 109 1261 137 tlrERES.
1283 107 1403 136 XXXVI.

1669 105 1722 134 634

98 166 210 202 κεφαλὴ
231 167 260 193 ὲν
289 168 420 204 συντομία
445 169 675 205 κατακλεισθῆναι.
699 170 843 206 Παρελθὼν
859 170 883 197 δὲ

938 169 1080 200 obterere,
1118 167 1190 202 quod
1221 166 1435 202 tetragnatlmm,
1462 165 1514 193 hoc
1537 167 1580 192 est
1609 168 1722 198 quatuor

97 211 196 238 τοῦτον
222 212 313 244 πάλιν,
339 212 388 244 τὰς
416 213 480 248 ἑξῆς
505 213 693 250 διασκοπήσω·
716 215 763 241 καὶ
786 215 887 246 ταύτας

98 257 217 289 διεξιὼν,
239 258 271 285 δι’
287 258 370 294 εὐχῆς
384 260 498 294 αἰτήσω,
516 259 550 286 τὰ
573 260 622 294 μὲν
637 261 696 286 κατ’
713 260 797 292 αὐτὰς
816 260 886 287 κατὰ

101 303 230 338 ἀλήθειαν
244 304 361 337 ἐξειπεῖν
373 324 380 337 ,
397 304 497 340 μηδένα
511 304 539 332 δὲ
553 305 651 340 ϐλάψαι
662 325 669 338 ,
687 305 703 340 ἢ
720 305 801 338 αὐτὸς
820 305 884 341 βλα-

98 350 190 385 ὁῆναι.

938 214 1016 241 malis
1037 213 1177 248 pra’dilum
1207 217 1321 240 vocant:
1352 216 1398 239 ant
1428 212 1501 240 velut
1531 210 1722 245 amphisbmna:

936 259 1056 294 bicipitis
1070 260 1169 294 viperae
1196 259 1334 286 desectum
1361 262 1442 293 caput
1471 257 1653 292 confringere.
1668 255 1722 282 Sed

935 305 987 332 hoc
999 305 1101 332 omisso
1113 305 1234 339 reliquas
1250 312 1456 340 persequamur.
1466 304 1543 338 Quod
1555 303 1618 331 dum
1632 309 1723 337 aggre-

935 351 1005 382 dior,
1016 351 1127 386 supplet
1142 359 1157 378 a
1173 351 1228 378 Deo
1246 352 1364 385 postulo,
1382 354 1412 378 ut
1425 358 1484 385 quae
1498 350 1532 377 ad
1549 350 1609 377 illas
1636 348 1721 383 perti-

101 399 179 428 nent,
193 397 230 424 ita
256 404 290 424 ex
316 397 356 424 rei
381 397 496 425 veritate
524 397 670 433 proferam,
702 397 775 424 nulla
805 399 835 424 ut
857 395 884 423 in
899 403 1061 431 quemquam
1073 399 1153 431 atque
1163 395 1231 423 adeo
1244 396 1375 430 meipsum
1388 402 1422 422 ex
1435 402 1468 422 eo
1496 394 1570 422 fraus
1599 401 1630 420 ac
1660 399 1721 428 per-

103 443 189 471 nicies
205 443 349 471 redundet.

294 501 388 527 KATA
410 501 677 528 ΗΡΑΚΛΕΩΝΙΤΩΝ
684 521 692 533 ,

203 557 419 592 ΕΕκαιδεκάτη,
439 557 459 591 ὴ
478 557 528 584 καὶ
546 556 797 592 τριακοστὴέκτη.

134 621 171 649 A'.
181 622 335 658 Ἡρακλέων
342 631 384 654 τις
391 623 484 649 τοῦτον
493 622 536 649 τὴν
544 623 668 659 Κολόρϐα
673 632 716 649 σον
724 623 882 659 διαδέχεται,

99 668 147 701 ἀφ’
164 664 229 694 οὗπε
234 676 248 702 ρ
262 669 286 694 οἱ
301 668 331 694 Ἦ
337 667 512 703 ρακλεωνῖται
526 668 607 696 καλοὺ
613 677 698 704 μενοι,
713 669 788 696 οὐδὲν
802 667 883 705 ἦττον

98 714 150 748 τῆς
179 713 254 748 παρὰ
273 713 367 741 τοῦτον
390 715 553 749 κενοφωνίας
570 715 734 750 ἠσκημένος.
760 716 815 742 Καὶ
834 716 883 742 ὅσα

100 761 150 796 μὲν
170 760 267 786 ἐκεῖνοι
284 759 403 794 λέγουσι,
419 761 464 787 καὶ
486 757 561 792 οὗτος
577 760 696 795 ὁρίζεται
711 761 781 788 κατὰ
795 761 882 788 πάντα

1098 498 1238 527 CONTRA
1261 497 1558 530 IIERACLEONITAS,

1039 554 1106 588 Qum
1129 560 1169 582 est
1189 555 1296 582 Itan-esis
1311 552 1390 586 XVI.
1411 554 1449 581 vel
1470 553 1548 580 XXX
1558 552 1605 580 VI.

969 623 989 651 Ι.
1004 624 1153 652 Colorbaso
1165 625 1286 652 succedit
1300 623 1459 655 lleracleon.
1472 632 1486 650 ει
1506 630 1560 658 quo
1582 622 1721 650 lleraclio‘

933 669 1050 696 nitarmn
1071 673 1145 697 secta
1171 670 1337 700 nominatur,
1368 668 1546 695 nihilominus
1571 675 1652 702 quam
1667 674 1721 694 ca:-

936 711 987 739 teri
1003 712 1084 747 nugis
1097 720 1129 739 ac
1142 712 1292 740 mendaciis
1308 713 1467 740 instructus.
1491 711 1627 746 Quidquid
1648 711 1720 739 enim

936 759 970 786 ab
985 759 1038 786 illis
1062 759 1206 792 asseritur,
1236 759 1279 785 hic
1308 763 1399 786 tuetur
1418 766 1449 785 ac
1466 757 1587 785 defendit
1609 758 1719 785 omnia:

98 805 210 841 τρόπον,
224 803 268 832 οἷα
279 805 311 841 δὴ
327 805 356 838 ἐξ
372 805 462 832 αὐτῶν
474 806 641 842 ὁρμώμενος,
656 808 702 834 καὶ
715 808 779 842 παρ’
793 807 883 834 αὐτῶν

936 807 1027 838 utpote
1040 803 1086 838 qui
1103 803 1137 830 ab
1150 804 1203 830 illis
1214 809 1302 830 ortum
1319 803 1419 838 pariter
1437 810 1468 830 ac
1477 807 1637 830 venenatam
1646 803 1720 830 luem

98 850 145 876 τδν
164 850 202 876 ἱὸν
218 850 436 885 ἀπομαξάμενος,
453 851 644 887 περισσότερον
667 851 695 878 δὲ
719 852 798 887 δῆθεν
818 853 888 888 ὑπὲρ

99 895 221 927 ἐκείνους
239 896 268 923 ἐν
291 896 380 932 ἑαυτῷ
397 897 644 933 ἀνατυπωσάμενὸς
668 906 738 929 τινα,
764 898 887 933 βούλεται

98 941 220 973 ἐκείνους
247 941 423 977 ὑπεραίρειν,
453 943 497 969 ἵνα
525 943 573 969 καὶ⁹
604 943 694 978 ἐαυτῷ
728 944 887 979 συναγωγὴν

97 987 246 1022 ποιήσηται
262 987 316 1014 τῶν
330 988 522 1023 ἠπατημένων.
542 986 620 1015 Οὗτοι
642 990 695 1024 γὰρ
719 990 827 1022 πάντες,
847 991 887 1021 είς

97 1033 347 1068 ἑκατοντακέφαλον
364 1034 476 1065 ἑαυτοὺς
502 1034 727 1067 ἁνατυπώσαντες
752 1035 847 1070 σῶμα,
869 1035 885 1071 ἦ

98 1078 338 1113 ἐκατοντάχειρον,
359 1079 404 1105 τόν
430 1087 496 1106 ποτε
524 1079 721 1115 μυθευόμενον.
734 1080 809 1116 παρὰ
829 1082 886 1113 τοῖς

97 1123 151 1149 τῶν
169 1123 303 1159 Ἑλλήνων
320 1125 446 1160 ποιηταῖς
467 1125 637 1161 ἐμιμήσαντο
654 1126 756 1153 Κόττον
770 1126 786 1161 ἢ
804 1127 886 1162 Βριά-

97 1177 178 1205 ρεων,
194 1170 223 1196 ὂν
246 1171 293 1196 καὶ
308 1170 445 1205 Αἰγαίωνα
459 1171 596 1204 καλοῦσιν,
608 1173 625 1207 ἢ
635 1172 735 1208 Γύγην,
748 1173 764 1208 ἢ
779 1173 824 1199 τὸν
837 1182 886 1200 κα-

95 1214 226 1250 λούμενον
241 1216 340 1251 ’Λργον
359 1216 404 1243 τὸν
421 1216 638 1252 πολυόφθαλμον,
655 1217 726 1249 οἵους
741 1218 840 1244 ἐκεῖνοι
856 1219 886 1244 ἐν

95 1262 157 1292 ταῖς
169 1260 273 1287 ἑαυτῶν
288 1261 436 1297 ῥαψῳδίιιις
449 1262 651 1297 τερατεύονται,
667 1262 883 1298 ποιητευόμενοι.

96 1306 145 1332 καὶ
160 1306 284 1340 λέγοντες
300 1306 372 1342 ἔχειν
387 1307 433 1334 τὸν
455 1307 506 1342 μὲν
528 1307 624 1334 ἑκατὸν
639 1309 741 1344 χεῖρας,
758 1308 804 1335 καὶ
820 1308 885 1335 ποτὲ

98 1352 165 1386 μὲνί
189 1353 358 1388 πεντήκοντα
379 1353 508 1388 κεφαλὰς,
525 1354 589 1380 ποτὲ
614 1353 642 1380 δὲ
665 1354 760 1381 ἑκατόν
771 1363 777 1369 ·
794 1354 840 1381 τὸν
855 1354 884 1381 δὲ

96 1398 193 1425 ἑκατὸν
214 1398 376 1434 ὀφθαλμούς.
393 1401 447 1426 Καὶ
459 1400 553 1426 τούτου
571 1400 651 1426 ἕνεκα
669 1401 736 1435 φασὶ
758 1400 802 1427 τὸν
824 1400 884 1437 Ἐρ-

97 1444 153 1478 μῆν
173 1444 313 1471 καλεῖσθαι
327 1445 532 1481 Ἀργειφόντην,
546 1446 583 1478 ὼς
597 1446 642 1473 τὸν
658 1447 758 1482 Ἄργον
770 1446 815 1472 τὸν
836 1455 884 1472 πο-

96 1489 268 1525 λυόφθαλμον
284 1492 478 1525 πεφονευκότα.
491 1492 569 1519 Οὕτω
580 1493 628 1520 καὶ
643 1493 745 1520 τούτων
757 1493 882 1525 ἕκαστος.

98 1535 261 1571 βουλόμενος
284 1538 373 1573 ἑαυτῷ
396 1538 483 1574 ἀρχὴν
510 1539 733 1575 προστήσασθαι,
761 1539 881 1574 κεφαλὴν

96 1582 237 1617 ὠνόμασεν
256 1583 359 1615 ἑαυτὸν,
376 1583 457 1620 ἕτερα
473 1585 647 1621 ὑπεισφέρων
667 1585 743 1621 παρὰ
764 1586 813 1621 τὴν
827 1585 881 1612 τῶν

96 1628 262 1656 διδασκάλων
284 1629 366 1656 αὑτοῦ
390 1631 583 1665 ματαιοπονίαν
598 1632 644 1658 καὶ
669 1630 790 1667 μανιώδη
810 1632 882 1659 διδα-

939 849 1064 877 traxerit.
1085 848 1139 876 Sed
1162 849 1291 876 nonnulla
1317 852 1407 876 tamen
1428 857 1442 875 a
1467 856 1496 876 se
1523 848 1677 883 excogitata
1695 852 1722 876 et

938 897 1053 924 conlleta
1072 897 1105 924 ad
1128 904 1221 924 eorum
1249 896 1391 930 opiniones
1418 894 1560 929 adjiciens,
1591 901 1721 928 supera-re

937 945 1008 975 illos,
1025 951 1056 971 ac
1071 944 1208 978 propriam
1237 944 1289 970 sibi
1303 943 1425 970 scholam
1443 941 1582 969 vindicare
1604 941 1719 968 studuit.

937 991 1043 1019 Etenim
1063 998 1158 1018 omnes
1172 990 1217 1018 isti
1230 990 1368 1024 centiceps
1381 997 1411 1016 se
1429 989 1455 1015 in
1475 996 1576 1022 corpus
1587 995 1618 1014 ac
1633 987 1721 1014 centi-

936 1045 1046 1064 manum
1075 1035 1316 1067 transformantes,
1352 1035 1488 1070 gigantem
1521 1034 1597 1060 illum
1629 1033 1722 1060 nescio

936 1090 1016 1118 quem
1042 1090 1057 1110 e
1085 1081 1242 1109 Graecorum
1267 1080 1367 1108 fabulis
1389 1080 1544 1115 exprimere
1565 1079 1720 1112 voluerunt,

936 1129 1045 1156 Cottum
1062 1128 1171 1163 opinor,
1193 1131 1239 1155 aut
1269 1126 1424 1154 Briareum:
1452 1134 1535 1162 quem
1555 1130 1582 1153 et
1599 1125 1722 1161 Egeona

935 1174 1081 1205 dixerunt.
1103 1178 1150 1201 aut
1177 1173 1281 1209 Gygen,
1307 1177 1354 1200 aut
1374 1173 1476 1208 Argum
1502 1172 1615 1200 inﬁnitis
1641 1171 1721 1207 263

935 1219 1022 1247 oculis
1036 1218 1194 1254 praeditum,
1215 1218 1369 1253 cujusmodi
1391 1221 1527 1253 portenta,
1538 1218 1597 1245 suis
1612 1217 1650 1244 illi
1664 1225 1723 1244 car-

935 1265 1055 1292 minibus
1068 1265 1157 1292 solent
1170 1265 1336 1297 describere,
1349 1268 1379 1292 ut
1397 1268 1508 1292 centum
1524 1264 1602 1292 alteri
1611 1271 1721 1295 manus,

935 1319 996 1338 cum
1012 1311 1221 1347 quinquaginta,
1238 1311 1279 1338 vel
1297 1311 1379 1338 etiam
1403 1311 1529 1339 centenis
1561 1311 1722 1346 capitibus;

934 1361 1042 1383 centum
1065 1356 1160 1383 oculos
1184 1355 1262 1383 alteri
1290 1355 1423 1383 tribuant.
1453 1356 1540 1389 Quam
1556 1356 1591 1383 ob
1611 1364 1723 1383 causam

935 1401 1098 1430 Mercurium
1114 1401 1205 1429 ferunt
1223 1402 1415 1437 Argiphontem
1435 1410 1497 1430 esse
1520 1402 1633 1433 dictum,
1651 1402 1723 1436 quod

937 1448 1030 1475 multis
1043 1447 1194 1475 luminibus
1215 1447 1356 1482 przeditum
1384 1448 1485 1483 Argum
1511 1447 1652 1475 occiderit.
1677 1446 1724 1475 Sic

937 1495 1044 1522 illorum
1071 1495 1185 1529 quilibet
1210 1494 1392 1529 principatum
1422 1493 1571 1526 allectans,
1601 1493 1722 1528 seipsum

936 1545 1017 1576 caput
1026 1541 1154 1576 appellat,
1173 1544 1201 1568 et
1211 1548 1226 1566 a
1235 1544 1433 1575 praeceptorum
1445 1540 1551 1567 insanis
1564 1547 1595 1566 ac
1613 1539 1724 1566 furiosis

933 1586 1105 1621 dogmatibus
1122 1585 1228 1612 diversa
1245 1584 1369 1620 quaedam
1397 1585 1544 1620 excogitat.
1565 1583 1666 1612 Verum
1690 1592 1724 1612 ne

933 1632 960 1658 in
982 1631 1120 1666 prcefando
1137 1632 1187 1658 sim
1208 1632 1327 1666 longior.
1339 1631 1372 1658 ad
1386 1639 1442 1658 rem
1457 1631 1544 1666 ipsam
1566 1631 1722 1666 aggrediar.

99 1677 221 1704 σκαλίαν.
237 1678 295 1705 Ἵνα
312 1678 340 1705 δὲ
367 1679 403 1715 μὴ
424 1680 463 1711 είς
477 1679 543 1706 πολὺ
567 1681 653 1716 μῆκος
673 1680 761 1707 ἐλὰσω
785 1681 832 1708 τοῦ
856 1681 999 1718 προοιμίου
1019 1680 1067 1716 τὴν
1086 1680 1229 1713 σύνταξιν,
1252 1680 1398 1716 ἐλεύσομαι
1419 1681 1458 1712 εἰς
1477 1680 1507 1707 τὸ
1535 1681 1722 1717 προκείμενον.

134 1736 170 1763 B'.
185 1735 342 1770 ’Πρακλέων
351 1737 440 1763 τοίνυν
451 1735 538 1769 οὗτος,
551 1738 598 1764 καὶ
610 1739 633 1764 οἱ
647 1738 694 1764 ἀπ’
707 1737 788 1765 αὑτοῦ
802 1739 883 1773 Ἦρα-

97 1782 250 1813 κ).εωνίται.
265 1782 301 1814 ὡς
314 1785 453 1819 προεῖπον,
465 1784 565 1819 ὁμοίως
579 1783 683 1820 Μάρκῳ
700 1784 746 1810 καί
757 1793 810 1810 τισι
828 1784 880 1810 τῶν

97 1828 151 1863 πρὸ
173 1828 256 1855 αὑτοῦ
276 1829 340 1864 περὶ
361 1829 415 1855 τῶν
442 1829 589 1864 Ὀγδοάδων
615 1830 733 1864 φάσκει,
754 1830 803 1864 τῆς
825 1830 881 1857 ἄνω

97 1875 169 1910 φημὶ
181 1876 226 1901 καὶ
241 1875 289 1910 τῆς
299 1874 383 1901 κάτω.
401 1876 515 1902 Ἔπειτα
526 1875 554 1901 δὲ
567 1875 613 1901 καὶ
627 1875 676 1906 τὰς
686 1875 816 1910 συζυγίας
827 1875 881 1901 τῶν

97 1921 243 1956 τριάκοντα
264 1920 374 1947 Aldrle
396 1920 460 1952 ἷτως
480 1920 593 1953 δοξάζει.
612 1921 771 1957 ’Ἄνθρωπον
788 1921 815 1948 is
833 1922 881 1948 καὶ

97 1967 178 1998 αὐτὸς
193 1967 290 2001 φάσκει
303 1964 372 1993 εἶναι
384 1966 429 1993 τὸν
444 1966 499 1993 ἄνω
512 1967 565 1994 τῶν
577 1967 644 1993 ὅλων
657 1967 775 2002 Πατέρα,
789 1967 818 1993 όν
834 1967 881 1993 καὶ

97 2011 182 2038 Βυθὸν
205 2012 418 2047 προσηγόρευσε.
443 2012 572 2039 Βούλεται
594 2013 622 2039 δὲ
643 2013 724 2039 αὑτὸν
741 2012 788 2039 καὶ
802 2013 882 2044 αὐτὸς

97 2058 187 2092 λέγειν
202 2059 269 2094 μήτε
282 2058 366 2094 ἄρρεν
382 2058 449 2094 μήτε
462 2057 529 2093 θῆλυ
540 2065 547 2072 ·
572 2058 600 2091 ἐξ
613 2058 694 2085 αὑτοῦ
706 2058 733 2085 δὲ
751 2057 820 2085 εἶναι
834 2058 883 2094 τὴν

967 1737 999 1765 ll.
1013 1737 1161 1765 lleracleon
1180 1736 1263 1772 igitur
1274 1745 1335 1765 cum
1351 1737 1420 1769 suis,
1436 1741 1466 1763 ut
1477 1736 1608 1769 diximus,
1619 1738 1714 1765 eadem

932 1792 993 1812 cum
1015 1783 1116 1816 Marco,
1142 1783 1258 1818 aliisque
1286 1783 1332 1818 qui
1357 1782 1478 1811 Marcum
1499 1788 1720 1815 antecesserunt,

931 1830 965 1857 de
984 1829 1170 1865 Ogdoadibus,
1187 1830 1330 1864 superiore
1359 1830 1488 1857 nimirum
1516 1834 1544 1857 et
1573 1829 1716 1862 inferiore,

931 1876 1024 1904 sentit.
1040 1875 1141 1903 Deinde
1151 1876 1260 1911 triginta
1273 1875 1392 1903 [Eonum
1412 1875 1488 1911 paria
1512 1875 1582 1902 haud
1602 1875 1723 1902 absimili

932 1922 1038 1948 ratione
1066 1922 1218 1949 constituit.
1245 1921 1388 1949 Hominem
1421 1929 1532 1956 quoque
1559 1929 1721 1955 supremum

934 1968 1056 1994 omnium
1073 1992 1079 1997 ,
1092 1967 1236 1995 Parentem
1267 1967 1434 2002 pronuntiat,
1459 1975 1539 2002 quem
1560 1971 1586 1994 et
1607 1966 1725 2001 Bythum

934 2013 1066 2039 nominat.
1093 2011 1223 2040 Eumdem
1239 2020 1289 2040 nec
1305 2020 1408 2040 marem
1432 2020 1494 2040 esse
1519 2019 1568 2039 nec
1594 2011 1725 2039 feminam

936 2062 1023 2094 putat.
1043 2066 1058 2085 a
1072 2066 1127 2093 quo
1151 2058 1340 2086 universorum
1352 2063 1439 2086 mater
1452 2058 1577 2091 exsistat,
1598 2065 1678 2093 quam
1696 2062 1724 2085 et

98 2104 151 2131 τῶν
171 2105 238 2132 ὅλων
257 2104 362 2140 μητέρα
373 2123 380 2136 ,
395 2104 428 2140 ἣν
443 2104 491 2130 καὶ
509 2104 590 2140 Σιγὴν
605 2105 732 2140 ὀνομάζει
747 2105 793 2131 καὶ
806 2105 882 2140 Ἀλή-

939 2104 1031 2140 Sigeo.
1052 2109 1079 2132 et
1101 2104 1250 2132 Veritatem
1280 2105 1407 2140 appellat.
1436 2105 1477 2132 Ab
1497 2105 1548 2132 hac
1573 2105 1722 2132 secundam

100 2149 183 2176 θειαν.
199 2151 261 2176 Ἀπ’
276 2151 359 2186 αὐτῆς
375 2149 403 2176 δὲ
418 2148 487 2176 εἶναι
503 2149 552 2185 τὴν
566 2150 695 2185 δευτέραν
718 2150 822 2185 μητέρα
837 2150 885 2186 τὴν

99 2199 127 2224 ὲν
142 2197 211 2233 λήθῃ
228 2197 392 2232 γενομένην,
414 2197 448 2232 ἢν
470 2197 517 2223 καὶ
534 2195 661 2232 Ἀχαμὼθ
678 2197 725 2223 καὶ
741 2196 821 2228 αὐτὸς
836 2205 885 2223 κα-

98 2243 155 2269 λεῖ*
172 2243 202 2275 ἐξ
215 2243 248 2278 ἦς
261 2242 352 2269 λοιπὸν
375 2242 409 2269 τὰ
426 2243 514 2269 πάντα
527 2243 556 2268 ὲν
571 2242 739 2277 ὑστερήματι
755 2241 883 2276 κατέστη.

100 2287 226 2314 Βούλεται
242 2288 270 2315 δὲ
284 2288 393 2314 πλείονα
407 2288 461 2314 τῶν
473 2287 526 2323 πρὸ
537 2287 619 2314 αὑτοῦ
631 2287 678 2314 καὶ
691 2283 768 2318 οὗτος
783 2287 883 2321 λέγειν,

99 2334 179 2360 ἃτινά
194 2334 251 2360 ἐστι
269 2334 346 2360 τάδε·
371 2334 440 2366 Τοὺς
454 2333 637 2365 τελευτῶντας
656 2333 703 2359 ἀπ’
719 2332 817 2366 αὐτῶν,
838 2333 885 2359 καὶ

99 2381 145 2415 ξπὶ
160 2380 245 2415 αὐτὴν
257 2380 306 2416 τὴν
328 2380 415 2413 ἔξοδον
431 2380 598 2414 φθάνοντας,
619 2379 674 2406 ἀπὸ
688 2379 735 2405 τοῦ
756 2387 885 2414 προειρη-

101 2426 181 2462 μένου
200 2426 313 2462 Μάρκου
329 2426 379 2458 τὰς
392 2426 541 2462 προφάσεις
557 2426 674 2461 εἰληφὼς
688 2445 696 2458 ,
714 2426 805 2452 οὐκέτι
824 2426 884 2452 κατ’

99 2473 201 2498 ἐκεῖνον
222 2471 367 2507 ὶιυτροῦται
380 2492 387 2502 .
406 2471 473 2498 ἀλλὰ
501 2472 587 2504 ἄλλως
601 2468 678 2503 οὗτος
697 2471 884 2507 μεταχειρίζε-

98 2527 142 2546 ται
154 2539 161 2550 ,
178 2518 359 2554 λυτρούμενος
375 2518 453 2553 δῆθεν
472 2519 526 2554 (4⁵2)
544 2519 612 2554 πρὸς
635 2520 668 2554 τῇ
691 2518 801 2553 τελευτῇ
822 2518 884 2549 τοὺς

99 2565 144 2591 ὑπ’
170 2563 252 2590 αὑτοῦ
277 2564 474 2599 ἀπατηθέντας.
499 2564 565 2590 Ποτὲ
581 2564 635 2599 γάρ
650 2572 720 2596 τινες
736 2563 764 2596 ἐξ
781 2563 882 2595 αὐτῶν,

99 2610 187 2637 ἔλαιον
204 2609 280 2637 ὕδατι
303 2610 444 2646 μίξαντες,
466 2610 642 2637 ἐπιϐάλλουσι
661 2611 694 2639 τῇ
713 2609 816 2645 κεφαλῇ
834 2609 881 2636 τοῦ

936 2155 1069 2183 matrem,
1093 2159 1154 2186 quae
1183 2151 1210 2178 in
1229 2151 1366 2178 oblivione
1387 2151 1475 2186 posita
1502 2156 1561 2183 est.
1589 2151 1724 2186 originem

936 2197 1064 2228 traxisse.
1076 2205 1157 2232 quam
1172 2197 1323 2224 Achamoth
1338 2197 1449 2232 perinde
1467 2201 1495 2224 ut
1509 2197 1555 2223 alii
1572 2201 1722 2232 nuncupat,

935 2249 950 2269 a
966 2250 1018 2276 qua
1038 2243 1166 2277 deinceps
1195 2243 1221 2270 in
1246 2243 1352 2271 defectu
1370 2243 1520 2270 constituta
1535 2246 1598 2270 sunt
1619 2243 1722 2270 omnia.

938 2287 988 2314 Sed
1005 2288 1123 2323 amplius
1141 2288 1270 2323 quiddam
1298 2296 1378 2323 quam
1401 2288 1556 2322 superiores
1575 2295 1670 2315 omnes
1695 2287 1723 2314 in

937 2334 1065 2368 opinione
1084 2341 1133 2361 sua
1151 2334 1253 2369 posuit.
1283 2334 1389 2361 Etenim
1408 2334 1455 2368 qui
1469 2341 1501 2361 ex
1528 2341 1622 2360 eorum
1641 2341 1725 2368 grege

937 2379 1062 2407 morituri
1088 2384 1162 2412 sunt,
1184 2376 1358 2408 occasionem
1383 2384 1481 2407 nactus
1504 2387 1518 2406 a
1541 2379 1646 2412 Marco,
1667 2388 1722 2407 non

936 2426 1030 2454 eodem
1049 2432 1140 2454 tamen
1166 2434 1221 2462 quo
1250 2426 1302 2454 istc
1330 2426 1411 2453 modo
1437 2427 1561 2460 redimit;
1579 2426 1626 2454 sed
1642 2426 1723 2454 aliam

936 2472 1082 2507 quamdam
1101 2471 1238 2506 ejusmodi
1259 2471 1286 2498 in
1305 2471 1422 2500 salutem
1451 2471 1608 2499 vindicandi
1636 2472 1723 2499 ratio-

937 2525 999 2544 nem
1031 2517 1168 2544 observat.
1197 2517 1267 2544 Sunt
1299 2517 1372 2544 enim
1394 2524 1427 2543 ex
1456 2517 1523 2551 ipsis
1550 2517 1645 2552 aliqui,
1674 2517 1723 2552 qui

936 2563 1025 2590 oleum
1040 2571 1110 2598 aqua
1125 2567 1303 2598 temperatum
1315 2563 1398 2598 capiti
1408 2563 1549 2591 morientis
1556 2568 1720 2598 aspergunt;

936 2614 1104 2645 unguentum
1136 2609 1192 2643 alii,
1223 2610 1297 2645 quod
1325 2610 1530 2645 opobalsamum
1560 2614 1666 2643 vocant,
1695 2613 1720 2637 et

135 2711 145 2727 ‘
156 2711 332 2747 Transposita
347 2711 398 2739 ista
410 2717 482 2740 sunt.
501 2710 571 2747 Lege
584 2713 687 2748 χεῖρας.
701 2712 746 2739 τὸν
759 2712 786 2739 δὲ
798 2711 883 2740 ἑκατὸν

936 2712 979 2748 φθ.
993 2713 1038 2740 καὶ
1050 2713 1114 2740 ποτε
1130 2714 1193 2749 μέν.

135 2821 191 2855 (Η)
211 2821 417 2855 Λυτρούμενος
437 2819 692 2858 δῆ¹1εν.Λύτρωσις
711 2822 754 2850 illa
773 2822 883 2858 baptisu‘

941 2826 999 2851 erat
1016 2823 1055 2854 ei;
1071 2821 1204 2858 λυτρωσιν
1219 2823 1370 2859 ἁμαρτιῶν.
