1952 3045
99 106 152 133 657

436 108 620 137 ADVERSUS
632 110 803 138 HERESES
822 111 884 139 LIB.

945 112 1023 140 TOM.
1042 113 1123 141 lll.—
1137 113 1271 142 ΠᾹΞΒΕΒ.
1294 114 1410 143 XXXVI.

1669 118 1722 147 6:8

98 161 139 188 ἑτι
153 162 192 193 εις
206 160 284 197 δεῦρο
298 164 475 199 γεννωμένων
493 166 556 201 παρ’
572 167 664 199 αὐτοῖς
680 168 727 194 καὶ
742 169 888 203 ἐπιφυομέ-

945 176 956 196 a
972 173 1046 197 tanta
1059 171 1212 198 temeritate
1222 171 1373 205 deterreat;
1391 171 1437 199 scd
1449 180 1618 206 quaecunque
1634 177 1722 208 potest

98 215 152 233 νων
163 208 187 233 οἱ
202 208 263 234 καθ’
280 209 386 245 ἡμέραν
402 211 558 246 εὑρίσκουσί
573 221 600 239 τι
616 214 710 241 καινὸν
725 215 823 247 εὶπεῖν,
840 216 887 242 καὶ

99 255 234 289 φαντάσαι
249 256 312 288 τοὺς
329 258 526 292 ἐπαγομένους,
541 259 659 294 χαλεπόν
673 261 730 287 ἐστι
745 261 833 288 πάντα
852 261 888 288 τὰ

99 301 201 328 τούτων
219 301 363 338 ζητῆσαιῆ
378 303 505 335 ἐξειπεῖν.
521 305 602 332 Ὅθεν
617 306 821 342 ἀρκεσθήσομαι
838 307 889 333 πά-

100 346 141 372 λιν
159 348 214 379 τοῖς
231 348 277 374 καὶ
300 349 364 384 περὶ
383 349 484 385 ταύτης
498 350 548 385 τῆς
568 351 700 387 αἱρέσεως
717 352 887 387 εἰρημένοις,

102 392 180 418 ἅτινα
203 392 249 418 καὶ
268 393 307 424 εἰς
328 394 401 428 ἡμᾶς
415 392 496 429 ἦλθεν
514 385 661 428 ὑποδεῗξαιῖ
684 396 714 422 Ἦ
731 385 758 421 δὲ
771 385 887 432 ’τοιαύτη

101 436 257 464 διδασκαλία
270 438 321 464 τίνι
333 439 382 465 οὐκ
399 439 431 465 ἂν
446 440 534 476 σαφὴς
546 441 600 476 εἴη,
615 442 652 474 ὡς
670 441 755 477 μῦθός
769 443 826 469 ἐστι
841 443 888 469 καὶ

101 482 183 518 χλεύη
205 483 235 509 τὸ
253 484 323 515 πᾶν;
339 484 424 511 Πόθεν
441 486 512 521 γὰρ,
537 483 560 512 ὧ
587 485 664 519 οὗτος
687 489 718 514 σὺ
730 509 736 520 ,
752 488 768 523 ἢ
790 489 816 514 οἱ
838 489 889 523 πρὸ

103 527 161 559 σοῦ,
177 528 206 554 τὸ
221 528 300 564 σῶμα
321 529 448 565 εἰλήφατε
460 539 467 563 ;
481 531 530 566 τὴν
544 532 571 558 δὲ
587 532 676 568 ψυχὴν
691 533 786 566 πόθεν;
803 534 848 560 τὸν
861 534 889 560 δὲ

102 573 236 600 tamam
253 583 298 600 σου
314 575 455 611 ἄνθρωπον
479 577 578 610 πόθεν;
597 579 652 606 Καὶ
667 580 690 606 εξ
715 580 764 614 μὲν
787 580 889 607 ἄνωθεν

102 620 157 646 ἀπὸ
173 620 218 646 τοῦ
233 620 289 647 ἄνω
305 622 499 656 πνευματικοῦ,
510 622 548 655 ὡς
561 623 648 658 λέγεις
661 625 888 661 δραματουργῶν,

102 665 149 691 καὶ
165 665 314 701 ἐπαγγελίᾳ
329 663 435 698 ἐλπίδος
447 668 595 702 κεπερώσας
612 670 674 702 τοὺς
689 671 740 697 ὑπὸ
758 671 804 697 σοῦ
823 672 891 706 ἡπα-

101 711 246 746 τημένους,
263 711 305 737 ἵνα
318 711 410 747 σκοπῷ
425 721 477 738 τινι
493 714 656 749 ἐπαρθέντες
670 715 826 752 ὐποσὺρωσι
836 717 844 731 ¹
856 718 888 752 τῇ

103 758 136 791 σῇ
155 756 356 792 γεγοητευμένῃ
372 757 578 794 δραματουργία
590 768 596 774 ·
615 759 686 793 λέγε,
707 760 748 792 τίς
765 762 780 796 ἡ
796 770 890 787 κοινω-

102 802 146 828 νία
167 802 212 828 τοῦ
229 802 284 828 ἄνω
304 802 488 837 πνευματικοῦ
507 804 573 838 πρὸς
591 804 619 830 τὸ
634 805 746 838 ὑλικὸν;
765 807 806 838 τίς
822 806 849 832 δὲ
872 807 888 841 ἠ

101 847 149 872 τοῦ
171 846 263 873 ὑλικοῦ
286 848 354 882 πρὸς
374 848 404 874 τὺ
418 847 548 883 ψυχικόν;
571 849 628 881 πῶς
643 850 670 875 δὲ
685 850 698 876 ’5
721 851 890 886 Δημιουργὸς
906 843 926 869 Β

102 892 136 918 τὰ
153 893 190 927 μὴ
207 893 302 919 ἑαυτοῦ
320 893 511 929 ὲδημιούργει;
528 894 586 926 πῶς
606 895 634 920 δὲ
650 896 664 921 ὁ
687 895 742 922 ἄνω
759 897 805 932 τὴν
825 898 889 932 παρ’

103 938 186 964 αὐτοῦ
209 938 321 973 δύναμιν
347 940 535 974 πνευματικὴν
560 941 680 976 παρέσχε
696 942 735 976 τῷ
752 942 788 977 μὴ
803 942 892 974 καλῶς

104 983 282 1019 ἐργασαμένῳ
306 984 484 1020 Δημιουργῷ;
507 985 591 1011 Πόθεν
615 985 643 1011 δὲ
675 987 689 1013 ὁ
712 987 891 1022 Δημιουργὸς,

103 1029 236 1064 ἀναμίξας
252 1029 281 1055 τὸ
306 1029 402 1056 ἑαυτοῦ
421 1030 536 1065 ψυχικὸν
559 1031 627 1066 μετὰ
651 1031 698 1059 τοῦ
724 1032 835 1065 ὑλικοῦ,
858 1034 891 1068 τῇ

104 1075 153 1110 ὓὶῃ
171 1075 269 1109 μᾶλλον
283 1074 414 1109 ἠθέλησεν
429 1075 613 1111 ὲγκαταδῆσαι
630 1075 680 1111 τὴν
694 1077 789 1103 ἑαυτοῦ
812 1077 892 1104 δύνα-

106 1129 168 1156 μινς
182 1121 213 1146 Εἰ
222 1121 250 1147 δὲ
263 1120 311 1156 την
325 1120 421 1147 ἑαυτοῦ
433 1120 547 1156 δύναμιν
560 1121 682 1156 βούλεται
698 1122 889 1157 ἑγκαταμίξαι,

104 1167 154 1193 οὐκ
184 1167 238 1202 ἄρα
262 1166 421 1201 ἀλλοτρίαή
444 1165 504 1202 ὗλη.
524 1166 554 1192 Εἰ
583 1167 612 1192 δὲ
642 1167 689 1194 καὶ
718 1167 790 1194 ἐστιν
815 1167 893 1193 ἀλλο-

104 1212 178 1247 τρΞα,
192 1212 233 1244 τίς
248 1212 320 1247 αὐτῷ
333 1212 384 1247 τῆς
399 1212 464 1247 ὕλης
481 1213 600 1248 παρέσχε
617 1214 665 1249 τὴν
682 1215 821 1247 Ego-astam;
839 1214 894 1240 Καὶ

105 1258 213 1293 πρῶτον
234 1257 296 1291 λέγε
318 1267 381 1293 μοι,
400 1255 422 1285 ὦ
444 1259 570 1285 ἀπατεὼν
583 1280 590 1292 ,
607 1260 721 1295 πότερον
740 1260 825 1295 μισῶν
845 1260 893 1296 τὴν

105 1303 194 1340 ψυχὴν
211 1305 358 1340 κατέδησεν
375 1305 457 1341 αὐτὴν
474 1307 506 1340 τῇ
524 1304 585 1341 ὕλῃ,
600 1305 616 1340 ἢ
634 1305 737 1339 ἀγνοῶν
754 1305 784 1331 τὸ
802 1305 895 1340 ἐσόμε-

106 1359 160 1377 νον.
179 1350 248 1377 Ἀλλ’
266 1349 335 1384 οἶδα,
358 1352 399 1377 ὅτι
425 1351 563 1386 οὐδέτερον
588 1351 689 1376 τούτων
711 1351 792 1386 ἐρεῖς.
809 1351 894 1386 ’Ύλην

107 1396 161 1432 γὰρ
177 1397 207 1423 οὐ
224 1397 338 1432 λέγομεν
351 1397 381 1423 τὺ
398 1397 492 1432 σῶμα,
510 1397 547 1432 μὴ
565 1397 690 1430 γένοιτοι
708 1397 768 1422 οὐδὲ
785 1396 834 1428 τὰς
848 1396 894 1422 τοῦ

107 1442 175 1468 θεοῦ
191 1443 303 1474 κτίσεις.
331 1443 411 1469 Ἀλλὰ
432 1443 499 1478 ὕλην
513 1443 575 1469 τινὰ
593 1440 662 1470 οἶδεν
679 1444 694 1477 ἠ
718 1443 811 1478 Γραφὴ
827 1443 896 1477 μετὰ

105 1489 207 1523 ταύτην
223 1488 271 1524 τὴν
287 1489 401 1524 φαύλην,
417 1490 456 1520 εἰς
469 1489 497 1515 δὲ
511 1488 684 1520 κατασκευὰς
698 1489 799 1526 ἑκάστῃ
813 1489 895 1526 τέχνῃ

108 1535 155 1561 καὶ
171 1535 303 1570 ἐργασίας
319 1536 486 1571 προκειμένη
497 1536 519 1567 ¹,
537 1535 620 1571 ἄλλην
632 1535 702 1568 τινὰ,
718 1535 788 1569 λέγω
799 1535 830 1571 δὴ
845 1535 894 1571 τὴν

106 1582 139 1608 ὲκ
155 1581 272 1613 διανοίας
291 1581 427 1617 φυομένην
454 1581 580 1617 ῥυπαρὰν
596 1581 754 1616 ενῡὺμησιν,
770 1583 817 1608 κοιλ¹
831 1581 894 1617 βορ-

107 1627 234 1663 ϐοριῦδεις
254 1627 399 1662 λογισμοὺς
421 1628 472 1661 τῆς
493 1628 638 1663 ἁμαρτίας.
655 1628 767 1654 Φύονται
790 1629 843 1664 γὰρ
857 1629 895 1660 ὡς

107 1675 161 1701 ἀπὸ
177 1674 263 1710 πηλοῦ
283 1675 446 1710 δυσοδμίας³
467 1684 497 1701 τε
519 1676 565 1702 καὶ
586 1675 737 1711 ἀκάθαρτος
759 1675 894 1710 ἀποφορὰ,

106 1721 241 1756 λοιμώδης
262 1730 291 1747 τε
311 1721 357 1747 καὶ
369 1720 552 1757 βορϐορώδης·
568 1721 605 1752 ὡς
620 1722 633 1747 ὁ
649 1721 783 1756 μακάριος
800 1721 892 1754 Δαωδ,

107 1766 271 1802 διωκόμενος
291 1767 337 1792 καὶ
358 1766 566 1801 διαϐαλλόμενος
589 1765 661 1802 [ὡς]
689 1767 740 1792 ὑπὸ
769 1767 894 1802 πονηρῶν

107 1814 156 1840 ἀ.νο
163 1813 271 1849 ρώπων,
279 1813 370 1847 ἔλεγεν
380 1822 385 1829 ·
395 1812 559 1847 Ἐνεπιὶγιιν
566 1814 608 1844 εὶς
616 1813 627 1827 δ
636 1812 715 1846 ὓλην
726 1812 894 1847 (45)βυθοῦ,

109 1860 157 1885 mi.
170 1858 204 1886 τὰ
220 1858 293 1893 ἑξῆς.

940 215 1050 250 impune
1065 216 1332 244 comminiscitur-Ac
1347 225 1407 244 cum
1424 218 1449 244 in
1463 217 1622 246 hodiernum
1637 227 1723 254 usque

939 261 1011 288 diem
1026 262 1059 288 ab
1078 262 1132 289 illis
1141 263 1225 289 multa
1241 263 1422 297 proferantur,
1441 268 1644 299 nascanturque
1658 272 1722 300 por-

939 311 1025 339 tenta,
1041 307 1088 342 qui
1110 308 1231 342 quotidie
1246 309 1306 334 novi
1316 309 1415 343 aliquid
1429 309 1461 335 ad
1471 309 1625 337 illudendos
1634 310 1722 337 homi-

940 361 988 381 nes
1006 353 1177 388 contingunt,
1199 353 1307 380 dillicile
1336 357 1377 381 est
1408 355 1540 382 extricare
1565 355 1667 387 omnia,
1680 356 1721 382 vel

940 399 1064 426 oratione
1101 399 1255 432 complecti.
1291 400 1379 432 Quare
1403 408 1463 434 qua:
1491 401 1523 428 de
1550 402 1600 428 hac
1625 401 1721 429 haeresi

940 444 1078 479 disputata
1095 449 1169 477 sunt,
1192 446 1226 472 iis
1241 447 1361 472 contenti
1382 453 1443 472 esse
1457 446 1598 477 debemus.
1617 454 1676 481 qum
1688 447 1722 474 ad

940 494 1061 516 nostram
1096 491 1254 517 memoriam
1298 496 1491 525 pervenerunt.
1528 492 1616 526 Atque
1653 493 1723 520 hanc.

940 542 1047 561 omnem
1068 534 1173 561 illorum
1201 535 1352 561 doctrinam
1383 536 1445 570 quis
1468 544 1521 562 non
1551 543 1640 562 meras
1661 543 1722 563 esse

940 580 1045 608 fabulas
1064 589 1096 608 ac
1108 581 1224 608 ludibria
1241 581 1403 616 perspiciat?
1414 581 1485 608 Cedo
1496 582 1580 612 enim,
1592 582 1658 609 heus
1674 582 1721 608 tu!

940 627 1111 661 majoresque
1141 627 1197 658 tui,
1229 627 1302 653 unde
1337 635 1437 661 corpus
1462 627 1626 661 accepistis?
1653 627 1724 654 unde

941 670 1074 696 animam?
1095 671 1166 697 unde
1193 671 1350 698 interiorem
1379 672 1452 698 illuxit
1483 671 1639 698 hominem?
1658 671 1685 698 Si
1709 679 1725 699 ει

942 716 1081 750 superiore
1110 717 1156 743 illo
1186 717 1280 744 nescio
1307 725 1360 751 quo
1386 725 1418 743 ac
1444 718 1558 752 spiritali
1579 717 1678 744 habere
1699 722 1726 744 te

942 761 1053 793 dixeris,
1070 770 1117 796 pro
1130 770 1162 788 eo
1183 770 1213 788 ac
1234 763 1342 789 mentiri
1359 763 1440 793 soles,
1458 767 1484 789 et
1501 762 1556 796 spei
1580 763 1723 796 cujusdam

941 807 1098 835 ostensione
1119 808 1214 835 illusos
1228 815 1242 833 a
1256 813 1281 833 te
1294 808 1420 834 homines
1444 807 1539 834 inﬂare
1550 827 1556 839 ,
1584 815 1636 841 quo
1650 807 1726 841 ejus‘

941 853 1013 879 modi
1039 853 1177 887 proposito
1188 853 1239 880 sihi
1255 860 1337 887 scopo
1365 858 1426 879 tuas
1447 853 1478 879 ad
1495 853 1648 887 prwstigias
1661 862 1726 887 pro-

941 898 1092 932 lectentur;
1107 899 1297 930 dic,obsecro,
1313 907 1372 933 quae
1397 899 1432 926 sit
1455 899 1574 926 ctelestis
1599 899 1672 926 illius
1695 908 1727 926 ac

941 944 1073 979 spiritalis
1091 952 1152 971 cum
1169 945 1288 971 materiae
1300 949 1428 971 concreto
1444 945 1572 975 societas,
1586 948 1631 970 aut
1644 944 1727 978 hujus

942 997 1005 1016 cum
1027 990 1155 1023 animali’;
1170 994 1216 1017 aut
1238 998 1292 1024 quo
1312 990 1420 1017 tandem
1444 995 1523 1025 pacto
1535 990 1648 1017 (lreatur
1667 997 1727 1025 quae

942 1035 976 1062 ad
992 1043 1021 1062 se
1035 1036 1206 1070 pertinebant
1231 1036 1298 1063 nihil
1318 1035 1479 1063 condiderit.
1498 1035 1553 1062 Cur
1579 1043 1725 1070 supremus

943 1081 989 1108 ille
1010 1082 1157 1116 spiritalem
1187 1089 1263 1109 suam
1289 1082 1342 1108 vim
1373 1081 1532 1113 Conditori,
1560 1082 1607 1116 qui
1638 1082 1728 1109 minus

943 1132 1017 1155 recte
1030 1128 1142 1155 molitus
1153 1132 1222 1158 erat,
1237 1128 1402 1154 attribucrit.
1430 1127 1486 1154 Cur
1506 1127 1575 1155 idem
1592 1127 1636 1154 ille
1649 1126 1723 1154 Con-

944 1174 1018 1201 ditor
1040 1175 1157 1202 animale
1182 1182 1261 1201 stium
1287 1182 1348 1201 cuiu
1382 1174 1514 1201 materiali
1544 1173 1728 1200 commisccns

945 1220 1066 1246 materne
1079 1227 1160 1254 quam
1177 1219 1293 1246 habebat
1308 1219 1362 1246 vim
1377 1219 1481 1254 illigare
1498 1219 1634 1246 maluerit.
1648 1218 1725 1251 Quod

946 1264 969 1292 si
980 1265 1032 1291 vim
1053 1265 1097 1292 ille
1112 1273 1188 1291 suam
1213 1265 1368 1292 immiSI-erc
1390 1265 1477 1299 cupit,
1493 1272 1546 1291 non
1562 1265 1614 1291 erit.
1639 1264 1728 1291 aliena

946 1311 1070 1337 materia.
1090 1310 1137 1337 Sin
1156 1316 1197 1338 est
1212 1311 1317 1342 aliena,
1348 1311 1410 1345 quis
1431 1311 1455 1338 ei
1469 1311 1515 1344 jus
1539 1310 1566 1337 in
1587 1311 1728 1336 materiam

947 1360 1162 1391 potestatemque
1179 1356 1336 1383 concessit?
1361 1355 1400 1382 Ac
1423 1356 1540 1390 primum
1571 1355 1636 1382 illud
1665 1355 1730 1382 volo

947 1403 1013 1428 mihi
1030 1402 1116 1433 dicas,
1127 1402 1269 1436 impostor,
1296 1406 1386 1428 utrum
1403 1401 1501 1427 anima:
1517 1400 1643 1428 inductus
1657 1401 1730 1430 odio.

947 1456 982 1474 an
1013 1448 1085 1482 quod
1120 1448 1240 1474 futurum
1265 1452 1323 1474 erat
1347 1447 1485 1480 ignorans.
1520 1446 1633 1472 materia
1658 1445 1731 1471 illam

947 1494 1114 1520 astrinxerit.
1132 1493 1190 1520 Non
1208 1493 1302 1520 dubito
1327 1492 1392 1527 quin
1409 1492 1504 1518 horum
1523 1499 1646 1518 asserere
1664 1499 1731 1518 neti-

947 1543 1016 1565 truni
1030 1537 1139 1565 audeas.
1153 1537 1251 1565 Procul
1277 1537 1348 1564 enim
1365 1536 1444 1569 absit,
1463 1536 1602 1563 materiam
1619 1540 1645 1562 ut
1663 1544 1727 1563 cor-

947 1592 996 1618 pus
1013 1583 1188 1618 appellemus,
1202 1586 1247 1609 aut
1263 1590 1306 1610 res
1326 1590 1340 1608 a
1360 1581 1413 1609 Deo
1439 1582 1574 1609 conditas.
1593 1581 1645 1608 Sed
1663 1581 1731 1608 alte-

946 1629 1004 1656 rius
1027 1628 1170 1662 cujusdam
1197 1628 1319 1654 materiae
1348 1628 1490 1662 Scriptura
1520 1627 1644 1654 meminit
1671 1631 1733 1661 post

946 1674 1026 1707 vilem
1041 1673 1110 1699 hanc
1122 1677 1147 1699 et
1168 1673 1314 1707 ahjectam,
1329 1681 1390 1707 quae
1406 1673 1518 1700 cuilibet
1534 1672 1587 1698 arti
1602 1673 1734 1707 operique

947 1721 1119 1755 proponitur.
1131 1718 1293 1753 Cujusmodi
1308 1725 1349 1746 est
1361 1720 1415 1751 ille,
1426 1719 1472 1754 qui
1486 1727 1517 1746 cx
1530 1719 1622 1746 animo
1643 1719 1733 1754 pullu-

948 1767 997 1798 lat,
1017 1766 1175 1800 inquinatus
1196 1765 1279 1792 animi
1304 1770 1405 1795 tnotus.
1425 1773 1457 1792 ac
1473 1765 1613 1792 lutulentae
1627 1765 1734 1800 peccati

947 1812 1140 1847 cogitationes:
1180 1819 1240 1845 quae
1264 1819 1298 1838 ex
1326 1811 1488 1838 fetidissimo
1530 1818 1628 1844 emno,
1660 1810 1735 1837 velut

946 1858 1102 1886 teterriiuus
1138 1864 1221 1892 vapor
1251 1865 1282 1884 ac
1307 1857 1437 1892 pestilens
1459 1857 1584 1892 spiritus,
1615 1856 1733 1883 exhalat.

109 1906 196 1938 Quam
209 1905 244 1932 ob
261 1912 372 1933 causam
401 1905 497 1932 beatus
528 1904 573 1931 ille
597 1903 692 1935 David,
715 1910 776 1930 cum
796 1910 858 1930 eum
887 1904 1069 1931 conscelerati
1100 1903 1225 1930 homines
1258 1906 1490 1938 persequerentur
1527 1909 1559 1929 ac
1590 1901 1735 1929 calumniis

110 1952 294 1983 incesserent,
323 1951 426 1986 Inﬁma
441 1959 509 1982 sum,
534 1950 632 1985 inquit,
647 1950 673 1976 in
686 1952 797 1976 materia
809 1950 935 1984 profundi
946 1951 968 1984 ⁵,
979 1955 1033 1978 etc.

145 1999 183 2025 E’.
211 1997 318 2032 Ἐπειδὴ
337 1997 366 2024 δέ
391 2005 431 2023 σοι
454 1997 534 2027 δοκεῖ,
544 1996 708 2031 Ἡρακλέων,
725 1996 804 2022 τοῦτο
817 1996 894 2030 λέγε-

111 2044 173 2070 σῢαι
197 2043 272 2078 ὓλην,
287 2042 340 2068 τῶν
365 2041 513 2078 ἀνθρώπων
531 2041 563 2068 τὰ
582 2041 704 2077 σώματα,
720 2042 766 2068 καὶ
781 2042 826 2068 τὸν
849 2044 893 2068 ὲν-

111 2090 174 2117 οάδε
200 2089 300 2124 κόσμον
327 2089 447 2115 ἅπαντα·
466 2089 512 2114 ὲπὶ
533 2089 601 2123 ποίῳ
616 2088 708 2122 σκοπῷ
723 2088 772 2123 τὴν
797 2088 894 2115 ἑαυτοῦ

110 2136 200 2170 ψυχὴν
215 2136 228 2162 ὁ
243 2134 411 2171 Δημιουργδς
427 2135 459 2169 τῇ
484 2134 534 2170 ὕλῃ
547 2134 738 2169 ὲγκατέμιξεν;
754 2134 785 2160 Εἰ
806 2135 854 2169 μὲν
865 2134 895 2160 τὸ

111 2182 229 2216 πονηρὸν
246 2181 360 2215 ἀγνοῶν,
376 2181 406 2207 οὐ
421 2180 532 2206 δύναται
546 2179 720 2215 δημιουργεῖν
738 2180 752 2206 ὁ
767 2179 804 2214 μὴ
817 2179 897 2213 γινώ-

113 2235 185 2254 σκων
204 2227 218 2253 ὃ
236 2226 357 2262 βούλεται
379 2225 592 2262 δημιουργῆσαι.
609 2225 676 2252 Οὔτε
693 2225 747 2261 γὰρ
771 2226 851 2260 ἡμεῖς
871 2233 896 2252 τι

112 2274 268 2309 πράττομεν
294 2273 353 2299 καθ’
369 2273 488 2307 ἑκάστην
514 2272 612 2306 τέχνην
626 2271 813 2306 ἐργαζόμενοι,
829 2271 896 2306 ὅπερ

112 2318 142 2344 οὐ
167 2317 290 2353 νοοῦμεν.
316 2318 371 2344 Καὶ
394 2316 636 2352 προενουμούμεοα
651 2316 703 2351 γὰρ
728 2315 742 2342 ὃ
766 2316 898 2343 ἐπιτελεῖν

113 2364 276 2400 βουλόμεθα,
291 2365 339 2391 καὶ
361 2364 471 2398 οἴδαμεν
488 2364 552 2399 πρὶν
574 2363 684 2397 ποιῆσαι
708 2362 722 2388 ὃ
744 2362 898 2389 ἐπιτελέσαι

114 2411 304 2447 προῃρήμεθα.
320 2410 415 2437 Καίτοι
438 2418 470 2444 γε
492 2410 571 2445 ἡμεῖς
596 2408 719 2440 ἀσοενεῖς
743 2408 829 2439 ὄντες,
852 2408 898 2434 καὶ

114 2457 200 2484 πολλὰ
213 2456 370 2488 ἀποδέοντες
387 2456 436 2491 τῆς
446 2455 492 2482 τοῦ
506 2455 573 2481 Θεοῦ
586 2455 724 2490 δυνάμεως
736 2463 742 2469 ·
757 2454 800 2480 διὰ
809 2453 837 2480 δὲ
848 2454 897 2489 τῆς

114 2503 160 2529 ὑπ’
179 2501 260 2528 αὑτοῦ
278 2502 476 2537 κεχαρισμένης
498 2500 630 2531 συνέσεως
655 2501 710 2531 τοῖς
732 2499 894 2535 ἀνθρώποις,

113 2549 224 2584 οἴδαμεν
245 2549 291 2575 καὶ
316 2548 438 2583 νοοῦμεν.
465 2547 625 2582 Συμῦἐϐηκε
650 2547 678 2573 δέ
698 2555 750 2578 σοι,
776 2543 798 2572 ὦ
818 2545 900 2580 Ἥρα-

114 2595 211 2626 κλέων,
227 2596 243 2630 ἡ
263 2595 295 2621 ὲκ
311 2594 377 2621 Θεοῦ
402 2593 508 2624 σύνεσις
530 2594 570 2624 εἰς
586 2593 687 2628 βλάϐην
698 2601 705 2609 ι
719 2592 759 2618 ὅτι
778 2591 814 2627 μὴ
831 2592 901 2618 κατὰ

114 2640 180 2667 Θεὸν
195 2640 277 2675 αὐτὴν
293 2639 484 2676 πραγματεύῃ,
497 2638 565 2665 ἀλλὰ
585 2638 654 2665 κατὰ
676 2637 796 2674 πονηρὰν
808 2638 902 2672 ἐπιτή-

989 1997 1020 2024 V.
1040 1996 1140 2024 Verum
1166 1996 1400 2032 quandoquidem,
1428 2003 1444 2022 ο
1471 1994 1623 2028 Heracleo,
1646 1994 1735 2030 placet

947 2043 997 2070 tibi
1025 2043 1166 2069 materiam
1186 2043 1327 2069 hominum
1353 2049 1415 2070 esse
1438 2048 1569 2076 corpora,
1596 2046 1736 2075 totumque

948 2089 1020 2116 istud
1045 2089 1202 2116 universum
1221 2098 1226 2115 :
1245 2096 1337 2123 quiero
1356 2089 1404 2115 ahs
1425 2092 1451 2115 te
1477 2088 1577 2122 quibus
1596 2087 1629 2114 de
1645 2087 1736 2114 causis

949 2135 1030 2170 266
1051 2136 1168 2162 animam
1190 2142 1267 2161 suam
1296 2134 1417 2162 materize
1443 2134 1556 2161 Creator
1580 2133 1734 2160 inseruerit.

950 2180 979 2208 Si
997 2181 1097 2207 malum
1111 2181 1245 2215 ignoravit
1259 2200 1265 2212 ,
1278 2181 1323 2215 qui
1339 2180 1411 2214 quod
1429 2179 1517 2207 moliri
1540 2179 1596 2206 vult
1613 2179 1737 2214 ignorat,

949 2225 1053 2253 ellicere
1077 2227 1189 2253 omnino
1214 2226 1281 2252 nihil
1307 2229 1406 2260 potest.
1427 2225 1519 2260 Neque
1542 2225 1614 2252 enim
1634 2232 1683 2251 nos
1708 2224 1736 2251 in

949 2272 1064 2307 singulis
1083 2273 1188 2299 artibus
1208 2273 1336 2298 molimur
1359 2271 1515 2306 quidpiam,
1532 2270 1604 2305 quod
1623 2278 1675 2297 non
1693 2270 1736 2296 iii-

950 2318 1107 2353 telligimus.
1131 2317 1268 2353 Quidquid
1289 2322 1379 2345 autem
1398 2317 1529 2352 perﬂet-re
1549 2317 1691 2348 volumus,
1708 2315 1737 2342 id

950 2363 996 2390 diu
1018 2369 1080 2390 ante
1108 2363 1274 2390 mcdilanmr
1296 2367 1323 2390 et
1346 2364 1418 2398 quod
1443 2362 1595 2390 iaciendum
1613 2362 1737 2396 suscepi-

951 2418 1023 2442 mus,
1037 2410 1128 2436 animo
1142 2414 1204 2437 ante
1215 2414 1241 2436 et
1256 2410 1412 2444 cognitione
1426 2409 1640 2444 complectimur.
1653 2407 1737 2442 Atqui

949 2455 1098 2482 imbecilles
1115 2455 1166 2489 ipsi
1187 2462 1297 2487 sumus,
1311 2459 1338 2481 et
1354 2454 1433 2488 longe
1449 2461 1464 2480 a
1482 2453 1572 2481 divina
1604 2457 1739 2489 potestate

949 2500 1102 2533 vincimur;
1129 2503 1156 2526 et
1183 2504 1272 2526 tamen
1294 2507 1342 2534 pro
1360 2499 1441 2526 insita
1466 2499 1500 2526 ab
1519 2499 1565 2526 illo
1583 2499 1674 2534 generi
1690 2499 1737 2526 bu-

950 2551 1031 2572 mano
1043 2545 1152 2572 solertia
1169 2545 1295 2572 novimus
1314 2544 1387 2572 istud
1405 2548 1432 2571 et
1449 2548 1537 2571 riterite
1560 2544 1736 2579 percipimus.

951 2590 1011 2618 Tibi
1028 2595 1118 2618 autem
1129 2591 1270 2622 nimirum,
1291 2590 1438 2622 Heracleo,
1456 2597 1588 2617 concessa
1605 2589 1649 2616 illa
1666 2589 1736 2616 divi-

953 2637 1027 2664 nitus
1038 2637 1215 2672 intelligentia
1229 2636 1317 2663 fraudi
1333 2636 1394 2668 fuit,
1406 2635 1478 2672 quod
1495 2644 1549 2663 non
1562 2643 1596 2664 ex
1608 2635 1653 2662 Dei
1668 2643 1738 2670 prae-

153 2720 161 2734 ‘
177 2718 253 2746 (ἴοι-ι’.
266 2717 431 2754 ὑποσυριῖηι.
469 2718 479 2732 ²
489 2715 565 2743 Corr.
581 2715 772 2751 προκειμένην.
811 2714 820 2730 ³
830 2713 859 2741 F.
873 2714 892 2740 δτ

945 2713 1011 2748 ῑμία.
1051 2713 1062 2729 ⁸
1075 2713 1143 2741 LXX
1162 2713 1218 2740 ἰλύν
1233 2713 1412 2749 scripserunt.
1447 2714 1458 2730 '
1475 2713 1548 2742 Psal.
1563 2721 1658 2744 uvm,
1673 2713 1696 2741 5.

166 2810 211 2843 L'i)
236 2809 403 2844 Ἑνεπάγην
424 2808 467 2841 εις
489 2807 578 2842 ὕλην.
596 2807 700 2835 Vitio-0
720 2805 814 2835 codice
835 2813 892 2834 usu:

945 2809 964 2834 it
979 2805 1111 2842 Epiphan.
1131 2804 1198 2834 Nam
1221 2806 1288 2843 ὕλην
1306 2806 1378 2834 haud
1399 2805 1482 2835 dubie
1507 2810 1636 2840 corrupm
1685 2808 1737 2836 pro

120 2845 188 2873 ιλιίν.
