1952 3045
197 98 249 127 639

913 99 942 127 S.
959 99 1128 128 EPIPHANII

1763 97 1815 125 διο

197 157 318 190 scripto,
336 155 382 183 sed
401 162 435 182 ex
453 155 573 190 pessimo
588 155 670 182 animi
689 156 728 183 tui
749 155 841 183 studio
857 163 984 183 exercere

1039 157 1197 185 5ευσιν.Ἕτι
1218 157 1246 183 δὲ
1267 156 1347 183 πάλιν
1364 155 1428 191 ἐρῶ,
1446 156 1527 183 πόθεν
1543 156 1560 191 ή
1572 154 1618 182 τοῦ
1631 155 1814 190 πνευματικοῦ

197 201 270 228 illam
293 201 462 229 institueris!
487 201 543 229 lloc
566 210 649 229 unum
673 202 787 237 insuper
810 202 889 229 velim
917 203 983 229 mihi

195 247 374 281 respondeas,
388 248 523 274 undenam
543 247 677 282 spiritalis
696 247 770 275 illius
781 268 788 280 ,
800 255 880 282 quem
895 251 923 275 tu
942 249 984 275 in-

195 292 324 319 teriorem
343 294 478 320 hominem
498 301 591 326 vocas,
610 301 672 320 cum
689 293 800 320 animali
813 301 845 321 ac
859 294 984 321 materia-

196 337 233 370 li,
251 340 309 366 sive
327 339 449 366 secundo
473 346 505 365 ac
527 339 625 371 tertio.
644 339 828 373 exteriorique
843 338 912 365 adeo
933 339 984 365 ho-

196 383 270 411 mine
286 384 436 418 conjuncti,
453 385 490 412 sil.
507 384 577 411 l'acta
593 385 742 412 concretio.
759 384 787 411 Si
803 384 836 411 de
850 391 984 419 supremae

195 429 320 461 vi:tutis,
337 429 388 456 hoc
410 435 452 457 est
472 429 596 458 Parentis
613 430 749 461 omnium,
770 438 850 464 quem
866 430 982 466 Bythum

196 474 279 500 etiam
295 482 378 502 vocas
390 495 397 504 .
413 475 554 502 voluntate
568 480 674 510 gestum
693 475 813 507 dixeris,
831 483 886 502 non
904 479 984 503 erunt

196 520 294 553 igitur,
319 524 348 546 ιιι
367 520 470 547 dictum
480 525 538 551 est,
558 525 657 548 creatae
679 521 737 548 ista:
757 521 923 556 inﬁrmaque
940 529 984 549 res

195 565 287 592 ornnis
313 573 375 592 cum
403 566 592 600 superioribus
615 567 817 594 communionis
840 571 983 602 expertes;

195 611 370 646 idipsumque
395 612 428 639 de
445 613 564 646 supremi
582 612 706 639 Parentis
723 613 854 645 consilio,
881 620 913 640 ac
929 621 985 640 cm-

196 657 263 684 litus
286 657 397 692 delapsa
423 658 469 684 illa
497 658 615 685 scintilla
642 663 864 693 consequentur;
882 659 985 693 quiest

197 701 310 729 intimus
336 703 380 730 ille
399 704 529 738 opinione
546 708 592 730 tua
619 711 650 730 ac
674 704 806 739 spiritalis
825 705 916 731 homo.
935 704 984 732 Sin

197 747 373 776 Conditorem
395 750 480 776 mavis
506 749 532 775 in
551 749 659 776 defectu
679 755 761 784 atque
782 754 902 783 egestate
917 757 984 776 con-

196 793 340 825 stitutum,
365 799 412 820 aut
432 794 492 828 ejus
512 798 646 826 matrem,
668 802 749 829 quam
764 794 914 821 Acbatnoth
936 803 985 822 no-

1035 203 1108 238 μίξις
1131 202 1170 238 τῷ
1193 202 1301 238 ψυχικῷ
1313 211 1343 229 τε
1361 202 1407 229 καὶ
1421 201 1515 236 ὑλικῷ,
1532 202 1546 228 ὃ
1561 201 1668 236 λέγεται
1684 202 1759 237 παρὰ
1773 203 1815 229 σοὶ

1033 249 1087 275 ἔσω
1108 248 1259 284 ἄνθρωπος,
1275 248 1314 284 τῷ
1329 249 1445 284 δευτέρῳ
1460 248 1506 274 καὶ
1517 247 1600 283 τρίτῳ
1616 247 1667 279 ἔξω
1680 246 1816 282 ἀνθρώπῳ

1035 295 1200 330 συνημμένῳ
1211 296 1232 327 ί,
1242 295 1312 330 φημὶ
1327 295 1359 330 δὴ
1375 294 1446 330 ψυχῇ
1462 294 1508 321 καὶ
1521 293 1641 329 σώματις
1657 292 1713 320 Καὶ
1725 295 1749 320 εἰ
1766 294 1816 328 μὲν

1034 342 1066 367 ἐκ
1081 340 1249 376 βουλήματος
1265 341 1315 375 τῆς
1328 341 1383 368 ἄνω
1397 341 1536 375 δυνάμεως
1552 340 1600 366 τοῦ
1615 339 1669 366 τῶν
1681 339 1749 366 ὅλων
1760 340 1818 365 Παρ

1033 387 1107 422 τρὸς,
1119 388 1190 422 φημὶ
1204 387 1232 413 δὲ
1248 387 1294 413 τοῦ
1313 387 1384 414 κατὰ
1401 387 1430 413 σὲ
1445 386 1541 417 Βυθοῦ,
1557 386 1611 422 ἄρα
1629 394 1661 420 γε
1678 385 1728 412 οὐκ
1741 386 1817 412 ἀκοι-

1034 431 1151 467 νώνητος
1175 434 1230 464 τοῖς
1253 432 1318 463 ἄνω,
1334 432 1371 463 ὡς
1395 432 1473 467 ἔφην,
1488 433 1505 466 ή
1523 431 1638 458 ἐνταῦθα
1661 431 1725 465 περὶ
1743 431 1816 465 ἡμᾶς

1033 476 1122 508 κτίσις
1143 476 1420 512 συγκαταμιγνυμένη
1443 476 1486 502 διὰ
1503 477 1551 510 τῆς
1571 475 1619 502 τοῦ
1638 475 1744 510 Πατρὺς
1760 475 1818 501 ἄνω

1034 520 1157 553 εὐδοκίας
1170 522 1217 548 καὶ
1227 521 1274 548 τοῦ
1287 521 1388 549 ἄνωθεν
1402 522 1466 558 παρ’
1480 521 1561 548 αὑτοῦ
1575 520 1817 556 καταπεμφθέντος

1035 567 1182 602 σπινθῆρος
1192 576 1198 582 ·
1213 568 1227 594 ὅ
1240 568 1314 594 ἐστιν
1323 569 1337 594 ὁ
1351 568 1534 603 πνευματικὸς
1547 567 1616 594 κατὰ
1639 567 1669 594 σὲ
1686 567 1733 594 καὶ
1749 567 1817 593 ὲσώ-

1033 620 1113 643 τατος
1145 612 1303 648 ἅνθρωπος·
1321 614 1344 640 εἰ
1366 613 1394 639 δὲ
1419 613 1508 647 λέγεις
1527 612 1571 639 τὸν
1588 612 1756 647 Δημιουργὸν
1770 611 1817 638 τὸν

1034 657 1063 684 ὲν
1086 657 1255 692 ὲλαττώματι
1281 657 1328 684 καὶ
1351 657 1558 693 ὑστερήματι,ἦ
1579 657 1629 691 τὴν
1654 656 1768 692 μητέρα,
1782 656 1817 691 ἣν

1033 702 1122 736 λέγεις
1140 702 1265 737 ἄχαμὼο,
1279 702 1418 738 εἰληφέναι
1434 702 1536 730 ἄνωθεν
1553 702 1676 737 δύναμιν,
1695 701 1818 728 τουτέστι

1033 748 1064 774 τὸ
1085 749 1282 783 πνευματικόν·
1308 748 1400 775 οὐκέτι
1426 749 1454 775 ὲν
1477 749 1644 784 ὑστερήματι
1659 749 1706 775 καὶ
1723 748 1819 783 ἀγνοίᾳ

1034 794 1107 820 ἐστὶν
1119 795 1133 820 ὁ
1146 795 1325 829 Δημιουργὺς,
1339 794 1400 821 οὔτε
1415 795 1431 829 ἡ
1450 794 1519 821 κατὰ
1533 794 1562 820 σὲ
1581 795 1669 829 μήτηρ
1684 794 1819 828 καλουμέ-

197 839 305 870 minas,
332 839 387 866 vim
417 840 490 866 illam
510 839 636 867 hausisse
658 840 691 866 de
709 840 792 872 cwlo,
820 840 870 866 hoc
893 839 982 874 ipsum

1039 848 1076 875 μη.
1090 839 1151 871 Πῶς
1165 839 1218 875 γὰρ
1230 839 1262 866 ἄν
1279 848 1319 871 τις
1333 840 1362 865 ὲν
1378 839 1474 874 ἀγνοίᾳ.
1491 839 1532 874 εἴη
1552 839 1656 871 τούτου,
1671 835 1701 865 οἶ)
1721 838 1820 864 ἐπιθυ-

196 884 323 911 vxdelicet
349 885 421 919 quod
449 886 572 920 spiritale
586 889 642 917 est,
659 886 784 920 sequitur
804 893 892 920 neque
910 885 982 912 Con-

196 929 331 961 ditorem,
349 938 437 964 neque
450 939 531 967 quam
553 936 581 958 tu
604 936 718 958 matrem
734 931 806 958 illius
823 939 981 966 nuncupas,

197 976 225 1002 in
240 975 345 1002 defectu
363 977 479 1010 amplius
495 977 703 1012 ignorantiaqne
715 977 828 1003 versari.
846 977 897 1009 Qui
911 977 982 1004 cnim

196 1021 324 1056 ignorare
351 1022 449 1056 aliquis
472 1027 559 1056 potest
575 1023 655 1056 cujus
681 1023 832 1058 cupiditate
856 1023 985 1049 ducitur?

1034 887 1088 920 μεῖ.
1105 886 1135 911 El
1149 885 1204 920 γὰρ
1224 885 1292 916 ὅλως
1316 884 1362 911 τοῦ
1383 885 1535 920 κρείττονος
1560 884 1696 919 ὀρέγεται,
1709 881 1762 910 οἶδε
1788 883 1820 910 τδ

1033 931 1116 958 καλὸν
1141 931 1187 957 καὶ
1207 930 1318 964 ἀγαθόν.
1336 930 1391 957 Καὶ
1415 931 1429 956 ὁ
1451 930 1482 956 τὸ
1505 929 1607 964 ἀγαθὸν
1628 929 1818 964 ἐπιστάμενος,

1035 978 1082 1004 καὶ
1106 977 1142 1013 μὴ
1164 977 1269 1012 στυγῶν
1294 977 1382 1008 τοῦτο,
1399 977 1465 1004 ἀλλὰ
1485 977 1658 1013 ὀρεγόμενος,
1674 977 1724 1003 οὐκ
1745 975 1821 1002 ἐστιν

1034 1023 1173 1059 ἀλλότριος
1183 1024 1230 1050 τοῦ
1246 1022 1369 1057 ἁγαθοῦ.”

198 1066 265 1093 Nam
291 1067 313 1094 si
338 1067 467 1099 omnino,
499 1067 571 1102 quod
590 1068 764 1102 praestantius
784 1072 825 1095 est
850 1067 1004 1100 desiderat,
1026 1069 1098 1102 quod
1116 1069 1261 1095 honestum
1283 1073 1325 1095 est
1347 1068 1503 1102 bonumque
1523 1067 1674 1102 cognoscit.
1694 1065 1746 1099 Qui
1768 1073 1820 1094 au-

196 1117 252 1139 tem
277 1117 304 1139 et
320 1112 421 1139 bonum
445 1113 600 1147 cognitione
617 1114 706 1148 capit,
724 1121 812 1148 neque
828 1113 885 1140 odit
899 1114 982 1147 illud,
1004 1114 1051 1141 sed
1070 1114 1181 1149 appetit,
1197 1121 1211 1140 a
1226 1114 1297 1141 bono
1316 1120 1487 1148 nequaquam
1504 1113 1609 1140 alienus
1625 1115 1678 1140 est.

232 1159 276 1187 Vl.
294 1160 347 1187 Sed
364 1168 398 1187 ne
418 1161 445 1187 in
463 1161 661 1196 persequendis
678 1162 825 1196 importuni
850 1162 924 1189 illius
940 1169 988 1189 ne-

197 1205 308 1233 bulonis
327 1205 471 1233 fraudibus
493 1206 597 1233 diutius
612 1207 746 1239 haeream,
764 1208 798 1235 iis
812 1215 872 1242 quae
887 1215 988 1242 propo-

199 1251 251 1278 sita
265 1254 330 1277 sunt
346 1258 395 1277 ero
411 1254 566 1279 contentus.
583 1252 650 1278 Cum
664 1253 811 1286 pnesertim
829 1252 870 1279 vel
883 1260 916 1280 ex
933 1253 986 1279 hoc

199 1304 254 1323 uno
273 1296 346 1324 illius
366 1301 531 1324 evanescant
547 1297 665 1330 somnia,
684 1297 757 1333 quod
773 1306 851 1325 nemo
866 1302 908 1325 est
922 1298 987 1334 quin

199 1345 391 1369 universorum
414 1342 558 1370 Dominum
585 1344 685 1371 bonum
711 1351 773 1372 esse
794 1345 940 1380 onmiaque
958 1348 985 1372 et

199 1386 358 1423 praevidere,
370 1394 397 1416 et
412 1389 502 1416 moliri
520 1397 601 1424 posse
619 1390 728 1420 sentiat.
742 1395 879 1425 totamque
893 1398 984 1417 rerum

199 1438 325 1461 naturam
345 1435 379 1462 ab
403 1435 449 1462 illo
464 1435 601 1462 conditam
629 1436 759 1470 praeclare
776 1437 888 1463 omnino
900 1436 983 1463 fabri-

1070 1161 1106 1188 Σ¹.
1126 1162 1182 1188 Καὶ
1202 1162 1246 1188 ῖνα
1270 1161 1306 1197 μὴ
1325 1161 1532 1196 κατατρίὸωμαι
1551 1161 1616 1196 περὶ
1630 1161 1680 1192 τὰς
1697 1159 1823 1195 μηχανὰς

1034 1207 1080 1233 τοῦ
1108 1206 1225 1243 ἀγύρτου
1249 1207 1456 1242 ἀσχολούμενος,
1479 1206 1583 1237 τούτοις
1603 1205 1821 1240 ἀρκεσθήσομαι.

1035 1254 1113 1280 Πᾶσα
1126 1253 1180 1288 γὰρ
1190 1252 1273 1279 αὐτοῦ
1287 1252 1384 1279 ἔπεσεν
1397 1253 1413 1287 ὴ
1429 1251 1548 1287 ληρῳδία
1560 1251 1614 1277 ἀπὸ
1627 1250 1674 1276 τοῦ
1687 1250 1742 1276 τῶν
1753 1250 1823 1277 πάν-

1036 1308 1089 1325 των
1100 1299 1238 1334 Δεσπότην
1252 1299 1318 1326 πᾶσι
1333 1297 1423 1332 σαφῶς
1437 1296 1633 1333 ὁμολογηθῆναι
1643 1296 1743 1330 ἀγαθὸν
1756 1296 1822 1322 ὄντα

1037 1347 1083 1374 καὶ
1098 1345 1328 1382 προγινώσκοντα,
1347 1346 1393 1372 καὶ
1406 1345 1552 1379 δυνάμενον
1568 1344 1601 1370 τὰ
1615 1344 1702 1370 πάντα
1716 1344 1803 1369 ποιεῖν
1812 1350 1820 1358 ·

1036 1392 1084 1418 καὶ
1101 1391 1139 1423 ὡς
1153 1391 1197 1418 ὑπ’
1212 1390 1293 1417 αὑτοῦ
1309 1391 1384 1417 πᾶσα
1397 1390 1475 1425 φύσις
1490 1390 1649 1426 ὑπάρχουσα
1664 1388 1758 1422 κτιστὴ
1769 1396 1822 1414 κα-

1037 1437 1091 1468 λῶς
1112 1437 1268 1471 γεγένηται.
1282 1436 1350 1462 Οὔτε
1366 1436 1420 1471 γὰρ
1433 1435 1541 1462 δυνατὸν
1562 1435 1625 1461 ἄνευ
1646 1434 1692 1460 τοῦ
1713 1432 1780 1460 Θεοῦ
1794 1442 1822 1460 τι

201 1484 290 1507 catam
301 1481 448 1508 existimet.
462 1481 531 1508 Nihil
546 1482 618 1508 enim
631 1482 734 1516 absque
747 1481 801 1509 Deo
816 1485 904 1516 potest
914 1481 988 1509 exsi-

1041 1481 1119 1514 εἷναι,
1134 1482 1190 1509 ἀλλ’
1203 1483 1218 1518 ἢ
1234 1483 1313 1518 μόνον
1326 1483 1342 1517 ὴ
1357 1481 1477 1518 ἁμαρτία
1499 1481 1549 1507 οὐκ
1568 1480 1667 1516 ἔχουσα
1679 1479 1764 1515 ἀρχὴν
1780 1479 1824 1514 ῥί-

199 1531 283 1558 stere,
308 1531 486 1561 prmterquam
506 1531 646 1561 peccatum
658 1547 665 1558 ,
680 1527 760 1561 cujus
774 1527 851 1554 radix
865 1531 891 1554 et
910 1527 987 1562 origo

202 1573 336 1608 principio
361 1577 457 1605 caret;
488 1580 577 1607 neque
602 1577 733 1607 perpetuo
759 1577 868 1604 manet,
888 1573 936 1601 sed
959 1573 988 1600 in

203 1617 354 1652 nobisipsis
363 1617 540 1644 adventitium
551 1618 654 1645 inestet
662 1619 832 1646 extrinsecus
840 1618 986 1650 adscitum,

201 1663 284 1699 267
309 1667 335 1690 et
349 1671 363 1690 ιι
385 1663 463 1690 nobis
491 1671 600 1690 rursum
623 1664 703 1691 habet
726 1668 755 1690 ut
779 1671 841 1691 esse
863 1663 987 1696 desinat,

203 1710 432 1744 quemadmodum
452 1717 514 1736 cum
537 1710 697 1745 singillatim
716 1710 848 1738 adversus
872 1710 989 1738 haereses

203 1755 373 1790 disputarem
406 1755 506 1790 ubique
537 1757 684 1784 monstravi
712 1766 719 1784 :
745 1755 834 1783 Unum
864 1756 990 1784 videlicet

203 1808 267 1828 csso
291 1801 393 1832 Deum,
415 1809 429 1828 a
453 1808 507 1836 quo
535 1800 605 1828 facta
630 1801 794 1836 conditaque
812 1801 867 1828 sint
884 1801 989 1833 omnia,

205 1847 313 1874 Patrem
339 1846 446 1874 Domini
473 1847 560 1875 nostri
577 1847 642 1874 Jesu
664 1847 880 1880 Christi;unum
897 1847 990 1874 itidem

205 1902 267 1922 esse
289 1893 386 1920 Filiqu
410 1893 470 1928 ejus
492 1893 666 1929 Unigenitum
679 1893 823 1920 Dominum
846 1897 989 1925 nostrum,

206 1939 378 1966 Salvatorem
395 1946 426 1965 ac
442 1938 542 1971 Deum;
555 1946 638 1965 unum
653 1946 762 1973 quoque
778 1938 908 1973 Spiritum
929 1946 991 1966 san-

207 1989 281 2011 ctum
291 1993 298 2017 ;
308 1991 388 2011 unam
400 1989 534 2016 sanctam,
546 1984 861 2019 consubstantialemqne
872 1983 976 2012 Trinila
985 1998 992 2004 -

205 2034 279 2061 lem,
307 2038 322 2056 ει
347 2038 400 2065 qua
425 2034 501 2057 recte
520 2034 585 2058 sunt
605 2030 732 2057 universa
755 2034 920 2065 procreata:
937 2038 991 2057 non

207 2078 297 2112 aliqua
310 2078 391 2108 mala.
403 2077 450 2105 sed
463 2077 573 2104 omnino
586 2077 667 2107 bona,
679 2081 759 2111 prout
771 2077 902 2104 bonitatis
919 2077 992 2105 illius

206 2123 334 2150 voluntas
348 2123 421 2150 tulit.
437 2122 537 2150 Eadem
549 2129 629 2156 porro
649 2130 665 2149 e
685 2122 771 2149 nihilo
788 2127 816 2149 ut
832 2126 924 2150 essent
941 2122 993 2148 ali—

1039 1529 1099 1564 ζης,
1115 1529 1175 1556 οὐδὲ
1199 1530 1239 1560 εἰς
1252 1529 1327 1561 τέλος
1344 1528 1470 1563 μένουσα,
1486 1529 1513 1553 ἐν
1526 1528 1590 1562 ἡμῖν
1609 1526 1636 1552 δὲ
1653 1526 1823 1557 ὲπεισάκτως

1039 1575 1179 1610 γινομένη,
1205 1576 1251 1601 καὶ
1275 1575 1321 1609 ἀφ’
1339 1575 1416 1609 ἡμῶν
1442 1573 1522 1600 πάλιν
1545 1572 1696 1607 παυομένη.
1717 1572 1754 1602 ὡς
1775 1571 1823 1597 καὶ

1039 1621 1174 1656 πανταχοῦ
1189 1621 1258 1648 κατὰ
1279 1621 1373 1647 πασῶν
1387 1620 1440 1647 τῶν
1457 1619 1588 1655 αἱρέσεων
1603 1618 1761 1653 ποιούμενος
1778 1617 1823 1643 τὸν

1038 1667 1116 1701 λόγον
1139 1666 1281 1698 ἀπέδειξα·
1305 1667 1345 1692 ὅτι
1369 1664 1409 1697 εἷς
1434 1667 1505 1692 ἐστιν
1527 1665 1541 1691 ὁ
1564 1664 1629 1695 Θεὸς
1653 1664 1666 1689 ὁ
1689 1663 1722 1690 τὰ
1736 1662 1825 1689 πάντα

1039 1714 1155 1748 ποιήσας
1176 1713 1223 1739 καὶ
1245 1712 1461 1747 δημιουργήσας,
1491 1712 1505 1737 ὁ
1529 1710 1624 1745 Πατὴρ
1648 1709 1694 1735 τοῦ
1720 1708 1823 1744 Κυρίου

1040 1760 1117 1795 ἡμῶν
1136 1759 1223 1793 Ἰησοῦ
1248 1758 1384 1794 Χριστοῦ’
1407 1758 1455 1784 καὶ
1479 1755 1518 1789 εἷς
1536 1758 1550 1783 ὁ
1573 1755 1719 1792 μονογενὴς
1741 1753 1824 1780 αὐτοῦ

1041 1805 1119 1837 Παῖς,
1135 1806 1148 1830 ὁ
1160 1804 1261 1839 Κύριος
1277 1803 1355 1838 ἡμῶν
1367 1804 1413 1829 καὶ
1428 1802 1522 1837 Σωτὴρ
1536 1802 1583 1828 καὶ
1596 1801 1661 1832 Θεὸς
1671 1809 1678 1815 '
1695 1799 1776 1827 καὶέν
1794 1798 1825 1825 τὺ

1041 1850 1118 1883 ἅγιον
1133 1848 1214 1876 αὐτοῦ
1227 1847 1337 1883 Πνεῦμα
1348 1857 1354 1863 ⁸
1373 1848 1422 1883 μία
1436 1846 1519 1883 Τριάς
1534 1847 1598 1880 ἁγία
1613 1846 1660 1872 καὶ
1672 1844 1824 1880 ὁμοούσιος,

1024 1921 1027 1923 ,
1041 1895 1071 1927 ὲξ
1084 1893 1117 1931 ἦς
1132 1895 1167 1921 τὰ
1182 1895 1271 1921 πάντα
1292 1894 1382 1925 καλῶς
1399 1893 1556 1928 ἐκτισμένα,
1573 1892 1603 1918 οὺ
1627 1890 1733 1926 πονηρά
1752 1899 1824 1922 τινα,

1042 1938 1109 1965 ἀλλὰ
1126 1938 1224 1971 ἀγαθὰ,
1241 1938 1310 1964 κατὰ
1327 1937 1374 1972 τὴν
1391 1937 1476 1968 οὕτως
1495 1937 1677 1970 εὐδοκήσασαν
1693 1935 1826 1969 ἀγαοότη-

1041 1993 1086 2015 τα,
1099 1983 1128 2016 ἐξ
1142 1984 1191 2010 οὐκ
1204 1983 1288 2010 ὄντων
1304 1982 1459 2018 κεκλημένα
1476 1983 1515 2014 εἰς
1532 1982 1562 2008 τὸ
1577 1978 1694 2016 εἷναιῖῼ
1709 1980 1768 2015 Θεῷ
1783 1980 1827 2006 δό-

1043 2029 1084 2062 ξα,
1102 2030 1149 2056 καὶ
1165 2029 1242 2064 τιμὴ,
1258 2028 1305 2055 καὶ
1320 2029 1419 2064 κράτος
1435 2029 1522 2064 Πατρὶ
1535 2028 1562 2054 ἐν
1581 2027 1647 2062 Υίῷ,
1662 2026 1719 2061 Υἱῷ
1732 2027 1759 2053 ὲν
1771 2026 1828 2052 Πα-

1041 2075 1096 2110 τρὶ,
1112 2076 1158 2101 σὺν
1168 2074 1237 2110 ἁγίῳ
1250 2073 1388 2109 Πνεύματι
1405 2074 1444 2105 εἰς
1458 2074 1519 2105 τοὺς
1535 2073 1634 2104 αἰῶνας
1645 2072 1698 2099 τῶν
1709 2071 1826 2098 αἰώνων.

1049 2121 1145 2156 Ἀμήν.

207 2169 273 2204 quid
294 2173 404 2196 evocata
435 2172 509 2196 sunt.
532 2167 582 2195 Cui
594 2167 703 2202 quidem
721 2167 775 2194 Deo
794 2168 892 2202 gloria,
922 2168 1009 2195 honor
1028 2171 1055 2194 et
1080 2166 1222 2201 imperium
1252 2165 1304 2198 sit,
1325 2164 1400 2192 Patri
1424 2165 1453 2192 in
1471 2164 1558 2197 Fino,
1578 2163 1648 2191 Filio
1685 2163 1711 2190 in
1731 2161 1826 2196 Patre,

209 2225 270 2244 cum
300 2215 402 2251 Spiritu
432 2218 542 2247 sancto,
570 2214 597 2241 in
624 2215 724 2242 smcula
750 2215 922 2243 saaculorum.
953 2215 1049 2241 Amen.

244 2263 300 2290 llac
314 2263 396 2298 igitur
408 2263 503 2289 haeresi
518 2261 613 2296 paucis
630 2261 658 2288 in
670 2261 743 2288 hunc
758 2262 867 2288 modum
883 2270 988 2293 eversa,

1077 2259 1184 2295 Ταύτης
1197 2259 1226 2286 δὲ
1247 2259 1325 2286 πάλιν
1345 2258 1527 2293 ποιησάμενος
1548 2257 1596 2293 τὴν
1613 2256 1767 2292 ἀνατροπὴν
1784 2256 1828 2282 διὰ

210 2309 243 2335 ad
260 2309 378 2343 reliquas
393 2307 559 2343 pergendum
580 2317 587 2334 :
602 2314 670 2342 quas
687 2307 848 2342 singillatim
865 2313 945 2342 prout
967 2308 993 2335 in

210 2354 288 2380 nobis
303 2353 384 2379 situm
397 2353 458 2383 erit,
471 2351 634 2383 refellemus,
647 2360 679 2379 ac
689 2351 994 2386 perniciosissimreilla—

210 2407 271 2427 rum
298 2399 425 2433 nequitia:
449 2399 561 2427 modum
591 2397 794 2425 adhibebimus.
824 2397 892 2432 Seps
921 2397 994 2424 enim

210 2444 307 2471 merito
330 2444 375 2471 ille
402 2443 538 2471 nominari
567 2448 664 2478 potest.
691 2442 768 2476 Quod
792 2442 887 2470 bestiae
910 2449 996 2476 genus

210 2498 264 2518 non
280 2495 334 2516 tam
348 2497 564 2524 serpens,quam
576 2489 673 2524 reptile
686 2488 843 2524 quadrupes
856 2492 912 2520 est,
927 2488 994 2515 stel-

268 2575 298 2594 r.
313 2567 495 2602 συνημμένου.
532 2568 544 2584 ⁸
560 2566 592 2594 F.
606 2567 676 2602 ὖφις,
694 2570 720 2594 et
736 2574 798 2594 mox
812 2566 974 2602 τετράπουν.

247 2626 304 2662 (44)
325 2626 395 2660 Xinﬂ-
406 2626 460 2660 γὰρ
471 2623 559 2662 οὗτος
572 2625 610 2652 ἂν
623 2624 749 2662 λέγοιτοΓ
769 2624 841 2662 Seps
855 2625 925 2662 alius
938 2631 998 2662 ser-

212 2659 299 2697 pens,
313 2659 381 2697 alius
399 2661 521 2697 lacerta,
532 2661 670 2697 Posterior
683 2659 866 2697 Chalcis,rvel
882 2659 999 2686 Chalci-

214 2695 293 2729 ilica;
310 2696 383 2730 quod
407 2695 569 2730 quihusdam
589 2695 669 2722 lineis
689 2695 751 2722 aeris
767 2695 999 2730 speciemﬁgeren-

215 2733 287 2759 tihus
306 2729 500 2766 distinguatur.
514 2731 550 2758 De
565 2731 615 2757 hoc
630 2738 729 2765 genere
744 2729 865 2766 loquitur
880 2729 999 2766 Epipha:

216 2769 287 2793 nius.
307 2765 384 2793 Unde
393 2763 506 2801 ’χαλκέα
529 2774 580 2793 vox
597 2763 643 2792 aui
659 2766 693 2792 ab
708 2763 815 2801 erudito
830 2763 954 2801 quodam
967 2763 1001 2790 ad

216 2809 293 2829 oram
313 2799 421 2829 codicis
435 2801 564 2829 adnotata
575 2821 582 2829 .
599 2805 646 2828 aut
658 2807 708 2828 suo
723 2800 783 2828 loco
797 2804 880 2828 mota.
897 2799 1002 2827 Sericm

1044 2307 1176 2343 βραχέων,
1189 2305 1235 2332 ἐπὶ
1250 2305 1299 2337 τὰς
1314 2304 1375 2340 ἑξῆς
1389 2303 1542 2340 βαδιοῦμαι,
1556 2304 1601 2330 τὸν
1620 2303 1689 2338 προς
1710 2302 1828 2337 ἑκάστην

1044 2350 1114 2377 κατὰ
1125 2350 1240 2385 δύναμιν
1257 2349 1419 2385 ποιούμενος
1432 2349 1554 2384 ἔλεγχον,
1573 2348 1620 2375 καὶ
1635 2347 1720 2379 οὕτως
1736 2348 1829 2373 ἐπιτε-

1043 2397 1095 2424 λῶν
1119 2396 1168 2432 τὴν
1190 2395 1345 2432 ἀνατροπὴν
1366 2395 1416 2430 τῆς
1437 2393 1526 2422 αὐτῶν
1542 2395 1711 2429 λυμαντικῆς
1726 2393 1829 2429 μοχθη-

1044 2443 1115 2479 ρίας.
1205 2441 1259 2478 γὰρ
1273 2439 1349 2473 οὗτος
1367 2442 1399 2468 ἂν
1415 2441 1521 2475 λέγοιτο
1538 2441 1593 2474 (44,
1609 2440 1731 2472 δικαίως,
1749 2441 1763 2466 ὁ
1779 2439 1830 2467 οὒκ

1043 2488 1162 2523 ὀφθεὶς¹,
1175 2488 1230 2515 ἀλλ’
1244 2487 1280 2520 ὥς
1294 2497 1371 2523 φασι,
1387 2487 1512 2523 [χαλκέα,
1527 2486 1574 2523 ὃς]
1589 2487 1646 2513 ἐστι
1662 2485 1830 2522 τετραπλοῦν

1068 2623 1156 2650 nidem
1186 2621 1271 2656 ipsam
1296 2619 1428 2648 orationis
1452 2618 1638 2656 interrumpit:
1666 2615 1732 2656 Jam.
1749 2617 1829 2656 “qnod

1057 2651 1215 2693 Epiphanius
1232 2656 1330 2683 asserit
1343 2675 1364 2693 ._
1375 2662 1495 2682 morsum
1520 2651 1595 2693 haud
1607 2653 1675 2680 adeo
1691 2651 1829 2693 exitia-lem

1048 2687 1119 2724 esse,
1133 2693 1179 2720 scd
1200 2696 1280 2726 sputo
1297 2690 1440 2727 coniicere,
1455 2697 1516 2716 cum
1533 2689 1566 2715 iis
1582 2694 1701 2727 pugnare
1713 2687 1830 2718 videtur,

1049 2736 1109 2763 quae
1130 2723 1244 2763 Aristot.
1263 2726 1368 2763 scribit,
1386 2732 1478 2763 morsu
1493 2732 1544 2763 suo
1557 2724 1599 2763 vel
1617 2723 1773 2763 interimere
1788 2729 1830 2763 se-

1050 2756 1109 2798 pas,
1129 2761 1170 2790 vel
1194 2762 1363 2798 acerrimum
1383 2759 1504 2788 dolorem
1532 2757 1663 2794 inﬂigere.
1688 2756 1726 2785 De
1749 2760 1832 2792 sputo

1050 2795 1118 2827 nihil
1133 2796 1203 2832 apud
1218 2797 1299 2824 alium
1314 2795 1376 2830 legi.
