1952 3045
127 151 179 179 6M

448 152 632 182 ADVERSUS
650 153 820 181 IIIERESES
839 153 902 181 LIB.
921 153 941 182 Ι.
964 152 1045 181 ΤΟΜ.
1062 152 1105 182 Ill.
1122 154 1292 183 -—llA3llES.
1315 155 1443 185 XXXVII.

1708 160 1761 189 σιξ

127 211 259 248 ἑρπετὸν,
276 210 459 249 ἁσκαλαϐώτῃ
479 212 593 245 ἐοικώςο
604 210 635 240 οὗ
649 214 666 249 ἡ
684 217 732 249 μὲν
751 213 798 240 τοῦ
815 213 914 249 δήγμα-

972 213 1053 241 lionis
1068 213 1172 248 specie;
1194 214 1240 249 qui
1257 222 1319 242 cum
1342 223 1435 242 morsu
1453 215 1521 243 nihil
1539 215 1686 244 admodum
1710 225 1763 247 nos

129 266 176 289 τος
200 257 285 293 βλάϐη
309 259 349 289 εἰς
373 258 448 285 οὐδὲν
470 258 617 293 λογίζεται,
632 258 663 286 τὸ
677 260 704 286 δὲ
721 259 842 295 πτύσμα,
859 260 875 295 ἢ
891 260 920 287 ὲν

128 303 267 339 βρώματι,
285 302 301 338 ῆ
321 304 350 329 ὲν
366 302 440 338 ποτῷ
460 304 628 337 ἀκοντισθὲν,
646 304 759 331 Θάνατον
772 304 853 336 εὐθὺς
865 305 921 336 τοῖς

129 348 330 384 μεταλαϐοῦσιν
344 348 490 384 ἐργάζεται
500 357 507 365 ·
521 350 564 377 οἶα
579 350 625 376 καὶ
646 351 662 386 ἡ
686 351 779 377 τούτου
792 351 920 377 διδασκα⁴

107 423 114 432 ,
128 392 186 421 λία.
196 394 276 421 Ἀλλὰ
288 395 335 423 καὶ
349 395 443 422 τούτου
458 396 502 422 τὸν
515 396 553 422 ἰὸν
567 396 753 432 φωράσαντες,
765 397 813 424 καὶ
827 398 859 433 τῇ
873 396 918 423 τοῦ

128 442 234 477 Κυρίου
252 442 364 478 δυνάμει
381 443 435 469 ἀπὸ
451 443 601 478 φαρύγγων
616 443 633 479 ἢ
649 443 760 479 χειλέων
784 444 839 473 τῶν
856 443 920 479 μελ-

128 491 230 519 λόντων
252 492 417 527 βλάπτεσθαι
436 493 637 529 ὰπομὰξαντες,
654 494 703 526 τὰς
725 493 788 529 ἑξῆς
809 494 919 521 διέλθω-

129 546 194 573 μεν.
212 537 250 569 ὼς
262 539 403 572 προεῖπον,
425 539 474 574 τῆς
493 538 584 565 αὐτῶν
601 539 702 575 βλάϐης
717 539 857 572 ποιοῦντες
872 539 918 568 τὸν

128 583 252 618 ἔλεγχον.

393 639 487 667 ΚΑΤΑ
512 641 635 668 ΟΦΙΤΩΝ
644 662 650 673 ,

191 685 452 720 Ἐπτακαιδεκάτη,
467 687 485 720 ἡ
497 687 547 714 καὶ
559 687 718 721 τριακοστὴ
738 687 858 722 ἑϐδόμη.

166 741 206 769 Λ’.
231 742 275 774 Ὠς
291 739 337 768 οὖν
353 744 386 778 τῇ
401 743 448 769 τοῦ
461 743 528 770 Θεοῦ
546 744 659 780 δυνάμει
678 744 915 780 ἐπαγγειλάμενοι,

128 785 198 813 Θεοῦ
222 786 391 822 βοηθοῦντος.
406 788 452 815 καὶ
465 789 498 824 τῇ
521 788 585 824 ἑξῆς
605 789 706 825 ταύτης
721 791 917 826 ὑφηγησάμεθα

129 834 190 864 ταῖς
205 833 335 869 πρότερον
348 833 568 870 ἀκολουθήσασαν
584 836 829 871 ματαιοφροσύναις
841 838 916 871 Ὀφι-

127 878 194 912 τῶν,
210 879 244 906 τὰ
268 879 318 914 μὲν
338 880 409 907 κατὰ
434 880 467 907 τὰ
483 881 551 908 αὐτὰ
567 883 730 918 φερομένην,
746 883 781 909 τὰ
796 883 824 910 δὲ
842 883 915 918 διηλ-

128 923 278 959 λαγμένην.
291 925 401 959 Λεγέτω
419 926 465 952 δὲ¹
483 927 538 958 τοῖς
555 927 631 962 ἤθεσι
646 927 692 954 καὶ
717 929 837 963 σχήμασι
860 930 913 956 τῶν

128 969 278 1004 χρωμένων
293 970 360 1006 αὐτῇ
371 979 377 985 ·
393 971 435 997 ἴνα
454 971 509 997 ἀπὸ
528 973 577 1007 τῆς
593 973 728 1008 μετεώρου
747 973 850 1009 πλάνης
865 974 914 1009 τῆς

127 1016 232 1042 τούτων
246 1016 393 1050 διαφωνίας
409 1017 490 1043 παντί
503 1026 541 1053 τῳ
554 1017 632 1053 δῆλον
643 1018 748 1054 ἕσηται,
765 1019 806 1046 ὅτι
827 1019 915 1056 πλάνῃ

128 1060 254 1095 ἄγονται,
269 1061 316 1088 καὶ
327 1062 375 1088 οὐκ
385 1062 508 1098 ἀληθείᾳ.
517 1064 709 1099 Φωραθήσεται
725 1065 752 1091 δὲ
765 1065 812 1092 νῦν
825 1065 864 1101 τῷ
876 1065 915 1091 λό-

128 1115 171 1142 γῳ
188 1107 235 1133 καὶ
258 1107 449 1144 ἐλεγχθήσεται
465 1109 482 1145 ὴ
496 1109 555 1136 κατ’
568 1110 649 1137 αὑτοῦ
659 1110 669 1125 ¹
683 1110 770 1138 ἄνοια.

164 1197 196 1224 Οἱ
209 1198 316 1232 Ὀφῖται
340 1198 390 1233 μὲν
406 1198 469 1234 γὰρ,
481 1198 519 1230 ὡς
540 1199 681 1234 προεῖπον,
697 1199 746 1231 τὰς
765 1199 914 1234 προφάσεις

128 1243 270 1279 εἰλήφασιν
295 1244 348 1270 ἀπὸ
372 1245 488 1279 τῆς·τοῦ
511 1244 654 1277 Νικολάου,
677 1244 723 1271 καὶ
744 1245 913 1277 Γνωστικῶν,

129 1291 176 1318 καὶ
190 1290 245 1317 τῶν
262 1290 314 1325 πρὸ
326 1290 428 1317 τούτων
442 1291 573 1326 αἱρέσεων
583 1298 590 1305 ·
604 1292 710 1326 Ὀφῖται
726 1291 755 1317 δὲ
771 1291 913 1319 καλοῦνται

128 1336 163 1363 δι’
177 1337 207 1363 ὃν
231 1336 387 1368 δοξάζουσιν
411 1336 593 1371 δφιν.”Δτοπα
614 1337 668 1373 γὰρ
684 1338 731 1364 καὶ
750 1334 822 1365 οὗτοι
837 1338 914 1374 ἐρεύ-

128 1391 232 1417 γονται,
245 1382 283 1414 ὡς
299 1383 353 1409 ἀπὸ
364 1382 413 1418 τῆς
428 1382 630 1419 προειρημένης
645 1382 772 1419 βρώσεως
787 1383 837 1418 τῆς
849 1383 914 1410 δυσ-

128 1427 223 1462 οδμῑας
245 1427 466 1463 ἐμπεπλησμένοι
477 1436 484 1443 ·
508 1428 555 1454 καὶ
572 1428 610 1460 ὡς
624 1428 690 1455 κενὰ
704 1427 830 1464 δαιμόνια
842 1429 913 1455 ἀπα-

128 1473 256 1509 τηθέντες
281 1472 354 1500 οὗτοι
380 1473 425 1500 τὸν
451 1474 522 1508 ὅφιν,
538 1474 576 1505 ὡς
600 1475 740 1509 προεῖπον,
762 1473 912 1506 δοξάζουσι.

128 1521 184 1547 Καὶ
205 1521 256 1556 ὅρα
273 1521 313 1552 εἰς
328 1521 394 1556 ὅσην
416 1520 519 1556 προέϐη
536 1519 741 1554 κακομηχανίαν
766 1521 780 1546 ὁ
802 1520 913 1552 τούτους

971 263 1042 291 ceat,
1059 264 1168 294 sputum
1183 260 1272 295 ipsum
1288 261 1310 288 si
1326 261 1352 287 in
1365 261 1456 288 cibum
1471 266 1518 289 aut
1533 267 1626 297 potum
1642 263 1757 294 eliserit.

970 312 1092 339 praesens
1115 305 1149 332 iis
1169 305 1216 340 qui
1235 305 1412 332 adhibuerint
1435 306 1549 334 exitium
1574 307 1670 335 afferre
1692 307 1760 336 dici-

971 355 1026 377 tur.
1041 351 1180 385 Ejusmodi
1195 355 1236 379 est
1257 352 1331 379 illius
1346 352 1482 380 doctrina.
1499 352 1554 381 Nos
1571 359 1662 381 autem
1676 355 1758 390 hujus

970 403 1079 431 quoque
1096 404 1200 424 veneno
1212 397 1348 432 patefacto
1359 417 1366 430 ,
1376 405 1409 424 ac
1423 398 1514 426 divina
1527 407 1578 434 ope
1591 408 1622 427 ex
1637 401 1756 432 illorum,

969 443 1070 477 quibus
1084 443 1196 477 jamjam
1210 444 1365 470 nociturum
1380 448 1450 476 erat,
1468 443 1593 473 faucibus
1608 451 1654 472 aut
1671 446 1757 475 labris

969 491 1104 521 absterso.
1122 490 1155 517 ad
1171 493 1285 517 caeteras
1302 494 1486 522 transeamus,
1496 495 1523 518 et
1535 499 1592 524 cas,
1610 495 1639 519 ut
1654 493 1756 520 dictum

967 541 1022 570 est,
1037 537 1160 565 oratione
1174 540 1266 564 nostra
1280 535 1463 564 confutemus.

1168 636 1352 664 ADVERSUS
1386 636 1543 669 0Plll‘l‘AS,

1057 684 1124 716 Quae
1145 688 1183 710 est
1205 683 1311 710 ha‘resis
1339 682 1435 716 XVII,
1460 685 1497 710 vel
1510 683 1652 711 XXXVII

1003 741 1022 767 Ι.
1038 740 1115 773 Quod
1130 741 1212 774 igitur
1227 739 1320 766 divino
1339 739 1398 766 freti
1420 741 1548 774 pratsidio
1565 742 1736 776 suscepimus
1747 762 1755 773 ,

968 787 1128 822 Ophitarum
1143 785 1258 812 hzeresin
1269 805 1275 816 ,
1290 793 1351 820 qum
1377 786 1565 820 superioribus
1582 787 1635 814 illis
1651 788 1756 815 insanis

968 833 1128 867 stolidisquc
1157 833 1239 859 sectis
1265 832 1386 866 proxima
1421 837 1474 864 est,
1490 833 1670 867 aggredimur.
1691 834 1756 866 Quae

934 896 954 922 Β
969 880 1076 914 quidem
1094 878 1193 913 partim
1216 886 1276 905 cum
1298 878 1351 905 illis
1368 879 1514 910 convenit.
1531 880 1628 914 partim
1652 880 1757 907 discre-

965 930 1022 964 pat,
1048 933 1096 960 pro
1121 932 1215 951 eorum
1237 924 1283 958 qui
1309 925 1383 951 illam
1413 925 1497 952 secuti
1525 929 1605 958 sunt,
1632 927 1756 954 moribus

966 973 1115 1006 habituque
1132 970 1270 1002 dissimili,
1286 974 1315 997 ut
1330 971 1371 997 vel
1388 971 1476 998 inanis
1497 971 1542 998 illa
1565 976 1592 999 et
1613 973 1755 1000 erroribus

966 1018 1102 1053 implicata
1130 1016 1269 1044 discordia
1305 1024 1405 1052 magno
1433 1018 1561 1045 omnibus
1591 1023 1755 1053 argumento

965 1064 1012 1093 sit,
1027 1063 1147 1090 falsitate
1165 1062 1227 1089 illos
1246 1070 1307 1090 esse
1324 1070 1377 1089 non
1391 1062 1505 1090 veritate
1519 1063 1663 1092 subnixos.
1676 1063 1755 1092 Nunc

964 1108 1056 1143 itaque
1083 1116 1178 1134 corum
1202 1107 1327 1135 oratione
1343 1113 1438 1135 nostra
1464 1108 1615 1144 detegenda
1631 1117 1663 1137 ac
1687 1117 1754 1137 con-

964 1153 1099 1181 vincenda
1114 1153 1226 1181 vesania
1238 1158 1290 1181 est.

1000 1200 1082 1235 268
1095 1199 1161 1226 Nam
1179 1199 1309 1234 ,Ophitte,
1332 1199 1564 1235 quemadmodum
1581 1200 1720 1234 diximus.
1738 1210 1754 1229 a

964 1246 1086 1278 Nicolao,
1102 1250 1129 1273 et
1142 1245 1293 1278 Gnosticis,
1308 1253 1340 1273 ac
1356 1246 1496 1281 prioribus
1507 1246 1569 1273 aliis
1589 1247 1672 1275 sectis
1681 1248 1757 1275 cillo-

964 1295 1088 1318 ruerunt.
1103 1290 1177 1324 Quos
1195 1290 1320 1326 Ophitas,
1339 1290 1390 1318 hoc
1408 1295 1450 1318 est
1474 1293 1634 1325 anguineos,
1653 1292 1687 1319 ab
1703 1300 1754 1319 an-

964 1344 1016 1372 gue
1041 1337 1089 1364 illo
1117 1344 1197 1372 quem
1224 1336 1380 1367 celebrant,
1416 1337 1552 1371 appellare
1575 1337 1674 1364 solent.
1701 1337 1755 1366 Sed

964 1382 1099 1409 horrenda
1115 1390 1181 1410 sane
1196 1386 1260 1409 sunt
1274 1389 1334 1417 quae
1349 1382 1473 1410 homines
1487 1382 1543 1414 isti,
1556 1387 1586 1409 ut
1600 1383 1637 1410 ita
1653 1383 1753 1417 dicam,

963 1433 1099 1462 eructant,
1119 1437 1150 1456 ex
1166 1429 1212 1456 illo
1229 1436 1277 1456 esu
1294 1429 1366 1456 velut
1384 1434 1454 1470 letro
1473 1430 1590 1463 quodam
1609 1428 1694 1457 odore
1711 1438 1755 1457 re-

965 1473 1036 1500 ferti.
1059 1472 1219 1507 Serpentem
1236 1473 1336 1508 quippe
1361 1473 1423 1500 novi
1438 1473 1581 1507 cujusdam
1595 1474 1682 1500 instar
1700 1482 1754 1501 nu-

965 1519 1045 1545 minis
1065 1522 1239 1546 venerantur.
1262 1519 1300 1545 Ac
1325 1518 1385 1545 vide
1408 1518 1518 1553 quantis
1545 1526 1592 1546 eos
1611 1518 1754 1547 fraudibus

128 1567 271 1603 ἀπατήσας
292 1566 363 1601 ὄφις.
377 1566 509 1602 Καθάπερ
522 1567 576 1602 γὰρ
588 1564 618 1598 ἐξ
630 1567 754 1602 ὑπαρχῆς
770 1566 833 1598 τοὺς
849 1567 913 1602 περὶ

966 1563 1024 1595 ille,
1046 1571 1061 1590 a
1077 1571 1132 1598 quo
1147 1564 1326 1590 circumventi
1346 1569 1424 1595 sunt,
1441 1571 1553 1598 serpens
1576 1563 1698 1592 irretitos
1715 1569 1755 1592 te-

130 1613 203 1640 Εὖαν
228 1614 275 1640 καὶ
298 1613 343 1639 τὸν
360 1613 446 1648 Ἀδὰμ
461 1613 611 1648 ἠπάτησεν,
626 1612 697 1639 οὕτω
716 1612 763 1638 καὶ
780 1611 827 1639 νῦν
848 1612 914 1648 κρύ-

130 1667 205 1685 πτων
222 1658 316 1685 ἑαυτὸν
330 1657 358 1684 ἔν
378 1666 406 1684 τε
419 1657 457 1693 τῷ
475 1657 645 1693 παρόντικαὶ
662 1659 690 1683 ὲν
702 1657 741 1692 τῷ
761 1657 848 1692 χρόνῳ
861 1657 914 1684 τῶν

134 1704 279 1736 Ἰουδαίων,
291 1703 354 1740 ἄχρι
367 1705 416 1740 τῆς
427 1702 475 1730 τοῦ
488 1703 604 1739 Χριστοῦ
616 1703 777 1738 παρουσίας.
790 1701 856 1730 Εἶτα
868 1703 914 1730 καὶ

128 1749 328 1786 προϐαινόντων
340 1749 394 1776 τῶν
405 1750 507 1785 χρόνων
521 1749 626 1784 λίχνους
637 1749 717 1780 ὖντας
731 1750 794 1780 τοὺς
809 1749 913 1785 ἀνθρώ-

128 1804 197 1828 πους
213 1797 245 1831 τῇ
261 1795 295 1821 δι’
314 1794 396 1821 αὐτοῦ
415 1795 448 1821 ἐκ
469 1795 518 1830 τῆς
541 1795 682 1830 παρακοῆς
696 1793 829 1830 ληφθείσῃ
845 1793 915 1830 βρώ-

130 1850 182 1873 σει,
197 1841 237 1868 ἔτι
257 1840 426 1867 ὑπονοθεύων
444 1840 491 1866 καὶ
507 1839 646 1875 ἐρεθίζων,
663 1840 702 1870 εἰς
719 1839 914 1875 περισσοτέραν

128 1888 236 1924 ἀπάτην
258 1887 312 1914 ἀπὸ
337 1887 383 1914 τοῦ
406 1887 481 1918 ὄντος
503 1885 570 1912 Θεοῦ
594 1886 735 1921 ἀφίστησι,
761 1885 844 1912 πολλὰ
865 1886 914 1921 μὲν

129 1933 344 1969 ὑπισχνούμενος
362 1933 416 1963 ἀεὶ,
431 1932 469 1964 ὡς
491 1932 537 1958 καὶ
560 1932 589 1965 ἐξ
614 1932 718 1967 ἀρχῆς·
735 1932 782 1958 καὶ
798 1931 852 1967 γὰρ
868 1931 915 1958 καὶ

129 1980 189 2007 τότε
200 1979 335 2015 ἠπάτησε,
344 1979 431 2012 λέγων
440 1988 448 1994 ·
460 1979 588 2005 Ἕσεσθε
599 1978 639 2011 ὡς
650 1978 712 2005 θεοί
722 1986 728 1993 ·
740 1976 799 2004 εἶτα
811 1978 916 2013 προῖόν-

129 2034 183 2052 των
196 2024 249 2051 τῶν
260 2025 372 2060 χρόνων,
386 2024 434 2060 τὴν
450 2023 623 2059 πολύμορφον
635 2023 681 2050 καὶ
695 2023 833 2059 τερατώδη
847 2032 914 2057 φαν-

128 2072 224 2099 τασίαν
241 2072 331 2102 αὐτοῖς
353 2070 539 2106 ὲξειργάσατο.
549 2069 615 2096 Ἀπὸ
638 2069 692 2106 γὰρ
715 2070 763 2096 τοῦ
790 2070 849 2102 ἐνὸς
867 2070 914 2097 καὶ

128 2117 176 2144 τοῦ
201 2116 327 2153 ἀληθινοῦ
354 2115 421 2142 Θεοῦ
444 2116 600 2151 ἀποστήσας
625 2115 734 2148 αὐτοὺς,
756 2115 912 2151 ὲνεκίσσησε

129 2164 212 2190 πάλαι
235 2163 285 2199 τὴν
307 2163 356 2198 τῆς
382 2161 602 2197 εἰδωλολατρείας
626 2162 672 2188 καὶ
688 2161 832 2193 πολυοεῖας
848 2161 913 2197 βλά-

130 2219 182 2245 σφη
187 2218 235 2245 μον
247 2208 421 2243 κενοφωνίαν.
439 2207 570 2234 Οὐδέποτε
585 2207 639 2243 γὰρ
655 2205 725 2243 ἦσαν
737 2207 804 2240 θεοὶ,
817 2207 911 2243 ὥσπερ

128 2254 189 2281 οὐδὲ
201 2253 349 2285 εἰσὶν,ἁλλὰ
359 2254 373 2279 6
385 2253 461 2285 Θεός.

963 1613 1035 1636 neat.
1057 1608 1124 1635 Nam
1141 1613 1171 1636 ut
1186 1609 1268 1634 Evam
1298 1608 1361 1634 olim
1378 1612 1404 1635 et
1428 1608 1561 1634 Adamnm
1578 1607 1673 1635 fefellit
1688 1617 1695 1641 ;
1717 1609 1755 1636 ita

963 1655 1043 1682 modo
1059 1655 1178 1689 seipsum
1195 1658 1287 1689 tegens
1299 1662 1330 1681 ac
1342 1654 1531 1685 dissimulans,
1540 1653 1662 1689 adeoque
1673 1659 1754 1682 antea

962 1698 1118 1727 Judaeorum
1142 1699 1332 1734 temporibus,
1352 1700 1384 1725 ad
1399 1699 1544 1726 adventum
1563 1708 1649 1734 usque
1673 1700 1754 1726 Chri-

964 1745 1009 1778 sti,
1024 1745 1188 1773 mortalibus
1201 1745 1340 1780 imposnil.
1355 1744 1424 1771 Tum
1438 1746 1676 1780 progredientibus
1689 1751 1756 1772 a-la-

964 1792 1037 1819 tibus
1051 1799 1115 1819 esca
1129 1792 1186 1824 illa,
1203 1799 1284 1826 quam
1299 1796 1395 1818 contra
1413 1791 1459 1818 Dei
1476 1791 1651 1819 interdictum
1671 1799 1753 1819 usur-

963 1845 1029 1873 pare
1054 1837 1113 1865 ausi
1133 1837 1251 1870 fuerant,
1277 1839 1442 1872 prolectatos
1460 1837 1600 1869 homines.
1618 1842 1644 1866 et
1666 1839 1754 1865 avidi-

964 1888 1019 1911 tate
1040 1889 1181 1919 correptos
1207 1884 1240 1911 ah
1265 1885 1400 1919 obsequio
1426 1884 1474 1912 Dei
1491 1885 1677 1913 callidioribus
1694 1893 1753 1912 ma-

963 1930 1052 1957 chinis
1063 1931 1206 1962 abstraxit,
1223 1930 1412 1959 vehementius
1434 1930 1581 1958 itdenidem
1593 1931 1754 1959 adullerans

963 1981 990 2004 ct
1005 1976 1157 2011 instigans,
1179 1983 1210 2003 ac
1230 1977 1377 2003 multarum
1401 1985 1492 2004 rerum
1510 1985 1606 2012 spem.
1629 1982 1658 2004 ut
1674 1978 1753 2005 initio

963 2021 1081 2053 fecerat,
1103 2021 1262 2049 ostendens.
1283 2021 1350 2048 Nam
1374 2025 1399 2048 et
1417 2026 1483 2049 tunc
1507 2023 1543 2048 ita
1561 2022 1621 2049 illos
1646 2022 1753 2056 decepit

963 2075 1026 2094 cum
1040 2067 1142 2094 diceret
1158 2076 1164 2094 ι
1185 2066 1269 2093 Erilis
1291 2068 1359 2093 sicut
1380 2067 1417 2094 dii
1433 2068 1452 2095 ’.
1467 2067 1535 2095 Tum
1552 2068 1682 2102 paulatim
1704 2076 1752 2095 va-

963 2114 1019 2141 rias
1033 2121 1065 2140 ac
1080 2113 1196 2148 portenti
1214 2113 1368 2141 simillimas
1382 2114 1421 2141 eis
1437 2114 1542 2149 species
1556 2114 1666 2149 objecit.
1683 2114 1751 2142 Cum

963 2161 1034 2188 enim
1051 2161 1086 2188 ab
1110 2169 1165 2188 uno
1183 2169 1303 2196 veroque
1329 2160 1384 2188 Deo
1407 2161 1469 2188 illos
1486 2162 1648 2194 avertisset,
1667 2162 1754 2189 idolo-

964 2207 1043 2234 latria
1070 2207 1319 2243 multipliciumque
1342 2207 1457 2234 deorum
1477 2208 1658 2243 ineptissimis
1687 2209 1752 2235 reli-

966 2253 1092 2288 gionibus
1121 2253 1196 2280 velut
1220 2253 1276 2281 fetu
1300 2254 1420 2289 quodam
1450 2254 1582 2289 implevit.
1611 2254 1751 2288 Siquidem

130 2301 166 2328 dii
183 2308 322 2335 nunquam
352 2300 533 2333 exstiterunt,
557 2299 597 2326 uti
621 2306 672 2327 nec
693 2299 831 2327 exsistunt
847 2300 946 2332 modo,
963 2300 1010 2328 sed
1026 2299 1097 2328 Deus
1113 2300 1256 2328 duntaxat.

163 2359 315 2394 Προεκίσσα
326 2357 354 2384 δὲ
380 2357 428 2393 τὴν
447 2357 649 2392 ειδωλομανίαν,
677 2357 724 2384 καὶ
752 2357 908 2390 πολυοεῖαν,

997 2357 1097 2385 Verum
1111 2358 1236 2385 insanum
1250 2358 1460 2386 simtrlacrorum
1471 2358 1586 2392 cultum,
1599 2366 1631 2386 ac
1639 2359 1752 2388 deorum

129 2407 176 2435 καὶ.
196 2404 339 2440 ἁπατηλὴν
360 2403 489 2430 διάνοιαν.
521 2403 578 2430 Οὐκ
605 2400 640 2438 ἧν
666 2402 694 2429 δὲ
723 2403 808 2434 αἴτιος
831 2403 912 2438 μόνος

127 2455 141 2480 ὁ
161 2451 321 2487 φαινόμενος
340 2449 399 2476 τότε
423 2448 495 2483 ὄφις,
517 2448 585 2476 ἀλλὰ
600 2449 614 2475 ό
639 2449 668 2475 ὲν
691 2448 730 2484 τῷ
755 2448 816 2484 ὄφει
850 2450 912 2484 ὄφις

128 2499 262 2534 λαλήσας,
287 2496 357 2532 φημὶ
381 2496 410 2522 δὲ
431 2495 570 2528 διάϐολος,
602 2495 649 2522 καὶ
681 2494 729 2530 τὴν
754 2496 838 2532 ἀκοὴν
863 2496 910 2523 τοῦ

129 2543 268 2578 ὶνΘρώπου
294 2541 414 2577 ταράξας
445 2541 490 2567 διὰ
517 2541 566 2576 τῆς
595 2541 737 2575 γυναικός.
769 2542 825 2568 Καὶ
850 2542 910 2569 οὐδὲ

127 2590 157 2617 τὸ
175 2589 251 2622 ξύλον
267 2586 301 2624 ἦν
321 2587 452 2623 ἁμαρτία.
467 2586 533 2618 Θεὸς
551 2586 605 2622 γὰρ
625 2587 702 2613 οὐδὲν
723 2587 840 2623 πονηρὸνΙ
861 2597 910 2622 φυ-

127 2635 209 2662 τεύει.
227 2634 328 2660 Γνῶσιν
342 2633 370 2659 δὲ
381 2631 522 2665 ἐνεποίησε
532 2630 562 2656 τὸ
574 2630 651 2664 ξύλον
664 2630 711 2658 τοῦ
726 2631 823 2658 εἰδέναι
839 2632 910 2666 ἀγα-

128 2681 171 2707 θόν
188 2688 218 2706 τε
241 2679 288 2705 καὶ
305 2677 416 2712 φαῦλον.
433 2676 487 2703 Καὶ
510 2676 570 2711 οὐχὶ
585 2676 629 2703 διὰ
641 2676 672 2702 τὸ
686 2676 785 2703 εἰδέναι
799 2677 814 2703 ὁ
829 2676 912 2703 θάνα-

126 2734 181 2758 τος,
197 2725 263 2752 ἀλλὰ
289 2724 333 2750 διὰ
355 2723 405 2758 τὴν
427 2722 578 2757 παρακοήν.
596 2722 651 2748 Καὶ
667 2722 721 2758 γὰρ
737 2723 755 2758 ἡ
772 2723 846 2749 πᾶσα
863 2723 910 2749 τοῦ

127 2772 223 2808 ἐχθροῦ
239 2772 298 2798 τότε
316 2769 434 2806 συσκευὴ
450 2769 498 2805 οὐχ
515 2769 607 2796 ἕνεκεν
617 2769 664 2796 τοῦ
679 2769 823 2805 βρώματος
837 2770 911 2805 γέγο-

162 2862 171 2878 ¹
187 2861 208 2889 ιδ’
223 2870 263 2896 γω
281 2862 319 2889 δέ.
359 2863 368 2878 ³
384 2861 414 2890 F.
430 2862 538 2894 αὐτούς.
577 2861 587 2877 ⁸
604 2861 671 2891 Gen.
683 2870 725 2895 ιιι,
739 2862 764 2889 5.

963 2404 1163 2432 multitudinem
1177 2425 1184 2437 ,
1205 2409 1232 2432 et
1250 2405 1423 2433 fraudulenta
1438 2406 1664 2433 consiliadudum
1680 2408 1753 2442 apud

962 2457 991 2478 se
1005 2455 1182 2485 conceperat.
1199 2450 1293 2485 Neque
1309 2459 1374 2478 vero
1387 2452 1461 2479 solus
1475 2452 1519 2479 ille
1530 2471 1538 2484 ,
1556 2452 1602 2487 qui
1615 2453 1752 2481 extrinse-

961 2503 1010 2523 cus
1025 2497 1191 2531 apparebat,
1209 2505 1322 2532 serpens
1339 2498 1408 2525 tanti
1425 2498 1489 2525 mali
1513 2506 1626 2526 causam
1642 2500 1752 2532 attulit;

960 2542 1006 2569 sed
1022 2543 1067 2576 qui
1084 2549 1132 2577 per
1148 2550 1209 2569 eum
1228 2543 1389 2577 loquebatur
1402 2543 1473 2570 alius
1488 2551 1603 2579 serpens
1615 2563 1623 2576 ,
1642 2544 1695 2571 hoc
1710 2550 1753 2571 est

963 2587 1105 2619 diabolus.
1127 2588 1173 2623 qui
1199 2588 1323 2615 auditum
1347 2589 1398 2616 viri
1425 2589 1549 2617 mulieris
1575 2597 1643 2617 usus
1670 2597 1751 2624 opera

963 2635 1143 2669 perturbavit.
1167 2634 1260 2670 Neque
1285 2635 1388 2670 lignum
1404 2636 1493 2671 ipsum
1517 2640 1658 2671 peccatum
1679 2636 1750 2669 fuit;

963 2680 1031 2707 nihil
1046 2680 1117 2707 enim
1136 2688 1150 2707 a
1173 2680 1228 2708 Deo
1253 2682 1316 2708 mali
1335 2682 1454 2714 seritur,
1481 2682 1529 2710 sed
1551 2682 1614 2709 boni
1632 2682 1751 2716 malique

964 2725 1148 2760 cognitionem
1175 2727 1279 2762 lignum
1308 2727 1374 2755 illud
1400 2728 1500 2755 attulit.
1527 2727 1561 2755 At
1586 2735 1639 2754 non
1660 2735 1692 2754 ex
1717 2734 1749 2754 ea

964 2771 1079 2799 scientia
1097 2780 1170 2800 mors
1179 2776 1232 2806 est,
1245 2772 1293 2801 sed
1305 2781 1336 2801 ex
1350 2773 1522 2801 contumacia
1538 2772 1669 2808 profecta.
1681 2771 1749 2799 Nam
