1952 3045
182 148 237 178 6ίῦ

877 147 907 174 S.
928 142 1098 174 EPlPIlANll

1760 146 1814 175 σιι

184 212 242 235 tota
259 206 346 234 hostis
362 206 408 234 illa
423 205 559 233 calliditas
571 213 627 233 non
647 205 679 233 ad
695 212 786 232 escam
800 205 971 240 pertinebat;

1030 214 1079 238 μεν,
1093 205 1150 232 ἀλλ’
1166 205 1259 231 ἕνεκεν
1284 205 1330 232 τοῦ
1353 204 1521 241 ἐργάσασθαι
1544 207 1636 240 αὐτοῖς
1658 217 1707 244 την
1721 217 1814 244 παρα·

186 254 232 281 sed
246 261 279 280 eo
293 253 465 288 potissimum
481 252 632 287 spectabat,
648 255 677 278 ut
693 251 752 278 illos
770 253 802 278 ad
816 251 973 278 violandunt

185 299 230 326 Dei
247 298 403 326 mandatum
420 298 580 333 impelleret.
599 297 638 323 Ex
653 304 709 331 quo
726 301 792 323 tunc
811 297 929 329 accidit,
946 301 975 324 ut

185 345 243 379 lege
265 348 419 379 contempta
446 351 461 371 e
481 343 609 378 paradiso
628 343 805 377 pellerentur,
822 343 975 376 meritoque

184 390 395 424 castigarentur,
421 396 475 416 non
500 389 563 415 odio
585 388 656 419 ttllo,
681 388 731 415 Sed
756 387 801 415 llci
825 395 890 422 erga
914 388 975 414 illos

185 443 250 462 cura
273 434 497 469 providentiaque
521 433 662 468 singulari.
676 433 721 460 Sic
747 433 820 460 enittt
844 432 976 460 Dominus

185 480 260 514 ipsos
275 480 422 514 alloquitur
436 489 441 506 :
458 479 540 506 Terra
554 487 581 506 es
591 499 598 510 .
612 483 636 506 et
651 479 678 505 in
690 483 789 505 terram
804 479 938 505 reverteris
954 478 973 505 ί.

187 526 326 561 Siquidem
348 526 445 554 rationi
466 530 680 553 consentaneum
707 525 768 556 l'uit,
784 531 813 552 nt
833 525 877 552 ille
893 531 975 552 verus

186 573 302 605 artifex,
326 573 397 609 ﬁguli
424 573 522 605 instar,
545 572 635 606 operis
653 571 713 605 ejus
733 579 764 597 ac
789 571 883 603 vasis,
902 569 974 604 quod

187 619 313 646 manibus
340 619 464 649 ﬁnxerat,
487 625 582 645 curam
599 625 706 652 gerens,
726 617 845 651 idipsum
860 624 892 643 ex
907 624 976 650 pra:-

187 663 257 697 cepti
274 663 421 690 violatione
436 661 621 691 imtttunitum,
635 660 756 695 quandiu
770 661 849 687 molle
868 659 955 686 adltttc
966 680 974 692 ,

187 711 269 746 239
283 714 311 736 ut
330 711 366 736 ita
382 709 513 740 dixerint,
537 709 623 735 ltttttm
635 713 709 740 erat,
732 714 812 742 atque
828 715 859 734 ex
878 707 975 734 ﬁssura

187 755 303 791 quadam
319 762 351 781 ac
373 755 440 781 rinta
458 754 589 789 perﬂuere
613 759 745 789 cmperat,
764 761 816 780 non
839 753 875 779 ila
890 753 975 779 desti-

189 804 294 833 tueret,
311 801 358 828 sed
383 800 409 827 itt
432 800 575 834 prislinatn
596 807 713 826 massant
732 799 881 833 redigeret,
905 802 933 824 ttt
947 798 974 824 in

188 841 338 874 instaurata
365 845 410 872 illa
434 844 626 879 generatione,
658 844 710 870 hoc
736 847 777 870 cst
805 846 974 869 mortuorum

187 893 370 923 excitatione.
391 899 439 918 vas
467 891 534 917 illud
559 890 676 926 priorem
698 889 730 916 ad
747 889 975 923 pulchritudinem
993 886 1012 912 Β

188 939 360 972 nitoremque
380 942 536 968 revocaret;
561 937 616 962 into
634 935 735 970 aliquid
754 935 778 962 ei
803 935 914 969 insuper
931 934 978 960 atl-

187 983 294 1018 jiceret.
320 983 397 1015 Quod
421 982 454 1010 tle
477 990 571 1009 eorum
601 982 763 1016 corporibus
789 980 976 1015 accipiendum

189 1033 241 1059 est,
257 1029 302 1063 qui
320 1032 380 1063 post
392 1028 528 1055 horrenda
546 1028 649 1055 scelera
668 1027 827 1062 poenitentia
846 1027 931 1058 dtteti,
951 1031 977 1052 et

190 1081 205 1100 a
220 1074 328 1101 delictis
348 1074 485 1105 revocati,
500 1075 526 1100 in
546 1073 611 1100 Jcsu
633 1074 735 1100 (lltristi
763 1073 869 1100 Domini
892 1073 977 1099 nostri

189 1120 345 1155 cognitione
363 1120 476 1155 perfecti
494 1124 573 1152 sunt,
590 1124 619 1146 ιιι
634 1120 678 1146 illa
692 1120 725 1147 de
739 1124 810 1146 terra
825 1127 913 1146 massa
927 1119 974 1145 de-

189 1172 246 1190 nuo
267 1168 406 1199 t'esurgat,
432 1164 534 1199 argilla:
555 1164 656 1196 instar,
678 1172 738 1199 qua:
761 1164 874 1190 artificis
895 1171 974 1190 manu

1025 251 1185 286 κοήν.”Οθεν
1199 251 1420 287 παρακούσαντες
1432 252 1504 284 τότε,
1519 252 1565 279 τοῦ
1585 254 1634 288 μὲν
1642 254 1812 290 Παραδείσου

1024 297 1124 329 ἔξωθεν
1142 297 1271 331 γίνονται,
1287 297 1495 333 ὲπιτιμηθέντες
1511 298 1675 331 δικαιότατα,
1694 300 1723 326 οὐ
1740 299 1813 326 κατὰ

1027 344 1116 378 μῖσος,
1140 342 1208 369 ἀλλὰ
1230 343 1301 370 κατὰ
1318 344 1476 379 ἐπιμέλειαν
1501 344 1548 370 τοῦ
1573 344 1650 371 Θεοῦ.
1671 346 1740 381 Φησὶ
1757 345 1813 381 γὰρ

1026 389 1094 424 πρὸς
1120 389 1219 421 αὐτοὺς
1244 390 1258 416 ὁ
1280 389 1397 424 Κύριος·
1416 389 1462 424 Γῆ
1480 388 1517 422 εἴ,
1546 391 1594 417 καὶ
1617 392 1661 423 εις
1673 391 1732 425 γῆν
1753 391 1813 418 ἀπ-

1026 435 1227 469 ελεύοῃ.Ἐδει
1235 435 1288 471 γὰρ
1301 435 1345 462 τὸν
1359 436 1442 467 ὅντως
1454 436 1517 462 ὄντα
1527 436 1658 472 τεχνίτην,
1668 437 1813 472 κεραμέως

1025 480 1101 516 δίκην
1116 480 1312 516 ἐπιμελόμενον
1326 481 1372 508 τοῦ
1386 481 1450 508 ἰδίου
1466 482 1510 508 διὰ
1537 482 1635 518 χειρῶν
1653 483 1813 518 πεπλασμέ-

1025 535 1070 552 νου
1085 525 1166 552 αὑτοῦ
1184 526 1341 561 πλάσματος
1358 536 1387 553 τε
1410 527 1457 553 καὶ
1478 527 1588 561 ἄγγους,
1607 527 1683 554 τοῦτο
1698 527 1813 563 ὕστερον

1025 572 1055 598 ἐν
1075 571 1246 608 ἐλαττώματι
1266 573 1377 607 γεγονὸς
1401 572 1446 600 διὰ
1470 574 1519 608 τῆς
1534 574 1686 608 παρακοῆς,
1701 574 1758 603 καὶ,
1774 573 1813 605 ὡς

1026 619 1122 650 εἰπεῖν,
1140 618 1179 644 ἔτι
1195 618 1282 653 πηλοῦ
1299 619 1384 651 ὄντος,
1402 620 1449 646 καὶ
1462 619 1499 651 ὡς
1512 620 1563 646 ὑπὸ
1576 619 1679 654 ῥαγάδα
1691 619 1813 654 ἀπόρρυ-

1027 665 1085 698 μα’
1103 664 1243 698 γεγονότος
1269 664 1315 690 τοῦ
1340 665 1449 699 ἄγγους,
1469 664 1506 700 μὴ
1529 665 1606 692 ἐάσαι
1630 664 1726 696 οὕτως,
1743 665 1813 691 ἀλλὰ

1028 710 1188 745 μεταϐαλεῖν
1203 711 1242 742 είς
1257 711 1286 737 τὸ
1301 711 1413 746 ἀρχαῖον
1429 711 1555 746 φύραμα·
1572 711 1614 737 ἵνα
1631 708 1708 742 αὖθις
1732 711 1760 736 ἐν
1777 711 1810 745 τῇ

1027 755 1220 792 παλιγγενεσία
1233 757 1406 794 ἀνασκευάσῃ
1421 757 1451 783 τὸ
1466 758 1549 791 ἄγγος
1564 759 1593 784 ὲν
1607 758 1639 792 τῇ
1665 757 1812 783 ἀναστάσει

1026 801 1065 832 εἰς
1082 802 1130 836 τὴν
1147 802 1261 837 ἀρχαίαν
1283 803 1457 838 φαιδρότητα,
1474 804 1520 830 καὶ
1547 803 1586 829 ἔτι
1611 802 1811 838 περιττότερον·

1027 848 1149 874 τουτέστι
1163 849 1197 875 τὰ
1211 850 1324 885 σώματα
1343 850 1396 877 τῶν
1415 851 1449 877 τὰ
1471 850 1624 877 ἀδικώτατα
1639 849 1812 885 πραξάντων,

1028 894 1073 920 καὶ
1090 896 1321 931 μετανοησάντων,
1331 898 1376 923 καὶ
1388 897 1562 923 ἀποστάντων
1576 896 1630 922 τῶν
1645 896 1715 922 ἰδίων
1728 895 1814 930 σφαλ-

1028 939 1130 974 μάτων,
1149 943 1195 968 καὶ
1219 943 1247 968 ἐν
1268 943 1300 977 τῇ
1324 942 1422 977 γνώσει
1444 943 1490 969 τοῦ
1514 942 1618 978 Κυρίου
1633 941 1709 977 ἡμῶν
1723 940 1811 976 Ἰησοῦ

1026 985 1143 1020 Χριστοῦ
1167 987 1379 1014 τελειωθέντων·
1396 989 1439 1015 ἵνα
1453 989 1564 1023 γένηται
1584 988 1630 1014 τοῦ
1652 988 1812 1023 φυράματος

1027 1030 1043 1064 ἡ
1058 1030 1205 1063 ἀνάστασις
1219 1032 1252 1058 ὲκ
1266 1032 1314 1067 τῆς
1332 1033 1393 1067 γῆς,
1408 1034 1445 1064 ὼς
1458 1033 1571 1069 φύραμα
1587 1033 1721 1068 μαλαχθὲν
1736 1032 1812 1068 παρὰ

1027 1075 1072 1101 τοῦ
1086 1076 1218 1110 τεχνίτου,
1237 1079 1282 1104 καὶ
1299 1076 1375 1110 αὖθις
1389 1080 1428 1110 εἰς
1440 1079 1488 1114 τὴν
1503 1079 1628 1115 ἀρχαίαν,
1644 1079 1690 1105 καὶ
1704 1078 1743 1105 ἔτι
1756 1078 1813 1113 βελ-

1028 1121 1077 1148 τίω
1098 1122 1270 1151 ἀνατύπωσιν
1294 1124 1515 1160 κατασκευασθῇ.
1531 1124 1648 1159 Τοιαύτη
1671 1123 1720 1158 μὲν
1745 1121 1779 1158 ἦν
1793 1123 1811 1157 ἡ

1029 1168 1157 1204 ἐπιϐουλὴ
1174 1170 1220 1196 τοῦ
1238 1170 1325 1205 beam;
1342 1171 1410 1206 πρὸς
1424 1171 1471 1206 τὴν
1487 1170 1569 1198 Εὕαν.

190 1211 309 1238 mollitur
349 1218 381 1238 ac
423 1211 578 1245 subigitur;
608 1219 695 1246 eoque
727 1211 808 1238 modo
838 1212 865 1238 in
902 1211 976 1245 antiq

1030 1222 1041 1240 tt
1078 1217 1117 1243 vel
1156 1218 1238 1244 etiam
1272 1218 1488 1252 prtestantiorem
1525 1217 1644 1252 speciem
1681 1215 1813 1242 reforme-

190 1271 244 1294 tur.
267 1267 346 1294 Tales
366 1267 497 1295 adversus
509 1267 591 1294 Evam
612 1268 687 1295 fuere
704 1267 839 1302 serpentis
859 1267 977 1294 insidizu.

226 1347 259 1374 ll.
282 1347 387 1375 Etenim
408 1348 464 1383 jam
484 1354 540 1377 tum
562 1347 596 1374 ab
619 1346 698 1373 initio
721 1349 819 1372 natura
841 1345 981 1372 hominum

190 1393 321 1420 novitatis
349 1393 445 1428 cupida
458 1414 466 1426 ,
489 1393 566 1421 vanis
579 1392 735 1426 dogtttatum
757 1391 872 1418 somniis
884 1395 910 1417 et
925 1391 983 1416 ina-

191 1438 272 1466 ttlbus
299 1439 444 1474 promissis
468 1440 536 1466 solet
566 1437 662 1472 abripi.
685 1435 717 1463 Et
729 1437 836 1471 quidem
849 1436 981 1471 principio

192 1485 279 1512 latens
296 1486 341 1513 ille
364 1493 395 1512 ac
418 1485 520 1512 sensim
540 1484 684 1516 obrepens,
705 1482 776 1510 ictus
793 1481 983 1508 \‘enetmliexi-

191 1530 462 1558 tuntdissitnulabat.
488 1529 584 1556 [’nstca
609 1535 671 1554 cutn
697 1526 822 1553 Salvator
839 1533 1012 1576 assumptoC

192 1583 306 1610 corpore
321 1576 450 1607 venisset,
465 1575 538 1602 virus
552 1582 632 1601 omne
655 1580 734 1600 sutttn
758 1580 789 1599 ac
809 1572 904 1599 nefarii
921 1581 976 1598 st-e-

192 1621 257 1648 leris
270 1621 470 1655 improbitatem
483 1628 607 1647 evomere
617 1627 648 1646 ac
663 1620 796 1653 despuere
808 1623 900 1653 eu‘ptt.
910 1618 978 1644 Nam

193 1667 370 1701 semetipsum
386 1666 537 1693 infelicium
555 1667 662 1692 illorttm
679 1665 816 1691 tuentibus
831 1664 875 1690 Dei
894 1665 980 1690 instar

195 1712 348 1739 habendum
377 1711 625 1745 celebrauduutque
650 1711 802 1744 proposuit.
830 1709 882 1736 Sed
909 1710 978 1735 idem

194 1764 317 1792 serpens,
343 1757 389 1791 qui
416 1764 463 1791 per
488 1757 613 1782 alumnus
635 1755 786 1789 disciplina:
802 1762 858 1781 sua:
878 1760 978 1787 postea,

193 1803 257 1830 olim
286 1811 333 1838 per
357 1803 549 1838 aspcetabiletn
575 1802 650 1828 illum
673 1806 837 1835 serpentem,
857 1801 980 1827 homines

194 1849 388 1881 circumvenit;
412 1848 550 1875 diabolum
573 1848 645 1874 enim
671 1847 811 1881 Scriptura
830 1853 978 1881 serpentem

194 1895 334 1927 nominat;
352 1902 406 1921 non
421 1894 491 1929 quod
508 1902 538 1920 ea
552 1894 588 1920 sit
600 1893 659 1927 ejus
676 1893 760 1927 ﬁgura
771 1913 777 1924 ,
799 1893 845 1919 sed
862 1893 932 1927 quod
948 1900 981 1918 ex

194 1941 323 1968 omnibus
347 1940 442 1968 bestiis
468 1940 503 1967 sit
530 1940 576 1966 ille
602 1939 832 1971 tortuosissitntts,
855 1938 981 1973 quodque

194 1988 310 2023 primam
331 1986 452 2013 omnium
473 1984 594 2012 fraudem
614 1985 666 2012 sub
686 1985 819 2019 serpentis
841 1985 980 2011 involttcro

196 2034 307 2061 molitus
324 2032 414 2060 ftterit.
434 2031 615 2065 Quamobrem
631 2031 703 2066 apud
717 2039 775 2063 eos,
791 2031 836 2066 qui
858 2031 981 2058 veritatis

196 2080 270 2107 haud
288 2079 374 2115 ignari
392 2083 466 2110 sunt,
487 2077 633 2105 ridiculum
652 2082 694 2105 est
710 2077 784 2105 illius
800 2078 908 2112 dogma,
926 2085 980 2104 non

197 2125 289 2152 minus
318 2131 399 2159 qttam
428 2123 474 2158 qui
503 2123 590 2150 eidem
625 2123 830 2157 acquiescetttes
860 2122 981 2149 numinis

197 2169 285 2198 instar
298 2173 450 2204 serpentem
465 2168 568 2195 colunt.
587 2167 716 2195 Diabolus
731 2168 829 2203 quippe
839 2190 846 2201 ,
862 2175 923 2194 cum
940 2169 980 2194 vi-

1066 1344 1104 1370 B'.
1127 1343 1171 1376 Ὲξ
1185 1343 1272 1379 ἀρχῆς
1284 1344 1337 1379 γὰρ
1353 1343 1469 1378 λίχνοςὴ
1487 1340 1643 1377 ἀνθρωπεία
1658 1340 1748 1375 φύσις,
1764 1339 1814 1366 καὶ

1031 1389 1190 1424 ὑπαγομένη
1204 1389 1246 1415 ἀεὶ
1256 1390 1312 1420 τοῖς
1325 1390 1371 1424 τῆς
1390 1388 1555 1422 κενοφωνίας
1572 1387 1688 1422 δόγμασι
1705 1387 1751 1413 καὶ
1765 1395 1814 1412 κε-

1030 1435 1088 1466 ναῖς
1114 1434 1284 1468 ὐποσχέσεσι.
1308 1434 1362 1460 Καὶ
1388 1433 1471 1460 πάλαι
1488 1433 1536 1468 μὲν
1558 1431 1780 1467 κρυπαζόμενος
1801 1431 1815 1457 ὑ

1030 1481 1110 1511 αὐτὸς
1138 1480 1186 1506 οὐκ
1213 1479 1305 1515 ἐδήλου
1325 1480 1374 1515 τῆς
1399 1478 1480 1506 αὑτοῦ
1514 1478 1629 1509 ίοϐολίας
1652 1478 1683 1504 τὸ
1708 1477 1814 1512 πέρας·

1030 1525 1142 1561 ὕστερον
1158 1526 1185 1551 δὲ
1209 1526 1277 1561 μετὰ
1302 1525 1350 1561 τὴν
1368 1525 1497 1561 ἕνσαρκον
1521 1524 1639 1560 Χριστοῦ
1663 1523 1815 1558 παρουσίαν

1030 1571 1075 1606 ὲξή
1082 1580 1113 1607 με
1119 1571 1147 1597 σέ
1160 1579 1188 1597 τε
1209 1572 1254 1597 καὶ
1273 1571 1412 1597 ἀπέπτυσε
1426 1571 1474 1606 τὴν
1489 1571 1577 1596 πᾶσαν
1589 1568 1670 1596 αὑτοῦ
1692 1569 1754 1604 ἰώδη
1767 1569 1815 1595 καὶ

1032 1617 1171 1653 μοχθηρὰν
1194 1617 1314 1644 ἐπίνοιαν
1335 1617 1385 1652 τῆς
1400 1617 1552 1648 κακονοίας.
1570 1615 1653 1648 Οὗτος
1676 1616 1730 1651 γάρ
1748 1623 1815 1649 προ-

1029 1664 1141 1690 εϐάλετο
1155 1663 1249 1689 ἑαυτὸν
1264 1665 1292 1689 ὲν
1306 1665 1339 1698 τῇ
1355 1663 1407 1690 τῶν
1419 1663 1602 1698 ἠπατημένων
1620 1662 1722 1697 διανοίᾳ
1741 1661 1815 1694 δοξά-

1031 1709 1123 1741 ζεσθαι
1145 1709 1182 1740 ὡς
1206 1708 1272 1740 Θεὸς
1287 1709 1333 1734 καὶ
1356 1709 1525 1743 προνοεῖσθαι
1541 1709 1557 1733 ³.
1579 1708 1740 1735 ιἰνώσκεται
1759 1707 1786 1733 δὲ
1801 1708 1816 1733 ὀ

1030 1756 1110 1786 αὐτὸς
1125 1756 1183 1789 ὗῳις
1216 1756 1259 1782 διὰ
1284 1765 1314 1782 τε
1335 1756 1384 1790 τῆς
1407 1755 1490 1781 αὑτοῦ
1509 1755 1606 1790 σχολῆς
1634 1754 1744 1789 ταύτης,
1768 1751 1815 1779 καὶ

1030 1801 1064 1827 δι’
1079 1801 1165 1834 esset;
1182 1801 1228 1827 τοῦ
1242 1801 1369 1836 αἰσθητοῦ
1392 1802 1441 1836 τὴν
1461 1801 1567 1834 ἀπάτην
1587 1799 1718 1835 ἐμποιῶν.
1736 1800 1815 1833 Ὄφιν

1031 1847 1058 1873 δὲ
1075 1847 1154 1882 δῆοεν
1171 1849 1188 1882 ἡ
1201 1847 1259 1874 θεία
1281 1847 1375 1882 Γραφὴ
1390 1848 1467 1873 καλεί
1485 1846 1530 1873 τὸν
1547 1846 1678 1878 διάϐολον,
1700 1845 1730 1871 οὐ
1747 1845 1815 1871 πάν-

1031 1903 1084 1925 τως
1107 1894 1171 1920 ὄντα
1186 1893 1304 1920 τοιοῦτον
1323 1895 1354 1928 τῇ
1379 1894 1479 1928 μορφῇ,
1505 1892 1573 1919 ἀλλὰ
1595 1892 1638 1918 διὰ
1663 1892 1708 1918 τὸν
1724 1891 1816 1926 ιριςιινό⁴

1033 1948 1111 1975 μενον
1122 1941 1177 1971 τοῖς
1191 1939 1343 1975 ἀνθρώποις
1356 1938 1543 1971 σκολιώτατον,
1558 1938 1604 1964 καὶ
1617 1938 1648 1964 τὸ
1658 1939 1686 1964 ὲν
1698 1937 1816 1974 πρώτοις

1031 1986 1059 2013 ἐν
1070 1986 1130 2021 ὄφει
1143 1986 1288 2023 ὲνεργηθὲν
1302 1988 1351 2021 τῆς
1363 1986 1469 2021 ἀπάτης
1482 1985 1654 2020 σκευώρημα.
1668 1985 1746 2021 Παρὰ
1760 1987 1816 2017 τοῖς

1030 2033 1119 2059 τοίνυν
1141 2033 1190 2068 τὴν
1210 2032 1348 2068 ζάλήοειαν
1375 2031 1583 2066 ἐπιγινώσκουσι
1615 2032 1816 2066 καταγέλαστον

1031 2078 1126 2104 τούτου
1149 2078 1179 2104 τὸ
1194 2078 1292 2113 δόγμα,
1314 2079 1360 2105 καὶ
1383 2079 1406 2104 oi
1430 2077 1503 2113 αὐτῷ
1523 2078 1745 2113 προσανέχοντες,
1769 2078 1816 2104 τὸν

1031 2124 1092 2159 ὅφιν
1111 2124 1148 2156 ὡς
1167 2124 1233 2150 Θεὸν
1253 2123 1420 2156 δοξάζοντες.
1437 2123 1544 2159 Μηκέτι
1567 2123 1620 2158 γὰρ
1640 2123 1786 2158 δυνάμενος
1801 2121 1816 2149 ὁ

1031 2170 1153 2201 διάϐολος
1166 2170 1216 2205 τὴν
1235 2169 1360 2205 ἀνδρείαν
1377 2169 1496 2196 διάνοιαν
1512 2169 1561 2204 τὴν
1573 2169 1627 2195 ἀπὸ
1646 2169 1692 2195 τοῦ
1712 2169 1815 2204 Κυρίου

195 2215 273 2242 rilem
287 2215 406 2240 anintum
420 2213 544 2240 veritatis
557 2220 572 2239 a
588 2212 642 2240 Deo
652 2213 807 2249 cognitione
823 2213 978 2240 roboratum

1032 2215 1165 2242 λαϐοῦσαν
1183 2216 1232 2250 τὴν
1245 2215 1357 2250 δύναμιν
1377 2216 1427 2251 τῆς
1441 2215 1568 2250 ἀληοείας
1583 2215 1700 2250 ἀπατᾷν,
1716 2214 1816 2249 τρέπε-

195 2261 320 2295 decipere
342 2267 395 2287 non
419 2263 522 2294 posset,
546 2258 581 2285 ad
602 2259 742 2286 mulierem
763 2266 824 2286 sesc
839 2259 983 2291 convertit,

196 2305 337 2333 ltominum
358 2305 481 2332 videlicet
502 2304 701 2339 ignorantiam;
721 2308 747 2331 et
763 2305 892 2339 quoniam
909 2304 986 2331 forti-

198 2351 250 2378 bus
265 2351 380 2385 ingeniis
396 2351 491 2385 nequit
505 2350 630 2382 illudere,
647 2357 694 2377 eos
708 2350 808 2384 quibus
826 2350 984 2385 ignorantiae

198 2397 307 2423 ca-citas
324 2395 440 2423 obducta
454 2401 507 2428 est,
526 2396 560 2423 ad
575 2403 635 2423 sese
651 2400 767 2422 conatur
781 2396 899 2424 allicere.
916 2396 984 2424 Nam

198 2442 378 2470 muliebribus
404 2446 535 2476 perpetuo
561 2441 774 2476 cogitationibus
800 2441 981 2473 adhaerescit.

198 2486 330 2521 voluptati
344 2486 474 2513 nimirum
487 2489 514 2513 et
528 2485 670 2520 cupiditati
682 2505 689 2518 ,
704 2486 756 2512 hoc
771 2489 813 2512 est
825 2486 984 2515 effeminate

198 2533 227 2560 in
243 2532 398 2559 hominibus
415 2532 591 2566 ignorantiae;
609 2531 686 2558 ﬁrma
703 2539 767 2558 vero
784 2539 815 2559 ac
829 2534 985 2561 constantia

197 2579 307 2615 ingenia
330 2577 505 2610 reformidat,
521 2585 581 2612 qua:
597 2585 686 2604 rerum
703 2578 825 2605 omnittm
841 2583 986 2606 consenta-

197 2631 277 2653 neam
302 2631 334 2651 ae
353 2630 504 2658 congruam
527 2622 651 2650 notitiam
674 2622 834 2653 informant.
851 2632 882 2651 ac
899 2623 983 2652 Deum

198 2671 288 2706 ipsum
312 2677 346 2696 ex
370 2672 475 2695 naturae
489 2668 547 2702 lege
568 2667 739 2694 discernunt.
757 2667 896 2695 Christum
912 2669 983 2696 enitn

199 2724 228 2744 se
244 2715 351 2742 illorum
363 2722 423 2742 esse
436 2721 549 2749 serpens
561 2713 707 2747 praedicat;
721 2713 803 2748 270
818 2713 858 2741 vel
874 2714 985 2742 minime

200 2761 257 2796 ipse
268 2761 388 2796 quidem,
407 2767 494 2795 neque
509 2759 582 2786 enim
601 2759 673 2794 loqui
692 2763 799 2794 potest;
817 2759 863 2786 sed
879 2761 925 2795 qui
944 2766 982 2787 ta-

236 2838 245 2855 ¹
259 2837 327 2866 Gen.
343 2844 383 2872 tn,
400 2837 441 2864 19.
478 2837 488 2853 ³
507 2835 538 2864 F.
551 2836 598 2862 καὶ
611 2836 691 2871 amp.

731 2836 740 2852 ³
750 2835 782 2864 F.
802 2836 1016 2871 προσκυνεῖσθαι.

1031 2269 1075 2289 ται
1091 2261 1136 2287 ἐπὶ
1144 2261 1174 2287 τὸ
1188 2260 1264 2296 θῆλυ,
1275 2261 1396 2287 τουτέστι
1411 2260 1458 2296 τὴν
1472 2260 1525 2286 τῶν
1536 2260 1684 2296 ἀνθρώπων
1695 2261 1816 2294 ἄγνοιαν,

1032 2307 1079 2334 καὶ
1095 2306 1183 2333 πείθει
1201 2307 1264 2338 τοὺς
1281 2306 1310 2333 ὲν
1324 2308 1357 2342 τῇ
1370 2305 1475 2342 ἀγνοίᾳ,
1495 2306 1587 2341 ἐπειδὴ
1602 2307 1633 2332 οὺ
1650 2306 1760 2332 δύναται
1771 2305 1817 2333 τὸν

1033 2352 1142 2389 στερεὸν
1163 2352 1291 2388 λογισμὸν
1306 2352 1455 2387 ἀπατῆσαι.
1470 2351 1602 2387 Θηλυκοῖς
1623 2351 1676 2388 γὰρ
1696 2352 1739 2378 ἀεὶ
1756 2352 1816 2378 δια-

1032 2399 1150 2433 νοήμασι
1164 2397 1355 2433 προσπελάζει,
1369 2397 1449 2433 ἡδονῇ
1468 2404 1497 2423 τε
1511 2398 1558 2424 καὶ
1577 2397 1721 2433 ἐπιθυμίᾳ,
1737 2405 1817 2423 τουτο

1035 2443 1093 2469 ἐστι
1106 2444 1139 2478 τῇ
1154 2443 1183 2469 ὲν
1204 2442 1356 2478 ἀνθρώποις
1376 2442 1557 2478 θηλυνομένῃ,
1572 2443 1619 2469 καὶ
1631 2443 1691 2478 ουχὶ
1706 2443 1745 2478 τῷ
1758 2451 1819 2470 στε-

1036 2488 1090 2524 ρεῷ
1102 2488 1234 2524 λογισμῷ,
1245 2489 1284 2524 τῷ
1293 2488 1410 2522 εὐλόγως
1423 2488 1458 2514 τὰ
1470 2488 1558 2515 πάντα
1575 2489 1741 2520 νοοῦντι,καὶ
1750 2489 1817 2515 Θεὸν

1034 2533 1087 2559 ἀπὸ
1100 2532 1147 2558 τοῦ
1162 2533 1231 2559 κατὰ
1248 2533 1328 2567 φύσιν
1342 2533 1423 2568 νόμου
1439 2533 1654 2567 ὲπιγινώσκοντι.
1669 2533 1749 2567 Λέγει
1762 2533 1818 2570 γὰρ

1035 2577 1131 2604 ἑαυτὸν
1145 2575 1214 2604 εἶναι
1231 2577 1349 2613 Χριστὸν
1364 2579 1378 2604 ὁ
1391 2578 1457 2611 παρ’
1465 2578 1557 2609 αὐτοῖς
1577 2577 1638 2611 ὄφις
1649 2585 1655 2591 ·
1676 2578 1773 2612 μᾶλλον
1789 2578 1818 2604 δὲ

1034 2622 1084 2649 οὐκ
1095 2623 1175 2654 αὐτὸς
1212 2623 1252 2658 (οὐ
1267 2623 1322 2660 γὰρ
1337 2623 1447 2650 δύναται
1467 2622 1753 2658 φθέγξασθαι),ἀλλὰὸ
1769 2622 1819 2658 τὴν

1033 2669 1123 2696 αὐτῶν
1140 2669 1242 2696 ἔννοιαν
1255 2668 1326 2696 οὕτω
1342 2671 1450 2706 φρονεῖν
1462 2669 1818 2704 παρασκευάσαςδιάεολος.

1034 2715 1081 2747 Τίς
1092 2715 1189 2748 τοίνυν,
1199 2714 1260 2742 ἰδὼν
1271 2715 1317 2742 τὸν
1327 2715 1398 2750 ὄφιν,
1410 2716 1460 2742 οὐκ
1471 2715 1650 2750 ἐπιγνώσεται
1659 2715 1703 2741 τὸν
1711 2714 1818 2750 ἐχθρὸν,

1035 2761 1081 2788 καὶ
1094 2761 1236 2796 (pedis-rat;
1249 2760 1350 2788 Τούτου
1365 2761 1419 2797 γὰρ
1430 2761 1522 2789 ἕνεκεν
1535 2761 1580 2788 καὶ
1596 2762 1610 2787 ό
1625 2761 1725 2797 Κύριος
1739 2760 1818 2787 αὐτὸν
