1952 3045
107 182 161 210 6.ιό

408 178 592 207 ADVERSUS
607 177 778 206 HIERESES
795 177 859 205 LIB.
876 177 895 205 l.
913 176 995 204 TOM.
1017 176 1097 204 lll.-—-
1113 175 1249 204 ll/EBES.
1270 175 1399 204 XXXVII.

1684 177 1736 206 656

105 237 201 265 τοῦτον
220 237 263 263 τὸν
283 236 344 271 ὅφιν
358 237 398 268 εἰς
414 237 525 272 ὲχορίαν
547 236 697 271 κατέστησε
717 235 763 262 τοῦ
782 235 836 263 τῶν
851 236 883 262 ἀν

948 235 1000 262 lem
1015 235 1129 262 istorum
1143 234 1280 262 mentibus
1292 234 1484 270 cogitationem
1494 233 1734 269 injecitdiabolus.

106 282 226 318 Ορὼπων
239 282 335 317 γένους
343 290 350 296 ·
364 281 456 317 ἐπειδὴ
467 282 533 314 ὅλως
548 281 643 313 σκεῦος
652 281 774 308 διαϐόλου
785 282 893 316 γέγονε,

106 329 206 363 κτῆνος
225 328 273 359 ὢν,
290 328 336 354 καὶ
351 327 384 354 δι’
406 327 487 354 αὑτοῦ
503 327 627 362 ὴπάτησε
645 327 766 358 διάϐολος
788 327 833 353 τὸν
850 327 896 354 ἄν-

107 374 216 409 θρωπον
236 375 264 400 ἐν
277 373 316 408 τῷ
333 373 508 408 παραδείσῳ·
527 373 578 405 ἵνα,
606 371 704 404 ἰδόντες
727 372 775 407 τὴν
799 370 895 398 τούτου

105 420 218 455 ὲχορίαν
230 420 277 446 τοῦ
290 419 418 455 αἰσθητοῦ
430 420 527 454 ὅψεως,
540 419 757 454 ἁποδιδράσχωσι
770 419 819 454 τῆς
830 419 897 446 ἀπάα

107 474 157 500 της
172 466 222 501 τὴν
241 465 396 500 ἐπιϐουλὴν,
415 466 461 492 καὶ
482 466 643 501 μισήσωσιν,
657 465 694 497 ὼς
717 465 814 496 εἰπεῖν,
830 463 892 491 Θεά-

107 511 206 537 σασοαι
225 512 270 538 καὶ
287 511 315 537 τὸ
330 509 408 542 εἶδος.

950 279 1050 314 Ecquis
1069 287 1133 306 vero
1156 279 1248 306 statim
1265 287 1297 306 ac.
1313 283 1466 313 serpentem
1490 279 1602 311 viderit,
1615 288 1670 307 non
1686 281 1737 308 ho-

948 329 1016 353 stem
1032 324 1229 352 animadvertat
1245 332 1276 352 ac
1293 324 1395 360 fugiat?
1409 324 1483 352 llanc
1497 325 1569 352 enim
1579 326 1613 352 ob
1624 331 1735 354 causam

948 371 1079 399 Dominus
1090 375 1242 406 serpentem
1256 371 1326 397 inter
1338 370 1533 406 hominumque
1545 379 1632 406 genus
1647 372 1735 400 hosti-

947 419 987 445 les
1013 418 1170 445 inimicitias
1205 416 1336 449 immisit;
1365 416 1439 452 quod
1469 417 1582 444 omnino
1609 417 1735 446 diabolus

948 465 1042 492 bestia:
1055 471 1141 499 genus
1154 463 1223 490 istud
1238 463 1311 490 velut
1324 463 1536 490 instrumentum
1553 463 1734 494 adhibuisset.

946 509 1137 544 hominemque
1154 509 1223 535 intra
1237 507 1355 543 paradisi
1370 513 1446 543 septa
1463 508 1627 542 decepisset,
1642 514 1670 536 nt
1685 509 1732 544 qui

105 559 212 585 externi
229 558 362 593 serpentis
379 557 504 584 hostilem
520 557 637 592 speciem
659 557 810 591 conspicati
834 556 946 590 fuerint,
967 557 1002 583 ab
1025 555 1084 591 ejus
1107 555 1214 582 insidiis
1228 559 1351 587 caveant,
1385 562 1417 581 ac
1450 554 1492 582 vel
1521 554 1621 590 ipsum,
1636 559 1666 582 ut
1695 555 1734 583 ita

106 604 207 636 dicam,
221 608 396 638 conspectum
414 603 486 630 illius
500 603 705 631 exhorrescant.

143 650 156 674 I
163 652 179 675 '.
201 649 367 675 Ἀποδιδόασι
380 647 407 674 δὲ
420 649 465 674 καὶ
478 644 550 674 οὗτοι
572 648 595 674 οἱ
613 649 717 682 Ὀφῖται
733 646 893 682 καλούμενοι

106 696 193 730 τούτῳ
210 695 248 730 τῷ
260 695 315 721 ἕοει
333 695 340 710 ¹
357 693 406 729 τὴν
421 695 510 720 πᾶσαν
524 694 633 729 γνῶσιν,
649 694 781 728 λέγοντες,
796 694 836 720 ὅτι
850 692 894 721 οὗ·

106 750 152 772 τος
169 740 239 776 ἁρχὴ
255 740 349 774 γέγονε
362 739 488 774 γνώσεως
509 741 565 770 τοῖς
578 739 744 775 ἀνθρὼποις’
764 739 893 775 μυθωδῶς

107 787 335 821 πιρεισφέροντες
353 785 387 812 τὰ
408 786 471 821 παρ’
492 786 582 816 αὐτοῖς
606 785 769 820 νομιζόμενα
788 785 891 820 μυστή-

108 842 165 868 ρια.
183 832 392 868 μιμολογὴματα
410 831 437 857 δὲ
456 831 529 861 ὅντα,
549 831 596 857 καὶ
613 830 710 866 χλεύης
724 831 829 866 ἔμπλεα
846 830 892 857 καὶ

109 877 360 913 ματαιοφροσύνης·
384 877 462 912 μῦθοι
483 876 538 912 γὰρ
557 877 594 908 ὡς
616 876 723 911 ἀληθῶς
743 873 825 902 οὗτοι.
838 877 892 904 Φά-

109 932 173 950 σκου
179 932 202 949 σι
212 923 264 958 γὰρ
271 923 324 949 ἀπὸ
331 922 377 949 τοῦ
391 922 446 949 ἄνω
458 922 558 954 Λὶὦνος
569 923 767 958 προὸεελῆσοαι
775 923 891 956 Atili/1;,

108 969 156 997 καὶ
182 969 336 1003 κατώτερον
357 968 521 1003 γεγενῆσθαι
540 969 554 995 6
576 968 736 995 Ἰαλδαῧαώθ
752 970 779 984 ¹”
799 969 892 996 τοῦτον

107 1016 136 1042 δὲ
160 1014 359 1051 προϐεϐλῆσθαι
383 1015 451 1041 κατὰ
476 1014 628 1050 ἀδράνειαν,
646 1015 691 1041 καὶ
714 1015 824 1049 ἄγνοιαν
845 1015 894 1050 τῆς

110 1060 177 1092 ιδίας
194 1060 307 1096 μητρὸς,
319 1059 438 1086 τουτέστι
451 1059 500 1094 τῆς
510 1059 565 1086 ἄνω
577 1060 740 1095 Προυνείκου
752 1060 771 1088 ³.
787 1059 893 1096 Ταύτην

107 1107 162 1142 γάρ
173 1115 238 1141 φασι
250 1106 298 1141 τὴν
307 1105 468 1141 Προύνεικον
478 1105 685 1141 κατεληλυθέναι
701 1107 740 1138 εἰς
752 1106 784 1133 τὰ
798 1106 892 1138 ὕδατα,

108 1152 156 1179 καὶ
173 1152 300 1187 μιχθῆναι
316 1152 415 1182 αὐτοῖς,
437 1151 483 1178 καὶ
501 1152 537 1187 μὴ
551 1151 707 1187 δεδυνῆσθαι
726 1153 766 1184 εἰς
789 1153 822 1179 τὰ
838 1153 894 1180 ἄνω

109 1199 218 1233 χωρεῖν,
236 1197 279 1224 διὰ
292 1197 322 1224 τὸ
345 1197 475 1232 μεμίχθαι
491 1197 530 1232 τῷ
547 1197 623 1233 βάρει
643 1198 692 1233 τῆς
707 1197 783 1233 ὕλης.
799 1199 894 1233 ἐπιμε-

111 1243 206 1279 μὶχθαι
217 1243 245 1269 δὲ
260 1243 344 1278 αὐτὴν
359 1245 415 1275 τοῖς
438 1243 515 1269 ὕδασι
539 1244 585 1270 καὶ
602 1245 635 1278 τῇ
654 1243 714 1280 ὕλῃ,
729 1244 776 1270 καὶ
795 1244 892 1279 μηκέτι

109 1289 254 1325 δυνηθῆναι
277 1289 438 1325 ἀναχωρεῖν.
459 1289 560 1324 Ἐπῆρε
581 1289 610 1315 δὲ
633 1290 731 1325 ἑαυτὴν
748 1291 816 1316 κατὰ
834 1290 893 1324 βίαν

108 1335 148 1366 εὶς
169 1335 204 1360 τὰ
224 1333 357 1369 ἀνώτερα,
381 1334 428 1360 καὶ
452 1333 584 1365 ἐξέτεινεν
609 1334 719 1369 ἑαυτήν·
739 1335 785 1361 καὶ
808 1334 894 1366 οὕτως

109 1379 219 1414 γέγονεν
235 1378 367 1414 ἀνώτερος
382 1377 504 1414 οὐρανός.
518 1379 572 1404 Καὶ
587 1379 624 1410 ὡς
636 1380 752 1413 παγεῖσα
769 1378 892 1414 εὕρηται,

111 1425 210 1460 μηκέτι
222 1424 356 1459 δυναμένη
368 1424 435 1459 μήτε
449 1424 504 1451 ἄνω
512 1424 654 1460 ἀναϐῆναι,
666 1425 734 1460 μήτε
746 1426 820 1452 κάτω
832 1433 895 1452 κατ-

110 1470 210 1496 ελθεῖν·
234 1468 301 1496 ἀλλὰ
321 1469 361 1500 εἰς
374 1469 403 1495 τὸ
417 1469 577 1504 μεσαίτατον
591 1470 709 1504 παγεῖσά
719 1479 748 1496 τε
761 1471 807 1496 καὶ
818 1471 894 1497 ἐκτε-

108 1503 214 1550 ταμένη
239 1514 342 1549 ἔμεινε.
368 1503 450 1541 Κάτω
477 1514 526 1550 μὲν
545 1515 600 1550 γὰρ
627 1503 823 1550 διατενεχοῆναι
845 1516 894 1542 οὐκ

982 645 1026 673 lil.
1057 644 1162 680 Ophitte
1188 651 1252 672 vero
1281 645 1345 672 huic
1378 645 1520 673 scientiam
1549 653 1656 673 omnem
1685 647 1735 674 tri-

946 691 1044 722 buunt,
1068 691 1158 725 itaque
1182 690 1344 724 proﬁtentur
1367 700 1373 717 :
1399 695 1552 725 serpentem
1577 691 1733 721 hominibus

946 735 1163 763 scientizeomnis
1173 739 1311 762 auctorem
1327 735 1481 767 exstitisse;
1495 735 1610 770 indeque
1626 735 1733 765 fabulas

946 790 1035 809 meras
1048 790 1116 817 quas
1131 789 1179 816 pro
1194 781 1330 816 mysteriis
1353 781 1452 808 habent
1474 782 1619 809 commenti
1644 786 1707 810 sunt
1723 792 1730 810 :

944 836 1005 854 cum
1033 828 1099 854 nihil
1122 827 1195 854 aliud
1218 832 1315 862 prmter
1330 827 1474 854 mimorum
1493 827 1597 855 ludicra
1612 829 1732 857 ridicula

946 882 1058 908 prorsus
1081 877 1108 901 et
1132 873 1222 900 inania
1245 873 1310 900 sint.
1339 871 1444 899 Etenim
1464 873 1498 900 ab
1517 873 1605 901 Aione
1625 882 1733 902 summo

945 924 1107 954 propagatos
1119 918 1222 946 {Eonas
1234 918 1393 945 existimant
1406 928 1412 945 :
1428 926 1442 945 e
1457 919 1556 954 quibus
1569 919 1678 948 inﬁmus
1690 924 1734 948 est

943 965 1114 997 Jaldahaoth,
1141 972 1220 1000 quem
1246 972 1279 992 ex
1308 964 1494 992 imbecillitate
1525 965 1733 1001 ignorantiaque

944 1019 1000 1038 sua:
1026 1012 1119 1038 matris
1138 1016 1263 1039 exortum
1288 1011 1424 1044 referunt;
1455 1011 1506 1038 hoc
1530 1016 1572 1039 est
1593 1013 1665 1040 illius
1686 1021 1733 1040 su-

943 1065 1052 1091 premae,
1065 1065 1147 1092 quam
1164 1057 1311 1085 Prunicum
1327 1057 1474 1092 appellant.
1492 1057 1567 1086 llanc
1579 1059 1650 1086 enim
1666 1067 1732 1086 nar-

945 1107 1005 1128 rant
1022 1103 1047 1129 in
1064 1110 1149 1138 aquas
1168 1103 1319 1138 delapsam,
1334 1103 1423 1138 iisque
1439 1105 1609 1140 contulistain
1625 1105 1732 1132 evolare

944 1149 1055 1175 minime
1086 1149 1225 1184 potuisse,
1253 1150 1325 1185 quod
1353 1151 1473 1178 materiae
1497 1151 1630 1186 gravitate
1654 1157 1726 1180 esset

945 1194 1090 1229 implicita;
1114 1195 1158 1222 cui
1184 1195 1293 1230 quidem
1312 1196 1424 1231 perinde
1439 1200 1469 1222 ut
1482 1197 1561 1231 aquis
1574 1196 1674 1224 inserta
1689 1205 1734 1224 re—

944 1239 1038 1267 cedere
1063 1239 1133 1267 ultra
1158 1241 1319 1276 nequiverit.
1340 1241 1379 1268 Ae
1402 1249 1463 1268 cum
1488 1250 1518 1269 se
1539 1242 1671 1270 violenter
1692 1241 1733 1270 ef-

945 1285 1036 1318 ferret,
1051 1291 1132 1322 atque
1146 1288 1318 1316 extendendo
1334 1289 1479 1320 niteretur,
1493 1289 1592 1316 corium
1609 1289 1673 1317 illud
1689 1298 1735 1317 sus

944 1333 1036 1367 perius
1051 1332 1178 1360 ell‘cctum
1196 1342 1248 1361 est.
1267 1333 1327 1370 ipsa
1342 1343 1407 1362 vero
1422 1335 1467 1362 ubi
1485 1335 1573 1362 deﬁxa
1588 1336 1670 1362 semei
1686 1340 1730 1363 est

944 1377 1022 1405 haesit
1037 1377 1064 1404 in
1079 1377 1174 1405 eodem
1190 1382 1273 1409 statu,
1285 1387 1375 1414 neque
1389 1384 1434 1406 aut
1448 1379 1532 1406 attolli
1549 1387 1670 1411 sursum,
1687 1383 1734 1407 aut

945 1423 1074 1450 deorsum
1089 1423 1254 1452 descendere
1269 1425 1372 1459 potuit;
1385 1425 1432 1452 sed
1444 1425 1471 1452 in
1483 1425 1571 1452 medio
1586 1426 1733 1454 immobilis

944 1473 1106 1504 extentaque
1129 1470 1287 1504 permansit.
1304 1470 1362 1497 Non
1386 1471 1458 1498 enim
1475 1470 1631 1498 inferiorem
1648 1472 1675 1498 in
1691 1472 1733 1499 lo-

945 1521 1005 1540 cum
1022 1520 1153 1549 vergeret,
1166 1523 1220 1550 quo
1236 1522 1297 1542 cum
1309 1515 1332 1542 ei
1347 1515 1424 1543 aliine
1441 1515 1507 1542 nihil
1519 1520 1590 1544 esset
1602 1525 1609 1550 ;
1623 1524 1733 1544 sursum

108 1561 233 1596 ἠδύνατο,
245 1561 286 1586 ὃτι
300 1561 350 1586 οὐκ
371 1558 404 1596 ἦν
425 1561 574 1595 συγγενής’
590 1560 645 1587 ἄνω
664 1561 693 1587 δὲ
715 1562 764 1588 οὐκ
782 1561 896 1597 ἠδύνατο

948 1564 1035 1587 autem
1048 1567 1187 1595 emergere
1202 1569 1256 1588 non
1270 1566 1390 1596 poterat;
1407 1569 1469 1588 eum
1486 1570 1544 1589 eam
1560 1563 1673 1590 materia
1688 1564 1734 1591 illa

111 1609 220 1643 χωρεῖν,
234 1606 277 1632 διὰ
291 1606 322 1632 τὸ
338 1606 479 1641 βαρεῖσῡαι
492 1607 524 1632 ὲκ
541 1606 590 1640 τῆς
604 1605 669 1641 ὕλης
682 1605 716 1642 ἦς
735 1607 894 1643 προσέλαϐε.

111 1653 190 1680 Κατὰ
202 1653 231 1678 δὲ
240 1652 289 1688 τὴν
301 1652 385 1686 αὐτῆς
400 1652 511 1686 ἄγνοιαν
522 1652 682 1689 προϐληθεὶς
694 1654 708 1679 6
723 1653 896 1686 Ἰαλοαϐαὼθ,

109 1697 192 1735 ἦλθεν
214 1699 254 1729 εἰς
269 1697 305 1723 τὰ
325 1697 483 1724 κατώτατεν
503 1698 549 1724 καὶ
573 1699 700 1733 ἐποίησεν
723 1699 812 1734 ἑαυτῷ
828 1700 897 1726 ἑπτὰ

111 1744 197 1775 υἱοὺς,
216 1744 313 1775 οἵτινες
326 1743 438 1774 ἑαυτοὺς
455 1743 586 1779 οὐρανοὺς
601 1744 671 1770 ἑπτὰ
687 1745 822 1780 ἐποίησαν.
842 1745 896 1771 Λύ-

111 1790 157 1821 τὸς
169 1789 198 1815 δὲ
215 1788 377 1819 ἀποκλείσας
390 1788 424 1815 τὰ
439 1788 509 1824 ὑπὲρ
520 1789 602 1815 αὐτὸν
615 1789 798 1825 ἀπέκρυπτεν,
816 1791 858 1817 ἴνα
873 1792 897 1818 οἱ

111 1835 158 1861 ὑπ’
174 1833 256 1860 αὑτοῦ
270 1833 323 1860 υἱοὶ
337 1832 534 1868 προϐληθέντες
552 1833 621 1859 ἑπτὰ
642 1832 679 1868 μὴ
698 1833 850 1867 γινώσκωσι
863 1834 897 1861 τὰ

112 1881 183 1916 ὑπὲρ
199 1879 290 1911 αὑτὸν,
308 1878 456 1914 κατώτεροι
471 1879 547 1911 ὄντες
563 1879 654 1910 αὑτοῦ,
673 1879 728 1905 ἀλλ’
748 1880 828 1906 αὑτὸν
851 1889 897 1916 μο-

112 1926 238 1957 νωτὰτως
251 1934 257 1940 ·
285 1925 332 1951 καὶ
345 1920 422 1955 οὗτος
445 1925 513 1956 ἐστι,
532 1924 624 1958 φασὶν,
640 1925 654 1950 6
674 1924 739 1956 Θεὸς
760 1925 813 1951 τῶν
835 1926 898 1951 Ἰου-

112 1971 195 1999 δαίων
220 1972 235 1997 6
262 1969 434 1996 Ὶαλδαὸαὼο.
465 1969 534 1996 Ἀλλ’
552 1970 603 1996 οὐκ
629 1969 701 1996 ἐστιν
731 1970 829 2002 οὕτως.
860 1971 897 2007 μὴ

112 2017 231 2051 γένοινυοι
255 2016 335 2042 Ἀλλὰ
355 2015 446 2051 μέλλει
461 2015 562 2051 κρίνειν
582 2016 679 2047 αὐτοὺς
693 2017 706 2042 6
725 2016 790 2048 Θεὸς
802 2018 816 2043 ὁ
830 2026 898 2043 παν-

111 2063 266 2098 τοκράτωρ.
283 2061 348 2093 Θεὸς
370 2061 407 2088 ὣν
418 2062 465 2088 καὶ
488 2061 631 2095 Ἰουδαίων,
647 2062 693 2088 καὶ
717 2063 896 2098 Χριστιανῶν,

113 2110 162 2136 καὶ
181 2109 289 2136 πάντων
304 2115 311 2122 ⁵
325 2107 372 2134 καὶ
386 2108 400 2134 ὁ
412 2106 590 2134 δΊαλδαϐαώθ
607 2116 648 2139 τις
659 2107 696 2134 ὣν
708 2107 777 2135 κατὰ
792 2108 841 2144 τὴν
853 2109 900 2135 αὐ-

112 2154 168 2181 τῶν
183 2153 290 2190 ληρώδη
309 2153 422 2189 μυθολογ
428 2153 480 2180 ίαν.

149 2243 185 2268 Δ’.
202 2239 267 2267 Εἶτά
291 2246 387 2274 φασιν·
417 2239 685 2274 ’Δποκεκλεισμένων
707 2239 760 2266 τῶν
776 2240 831 2267 ἄνω
854 2240 897 2268 διὰ
914 2249 935 2275 ο

112 2286 162 2322 τῆς
177 2286 224 2313 τοῦ
245 2285 407 2313 Ἰαλδαϐαὼθ
426 2286 557 2317 ἐπινοίας,
575 2283 646 2312 οὗτοι
659 2287 683 2313 oi
700 2286 747 2313 ἀπ’
762 2286 844 2313 αὐτοῦ
857 2294 902 2320 γε·

113 2330 275 2367 γεννημένοι
291 2331 360 2357 ἑπτὰ
379 2331 442 2363 υἱοὶ,
462 2332 521 2367 ἦτοι
536 2332 647 2364 Αίῶνες,
668 2333 726 2368 ἦτοι
752 2332 818 2365 θεοὶ,
843 2333 901 2368 ⁴ἤτοι

114 2378 225 2413 ἄγγελοι
247 2377 401 2412 (καλοῦνται
417 2377 469 2413 γὰρ
491 2378 555 2413 παρ’
570 2378 661 2410 αὐτοῖς
676 2378 789 2414 ὀνόμασι
808 2379 901 2414 διαφό-

116 2425 194 2459 ροις),
210 2423 280 2450 κατὰ
296 2423 345 2458 τὴν
358 2423 445 2450 εἰδέαν
458 2422 506 2449 τοῦ
515 2423 604 2449 αὐτῶν
615 2424 718 2459 πατρὸς
739 2423 901 2451 Ὶαλδαϐαὼο

113 2470 236 2496 ἔπλασαν
249 2469 293 2495 τὸν
304 2469 453 2504 ἄνθρωπον,
466 2470 496 2496 οὑ
511 2469 618 2505 ῥᾳδίως,
634 2470 693 2496 οὐδὲ
707 2471 821 2506 ταχέως,
836 2471 902 2498 ἀλλὰ

115 2516 154 2551 τῷ
170 2515 243 2550 αὐτῷ
260 2515 363 2550 τρόπῳ,
377 2511 399 2549 ᾧ
416 2515 462 2542 καὶ
475 2516 502 2541 αἱ
520 2515 650 2551 πρότεραι
665 2517 786 2552 αἱρέσεις
799 2518 903 2552 ἐμηχα-

115 2564 231 2598 νήσαντο
245 2563 273 2588 ὲν
288 2562 320 2596 τῇ
332 2561 422 2587 αὐτῶν
437 2562 596 2596 κενοφωνίᾳ.
611 2563 678 2589 Φασὶ
693 2563 747 2598 γὰρ
760 2563 806 2590 καὶ
819 2561 900 2590 οὗτοι·

116 2606 171 2634 Ἦν
185 2607 296 2643 ἑρπετὸν
312 2608 325 2633 6
344 2606 485 2642 ἄνθρωπος
499 2607 554 2642 (45)
569 2608 607 2639 ὼς
625 2607 742 2644 σκώληξ,
764 2608 802 2645 μὴ
821 2609 902 2636 δυνά-

117 2665 197 2692 μενος
217 2658 286 2693 μήτε
309 2655 467 2690 ἁνακύφειν,
484 2657 554 2692 μήτε
574 2656 729 2693 ὀρθοῦσθαι.
746 2655 817 2691 Πρὸς
841 2656 902 2682 ἐπι-

177 2737 223 2765 Hae
244 2745 325 2764 voces
339 2736 377 2771 τῷ
402 2737 458 2763 ἔθει
483 2743 658 2771 supervacua:
682 2738 746 2763 sunt
768 2734 822 2762 nisi
850 2733 889 2769 τῷ

948 2742 978 2760 et
1006 2732 1168 2761 substituas.

116 2773 128 2790 ⁸
146 2773 174 2800 F.
195 2773 242 2800 καὶ
253 2773 314 2799 οὐκ.

153 2852 209 2883 (45)
219 2850 274 2879 Ἦν
290 2851 414 2885 ἑρπετὸν
427 2851 443 2877 ὁ
460 2849 623 2885 ἄνθρωπος.
638 2848 705 2885 Quae
717 2847 751 2885 de
763 2847 903 2885 hominum

117 2888 223 2923 origine
238 2883 386 2914 continenti
408 2888 473 2914 sunt
485 2890 512 2912 et
531 2884 577 2916 hi,
592 2888 619 2911 et
633 2883 826 2911 Gnosticorum
846 2883 902 2918 plc-

946 1606 989 1632 cui
1005 1614 1034 1633 se
1054 1606 1225 1641 adjunxerat,
1242 1611 1338 1642 suopte
1358 1608 1476 1642 pondere
1500 1612 1633 1643 gravaret.
1650 1608 1735 1643 Igitur

946 1657 978 1677 ex
999 1650 1079 1684 hujus
1102 1651 1254 1685 ignorantia
1280 1652 1370 1679 editus
1394 1651 1555 1680 Jahlahaoth
1583 1653 1615 1680 ad
1642 1654 1734 1682 intima

947 1695 1080 1727 subsidit;
1106 1700 1265 1731 septemque
1288 1697 1338 1724 sibi
1364 1697 1465 1725 liberos
1487 1699 1588 1733 genuit,
1606 1699 1650 1732 qui
1670 1700 1735 1726 toti-

946 1742 1006 1769 dem
1023 1742 1147 1770 cmlestes
1162 1743 1242 1770 orbes
1258 1743 1448 1771 condiderunt.
1465 1746 1499 1771 At
1517 1745 1561 1771 ille
1577 1753 1637 1780 qua:
1651 1754 1736 1781 supra

947 1796 976 1815 se
988 1792 1066 1815 erant
1081 1789 1243 1819 interclusit,
1262 1797 1429 1824 suorumque
1441 1790 1575 1817 subtraxit
1590 1791 1686 1824 oculis,
1702 1799 1736 1819 ne

947 1838 1048 1868 septem
1073 1834 1110 1860 illi
1134 1842 1202 1868 quos
1228 1839 1397 1869 susceperat,
1427 1835 1586 1870 quidquam,
1611 1837 1682 1871 quod
1706 1844 1737 1865 se

949 1879 1009 1914 ipso
1031 1879 1159 1913 superius
1181 1883 1263 1911 esset,
1287 1882 1384 1914 prater
1399 1887 1428 1906 se
1446 1887 1528 1906 unum
1546 1885 1735 1916 agnoscerent.

948 1924 1026 1951 Hunc
1039 1923 1200 1951 Jaldabaoth
1224 1923 1379 1950 Judazorum
1403 1931 1464 1951 esse
1488 1923 1571 1950 Deum
1598 1931 1735 1952 asserunt.

947 1970 1025 2004 Quod
1041 1970 1112 1997 absit
1127 1976 1155 1997 ut
1170 1978 1230 1997 esse
1245 1978 1338 1997 vermn
1365 1975 1500 2004 putemus.
1525 1970 1580 1997 lmo
1607 1971 1652 1997 ille
1679 1970 1738 2005 ipse

947 2019 999 2045 est,
1013 2023 1027 2041 a
1046 2023 1100 2050 quo
1117 2015 1257 2049 iudicandi
1278 2019 1353 2047 sunt,
1368 2016 1540 2050 omnipotens
1555 2015 1735 2050 271'Deus.

947 2058 1113 2091 Judaeorum,
1136 2059 1256 2094 inquam,
1279 2065 1309 2086 ut
1328 2064 1355 2087 et
1373 2059 1599 2092 Christianorum,
1615 2061 1737 2096 adeoque

948 2106 1101 2133 communis
1127 2106 1247 2132 omnium
1274 2105 1361 2138 Deus,
1384 2114 1438 2134 non
1457 2107 1501 2133 ille
1519 2107 1610 2134 nescio
1625 2108 1687 2142 quis
1702 2115 1738 2134 ex

948 2151 1141 2179 commentitiis
1155 2152 1268 2178 istorum
1283 2151 1363 2186 nugis
1375 2150 1553 2186 depromptus
1563 2151 1736 2179 Jaldabaoth.

949 2196 986 2224 De
1000 2205 1055 2232 quo
1070 2197 1106 2224 ita
1121 2204 1233 2224 narrare
1251 2201 1375 2232 pergunt.

985 2242 1028 2270 iV.
1058 2243 1136 2277 Cum,
1161 2248 1189 2270 ut
1202 2243 1304 2270 dictum
1324 2247 1375 2276 est,
1389 2241 1575 2270 Jaldabaothis
1589 2243 1738 2271 calliditate

950 2289 1040 2317 aditus
1054 2294 1126 2316 esset
1144 2289 1176 2315 ad
1195 2289 1334 2324 superiora
1352 2289 1511 2324 praeclusus,
1527 2293 1630 2323 septem
1650 2290 1686 2316 illi
1703 2290 1738 2317 ab

950 2343 982 2364 eo
995 2335 1078 2370 geniti
1093 2335 1182 2367 liberi,
1207 2335 1264 2362 sive
1284 2334 1397 2367 lEones,
1417 2335 1474 2362 sive
1489 2335 1537 2366 dii,
1553 2335 1610 2361 sive
1627 2334 1736 2362 demum

950 2382 1053 2417 angeli;
1075 2381 1180 2408 diversa
1205 2381 1276 2408 enim
1297 2381 1400 2408 abillis
1421 2381 1531 2407 nomina
1550 2380 1736 2408 tribuuntur:

951 2428 984 2455 ad
1010 2427 1130 2462 parentis
1159 2427 1201 2454 sui
1225 2426 1411 2454 Jaldahaothis
1434 2426 1578 2462 imaginem
1600 2426 1737 2454 hominem

951 2473 1123 2509 producunt,
1149 2481 1183 2500 ne
1201 2473 1226 2499 id
1251 2472 1360 2507 quidem
1379 2472 1458 2499 facile
1476 2472 1518 2499 vel
1534 2472 1673 2503 celeriter;
1689 2472 1738 2499 sel

951 2519 985 2546 ad
1009 2518 1135 2546 eumdem
1157 2518 1279 2549 modum,
1307 2526 1362 2552 quo
1387 2517 1504 2545 haereses
1527 2518 1638 2552 reliqua:
1663 2518 1738 2545 stoli-

951 2565 1064 2592 dissime
1075 2564 1222 2591 ﬁnxerunt.
1235 2562 1280 2590 Sic
1295 2564 1368 2590 enim
1383 2563 1561 2598 pronuntiant
1573 2571 1581 2589 :
1595 2561 1737 2590 Hominem

950 2611 1092 2646 principio,
1108 2610 1209 2638 vermis
1234 2609 1320 2636 instar
1347 2609 1423 2636 humi
1451 2613 1601 2644 reptantem
1628 2615 1738 2636 sursum

951 2655 1018 2690 erigi
1030 2658 1076 2682 aut
1087 2654 1174 2681 attolli
1188 2654 1334 2688 nequisse;
1350 2653 1488 2681 ccelestem
1500 2653 1598 2681 deinde
1612 2658 1738 2684 matrem,

1211 2733 1222 2748 ²
1235 2730 1265 2759 F.
1278 2733 1324 2758 τὸν
1344 2731 1408 2758 Ἰαλ.
1463 2732 1474 2748 ³
1488 2731 1552 2768 Leg.
1576 2732 1738 2768 Προυνίκου.

959 2847 1052 2887 νίψω,Δ
1062 2854 1098 2887 ex.
1108 2851 1229 2887 veterum
1245 2846 1470 2887 philosophorum
1489 2846 1664 2887 opinionibus
1679 2853 1738 2873 ma-

957 2885 1066 2916 narunt,
1083 2881 1116 2908 de
1131 2882 1230 2916 quibus
1247 2881 1382 2909 Diodorus
1395 2901 1402 2914 ,
1419 2881 1552 2909 Eusebius
1573 2890 1580 2910 I
1597 2881 1636 2909 De
1655 2889 1737 2916 prwp.
