1952 3045
229 194 280 223 657

936 195 964 223 S.
986 194 1160 224 EPlPllANll

1817 195 1871 222 648

228 262 290 290 qua:
306 258 332 282 et
348 252 485 281 Prunicus
511 253 675 289 appellatur,
703 252 837 281 adversus
860 252 1017 281 Jaldabaotli

1075 251 1173 288 ϐουλὴν
1187 252 1216 278 δὲ
1231 250 1277 279 τοῦ
1297 251 1459 278 Ἰαλδαὸαὼθ
1476 252 1559 287 ἡᾶνω
1576 253 1667 288 μήτηρ
1681 253 1697 287 ἡ
1713 252 1870 290 καλουμένη

229 301 284 328 tale
304 300 369 336 quid
392 308 454 328 esse
480 300 675 331 maeliiiiatam,
691 303 718 326 ut
735 299 760 327 ei
776 300 830 327 vim
849 299 921 326 illam
939 307 1020 334 quam

228 346 316 374 eidem
329 346 509 382 inipertierat,
529 346 650 373 auferret
664 355 670 372 :
691 345 807 381 ideoque
821 345 848 372 in
865 345 1020 377 llominein,

229 401 310 429 quem
333 393 407 420 illius
435 392 514 420 liberi
539 392 685 425 ﬁnxerant,
705 392 758 419 vim
775 392 861 427 ipsius
879 391 1021 419 transfun—

229 439 305 472 dere,
328 446 360 466 ac
382 439 527 467 scintillam
544 439 702 473 quamdam,
717 438 769 465 hoc
786 442 829 466 est
845 439 964 465 animam
980 437 1021 464 in-

230 487 343 514 fundere
366 486 498 513 voluisse.
525 485 618 514 Tunc.
645 485 788 520 inquiunt,
819 485 933 520 pedibus
962 485 1021 511 suis

229 532 316 559 llomo
334 532 468 563 constitit,
491 536 572 565 atque
593 534 655 557 octo
675 531 802 557 caelestes
820 530 900 557 orbes
917 529 1021 565 cogitu-

230 580 304 606 tione
320 577 529 609 transcendeiis,
552 576 659 604 Patrem
681 577 755 603 illum
777 575 957 603 Jaldabaotlie
975 584 1020 603 su-

229 627 364 661 periorem
389 625 510 660 agnovit,
533 632 565 650 ac
589 623 716 651 laudibus
740 623 847 650 extulit.
869 623 905 649 At
927 621 1020 649 Jalda-

229 673 310 701 baotli
334 680 406 707 πετο
432 672 523 698 ferens
545 678 576 698 ea
600 678 660 705 qua:
685 678 767 705 supra
786 678 815 697 se
834 674 912 696 erant
928 669 1021 703 cujus-

229 727 310 754 quam
327 719 360 745 ad
376 717 499 744 notitiam
524 715 692 751 pervenisse,
716 714 848 741 stomachi
870 714 966 748 plenus
987 713 1039 739 ailo
1052 729 1066 750 »Χ

229 765 350 792 materia:
373 764 464 791 faecem
489 762 599 790 demisit
614 762 718 793 oculos,
735 766 762 788 et
780 761 906 787 virtutem
925 767 1021 794 quani-

228 812 290 839 dam
307 812 442 846 serpentis
462 810 552 845 specie
567 809 670 844 genuit.
689 816 769 843 queui
790 807 851 842 ejus
870 807 954 833 lilium
972 814 1020 832 vo-

227 862 305 890 cant;
332 857 457 891 idemque
485 857 525 883 sic
547 855 688 882 immissus
714 853 796 880 Evam
821 853 924 880 fefellit.
951 852 1020 879 lluic

227 901 300 928 enim
322 901 482 928 auscultatis
503 901 549 926 illa
574 904 704 934 tanquam
731 898 776 926 Dei
800 898 866 930 ﬁlio,
889 899 967 925 facile
991 901 1020 925 ut

227 947 262 975 de
276 948 373 975 arbore
385 947 506 974 scientiae
519 952 675 974 vesceretur
689 946 716 972 iii
732 946 852 972 animum
867 945 983 972 induxit.

264 1035 297 1064 Υ.
311 1036 413 1064 Deinde
428 1040 571 1071 postquam
586 1035 670 1063 aniles
685 1037 752 1062 istas
764 1043 850 1070 nugas
861 1042 892 1061 ac
907 1033 1021 1062 ridicule

227 1084 367 1113 allectatas
383 1082 488 1110 fabulas
504 1083 555 1109 hoc
571 1082 652 1108 modo
664 1086 872 1116 proposuerunt,
886 1081 1020 1114 tragicum

227 1130 373 1165 quemdam
392 1128 548 1157 istiusmodi
565 1134 668 1160 actum,
689 1128 748 1155 sive
766 1127 903 1154 comicum
929 1127 1021 1162 potius

228 1176 404 1203 iiistituenies
414 1195 421 1205 ,
440 1174 571 1201 nonnulla
591 1173 625 1200 ad
640 1174 718 1200 liclos
735 1173 797 1200 illos
811 1173 878 1200 deos
892 1180 1020 1207 compro-

228 1221 333 1249 baudos
345 1221 372 1248 in
390 1220 509 1247 medium
530 1220 656 1247 alierum.
668 1219 775 1252 Nonne,
788 1220 925 1254 inquiunt.
935 1223 962 1246 et
979 1219 1020 1246 iii-

226 1268 328 1295 ti-stina
345 1271 449 1299 nostra,
466 1267 566 1302 quibus
580 1267 697 1294 vivimus
711 1272 738 1294 et
757 1267 866 1299 alimur,
883 1265 1020 1301 serpentis

225 1314 340 1349 eiligiem
357 1313 499 1341 referunt?
516 1313 626 1340 Addunt
641 1318 668 1340 et
688 1313 740 1340 alia
757 1314 896 1348 pleraque,
911 1321 972 1348 qme
986 1313 1020 1340 ad

225 1368 351 1388 errorum
377 1367 410 1387 ac
433 1360 593 1387 deliriorum
620 1367 732 1387 suorum
760 1360 911 1386 tacieiidam
939 1360 1018 1387 lidetn

227 1406 412 1434 sectatoribus
440 1406 497 1434 suis
525 1406 668 1441 objiciunt.
694 1405 841 1440 Propterea
866 1406 951 1438 enim,
979 1406 1020 1433 iii-

226 1452 343 1487 qiiitiiit,
359 1456 476 1488 serpant.
488 1460 513 1479 in
531 1452 665 1481 colimus.
682 1453 755 1488 quod
774 1452 844 1480 Deus
861 1453 912 1480 iste
929 1452 1020 1480 miilti-

226 1499 314 1526 tudini
341 1499 482 1527 hominum
502 1500 624 1527 scicntia:
639 1507 670 1526 ac
685 1500 833 1535 cognitioni
850 1507 962 1527 causam
977 1504 1019 1526 at-

225 1547 298 1573 tulit.
325 1545 487 1573 Jaidabaoth
505 1554 639 1581 suprema:
657 1546 753 1574 Matris
767 1554 800 1574 ac
817 1546 943 1574 Parentis
960 1554 1019 1574 me-

226 1593 343 1620 moriam
370 1592 452 1627 272
481 1593 644 1620 exstinctam
662 1593 732 1619 inter
749 1593 876 1619 homines
893 1601 952 1620 esse
968 1600 1018 1620 cn-

226 1639 328 1674 piebat.
347 1637 400 1666 Sed
415 1639 449 1666 iis
465 1639 602 1673 persuasit
619 1647 742 1674 serpens,
760 1647 791 1666 ac
806 1639 947 1666 scientiam
968 1639 1019 1665 iiii-
1033 1627 1054 1656 (ἶ

226 1685 355 1720 portavit,
383 1688 523 1719 totamque
544 1686 612 1712 adeo
641 1685 796 1712 divinorum
826 1685 1020 1718 mysteriorum

226 1731 410 1766 cognitionem
425 1739 487 1758 cum
501 1731 560 1757 viro
572 1738 604 1757 ac
617 1730 730 1758 muliere
740 1730 961 1757 communicavit.
979 1728 1020 1756 0b

226 1777 254 1804 id
277 1778 363 1805 iratus
379 1776 460 1804 Pater
476 1776 650 1809 Jaldabaotli,
673 1784 704 1804 ac
727 1777 878 1804 derivatani
906 1777 933 1803 in
959 1776 1020 1803 illos

225 1823 361 1858 ejusmodi
387 1823 530 1851 scientiam
558 1824 654 1858 iniquo
682 1823 772 1850 animo
799 1823 898 1853 feretis.
915 1830 931 1849 e
949 1823 1020 1849 caelo

226 1870 301 1896 illtim
317 1869 455 1896 deturbat.
473 1869 538 1896 Inde
566 1877 657 1904 regem
682 1877 697 1896 ο
720 1869 790 1896 ctelo
806 1869 946 1903 delapsum
961 1876 1019 1895 ser-

226 1920 334 1951 pentem
357 1922 420 1942 esse
443 1915 569 1942 dictitant
589 1915 618 1946 ii,
635 1914 681 1949 qtii
696 1922 750 1941 non
769 1914 882 1941 alterius
893 1921 922 1941 se
936 1921 1018 1948 quam

225 1962 363 1997 serpentis
380 1962 503 1997 partibus
518 1961 691 1989 addixerunt.
722 1960 808 1995 Igitur
823 1965 933 1995 propter
948 1961 1019 1988 lianc

225 2009 260 2036 ab
277 2009 322 2036 illo
340 2015 502 2036 concessam
518 2008 660 2036 scientiam
680 2009 802 2035 venerari
815 2015 844 2034 se
862 2011 1017 2042 serpente-iii

225 2054 354 2086 fatentur,
377 2055 458 2089 eique
479 2062 577 2089 pain-ni
602 2054 715 2089 insuper
739 2054 881 2088 objiciunt.
917 2052 1017 2080 Verum

224 2102 325 2136 quippe
343 2103 497 2136 serpentem
519 2100 546 2127 in
565 2100 634 2127 cista
647 2100 792 2132 nutriunt;
816 2107 896 2134 quem
914 2102 1017 2134 mystc-

224 2146 327 2174 i'iorum
346 2149 467 2180 tempore
481 2146 589 2180 stipatis
605 2145 638 2172 ad
651 2145 712 2180 ejus
725 2152 871 2171 cavernam
883 2145 910 2171 in
923 2152 1016 2171 mensa

225 2192 343 2227 panibus
357 2191 482 2219 invitant.
509 2191 587 2226 isque
607 2195 702 2226 aperto
727 2191 861 2218 foramine
875 2198 890 2218 e
906 2191 1017 2218 latebris

223 2237 353 2272 erumpit.
379 2236 467 2271 Atque
483 2236 528 2263 tibi
544 2243 593 2270 pro
607 2244 656 2262 sua
673 2236 822 2263 calliditate
837 2236 1015 2263 stoliditatem

224 2283 333 2310 illorum
348 2283 468 2317 agnovit.
491 2290 613 2310 mensam
627 2283 826 2316 conscendens,
846 2283 949 2310 circum
966 2291 1015 2317 pa-

223 2336 272 2356 nes
292 2328 458 2364 implicatur.
485 2328 561 2356 Hanc
587 2329 823 2357 absolutissimum
845 2337 907 2357 esse
927 2330 1014 2356 sacri-

224 2375 315 2401 ﬁcium
339 2379 463 2402 censent.
490 2374 568 2402 Unde
590 2379 653 2402 uta
678 2375 796 2410 quodam
824 2376 928 2411 accepi,
958 2384 1013 2403 nou

223 2421 304 2448 modo
315 2428 398 2456 panes
410 2421 488 2452 istos.
497 2421 596 2456 quibus
607 2421 824 2450 circuinvolutus
834 2426 876 2450 est
890 2429 1013 2457 serpens.

223 2467 353 2501 frangunt
373 2474 406 2494 ac
418 2467 602 2501 distribuunt;
618 2468 666 2496 sed
679 2468 761 2496 etiam
774 2468 889 2504 quilibet
904 2468 1014 2496 admoto

222 2521 271 2540 ore
281 2517 435 2548 serpentem
448 2514 631 2546 exosculatur,
645 2515 703 2542 sive
714 2515 888 2543 cantionibus
898 2515 1014 2550 quibus-

221 2560 284 2587 dam
308 2561 342 2587 ad
358 2561 597 2589 mansuetudinem
617 2562 704 2590 bestia
725 2562 857 2593 mollitur,
879 2562 936 2590 sive
959 2563 1012 2589 alio

221 2606 353 2634 daemonis
370 2607 487 2635 artiﬁcio
504 2607 622 2635 innocua
647 2608 781 2637 redditur.
811 2608 887 2636 llanc
902 2609 1012 2644 quidem

221 2653 338 2681 adorant
350 2654 455 2686 miseri,
472 2658 499 2682 et
513 2654 711 2683 Eiieliaristiam
726 2661 837 2688 vocant,
850 2664 912 2684 cum
926 2664 1011 2692 appo-

222 2701 290 2728 silos
309 2708 393 2735 panes
409 2701 541 2729 tortuosis
562 2702 688 2734 ﬂexibus.
710 2711 741 2730 ac
756 2703 1010 2731 circumvolutiOni-

221 2748 273 2776 bus
290 2748 425 2776 anibieril.
443 2748 481 2775 Ac
498 2749 606 2776 demum
632 2758 790 2784 supremum
806 2751 948 2779 Parenzem
963 2759 1010 2786 per

258 2838 266 2853 ί
279 2837 310 2865 F.
326 2838 517 2874 διανοουμένη.
556 2839 566 2854 ί
580 2838 640 2866 Yet.
659 2839 796 2867 ὑπᾶθεσιν.

1032 2305 1053 2333 D

1075 298 1400 335 Προὺνεικοςιβουλομὲνη
1407 298 1524 325 κενῶσαι
1532 299 1578 325 τὸν
1586 299 1748 326 Ἰαλδαϐαὼθ
1755 301 1810 328 ἀπὸ
1818 301 1871 335 τῆς

1074 343 1160 378 αὐτῆς
1174 344 1314 379 μετέσχεν,
1327 344 1478 379 ἐνήργησεν
1487 344 1513 369 ἐν
1526 343 1600 378 αὑτῷ
1609 345 1646 376 εἰ,
1655 344 1699 371 τὸν
1709 344 1871 381 Ἄνθρωπον

1073 391 1120 417 τὸν
1130 391 1183 417 ἀπὸ
1197 390 1250 417 τῶν
1264 390 1366 416 τέκνων
1378 389 1461 416 αὑτοῦ
1481 390 1672 426 πεπλασμένον
1686 391 1805 417 κενῶσαι
1819 391 1870 428 τὴν

1074 437 1157 464 αὑτοῦ
1174 437 1297 473 δύναμιν,
1320 437 1367 463 καὶ
1390 436 1550 464 ἀποστεῖλαι
1565 437 1612 464 ἀπ’
1626 437 1708 464 αὑτοῦ
1732 437 1870 473 σπινθῆρα

1074 483 1122 510 ἐπὶ
1144 483 1189 510 τὸν
1204 483 1358 519 ἄνθρωπον,
1380 483 1429 519 τὴν
1449 483 1538 519 ψυχὴν
1555 483 1635 519 δῆθεν
1647 483 1833 519 διανοούμενοι
1845 485 1866 511 ¹.

1074 530 1130 558 Καὶ
1145 529 1217 561 τότε,
1231 530 1324 565 φησιν,
1342 529 1407 565 ἔστη
1423 530 1437 556 ὁ
1457 529 1600 566 ἄνθρωπος
1620 529 1667 556 ἐπὶ
1686 531 1750 562 τοὺς
1771 530 1868 562 πόδας,

1074 578 1123 604 καὶ
1143 576 1316 612 ὑπερϐέϐηκε
1327 577 1359 612 τῇ
1375 576 1478 612 διανοίᾳ
1495 576 1560 608 τοὺς
1573 576 1648 603 ὀκτὼ
1662 577 1804 612 οὑρανοὺς,
1820 578 1869 604 καὶ

1074 623 1191 657 ἐπέγνω,
1205 623 1252 649 καὶ
1274 622 1354 658 ᾔνεσε
1371 622 1416 649 τὸν
1437 622 1492 650 ἅνω
1512 622 1621 658 Πατέρα
1645 623 1691 650 τὸν
1706 623 1798 650 ἐπάνω
1819 623 1867 650 τοῦ

1080 668 1254 696 Ἰαλδαῦαὼθ.
1267 668 1323 695 Καὶ
1334 669 1393 695 τότε
1407 669 1421 694 ό
1438 668 1611 701 Ίαλδαῧαὼθ,
1622 669 1694 704 πόνῳ
1705 670 1867 705 φερόμενος,

1073 715 1116 742 διὰ
1138 715 1168 741 τὸ
1189 714 1392 750 ἐπιγνωσθῆναι
1407 715 1441 741 τὰ
1465 714 1590 742 ἀνώτατα
1615 715 1707 747 αὑτοῦ,
1733 716 1867 752 ἐπέϐλεψε

1074 762 1149 788 κάτω
1163 763 1192 788 ἐν
1209 761 1305 798 πικρίᾳ
1322 761 1391 797 πρὸς
1407 760 1456 797 τὴν
1469 761 1647 797 ὑποστάθμην
1660 762 1709 798 τῆς
1727 761 1802 797 ὑλης,
1818 763 1868 790 καὶ

1073 807 1221 842 γεγέννηκε
1234 807 1349 842 δύναμιν
1359 807 1525 843 όφιόμορφον
1540 808 1626 834 είδέαν
1638 808 1760 843 ἔχουσαν,
1779 808 1808 835 ὃν
1819 809 1867 836 καὶ

1073 852 1130 878 υἱὸν
1141 850 1223 877 αὑτοῦ
1232 851 1360 879 καλοῦσι·
1369 852 1416 878 καὶ
1430 852 1516 884 οὕτως
1527 850 1613 885 οὗτος,
1625 854 1716 888 φησὶν,
1725 854 1865 890 ἀπεστάλη

1073 898 1120 924 καὶ
1139 897 1265 933 ὴπάτησε
1291 897 1340 934 τὴν
1362 898 1443 926 Εὑαν.
1462 899 1495 926 Ἡ
1515 899 1544 926 δὴ
1565 900 1683 935 ἤκουσεν
1707 900 1802 933 αὑτοῦ,
1818 901 1866 928 καὶ

1035 949 1057 977 Β
1071 943 1184 979 ἐπείσθη
1203 943 1241 975 ὼς
1255 943 1307 979 υίῷ
1322 944 1402 978 Θεοῦ,
1417 945 1464 972 καὶ
1476 945 1618 972 πεισθεῖσα
1634 945 1735 981 ἔφαγεν
1750 946 1802 973 ἀπ’]
1817 946 1864 973 τοῦ

1071 989 1150 1022 ξύλου
1165 991 1215 1025 της
1229 989 1366 1025 γνώσεως.

1106 1037 1144 1063 E'.
1160 1034 1226 1063 Εἶτα
1237 1036 1300 1064 ὃταν
1312 1037 1414 1072 ταύτην
1428 1037 1478 1072 τὴν
1491 1038 1596 1073 μωρίαν
1610 1039 1805 1075 διηγήσωνται,
1818 1039 1866 1067 καὶ

1071 1081 1102 1108 τὺ
1117 1081 1221 1116 γελοῖον
1238 1083 1287 1118 τῆς
1304 1082 1514 1118 ἐπιτηδεύσεως,
1535 1083 1638 1118 ταύτην
1658 1084 1707 1120 τὴν
1719 1084 1864 1121 τραγικὴν,

1071 1127 1109 1159 ὡς
1123 1129 1222 1158 εἰπεῖν,
1236 1128 1416 1164 ποιησάμενοι
1428 1130 1586 1164 συμφωνίαν
1601 1130 1621 1162 ³,
1638 1131 1684 1157 καὶ
1698 1130 1729 1157 τὸ
1743 1131 1866 1166 κωμικὸν

1071 1173 1149 1201 τοῦτο
1165 1174 1266 1210 δρᾶμα,
1284 1174 1414 1210 ἄρχονται
1426 1183 1486 1202 τινα
1503 1177 1570 1211 ἡμῖν
1583 1176 1742 1211 ὑποφαίνειν
1758 1178 1798 1208 εἰς
1810 1185 1865 1204 πα-

1073 1219 1203 1258 ράστασιν
1218 1219 1272 1248 τῶν
1295 1222 1359 1256 παρ’
1372 1221 1464 1253 αὑτοῖς
1486 1222 1639 1258 λεγομένων
1654 1223 1759 1257 ψευδῶν
1783 1223 1864 1251 θεῶν.

1073 1267 1132 1293 Ὀτι
1147 1267 1206 1302 οὑχὶ
1232 1267 1278 1294 καὶ
1300 1268 1335 1294 τὰ
1359 1267 1462 1303 ἔγκατα
1481 1268 1570 1304 ἡμῶν,
1587 1269 1622 1295 δι’
1638 1265 1676 1296 ὦν
1694 1269 1795 1305 ζῶμεν,
1817 1271 1866 1297 καὶ

1071 1312 1245 1348 τρεφόμεθα,
1274 1313 1393 1349 όφιοειδῆ
1419 1314 1553 1350 ὑπάρχει;
1579 1315 1664 1342 Ἀλλα
1684 1315 1713 1342 δὲ
1736 1316 1786 1343 ὃτα
1807 1317 1865 1348 τοῖς

1071 1359 1257 1395 ἠπατημένοις
1271 1361 1500 1396 παρεισφέρουσιν
1518 1362 1558 1394 εἰς
1571 1362 1621 1398 τὴν
1634 1363 1739 1390 ἑαυτῶν
1759 1363 1864 1398 πλάνην

1072 1404 1119 1431 καὶ
1133 1404 1241 1441 ληρώδη
1262 1406 1399 1433 ὑπόνοιαν.
1416 1407 1466 1434 Διὰ
1484 1407 1611 1444 τοιαύτην
1626 1408 1654 1435 δὲ
1671 1409 1771 1441 αἰτίαν,
1785 1409 1863 1444 φασὶ,

1070 1450 1116 1477 τὸν
1130 1451 1193 1485 ὅφιν
1216 1451 1375 1488 δοξάζομεν,
1388 1453 1428 1479 ὅτι
1445 1455 1459 1480 ό
1482 1453 1548 1486 Θεὸς
1562 1455 1648 1486 aluo;
1670 1456 1720 1490 τῆς
1737 1454 1864 1489 γνώσεως

1070 1497 1216 1534 γεγένηται
1227 1498 1266 1534 τῷ
1285 1499 1391 1535 πλήθει.
1419 1500 1447 1526 '0
1461 1500 1490 1526 δὲ
1508 1500 1681 1532 Ἰαλδαϐαὼθ,
1704 1502 1796 1535 φασὶν,
1814 1502 1864 1529 οὑκ

1071 1543 1151 1579 ἤθελε
1167 1544 1319 1581 μνησθῆναι
1335 1546 1383 1582 τὴν
1400 1545 1456 1573 ἄνω
1473 1547 1595 1582 Μητέρα,
1611 1547 1672 1574 οὗτε
1689 1548 1735 1574 τὸν
1755 1548 1863 1583 Πατέρα

1071 1593 1126 1623 τοῖς
1137 1590 1302 1627 ἀνθρώποις.
1317 1593 1430 1619 Ἕπεισε
1443 1593 1470 1620 δὲ
1485 1594 1499 1619 ὁ
1512 1594 1584 1628 ὄφις,
1597 1594 1645 1621 καὶ
1665 1595 1765 1629 γνῶσιν
1779 1595 1862 1630 ἤνεγ-

1071 1645 1129 1668 κεν,
1148 1637 1251 1670 ὲδίδαξέ
1271 1647 1301 1664 τε
1323 1638 1368 1664 τὸν
1388 1638 1532 1675 ἄνθρωπον
1555 1640 1602 1666 καὶ
1618 1641 1668 1677 τὴν
1683 1643 1797 1676 γυναῖκα
1808 1643 1864 1669 τῶν

1070 1683 1127 1710 ἄνω
1149 1684 1306 1719 μυστηρίων
1327 1685 1357 1711 τὸ
1375 1686 1430 1711 πᾶν
1447 1686 1496 1721 τῆς
1523 1687 1659 1721 γνώσεως.
1677 1688 1722 1715 Διὸ
1735 1689 1750 1715 ό
1768 1689 1864 1725 Πατὴρ

1070 1729 1220 1764 ὀργισθεὶς,
1243 1730 1383 1757 τουτέστιν
1399 1733 1412 1758 ό
1435 1732 1607 1766 Ὶαλδαϐαὼθ,
1629 1735 1662 1761 δι’
1687 1737 1716 1771 ῆν
1740 1735 1864 1769 ὑπέδειξε

1069 1776 1125 1806 τοῖς
1145 1775 1300 1811 ἀνθρώποις
1319 1776 1431 1810 γνῶσιν,
1454 1778 1603 1806 κατέϐαλεν
1619 1780 1698 1806 αὑτὸν
1721 1781 1768 1808 ἀπ’
1783 1782 1866 1816 οὐρα-

1070 1819 1127 1847 νοῦ.
1145 1821 1200 1847 Καὶ
1217 1821 1293 1848 ἐνθεν
1311 1822 1423 1857 βασιλέα
1441 1824 1486 1851 τὸν
1500 1824 1562 1859 ὅφιν
1579 1826 1626 1852 ἀπ’
1641 1826 1755 1861 οὐρανοῦ
1769 1827 1866 1862 λέγου‹

1071 1874 1112 1892 σιν
1123 1867 1147 1893 οἱ
1163 1867 1213 1902 τὴν
1230 1868 1325 1903 μερίδα
1338 1868 1385 1896 τοῦ
1403 1870 1491 1904 ὄφεως
1507 1871 1553 1898 καὶ
1567 1872 1644 1899 οωὲν
1655 1872 1750 1908 ἕτερον
1763 1882 1864 1910 κεκτη-

1071 1912 1156 1947 μένοι.
1172 1912 1333 1945 Δοξὰζουσιν
1349 1911 1394 1941 οὖν
1410 1915 1490 1942 αὑτὸν
1507 1916 1552 1942 διὰ
1567 1917 1616 1953 την
1629 1918 1766 1954 τοιαύτην,
1785 1920 1862 1954 φησὶ,

1069 1957 1179 1991 γνῶσιν,
1195 1959 1242 1985 καὶ
1261 1959 1344 1995 ἄρτον
1361 1960 1435 1996 αὐτῷ
1451 1962 1661 1998 προσφέρουσιν.
1678 1964 1789 1999 Ἔχουσι
1809 1965 1864 2001 γὰρ

1069 2003 1149 2038 φύσει
1166 2005 1228 2039 ὅφιν
1238 2005 1384 2041 τρέφοντες
1398 2008 1426 2034 ἐν
1439 2007 1519 2044 κίστῃ
1535 2009 1598 2041 τινί,
1613 2009 1642 2036 ὃν
1651 2010 1718 2046 πρὸς
1726 2010 1775 2046 τὴν
1787 2011 1864 2047 ὥραν

1067 2049 1122 2076 τῶν
1131 2050 1221 2077 αὐτῶν
1234 2052 1400 2087 Μυστηρίων
1409 2053 1456 2080 τοῦ
1468 2053 1572 2088 φωλεοῦ
1589 2056 1803 2092 προσφέροντες,
1816 2057 1863 2084 καὶ

1068 2094 1242 2127 στιϐάζοντες
1252 2096 1299 2122 ἐπὶ
1313 2097 1454 2133 τραπέζης
1465 2098 1574 2134 ἄρτους,
1587 2101 1804 2135 προσκαλοῦνται
1815 2103 1862 2130 τὸν

1067 2138 1140 2174 ὅφιν.
1160 2139 1343 2176 ’Λνοιχθέντος
1354 2143 1382 2169 δὲ
1393 2143 1439 2169 τοῦ
1452 2144 1566 2178 φωλεοῦ,
1580 2146 1697 2181 πρόεισι.
1711 2148 1766 2175 Καὶ
1775 2148 1863 2182 οὑτως

1067 2185 1187 2212 ἀνελθὼν
1211 2187 1282 2213 κατὰ
1298 2188 1348 2223 τὴν
1371 2189 1454 2216 αὑτοῦ
1477 2191 1608 2226 φρόνησιν
1626 2193 1641 2218 ό
1664 2192 1726 2227 ὄφις
1746 2194 1793 2221 καὶ
1809 2203 1863 2220 πα-

1067 2231 1195 2268 νουργίαν
1209 2233 1259 2269 ἤδη
1275 2233 1417 2268 γινώσκων
1429 2235 1484 2271 (46)
1498 2236 1547 2273 τὴν
1560 2238 1650 2265 αὑτῶν
1661 2240 1777 2275 μωρίαν,
1792 2241 1863 2268 ἄνει-

1068 2286 1110 2304 σιν
1134 2279 1180 2305 ὲπὶ
1197 2279 1247 2315 τὴν
1272 2281 1422 2316 τράπεζαν,
1439 2283 1486 2310 καὶ
1508 2284 1651 2312 ἐνειλεῖται
1675 2287 1732 2318 τοῖς
1755 2287 1860 2324 ἄρτοις.

1066 2324 1122 2351 Καὶ
1137 2325 1240 2362 ταύτην
1257 2327 1339 2361 φασὶν
1363 2326 1433 2356 εἶναι
1452 2330 1557 2358 τελείαν
1574 2331 1678 2368 θυσίαν.
1698 2333 1778 2360 Ὅθεν
1801 2335 1859 2368 καὶ,

1067 2370 1105 2402 ὡς
1120 2371 1174 2416 απὸ
1189 2380 1262 2404 τινος
1275 2374 1391 2409 ἀκήκοα,
1412 2379 1439 2402 λυ
1464 2377 1544 2412 μόνον
1564 2377 1649 2405 κλῶσι
1669 2378 1732 2411 τοὺς
1749 2380 1860 2416 ἄρτους,

1067 2417 1097 2443 ὲν
1112 2414 1152 2449 οἷς
1163 2418 1177 2443 ὀ
1193 2419 1274 2451 αὑτὸς
1286 2420 1348 2454 ὄφις
1365 2420 1471 2458 εἱλήθη,
1488 2423 1535 2449 καὶ
1550 2423 1700 2450 ἐπιδιδόασι
1717 2414 1775 2456 τοῖς
1788 2424 1860 2461 λαμ-

1067 2462 1211 2490 ὃάνουσιν·
1228 2464 1296 2492 ἀλλὰ
1317 2466 1364 2492 καὶ
1380 2466 1495 2498 ἕκαστος
1517 2468 1670 2500 ἀσπάζεται
1690 2469 1735 2496 τὸν
1750 2470 1812 2504 ὅφιν
1828 2473 1861 2498 ἐκ

1068 2509 1212 2545 στόματος,
1227 2511 1286 2546 ἦτοι
1303 2513 1416 2549 γοητείᾳ
1437 2514 1492 2540 τινὶ
1510 2514 1676 2550 ἐπᾳσθέντας
1701 2516 1748 2543 τοῦ
1771 2517 1859 2552 ὄφεως

1065 2554 1104 2585 εἰς
1119 2555 1286 2591 ἡμερότητα,
1302 2557 1318 2592 ἢ
1333 2557 1362 2590 ἐξ
1383 2558 1480 2594 ἑτέρας
1497 2559 1640 2596 ἐνεργείας
1652 2561 1775 2587 διαϐόλου
1791 2564 1860 2598 np‘;

1065 2600 1173 2636 ἀπάτην
1194 2601 1297 2630 τούτων
1319 2604 1550 2641 ὑποκοριζομένου
1567 2606 1614 2633 τοῦ
1635 2606 1715 2639 ζώου.
1735 2609 1857 2643 Προσκ-δο

1065 2645 1141 2673 νοῦσι
1153 2647 1182 2674 δὲ
1195 2648 1242 2674 τὸν
1261 2649 1392 2684 τοιοῦτον,
1407 2652 1453 2678 καὶ
1477 2652 1653 2689 εὐχαριστίαν
1675 2654 1777 2689 ταύτην
1798 2656 1859 2682 ἐπι-

1064 2701 1225 2736 φημίςουσι,
1242 2703 1291 2739 τὴν
1305 2704 1338 2731 δι’
1358 2705 1441 2733 αὑτοῦ
1462 2707 1646 2743 ἑνειληθέντος
1659 2709 1858 2744 γεγενημένην,

1063 2755 1118 2782 Καὶ
1132 2755 1210 2788 αυθις
1224 2755 1257 2784 δι’
1275 2756 1369 2791 αὑτοῦ,
1387 2758 1425 2791 ὦς
1446 2767 1524 2794 φασι,
1539 2759 1579 2795 τῷ
1594 2759 1650 2787 ἅνω
1671 2760 1761 2796 Πατρὶ
1775 2760 1854 2796 ὕμνοι

256 2930 310 2964 (ίὺ)
330 2931 382 2957 Kal
406 2932 590 2966 πανοιψγιάι·
620 2931 782 2967 γινώσκων.
809 2933 886 2960 Cori'.
918 2934 989 2960 xzt‘z
1004 2937 1070 2962 πὶιι.

1029 2937 1043 2962 Ξ
