  <div class='ocr_page' id='page_1' title='image "/cluster/home/n/w/nwhite01/storage/ocr_20150623/41/njp.32101007805813/350.png"; bbox 0 0 1952 3045; ppageno 0'>
   <div class='ocr_carea' id='block_1_1' title="bbox 73 183 126 211">
    <p class='ocr_par' dir='ltr' id='par_1_1' title="bbox 73 183 126 211">
     <span class='ocr_line' id='line_1_1' title="bbox 73 183 126 211; baseline 0 0"><span class='ocrx_word' id='word_1_1' title='bbox 73 183 126 211; x_wconf 67' lang='grc' dir='ltr'><strong>διο</strong></span> 
     </span>
    </p>
   </div>
   <div class='ocr_carea' id='block_1_2' title="bbox 381 179 1412 210">
    <p class='ocr_par' dir='ltr' id='par_1_2' title="bbox 381 179 1412 210">
     <span class='ocr_line' id='line_1_2' title="bbox 381 179 1412 210; baseline 0 -1"><span class='ocrx_word' id='word_1_2' title='bbox 381 182 566 210; x_wconf 77' lang='lat' dir='ltr'><strong>ADVERSUS</strong></span> <span class='ocrx_word' id='word_1_3' title='bbox 585 181 756 209; x_wconf 67' lang='lat' dir='ltr'><strong>ILERESES</strong></span> <span class='ocrx_word' id='word_1_4' title='bbox 775 181 838 208; x_wconf 83' lang='lat' dir='ltr'><strong>LIB.</strong></span> <span class='ocrx_word' id='word_1_5' title='bbox 860 180 881 209; x_wconf 93' lang='lat' dir='ltr'><strong>I.</strong></span> <span class='ocrx_word' id='word_1_6' title='bbox 901 179 984 208; x_wconf 83' lang='lat' dir='ltr'><strong>TOM.</strong></span> <span class='ocrx_word' id='word_1_7' title='bbox 1005 180 1049 208; x_wconf 88' lang='lat' dir='ltr'><strong>III.</strong></span> <span class='ocrx_word' id='word_1_8' title='bbox 1070 195 1105 200; x_wconf 93' lang='lat'><strong>—</strong></span> <span class='ocrx_word' id='word_1_9' title='bbox 1124 180 1260 208; x_wconf 74' lang='lat' dir='ltr'><strong>IUERES.</strong></span> <span class='ocrx_word' id='word_1_10' title='bbox 1281 180 1412 209; x_wconf 85' lang='lat' dir='ltr'><strong>XXXVII.</strong></span> 
     </span>
    </p>
   </div>
   <div class='ocr_carea' id='block_1_3' title="bbox 1655 183 1709 211">
    <p class='ocr_par' dir='ltr' id='par_1_3' title="bbox 1655 183 1709 211">
     <span class='ocr_line' id='line_1_3' title="bbox 1655 183 1709 211; baseline 0.019 -1"><span class='ocrx_word' id='word_1_11' title='bbox 1655 183 1709 211; x_wconf 72' lang='lat'><strong>650</strong></span> 
     </span>
    </p>
   </div>
   <div class='ocr_carea' id='block_1_4' title="bbox 76 236 869 274">
    <p class='ocr_par' dir='ltr' id='par_1_4' title="bbox 76 237 869 274">
     <span class='ocr_line' id='line_1_4' title="bbox 76 237 869 274; baseline 0 -10"><span class='ocrx_word' id='word_1_12' title='bbox 76 237 294 273; x_wconf 68' lang='grc' dir='ltr'>ἀναπέμτωντες,</span> <span class='ocrx_word' id='word_1_13' title='bbox 323 237 410 270; x_wconf 76' lang='grc' dir='ltr'>οὕτως</span> <span class='ocrx_word' id='word_1_14' title='bbox 437 238 471 266; x_wconf 73' lang='grc' dir='ltr'><strong>τὰ</strong></span> <span class='ocrx_word' id='word_1_15' title='bbox 500 239 637 274; x_wconf 80' lang='grc' dir='ltr'><strong>μυστήρια</strong></span> <span class='ocrx_word' id='word_1_16' title='bbox 663 238 751 264; x_wconf 83' lang='grc' dir='ltr'>αὐτῶν</span> <span class='ocrx_word' id='word_1_17' title='bbox 774 238 869 264; x_wconf 74' lang='grc' dir='ltr'>ἐπιτε-</span> 
     </span>
    </p>
   </div>
   <div class='ocr_carea' id='block_1_5' title="bbox 924 236 1708 274">
    <p class='ocr_par' dir='ltr' id='par_1_5' title="bbox 924 236 1708 273">
     <span class='ocr_line' id='line_1_5' title="bbox 924 236 1708 273; baseline 0.003 -10"><span class='ocrx_word' id='word_1_18' title='bbox 924 236 1015 269; x_wconf 87' lang='lat' dir='ltr'><strong>Illum,</strong></span> <span class='ocrx_word' id='word_1_19' title='bbox 1041 240 1071 264; x_wconf 88' lang='lat' dir='ltr'><strong>ut</strong></span> <span class='ocrx_word' id='word_1_20' title='bbox 1094 237 1179 269; x_wconf 88' lang='lat' dir='ltr'><strong>aiunt,</strong></span> <span class='ocrx_word' id='word_1_21' title='bbox 1203 237 1383 269; x_wconf 71' lang='lat' dir='ltr'><strong>celebrantes,</strong></span> <span class='ocrx_word' id='word_1_22' title='bbox 1405 237 1534 272; x_wconf 88' lang='lat' dir='ltr'><strong>mysteria</strong></span> <span class='ocrx_word' id='word_1_23' title='bbox 1561 245 1611 265; x_wconf 91' lang='lat' dir='ltr'><strong>sua</strong></span> <span class='ocrx_word' id='word_1_24' title='bbox 1628 238 1708 273; x_wconf 83' lang='lat' dir='ltr'><strong>perﬁ-</strong></span> 
     </span>
    </p>
   </div>
   <div class='ocr_carea' id='block_1_6' title="bbox 75 283 163 310">
    <p class='ocr_par' dir='ltr' id='par_1_6' title="bbox 75 283 163 310">
     <span class='ocr_line' id='line_1_6' title="bbox 75 283 163 310; baseline 0 0"><span class='ocrx_word' id='word_1_25' title='bbox 75 283 121 310; x_wconf 85' lang='grc' dir='ltr'>λοῦ</span> <span class='ocrx_word' id='word_1_26' title='bbox 127 293 163 310; x_wconf 80' lang='grc' dir='ltr'>σι.</span> 
     </span>
    </p>
   </div>
   <div class='ocr_carea' id='block_1_7' title="bbox 110 328 866 371">
    <p class='ocr_par' dir='ltr' id='par_1_7' title="bbox 110 328 866 371">
     <span class='ocr_line' id='line_1_7' title="bbox 110 328 866 371; baseline 0 -14"><span class='ocrx_word' id='word_1_27' title='bbox 110 328 157 363; x_wconf 73' lang='grc' dir='ltr'><strong>ς’.</strong></span> <span class='ocrx_word' id='word_1_28' title='bbox 172 329 286 365; x_wconf 75' lang='grc' dir='ltr'>Μωρίαν</span> <span class='ocrx_word' id='word_1_29' title='bbox 299 329 327 356; x_wconf 77' lang='grc' dir='ltr'>δὲ</span> <span class='ocrx_word' id='word_1_30' title='bbox 349 330 421 357; x_wconf 75' lang='grc' dir='ltr'>εἴποι</span> <span class='ocrx_word' id='word_1_31' title='bbox 440 339 481 362; x_wconf 85' lang='grc' dir='ltr'><strong>τις</strong></span> <span class='ocrx_word' id='word_1_32' title='bbox 495 330 528 357; x_wconf 85' lang='grc' dir='ltr'>ἂν</span> <span class='ocrx_word' id='word_1_33' title='bbox 550 331 596 357; x_wconf 80' lang='grc' dir='ltr'>καὶ</span> <span class='ocrx_word' id='word_1_34' title='bbox 612 330 708 371; x_wconf 78' lang='grc' dir='ltr'>χλεύης</span> <span class='ocrx_word' id='word_1_35' title='bbox 722 330 847 366; x_wconf 75' lang='grc' dir='ltr'><strong>ἔμπλεων</strong></span> <span class='ocrx_word' id='word_1_36' title='bbox 859 339 866 346; x_wconf 75' lang='grc' dir='ltr'>ο</span> 
     </span>
    </p>
   </div>
   <div class='ocr_carea' id='block_1_8' title="bbox 75 375 868 413">
    <p class='ocr_par' dir='ltr' id='par_1_8' title="bbox 75 375 868 413">
     <span class='ocr_line' id='line_1_8' title="bbox 75 375 868 413; baseline 0.003 -11"><span class='ocrx_word' id='word_1_37' title='bbox 75 375 123 402; x_wconf 76' lang='grc' dir='ltr'>καὶ</span> <span class='ocrx_word' id='word_1_38' title='bbox 136 375 198 402; x_wconf 70' lang='grc' dir='ltr'>οὗτε</span> <span class='ocrx_word' id='word_1_39' title='bbox 219 377 376 412; x_wconf 81' lang='grc' dir='ltr'><strong>ἀνατροπῆς</strong></span> <span class='ocrx_word' id='word_1_40' title='bbox 393 377 447 404; x_wconf 71' lang='grc' dir='ltr'><strong>ἀπὸ</strong></span> <span class='ocrx_word' id='word_1_41' title='bbox 466 377 540 409; x_wconf 85' lang='grc' dir='ltr'>θείας</span> <span class='ocrx_word' id='word_1_42' title='bbox 561 377 671 413; x_wconf 70' lang='grc' dir='ltr'>Γραφῆς</span> <span class='ocrx_word' id='word_1_43' title='bbox 688 377 868 413; x_wconf 76' lang='grc' dir='ltr'>ἐπιζητουμέ-</span> 
     </span>
    </p>
   </div>
   <div class='ocr_carea' id='block_1_9' title="bbox 74 421 868 458">
    <p class='ocr_par' dir='ltr' id='par_1_9' title="bbox 74 421 868 458">
     <span class='ocr_line' id='line_1_9' title="bbox 74 421 868 458; baseline 0.004 -12"><span class='ocrx_word' id='word_1_44' title='bbox 74 430 123 456; x_wconf 91' lang='grc' dir='ltr'><strong>νης</strong></span> <span class='ocrx_word' id='word_1_45' title='bbox 141 422 180 453; x_wconf 76' lang='grc' dir='ltr'><strong>είς</strong></span> <span class='ocrx_word' id='word_1_46' title='bbox 207 421 296 453; x_wconf 79' lang='grc' dir='ltr'>τοῦτο,</span> <span class='ocrx_word' id='word_1_47' title='bbox 321 422 379 448; x_wconf 87' lang='grc' dir='ltr'>ἀλλ’</span> <span class='ocrx_word' id='word_1_48' title='bbox 404 423 469 449; x_wconf 75' lang='grc' dir='ltr'>αὐτὸ</span> <span class='ocrx_word' id='word_1_49' title='bbox 485 422 546 449; x_wconf 76' lang='grc' dir='ltr'>καθ’</span> <span class='ocrx_word' id='word_1_50' title='bbox 577 422 657 450; x_wconf 77' lang='grc' dir='ltr'>ἑαυτὸ</span> <span class='ocrx_word' id='word_1_51' title='bbox 673 423 713 458; x_wconf 84' lang='grc' dir='ltr'>τῷ</span> <span class='ocrx_word' id='word_1_52' title='bbox 733 423 779 449; x_wconf 75' lang='grc' dir='ltr'>τὸν</span> <span class='ocrx_word' id='word_1_53' title='bbox 806 422 868 450; x_wconf 83' lang='grc' dir='ltr'><strong>νοῦν</strong></span> 
     </span>
    </p>
   </div>
   <div class='ocr_carea' id='block_1_10' title="bbox 74 467 867 504">
    <p class='ocr_par' dir='ltr' id='par_1_10' title="bbox 74 467 867 504">
     <span class='ocr_line' id='line_1_10' title="bbox 74 467 867 504; baseline 0.003 -11"><span class='ocrx_word' id='word_1_54' title='bbox 74 467 164 502; x_wconf 75' lang='grc' dir='ltr'>ἔχοντι</span> <span class='ocrx_word' id='word_1_55' title='bbox 181 468 336 504; x_wconf 70' lang='grc' dir='ltr'>ἐρρωμένον</span> <span class='ocrx_word' id='word_1_56' title='bbox 353 468 424 495; x_wconf 79' lang='grc' dir='ltr'>κατὰ</span> <span class='ocrx_word' id='word_1_57' title='bbox 439 467 505 495; x_wconf 79' lang='grc' dir='ltr'>Θεὸν</span> <span class='ocrx_word' id='word_1_58' title='bbox 522 469 665 503; x_wconf 81' lang='grc' dir='ltr'>γελοιῶδες</span> <span class='ocrx_word' id='word_1_59' title='bbox 686 468 867 504; x_wconf 83' lang='grc' dir='ltr'>δειχθήσεται.</span> 
     </span>
    </p>
   </div>
   <div class='ocr_carea' id='block_1_11' title="bbox 75 513 870 550">
    <p class='ocr_par' dir='ltr' id='par_1_11' title="bbox 75 513 870 550">
     <span class='ocr_line' id='line_1_11' title="bbox 75 513 870 550; baseline 0.003 -12"><span class='ocrx_word' id='word_1_60' title='bbox 75 513 165 544; x_wconf 77' lang='grc' dir='ltr'>Εὐθὺς</span> <span class='ocrx_word' id='word_1_61' title='bbox 179 513 234 549; x_wconf 78' lang='grc' dir='ltr'>γὰρ</span> <span class='ocrx_word' id='word_1_62' title='bbox 249 514 323 540; x_wconf 81' lang='grc' dir='ltr'>πᾶσα</span> <span class='ocrx_word' id='word_1_63' title='bbox 337 514 453 550; x_wconf 82' lang='grc' dir='ltr'>ἡαὺτῶν</span> <span class='ocrx_word' id='word_1_64' title='bbox 470 515 623 550; x_wconf 80' lang='grc' dir='ltr'>κενοφωνία</span> <span class='ocrx_word' id='word_1_65' title='bbox 636 513 759 550; x_wconf 81' lang='grc' dir='ltr'><strong>ληρώδης</strong></span> <span class='ocrx_word' id='word_1_66' title='bbox 773 523 815 546; x_wconf 87' lang='grc' dir='ltr'><strong>τις</strong></span> <span class='ocrx_word' id='word_1_67' title='bbox 829 515 870 541; x_wconf 79' lang='grc' dir='ltr'><strong>εὑ-</strong></span> 
     </span>
    </p>
   </div>
   <div class='ocr_carea' id='block_1_12' title="bbox 76 559 869 596">
    <p class='ocr_par' dir='ltr' id='par_1_12' title="bbox 76 559 869 596">
     <span class='ocr_line' id='line_1_12' title="bbox 76 559 869 596; baseline 0.004 -12"><span class='ocrx_word' id='word_1_68' title='bbox 76 559 232 594; x_wconf 75' lang='grc' dir='ltr'>ρεθήσεται.</span> <span class='ocrx_word' id='word_1_69' title='bbox 253 560 285 586; x_wconf 83' lang='lat' dir='ltr'><strong>EI</strong></span> <span class='ocrx_word' id='word_1_70' title='bbox 298 560 352 596; x_wconf 80' lang='grc' dir='ltr'><strong>γὰρ</strong></span> <span class='ocrx_word' id='word_1_71' title='bbox 376 560 540 596; x_wconf 85' lang='grc' dir='ltr'>Προύνεικόν</span> <span class='ocrx_word' id='word_1_72' title='bbox 554 570 635 596; x_wconf 81' lang='grc' dir='ltr'>φασιν</span> <span class='ocrx_word' id='word_1_73' title='bbox 654 559 734 592; x_wconf 77' lang='grc' dir='ltr'>εἶναι,</span> <span class='ocrx_word' id='word_1_74' title='bbox 751 561 809 592; x_wconf 82' lang='grc' dir='ltr'><strong>πῶς</strong></span> <span class='ocrx_word' id='word_1_75' title='bbox 822 562 869 588; x_wconf 75' lang='grc' dir='ltr'><strong>ἀπ*</strong></span> 
     </span>
    </p>
   </div>
   <div class='ocr_carea' id='block_1_13' title="bbox 75 605 869 644">
    <p class='ocr_par' dir='ltr' id='par_1_13' title="bbox 75 605 869 644">
     <span class='ocr_line' id='line_1_13' title="bbox 75 605 869 644; baseline 0.004 -12"><span class='ocrx_word' id='word_1_76' title='bbox 75 605 158 632; x_wconf 77' lang='grc' dir='ltr'>αὑτοῦ</span> <span class='ocrx_word' id='word_1_77' title='bbox 174 605 221 633; x_wconf 79' lang='grc' dir='ltr'><strong>τοῦ</strong></span> <span class='ocrx_word' id='word_1_78' title='bbox 237 606 367 642; x_wconf 76' lang='grc' dir='ltr'>ὀνόματος</span> <span class='ocrx_word' id='word_1_79' title='bbox 378 607 408 633; x_wconf 83' lang='grc' dir='ltr'>οὺ</span> <span class='ocrx_word' id='word_1_80' title='bbox 425 607 455 634; x_wconf 82' lang='grc' dir='ltr'>τὸ</span> <span class='ocrx_word' id='word_1_81' title='bbox 474 607 573 644; x_wconf 82' lang='grc' dir='ltr'>σαθρὸν</span> <span class='ocrx_word' id='word_1_82' title='bbox 585 608 633 643; x_wconf 87' lang='grc' dir='ltr'>τῆς</span> <span class='ocrx_word' id='word_1_83' title='bbox 649 608 766 639; x_wconf 76' lang='grc' dir='ltr'><strong>διανοίας</strong></span> <span class='ocrx_word' id='word_1_84' title='bbox 780 607 869 635; x_wconf 82' lang='grc' dir='ltr'>αὐτῶν</span> 
     </span>
    </p>
   </div>
   <div class='ocr_carea' id='block_1_14' title="bbox 75 652 870 689">
    <p class='ocr_par' dir='ltr' id='par_1_14' title="bbox 75 652 870 689">
     <span class='ocr_line' id='line_1_14' title="bbox 75 652 870 689; baseline 0.001 -10"><span class='ocrx_word' id='word_1_85' title='bbox 75 652 281 688; x_wconf 73' lang='grc' dir='ltr'><strong>φωραθήσεται,</strong></span> <span class='ocrx_word' id='word_1_86' title='bbox 296 653 333 683; x_wconf 80' lang='grc' dir='ltr'>ὡς</span> <span class='ocrx_word' id='word_1_87' title='bbox 353 652 403 689; x_wconf 74' lang='grc' dir='ltr'>ἤδη</span> <span class='ocrx_word' id='word_1_88' title='bbox 420 654 569 689; x_wconf 80' lang='grc' dir='ltr'>προεῖπον;</span> <span class='ocrx_word' id='word_1_89' title='bbox 593 654 651 680; x_wconf 80' lang='grc' dir='ltr'>Πᾶν</span> <span class='ocrx_word' id='word_1_90' title='bbox 669 654 723 689; x_wconf 80' lang='grc' dir='ltr'><strong>γὰρ</strong></span> <span class='ocrx_word' id='word_1_91' title='bbox 738 654 768 680; x_wconf 87' lang='grc' dir='ltr'>τὸ</span> <span class='ocrx_word' id='word_1_92' title='bbox 787 662 870 689; x_wconf 86' lang='grc' dir='ltr'>πρου-</span> 
     </span>
    </p>
   </div>
   <div class='ocr_carea' id='block_1_15' title="bbox 75 698 869 736">
    <p class='ocr_par' dir='ltr' id='par_1_15' title="bbox 75 698 869 736">
     <span class='ocr_line' id='line_1_15' title="bbox 75 698 869 736; baseline 0.003 -12"><span class='ocrx_word' id='word_1_93' title='bbox 75 699 279 734; x_wconf 81' lang='grc' dir='ltr'>νεικευόμενον,</span> <span class='ocrx_word' id='word_1_94' title='bbox 297 698 442 734; x_wconf 81' lang='grc' dir='ltr'>ἄχρηστον.</span> <span class='ocrx_word' id='word_1_95' title='bbox 458 700 523 726; x_wconf 82' lang='grc' dir='ltr'><strong>Είδέ</strong></span> <span class='ocrx_word' id='word_1_96' title='bbox 537 700 682 736; x_wconf 85' lang='grc' dir='ltr'>ἄχρηστον,</span> <span class='ocrx_word' id='word_1_97' title='bbox 699 700 745 726; x_wconf 78' lang='grc' dir='ltr'>καὶ</span> <span class='ocrx_word' id='word_1_98' title='bbox 767 700 795 726; x_wconf 82' lang='grc' dir='ltr'><strong>ἐν</strong></span> <span class='ocrx_word' id='word_1_99' title='bbox 814 701 869 732; x_wconf 86' lang='grc' dir='ltr'>τοῖς</span> 
     </span>
    </p>
   </div>
   <div class='ocr_carea' id='block_1_16' title="bbox 75 744 871 782">
    <p class='ocr_par' dir='ltr' id='par_1_16' title="bbox 75 744 871 782">
     <span class='ocr_line' id='line_1_16' title="bbox 75 744 871 782; baseline 0.004 -12"><span class='ocrx_word' id='word_1_100' title='bbox 75 744 252 780; x_wconf 83' lang='grc' dir='ltr'>προκριτέοις</span> <span class='ocrx_word' id='word_1_101' title='bbox 278 745 402 772; x_wconf 80' lang='grc' dir='ltr'>τακτέον.</span> <span class='ocrx_word' id='word_1_102' title='bbox 429 744 484 771; x_wconf 81' lang='grc' dir='ltr'><strong>Καὶ</strong></span> <span class='ocrx_word' id='word_1_103' title='bbox 514 745 571 777; x_wconf 87' lang='grc' dir='ltr'><strong>πῶς</strong></span> <span class='ocrx_word' id='word_1_104' title='bbox 600 746 741 773; x_wconf 81' lang='grc' dir='ltr'>ἐπαινετὸν</span> <span class='ocrx_word' id='word_1_105' title='bbox 770 747 812 782; x_wconf 81' lang='grc' dir='ltr'><strong>είη</strong></span> <span class='ocrx_word' id='word_1_106' title='bbox 839 747 871 774; x_wconf 77' lang='grc' dir='ltr'>τὸ</span> 
     </span>
    </p>
   </div>
   <div class='ocr_carea' id='block_1_17' title="bbox 76 789 869 828">
    <p class='ocr_par' dir='ltr' id='par_1_17' title="bbox 76 789 869 828">
     <span class='ocr_line' id='line_1_17' title="bbox 76 789 869 828; baseline 0.004 -12"><span class='ocrx_word' id='word_1_107' title='bbox 76 790 232 825; x_wconf 80' lang='grc' dir='ltr'>ἄχρηστον;</span> <span class='ocrx_word' id='word_1_108' title='bbox 249 789 312 822; x_wconf 85' lang='grc' dir='ltr'><strong>Πῶς</strong></span> <span class='ocrx_word' id='word_1_109' title='bbox 335 790 364 816; x_wconf 83' lang='grc' dir='ltr'><strong>δέ</strong></span> <span class='ocrx_word' id='word_1_110' title='bbox 387 790 449 826; x_wconf 75' lang='grc' dir='ltr'><strong>οὐχὶ</strong></span> <span class='ocrx_word' id='word_1_111' title='bbox 475 791 598 827; x_wconf 83' lang='grc' dir='ltr'><strong>μυθῶδες</strong></span> <span class='ocrx_word' id='word_1_112' title='bbox 617 792 647 819; x_wconf 86' lang='grc' dir='ltr'><strong>τὺ</strong></span> <span class='ocrx_word' id='word_1_113' title='bbox 672 792 772 826; x_wconf 80' lang='grc' dir='ltr'>λέγειν,</span> <span class='ocrx_word' id='word_1_114' title='bbox 791 793 832 820; x_wconf 68' lang='lat' dir='ltr'><strong>6m</strong></span> <span class='ocrx_word' id='word_1_115' title='bbox 852 793 869 828; x_wconf 84' lang='grc' dir='ltr'>ἠ</span> 
     </span>
    </p>
   </div>
   <div class='ocr_carea' id='block_1_18' title="bbox 78 835 870 876">
    <p class='ocr_par' dir='ltr' id='par_1_18' title="bbox 78 835 870 876">
     <span class='ocr_line' id='line_1_18' title="bbox 78 835 870 876; baseline 0.005 -14"><span class='ocrx_word' id='word_1_116' title='bbox 78 835 243 871; x_wconf 77' lang='grc' dir='ltr'>Προύνεικος</span> <span class='ocrx_word' id='word_1_117' title='bbox 266 836 312 863; x_wconf 81' lang='grc' dir='ltr'><strong>τὸν</strong></span> <span class='ocrx_word' id='word_1_118' title='bbox 330 836 492 864; x_wconf 76' lang='grc' dir='ltr'>Ἰαλδαὸαὼθ</span> <span class='ocrx_word' id='word_1_119' title='bbox 509 837 636 872; x_wconf 85' lang='grc' dir='ltr'>ἐκένωσε,</span> <span class='ocrx_word' id='word_1_120' title='bbox 659 839 705 867; x_wconf 80' lang='grc' dir='ltr'>καὶ</span> <span class='ocrx_word' id='word_1_121' title='bbox 719 840 734 866; x_wconf 80' lang='grc' dir='ltr'><em>ὁ</em></span> <span class='ocrx_word' id='word_1_122' title='bbox 753 839 870 876; x_wconf 80' lang='grc' dir='ltr'><strong>σπινθὴρ</strong></span> 
     </span>
    </p>
   </div>
   <div class='ocr_carea' id='block_1_19' title="bbox 77 882 870 918">
    <p class='ocr_par' dir='ltr' id='par_1_19' title="bbox 77 882 870 918">
     <span class='ocr_line' id='line_1_19' title="bbox 77 882 870 918; baseline 0.005 -10"><span class='ocrx_word' id='word_1_123' title='bbox 77 884 117 914; x_wconf 78' lang='grc' dir='ltr'>εἰς</span> <span class='ocrx_word' id='word_1_124' title='bbox 131 882 166 908; x_wconf 78' lang='grc' dir='ltr'>τὰ</span> <span class='ocrx_word' id='word_1_125' title='bbox 183 882 259 909; x_wconf 85' lang='grc' dir='ltr'>κάτω</span> <span class='ocrx_word' id='word_1_126' title='bbox 282 882 416 918; x_wconf 82' lang='grc' dir='ltr'>κατῆλθεν</span> <span class='ocrx_word' id='word_1_127' title='bbox 432 883 487 910; x_wconf 80' lang='grc' dir='ltr'><strong>ἀπὸ</strong></span> <span class='ocrx_word' id='word_1_128' title='bbox 500 884 548 910; x_wconf 87' lang='grc' dir='ltr'>τοῦ</span> <span class='ocrx_word' id='word_1_129' title='bbox 572 883 755 918; x_wconf 85' lang='grc' dir='ltr'>κενωθέντος;</span> <span class='ocrx_word' id='word_1_130' title='bbox 779 885 822 911; x_wconf 85' lang='grc' dir='ltr'>Ἐν</span> <span class='ocrx_word' id='word_1_131' title='bbox 841 886 870 912; x_wconf 87' lang='grc' dir='ltr'><strong>δέ</strong></span> 
     </span>
    </p>
   </div>
   <div class='ocr_carea' id='block_1_20' title="bbox 75 928 873 966">
    <p class='ocr_par' dir='ltr' id='par_1_20' title="bbox 75 928 873 966">
     <span class='ocr_line' id='line_1_20' title="bbox 75 928 873 966; baseline 0.005 -12"><span class='ocrx_word' id='word_1_132' title='bbox 75 928 116 963; x_wconf 83' lang='grc' dir='ltr'>τῷ</span> <span class='ocrx_word' id='word_1_133' title='bbox 134 929 190 956; x_wconf 82' lang='grc' dir='ltr'>ἄνω</span> <span class='ocrx_word' id='word_1_134' title='bbox 212 929 331 964; x_wconf 87' lang='grc' dir='ltr'>γεγονὼς</span> <span class='ocrx_word' id='word_1_135' title='bbox 347 928 454 964; x_wconf 79' lang='grc' dir='ltr'><strong>ἐπέγνω</strong></span> <span class='ocrx_word' id='word_1_136' title='bbox 469 929 516 956; x_wconf 80' lang='grc' dir='ltr'><strong>τὸν</strong></span> <span class='ocrx_word' id='word_1_137' title='bbox 537 930 672 966; x_wconf 82' lang='grc' dir='ltr'><strong>ἀνώτερον</strong></span> <span class='ocrx_word' id='word_1_138' title='bbox 687 930 734 957; x_wconf 84' lang='grc' dir='ltr'>τοῦ</span> <span class='ocrx_word' id='word_1_139' title='bbox 754 939 873 958; x_wconf 85' lang='grc' dir='ltr'>κεκενω-</span> 
     </span>
    </p>
   </div>
   <div class='ocr_carea' id='block_1_21' title="bbox 78 973 872 1012">
    <p class='ocr_par' dir='ltr' id='par_1_21' title="bbox 78 973 872 1012">
     <span class='ocr_line' id='line_1_21' title="bbox 78 973 872 1012; baseline 0.004 -12"><span class='ocrx_word' id='word_1_140' title='bbox 78 975 172 1009; x_wconf 75' lang='grc' dir='ltr'>μένου.</span> <span class='ocrx_word' id='word_1_141' title='bbox 191 975 246 1001; x_wconf 84' lang='grc' dir='ltr'><strong>Καὶ</strong></span> <span class='ocrx_word' id='word_1_142' title='bbox 262 974 354 1010; x_wconf 75' lang='grc' dir='ltr'>θαῦμα</span> <span class='ocrx_word' id='word_1_143' title='bbox 377 975 515 1010; x_wconf 84' lang='grc' dir='ltr'>μέγιστον,</span> <span class='ocrx_word' id='word_1_144' title='bbox 532 976 569 1007; x_wconf 85' lang='grc' dir='ltr'>ὡς</span> <span class='ocrx_word' id='word_1_145' title='bbox 582 977 595 1002; x_wconf 88' lang='grc'>6</span> <span class='ocrx_word' id='word_1_146' title='bbox 616 976 769 1012; x_wconf 84' lang='grc' dir='ltr'>ἄνθρωπος,</span> <span class='ocrx_word' id='word_1_147' title='bbox 783 977 812 1003; x_wconf 84' lang='grc' dir='ltr'><strong>ἐν</strong></span> <span class='ocrx_word' id='word_1_148' title='bbox 824 973 846 1010; x_wconf 81' lang='grc' dir='ltr'>ᾧ</span> <span class='ocrx_word' id='word_1_149' title='bbox 858 977 872 1003; x_wconf 82' lang='grc' dir='ltr'><strong>δ</strong></span> 
     </span>
    </p>
   </div>
   <div class='ocr_carea' id='block_1_22' title="bbox 76 1019 872 1056">
    <p class='ocr_par' dir='ltr' id='par_1_22' title="bbox 76 1019 872 1056">
     <span class='ocr_line' id='line_1_22' title="bbox 76 1019 872 1056; baseline 0.001 -10"><span class='ocrx_word' id='word_1_150' title='bbox 76 1020 218 1054; x_wconf 74' lang='grc' dir='ltr'><strong>ἐλάχιστος</strong></span> <span class='ocrx_word' id='word_1_151' title='bbox 232 1019 359 1055; x_wconf 80' lang='grc' dir='ltr'><strong>σπινθὴρ,</strong></span> <span class='ocrx_word' id='word_1_152' title='bbox 376 1020 555 1054; x_wconf 78' lang='grc' dir='ltr'>ἐπιγινώσκει</span> <span class='ocrx_word' id='word_1_153' title='bbox 570 1020 640 1056; x_wconf 81' lang='grc' dir='ltr'>ὑπὲρ</span> <span class='ocrx_word' id='word_1_154' title='bbox 657 1022 720 1052; x_wconf 74' lang='grc' dir='ltr'>τοὺς</span> <span class='ocrx_word' id='word_1_155' title='bbox 734 1020 872 1048; x_wconf 85' lang='grc' dir='ltr'>πεπλακό-</span> 
     </span>
    </p>
   </div>
   <div class='ocr_carea' id='block_1_23' title="bbox 75 1065 872 1102">
    <p class='ocr_par' dir='ltr' id='par_1_23' title="bbox 75 1065 872 1102">
     <span class='ocr_line' id='line_1_23' title="bbox 75 1065 872 1102; baseline 0.001 -10"><span class='ocrx_word' id='word_1_156' title='bbox 75 1074 126 1097; x_wconf 83' lang='grc' dir='ltr'><strong>τας</strong></span> <span class='ocrx_word' id='word_1_157' title='bbox 138 1065 270 1099; x_wconf 81' lang='grc' dir='ltr'><strong>ἀγγέλους</strong></span> <span class='ocrx_word' id='word_1_158' title='bbox 281 1066 287 1092; x_wconf 91' lang='lat'><strong>!</strong></span> <span class='ocrx_word' id='word_1_159' title='bbox 304 1067 336 1092; x_wconf 77' lang='grc' dir='ltr'>υἱ</span> <span class='ocrx_word' id='word_1_160' title='bbox 351 1065 405 1101; x_wconf 77' lang='grc' dir='ltr'><strong>γὰρ</strong></span> <span class='ocrx_word' id='word_1_161' title='bbox 417 1066 597 1101; x_wconf 84' lang='grc' dir='ltr'>πεποιηκότες</span> <span class='ocrx_word' id='word_1_162' title='bbox 610 1067 655 1092; x_wconf 83' lang='grc' dir='ltr'>τὸν</span> <span class='ocrx_word' id='word_1_163' title='bbox 667 1066 809 1102; x_wconf 78' lang='grc' dir='ltr'>ἄνθρωπον</span> <span class='ocrx_word' id='word_1_164' title='bbox 823 1066 872 1101; x_wconf 72' lang='grc' dir='ltr'><strong>ἆγ-</strong></span> 
     </span>
    </p>
   </div>
   <div class='ocr_carea' id='block_1_24' title="bbox 76 1111 872 1146">
    <p class='ocr_par' dir='ltr' id='par_1_24' title="bbox 76 1111 872 1146">
     <span class='ocr_line' id='line_1_24' title="bbox 76 1111 872 1146; baseline 0.001 -9"><span class='ocrx_word' id='word_1_165' title='bbox 76 1111 162 1146; x_wconf 81' lang='grc' dir='ltr'>γελοι.</span> <span class='ocrx_word' id='word_1_166' title='bbox 179 1111 268 1137; x_wconf 81' lang='grc' dir='ltr'>εῐτουν</span> <span class='ocrx_word' id='word_1_167' title='bbox 285 1111 336 1138; x_wconf 75' lang='grc' dir='ltr'><strong>υἱοὶ</strong></span> <span class='ocrx_word' id='word_1_168' title='bbox 347 1111 394 1138; x_wconf 82' lang='grc' dir='ltr'>τοῦ</span> <span class='ocrx_word' id='word_1_169' title='bbox 416 1111 591 1143; x_wconf 81' lang='grc' dir='ltr'>Ίαλδαῦαὼθ,</span> <span class='ocrx_word' id='word_1_170' title='bbox 605 1112 654 1138; x_wconf 83' lang='grc' dir='ltr'><strong>οὐκ</strong></span> <span class='ocrx_word' id='word_1_171' title='bbox 666 1111 823 1146; x_wconf 74' lang='grc' dir='ltr'><strong>ἐπέγνωσαν</strong></span> <span class='ocrx_word' id='word_1_172' title='bbox 834 1111 872 1138; x_wconf 84' lang='grc' dir='ltr'><strong>τὰ</strong></span> 
     </span>
    </p>
   </div>
   <div class='ocr_carea' id='block_1_25' title="bbox 77 1155 871 1192">
    <p class='ocr_par' dir='ltr' id='par_1_25' title="bbox 77 1155 871 1192">
     <span class='ocr_line' id='line_1_25' title="bbox 77 1155 871 1192; baseline 0.001 -10"><span class='ocrx_word' id='word_1_173' title='bbox 77 1156 170 1184; x_wconf 82' lang='grc' dir='ltr'>ἐπάνω</span> <span class='ocrx_word' id='word_1_174' title='bbox 186 1155 233 1189; x_wconf 83' lang='grc' dir='ltr'>τοῦ</span> <span class='ocrx_word' id='word_1_175' title='bbox 253 1156 426 1184; x_wconf 82' lang='grc' dir='ltr'>Ἰαλδαϐαὼθ.</span> <span class='ocrx_word' id='word_1_176' title='bbox 449 1157 478 1183; x_wconf 90' lang='lat'><strong>&#39;0</strong></span> <span class='ocrx_word' id='word_1_177' title='bbox 490 1156 518 1183; x_wconf 86' lang='grc' dir='ltr'>δὲ</span> <span class='ocrx_word' id='word_1_178' title='bbox 532 1157 577 1183; x_wconf 80' lang='grc' dir='ltr'><strong>ὑπ’</strong></span> <span class='ocrx_word' id='word_1_179' title='bbox 594 1155 675 1183; x_wconf 75' lang='grc' dir='ltr'>αὑτοῦ</span> <span class='ocrx_word' id='word_1_180' title='bbox 690 1157 871 1192; x_wconf 80' lang='grc' dir='ltr'>γεγενημένος</span> 
     </span>
    </p>
   </div>
   <div class='ocr_carea' id='block_1_26' title="bbox 76 1202 871 1238">
    <p class='ocr_par' dir='ltr' id='par_1_26' title="bbox 76 1202 871 1238">
     <span class='ocr_line' id='line_1_26' title="bbox 76 1202 871 1238; baseline 0 -9"><span class='ocrx_word' id='word_1_181' title='bbox 76 1202 120 1229; x_wconf 74' lang='grc' dir='ltr'><strong>διὰ</strong></span> <span class='ocrx_word' id='word_1_182' title='bbox 132 1202 180 1229; x_wconf 86' lang='grc' dir='ltr'>τοῦ</span> <span class='ocrx_word' id='word_1_183' title='bbox 196 1202 343 1238; x_wconf 78' lang='grc' dir='ltr'>σπινθῆρος</span> <span class='ocrx_word' id='word_1_184' title='bbox 357 1202 473 1237; x_wconf 80' lang='grc' dir='ltr'>ἐπέγνω.</span> <span class='ocrx_word' id='word_1_185' title='bbox 486 1203 568 1230; x_wconf 73' lang='grc' dir='ltr'>Αὐτοὶ</span> <span class='ocrx_word' id='word_1_186' title='bbox 583 1202 672 1229; x_wconf 81' lang='grc' dir='ltr'>τοίνυν</span> <span class='ocrx_word' id='word_1_187' title='bbox 686 1203 797 1234; x_wconf 77' lang='grc' dir='ltr'>ἑαυτοὺς</span> <span class='ocrx_word' id='word_1_188' title='bbox 809 1203 871 1229; x_wconf 88' lang='grc' dir='ltr'>ἀνα-</span> 
     </span>
    </p>
   </div>
   <div class='ocr_carea' id='block_1_27' title="bbox 76 1247 870 1284">
    <p class='ocr_par' dir='ltr' id='par_1_27' title="bbox 76 1247 870 1284">
     <span class='ocr_line' id='line_1_27' title="bbox 76 1247 870 1284; baseline 0.003 -10"><span class='ocrx_word' id='word_1_189' title='bbox 76 1247 206 1283; x_wconf 83' lang='grc' dir='ltr'>τρέπουσι</span> <span class='ocrx_word' id='word_1_190' title='bbox 221 1247 265 1275; x_wconf 73' lang='grc' dir='ltr'>διὰ</span> <span class='ocrx_word' id='word_1_191' title='bbox 289 1248 344 1275; x_wconf 88' lang='grc' dir='ltr'><strong>τῶν</strong></span> <span class='ocrx_word' id='word_1_192' title='bbox 362 1249 435 1275; x_wconf 80' lang='grc' dir='ltr'><strong>ἰδίων</strong></span> <span class='ocrx_word' id='word_1_193' title='bbox 449 1248 602 1284; x_wconf 83' lang='grc' dir='ltr'><strong>δογμάτων,</strong></span> <span class='ocrx_word' id='word_1_194' title='bbox 627 1248 666 1283; x_wconf 84' lang='grc' dir='ltr'>πῆ</span> <span class='ocrx_word' id='word_1_195' title='bbox 684 1249 732 1284; x_wconf 90' lang='grc' dir='ltr'><strong>μέν</strong></span> <span class='ocrx_word' id='word_1_196' title='bbox 750 1249 796 1276; x_wconf 84' lang='grc' dir='ltr'>τὸν</span> <span class='ocrx_word' id='word_1_197' title='bbox 810 1248 870 1283; x_wconf 73' lang='grc' dir='ltr'>ὅφιν</span> 
     </span>
    </p>
   </div>
   <div class='ocr_carea' id='block_1_28' title="bbox 76 1293 871 1331">
    <p class='ocr_par' dir='ltr' id='par_1_28' title="bbox 76 1293 871 1331">
     <span class='ocr_line' id='line_1_28' title="bbox 76 1293 871 1331; baseline 0.003 -11"><span class='ocrx_word' id='word_1_198' title='bbox 76 1293 243 1327; x_wconf 75' lang='grc' dir='ltr'><strong>δοξάζοντες,</strong></span> <span class='ocrx_word' id='word_1_199' title='bbox 267 1295 305 1330; x_wconf 80' lang='grc' dir='ltr'>πῆ</span> <span class='ocrx_word' id='word_1_200' title='bbox 328 1295 356 1321; x_wconf 77' lang='grc' dir='ltr'>δὲ</span> <span class='ocrx_word' id='word_1_201' title='bbox 376 1295 515 1330; x_wconf 84' lang='grc' dir='ltr'>ἀπατηλὸν</span> <span class='ocrx_word' id='word_1_202' title='bbox 538 1295 619 1322; x_wconf 82' lang='grc' dir='ltr'>αὐτὸν</span> <span class='ocrx_word' id='word_1_203' title='bbox 635 1295 702 1331; x_wconf 73' lang='grc' dir='ltr'>πρὸς</span> <span class='ocrx_word' id='word_1_204' title='bbox 726 1295 775 1331; x_wconf 82' lang='grc' dir='ltr'>τὴν</span> <span class='ocrx_word' id='word_1_205' title='bbox 799 1295 871 1323; x_wconf 72' lang='grc' dir='ltr'>Εὕαν</span> 
     </span>
    </p>
   </div>
   <div class='ocr_carea' id='block_1_29' title="bbox 77 1340 871 1377">
    <p class='ocr_par' dir='ltr' id='par_1_29' title="bbox 77 1340 871 1377">
     <span class='ocr_line' id='line_1_29' title="bbox 77 1340 871 1377; baseline 0.003 -11"><span class='ocrx_word' id='word_1_206' title='bbox 77 1340 260 1376; x_wconf 81' lang='grc' dir='ltr'>γεγενημένον</span> <span class='ocrx_word' id='word_1_207' title='bbox 273 1342 435 1376; x_wconf 73' lang='grc' dir='ltr'><strong>φάσκοντες,</strong></span> <span class='ocrx_word' id='word_1_208' title='bbox 450 1342 478 1367; x_wconf 89' lang='grc' dir='ltr'><strong>ἐν</strong></span> <span class='ocrx_word' id='word_1_209' title='bbox 494 1340 532 1376; x_wconf 81' lang='grc' dir='ltr'><strong>τῷ</strong></span> <span class='ocrx_word' id='word_1_210' title='bbox 544 1342 630 1367; x_wconf 74' lang='grc' dir='ltr'>εἰπεῖν</span> <span class='ocrx_word' id='word_1_211' title='bbox 641 1348 648 1355; x_wconf 81' lang='grc'><em>’</em></span> <span class='ocrx_word' id='word_1_212' title='bbox 671 1340 809 1375; x_wconf 75' lang='grc' dir='ltr'>Ἦπάτησε</span> <span class='ocrx_word' id='word_1_213' title='bbox 821 1341 871 1377; x_wconf 82' lang='grc' dir='ltr'>τὴν</span> 
     </span>
    </p>
   </div>
   <div class='ocr_carea' id='block_1_30' title="bbox 78 1384 882 1422">
    <p class='ocr_par' dir='ltr' id='par_1_30' title="bbox 78 1384 882 1422">
     <span class='ocr_line' id='line_1_30' title="bbox 78 1384 882 1422; baseline 0 -10"><span class='ocrx_word' id='word_1_214' title='bbox 78 1385 164 1412; x_wconf 77' lang='grc' dir='ltr'>Εὔαν·</span> <span class='ocrx_word' id='word_1_215' title='bbox 184 1385 230 1412; x_wconf 78' lang='grc' dir='ltr'>καὶ</span> <span class='ocrx_word' id='word_1_216' title='bbox 250 1386 288 1420; x_wconf 82' lang='grc' dir='ltr'>πῆ</span> <span class='ocrx_word' id='word_1_217' title='bbox 305 1387 354 1421; x_wconf 82' lang='grc' dir='ltr'>μὲν</span> <span class='ocrx_word' id='word_1_218' title='bbox 368 1385 483 1421; x_wconf 81' lang='grc' dir='ltr'>Χριστὸν</span> <span class='ocrx_word' id='word_1_219' title='bbox 496 1385 577 1414; x_wconf 78' lang='grc' dir='ltr'>αὑτὸν</span> <span class='ocrx_word' id='word_1_220' title='bbox 592 1384 817 1420; x_wconf 72' lang='grc' dir='ltr'>καταγγέλλουσι,</span> <span class='ocrx_word' id='word_1_221' title='bbox 831 1387 882 1422; x_wconf 70' lang='grc' dir='ltr'><strong>πῆ⁷</strong></span> 
     </span>
    </p>
   </div>
   <div class='ocr_carea' id='block_1_31' title="bbox 77 1430 871 1468">
    <p class='ocr_par' dir='ltr' id='par_1_31' title="bbox 77 1430 871 1468">
     <span class='ocr_line' id='line_1_31' title="bbox 77 1430 871 1468; baseline 0 -10"><span class='ocrx_word' id='word_1_222' title='bbox 77 1430 106 1458; x_wconf 85' lang='grc' dir='ltr'>δὲ</span> <span class='ocrx_word' id='word_1_223' title='bbox 118 1431 164 1458; x_wconf 73' lang='grc' dir='ltr'><strong>τὸν</strong></span> <span class='ocrx_word' id='word_1_224' title='bbox 181 1431 237 1458; x_wconf 83' lang='grc' dir='ltr'>υῑὺν</span> <span class='ocrx_word' id='word_1_225' title='bbox 249 1431 295 1458; x_wconf 77' lang='grc' dir='ltr'>τοῦ</span> <span class='ocrx_word' id='word_1_226' title='bbox 314 1432 451 1468; x_wconf 81' lang='grc' dir='ltr'>ἀνωτέρου</span> <span class='ocrx_word' id='word_1_227' title='bbox 469 1430 704 1464; x_wconf 82' lang='grc' dir='ltr'>’1αλδα6αὼθ,τοῦ</span> <span class='ocrx_word' id='word_1_228' title='bbox 721 1431 784 1463; x_wconf 78' lang='grc' dir='ltr'>τοὺς</span> <span class='ocrx_word' id='word_1_229' title='bbox 796 1432 871 1462; x_wconf 83' lang='grc' dir='ltr'>υἱοὺς</span> 
     </span>
    </p>
   </div>
   <div class='ocr_carea' id='block_1_32' title="bbox 77 1477 871 1513">
    <p class='ocr_par' dir='ltr' id='par_1_32' title="bbox 77 1477 871 1513">
     <span class='ocr_line' id='line_1_32' title="bbox 77 1477 871 1513; baseline 0.001 -10"><span class='ocrx_word' id='word_1_230' title='bbox 77 1477 266 1512; x_wconf 80' lang='grc' dir='ltr'>ἀδικήσαντος,</span> <span class='ocrx_word' id='word_1_231' title='bbox 290 1477 318 1503; x_wconf 86' lang='grc' dir='ltr'><strong>ἐν</strong></span> <span class='ocrx_word' id='word_1_232' title='bbox 331 1477 370 1513; x_wconf 85' lang='grc' dir='ltr'>τῷ</span> <span class='ocrx_word' id='word_1_233' title='bbox 387 1477 548 1503; x_wconf 83' lang='grc' dir='ltr'>ἀποκλεῖσαι</span> <span class='ocrx_word' id='word_1_234' title='bbox 569 1477 615 1504; x_wconf 83' lang='grc' dir='ltr'><strong>ἀπ’</strong></span> <span class='ocrx_word' id='word_1_235' title='bbox 632 1477 721 1504; x_wconf 78' lang='grc' dir='ltr'>αὐτῶν</span> <span class='ocrx_word' id='word_1_236' title='bbox 744 1477 793 1512; x_wconf 85' lang='grc' dir='ltr'>τὴν</span> <span class='ocrx_word' id='word_1_237' title='bbox 814 1477 871 1504; x_wconf 78' lang='grc' dir='ltr'>ἄνω</span> 
     </span>
    </p>
   </div>
   <div class='ocr_carea' id='block_1_33' title="bbox 78 1524 871 1566">
    <p class='ocr_par' dir='ltr' id='par_1_33' title="bbox 78 1524 871 1566">
     <span class='ocr_line' id='line_1_33' title="bbox 78 1524 871 1566; baseline -0.001 -15"><span class='ocrx_word' id='word_1_238' title='bbox 78 1524 188 1566; x_wconf 71' lang='grc' dir='ltr'>γνῶσιν,</span> <span class='ocrx_word' id='word_1_239' title='bbox 205 1525 253 1551; x_wconf 77' lang='grc' dir='ltr'>καὶ</span> <span class='ocrx_word' id='word_1_240' title='bbox 276 1525 327 1560; x_wconf 84' lang='grc' dir='ltr'>τὴν</span> <span class='ocrx_word' id='word_1_241' title='bbox 347 1525 454 1560; x_wconf 83' lang='grc' dir='ltr'>μητέρα</span> <span class='ocrx_word' id='word_1_242' title='bbox 473 1524 664 1559; x_wconf 79' lang='grc' dir='ltr'>ἀθετήσαντος,</span> <span class='ocrx_word' id='word_1_243' title='bbox 683 1524 729 1551; x_wconf 78' lang='grc' dir='ltr'>καὶ</span> <span class='ocrx_word' id='word_1_244' title='bbox 749 1524 794 1550; x_wconf 82' lang='grc' dir='ltr'>τὸν</span> <span class='ocrx_word' id='word_1_245' title='bbox 815 1524 871 1551; x_wconf 82' lang='grc' dir='ltr'>ἄνω</span> 
     </span>
    </p>
   </div>
   <div class='ocr_carea' id='block_1_34' title="bbox 78 1569 899 1605">
    <p class='ocr_par' dir='ltr' id='par_1_34' title="bbox 78 1569 899 1605">
     <span class='ocr_line' id='line_1_34' title="bbox 78 1569 899 1605; baseline -0.001 -10"><span class='ocrx_word' id='word_1_246' title='bbox 78 1569 198 1605; x_wconf 78' lang='grc' dir='ltr'>Πατέρα,</span> <span class='ocrx_word' id='word_1_247' title='bbox 214 1570 254 1602; x_wconf 80' lang='grc' dir='ltr'>εις</span> <span class='ocrx_word' id='word_1_248' title='bbox 264 1570 294 1596; x_wconf 82' lang='grc' dir='ltr'>τὸ</span> <span class='ocrx_word' id='word_1_249' title='bbox 307 1569 343 1605; x_wconf 85' lang='grc' dir='ltr'>μὴ</span> <span class='ocrx_word' id='word_1_250' title='bbox 356 1570 403 1605; x_wconf 81' lang='grc' dir='ltr'><strong>ἐᾷν</strong></span> <span class='ocrx_word' id='word_1_251' title='bbox 414 1569 535 1603; x_wconf 77' lang='grc' dir='ltr'>δοξάζειν</span> <span class='ocrx_word' id='word_1_252' title='bbox 550 1570 612 1600; x_wconf 76' lang='grc' dir='ltr'>τοὺς</span> <span class='ocrx_word' id='word_1_253' title='bbox 627 1569 673 1595; x_wconf 76' lang='grc' dir='ltr'><strong>ὑπ’</strong></span> <span class='ocrx_word' id='word_1_254' title='bbox 683 1569 766 1595; x_wconf 80' lang='grc' dir='ltr'>αὑτοῦ</span> <span class='ocrx_word' id='word_1_255' title='bbox 780 1577 871 1602; x_wconf 81' lang='grc' dir='ltr'>γεγεν-</span> <span class='ocrx_word' id='word_1_256' title='bbox 894 1575 899 1580; x_wconf 74' lang='grc'><em>”</em></span> 
     </span>
    </p>
   </div>
   <div class='ocr_carea' id='block_1_35' title="bbox 922 284 1008 311">
    <p class='ocr_par' dir='ltr' id='par_1_35' title="bbox 922 284 1008 311">
     <span class='ocr_line' id='line_1_35' title="bbox 922 284 1008 311; baseline -0.012 0"><span class='ocrx_word' id='word_1_257' title='bbox 922 284 1008 311; x_wconf 89' lang='lat' dir='ltr'><strong>ciunt.</strong></span> 
     </span>
    </p>
   </div>
   <div class='ocr_carea' id='block_1_36' title="bbox 958 328 1710 365">
    <p class='ocr_par' dir='ltr' id='par_1_36' title="bbox 958 328 1710 365">
     <span class='ocr_line' id='line_1_36' title="bbox 958 328 1710 365; baseline 0.004 -9"><span class='ocrx_word' id='word_1_258' title='bbox 958 328 1000 356; x_wconf 87' lang='lat' dir='ltr'><strong>Vl.</strong></span> <span class='ocrx_word' id='word_1_259' title='bbox 1022 329 1096 362; x_wconf 84' lang='lat' dir='ltr'><strong>Quas</strong></span> <span class='ocrx_word' id='word_1_260' title='bbox 1112 329 1220 364; x_wconf 86' lang='lat' dir='ltr'><strong>quidem</strong></span> <span class='ocrx_word' id='word_1_261' title='bbox 1237 329 1355 365; x_wconf 75' lang='lat' dir='ltr'><strong>ineptias</strong></span> <span class='ocrx_word' id='word_1_262' title='bbox 1369 330 1534 359; x_wconf 82' lang='lat' dir='ltr'><strong>vanissimas</strong></span> <span class='ocrx_word' id='word_1_263' title='bbox 1549 338 1621 364; x_wconf 87' lang='lat' dir='ltr'><strong>esse,</strong></span> <span class='ocrx_word' id='word_1_264' title='bbox 1638 332 1710 359; x_wconf 85' lang='lat' dir='ltr'><strong>ludi-</strong></span> 
     </span>
    </p>
   </div>
   <div class='ocr_carea' id='block_1_37' title="bbox 923 374 1710 412">
    <p class='ocr_par' dir='ltr' id='par_1_37' title="bbox 923 374 1710 412">
     <span class='ocr_line' id='line_1_37' title="bbox 923 374 1710 412; baseline 0.004 -11"><span class='ocrx_word' id='word_1_265' title='bbox 923 374 1037 409; x_wconf 86' lang='lat' dir='ltr'><strong>brioque</strong></span> <span class='ocrx_word' id='word_1_266' title='bbox 1049 375 1225 410; x_wconf 84' lang='lat' dir='ltr'><strong>dignissimas</strong></span> <span class='ocrx_word' id='word_1_267' title='bbox 1241 383 1322 402; x_wconf 80' lang='lat' dir='ltr'><strong>nemo</strong></span> <span class='ocrx_word' id='word_1_268' title='bbox 1336 382 1392 403; x_wconf 90' lang='lat' dir='ltr'><strong>non</strong></span> <span class='ocrx_word' id='word_1_269' title='bbox 1407 376 1526 404; x_wconf 77' lang='lat' dir='ltr'><strong>dixerit:</strong></span> <span class='ocrx_word' id='word_1_270' title='bbox 1543 385 1631 412; x_wconf 85' lang='lat' dir='ltr'><strong>neque</strong></span> <span class='ocrx_word' id='word_1_271' title='bbox 1646 385 1710 405; x_wconf 80' lang='lat' dir='ltr'><strong>vero</strong></span> 
     </span>
    </p>
   </div>
   <div class='ocr_carea' id='block_1_38' title="bbox 923 421 1712 457">
    <p class='ocr_par' dir='ltr' id='par_1_38' title="bbox 923 421 1712 457">
     <span class='ocr_line' id='line_1_38' title="bbox 923 421 1712 457; baseline 0.003 -9"><span class='ocrx_word' id='word_1_272' title='bbox 923 421 1023 449; x_wconf 81' lang='lat' dir='ltr'><strong>divinis</strong></span> <span class='ocrx_word' id='word_1_273' title='bbox 1043 429 1077 448; x_wconf 79' lang='lat' dir='ltr'><strong>ex</strong></span> <span class='ocrx_word' id='word_1_274' title='bbox 1091 421 1231 457; x_wconf 75' lang='lat' dir='ltr'><strong>Scriptura</strong></span> <span class='ocrx_word' id='word_1_275' title='bbox 1249 422 1417 457; x_wconf 83' lang='lat' dir='ltr'><strong>depromptis</strong></span> <span class='ocrx_word' id='word_1_276' title='bbox 1437 423 1602 451; x_wconf 75' lang='lat' dir='ltr'><strong>testimoniis</strong></span> <span class='ocrx_word' id='word_1_277' title='bbox 1619 423 1712 450; x_wconf 89' lang='lat' dir='ltr'><strong>acrius</strong></span> 
     </span>
    </p>
   </div>
   <div class='ocr_carea' id='block_1_39' title="bbox 923 467 1712 504">
    <p class='ocr_par' dir='ltr' id='par_1_39' title="bbox 923 467 1712 504">
     <span class='ocr_line' id='line_1_39' title="bbox 923 467 1712 504; baseline 0.003 -10"><span class='ocrx_word' id='word_1_278' title='bbox 923 467 1102 502; x_wconf 81' lang='lat' dir='ltr'><strong>refellendas;</strong></span> <span class='ocrx_word' id='word_1_279' title='bbox 1117 476 1179 495; x_wconf 88' lang='lat' dir='ltr'><strong>cum</strong></span> <span class='ocrx_word' id='word_1_280' title='bbox 1191 477 1240 504; x_wconf 90' lang='lat' dir='ltr'><strong>per</strong></span> <span class='ocrx_word' id='word_1_281' title='bbox 1252 476 1311 497; x_wconf 88' lang='lat' dir='ltr'><strong>sese</strong></span> <span class='ocrx_word' id='word_1_282' title='bbox 1323 469 1445 503; x_wconf 73' lang='lat' dir='ltr'><strong>cuilibet,</strong></span> <span class='ocrx_word' id='word_1_283' title='bbox 1472 469 1518 504; x_wconf 89' lang='lat' dir='ltr'><strong>qui</strong></span> <span class='ocrx_word' id='word_1_284' title='bbox 1532 471 1568 496; x_wconf 89' lang='lat' dir='ltr'><strong>sit</strong></span> <span class='ocrx_word' id='word_1_285' title='bbox 1580 470 1712 497; x_wconf 87' lang='lat' dir='ltr'><strong>nonnullo</strong></span> 
     </span>
    </p>
   </div>
   <div class='ocr_carea' id='block_1_40' title="bbox 922 513 1711 549">
    <p class='ocr_par' dir='ltr' id='par_1_40' title="bbox 922 513 1711 549">
     <span class='ocr_line' id='line_1_40' title="bbox 922 513 1711 549; baseline 0.003 -9"><span class='ocrx_word' id='word_1_286' title='bbox 922 513 1032 548; x_wconf 83' lang='lat' dir='ltr'><strong>ingenio</strong></span> <span class='ocrx_word' id='word_1_287' title='bbox 1049 514 1188 548; x_wconf 70' lang='lat' dir='ltr'><strong>prtcditus,</strong></span> <span class='ocrx_word' id='word_1_288' title='bbox 1212 522 1294 549; x_wconf 86' lang='lat' dir='ltr'><strong>quam</strong></span> <span class='ocrx_word' id='word_1_289' title='bbox 1316 514 1465 542; x_wconf 86' lang='lat' dir='ltr'><strong>ridiculum</strong></span> <span class='ocrx_word' id='word_1_290' title='bbox 1481 514 1517 542; x_wconf 86' lang='lat' dir='ltr'><strong>sit</strong></span> <span class='ocrx_word' id='word_1_291' title='bbox 1534 518 1620 541; x_wconf 89' lang='lat' dir='ltr'><strong>totum</strong></span> <span class='ocrx_word' id='word_1_292' title='bbox 1646 515 1711 542; x_wconf 89' lang='lat' dir='ltr'><strong>illud</strong></span> 
     </span>
    </p>
   </div>
   <div class='ocr_carea' id='block_1_41' title="bbox 924 559 1712 596">
    <p class='ocr_par' dir='ltr' id='par_1_41' title="bbox 924 559 1712 596">
     <span class='ocr_line' id='line_1_41' title="bbox 924 559 1712 596; baseline 0.004 -11"><span class='ocrx_word' id='word_1_293' title='bbox 924 559 1073 593; x_wconf 78' lang='lat' dir='ltr'><strong>negetium,</strong></span> <span class='ocrx_word' id='word_1_294' title='bbox 1096 559 1278 588; x_wconf 88' lang='lat' dir='ltr'><strong>demonstrari</strong></span> <span class='ocrx_word' id='word_1_295' title='bbox 1301 560 1397 595; x_wconf 84' lang='lat' dir='ltr'><strong>possit.</strong></span> <span class='ocrx_word' id='word_1_296' title='bbox 1430 559 1504 587; x_wconf 89' lang='lat' dir='ltr'><strong>Nihil</strong></span> <span class='ocrx_word' id='word_1_297' title='bbox 1521 561 1594 587; x_wconf 90' lang='lat' dir='ltr'><strong>enim</strong></span> <span class='ocrx_word' id='word_1_298' title='bbox 1616 567 1712 596; x_wconf 69' lang='lat' dir='ltr'><strong>praeter</strong></span> 
     </span>
    </p>
   </div>
   <div class='ocr_carea' id='block_1_42' title="bbox 924 605 1711 640">
    <p class='ocr_par' dir='ltr' id='par_1_42' title="bbox 924 605 1711 640">
     <span class='ocr_line' id='line_1_42' title="bbox 924 605 1711 640; baseline 0.005 -10"><span class='ocrx_word' id='word_1_299' title='bbox 924 605 1171 640; x_wconf 83' lang='lat' dir='ltr'><strong>contemptissimas</strong></span> <span class='ocrx_word' id='word_1_300' title='bbox 1191 606 1296 634; x_wconf 80' lang='lat' dir='ltr'><strong>fabulas</strong></span> <span class='ocrx_word' id='word_1_301' title='bbox 1311 614 1343 634; x_wconf 88' lang='lat' dir='ltr'><strong>ac</strong></span> <span class='ocrx_word' id='word_1_302' title='bbox 1363 606 1458 634; x_wconf 89' lang='lat' dir='ltr'><strong>deliria</strong></span> <span class='ocrx_word' id='word_1_303' title='bbox 1475 607 1618 634; x_wconf 86' lang='lat' dir='ltr'><strong>continere</strong></span> <span class='ocrx_word' id='word_1_304' title='bbox 1632 607 1711 634; x_wconf 80' lang='lat' dir='ltr'><strong>facile</strong></span> 
     </span>
    </p>
   </div>
   <div class='ocr_carea' id='block_1_43' title="bbox 924 650 1712 689">
    <p class='ocr_par' dir='ltr' id='par_1_43' title="bbox 924 650 1712 689">
     <span class='ocr_line' id='line_1_43' title="bbox 924 650 1712 689; baseline 0.003 -11"><span class='ocrx_word' id='word_1_305' title='bbox 924 650 1147 684; x_wconf 88' lang='lat' dir='ltr'><strong>deprehenditur.</strong></span> <span class='ocrx_word' id='word_1_306' title='bbox 1164 651 1230 678; x_wconf 87' lang='lat' dir='ltr'><strong>Nam</strong></span> <span class='ocrx_word' id='word_1_307' title='bbox 1245 652 1268 680; x_wconf 93' lang='lat' dir='ltr'><strong>si</strong></span> <span class='ocrx_word' id='word_1_308' title='bbox 1285 651 1434 680; x_wconf 87' lang='lat' dir='ltr'><strong>Prunicum</strong></span> <span class='ocrx_word' id='word_1_309' title='bbox 1449 660 1511 680; x_wconf 87' lang='lat' dir='ltr'><strong>esse</strong></span> <span class='ocrx_word' id='word_1_310' title='bbox 1523 654 1641 689; x_wconf 81' lang='lat' dir='ltr'><strong>aliquam</strong></span> <span class='ocrx_word' id='word_1_311' title='bbox 1654 654 1712 681; x_wconf 83' lang='lat' dir='ltr'><strong>exi-</strong></span> 
     </span>
    </p>
   </div>
   <div class='ocr_carea' id='block_1_44' title="bbox 924 696 1714 732">
    <p class='ocr_par' dir='ltr' id='par_1_44' title="bbox 924 696 1714 732">
     <span class='ocr_line' id='line_1_44' title="bbox 924 696 1714 732; baseline 0.004 -9"><span class='ocrx_word' id='word_1_312' title='bbox 924 696 1046 729; x_wconf 91' lang='lat' dir='ltr'><strong>stimant,</strong></span> <span class='ocrx_word' id='word_1_313' title='bbox 1064 697 1125 732; x_wconf 89' lang='lat' dir='ltr'><strong>quis</strong></span> <span class='ocrx_word' id='word_1_314' title='bbox 1136 705 1169 725; x_wconf 76' lang='lat' dir='ltr'><strong>ex</strong></span> <span class='ocrx_word' id='word_1_315' title='bbox 1186 697 1244 732; x_wconf 88' lang='lat' dir='ltr'><strong>ipso</strong></span> <span class='ocrx_word' id='word_1_316' title='bbox 1260 696 1353 725; x_wconf 80' lang='lat' dir='ltr'><strong>statim</strong></span> <span class='ocrx_word' id='word_1_317' title='bbox 1368 699 1501 726; x_wconf 88' lang='lat' dir='ltr'><strong>vocabulo</strong></span> <span class='ocrx_word' id='word_1_318' title='bbox 1517 707 1570 726; x_wconf 94' lang='lat' dir='ltr'><strong>non</strong></span> <span class='ocrx_word' id='word_1_319' title='bbox 1589 699 1714 726; x_wconf 86' lang='lat' dir='ltr'><strong>animad-</strong></span> 
     </span>
    </p>
   </div>
   <div class='ocr_carea' id='block_1_45' title="bbox 925 742 1714 780">
    <p class='ocr_par' dir='ltr' id='par_1_45' title="bbox 925 742 1714 780">
     <span class='ocr_line' id='line_1_45' title="bbox 925 742 1714 780; baseline 0.005 -12"><span class='ocrx_word' id='word_1_320' title='bbox 925 746 1021 773; x_wconf 82' lang='lat' dir='ltr'><strong>vertat,</strong></span> <span class='ocrx_word' id='word_1_321' title='bbox 1039 750 1119 777; x_wconf 90' lang='lat' dir='ltr'><strong>quam</strong></span> <span class='ocrx_word' id='word_1_322' title='bbox 1137 742 1303 770; x_wconf 88' lang='lat' dir='ltr'><strong>imbecillum</strong></span> <span class='ocrx_word' id='word_1_323' title='bbox 1315 751 1347 771; x_wconf 88' lang='lat' dir='ltr'><strong>ac</strong></span> <span class='ocrx_word' id='word_1_324' title='bbox 1366 744 1424 772; x_wconf 84' lang='lat' dir='ltr'><strong>leve</strong></span> <span class='ocrx_word' id='word_1_325' title='bbox 1437 744 1482 778; x_wconf 90' lang='lat' dir='ltr'><strong>sit,</strong></span> <span class='ocrx_word' id='word_1_326' title='bbox 1500 745 1573 779; x_wconf 91' lang='lat' dir='ltr'><strong>quod</strong></span> <span class='ocrx_word' id='word_1_327' title='bbox 1586 745 1630 772; x_wconf 89' lang='lat' dir='ltr'><strong>isti</strong></span> <span class='ocrx_word' id='word_1_328' title='bbox 1648 752 1714 780; x_wconf 82' lang='lat' dir='ltr'><strong>pro-</strong></span> 
     </span>
    </p>
   </div>
   <div class='ocr_carea' id='block_1_46' title="bbox 924 787 1710 826">
    <p class='ocr_par' dir='ltr' id='par_1_46' title="bbox 924 787 1710 826">
     <span class='ocr_line' id='line_1_46' title="bbox 924 787 1710 826; baseline 0.005 -12"><span class='ocrx_word' id='word_1_329' title='bbox 924 787 1045 820; x_wconf 82' lang='lat' dir='ltr'><strong>ﬁtentur,</strong></span> <span class='ocrx_word' id='word_1_330' title='bbox 1066 791 1096 815; x_wconf 91' lang='lat' dir='ltr'><strong>ut</strong></span> <span class='ocrx_word' id='word_1_331' title='bbox 1112 789 1169 823; x_wconf 87' lang='lat' dir='ltr'><strong>jam</strong></span> <span class='ocrx_word' id='word_1_332' title='bbox 1188 789 1368 818; x_wconf 87' lang='lat' dir='ltr'><strong>ostendimus.</strong></span> <span class='ocrx_word' id='word_1_333' title='bbox 1388 789 1527 826; x_wconf 84' lang='lat' dir='ltr'><strong>Quidquid</strong></span> <span class='ocrx_word' id='word_1_334' title='bbox 1553 791 1625 818; x_wconf 88' lang='lat' dir='ltr'><strong>enim</strong></span> <span class='ocrx_word' id='word_1_335' title='bbox 1640 791 1710 818; x_wconf 89' lang='lat' dir='ltr'><strong>Pru-</strong></span> 
     </span>
    </p>
   </div>
   <div class='ocr_carea' id='block_1_47' title="bbox 923 834 1714 872">
    <p class='ocr_par' dir='ltr' id='par_1_47' title="bbox 923 834 1714 872">
     <span class='ocr_line' id='line_1_47' title="bbox 923 834 1714 872; baseline 0.006 -12"><span class='ocrx_word' id='word_1_336' title='bbox 923 834 1015 860; x_wconf 90' lang='lat' dir='ltr'><strong>nicum</strong></span> <span class='ocrx_word' id='word_1_337' title='bbox 1035 834 1092 861; x_wconf 90' lang='lat' dir='ltr'><strong>ﬁeri</strong></span> <span class='ocrx_word' id='word_1_338' title='bbox 1108 834 1220 866; x_wconf 87' lang='lat' dir='ltr'><strong>dicitur,</strong></span> <span class='ocrx_word' id='word_1_339' title='bbox 1236 835 1263 862; x_wconf 92' lang='lat' dir='ltr'><strong>id</strong></span> <span class='ocrx_word' id='word_1_340' title='bbox 1276 836 1375 863; x_wconf 86' lang='lat' dir='ltr'><strong>inutile</strong></span> <span class='ocrx_word' id='word_1_341' title='bbox 1390 840 1450 868; x_wconf 92' lang='lat' dir='ltr'><strong>cst;</strong></span> <span class='ocrx_word' id='word_1_342' title='bbox 1466 836 1588 872; x_wconf 87' lang='lat' dir='ltr'><strong>adeoque</strong></span> <span class='ocrx_word' id='word_1_343' title='bbox 1601 837 1714 865; x_wconf 83' lang='lat' dir='ltr'><strong>minime</strong></span> 
     </span>
    </p>
   </div>
   <div class='ocr_carea' id='block_1_48' title="bbox 924 880 1714 918">
    <p class='ocr_par' dir='ltr' id='par_1_48' title="bbox 924 880 1714 918">
     <span class='ocr_line' id='line_1_48' title="bbox 924 880 1714 918; baseline 0.004 -12"><span class='ocrx_word' id='word_1_344' title='bbox 924 880 995 907; x_wconf 87' lang='lat' dir='ltr'><strong>inter</strong></span> <span class='ocrx_word' id='word_1_345' title='bbox 1009 880 1108 907; x_wconf 82' lang='lat' dir='ltr'><strong>eximia</strong></span> <span class='ocrx_word' id='word_1_346' title='bbox 1126 881 1336 909; x_wconf 88' lang='lat' dir='ltr'><strong>numerandum.</strong></span> <span class='ocrx_word' id='word_1_347' title='bbox 1352 881 1403 915; x_wconf 92' lang='lat' dir='ltr'><strong>Qui</strong></span> <span class='ocrx_word' id='word_1_348' title='bbox 1415 881 1488 910; x_wconf 89' lang='lat' dir='ltr'><strong>enim</strong></span> <span class='ocrx_word' id='word_1_349' title='bbox 1502 882 1608 910; x_wconf 86' lang='lat' dir='ltr'><strong>laudari</strong></span> <span class='ocrx_word' id='word_1_350' title='bbox 1625 887 1714 918; x_wconf 69' lang='lat' dir='ltr'><strong>potes:</strong></span> 
     </span>
    </p>
   </div>
   <div class='ocr_carea' id='block_1_49' title="bbox 891 925 1712 963">
    <p class='ocr_par' dir='ltr' id='par_1_49' title="bbox 891 925 1712 963">
     <span class='ocr_line' id='line_1_49' title="bbox 891 925 1712 963; baseline 0.004 -11"><span class='ocrx_word' id='word_1_351' title='bbox 891 927 911 955; x_wconf 81' lang='grc' dir='ltr'><strong>Β</strong></span> <span class='ocrx_word' id='word_1_352' title='bbox 926 925 998 960; x_wconf 92' lang='lat' dir='ltr'><strong>quod</strong></span> <span class='ocrx_word' id='word_1_353' title='bbox 1021 926 1118 954; x_wconf 79' lang='lat' dir='ltr'><strong>inutile</strong></span> <span class='ocrx_word' id='word_1_354' title='bbox 1136 927 1190 954; x_wconf 85' lang='lat' dir='ltr'><strong>sit?</strong></span> <span class='ocrx_word' id='word_1_355' title='bbox 1213 926 1299 960; x_wconf 88' lang='lat' dir='ltr'><strong>Quam</strong></span> <span class='ocrx_word' id='word_1_356' title='bbox 1319 933 1361 955; x_wconf 90' lang='lat' dir='ltr'><strong>est</strong></span> <span class='ocrx_word' id='word_1_357' title='bbox 1383 932 1513 963; x_wconf 71' lang='lat' dir='ltr'><strong>praeterea</strong></span> <span class='ocrx_word' id='word_1_358' title='bbox 1531 929 1672 961; x_wconf 90' lang='lat' dir='ltr'><strong>stolidum,</strong></span> <span class='ocrx_word' id='word_1_359' title='bbox 1698 937 1712 955; x_wconf 71' lang='grc' dir='ltr'><strong>ο</strong></span> 
     </span>
    </p>
   </div>
   <div class='ocr_carea' id='block_1_50' title="bbox 925 969 1711 1010">
    <p class='ocr_par' dir='ltr' id='par_1_50' title="bbox 925 969 1711 1010">
     <span class='ocr_line' id='line_1_50' title="bbox 925 969 1711 1010; baseline 0.006 -13"><span class='ocrx_word' id='word_1_360' title='bbox 925 969 1043 998; x_wconf 83' lang='lat' dir='ltr'><strong>Prunico</strong></span> <span class='ocrx_word' id='word_1_361' title='bbox 1063 971 1226 999; x_wconf 81' lang='lat' dir='ltr'><strong>exhaustum</strong></span> <span class='ocrx_word' id='word_1_362' title='bbox 1241 980 1303 1001; x_wconf 88' lang='lat' dir='ltr'><strong>esse</strong></span> <span class='ocrx_word' id='word_1_363' title='bbox 1323 972 1530 1001; x_wconf 84' lang='lat' dir='ltr'><strong>Jaldahaothem</strong></span> <span class='ocrx_word' id='word_1_364' title='bbox 1544 995 1552 1008; x_wconf 91' lang='lat'><strong>,</strong></span> <span class='ocrx_word' id='word_1_365' title='bbox 1578 975 1613 1002; x_wconf 89' lang='lat' dir='ltr'><strong>ab</strong></span> <span class='ocrx_word' id='word_1_366' title='bbox 1627 983 1711 1010; x_wconf 71' lang='lat' dir='ltr'><strong>euq-te</strong></span> 
     </span>
    </p>
   </div>
   <div class='ocr_carea' id='block_1_51' title="bbox 925 1017 1713 1049">
    <p class='ocr_par' dir='ltr' id='par_1_51' title="bbox 925 1017 1713 1049">
     <span class='ocr_line' id='line_1_51' title="bbox 925 1017 1713 1049; baseline 0.005 -5"><span class='ocrx_word' id='word_1_367' title='bbox 925 1017 1072 1044; x_wconf 88' lang='lat' dir='ltr'><strong>scintillam</strong></span> <span class='ocrx_word' id='word_1_368' title='bbox 1087 1017 1120 1044; x_wconf 88' lang='lat' dir='ltr'><strong>ad</strong></span> <span class='ocrx_word' id='word_1_369' title='bbox 1136 1017 1228 1044; x_wconf 86' lang='lat' dir='ltr'><strong>inﬁma</strong></span> <span class='ocrx_word' id='word_1_370' title='bbox 1247 1018 1292 1045; x_wconf 88' lang='lat' dir='ltr'><strong>illa</strong></span> <span class='ocrx_word' id='word_1_371' title='bbox 1307 1027 1452 1047; x_wconf 78' lang='lat' dir='ltr'><strong>excussam</strong></span> <span class='ocrx_word' id='word_1_372' title='bbox 1469 1020 1615 1048; x_wconf 87' lang='lat' dir='ltr'><strong>arbitrari!</strong></span> <span class='ocrx_word' id='word_1_373' title='bbox 1631 1019 1688 1049; x_wconf 88' lang='lat' dir='ltr'><strong>Iten</strong></span> <span class='ocrx_word' id='word_1_374' title='bbox 1710 1036 1713 1039; x_wconf 85' lang='lat'><strong>~</strong></span> 
     </span>
    </p>
   </div>
   <div class='ocr_carea' id='block_1_52' title="bbox 925 1063 1714 1102">
    <p class='ocr_par' dir='ltr' id='par_1_52' title="bbox 925 1063 1714 1102">
     <span class='ocr_line' id='line_1_52' title="bbox 925 1063 1714 1102; baseline 0.009 -14"><span class='ocrx_word' id='word_1_375' title='bbox 925 1070 988 1097; x_wconf 85' lang='lat' dir='ltr'><strong>que,</strong></span> <span class='ocrx_word' id='word_1_376' title='bbox 1004 1063 1050 1097; x_wconf 94' lang='lat' dir='ltr'><strong>qui</strong></span> <span class='ocrx_word' id='word_1_377' title='bbox 1063 1063 1089 1090; x_wconf 91' lang='lat' dir='ltr'><strong>in</strong></span> <span class='ocrx_word' id='word_1_378' title='bbox 1107 1063 1218 1091; x_wconf 88' lang='lat' dir='ltr'><strong>sublimi</strong></span> <span class='ocrx_word' id='word_1_379' title='bbox 1231 1065 1380 1093; x_wconf 86' lang='lat' dir='ltr'><strong>collocatus</strong></span> <span class='ocrx_word' id='word_1_380' title='bbox 1394 1070 1478 1098; x_wconf 88' lang='lat' dir='ltr'><strong>esset,</strong></span> <span class='ocrx_word' id='word_1_381' title='bbox 1496 1074 1558 1094; x_wconf 91' lang='lat' dir='ltr'><strong>cum</strong></span> <span class='ocrx_word' id='word_1_382' title='bbox 1570 1068 1714 1102; x_wconf 71' lang='lat' dir='ltr'><strong>agnovisse</strong></span> 
     </span>
    </p>
   </div>
   <div class='ocr_carea' id='block_1_53' title="bbox 924 1110 1714 1148">
    <p class='ocr_par' dir='ltr' id='par_1_53' title="bbox 924 1110 1714 1148">
     <span class='ocr_line' id='line_1_53' title="bbox 924 1110 1714 1148; baseline 0.006 -12"><span class='ocrx_word' id='word_1_383' title='bbox 924 1110 971 1145; x_wconf 91' lang='lat' dir='ltr'><strong>qui</strong></span> <span class='ocrx_word' id='word_1_384' title='bbox 994 1110 1128 1138; x_wconf 77' lang='lat' dir='ltr'><strong>exhausto</strong></span> <span class='ocrx_word' id='word_1_385' title='bbox 1150 1115 1224 1139; x_wconf 87' lang='lat' dir='ltr'><strong>esset</strong></span> <span class='ocrx_word' id='word_1_386' title='bbox 1248 1112 1295 1139; x_wconf 90' lang='lat' dir='ltr'><strong>illo</strong></span> <span class='ocrx_word' id='word_1_387' title='bbox 1309 1112 1390 1147; x_wconf 81' lang='lat'><strong>273</strong></span> <span class='ocrx_word' id='word_1_388' title='bbox 1402 1113 1537 1148; x_wconf 85' lang='lat' dir='ltr'><strong>superior.</strong></span> <span class='ocrx_word' id='word_1_389' title='bbox 1569 1113 1714 1142; x_wconf 73' lang='lat' dir='ltr'><strong>Enimvero</strong></span> 
     </span>
    </p>
   </div>
   <div class='ocr_carea' id='block_1_54' title="bbox 924 1156 1711 1191">
    <p class='ocr_par' dir='ltr' id='par_1_54' title="bbox 924 1156 1711 1191">
     <span class='ocr_line' id='line_1_54' title="bbox 924 1156 1711 1191; baseline 0.008 -9"><span class='ocrx_word' id='word_1_390' title='bbox 924 1156 1004 1191; x_wconf 89' lang='lat' dir='ltr'><strong>quale</strong></span> <span class='ocrx_word' id='word_1_391' title='bbox 1018 1156 1083 1184; x_wconf 92' lang='lat' dir='ltr'><strong>illud</strong></span> <span class='ocrx_word' id='word_1_392' title='bbox 1097 1157 1260 1185; x_wconf 81' lang='lat' dir='ltr'><strong>miraculum</strong></span> <span class='ocrx_word' id='word_1_393' title='bbox 1277 1163 1329 1191; x_wconf 90' lang='lat' dir='ltr'><strong>est,</strong></span> <span class='ocrx_word' id='word_1_394' title='bbox 1346 1163 1376 1185; x_wconf 91' lang='lat' dir='ltr'><strong>ut</strong></span> <span class='ocrx_word' id='word_1_395' title='bbox 1389 1159 1472 1186; x_wconf 93' lang='lat' dir='ltr'><strong>homo</strong></span> <span class='ocrx_word' id='word_1_396' title='bbox 1490 1160 1534 1186; x_wconf 88' lang='lat' dir='ltr'><strong>cui</strong></span> <span class='ocrx_word' id='word_1_397' title='bbox 1547 1160 1711 1188; x_wconf 80' lang='lat' dir='ltr'><strong>tenuissima</strong></span> 
     </span>
    </p>
   </div>
   <div class='ocr_carea' id='block_1_55' title="bbox 925 1203 1713 1241">
    <p class='ocr_par' dir='ltr' id='par_1_55' title="bbox 925 1203 1713 1241">
     <span class='ocr_line' id='line_1_55' title="bbox 925 1203 1713 1241; baseline 0.005 -12"><span class='ocrx_word' id='word_1_398' title='bbox 925 1203 1048 1237; x_wconf 54' lang='lat' dir='ltr'><strong>quaedam</strong></span> <span class='ocrx_word' id='word_1_399' title='bbox 1069 1203 1105 1230; x_wconf 89' lang='lat' dir='ltr'><strong>sit</strong></span> <span class='ocrx_word' id='word_1_400' title='bbox 1124 1211 1236 1238; x_wconf 86' lang='lat' dir='ltr'><strong>aspersa</strong></span> <span class='ocrx_word' id='word_1_401' title='bbox 1255 1203 1388 1236; x_wconf 83' lang='lat' dir='ltr'><strong>scintilla,</strong></span> <span class='ocrx_word' id='word_1_402' title='bbox 1409 1204 1539 1239; x_wconf 84' lang='lat' dir='ltr'><strong>majorem</strong></span> <span class='ocrx_word' id='word_1_403' title='bbox 1561 1205 1615 1233; x_wconf 91' lang='lat' dir='ltr'><strong>illis</strong></span> <span class='ocrx_word' id='word_1_404' title='bbox 1635 1206 1713 1241; x_wconf 78' lang='lat' dir='ltr'><strong>ipsxs,</strong></span> 
     </span>
    </p>
   </div>
   <div class='ocr_carea' id='block_1_56' title="bbox 925 1249 1714 1286">
    <p class='ocr_par' dir='ltr' id='par_1_56' title="bbox 925 1249 1714 1286">
     <span class='ocr_line' id='line_1_56' title="bbox 925 1249 1714 1286; baseline 0.004 -11"><span class='ocrx_word' id='word_1_405' title='bbox 925 1256 939 1275; x_wconf 85' lang='lat' dir='ltr'><strong>a</strong></span> <span class='ocrx_word' id='word_1_406' title='bbox 951 1249 1051 1283; x_wconf 85' lang='lat' dir='ltr'><strong>quibus</strong></span> <span class='ocrx_word' id='word_1_407' title='bbox 1063 1249 1214 1283; x_wconf 84' lang='lat' dir='ltr'><strong>productus</strong></span> <span class='ocrx_word' id='word_1_408' title='bbox 1225 1253 1277 1282; x_wconf 87' lang='lat' dir='ltr'><strong>est,</strong></span> <span class='ocrx_word' id='word_1_409' title='bbox 1290 1250 1394 1285; x_wconf 76' lang='lat' dir='ltr'><strong>angelis</strong></span> <span class='ocrx_word' id='word_1_410' title='bbox 1405 1250 1588 1285; x_wconf 82' lang='lat' dir='ltr'><strong>cognitionem</strong></span> <span class='ocrx_word' id='word_1_411' title='bbox 1601 1250 1714 1286; x_wconf 71' lang='lat' dir='ltr'><strong>adeptus</strong></span> 
     </span>
    </p>
   </div>
   <div class='ocr_carea' id='block_1_57' title="bbox 924 1293 1711 1330">
    <p class='ocr_par' dir='ltr' id='par_1_57' title="bbox 924 1293 1711 1330">
     <span class='ocr_line' id='line_1_57' title="bbox 924 1293 1711 1330; baseline 0.004 -9"><span class='ocrx_word' id='word_1_412' title='bbox 924 1293 1020 1322; x_wconf 83' lang='lat' dir='ltr'><strong>fuerit!</strong></span> <span class='ocrx_word' id='word_1_413' title='bbox 1039 1294 1067 1322; x_wconf 90' lang='lat' dir='ltr'><strong>Si</strong></span> <span class='ocrx_word' id='word_1_414' title='bbox 1082 1295 1191 1330; x_wconf 85' lang='lat' dir='ltr'><strong>quidem</strong></span> <span class='ocrx_word' id='word_1_415' title='bbox 1209 1300 1336 1323; x_wconf 88' lang='lat' dir='ltr'><strong>auctores</strong></span> <span class='ocrx_word' id='word_1_416' title='bbox 1351 1296 1394 1323; x_wconf 88' lang='lat' dir='ltr'><strong>isti</strong></span> <span class='ocrx_word' id='word_1_417' title='bbox 1411 1296 1531 1324; x_wconf 91' lang='lat' dir='ltr'><strong>hominis</strong></span> <span class='ocrx_word' id='word_1_418' title='bbox 1545 1304 1578 1324; x_wconf 88' lang='lat' dir='ltr'><strong>ac</strong></span> <span class='ocrx_word' id='word_1_419' title='bbox 1594 1296 1711 1324; x_wconf 81' lang='lat' dir='ltr'><strong>fabrica-</strong></span> 
     </span>
    </p>
   </div>
   <div class='ocr_carea' id='block_1_58' title="bbox 924 1340 1714 1378">
    <p class='ocr_par' dir='ltr' id='par_1_58' title="bbox 924 1340 1714 1378">
     <span class='ocr_line' id='line_1_58' title="bbox 924 1340 1714 1378; baseline 0.003 -10"><span class='ocrx_word' id='word_1_420' title='bbox 924 1345 999 1368; x_wconf 83' lang='lat' dir='ltr'><strong>tores</strong></span> <span class='ocrx_word' id='word_1_421' title='bbox 1013 1341 1112 1377; x_wconf 77' lang='lat' dir='ltr'><strong>angeli,</strong></span> <span class='ocrx_word' id='word_1_422' title='bbox 1128 1342 1185 1369; x_wconf 85' lang='lat' dir='ltr'><strong>sive</strong></span> <span class='ocrx_word' id='word_1_423' title='bbox 1196 1340 1383 1369; x_wconf 87' lang='lat' dir='ltr'><strong>Jaldabaothis</strong></span> <span class='ocrx_word' id='word_1_424' title='bbox 1398 1342 1447 1369; x_wconf 91' lang='lat' dir='ltr'><strong>ﬁlii</strong></span> <span class='ocrx_word' id='word_1_425' title='bbox 1464 1350 1524 1378; x_wconf 66' lang='lat' dir='ltr'><strong>qua:</strong></span> <span class='ocrx_word' id='word_1_426' title='bbox 1534 1342 1714 1371; x_wconf 76' lang='lat' dir='ltr'><strong>Jaldabaothe</strong></span> 
     </span>
    </p>
   </div>
   <div class='ocr_carea' id='block_1_59' title="bbox 925 1388 1711 1423">
    <p class='ocr_par' dir='ltr' id='par_1_59' title="bbox 925 1388 1711 1423">
     <span class='ocr_line' id='line_1_59' title="bbox 925 1388 1711 1423; baseline 0.003 -9"><span class='ocrx_word' id='word_1_427' title='bbox 925 1388 1066 1422; x_wconf 84' lang='lat' dir='ltr'><strong>superiora</strong></span> <span class='ocrx_word' id='word_1_428' title='bbox 1079 1392 1158 1415; x_wconf 90' lang='lat' dir='ltr'><strong>erant</strong></span> <span class='ocrx_word' id='word_1_429' title='bbox 1173 1388 1344 1423; x_wconf 83' lang='lat' dir='ltr'><strong>ignorarunt.</strong></span> <span class='ocrx_word' id='word_1_430' title='bbox 1364 1388 1414 1421; x_wconf 87' lang='lat' dir='ltr'><strong>Qui</strong></span> <span class='ocrx_word' id='word_1_431' title='bbox 1432 1393 1524 1416; x_wconf 90' lang='lat' dir='ltr'><strong>autem</strong></span> <span class='ocrx_word' id='word_1_432' title='bbox 1538 1389 1572 1416; x_wconf 85' lang='lat' dir='ltr'><strong>ab</strong></span> <span class='ocrx_word' id='word_1_433' title='bbox 1588 1389 1642 1417; x_wconf 86' lang='lat' dir='ltr'><strong>illis</strong></span> <span class='ocrx_word' id='word_1_434' title='bbox 1658 1389 1711 1416; x_wconf 90' lang='lat' dir='ltr'><strong>l&#39;or-</strong></span> 
     </span>
    </p>
   </div>
   <div class='ocr_carea' id='block_1_60' title="bbox 924 1433 1713 1469">
    <p class='ocr_par' dir='ltr' id='par_1_60' title="bbox 924 1433 1713 1469">
     <span class='ocr_line' id='line_1_60' title="bbox 924 1433 1713 1469; baseline 0.003 -9"><span class='ocrx_word' id='word_1_435' title='bbox 924 1438 1015 1462; x_wconf 89' lang='lat' dir='ltr'><strong>matus</strong></span> <span class='ocrx_word' id='word_1_436' title='bbox 1028 1437 1080 1466; x_wconf 90' lang='lat' dir='ltr'><strong>est,</strong></span> <span class='ocrx_word' id='word_1_437' title='bbox 1096 1434 1222 1461; x_wconf 73' lang='lat' dir='ltr'><strong>scintilla:</strong></span> <span class='ocrx_word' id='word_1_438' title='bbox 1234 1434 1365 1461; x_wconf 90' lang='lat' dir='ltr'><strong>beneﬁcio</strong></span> <span class='ocrx_word' id='word_1_439' title='bbox 1378 1434 1515 1469; x_wconf 81' lang='lat' dir='ltr'><strong>cognovit.</strong></span> <span class='ocrx_word' id='word_1_440' title='bbox 1532 1433 1713 1467; x_wconf 82' lang='lat' dir='ltr'><strong>Quamobrem</strong></span> 
     </span>
    </p>
   </div>
   <div class='ocr_carea' id='block_1_61' title="bbox 925 1478 1713 1513">
    <p class='ocr_par' dir='ltr' id='par_1_61' title="bbox 925 1478 1713 1513">
     <span class='ocr_line' id='line_1_61' title="bbox 925 1478 1713 1513; baseline 0.003 -8"><span class='ocrx_word' id='word_1_441' title='bbox 925 1479 984 1506; x_wconf 89' lang='lat' dir='ltr'><strong>suis</strong></span> <span class='ocrx_word' id='word_1_442' title='bbox 1006 1478 1043 1506; x_wconf 93' lang='lat' dir='ltr'><strong>illi</strong></span> <span class='ocrx_word' id='word_1_443' title='bbox 1065 1486 1094 1506; x_wconf 88' lang='lat' dir='ltr'><strong>se</strong></span> <span class='ocrx_word' id='word_1_444' title='bbox 1113 1478 1288 1513; x_wconf 77' lang='lat' dir='ltr'><strong>dogmatibus</strong></span> <span class='ocrx_word' id='word_1_445' title='bbox 1308 1478 1425 1505; x_wconf 91' lang='lat' dir='ltr'><strong>induunt</strong></span> <span class='ocrx_word' id='word_1_446' title='bbox 1448 1483 1474 1506; x_wconf 93' lang='lat' dir='ltr'><strong>et</strong></span> <span class='ocrx_word' id='word_1_447' title='bbox 1494 1483 1629 1511; x_wconf 84' lang='lat' dir='ltr'><strong>evertunt,</strong></span> <span class='ocrx_word' id='word_1_448' title='bbox 1651 1487 1713 1507; x_wconf 87' lang='lat' dir='ltr'><strong>cum</strong></span> 
     </span>
    </p>
   </div>
   <div class='ocr_carea' id='block_1_62' title="bbox 924 1525 1712 1560">
    <p class='ocr_par' dir='ltr' id='par_1_62' title="bbox 924 1525 1712 1560">
     <span class='ocr_line' id='line_1_62' title="bbox 924 1525 1712 1560; baseline 0.001 -10"><span class='ocrx_word' id='word_1_449' title='bbox 924 1525 1022 1560; x_wconf 81' lang='lat' dir='ltr'><strong>partim</strong></span> <span class='ocrx_word' id='word_1_450' title='bbox 1032 1530 1184 1560; x_wconf 85' lang='lat' dir='ltr'><strong>serpentem</strong></span> <span class='ocrx_word' id='word_1_451' title='bbox 1197 1525 1322 1552; x_wconf 85' lang='lat' dir='ltr'><strong>venerari</strong></span> <span class='ocrx_word' id='word_1_452' title='bbox 1336 1525 1497 1558; x_wconf 85' lang='lat' dir='ltr'><strong>instituant;</strong></span> <span class='ocrx_word' id='word_1_453' title='bbox 1518 1525 1616 1560; x_wconf 87' lang='lat' dir='ltr'><strong>partim</strong></span> <span class='ocrx_word' id='word_1_454' title='bbox 1630 1525 1712 1552; x_wconf 85' lang='lat' dir='ltr'><strong>Evam</strong></span> 
     </span>
    </p>
   </div>
   <div class='ocr_carea' id='block_1_63' title="bbox 924 1570 1712 1607">
    <p class='ocr_par' dir='ltr' id='par_1_63' title="bbox 924 1570 1712 1607">
     <span class='ocr_line' id='line_1_63' title="bbox 924 1570 1712 1607; baseline 0 -9"><span class='ocrx_word' id='word_1_455' title='bbox 924 1571 997 1598; x_wconf 87' lang='lat' dir='ltr'><strong>illius</strong></span> <span class='ocrx_word' id='word_1_456' title='bbox 1024 1570 1206 1598; x_wconf 84' lang='lat' dir='ltr'><strong>fraudulentia</strong></span> <span class='ocrx_word' id='word_1_457' title='bbox 1233 1571 1375 1606; x_wconf 89' lang='lat' dir='ltr'><strong>deceptam</strong></span> <span class='ocrx_word' id='word_1_458' title='bbox 1401 1571 1573 1604; x_wconf 81' lang='lat' dir='ltr'><strong>existiment;</strong></span> <span class='ocrx_word' id='word_1_459' title='bbox 1613 1571 1712 1607; x_wconf 83' lang='lat' dir='ltr'><strong>partim</strong></span> 
     </span>
    </p>
   </div>
   <div class='ocr_carea' id='block_1_64' title="bbox 78 1612 869 1652">
    <p class='ocr_par' dir='ltr' id='par_1_64' title="bbox 78 1612 869 1651">
     <span class='ocr_line' id='line_1_64' title="bbox 78 1612 869 1651; baseline -0.001 -9"><span class='ocrx_word' id='word_1_460' title='bbox 78 1616 212 1651; x_wconf 80' lang='grc' dir='ltr'>νημένους</span> <span class='ocrx_word' id='word_1_461' title='bbox 224 1617 299 1648; x_wconf 81' lang='grc' dir='ltr'>υἱοὺς</span> <span class='ocrx_word' id='word_1_462' title='bbox 312 1616 358 1642; x_wconf 79' lang='grc' dir='ltr'><strong>τὸν</strong></span> <span class='ocrx_word' id='word_1_463' title='bbox 374 1615 509 1651; x_wconf 81' lang='grc' dir='ltr'>ἀνώτερον</span> <span class='ocrx_word' id='word_1_464' title='bbox 522 1614 605 1642; x_wconf 77' lang='grc' dir='ltr'>αὑτοῦ</span> <span class='ocrx_word' id='word_1_465' title='bbox 616 1614 736 1650; x_wconf 80' lang='grc' dir='ltr'>Πατέρα.</span> <span class='ocrx_word' id='word_1_466' title='bbox 753 1614 815 1646; x_wconf 84' lang='grc' dir='ltr'><strong>Πῶς</strong></span> <span class='ocrx_word' id='word_1_467' title='bbox 827 1612 869 1641; x_wconf 67' lang='grc' dir='ltr'>οὖν</span> 
     </span>
    </p>
   </div>
   <div class='ocr_carea' id='block_1_65' title="bbox 924 1612 1713 1652">
    <p class='ocr_par' dir='ltr' id='par_1_65' title="bbox 925 1616 1713 1652">
     <span class='ocr_line' id='line_1_65' title="bbox 925 1616 1713 1652; baseline 0 -9"><span class='ocrx_word' id='word_1_468' title='bbox 925 1616 1062 1644; x_wconf 85' lang='lat' dir='ltr'><strong>Christum</strong></span> <span class='ocrx_word' id='word_1_469' title='bbox 1083 1616 1208 1644; x_wconf 88' lang='lat' dir='ltr'><strong>eumdem</strong></span> <span class='ocrx_word' id='word_1_470' title='bbox 1233 1624 1294 1644; x_wconf 85' lang='lat' dir='ltr'><strong>esse</strong></span> <span class='ocrx_word' id='word_1_471' title='bbox 1314 1616 1416 1650; x_wconf 87' lang='lat' dir='ltr'><strong>velint;</strong></span> <span class='ocrx_word' id='word_1_472' title='bbox 1441 1616 1541 1651; x_wconf 86' lang='lat' dir='ltr'><strong>partim</strong></span> <span class='ocrx_word' id='word_1_473' title='bbox 1561 1617 1713 1652; x_wconf 91' lang='lat' dir='ltr'><strong>superioris</strong></span> 
     </span>
    </p>
   </div>
   <div class='ocr_carea' id='block_1_66' title="bbox 78 1660 871 1697">
    <p class='ocr_par' dir='ltr' id='par_1_66' title="bbox 78 1660 871 1697">
     <span class='ocr_line' id='line_1_66' title="bbox 78 1660 871 1697; baseline -0.001 -9"><span class='ocrx_word' id='word_1_474' title='bbox 78 1661 206 1696; x_wconf 75' lang='grc' dir='ltr'>βασιλεὺς</span> <span class='ocrx_word' id='word_1_475' title='bbox 226 1662 386 1696; x_wconf 79' lang='grc' dir='ltr'>ἐπουράνιος</span> <span class='ocrx_word' id='word_1_476' title='bbox 400 1662 414 1687; x_wconf 77' lang='grc' dir='ltr'><em>ὁ</em></span> <span class='ocrx_word' id='word_1_477' title='bbox 431 1661 501 1696; x_wconf 72' lang='grc' dir='ltr'>ὄφις,</span> <span class='ocrx_word' id='word_1_478' title='bbox 517 1661 596 1697; x_wconf 75' lang='grc' dir='ltr'>εἴπερ</span> <span class='ocrx_word' id='word_1_479' title='bbox 617 1662 688 1688; x_wconf 80' lang='grc' dir='ltr'>κατὰ</span> <span class='ocrx_word' id='word_1_480' title='bbox 698 1660 744 1688; x_wconf 84' lang='grc' dir='ltr'>τοῦ</span> <span class='ocrx_word' id='word_1_481' title='bbox 765 1661 871 1697; x_wconf 75' lang='grc' dir='ltr'>Πατρὸς</span> 
     </span>
    </p>
   </div>
   <div class='ocr_carea' id='block_1_67' title="bbox 77 1707 874 1744">
    <p class='ocr_par' dir='ltr' id='par_1_67' title="bbox 77 1707 874 1744">
     <span class='ocr_line' id='line_1_67' title="bbox 77 1707 874 1744; baseline -0.003 -9"><span class='ocrx_word' id='word_1_482' title='bbox 77 1709 225 1744; x_wconf 83' lang='grc' dir='ltr'>ἐγήγερται</span> <span class='ocrx_word' id='word_1_483' title='bbox 236 1716 243 1736; x_wconf 91' lang='lat'>:</span> <span class='ocrx_word' id='word_1_484' title='bbox 272 1708 334 1739; x_wconf 85' lang='grc' dir='ltr'>Πῶς</span> <span class='ocrx_word' id='word_1_485' title='bbox 345 1708 383 1740; x_wconf 89' lang='grc' dir='ltr'><strong>δέ,</strong></span> <span class='ocrx_word' id='word_1_486' title='bbox 404 1709 428 1734; x_wconf 76' lang='grc' dir='ltr'>εἰ</span> <span class='ocrx_word' id='word_1_487' title='bbox 439 1709 488 1744; x_wconf 81' lang='grc' dir='ltr'>τὴν</span> <span class='ocrx_word' id='word_1_488' title='bbox 500 1708 600 1742; x_wconf 83' lang='grc' dir='ltr'>γνῶσιν</span> <span class='ocrx_word' id='word_1_489' title='bbox 612 1707 729 1738; x_wconf 83' lang='grc' dir='ltr'>δίδωσιν,</span> <span class='ocrx_word' id='word_1_490' title='bbox 743 1707 772 1734; x_wconf 80' lang='grc' dir='ltr'>ὲν</span> <span class='ocrx_word' id='word_1_491' title='bbox 782 1708 874 1743; x_wconf 80' lang='grc' dir='ltr'>ἀπάτῃ</span> 
     </span>
    </p>
   </div>
   <div class='ocr_carea' id='block_1_68' title="bbox 77 1753 875 1790">
    <p class='ocr_par' dir='ltr' id='par_1_68' title="bbox 77 1753 875 1790">
     <span class='ocr_line' id='line_1_68' title="bbox 77 1753 875 1790; baseline -0.001 -10"><span class='ocrx_word' id='word_1_492' title='bbox 77 1754 290 1788; x_wconf 76' lang='grc' dir='ltr'>καταγγέλλεται</span> <span class='ocrx_word' id='word_1_493' title='bbox 307 1755 478 1790; x_wconf 80' lang='grc' dir='ltr'>ὴπατηκέναι</span> <span class='ocrx_word' id='word_1_494' title='bbox 489 1754 537 1789; x_wconf 85' lang='grc' dir='ltr'>τὴν</span> <span class='ocrx_word' id='word_1_495' title='bbox 546 1754 635 1786; x_wconf 78' lang='grc' dir='ltr'>Εὕανς</span> <span class='ocrx_word' id='word_1_496' title='bbox 648 1754 677 1780; x_wconf 91' lang='lat'><strong>&#39;0</strong></span> <span class='ocrx_word' id='word_1_497' title='bbox 684 1753 712 1779; x_wconf 83' lang='grc' dir='ltr'><strong>δέ</strong></span> <span class='ocrx_word' id='word_1_498' title='bbox 722 1753 755 1780; x_wconf 82' lang='grc' dir='ltr'>δι’</span> <span class='ocrx_word' id='word_1_499' title='bbox 767 1753 875 1788; x_wconf 83' lang='grc' dir='ltr'>ἀπάτης</span> 
     </span>
    </p>
   </div>
   <div class='ocr_carea' id='block_1_69' title="bbox 76 1798 873 1834">
    <p class='ocr_par' dir='ltr' id='par_1_69' title="bbox 76 1798 873 1834">
     <span class='ocr_line' id='line_1_69' title="bbox 76 1798 873 1834; baseline -0.001 -8"><span class='ocrx_word' id='word_1_500' title='bbox 76 1800 179 1834; x_wconf 86' lang='grc' dir='ltr'>γνῶσιν</span> <span class='ocrx_word' id='word_1_501' title='bbox 197 1800 284 1832; x_wconf 76' lang='grc' dir='ltr'>ἐνθεὶς</span> <span class='ocrx_word' id='word_1_502' title='bbox 299 1801 391 1828; x_wconf 86' lang='grc' dir='ltr'>οὐκέτι</span> <span class='ocrx_word' id='word_1_503' title='bbox 404 1800 507 1834; x_wconf 87' lang='grc' dir='ltr'>γνῶσιν</span> <span class='ocrx_word' id='word_1_504' title='bbox 520 1800 637 1832; x_wconf 86' lang='grc' dir='ltr'>δίδωσιν,</span> <span class='ocrx_word' id='word_1_505' title='bbox 650 1799 718 1826; x_wconf 80' lang='grc' dir='ltr'>ἀλλὰ</span> <span class='ocrx_word' id='word_1_506' title='bbox 733 1800 792 1826; x_wconf 75' lang='grc' dir='ltr'>ἀντὶ</span> <span class='ocrx_word' id='word_1_507' title='bbox 804 1798 873 1834; x_wconf 88' lang='grc' dir='ltr'>γνώ-</span> 
     </span>
    </p>
   </div>
   <div class='ocr_carea' id='block_1_70' title="bbox 76 1845 874 1881">
    <p class='ocr_par' dir='ltr' id='par_1_70' title="bbox 76 1845 874 1881">
     <span class='ocr_line' id='line_1_70' title="bbox 76 1845 874 1881; baseline 0 -10"><span class='ocrx_word' id='word_1_508' title='bbox 76 1854 148 1877; x_wconf 81' lang='grc' dir='ltr'>σεως</span> <span class='ocrx_word' id='word_1_509' title='bbox 162 1846 308 1880; x_wconf 78' lang='grc' dir='ltr'>ἀγνωσίαν.</span> <span class='ocrx_word' id='word_1_510' title='bbox 331 1847 375 1878; x_wconf 85' lang='grc' dir='ltr'><strong>Ὡς</strong></span> <span class='ocrx_word' id='word_1_511' title='bbox 387 1847 433 1872; x_wconf 75' lang='grc' dir='ltr'>καὶ</span> <span class='ocrx_word' id='word_1_512' title='bbox 449 1846 549 1881; x_wconf 81' lang='grc' dir='ltr'>ἀληθές</span> <span class='ocrx_word' id='word_1_513' title='bbox 560 1846 634 1872; x_wconf 76' lang='grc' dir='ltr'>ἐστιν</span> <span class='ocrx_word' id='word_1_514' title='bbox 653 1846 728 1877; x_wconf 84' lang='grc' dir='ltr'>ιδεῖν,</span> <span class='ocrx_word' id='word_1_515' title='bbox 743 1845 783 1871; x_wconf 74' lang='grc' dir='ltr'><strong>ὅτι</strong></span> <span class='ocrx_word' id='word_1_516' title='bbox 795 1845 874 1871; x_wconf 82' lang='grc' dir='ltr'>τοῦτο</span> 
     </span>
    </p>
   </div>
   <div class='ocr_carea' id='block_1_71' title="bbox 77 1891 873 1931">
    <p class='ocr_par' dir='ltr' id='par_1_71' title="bbox 77 1891 873 1931">
     <span class='ocr_line' id='line_1_71' title="bbox 77 1891 873 1931; baseline -0.001 -13"><span class='ocrx_word' id='word_1_517' title='bbox 77 1892 106 1918; x_wconf 87' lang='grc' dir='ltr'><strong>ἐν</strong></span> <span class='ocrx_word' id='word_1_518' title='bbox 122 1893 215 1924; x_wconf 86' lang='grc' dir='ltr'>αὐτοῖς</span> <span class='ocrx_word' id='word_1_519' title='bbox 226 1892 387 1920; x_wconf 79' lang='grc' dir='ltr'>τελειοῦται.</span> <span class='ocrx_word' id='word_1_520' title='bbox 409 1893 560 1927; x_wconf 80' lang='grc' dir='ltr'>Ἀγνωσίαν</span> <span class='ocrx_word' id='word_1_521' title='bbox 573 1892 627 1931; x_wconf 83' lang='grc' dir='ltr'>γὰρ</span> <span class='ocrx_word' id='word_1_522' title='bbox 642 1891 760 1927; x_wconf 78' lang='grc' dir='ltr'>ἔχοντες,</span> <span class='ocrx_word' id='word_1_523' title='bbox 772 1891 873 1925; x_wconf 89' lang='grc' dir='ltr'>γνῶσιν</span> 
     </span>
    </p>
   </div>
   <div class='ocr_carea' id='block_1_72' title="bbox 79 1936 872 1973">
    <p class='ocr_par' dir='ltr' id='par_1_72' title="bbox 79 1936 872 1973">
     <span class='ocr_line' id='line_1_72' title="bbox 79 1936 872 1973; baseline -0.003 -9"><span class='ocrx_word' id='word_1_524' title='bbox 79 1937 182 1973; x_wconf 74' lang='grc' dir='ltr'>ταύτην</span> <span class='ocrx_word' id='word_1_525' title='bbox 195 1938 361 1973; x_wconf 78' lang='grc' dir='ltr'>νομίζουσιν,</span> <span class='ocrx_word' id='word_1_526' title='bbox 378 1939 408 1965; x_wconf 87' lang='grc' dir='ltr'><strong>ἐν</strong></span> <span class='ocrx_word' id='word_1_527' title='bbox 425 1938 512 1973; x_wconf 82' lang='grc' dir='ltr'>τούτῳ</span> <span class='ocrx_word' id='word_1_528' title='bbox 524 1937 711 1973; x_wconf 77' lang='grc' dir='ltr'>ἀληθεύοντες,</span> <span class='ocrx_word' id='word_1_529' title='bbox 728 1937 757 1963; x_wconf 81' lang='grc' dir='ltr'>ὲν</span> <span class='ocrx_word' id='word_1_530' title='bbox 767 1936 806 1972; x_wconf 83' lang='grc' dir='ltr'>τῷ</span> <span class='ocrx_word' id='word_1_531' title='bbox 823 1936 872 1972; x_wconf 82' lang='grc' dir='ltr'>τὴν</span> 
     </span>
    </p>
   </div>
   <div class='ocr_carea' id='block_1_73' title="bbox 80 1983 756 2020">
    <p class='ocr_par' dir='ltr' id='par_1_73' title="bbox 80 1983 756 2020">
     <span class='ocr_line' id='line_1_73' title="bbox 80 1983 756 2020; baseline 0.003 -11"><span class='ocrx_word' id='word_1_532' title='bbox 80 1983 187 2010; x_wconf 81' lang='grc' dir='ltr'>ἐαυτῶν</span> <span class='ocrx_word' id='word_1_533' title='bbox 204 1984 312 2020; x_wconf 82' lang='grc' dir='ltr'>ἀπάτην</span> <span class='ocrx_word' id='word_1_534' title='bbox 328 1984 375 2011; x_wconf 72' lang='grc' dir='ltr'>καὶ</span> <span class='ocrx_word' id='word_1_535' title='bbox 391 1983 529 2018; x_wconf 83' lang='grc' dir='ltr'>ἀγνωσίαν</span> <span class='ocrx_word' id='word_1_536' title='bbox 543 1984 643 2019; x_wconf 88' lang='grc' dir='ltr'>γνῶσιν</span> <span class='ocrx_word' id='word_1_537' title='bbox 655 1984 756 2018; x_wconf 79' lang='grc' dir='ltr'>λέγειν.</span> 
     </span>
    </p>
   </div>
   <div class='ocr_carea' id='block_1_74' title="bbox 924 1661 1712 1697">
    <p class='ocr_par' dir='ltr' id='par_1_74' title="bbox 924 1661 1712 1697">
     <span class='ocr_line' id='line_1_74' title="bbox 924 1661 1712 1697; baseline -0.001 -7"><span class='ocrx_word' id='word_1_538' title='bbox 924 1662 997 1690; x_wconf 90' lang='lat' dir='ltr'><strong>illius</strong></span> <span class='ocrx_word' id='word_1_539' title='bbox 1010 1661 1198 1689; x_wconf 80' lang='lat' dir='ltr'><strong>Jaldahaothis</strong></span> <span class='ocrx_word' id='word_1_540' title='bbox 1211 1661 1308 1694; x_wconf 91' lang='lat' dir='ltr'><strong>ﬁlium,</strong></span> <span class='ocrx_word' id='word_1_541' title='bbox 1324 1662 1370 1697; x_wconf 90' lang='lat' dir='ltr'><strong>qui</strong></span> <span class='ocrx_word' id='word_1_542' title='bbox 1390 1661 1540 1689; x_wconf 85' lang='lat' dir='ltr'><strong>interclusa</strong></span> <span class='ocrx_word' id='word_1_543' title='bbox 1560 1663 1712 1690; x_wconf 70' lang='lat' dir='ltr'><strong>ctelestium</strong></span> 
     </span>
    </p>
   </div>
   <div class='ocr_carea' id='block_1_75' title="bbox 926 1708 1707 1744">
    <p class='ocr_par' dir='ltr' id='par_1_75' title="bbox 926 1708 1707 1744">
     <span class='ocr_line' id='line_1_75' title="bbox 926 1708 1707 1744; baseline 0.001 -9"><span class='ocrx_word' id='word_1_544' title='bbox 926 1709 1156 1744; x_wconf 85' lang='lat' dir='ltr'><strong>contemplatione</strong></span> <span class='ocrx_word' id='word_1_545' title='bbox 1179 1715 1314 1736; x_wconf 88' lang='lat' dir='ltr'><strong>summam</strong></span> <span class='ocrx_word' id='word_1_546' title='bbox 1330 1708 1423 1737; x_wconf 91' lang='lat' dir='ltr'><strong>liberis</strong></span> <span class='ocrx_word' id='word_1_547' title='bbox 1441 1709 1500 1736; x_wconf 90' lang='lat' dir='ltr'><strong>suis</strong></span> <span class='ocrx_word' id='word_1_548' title='bbox 1515 1709 1643 1744; x_wconf 74' lang='lat' dir='ltr'><strong>iniuriam</strong></span> <span class='ocrx_word' id='word_1_549' title='bbox 1663 1710 1707 1736; x_wconf 89' lang='lat' dir='ltr'><strong>im-</strong></span> 
     </span>
    </p>
   </div>
   <div class='ocr_carea' id='block_1_76' title="bbox 924 1754 1712 1790">
    <p class='ocr_par' dir='ltr' id='par_1_76' title="bbox 924 1754 1712 1790">
     <span class='ocr_line' id='line_1_76' title="bbox 924 1754 1712 1790; baseline 0.004 -9"><span class='ocrx_word' id='word_1_550' title='bbox 924 1755 1026 1790; x_wconf 89' lang='lat' dir='ltr'><strong>posuit,</strong></span> <span class='ocrx_word' id='word_1_551' title='bbox 1039 1758 1153 1782; x_wconf 88' lang='lat' dir='ltr'><strong>matrcm</strong></span> <span class='ocrx_word' id='word_1_552' title='bbox 1166 1754 1318 1789; x_wconf 82' lang='lat' dir='ltr'><strong>repudiavit</strong></span> <span class='ocrx_word' id='word_1_553' title='bbox 1328 1762 1360 1782; x_wconf 85' lang='lat' dir='ltr'><strong>ac</strong></span> <span class='ocrx_word' id='word_1_554' title='bbox 1372 1755 1611 1789; x_wconf 88' lang='lat' dir='ltr'><strong>contempsit,nou</strong></span> <span class='ocrx_word' id='word_1_555' title='bbox 1623 1756 1712 1784; x_wconf 85' lang='lat' dir='ltr'><strong>minus</strong></span> 
     </span>
    </p>
   </div>
   <div class='ocr_carea' id='block_1_77' title="bbox 923 1800 1705 1836">
    <p class='ocr_par' dir='ltr' id='par_1_77' title="bbox 923 1800 1705 1836">
     <span class='ocr_line' id='line_1_77' title="bbox 923 1800 1705 1836; baseline 0.003 -9"><span class='ocrx_word' id='word_1_556' title='bbox 923 1808 1005 1836; x_wconf 86' lang='lat' dir='ltr'><strong>quam</strong></span> <span class='ocrx_word' id='word_1_557' title='bbox 1023 1808 1180 1835; x_wconf 84' lang='lat' dir='ltr'><strong>supremum</strong></span> <span class='ocrx_word' id='word_1_558' title='bbox 1195 1800 1349 1834; x_wconf 87' lang='lat' dir='ltr'><strong>Parentem,</strong></span> <span class='ocrx_word' id='word_1_559' title='bbox 1366 1808 1448 1836; x_wconf 87' lang='lat' dir='ltr'><strong>quem</strong></span> <span class='ocrx_word' id='word_1_560' title='bbox 1470 1801 1504 1828; x_wconf 87' lang='lat' dir='ltr'><strong>ab</strong></span> <span class='ocrx_word' id='word_1_561' title='bbox 1524 1801 1557 1828; x_wconf 88' lang='lat' dir='ltr'><strong>iis</strong></span> <span class='ocrx_word' id='word_1_562' title='bbox 1579 1809 1648 1836; x_wconf 90' lang='lat' dir='ltr'><strong>quos</strong></span> <span class='ocrx_word' id='word_1_563' title='bbox 1666 1809 1705 1836; x_wconf 78' lang='lat' dir='ltr'><strong>ge-</strong></span> 
     </span>
    </p>
   </div>
   <div class='ocr_carea' id='block_1_78' title="bbox 921 1847 1711 1884">
    <p class='ocr_par' dir='ltr' id='par_1_78' title="bbox 921 1847 1711 1884">
     <span class='ocr_line' id='line_1_78' title="bbox 921 1847 1711 1884; baseline 0.001 -9"><span class='ocrx_word' id='word_1_564' title='bbox 921 1852 1020 1875; x_wconf 88' lang='lat' dir='ltr'><strong>nuerat</strong></span> <span class='ocrx_word' id='word_1_565' title='bbox 1045 1848 1098 1875; x_wconf 89' lang='lat' dir='ltr'><strong>coli</strong></span> <span class='ocrx_word' id='word_1_566' title='bbox 1119 1855 1151 1875; x_wconf 92' lang='lat' dir='ltr'><strong>ac</strong></span> <span class='ocrx_word' id='word_1_567' title='bbox 1171 1847 1315 1883; x_wconf 65' lang='lat' dir='ltr'><strong>praedicari</strong></span> <span class='ocrx_word' id='word_1_568' title='bbox 1340 1848 1453 1876; x_wconf 91' lang='lat' dir='ltr'><strong>minime</strong></span> <span class='ocrx_word' id='word_1_569' title='bbox 1471 1849 1507 1876; x_wconf 90' lang='lat' dir='ltr'><strong>sit</strong></span> <span class='ocrx_word' id='word_1_570' title='bbox 1523 1856 1632 1884; x_wconf 88' lang='lat' dir='ltr'><strong>passus.</strong></span> <span class='ocrx_word' id='word_1_571' title='bbox 1660 1848 1711 1882; x_wconf 87' lang='lat' dir='ltr'><strong>Qui</strong></span> 
     </span>
    </p>
   </div>
   <div class='ocr_carea' id='block_1_79' title="bbox 921 1893 1712 1929">
    <p class='ocr_par' dir='ltr' id='par_1_79' title="bbox 921 1893 1712 1929">
     <span class='ocr_line' id='line_1_79' title="bbox 921 1893 1712 1929; baseline 0 -9"><span class='ocrx_word' id='word_1_572' title='bbox 921 1900 985 1921; x_wconf 87' lang='lat' dir='ltr'><strong>vero</strong></span> <span class='ocrx_word' id='word_1_573' title='bbox 1000 1898 1155 1928; x_wconf 87' lang='lat' dir='ltr'><strong>serpentem</strong></span> <span class='ocrx_word' id='word_1_574' title='bbox 1169 1893 1297 1920; x_wconf 88' lang='lat' dir='ltr'><strong>convenit</strong></span> <span class='ocrx_word' id='word_1_575' title='bbox 1310 1893 1449 1921; x_wconf 76' lang='lat' dir='ltr'><strong>cmlestem</strong></span> <span class='ocrx_word' id='word_1_576' title='bbox 1460 1900 1522 1921; x_wconf 87' lang='lat' dir='ltr'><strong>esse</strong></span> <span class='ocrx_word' id='word_1_577' title='bbox 1532 1901 1634 1929; x_wconf 79' lang='lat' dir='ltr'><strong>regem,</strong></span> <span class='ocrx_word' id='word_1_578' title='bbox 1650 1901 1712 1921; x_wconf 77' lang='lat' dir='ltr'><strong>cum</strong></span> 
     </span>
    </p>
   </div>
   <div class='ocr_carea' id='block_1_80' title="bbox 921 1938 1712 1974">
    <p class='ocr_par' dir='ltr' id='par_1_80' title="bbox 921 1938 1712 1974">
     <span class='ocr_line' id='line_1_80' title="bbox 921 1938 1712 1974; baseline 0.001 -9"><span class='ocrx_word' id='word_1_579' title='bbox 921 1938 1055 1966; x_wconf 83' lang='lat' dir='ltr'><strong>adversus</strong></span> <span class='ocrx_word' id='word_1_580' title='bbox 1075 1942 1216 1974; x_wconf 87' lang='lat' dir='ltr'><strong>parentem</strong></span> <span class='ocrx_word' id='word_1_581' title='bbox 1238 1938 1435 1966; x_wconf 80' lang='lat' dir='ltr'><strong>insurrexerit?</strong></span> <span class='ocrx_word' id='word_1_582' title='bbox 1460 1938 1514 1965; x_wconf 86' lang='lat' dir='ltr'><strong>Aut</strong></span> <span class='ocrx_word' id='word_1_583' title='bbox 1527 1938 1675 1973; x_wconf 86' lang='lat' dir='ltr'><strong>quomodo,</strong></span> <span class='ocrx_word' id='word_1_584' title='bbox 1689 1939 1712 1966; x_wconf 89' lang='lat' dir='ltr'><strong>si</strong></span> 
     </span>
    </p>
   </div>
   <div class='ocr_carea' id='block_1_81' title="bbox 920 1983 1712 2019">
    <p class='ocr_par' dir='ltr' id='par_1_81' title="bbox 920 1983 1712 2019">
     <span class='ocr_line' id='line_1_81' title="bbox 920 1983 1712 2019; baseline -0.001 -8"><span class='ocrx_word' id='word_1_585' title='bbox 920 1984 1104 2019; x_wconf 79' lang='lat' dir='ltr'><strong>cognitionem</strong></span> <span class='ocrx_word' id='word_1_586' title='bbox 1132 1984 1287 2018; x_wconf 81' lang='lat' dir='ltr'><strong>impertiat,</strong></span> <span class='ocrx_word' id='word_1_587' title='bbox 1318 1983 1381 2012; x_wconf 69' lang='lat' dir='ltr'><strong>Eva:</strong></span> <span class='ocrx_word' id='word_1_588' title='bbox 1403 1984 1568 2019; x_wconf 89' lang='lat' dir='ltr'><strong>imposuisse</strong></span> <span class='ocrx_word' id='word_1_589' title='bbox 1594 1984 1712 2011; x_wconf 76' lang='lat' dir='ltr'><strong>dicitur!</strong></span> 
     </span>
    </p>
   </div>
   <div class='ocr_carea' id='block_1_82' title="bbox 79 2028 1710 2065">
    <p class='ocr_par' dir='ltr' id='par_1_82' title="bbox 79 2028 1710 2065">
     <span class='ocr_line' id='line_1_82' title="bbox 79 2028 1710 2065; baseline 0.001 -9"><span class='ocrx_word' id='word_1_590' title='bbox 79 2028 148 2056; x_wconf 82' lang='lat' dir='ltr'><strong>Nam</strong></span> <span class='ocrx_word' id='word_1_591' title='bbox 173 2029 219 2064; x_wconf 89' lang='lat' dir='ltr'><strong>qui</strong></span> <span class='ocrx_word' id='word_1_592' title='bbox 247 2029 342 2058; x_wconf 81' lang='lat' dir='ltr'><strong>fraude</strong></span> <span class='ocrx_word' id='word_1_593' title='bbox 366 2031 457 2065; x_wconf 87' lang='lat' dir='ltr'><strong>aliqua</strong></span> <span class='ocrx_word' id='word_1_594' title='bbox 485 2031 628 2058; x_wconf 87' lang='lat' dir='ltr'><strong>scientiam</strong></span> <span class='ocrx_word' id='word_1_595' title='bbox 653 2029 741 2062; x_wconf 83' lang='lat' dir='ltr'><strong>aﬁ&#39;ert,</strong></span> <span class='ocrx_word' id='word_1_596' title='bbox 767 2037 821 2057; x_wconf 89' lang='lat' dir='ltr'><strong>non</strong></span> <span class='ocrx_word' id='word_1_597' title='bbox 848 2030 871 2057; x_wconf 89' lang='lat' dir='ltr'><strong>is</strong></span> <span class='ocrx_word' id='word_1_598' title='bbox 890 2030 1043 2062; x_wconf 87' lang='lat' dir='ltr'><strong>scientiam,</strong></span> <span class='ocrx_word' id='word_1_599' title='bbox 1070 2029 1118 2058; x_wconf 88' lang='lat' dir='ltr'><strong>sed</strong></span> <span class='ocrx_word' id='word_1_600' title='bbox 1140 2037 1189 2065; x_wconf 91' lang='lat' dir='ltr'><strong>pro</strong></span> <span class='ocrx_word' id='word_1_601' title='bbox 1222 2030 1477 2065; x_wconf 74' lang='lat' dir='ltr'><strong>ea&#39;ignorationem</strong></span> <span class='ocrx_word' id='word_1_602' title='bbox 1515 2029 1710 2057; x_wconf 82' lang='lat' dir='ltr'><strong>communicat.</strong></span> 
     </span>
    </p>
   </div>
   <div class='ocr_carea' id='block_1_83' title="bbox 79 2075 1710 2108">
    <p class='ocr_par' dir='ltr' id='par_1_83' title="bbox 79 2075 1710 2108">
     <span class='ocr_line' id='line_1_83' title="bbox 79 2075 1710 2108; baseline 0.001 -7"><span class='ocrx_word' id='word_1_603' title='bbox 79 2075 156 2108; x_wconf 85' lang='lat' dir='ltr'><strong>Quod</strong></span> <span class='ocrx_word' id='word_1_604' title='bbox 180 2075 232 2103; x_wconf 87' lang='lat' dir='ltr'><strong>illis</strong></span> <span class='ocrx_word' id='word_1_605' title='bbox 256 2076 381 2104; x_wconf 88' lang='lat' dir='ltr'><strong>accidere</strong></span> <span class='ocrx_word' id='word_1_606' title='bbox 402 2076 557 2104; x_wconf 85' lang='lat' dir='ltr'><strong>certissima</strong></span> <span class='ocrx_word' id='word_1_607' title='bbox 579 2076 686 2103; x_wconf 86' lang='lat' dir='ltr'><strong>ratione</strong></span> <span class='ocrx_word' id='word_1_608' title='bbox 711 2076 865 2104; x_wconf 83' lang='lat' dir='ltr'><strong>conﬁcitur.</strong></span> <span class='ocrx_word' id='word_1_609' title='bbox 889 2076 957 2103; x_wconf 89' lang='lat' dir='ltr'><strong>Cum</strong></span> <span class='ocrx_word' id='word_1_610' title='bbox 973 2077 1044 2104; x_wconf 89' lang='lat' dir='ltr'><strong>enim</strong></span> <span class='ocrx_word' id='word_1_611' title='bbox 1060 2084 1167 2104; x_wconf 85' lang='lat' dir='ltr'><strong>summa</strong></span> <span class='ocrx_word' id='word_1_612' title='bbox 1181 2077 1208 2103; x_wconf 91' lang='lat' dir='ltr'><strong>in</strong></span> <span class='ocrx_word' id='word_1_613' title='bbox 1223 2077 1329 2104; x_wconf 91' lang='lat' dir='ltr'><strong>inscitia</strong></span> <span class='ocrx_word' id='word_1_614' title='bbox 1342 2080 1497 2107; x_wconf 78' lang='lat' dir='ltr'><strong>versentur,</strong></span> <span class='ocrx_word' id='word_1_615' title='bbox 1518 2083 1578 2103; x_wconf 89' lang='lat' dir='ltr'><strong>eam</strong></span> <span class='ocrx_word' id='word_1_616' title='bbox 1610 2075 1710 2103; x_wconf 78' lang='lat' dir='ltr'><strong>nihilo-</strong></span> 
     </span>
    </p>
   </div>
   <div class='ocr_carea' id='block_1_84' title="bbox 79 2123 1711 2159">
    <p class='ocr_par' dir='ltr' id='par_1_84' title="bbox 79 2123 1711 2159">
     <span class='ocr_line' id='line_1_84' title="bbox 79 2123 1711 2159; baseline 0 -9"><span class='ocrx_word' id='word_1_617' title='bbox 79 2124 170 2150; x_wconf 89' lang='lat' dir='ltr'><strong>minus</strong></span> <span class='ocrx_word' id='word_1_618' title='bbox 186 2124 328 2151; x_wconf 89' lang='lat' dir='ltr'><strong>scientiam</strong></span> <span class='ocrx_word' id='word_1_619' title='bbox 339 2132 400 2152; x_wconf 85' lang='lat' dir='ltr'><strong>esse</strong></span> <span class='ocrx_word' id='word_1_620' title='bbox 412 2128 518 2159; x_wconf 88' lang='lat' dir='ltr'><strong>putant.</strong></span> <span class='ocrx_word' id='word_1_621' title='bbox 534 2123 592 2157; x_wconf 83' lang='lat' dir='ltr'><strong>Qua</strong></span> <span class='ocrx_word' id='word_1_622' title='bbox 605 2124 632 2150; x_wconf 91' lang='lat' dir='ltr'><strong>in</strong></span> <span class='ocrx_word' id='word_1_623' title='bbox 650 2131 680 2151; x_wconf 90' lang='lat' dir='ltr'><strong>re</strong></span> <span class='ocrx_word' id='word_1_624' title='bbox 695 2124 870 2153; x_wconf 87' lang='lat' dir='ltr'><strong>vehementer</strong></span> <span class='ocrx_word' id='word_1_625' title='bbox 886 2124 1100 2157; x_wconf 86' lang='lat' dir='ltr'><strong>hallucinantur,</strong></span> <span class='ocrx_word' id='word_1_626' title='bbox 1128 2124 1193 2152; x_wconf 92' lang='lat' dir='ltr'><strong>dum</strong></span> <span class='ocrx_word' id='word_1_627' title='bbox 1211 2131 1332 2152; x_wconf 87' lang='lat' dir='ltr'><strong>errorem</strong></span> <span class='ocrx_word' id='word_1_628' title='bbox 1351 2130 1431 2151; x_wconf 87' lang='lat' dir='ltr'><strong>suum</strong></span> <span class='ocrx_word' id='word_1_629' title='bbox 1463 2130 1496 2151; x_wconf 86' lang='lat' dir='ltr'><strong>ac</strong></span> <span class='ocrx_word' id='word_1_630' title='bbox 1527 2123 1711 2158; x_wconf 78' lang='lat' dir='ltr'><strong>ignorantiam</strong></span> 
     </span>
    </p>
   </div>
   <div class='ocr_carea' id='block_1_85' title="bbox 85 2171 610 2208">
    <p class='ocr_par' dir='ltr' id='par_1_85' title="bbox 85 2171 610 2208">
     <span class='ocr_line' id='line_1_85' title="bbox 85 2171 610 2208; baseline 0.004 -10"><span class='ocrx_word' id='word_1_631' title='bbox 85 2171 203 2199; x_wconf 54' lang='lat' dir='ltr'><strong>tcientim</strong></span> <span class='ocrx_word' id='word_1_632' title='bbox 221 2172 408 2208; x_wconf 88' lang='lat' dir='ltr'><strong>appellatione</strong></span> <span class='ocrx_word' id='word_1_633' title='bbox 422 2173 610 2200; x_wconf 85' lang='lat' dir='ltr'><strong>dissimulant.</strong></span> 
     </span>
    </p>
   </div>
   <div class='ocr_carea' id='block_1_86' title="bbox 114 2218 870 2256">
    <p class='ocr_par' dir='ltr' id='par_1_86' title="bbox 114 2218 870 2256">
     <span class='ocr_line' id='line_1_86' title="bbox 114 2218 870 2256; baseline 0 -11"><span class='ocrx_word' id='word_1_634' title='bbox 114 2219 151 2246; x_wconf 87' lang='lat' dir='ltr'><strong>Z&#39;.</strong></span> <span class='ocrx_word' id='word_1_635' title='bbox 167 2218 280 2254; x_wconf 77' lang='grc' dir='ltr'>Φέρουσι</span> <span class='ocrx_word' id='word_1_636' title='bbox 294 2219 323 2246; x_wconf 80' lang='grc' dir='ltr'>δὲ</span> <span class='ocrx_word' id='word_1_637' title='bbox 338 2219 385 2246; x_wconf 75' lang='grc' dir='ltr'>καὶ</span> <span class='ocrx_word' id='word_1_638' title='bbox 403 2219 485 2251; x_wconf 75' lang='grc' dir='ltr'>ἄλλας</span> <span class='ocrx_word' id='word_1_639' title='bbox 506 2220 659 2256; x_wconf 72' lang='grc' dir='ltr'>μαρτυρίας</span> <span class='ocrx_word' id='word_1_640' title='bbox 678 2219 814 2253; x_wconf 77' lang='grc' dir='ltr'>λέγοντες,</span> <span class='ocrx_word' id='word_1_641' title='bbox 829 2219 870 2245; x_wconf 74' lang='grc' dir='ltr'>ὅτι</span> 
     </span>
    </p>
   </div>
   <div class='ocr_carea' id='block_1_87' title="bbox 962 2214 1710 2252">
    <p class='ocr_par' dir='ltr' id='par_1_87' title="bbox 962 2214 1710 2252">
     <span class='ocr_line' id='line_1_87' title="bbox 962 2214 1710 2252; baseline -0.005 -6"><span class='ocrx_word' id='word_1_642' title='bbox 962 2219 1015 2246; x_wconf 86' lang='lat' dir='ltr'><strong>VII.</strong></span> <span class='ocrx_word' id='word_1_643' title='bbox 1035 2218 1088 2246; x_wconf 88' lang='lat' dir='ltr'><strong>Sed</strong></span> <span class='ocrx_word' id='word_1_644' title='bbox 1105 2218 1156 2245; x_wconf 86' lang='lat' dir='ltr'><strong>alia</strong></span> <span class='ocrx_word' id='word_1_645' title='bbox 1174 2217 1297 2252; x_wconf 68' lang='lat' dir='ltr'><strong>qumdam</strong></span> <span class='ocrx_word' id='word_1_646' title='bbox 1317 2216 1431 2251; x_wconf 83' lang='lat' dir='ltr'><strong>insuper</strong></span> <span class='ocrx_word' id='word_1_647' title='bbox 1449 2215 1606 2243; x_wconf 84' lang='lat' dir='ltr'><strong>testimonia</strong></span> <span class='ocrx_word' id='word_1_648' title='bbox 1621 2214 1710 2250; x_wconf 80' lang='lat' dir='ltr'><strong>profe-</strong></span> 
     </span>
    </p>
   </div>
   <div class='ocr_carea' id='block_1_88' title="bbox 77 2261 869 2302">
    <p class='ocr_par' dir='ltr' id='par_1_88' title="bbox 77 2265 869 2302">
     <span class='ocr_line' id='line_1_88' title="bbox 77 2265 869 2302; baseline 0.001 -11"><span class='ocrx_word' id='word_1_649' title='bbox 77 2265 126 2292; x_wconf 73' lang='grc' dir='ltr'>καὶ</span> <span class='ocrx_word' id='word_1_650' title='bbox 154 2265 273 2300; x_wconf 74' lang='grc' dir='ltr'>Μωῦσῆς</span> <span class='ocrx_word' id='word_1_651' title='bbox 302 2267 332 2291; x_wconf 84' lang='grc' dir='ltr'><strong>ἐν</strong></span> <span class='ocrx_word' id='word_1_652' title='bbox 358 2267 390 2301; x_wconf 87' lang='grc' dir='ltr'><strong>τῇ</strong></span> <span class='ocrx_word' id='word_1_653' title='bbox 416 2266 514 2302; x_wconf 78' lang='grc' dir='ltr'>ἐρήμῳ</span> <span class='ocrx_word' id='word_1_654' title='bbox 542 2266 587 2292; x_wconf 81' lang='grc' dir='ltr'>τὸν</span> <span class='ocrx_word' id='word_1_655' title='bbox 611 2266 674 2300; x_wconf 73' lang='grc' dir='ltr'>ὅφιν</span> <span class='ocrx_word' id='word_1_656' title='bbox 696 2266 740 2292; x_wconf 75' lang='grc' dir='ltr'>τὸν</span> <span class='ocrx_word' id='word_1_657' title='bbox 755 2266 869 2301; x_wconf 77' lang='grc' dir='ltr'>χαλκοῦν</span> 
     </span>
    </p>
   </div>
   <div class='ocr_carea' id='block_1_89' title="bbox 924 2261 1712 2302">
    <p class='ocr_par' dir='ltr' id='par_1_89' title="bbox 925 2261 1712 2299">
     <span class='ocr_line' id='line_1_89' title="bbox 925 2261 1712 2299; baseline -0.005 -7"><span class='ocrx_word' id='word_1_658' title='bbox 925 2269 1008 2298; x_wconf 91' lang='lat' dir='ltr'><strong>runt;</strong></span> <span class='ocrx_word' id='word_1_659' title='bbox 1026 2265 1109 2292; x_wconf 88' lang='lat' dir='ltr'><strong>veluti</strong></span> <span class='ocrx_word' id='word_1_660' title='bbox 1135 2263 1245 2299; x_wconf 79' lang='lat' dir='ltr'><strong>Moysen</strong></span> <span class='ocrx_word' id='word_1_661' title='bbox 1268 2270 1372 2290; x_wconf 74' lang='lat' dir='ltr'><strong>ameum</strong></span> <span class='ocrx_word' id='word_1_662' title='bbox 1392 2265 1544 2297; x_wconf 88' lang='lat' dir='ltr'><strong>serpentem</strong></span> <span class='ocrx_word' id='word_1_663' title='bbox 1561 2261 1588 2288; x_wconf 92' lang='lat' dir='ltr'><strong>in</strong></span> <span class='ocrx_word' id='word_1_664' title='bbox 1604 2261 1712 2289; x_wconf 77' lang='lat' dir='ltr'><strong>deserto</strong></span> 
     </span>
    </p>
   </div>
   <div class='ocr_carea' id='block_1_90' title="bbox 78 2311 871 2348">
    <p class='ocr_par' dir='ltr' id='par_1_90' title="bbox 78 2311 871 2348">
     <span class='ocr_line' id='line_1_90' title="bbox 78 2311 871 2348; baseline 0.003 -11"><span class='ocrx_word' id='word_1_665' title='bbox 78 2311 182 2346; x_wconf 42' lang='lat'><strong>341935,</strong></span> <span class='ocrx_word' id='word_1_666' title='bbox 207 2312 448 2348; x_wconf 78' lang='grc' dir='ltr'>προστησάμενος,</span> <span class='ocrx_word' id='word_1_667' title='bbox 471 2312 514 2338; x_wconf 84' lang='grc' dir='ltr'><strong>ἴνα</strong></span> <span class='ocrx_word' id='word_1_668' title='bbox 540 2312 609 2348; x_wconf 84' lang='grc' dir='ltr'>ῐαμα</span> <span class='ocrx_word' id='word_1_669' title='bbox 637 2314 694 2344; x_wconf 84' lang='grc' dir='ltr'>τοῖς</span> <span class='ocrx_word' id='word_1_670' title='bbox 713 2312 766 2339; x_wconf 75' lang='grc' dir='ltr'><strong>ὑπὸ</strong></span> <span class='ocrx_word' id='word_1_671' title='bbox 784 2312 871 2347; x_wconf 74' lang='grc' dir='ltr'>ὄφεως</span> 
     </span>
    </p>
   </div>
   <div class='ocr_carea' id='block_1_91' title="bbox 78 2357 872 2394">
    <p class='ocr_par' dir='ltr' id='par_1_91' title="bbox 78 2357 872 2394">
     <span class='ocr_line' id='line_1_91' title="bbox 78 2357 872 2394; baseline 0 -10"><span class='ocrx_word' id='word_1_672' title='bbox 78 2357 254 2393; x_wconf 60' lang='grc' dir='ltr'>ᾀακνομένοις</span> <span class='ocrx_word' id='word_1_673' title='bbox 270 2358 392 2394; x_wconf 81' lang='grc' dir='ltr'>γένηται.</span> <span class='ocrx_word' id='word_1_674' title='bbox 417 2357 494 2386; x_wconf 83' lang='grc' dir='ltr'>Εἶναι</span> <span class='ocrx_word' id='word_1_675' title='bbox 508 2358 562 2394; x_wconf 81' lang='grc' dir='ltr'><strong>γὰρ</strong></span> <span class='ocrx_word' id='word_1_676' title='bbox 582 2358 660 2386; x_wconf 79' lang='grc' dir='ltr'>τοῦτο</span> <span class='ocrx_word' id='word_1_677' title='bbox 670 2359 701 2385; x_wconf 79' lang='grc' dir='ltr'>τὸ</span> <span class='ocrx_word' id='word_1_678' title='bbox 718 2358 787 2391; x_wconf 77' lang='grc' dir='ltr'>εἶδος</span> <span class='ocrx_word' id='word_1_679' title='bbox 805 2360 872 2385; x_wconf 81' lang='grc' dir='ltr'>ἰατι-</span> 
     </span>
    </p>
   </div>
   <div class='ocr_carea' id='block_1_92' title="bbox 81 2402 871 2438">
    <p class='ocr_par' dir='ltr' id='par_1_92' title="bbox 81 2402 871 2438">
     <span class='ocr_line' id='line_1_92' title="bbox 81 2402 871 2438; baseline 0.001 -10"><span class='ocrx_word' id='word_1_680' title='bbox 81 2403 127 2428; x_wconf 75' lang='grc' dir='ltr'>κὸν</span> <span class='ocrx_word' id='word_1_681' title='bbox 147 2402 194 2429; x_wconf 73' lang='grc' dir='ltr'>τοῦ</span> <span class='ocrx_word' id='word_1_682' title='bbox 220 2403 359 2438; x_wconf 83' lang='grc' dir='ltr'>δήγματος</span> <span class='ocrx_word' id='word_1_683' title='bbox 385 2403 504 2438; x_wconf 80' lang='grc' dir='ltr'>λέγουσι.</span> <span class='ocrx_word' id='word_1_684' title='bbox 531 2404 616 2431; x_wconf 84' lang='grc' dir='ltr'>Πάλιν</span> <span class='ocrx_word' id='word_1_685' title='bbox 639 2404 668 2431; x_wconf 77' lang='grc' dir='ltr'>δὲ</span> <span class='ocrx_word' id='word_1_686' title='bbox 691 2404 751 2432; x_wconf 80' lang='grc' dir='ltr'>καθ’</span> <span class='ocrx_word' id='word_1_687' title='bbox 767 2403 871 2430; x_wconf 77' lang='grc' dir='ltr'>ἑαυτῶν</span> 
     </span>
    </p>
   </div>
   <div class='ocr_carea' id='block_1_93' title="bbox 82 2448 872 2486">
    <p class='ocr_par' dir='ltr' id='par_1_93' title="bbox 82 2448 872 2486">
     <span class='ocr_line' id='line_1_93' title="bbox 82 2448 872 2486; baseline 0.004 -12"><span class='ocrx_word' id='word_1_688' title='bbox 82 2448 164 2475; x_wconf 76' lang='grc' dir='ltr'>ταῦτα</span> <span class='ocrx_word' id='word_1_689' title='bbox 177 2448 323 2484; x_wconf 74' lang='grc' dir='ltr'>ὁρίζονται.</span> <span class='ocrx_word' id='word_1_690' title='bbox 344 2450 374 2476; x_wconf 82' lang='grc' dir='ltr'>Εἰ</span> <span class='ocrx_word' id='word_1_691' title='bbox 391 2450 445 2486; x_wconf 85' lang='grc' dir='ltr'>γὰρ</span> <span class='ocrx_word' id='word_1_692' title='bbox 459 2449 547 2484; x_wconf 71' lang='grc' dir='ltr'>ὅφεων</span> <span class='ocrx_word' id='word_1_693' title='bbox 559 2448 592 2486; x_wconf 82' lang='grc' dir='ltr'>ἦν</span> <span class='ocrx_word' id='word_1_694' title='bbox 605 2449 640 2476; x_wconf 82' lang='grc' dir='ltr'><strong>τὰ</strong></span> <span class='ocrx_word' id='word_1_695' title='bbox 651 2450 788 2485; x_wconf 84' lang='grc' dir='ltr'>δήγματα,</span> <span class='ocrx_word' id='word_1_696' title='bbox 809 2449 872 2485; x_wconf 82' lang='grc' dir='ltr'>βλα-</span> 
     </span>
    </p>
   </div>
   <div class='ocr_carea' id='block_1_94' title="bbox 78 2494 873 2531">
    <p class='ocr_par' dir='ltr' id='par_1_94' title="bbox 78 2494 873 2531">
     <span class='ocr_line' id='line_1_94' title="bbox 78 2494 873 2531; baseline 0.001 -10"><span class='ocrx_word' id='word_1_697' title='bbox 78 2494 147 2530; x_wconf 73' lang='grc' dir='ltr'>ϐερὰ</span> <span class='ocrx_word' id='word_1_698' title='bbox 159 2494 186 2520; x_wconf 77' lang='grc' dir='ltr'>δὲ</span> <span class='ocrx_word' id='word_1_699' title='bbox 206 2494 293 2522; x_wconf 78' lang='grc' dir='ltr'>ταῦτα</span> <span class='ocrx_word' id='word_1_700' title='bbox 304 2503 311 2510; x_wconf 87' lang='grc'><strong>·</strong></span> <span class='ocrx_word' id='word_1_701' title='bbox 323 2495 377 2531; x_wconf 79' lang='grc' dir='ltr'>ἄρα</span> <span class='ocrx_word' id='word_1_702' title='bbox 394 2496 408 2522; x_wconf 89' lang='grc' dir='ltr'>ὁ</span> <span class='ocrx_word' id='word_1_703' title='bbox 427 2495 488 2530; x_wconf 70' lang='grc' dir='ltr'>ὄφις</span> <span class='ocrx_word' id='word_1_704' title='bbox 507 2496 556 2522; x_wconf 76' lang='grc' dir='ltr'>οὐκ</span> <span class='ocrx_word' id='word_1_705' title='bbox 580 2496 691 2530; x_wconf 79' lang='grc' dir='ltr'>ἀγαθόν.</span> <span class='ocrx_word' id='word_1_706' title='bbox 708 2495 744 2522; x_wconf 79' lang='grc' dir='ltr'><strong>Τὸ</strong></span> <span class='ocrx_word' id='word_1_707' title='bbox 757 2496 785 2522; x_wconf 80' lang='grc' dir='ltr'>δὲ</span> <span class='ocrx_word' id='word_1_708' title='bbox 800 2495 873 2530; x_wconf 66' lang='grc' dir='ltr'>ὑψω-</span> 
     </span>
    </p>
   </div>
   <div class='ocr_carea' id='block_1_95' title="bbox 78 2540 871 2578">
    <p class='ocr_par' dir='ltr' id='par_1_95' title="bbox 78 2540 871 2578">
     <span class='ocr_line' id='line_1_95' title="bbox 78 2540 871 2578; baseline 0.003 -13"><span class='ocrx_word' id='word_1_709' title='bbox 78 2540 126 2566; x_wconf 76' lang='grc' dir='ltr'><strong>Θὲν</strong></span> <span class='ocrx_word' id='word_1_710' title='bbox 139 2541 191 2566; x_wconf 79' lang='grc' dir='ltr'><strong>ὑπὸ</strong></span> <span class='ocrx_word' id='word_1_711' title='bbox 206 2541 345 2573; x_wconf 82' lang='grc' dir='ltr'>Μωῦσέως</span> <span class='ocrx_word' id='word_1_712' title='bbox 365 2541 438 2575; x_wconf 83' lang='grc' dir='ltr'>τότε,</span> <span class='ocrx_word' id='word_1_713' title='bbox 463 2541 508 2569; x_wconf 83' lang='grc' dir='ltr'><strong>διὰ</strong></span> <span class='ocrx_word' id='word_1_714' title='bbox 533 2542 583 2578; x_wconf 85' lang='grc' dir='ltr'>τῆς</span> <span class='ocrx_word' id='word_1_715' title='bbox 601 2542 717 2578; x_wconf 81' lang='grc' dir='ltr'>θεωρίας</span> <span class='ocrx_word' id='word_1_716' title='bbox 732 2543 781 2578; x_wconf 87' lang='grc' dir='ltr'>τὴν</span> <span class='ocrx_word' id='word_1_717' title='bbox 800 2542 871 2568; x_wconf 74' lang='grc' dir='ltr'>ἴασιν</span> 
     </span>
    </p>
   </div>
   <div class='ocr_carea' id='block_1_96' title="bbox 80 2586 870 2623">
    <p class='ocr_par' dir='ltr' id='par_1_96' title="bbox 80 2586 870 2623">
     <span class='ocr_line' id='line_1_96' title="bbox 80 2586 870 2623; baseline 0.003 -11"><span class='ocrx_word' id='word_1_718' title='bbox 80 2587 206 2617; x_wconf 81' lang='grc' dir='ltr'>ἐποιεῖτο,</span> <span class='ocrx_word' id='word_1_719' title='bbox 222 2587 252 2612; x_wconf 78' lang='grc' dir='ltr'>οὐ</span> <span class='ocrx_word' id='word_1_720' title='bbox 270 2586 315 2613; x_wconf 77' lang='grc' dir='ltr'>διὰ</span> <span class='ocrx_word' id='word_1_721' title='bbox 327 2586 377 2622; x_wconf 83' lang='grc' dir='ltr'>τὴν</span> <span class='ocrx_word' id='word_1_722' title='bbox 394 2586 440 2614; x_wconf 78' lang='grc' dir='ltr'>τοῦ</span> <span class='ocrx_word' id='word_1_723' title='bbox 462 2587 550 2622; x_wconf 62' lang='grc' dir='ltr'>ὂψεως</span> <span class='ocrx_word' id='word_1_724' title='bbox 565 2587 656 2622; x_wconf 79' lang='grc' dir='ltr'>φύσιν,</span> <span class='ocrx_word' id='word_1_725' title='bbox 681 2588 749 2615; x_wconf 81' lang='grc' dir='ltr'>ἀλλὰ</span> <span class='ocrx_word' id='word_1_726' title='bbox 761 2587 809 2623; x_wconf 86' lang='grc' dir='ltr'>τὴν</span> <span class='ocrx_word' id='word_1_727' title='bbox 824 2587 870 2614; x_wconf 80' lang='grc' dir='ltr'>τοῦ</span> 
     </span>
    </p>
   </div>
   <div class='ocr_carea' id='block_1_97' title="bbox 80 2631 869 2668">
    <p class='ocr_par' dir='ltr' id='par_1_97' title="bbox 80 2631 869 2668">
     <span class='ocr_line' id='line_1_97' title="bbox 80 2631 869 2668; baseline 0.001 -10"><span class='ocrx_word' id='word_1_728' title='bbox 80 2631 147 2658; x_wconf 80' lang='grc' dir='ltr'><strong>8εοῦ</strong></span> <span class='ocrx_word' id='word_1_729' title='bbox 165 2631 300 2664; x_wconf 74' lang='grc' dir='ltr'>εὐδοκίαν,</span> <span class='ocrx_word' id='word_1_730' title='bbox 314 2632 347 2659; x_wconf 84' lang='grc' dir='ltr'>δι’</span> <span class='ocrx_word' id='word_1_731' title='bbox 361 2633 451 2667; x_wconf 71' lang='grc' dir='ltr'>ὄφεως</span> <span class='ocrx_word' id='word_1_732' title='bbox 472 2633 567 2668; x_wconf 81' lang='grc' dir='ltr'>ὥσπερ</span> <span class='ocrx_word' id='word_1_733' title='bbox 589 2634 724 2661; x_wconf 80' lang='grc' dir='ltr'>ἀντίδοτον</span> <span class='ocrx_word' id='word_1_734' title='bbox 739 2635 796 2665; x_wconf 85' lang='grc' dir='ltr'>τοῖς</span> <span class='ocrx_word' id='word_1_735' title='bbox 809 2633 869 2660; x_wconf 87' lang='grc' dir='ltr'>τότε</span> 
     </span>
    </p>
   </div>
   <div class='ocr_carea' id='block_1_98' title="bbox 77 2679 817 2716">
    <p class='ocr_par' dir='ltr' id='par_1_98' title="bbox 77 2679 817 2716">
     <span class='ocr_line' id='line_1_98' title="bbox 77 2679 817 2716; baseline 0.001 -11"><span class='ocrx_word' id='word_1_736' title='bbox 77 2679 252 2714; x_wconf 78' lang='grc' dir='ltr'>δεδηγμένοις</span> <span class='ocrx_word' id='word_1_737' title='bbox 279 2679 474 2714; x_wconf 75' lang='grc' dir='ltr'>ἐργαζομένου.</span> <span class='ocrx_word' id='word_1_738' title='bbox 501 2679 583 2706; x_wconf 81' lang='grc' dir='ltr'>Οὐδὲν</span> <span class='ocrx_word' id='word_1_739' title='bbox 609 2680 637 2706; x_wconf 83' lang='grc' dir='ltr'><strong>δέ</strong></span> <span class='ocrx_word' id='word_1_740' title='bbox 662 2680 817 2716; x_wconf 77' lang='grc' dir='ltr'>θαυμαστὸν</span> 
     </span>
    </p>
   </div>
   <div class='ocr_carea' id='block_1_99' title="bbox 79 2722 869 2762">
    <p class='ocr_par' dir='ltr' id='par_1_99' title="bbox 79 2722 869 2762">
     <span class='ocr_line' id='line_1_99' title="bbox 79 2722 869 2762; baseline 0.001 -10"><span class='ocrx_word' id='word_1_741' title='bbox 79 2726 111 2752; x_wconf 67' lang='grc' dir='ltr'><strong>δι’</strong></span> <span class='ocrx_word' id='word_1_742' title='bbox 128 2722 165 2752; x_wconf 82' lang='grc' dir='ltr'>ὧν</span> <span class='ocrx_word' id='word_1_743' title='bbox 179 2734 221 2757; x_wconf 78' lang='grc' dir='ltr'><strong>τις</strong></span> <span class='ocrx_word' id='word_1_744' title='bbox 238 2725 351 2760; x_wconf 71' lang='grc' dir='ltr'>ἐϐλάϐη,</span> <span class='ocrx_word' id='word_1_745' title='bbox 369 2725 411 2752; x_wconf 74' lang='grc' dir='ltr'><strong>διὰ</strong></span> <span class='ocrx_word' id='word_1_746' title='bbox 431 2724 532 2752; x_wconf 83' lang='grc' dir='ltr'>τούτων</span> <span class='ocrx_word' id='word_1_747' title='bbox 549 2725 695 2762; x_wconf 82' lang='grc' dir='ltr'>θεραπείας</span> <span class='ocrx_word' id='word_1_748' title='bbox 709 2727 798 2761; x_wconf 72' lang='grc' dir='ltr'>ἔτυχε.</span> <span class='ocrx_word' id='word_1_749' title='bbox 816 2726 869 2753; x_wconf 79' lang='grc' dir='ltr'><strong>Καὶ</strong></span> 
     </span>
    </p>
   </div>
   <div class='ocr_carea' id='block_1_100' title="bbox 80 2771 868 2807">
    <p class='ocr_par' dir='ltr' id='par_1_100' title="bbox 80 2771 868 2807">
     <span class='ocr_line' id='line_1_100' title="bbox 80 2771 868 2807; baseline 0.001 -9"><span class='ocrx_word' id='word_1_750' title='bbox 80 2771 116 2807; x_wconf 86' lang='grc' dir='ltr'>μή</span> <span class='ocrx_word' id='word_1_751' title='bbox 137 2780 178 2804; x_wconf 90' lang='grc' dir='ltr'><strong>τις</strong></span> <span class='ocrx_word' id='word_1_752' title='bbox 193 2771 327 2803; x_wconf 72' lang='grc' dir='ltr'>κακιζέτω</span> <span class='ocrx_word' id='word_1_753' title='bbox 342 2772 392 2807; x_wconf 81' lang='grc' dir='ltr'>τὴν</span> <span class='ocrx_word' id='word_1_754' title='bbox 406 2771 453 2798; x_wconf 71' lang='grc' dir='ltr'>τοῦ</span> <span class='ocrx_word' id='word_1_755' title='bbox 465 2771 533 2798; x_wconf 80' lang='grc' dir='ltr'>θεοῦ</span> <span class='ocrx_word' id='word_1_756' title='bbox 549 2772 645 2799; x_wconf 86' lang='grc' dir='ltr'>κτίσιν.</span> <span class='ocrx_word' id='word_1_757' title='bbox 661 2773 698 2804; x_wconf 79' lang='grc' dir='ltr'>ὡς</span> <span class='ocrx_word' id='word_1_758' title='bbox 713 2772 787 2799; x_wconf 85' lang='grc' dir='ltr'>ἄλλοι</span> <span class='ocrx_word' id='word_1_759' title='bbox 801 2772 868 2799; x_wconf 88' lang='grc' dir='ltr'>πλα-</span> 
     </span>
    </p>
   </div>
   <div class='ocr_carea' id='block_1_101' title="bbox 81 2817 868 2853">
    <p class='ocr_par' dir='ltr' id='par_1_101' title="bbox 81 2817 868 2853">
     <span class='ocr_line' id='line_1_101' title="bbox 81 2817 868 2853; baseline 0.003 -9"><span class='ocrx_word' id='word_1_760' title='bbox 81 2817 194 2853; x_wconf 68' lang='grc' dir='ltr'>νώμενοι</span> <span class='ocrx_word' id='word_1_761' title='bbox 209 2818 288 2845; x_wconf 83' lang='grc' dir='ltr'>πάλιν</span> <span class='ocrx_word' id='word_1_762' title='bbox 301 2818 417 2852; x_wconf 82' lang='grc' dir='ltr'>λέγουσι.</span> <span class='ocrx_word' id='word_1_763' title='bbox 433 2818 624 2852; x_wconf 77' lang='grc' dir='ltr'>Προετυποῦτο</span> <span class='ocrx_word' id='word_1_764' title='bbox 635 2819 662 2845; x_wconf 83' lang='grc' dir='ltr'>δὲ</span> <span class='ocrx_word' id='word_1_765' title='bbox 677 2819 755 2846; x_wconf 80' lang='grc' dir='ltr'>τοῦτο</span> <span class='ocrx_word' id='word_1_766' title='bbox 768 2821 824 2851; x_wconf 85' lang='grc' dir='ltr'>τοῖς</span> <span class='ocrx_word' id='word_1_767' title='bbox 839 2820 868 2846; x_wconf 82' lang='grc' dir='ltr'>ὲν</span> 
     </span>
    </p>
   </div>
   <div class='ocr_carea' id='block_1_102' title="bbox 115 2892 409 2930">
    <p class='ocr_par' dir='ltr' id='par_1_102' title="bbox 115 2892 409 2930">
     <span class='ocr_line' id='line_1_102' title="bbox 115 2892 409 2930; baseline 0.01 -11"><span class='ocrx_word' id='word_1_768' title='bbox 115 2894 124 2910; x_wconf 65' lang='grc' dir='ltr'><strong>ε</strong></span> <span class='ocrx_word' id='word_1_769' title='bbox 139 2892 220 2920; x_wconf 73' lang='lat' dir='ltr'><strong>Num.</strong></span> <span class='ocrx_word' id='word_1_770' title='bbox 244 2902 300 2926; x_wconf 76' lang='lat' dir='ltr'><strong>nl,</strong></span> <span class='ocrx_word' id='word_1_771' title='bbox 317 2895 333 2921; x_wconf 85' lang='lat'>8</span> <span class='ocrx_word' id='word_1_772' title='bbox 349 2903 409 2930; x_wconf 90' lang='lat' dir='ltr'><strong>sqq.</strong></span> 
     </span>
    </p>
   </div>
   <div class='ocr_carea' id='block_1_103' title="bbox 220 2941 536 2973">
    <p class='ocr_par' dir='ltr' id='par_1_103' title="bbox 220 2941 536 2973">
     <span class='ocr_line' id='line_1_103' title="bbox 220 2941 536 2973; baseline 0.006 -3"><span class='ocrx_word' id='word_1_773' title='bbox 220 2941 355 2972; x_wconf 76' lang='lat' dir='ltr'><strong>I’nnOL.</strong></span> <span class='ocrx_word' id='word_1_774' title='bbox 375 2944 434 2973; x_wconf 81' lang='lat' dir='ltr'><strong>Gn.</strong></span> <span class='ocrx_word' id='word_1_775' title='bbox 455 2942 536 2972; x_wconf 76' lang='lat' dir='ltr'><strong>XLI.</strong></span> 
     </span>
    </p>
   </div>
   <div class='ocr_carea' id='block_1_104' title="bbox 923 2308 1711 2345">
    <p class='ocr_par' dir='ltr' id='par_1_104' title="bbox 923 2308 1711 2345">
     <span class='ocr_line' id='line_1_104' title="bbox 923 2308 1711 2345; baseline -0.005 -7"><span class='ocrx_word' id='word_1_776' title='bbox 923 2312 1078 2342; x_wconf 88' lang='lat' dir='ltr'><strong>sustulisse,</strong></span> <span class='ocrx_word' id='word_1_777' title='bbox 1101 2310 1244 2345; x_wconf 88' lang='lat' dir='ltr'><strong>palamque</strong></span> <span class='ocrx_word' id='word_1_778' title='bbox 1263 2308 1450 2344; x_wconf 87' lang='lat' dir='ltr'><strong>proposuisse,</strong></span> <span class='ocrx_word' id='word_1_779' title='bbox 1467 2311 1497 2335; x_wconf 93' lang='lat' dir='ltr'><strong>ut</strong></span> <span class='ocrx_word' id='word_1_780' title='bbox 1517 2308 1570 2335; x_wconf 88' lang='lat' dir='ltr'><strong>illis</strong></span> <span class='ocrx_word' id='word_1_781' title='bbox 1589 2308 1711 2335; x_wconf 90' lang='lat' dir='ltr'><strong>remedio</strong></span> 
     </span>
    </p>
   </div>
   <div class='ocr_carea' id='block_1_105' title="bbox 923 2357 1710 2394">
    <p class='ocr_par' dir='ltr' id='par_1_105' title="bbox 923 2357 1710 2394">
     <span class='ocr_line' id='line_1_105' title="bbox 923 2357 1710 2394; baseline -0.001 -9"><span class='ocrx_word' id='word_1_782' title='bbox 923 2362 1005 2389; x_wconf 86' lang='lat' dir='ltr'><strong>esset,</strong></span> <span class='ocrx_word' id='word_1_783' title='bbox 1019 2366 1088 2393; x_wconf 91' lang='lat' dir='ltr'><strong>quos</strong></span> <span class='ocrx_word' id='word_1_784' title='bbox 1104 2366 1217 2394; x_wconf 88' lang='lat' dir='ltr'><strong>serpens</strong></span> <span class='ocrx_word' id='word_1_785' title='bbox 1226 2358 1407 2386; x_wconf 86' lang='lat' dir='ltr'><strong>momorderat</strong></span> <span class='ocrx_word' id='word_1_786' title='bbox 1425 2358 1443 2384; x_wconf 92' lang='lat'><strong>&#39;.</strong></span> <span class='ocrx_word' id='word_1_787' title='bbox 1461 2357 1518 2384; x_wconf 85' lang='lat' dir='ltr'><strong>Iloc</strong></span> <span class='ocrx_word' id='word_1_788' title='bbox 1533 2358 1605 2384; x_wconf 87' lang='lat' dir='ltr'><strong>enim</strong></span> <span class='ocrx_word' id='word_1_789' title='bbox 1621 2357 1710 2392; x_wconf 90' lang='lat' dir='ltr'><strong>ipsum</strong></span> 
     </span>
    </p>
   </div>
   <div class='ocr_carea' id='block_1_106' title="bbox 923 2403 1710 2439">
    <p class='ocr_par' dir='ltr' id='par_1_106' title="bbox 923 2403 1710 2439">
     <span class='ocr_line' id='line_1_106' title="bbox 923 2403 1710 2439; baseline -0.001 -8"><span class='ocrx_word' id='word_1_790' title='bbox 923 2409 1083 2439; x_wconf 72' lang='lat' dir='ltr'><strong>pmseutem</strong></span> <span class='ocrx_word' id='word_1_791' title='bbox 1112 2405 1166 2432; x_wconf 90' lang='lat' dir='ltr'><strong>vim</strong></span> <span class='ocrx_word' id='word_1_792' title='bbox 1190 2409 1285 2432; x_wconf 88' lang='lat' dir='ltr'><strong>contra</strong></span> <span class='ocrx_word' id='word_1_793' title='bbox 1312 2409 1461 2432; x_wconf 86' lang='lat' dir='ltr'><strong>venenatos</strong></span> <span class='ocrx_word' id='word_1_794' title='bbox 1478 2411 1587 2431; x_wconf 85' lang='lat' dir='ltr'><strong>morsus</strong></span> <span class='ocrx_word' id='word_1_795' title='bbox 1611 2403 1710 2430; x_wconf 81' lang='lat' dir='ltr'><strong>habere</strong></span> 
     </span>
    </p>
   </div>
   <div class='ocr_carea' id='block_1_107' title="bbox 920 2449 1709 2484">
    <p class='ocr_par' dir='ltr' id='par_1_107' title="bbox 920 2449 1709 2484">
     <span class='ocr_line' id='line_1_107' title="bbox 920 2449 1709 2484; baseline -0.001 -7"><span class='ocrx_word' id='word_1_796' title='bbox 920 2450 1059 2484; x_wconf 84' lang='lat' dir='ltr'><strong>jactitant.</strong></span> <span class='ocrx_word' id='word_1_797' title='bbox 1078 2450 1129 2478; x_wconf 88' lang='lat' dir='ltr'><strong>Sed</strong></span> <span class='ocrx_word' id='word_1_798' title='bbox 1144 2451 1185 2479; x_wconf 81' lang='lat' dir='ltr'><strong>vel</strong></span> <span class='ocrx_word' id='word_1_799' title='bbox 1197 2451 1262 2478; x_wconf 89' lang='lat' dir='ltr'><strong>illud</strong></span> <span class='ocrx_word' id='word_1_800' title='bbox 1278 2455 1373 2478; x_wconf 88' lang='lat' dir='ltr'><strong>contra</strong></span> <span class='ocrx_word' id='word_1_801' title='bbox 1385 2458 1415 2477; x_wconf 90' lang='lat' dir='ltr'><strong>se</strong></span> <span class='ocrx_word' id='word_1_802' title='bbox 1430 2449 1575 2477; x_wconf 85' lang='lat' dir='ltr'><strong>manifeste</strong></span> <span class='ocrx_word' id='word_1_803' title='bbox 1586 2457 1709 2484; x_wconf 91' lang='lat' dir='ltr'><strong>pronun-</strong></span> 
     </span>
    </p>
   </div>
   <div class='ocr_carea' id='block_1_108' title="bbox 923 2495 1709 2532">
    <p class='ocr_par' dir='ltr' id='par_1_108' title="bbox 923 2495 1709 2532">
     <span class='ocr_line' id='line_1_108' title="bbox 923 2495 1709 2532; baseline -0.003 -8"><span class='ocrx_word' id='word_1_804' title='bbox 923 2497 1002 2524; x_wconf 91' lang='lat' dir='ltr'><strong>tiant.</strong></span> <span class='ocrx_word' id='word_1_805' title='bbox 1023 2497 1050 2524; x_wconf 90' lang='lat' dir='ltr'><strong>Si</strong></span> <span class='ocrx_word' id='word_1_806' title='bbox 1063 2498 1134 2525; x_wconf 87' lang='lat' dir='ltr'><strong>enim</strong></span> <span class='ocrx_word' id='word_1_807' title='bbox 1152 2505 1260 2525; x_wconf 90' lang='lat' dir='ltr'><strong>morsus</strong></span> <span class='ocrx_word' id='word_1_808' title='bbox 1273 2497 1310 2524; x_wconf 90' lang='lat' dir='ltr'><strong>illi</strong></span> <span class='ocrx_word' id='word_1_809' title='bbox 1329 2497 1496 2532; x_wconf 87' lang='lat' dir='ltr'><strong>serpentium</strong></span> <span class='ocrx_word' id='word_1_810' title='bbox 1510 2499 1599 2528; x_wconf 87' lang='lat' dir='ltr'><strong>erant,</strong></span> <span class='ocrx_word' id='word_1_811' title='bbox 1616 2495 1709 2523; x_wconf 79' lang='lat' dir='ltr'><strong>iidem-</strong></span> 
     </span>
    </p>
   </div>
   <div class='ocr_carea' id='block_1_109' title="bbox 924 2541 1709 2577">
    <p class='ocr_par' dir='ltr' id='par_1_109' title="bbox 924 2541 1709 2577">
     <span class='ocr_line' id='line_1_109' title="bbox 924 2541 1709 2577; baseline -0.001 -9"><span class='ocrx_word' id='word_1_812' title='bbox 924 2549 978 2576; x_wconf 89' lang='lat' dir='ltr'><strong>que</strong></span> <span class='ocrx_word' id='word_1_813' title='bbox 1007 2543 1163 2577; x_wconf 82' lang='lat' dir='ltr'><strong>perniciosi,</strong></span> <span class='ocrx_word' id='word_1_814' title='bbox 1190 2543 1367 2577; x_wconf 88' lang='lat' dir='ltr'><strong>consequitur</strong></span> <span class='ocrx_word' id='word_1_815' title='bbox 1396 2541 1508 2569; x_wconf 89' lang='lat' dir='ltr'><strong>minime</strong></span> <span class='ocrx_word' id='word_1_816' title='bbox 1532 2541 1632 2568; x_wconf 93' lang='lat' dir='ltr'><strong>bonum</strong></span> <span class='ocrx_word' id='word_1_817' title='bbox 1649 2548 1709 2568; x_wconf 84' lang='lat' dir='ltr'><strong>esse</strong></span> 
     </span>
    </p>
   </div>
   <div class='ocr_carea' id='block_1_110' title="bbox 924 2587 1745 2623">
    <p class='ocr_par' dir='ltr' id='par_1_110' title="bbox 924 2587 1745 2623">
     <span class='ocr_line' id='line_1_110' title="bbox 924 2587 1745 2623; baseline -0.004 -8"><span class='ocrx_word' id='word_1_818' title='bbox 924 2593 1088 2623; x_wconf 72' lang='lat' dir='ltr'><strong>serpentem.</strong></span> <span class='ocrx_word' id='word_1_819' title='bbox 1114 2588 1191 2622; x_wconf 90' lang='lat' dir='ltr'><strong>Quod</strong></span> <span class='ocrx_word' id='word_1_820' title='bbox 1216 2596 1282 2616; x_wconf 91' lang='lat' dir='ltr'><strong>vero</strong></span> <span class='ocrx_word' id='word_1_821' title='bbox 1306 2593 1362 2616; x_wconf 90' lang='lat' dir='ltr'><strong>tum</strong></span> <span class='ocrx_word' id='word_1_822' title='bbox 1380 2596 1395 2615; x_wconf 93' lang='lat' dir='ltr'><strong>a</strong></span> <span class='ocrx_word' id='word_1_823' title='bbox 1411 2587 1503 2623; x_wconf 83' lang='lat' dir='ltr'><strong>Moyse</strong></span> <span class='ocrx_word' id='word_1_824' title='bbox 1518 2591 1561 2615; x_wconf 88' lang='lat' dir='ltr'><strong>est</strong></span> <span class='ocrx_word' id='word_1_825' title='bbox 1576 2591 1708 2618; x_wconf 84' lang='lat' dir='ltr'><strong>erectum,</strong></span> <span class='ocrx_word' id='word_1_826' title='bbox 1742 2615 1745 2618; x_wconf 30' lang='grc'><strong>,</strong></span> 
     </span>
    </p>
   </div>
   <div class='ocr_carea' id='block_1_111' title="bbox 923 2632 1708 2668">
    <p class='ocr_par' dir='ltr' id='par_1_111' title="bbox 923 2632 1708 2668">
     <span class='ocr_line' id='line_1_111' title="bbox 923 2632 1708 2668; baseline -0.004 -7"><span class='ocrx_word' id='word_1_827' title='bbox 923 2634 980 2662; x_wconf 87' lang='lat' dir='ltr'><strong>sola</strong></span> <span class='ocrx_word' id='word_1_828' title='bbox 1004 2634 1046 2661; x_wconf 91' lang='lat' dir='ltr'><strong>sui</strong></span> <span class='ocrx_word' id='word_1_829' title='bbox 1077 2633 1307 2668; x_wconf 87' lang='lat' dir='ltr'><strong>contemplatione</strong></span> <span class='ocrx_word' id='word_1_830' title='bbox 1339 2633 1497 2660; x_wconf 84' lang='lat' dir='ltr'><strong>medebatur</strong></span> <span class='ocrx_word' id='word_1_831' title='bbox 1515 2640 1522 2658; x_wconf 84' lang='lat'><strong>:</strong></span> <span class='ocrx_word' id='word_1_832' title='bbox 1538 2639 1592 2659; x_wconf 91' lang='lat' dir='ltr'><strong>non</strong></span> <span class='ocrx_word' id='word_1_833' title='bbox 1617 2632 1708 2666; x_wconf 74' lang='lat' dir='ltr'><strong>utique</strong></span> 
     </span>
    </p>
   </div>
   <div class='ocr_carea' id='block_1_112' title="bbox 922 2677 1708 2716">
    <p class='ocr_par' dir='ltr' id='par_1_112' title="bbox 922 2677 1708 2716">
     <span class='ocr_line' id='line_1_112' title="bbox 922 2677 1708 2716; baseline -0.004 -9"><span class='ocrx_word' id='word_1_834' title='bbox 922 2680 994 2716; x_wconf 90' lang='lat' dir='ltr'><strong>quod</strong></span> <span class='ocrx_word' id='word_1_835' title='bbox 1009 2681 1045 2707; x_wconf 88' lang='lat' dir='ltr'><strong>ita</strong></span> <span class='ocrx_word' id='word_1_836' title='bbox 1060 2681 1195 2715; x_wconf 87' lang='lat' dir='ltr'><strong>serpentis</strong></span> <span class='ocrx_word' id='word_1_837' title='bbox 1211 2684 1307 2707; x_wconf 85' lang='lat' dir='ltr'><strong>natura</strong></span> <span class='ocrx_word' id='word_1_838' title='bbox 1332 2678 1432 2713; x_wconf 79' lang='lat' dir='ltr'><strong>ferret;</strong></span> <span class='ocrx_word' id='word_1_839' title='bbox 1447 2679 1494 2706; x_wconf 88' lang='lat' dir='ltr'><strong>sed</strong></span> <span class='ocrx_word' id='word_1_840' title='bbox 1514 2679 1586 2714; x_wconf 88' lang='lat' dir='ltr'><strong>quod</strong></span> <span class='ocrx_word' id='word_1_841' title='bbox 1601 2678 1639 2705; x_wconf 84' lang='lat' dir='ltr'><strong>ita</strong></span> <span class='ocrx_word' id='word_1_842' title='bbox 1656 2677 1708 2704; x_wconf 87' lang='lat' dir='ltr'><strong>Deo</strong></span> 
     </span>
    </p>
   </div>
   <div class='ocr_carea' id='block_1_113' title="bbox 921 2723 1707 2761">
    <p class='ocr_par' dir='ltr' id='par_1_113' title="bbox 921 2723 1707 2761">
     <span class='ocr_line' id='line_1_113' title="bbox 921 2723 1707 2761; baseline -0.005 -8"><span class='ocrx_word' id='word_1_843' title='bbox 921 2726 1010 2754; x_wconf 89' lang='lat' dir='ltr'><strong>visum</strong></span> <span class='ocrx_word' id='word_1_844' title='bbox 1035 2731 1118 2758; x_wconf 91' lang='lat' dir='ltr'><strong>esset,</strong></span> <span class='ocrx_word' id='word_1_845' title='bbox 1149 2726 1194 2761; x_wconf 92' lang='lat' dir='ltr'><strong>qui</strong></span> <span class='ocrx_word' id='word_1_846' title='bbox 1219 2734 1288 2760; x_wconf 85' lang='lat' dir='ltr'><strong>quos</strong></span> <span class='ocrx_word' id='word_1_847' title='bbox 1315 2730 1455 2761; x_wconf 75' lang='lat' dir='ltr'><strong>serpentes</strong></span> <span class='ocrx_word' id='word_1_848' title='bbox 1474 2727 1654 2760; x_wconf 82' lang='lat' dir='ltr'><strong>pupugerant,</strong></span> <span class='ocrx_word' id='word_1_849' title='bbox 1676 2723 1707 2750; x_wconf 91' lang='lat' dir='ltr'><strong>iis</strong></span> 
     </span>
    </p>
   </div>
   <div class='ocr_carea' id='block_1_114' title="bbox 921 2770 1707 2808">
    <p class='ocr_par' dir='ltr' id='par_1_114' title="bbox 921 2770 1707 2808">
     <span class='ocr_line' id='line_1_114' title="bbox 921 2770 1707 2808; baseline -0.003 -9"><span class='ocrx_word' id='word_1_850' title='bbox 921 2779 971 2808; x_wconf 87' lang='lat' dir='ltr'><strong>per</strong></span> <span class='ocrx_word' id='word_1_851' title='bbox 1001 2776 1155 2806; x_wconf 83' lang='lat' dir='ltr'><strong>serpentem</strong></span> <span class='ocrx_word' id='word_1_852' title='bbox 1177 2772 1240 2798; x_wconf 87' lang='lat' dir='ltr'><strong>mali</strong></span> <span class='ocrx_word' id='word_1_853' title='bbox 1264 2772 1413 2800; x_wconf 90' lang='lat' dir='ltr'><strong>remedium</strong></span> <span class='ocrx_word' id='word_1_854' title='bbox 1438 2776 1592 2806; x_wconf 86' lang='lat' dir='ltr'><strong>paraverat.</strong></span> <span class='ocrx_word' id='word_1_855' title='bbox 1614 2770 1707 2805; x_wconf 85' lang='lat' dir='ltr'><strong>Neque</strong></span> 
     </span>
    </p>
   </div>
   <div class='ocr_carea' id='block_1_115' title="bbox 920 2816 1707 2854">
    <p class='ocr_par' dir='ltr' id='par_1_115' title="bbox 920 2816 1707 2854">
     <span class='ocr_line' id='line_1_115' title="bbox 920 2816 1707 2854; baseline -0.003 -9"><span class='ocrx_word' id='word_1_856' title='bbox 920 2823 986 2845; x_wconf 90' lang='lat' dir='ltr'><strong>vero</strong></span> <span class='ocrx_word' id='word_1_857' title='bbox 1002 2816 1100 2844; x_wconf 91' lang='lat' dir='ltr'><strong>mirum</strong></span> <span class='ocrx_word' id='word_1_858' title='bbox 1112 2824 1173 2845; x_wconf 88' lang='lat' dir='ltr'><strong>esse</strong></span> <span class='ocrx_word' id='word_1_859' title='bbox 1186 2817 1312 2852; x_wconf 77' lang='lat' dir='ltr'><strong>cuiquam</strong></span> <span class='ocrx_word' id='word_1_860' title='bbox 1323 2822 1440 2854; x_wconf 86' lang='lat' dir='ltr'><strong>oportet,</strong></span> <span class='ocrx_word' id='word_1_861' title='bbox 1452 2818 1474 2846; x_wconf 90' lang='lat' dir='ltr'><strong>si</strong></span> <span class='ocrx_word' id='word_1_862' title='bbox 1487 2817 1559 2845; x_wconf 91' lang='lat' dir='ltr'><strong>unde</strong></span> <span class='ocrx_word' id='word_1_863' title='bbox 1572 2817 1707 2851; x_wconf 77' lang='lat' dir='ltr'><strong>quispiam</strong></span> 
     </span>
    </p>
   </div>
   <div class='ocr_carea' id='block_1_116' title="bbox 1500 2940 1534 2969">
    <p class='ocr_par' dir='ltr' id='par_1_116' title="bbox 1500 2940 1534 2969">
     <span class='ocr_line' id='line_1_116' title="bbox 1500 2940 1534 2969; baseline 0 0"><span class='ocrx_word' id='word_1_864' title='bbox 1500 2940 1534 2969; x_wconf 78' lang='lat'><strong>9.!</strong></span> 
     </span>
    </p>
   </div>
  </div>
