1952 3045
211 159 261 188 ϐἳὶί

928 156 956 184 S.
979 155 1151 184 EPIPHANH

1804 153 1864 180 652

214 218 297 246 tresue
314 217 413 250 fuerat,
444 216 508 244 inde
532 216 697 244 medicinam
715 215 862 251 acceperit.
887 215 942 243 Nec
967 220 1010 243 est

1062 218 1094 252 τῇ
1113 216 1209 252 ἐρήμῳ
1225 215 1269 242 διὰ
1289 214 1338 251 τὴν
1357 215 1457 245 αἰτίαν,
1473 215 1507 251 ἢν
1527 213 1611 242 ἐλθὼν
1628 213 1642 240 ὁ
1659 213 1759 248 Κύριος
1780 211 1862 245 λέγει

211 264 285 301 quod
297 264 401 292 idcirco
418 264 536 291 conditae
550 271 594 291 res
614 271 628 290 a
648 263 703 291 Deo
716 263 915 298 vituperentur,
934 262 1007 297 quod

213 310 337 337 nonnulli
367 318 465 337 rursus
492 309 648 337 incredibili
678 317 772 336 errore
798 308 912 336 faciunt.
940 307 1008 335 Illud

212 356 284 383 enim
298 356 392 391 ﬁgurae
407 356 495 383 instar
511 355 613 382 Iudaeis
631 355 659 382 in
679 354 827 382 solitudine
844 353 1009 389 degentibus

213 405 354 428 ostensum
382 406 442 434 est;
476 401 511 429 ob
527 408 588 428 eam
613 401 699 435 ipsam
718 400 864 432 rationem,
880 407 961 435 quam
980 399 1009 426 in

212 445 359 481 Evangelia
369 446 451 482 274
464 446 595 474 Dominus
604 446 748 481 expressit.
759 445 893 473 Nimirum
912 456 917 473 :
933 444 1009 472 Sicut

212 492 339 520 exultavit
358 492 464 528 Moyses
487 497 633 527 serpentem
654 493 682 519 in
697 492 811 525 deserto,
827 493 866 518 ita
894 491 1010 519 exaltari

213 543 313 574 oportet
332 539 432 566 Filium
449 539 592 571 hominis',
605 538 677 574 quod
693 543 787 574 postea
798 537 923 573 contigit.
941 537 1008 564 Nam

213 584 299 613 Judaei
317 585 457 613 Christum
472 584 616 612 Dominum
637 585 710 612 velut
722 587 875 618 serpentem
889 582 1004 618 ignomi-

214 631 292 659 niose
305 635 464 662 tractantes,
480 631 589 666 ipsimet
603 630 740 665 serpentis
753 629 871 660 insidiis,
897 629 950 656 hoc
968 632 1010 656 est

214 677 327 709 diaboli,
346 677 520 704 vehementer
534 676 630 704 oﬂ‘cnsi
647 681 720 703 sunt.
734 675 787 703 Sed
799 679 828 702 ut
842 679 934 703 erecto
947 682 1008 702 ser—

215 727 306 759 pente,
331 723 349 750 ii
362 723 407 758 qui
434 730 526 750 morsu
543 727 621 750 erant
635 722 758 758 appetiti,
779 725 889 757 repente
904 721 1008 748 liberati

215 773 279 798 sunt
291 779 297 797 :
308 769 355 802 ita,
372 769 483 797 Christo
497 769 524 796 in
539 777 649 797 crucem
664 769 782 800 sublato,
799 768 896 795 anima:
911 771 1009 794 nostra:

215 825 229 844 a
244 817 347 852 peccati
361 816 499 844 morsibus
508 820 572 843 sunt
582 820 723 851 exemptae.
734 815 822 850 Atque
832 815 903 841 hanc
919 814 1007 849 ipsam

215 863 322 891 Domini
337 863 502 890 sententiam
523 862 556 889 ad
569 862 673 890 erroris
686 862 728 890 sui
741 861 924 897 patrocinium
943 859 1008 886 aﬂ‘c-

1059 264 1087 289 ὲν
1108 262 1147 297 τῷ
1172 261 1330 297 Εὑαγγελίῳ
1344 282 1350 294 ,
1390 261 1430 288 ὅτι
1452 261 1501 294 Ὠς
1529 261 1634 295 ὕψωσε
1655 257 1784 291 Μωὶτσῆς
1801 258 1863 284 τὸν

1059 310 1129 345 ὅφιν
1142 310 1178 337 ἐν
1191 309 1228 344 τῇ
1243 309 1353 344 ἐρήμῳ,
1369 309 1462 341 οὕτως
1482 307 1639 343 ὑψωθῆναι
1651 306 1698 333 δεῖ
1709 305 1764 333 τὸν
1784 306 1863 332 Υιὸν

1059 357 1111 384 τοῦ
1130 356 1299 390 ἀνθρώπου,
1314 356 1328 382 ὂ
1339 356 1385 382 καὶ
1401 356 1506 390 γέγονε.
1531 355 1615 390 Δίκην
1629 353 1684 388 γὰρ
1696 353 1784 388 ὄφεως
1797 353 1862 378 ἀτι-

1060 403 1196 439 μάσαντες
1209 402 1254 429 τὸν
1269 402 1382 437 Σωτῆρα
1393 422 1400 434 ,
1411 401 1465 428 ἀπὸ
1483 401 1628 435 ἐπιϐουλῆς
1641 400 1690 435 τῆς
1701 398 1748 425 τοῦ
1766 398 1861 432 ΰφεως

1059 448 1208 483 ἠδικοῦντο,
1227 448 1298 483 φημὶ
1311 447 1340 473 δὲ
1352 447 1398 473 τοῦ
1410 446 1543 473 διαϐόλου.
1565 446 1620 472 Καὶ
1628 444 1754 480 καθάπερ
1771 444 1801 469 ὲν
1813 441 1859 477 τῷ

1059 494 1186 530 ὑψώματι
1203 493 1250 520 τοῦ
1263 493 1352 528 ὄφεως
1370 493 1442 523 ἴασις
1461 492 1584 526 ἐγίγνετο
1600 492 1656 522 τοῖς
1665 488 1858 526 δεδηγμένοις,

1058 540 1145 572 οὕτως
1160 540 1206 566 ἐπὶ
1226 541 1258 575 τῇ
1288 539 1335 565 τοῦ
1351 538 1470 575 Χριστοῦ
1487 536 1639 573 σταυρώσει
1654 536 1739 571 λύτρα
1757 535 1858 570 γέγονε

1058 588 1118 619 ταῖς
1140 586 1218 621 ἡμῶν
1251 585 1351 620 ψυχαῖς
1378 585 1432 612 ἀπὸ
1458 584 1514 610 τῶν
1548 585 1577 610 ὲν
1603 583 1669 618 ἡμῖν
1697 581 1858 616 γενομένων

1058 631 1204 666 δηγμάτων
1226 630 1275 665 τῆς
1292 629 1439 666 ἁμαρτίας.
1455 629 1570 664 Φέρουσι
1590 628 1618 654 δὲ
1636 627 1684 654 καὶ
1698 626 1763 653 αὐτὸ
1775 625 1860 652 τοῦτο

1057 677 1089 704 τδ
1103 677 1182 712 ῥητὸν
1202 677 1270 713 πρὸς
1289 676 1443 712 μαρτυρίαν
1459 676 1482 701 ol
1497 674 1573 701 αὐτοὶ
1588 674 1723 708 λέγοντες,
1739 672 1780 698 ὃτι
1797 672 1859 706 Οὐχ

1059 725 1134 760 ὁρᾷς,
1167 724 1205 756 ὡς
1233 722 1309 750 εἶπεν
1340 724 1354 749 ὁ
1385 722 1492 758 Σωτὴρ,
1523 723 1574 748 “Or
1603 720 1714 754 τρόπον
1748 718 1859 752 ὒψωσε

1060 769 1193 804 Μωϋσῆς
1211 770 1265 796 τὸν
1278 769 1347 803 ὄριν-
1366 769 1400 795 er
1413 768 1450 802 τῇ
1459 768 1567 802 ἐρήμῳ,
1581 767 1678 798 οὕτως
1694 764 1857 799 ὑψωθῆναι

1059 813 1107 840 δεῖ
1122 813 1176 840 τὸν
1196 813 1265 840 Υὶὸν
1284 813 1337 840 τοῦ
1361 812 1536 846 ἀνθρώποικ
1549 811 1603 838 Καὶ
1619 810 1663 837 διὰ
1673 809 1751 836 τοῦτο
1766 809 1814 835 καὶ
1825 809 1858 834 ἐν

1060 859 1131 895 ἄλλῳ
1141 859 1226 895 τόπῳ,
1246 859 1324 894 φασὶ,
1340 859 1413 893 λέγει
1427 859 1437 874 ⁵
1449 878 1456 890 ,
1473 859 1513 884 ὅτι
1531 858 1657 884 Γίνεσθε
1670 856 1805 890 φρόνιμοι
1814 855 1858 885 ὡς

214 913 288 938 runt.
304 909 400 938 Nonne
412 909 498 942 vides,
514 910 651 945 inquiunt,
664 909 700 936 ita
722 908 914 944 pronuntiasse
927 905 1008 933 Chri-

1062 906 1076 945 ρ
1096 905 1174 939 ὄφις,
1210 904 1260 933 καὶ
1285 904 1417 938 ἀκέραιοι
1434 904 1475 936 ὡς
1494 902 1674 936 περιστεραί.
1691 901 1745 927 Καὶ
1765 900 1799 926 τὰ
1815 900 1856 930 εἰς

215 961 288 985 stum
308 958 382 990 :Quo
401 955 479 995 modo
495 939 620 984 exultavit
637 939 742 990 Moyses
765 958 908 989 serpentem
923 953 950 979 in
962 951 1009 979 de-

1062 939 1182 985 ἶιύμϐολα
1203 949 1377 980 διδασκαλίας
1405 949 1437 974 ὲκ
1468 947 1535 974 Θεοῦ
1568 947 1658 978 καλῶς
1686 944 1856 980 τεταγμένα,

214 1011 296 1036 serto,
326 1003 364 1029 ita
385 992 501 1030 exaltari
524 1007 624 1036 oportet
656 1001 756 1028 Filium
779 1000 893 1027 hominis
909 999 1010 1034 ItgPro-

1063 992 1137 1022 οῦτοι
1174 995 1214 1027 είς
1241 995 1290 1031 τὴν
1320 994 1425 1022 ἑαυτῶν
1453 994 1573 1020 ἐπίνοιαν
1604 993 1654 1028 τὴν
1673 992 1858 1027 ὴπατημὲνην

215 1055 307 1085 pterea
321 1053 348 1076 et
373 1049 426 1076 alio
451 1049 511 1075 loco
530 1048 570 1076 sic
586 1047 707 1083 praecipit
726 1057 731 1073 :
750 1046 841 1073 Estote
867 1044 1008 1080 prudenter
1064 1042 1203 1077 φέρουσιν.

216 1084 243 1122 ιιι
258 1099 399 1130 serpentes,
415 1094 578 1129 etsimplicas
594 1094 661 1120 sicut
678 1092 806 1120 columba:
822 1093 844 1118 ¹.
862 1090 907 1118 Sic
925 1091 1009 1126 igitur
1027 1090 1071 1118 isti
1088 1097 1157 1124 quas
1172 1087 1305 1123 imagines
1320 1094 1352 1114 ac
1365 1087 1443 1122 signa
1459 1086 1598 1114 caelestem
1634 1085 1668 1113 ad
1699 1084 1856 1112 doctrinam

216 1142 346 1177 praeclare
360 1141 430 1169 Deus
447 1139 597 1172 transtulit,
608 1147 640 1166 ea
660 1139 693 1166 ad
710 1139 867 1174 dogmatum
889 1144 1002 1165 suorum
1024 1135 1169 1164 falsitatem
1202 1133 1378 1161 asserendam
1396 1133 1568 1168 impudenter
1581 1131 1800 1159 accommodant.

252 1189 320 1216 νιιι.
336 1187 476 1223 Siquidem
500 1187 581 1215 Jesus
606 1186 732 1214 Christus
755 1185 885 1213 Dominus
902 1188 1007 1216 noster,

217 1234 343 1270 idemque
359 1234 428 1261 Deus
446 1233 578 1264 Verbum,
595 1240 610 1260 a
625 1232 704 1260 Patre
718 1236 781 1259 ante
798 1232 897 1260 saccuia
916 1231 1008 1259 omnia

217 1282 276 1308 sine
293 1279 428 1315 principio
448 1286 480 1305 ac
491 1283 613 1313 tempore
629 1277 685 1305 ullo
700 1277 818 1313 genitus,
836 1285 1007 1312 nequaquam

218 1330 261 1354 est
275 1333 398 1361 serpens,
417 1325 512 1361 procul
523 1324 595 1352 absit
609 1327 638 1351 ιιι
645 1324 682 1351 ita
695 1324 855 1356 sentiamus,
878 1323 925 1350 sed
942 1331 1008 1350 con-

217 1379 259 1400 tra
281 1377 434 1408 serpentem
462 1371 582 1399 advenit.
601 1370 653 1404 Qui
671 1371 694 1398 si
708 1369 871 1406 quandoque
884 1369 984 1397 dixerit
1001 1376 1006 1394 :

219 1419 309 1448 Estate
320 1418 460 1454 prudentes
477 1423 506 1444 ut
527 1423 668 1452 serpentes,
684 1422 708 1443 et
725 1416 856 1450 simplices
878 1416 946 1442 sicut
962 1423 1007 1442 co-

217 1465 323 1497 lumbtr,
339 1465 404 1492 illud
414 1465 584 1498 interrogare
597 1471 658 1495 nos,
670 1470 702 1491 ac
710 1469 875 1498 cognoscere
888 1469 937 1497 par
953 1465 1005 1493 est,

217 1512 321 1539 curilla
335 1511 400 1543 duo,
411 1510 566 1537 columbam
582 1509 687 1537 scilicet
701 1516 733 1536 ac
749 1512 913 1544 serpentem,
926 1507 1007 1535 nobis

217 1557 376 1585 erudiendis
393 1556 574 1591 proposuerit.
599 1555 709 1582 Nullum
725 1555 797 1581 enim
818 1554 846 1580 in
869 1555 1005 1588 serpente.
1023 1575 1044 1603 Ο

218 1607 317 1638 pratter
330 1602 429 1637 duplex
454 1601 530 1634 illud,
548 1601 700 1636 prudentia:
713 1600 851 1635 specimen
871 1602 983 1635 apparet
1000 1607 1007 1624 :

218 1649 336 1684 primum
361 1647 434 1682 quod
461 1648 596 1682 appetitus
610 1647 643 1673 ab
669 1646 771 1681 aliquo,
789 1653 852 1673 cum
875 1645 902 1672 in
921 1644 1011 1680 capite

217 1694 301 1721 vitam
326 1700 435 1721 omnem
471 1699 549 1720 suam
571 1691 692 1719 residere
714 1691 824 1722 sentiat,
839 1691 914 1718 velut
926 1690 1011 1718 inter-

218 1739 322 1766 dictum
339 1737 407 1765 illud
432 1737 547 1770 veritus,
565 1736 638 1772 quod
662 1740 773 1771 propter
785 1736 924 1763 hominem
939 1735 1012 1762 Deus

219 1785 283 1812 olim
297 1784 326 1811 in
343 1791 403 1812 sese
415 1783 602 1819 pronuntiavit
615 1792 622 1810 :
634 1782 721 1818 Caput
735 1782 768 1809 ab
785 1782 845 1817 ipso
861 1781 1010 1813 custodies,

219 1831 264 1858 ille
279 1839 294 1858 a
306 1834 333 1858 te
342 1830 500 1857 calcaneum
514 1829 525 1845 ³
540 1838 546 1856 :
561 1832 619 1855 toto
632 1828 660 1855 in
674 1831 756 1863 caput
774 1826 936 1862 complicato
953 1833 1012 1853 cor-

219 1884 296 1912 pore,
318 1875 438 1911 illudque
460 1879 604 1910 protegens
623 1877 651 1902 et
669 1873 821 1906 occultans,
835 1879 942 1900 summa
957 1871 1013 1899 cal-

221 1923 327 1950 liditate
343 1922 478 1957 reliquum
495 1928 596 1955 corpus
617 1920 739 1955 opponit.
759 1919 805 1946 Sic
827 1926 877 1946 nos
894 1919 1011 1953 unigena

221 1969 268 1996 Dei
293 1968 378 1996 Filius
402 1975 417 1994 a
439 1966 520 1994 Patre
548 1973 724 2002 progressus,
749 1965 808 1993 sive
829 1965 908 1992 hoste
919 1971 1011 1999 persc-

220 2020 332 2051 quentc,
358 2015 427 2047 sive,
453 2013 550 2049 quavis
578 2013 724 2049 ingruente
750 2010 916 2042 calamitate,
934 2009 1011 2044 jubet

221 2067 313 2090 nostra
327 2062 419 2089 omnia
435 2060 507 2088 ferro
533 2067 565 2087 ac
582 2059 698 2086 ﬂammis
713 2057 1012 2094 exponere,solumque

222 2109 306 2136 tutari
328 2112 420 2144 caput.
449 2107 501 2134 hoc
515 2110 558 2134 cst
581 2106 694 2133 minime
713 2105 848 2140 abnegare
859 2103 1010 2131 Christum.

221 2155 357 2189 Quoniam
371 2158 454 2189 caput
475 2153 566 2180 omnis
580 2151 633 2179 viri
656 2156 697 2180 est
712 2151 849 2183 Christus,
865 2150 908 2177 vir
921 2153 1011 2176 autem

221 2200 344 2229 mulieris
374 2203 456 2235 caput
482 2203 535 2230 est,
562 2201 644 2233 caput
668 2204 733 2224 vero
756 2195 859 2223 Christi
880 2195 962 2228 Deus,
981 2197 1011 2221 ut

221 2247 368 2283 Apostolus
394 2245 515 2280 loquitur
530 2244 551 2272 ‘.
567 2243 641 2271 Inest
663 2250 726 2270 vere
743 2247 769 2269 et
782 2241 898 2269 alterum
913 2241 942 2268 in
956 2248 1011 2268 ser-

221 2298 301 2329 pente
318 2292 469 2329 prudentia:
486 2299 583 2327 genus,
599 2294 629 2318 ut
645 2289 679 2317 de
690 2296 723 2316 eo
740 2287 891 2324 physiologi
911 2291 1010 2315 testan-

221 2347 277 2370 tur.
294 2340 362 2369 Cum
380 2340 454 2367 enim
477 2347 493 2366 e
515 2344 597 2366 cavea
615 2336 712 2364 sitiens
732 2336 765 2363 ad
780 2342 879 2370 aquam
900 2333 1012 2362 bibendi

222 2387 309 2423 gratia
335 2385 467 2421 prorepit,
489 2385 564 2412 virus
588 2390 681 2411 secum
699 2389 753 2409 non
767 2380 848 2416 275
864 2379 950 2412 cﬂ'ert,
965 2379 1011 2407 sed

221 2432 335 2460 latibulo
348 2431 476 2466 relinquit
488 2439 496 2460 ;
512 2430 604 2464 itaque
616 2428 650 2456 ad
664 2431 759 2463 potum
772 2425 922 2461 egreditur.

258 2477 336 2511 Quod
352 2477 461 2512 quidem
487 2476 567 2503 nobis
589 2473 752 2502 imitandum
774 2471 936 2507 proponitur
957 2479 964 2498 :
986 2473 1015 2497 ut

223 2533 286 2553 cum
304 2523 339 2551 ad
365 2527 488 2551 sanctam
506 2522 554 2550 Dei
573 2521 725 2549 Ecclesiam
746 2517 843 2546 orandi
859 2517 957 2553 gratia,
972 2516 1014 2543 vel

224 2571 258 2599 ad
275 2569 434 2604 usurpanda
474 2567 522 2595 Dei
550 2567 680 2603 mysteria
703 2564 893 2594 convenimus,
909 2562 1014 2590 nullum

225 2616 369 2644 nobiscum
391 2615 492 2648 scelus,
514 2614 680 2649 voluptatem
703 2611 818 2644 trullam,
843 2609 933 2637 nullas
950 2616 1011 2636 cum

223 2669 360 2700 quoquam
377 2661 539 2691 simultates,
556 2659 662 2687 nullum
676 2658 793 2693 denique
810 2657 838 2683 in
850 2655 950 2683 animis
964 2662 1013 2682 no-

284 2743 363 2771 Joan.
379 2750 420 2776 ιιι,
436 2741 479 2768 14.
517 2741 528 2756 ¹
544 2739 640 2768 Matth.
656 2748 683 2772 ιι,
699 2738 743 2765 ³16.
781 2738 791 2753 ³
805 2736 873 2764 Gen.
889 2744 932 2768 ιιι,
953 2734 997 2762 16.
1036 2733 1046 2748 ⁸

262 2824 317 2858 (47)
337 2824 460 2856 Ἕτερον
475 2820 569 2848 πάλιν
579 2820 650 2858 Ἇὲχει
668 2816 899 2858 φθονιιιὼτῃτος.
913 2813 1007 2841 Ambr.

226 2852 315 2886 serm:
334 2859 361 2886 in
381 2852 430 2894 fer.
453 2865 472 2884 ιι
495 2859 556 2892 post
579 2852 656 2882 Dom.
673 2862 680 2881 ι
695 2853 784 2893 Quod.
801 2852 930 2894 :Serpens
950 2857 1009 2894 cum

226 2895 322 2922 venerit
335 2894 368 2921 ad
381 2886 521 2927 bibent/plan
538 2899 644 2926 aquam,
658 2889 812 2924 priusquam
830 2886 912 2920 bibat,
932 2889 1009 2913 extra

1097 1183 1139 1210 H’.
1159 1181 1187 1209 '0
1201 1182 1255 1217 γὰρ
1272 1181 1372 1217 Κύριος
1380 1180 1459 1216 ἡμῶν
1476 1180 1578 1216 Ἰησοῦς
1593 1180 1709 1215 Χριστὸς
1725 1176 1773 1205 και
1787 1178 1858 1208 Θεὸς

1062 1229 1158 1262 Λόγος,
1174 1229 1188 1254 ὁ
1201 1228 1233 1254 ἐκ
1249 1227 1356 1263 Πατρὸς
1376 1227 1429 1263 πρὸ
1452 1226 1560 1253 πάντων
1572 1225 1627 1252 τῶν
1646 1225 1751 1251 αἰώνων
1769 1224 1856 1259 ἀνάρ-

1061 1284 1116 1311 χως
1135 1275 1182 1302 καὶ
1205 1275 1328 1310 ἀχρὸνως
1340 1272 1492 1308 γεννηθεὶς,
1517 1271 1567 1297 οὐκ
1583 1271 1654 1305 δφις,
1679 1270 1717 1305 μὴ
1731 1269 1853 1303 γένοιτοί

1062 1321 1129 1348 ἀλλὰ
1150 1320 1222 1348 κατὰ
1236 1320 1282 1347 τοῦ
1314 1320 1403 1355 ὄφεως
1431 1318 1513 1349 αὐτὸς
1529 1315 1620 1352 ἦλθεν.
1644 1316 1707 1342 Ἐὰν
1726 1315 1755 1341 δὲ
1777 1315 1855 1350 εἴπῃ.

1063 1368 1190 1394 Γίνεσθε
1209 1366 1346 1400 φρόνιμοι
1370 1365 1410 1397 ὡς
1429 1365 1445 1391 ὁ
1467 1364 1545 1398 ὄφις,
1560 1362 1610 1389 καὶ
1623 1360 1754 1395 ἀκέραιοι
1769 1360 1809 1392 ὡς
1825 1361 1856 1386 αι

1060 1412 1247 1447 περιστεραί’
1270 1411 1310 1437 δεῖ
1328 1411 1403 1446 ἡμᾶς
1418 1410 1523 1446 ἐρωτᾷν
1540 1409 1587 1436 καὶ
1604 1407 1759 1442 γινώσκειν,
1771 1405 1816 1431 διὰ
1828 1405 1857 1431 τί

1060 1460 1093 1487 τὰ
1109 1460 1155 1486 δύο
1169 1458 1254 1486 ταῦτα
1270 1457 1403 1494 πρόσωπα
1418 1456 1482 1492 ἡμῖν
1495 1455 1535 1487 εἰς
1554 1453 1729 1481 διδασκαλίαν
1740 1460 1856 1487 παρεισ-

1062 1507 1159 1542 ήγαγε,
1185 1507 1234 1541 τῆς
1254 1513 1283 1531 τε
1302 1503 1467 1539 περιστερᾶς
1483 1500 1590 1528 καὶτοῦ
1604 1500 1700 1534 ὄφεως.
1722 1498 1805 1524 Οὐδὲν
1825 1497 1855 1523 δὲ

1061 1553 1090 1579 ὲν
1109 1552 1147 1588 τῷ
1161 1552 1222 1586 ὕφει
1237 1551 1367 1586 φρόνιμον
1390 1549 1460 1584 πλὴν
1476 1547 1523 1574 δύο
1541 1547 1661 1573 τούτων·
1691 1545 1732 1571 ὅτι
1756 1545 1802 1569 ὲν·

1060 1597 1205 1625 διώκεσθαι
1219 1595 1371 1630 γινώσκων,
1390 1594 1430 1620 ὅτι
1445 1594 1474 1619 ὲν
1484 1594 1518 1628 τῇ
1529 1591 1632 1626 κεφαλῇ
1650 1589 1732 1616 αὑτοῦ
1748 1590 1765 1624 ἡ
1778 1589 1855 1615 πᾶσα

1062 1644 1119 1679 ζωὴ
1135 1642 1219 1670 αὑτοῦ
1234 1641 1374 1676 τυγχάνει,
1388 1639 1436 1666 καὶ
1458 1638 1550 1669 δεδιὼς
1564 1638 1614 1672 τὴν
1630 1635 1769 1671 ἁνωτέραν
1787 1634 1856 1670 πρὸς

1062 1690 1142 1718 αὑτὸν
1174 1688 1324 1724 εἰρημένην
1349 1686 1403 1713 ἀπὸ
1430 1685 1477 1712 τοῦ
1493 1683 1560 1711 Θεοῦ
1583 1683 1626 1710 διὰ
1643 1681 1855 1714 τὺν.ἄνορωποιιι

1061 1734 1231 1772 προσταγὴν,
1249 1734 1290 1760 ὃτι
1309 1731 1439 1765 Φυλάξεις
1455 1729 1538 1757 αὑτοῦ
1564 1728 1696 1763 κεφαλὴν,
1722 1726 1803 1757 αὐτὸς
1825 1726 1855 1752 δέ

1063 1790 1109 1808 σου
1125 1780 1256 1816 πτέρναν·
1273 1779 1332 1805 ὅλον
1346 1778 1375 1804 τὸ
1389 1777 1468 1812 σῶμα
1482 1775 1626 1810 ὲνειλήεας
1640 1774 1688 1800 ἐπὶ
1706 1773 1754 1808 τὴν
1766 1780 1854 1805 κεφα-

1061 1827 1110 1862 λὴν
1121 1825 1215 1857 αὐτοῦ,
1228 1824 1345 1861 κρύπτει
1373 1823 1422 1858 μὲν
1437 1823 1466 1849 τὸ
1485 1821 1598 1858 κρανίον
1611 1818 1719 1850 ἑαυτοῦ,
1740 1817 1856 1853 παραδί-

1061 1873 1126 1900 δωσι
1142 1872 1208 1899 δὲτὸ
1223 1871 1287 1899 ἄλλο
1298 1870 1379 1905 σῶμα
1394 1870 1423 1896 ἐν
1434 1868 1571 1904 ὑπερὸολῇ
1583 1865 1762 1901 πανουργίας.
1776 1863 1855 1890 Οὕτω

1062 1919 1134 1946 Θέλει
1153 1919 1227 1954 ἡμᾶς
1243 1919 1256 1945 ὁ
1273 1916 1418 1953 μονογενὴς
1432 1916 1497 1947 Θεὸς
1513 1916 1527 1941 ὁ
1542 1915 1574 1941 ἔκ
1588 1912 1695 1948 Πατρὺς
1715 1910 1854 1947 προελθὼν

1062 1967 1091 1992 ὲν
1103 1964 1191 2000 καιρῷ
1207 1963 1328 1999 διωγμοῦ
1345 1962 1393 1989 καὶ
1408 1963 1436 1988 ἐν
1447 1960 1536 1997 καιρῴ
1547 1957 1701 1994 πειρασμοῦ
1715 1957 1748 1983 τὰ
1765 1957 1855 1982 πάντα

1062 2010 1141 2048 ἡμῶν
1155 2008 1332 2046 παραδιδόναι
1350 2007 1473 2044 μαχαίρᾳ
1499 2015 1529 2032 τε
1545 2005 1592 2032 καὶ
1615 2003 1693 2038 πυρὶ,
1710 2002 1856 2037 φυλάττειν

1062 2058 1090 2085 δὲ
1107 2056 1211 2084 ἑαυτῶν
1227 2056 1276 2091 τὴν
1291 2054 1423 2089 κεφαλὴν,
1440 2052 1564 2079 τουτέστι
1578 2050 1694 2086 Χριστὸν
1716 2048 1754 2084 μὴ
1769 2048 1856 2082 ἀρνεί·

1063 2103 1134 2131 σθαι.
1158 2101 1322 2137 Ἐπειδήπερ
1337 2100 1443 2134 κεφαλὴ
1454 2098 1553 2129 παντὸς
1566 2096 1711 2133 ἀνθρώπου
1726 2093 1855 2130 Χριστὸς,

1063 2147 1169 2182 κεφαλὴ
1180 2147 1208 2173 δὲ
1215 2144 1343 2179 γυναικὸς
1358 2145 1371 2171 ὁ
1383 2144 1463 2179 ἀνὴρ,
1475 2142 1580 2177 κεφαλὴ
1587 2141 1614 2168 δὲ
1623 2139 1740 2176 Χριστοῦ
1754 2141 1768 2165 ὁ
1778 2138 1855 2170 Θεὸς,

1064 2193 1134 2221 κατὰ
1150 2193 1194 2219 τὸν
1208 2191 1377 2218 Ἀπόστειλον.
1393 2190 1507 2225 Ἕτερον
1522 2188 1601 2215 πάλιν
1613 2188 1669 2222 ἔχει
1686 2185 1856 2222 φρονιμώτα-

1063 2249 1108 2267 τον
1124 2240 1179 2274 (47)
1201 2240 1215 2266 ὁ
1234 2239 1304 2273 δφις,
1321 2238 1358 2270 ῶς
1374 2246 1455 2272 φασιν
1474 2237 1498 2263 οἱ
1516 2234 1668 2270 φυσιολόγοι
1685 2232 1748 2268 περὶ
1758 2231 1854 2257 τούτου

1063 2286 1109 2313 τοῦ
1131 2285 1211 2318 ζώου.
1230 2283 1315 2312 Ὅταν
1328 2284 1384 2318 γὰρ
1399 2282 1514 2318 διψήσας
1530 2281 1585 2308 ἀπὸ
1602 2279 1649 2305 τοῦ
1667 2276 1770 2312 φωλεοῦ
1788 2284 1855 2312 προ-

1064 2332 1135 2359 έλθοι
1153 2332 1198 2358 ἐπί
1209 2340 1235 2357 τι
1252 2330 1325 2365 ὓδωρ
1342 2330 1386 2355 ἵνα
1405 2329 1465 2363 πίῃ,
1479 2327 1508 2354 οὐ
1521 2323 1789 2361 συμπαραλαμϐάνει
1810 2321 1856 2348 τὸν

1067 2377 1104 2404 [ὸν
1123 2376 1182 2412 μεθ’
1201 2374 1308 2406 ἑαυτοῦ,
1322 2373 1390 2400 ἀλλὰ
1416 2373 1445 2398 ἐν
1464 2371 1503 2406 τῷ
1526 2369 1622 2406 φωλεῷ
1641 2366 1854 2402 καταλιμπάνει·

1067 2422 1115 2449 καὶ
1131 2421 1217 2452 οὕτως
1231 2419 1315 2446 ἐλθὼν
1329 2417 1464 2454 λαμϐάνει
1480 2415 1599 2450 eam,“
1615 2414 1668 2441 τῶν
1679 2413 1792 2440 ὑδάτων.

1100 2469 1155 2495 Καὶ
1165 2467 1242 2494 αὐτοὶ
1254 2463 1300 2493 οὖν
1315 2465 1394 2492 τοῦτο
1413 2461 1609 2499 μιμησώμεθα,
1628 2460 1681 2490 ἵνα.
1696 2460 1759 2486 ὅταν
1773 2459 1857 2494 ὲρχώ-

1067 2514 1138 2550 μεθα
1150 2514 1196 2540 ἐπὶ
1214 2514 1263 2549 τὴν
1287 2511 1366 2546 ἁγίαν
1381 2510 1427 2537 τοῦ
1445 2508 1513 2536 Θεοῦ
1539 2506 1712 2542 Ἐκκλησίαν,
1725 2505 1742 2541 ἢ
1757 2505 1796 2536 εἰς
1813 2504 1856 2530 εὑ-

1063 2549 1125 2596 χὴν,
1142 2560 1159 2595 ἦ
1175 2561 1213 2592 είς
1225 2559 1260 2586 τὰ
1279 2558 1327 2585 τοῦ
1347 2556 1415 2584 Θεοῦ
1430 2556 1578 2592 μυστήρια,
1596 2553 1633 2588 μὴ
1657 2552 1785 2587 φέρωμεν
1799 2549 1856 2586 μεθ’

1063 2606 1167 2634 ἑαυτῶν
1184 2605 1293 2638 κακίαν,
1309 2604 1325 2640 ἢ
1350 2603 1456 2639 ἡδονὴν,
1480 2601 1497 2636 ἢ
1520 2600 1630 2636 ἔχθραν,
1647 2599 1664 2634 ἦ
1678 2606 1705 2624 τι
1721 2598 1814 2632 ἕτερον
1829 2599 1856 2622 ἐν

1061 2655 1121 2685 ταῖς
1136 2651 1265 2683 διανοίαις
1280 2650 1381 2678 αὐτῶν.
1401 2649 1477 2676 Ἐπεὶ
1492 2647 1550 2679 πῶς
1564 2646 1597 2673 ἂν
1614 2645 1721 2680 ἔχωμεν
1740 2642 1856 2674 δυνατῶς

1063 2733 1148 2761 lCor.
1161 2740 1201 2765 xi,
1215 2733 1256 2760 l3.
1297 2732 1308 2747 ⁵
1327 2741 1371 2767 γρ.
1389 2731 1463 2765 λέγει
1479 2727 1570 2764 φασίν.

1064 2813 1164 2847 fontem
1183 2811 1279 2847 evomit
1292 2819 1416 2847 venenum
1430 2817 1519 2847 suum,
1533 2814 1558 2836 et
1570 2813 1663 2847 postea
1681 2806 1757 2833 bibit.
1770 2805 1820 2847 λιιι
1834 2810 1858 2833 et

1063 2841 1110 2875 nos
1126 2847 1232 2882 quando
1243 2845 1277 2873 ad
1293 2846 1377 2873 altare
1391 2846 1437 2872 Dei
1454 2841 1680 2872 communicatum
1697 2841 1856 2876 accedimus,

1063 2883 1223 2918 deponamus
1242 2890 1365 2910 venenum
1385 2889 1539 2915 pessimum.
1553 2885 1607 2909 εις.
