1952 3045
108 151 163 182 653

412 150 598 179 ADVERSUS
617 149 790 177 IIASRESES
808 147 873 176 LIB.
893 147 913 176 1.
935 146 1018 175 'I‘OM.
1035 146 1080 175 lIl.
1101 163 1136 168 —
1155 147 1295 175 HERES.
1315 147 1458 176 XXXVIII.

1698 147 1752 176 654

108 210 157 238 καὶ
171 210 222 246 τὴν
241 208 406 245 περιστερὰν
423 208 608 244 μιμήσασθαι,
624 209 661 244 μὴ
675 208 754 239 ἐκτὸς
765 206 905 242 γενόμενος

965 207 1025 234 stris
1062 206 1245 241 improbitatis
1272 205 1417 240 vestigium
1456 204 1612 233 efferamus.
1643 205 1753 240 Alioqui

109 256 207 288 κακίας
218 265 224 288 ;
242 255 329 283 καίτοι
340 264 372 290 γε
390 254 437 282 τοῦ
451 255 545 289 γένους
558 255 607 289 τῆς
620 254 783 290 περιστερᾶς
794 254 823 279 ὲν
838 252 907 279 πολε

109 303 165 334 λοῖς
177 302 338 338 πράγμασιν
364 302 414 328 οὐκ
436 301 643 336 ἐπαινουμένου.
675 300 835 326 Ἀκόλαστον
853 298 908 334 γὰρ

110 348 190 381 γένος
211 347 388 383 περιστερᾶς,
411 347 458 384 καὶ
480 345 643 380 πολυμιξίας
664 345 702 380 μὴ
719 344 908 379 ἀνακοπτόμε-

114 401 168 423 νον,
183 393 281 427 λάγνον
302 401 332 419 τε
356 392 404 419 καὶ
419 392 479 418 καθ’
497 391 572 427 ὥραν
591 391 671 426 ἡδςνῇ
691 390 908 425 προσανακείμε-

117 447 169 465 ιον.
193 439 264 474 Πρὸς
278 438 306 465 δὲ
323 438 427 470 τούτοις
444 438 537 464 ἄτονον
553 438 600 464 καὶ
622 437 748 472 βληχρόν.
765 436 813 463 Διὰ
836 436 864 462 δὲ
877 437 908 462 τὸ

117 485 219 512 ἱκακον
229 485 276 511 καὶ
295 484 473 520 μακρόθυμον
496 484 543 510 καὶ
560 483 750 518 ἀμνησίκακον
762 482 809 509 τοῦ
826 482 905 515 ζώου,

113 531 155 558 ἔτι
172 531 225 566 μὴν
239 531 286 558 καὶ
298 531 341 557 διὰ
358 530 388 557 τὺ
413 531 442 557 ὲν
458 530 522 557 εἴδει
545 529 710 565 περιστερᾶς
729 528 863 563 πεφάνθαι
878 528 908 554 τὸ

114 577 192 610 ἆγιον
218 575 341 612 Πνεῦμα.
361 576 531 611 μιμήσασθαι
554 576 628 611 ἡμᾶς
650 575 773 610 βούλεται
796 575 810 601 ὁ
837 574 908 606 θεῖος

113 623 193 656 λόγος
212 623 258 650 τοῦ
286 622 363 657 ἁγίου
382 623 540 658 Πνεύματος
562 622 611 658 τὴν
636 622 773 657 βούλησιν,
795 621 842 648 καὶ
857 621 908 657 τῆς

115 669 222 696 ἀκάκου
249 669 414 704 περιστερᾶς
436 668 486 704 τὴν
505 667 632 700 ἀκακίαν,
657 667 737 699 ὄντας
761 667 810 703 μὲν
832 668 908 703 ἡμᾶς

115 714 265 750 φρονίμους
285 715 324 745 εἰς
339 714 370 741 τὸ
385 713 497 748 ἀγαθὸν,
509 712 655 747 ἀκεραίους
671 712 699 738 δὲ
712 713 752 743 εἰς
766 711 796 739 τὺ
810 711 906 738 κακόν.

115 764 172 790 Καὶ
190 762 300 790 λέλυται
321 763 338 797 ἡ
359 761 460 788 τούτων
484 761 559 787 πᾶσα
578 759 795 796 δραματουργία.
818 759 907 791 Εὐθὺς

115 810 171 845 γὰρ
189 810 203 835 ὁ
216 809 293 843 ἆγιος
313 808 472 840 Ἀπόστολος
485 807 516 834 τὸ
531 806 683 842 πανοῦργον
699 806 745 832 καὶ
765 805 907 832 ἐπίϐουλον

115 856 165 890 οὐχ
176 854 297 890 ὁρίζεται
313 853 526 889 περισσοτέρως,
547 851 617 878 ἀλλὰ
637 851 706 878 κατά
722 851 768 878 τοῦ
783 851 906 878 διαϐόλου

962 252 1099 287 quomodo
1110 252 1263 279 columbam
1277 252 1458 284 imitabimur,
1473 253 1525 280 nisi
1542 251 1652 279 malitia!
1666 252 1753 279 simus

961 301 1107 337 expertes?
1121 299 1282 335 Quanquam
1298 308 1384 336 genus
1401 300 1468 328 illud
1491 301 1582 328 avium
1606 308 1662 328 non
1678 299 1752 327 omni

961 355 994 374 ex
1019 351 1095 382 parte
1118 346 1256 373 laudabile
1271 346 1316 373 sit.
1334 346 1382 374 Est
1404 347 1477 374 enim
1496 347 1660 382 propensius
1674 346 1703 373 in
1719 345 1752 372 li-

960 393 1092 426 bidinetn,
1103 400 1136 420 ac
1151 393 1223 419 cuitu
1239 393 1409 428 frequentius
1419 393 1515 423 utitur,
1533 396 1626 427 utpote
1639 391 1751 418 salacis-

961 440 1061 467 simum
1091 443 1117 466 et
1136 439 1329 474 voluptuosum
1354 439 1466 466 animal.
1492 439 1567 466 Adde
1585 439 1751 466 imbecillum

960 489 988 512 et
1013 486 1151 520 ignavum.
1179 485 1231 512 Sed
1246 485 1318 520 quod
1342 485 1412 513 idem
1439 486 1550 513 minime
1568 486 1668 512 malum
1682 492 1750 519 ,pa-

961 531 1087 566 tiensque
1102 532 1148 563 sit,
1164 539 1213 559 nec
1226 531 1335 566 injuriae
1346 532 1510 563 meminerit,
1525 536 1581 559 tum
1602 539 1665 559 vero
1679 531 1750 566 quod

961 576 1093 603 columbae
1100 576 1192 611 specie
1199 576 1316 611 Spiritus
1328 581 1441 605 sanctus
1453 577 1624 612 apparuerit;
1635 576 1750 611 idipsum

959 622 1032 657 quod
1052 621 1165 657 Spiritui
1180 627 1277 650 sancto
1292 626 1398 658 gratum
1415 630 1448 649 ae
1470 622 1622 657 jucundum
1641 625 1693 654 est,
1710 621 1748 648 in-

960 669 1085 696 nocentis
1111 668 1245 697 columba:
1274 669 1476 704 simplicitatem
1504 668 1605 696 imitari
1630 676 1680 696 nos
1705 667 1751 695 Dei

961 713 1080 742 Verbum
1100 714 1252 746 admonuit,
1271 720 1300 742 ut
1317 715 1389 750 quod
1402 715 1436 742 ad
1452 715 1553 742 bonum
1567 715 1674 743 attinet.
1687 723 1752 750 pru-

960 761 1055 789 dentes
1067 765 1094 789 et
1106 761 1209 793 callidi.
1225 762 1259 789 ad
1279 763 1382 789 malum
1398 770 1464 790 vero
1479 762 1618 797 simplices
1633 770 1694 790 esse
1711 762 1750 789 vi»

960 807 1083 835 deamur.
1098 807 1156 841 Qua
1167 808 1273 835 ratione
1290 809 1380 835 omnis
1391 808 1500 835 illorum
1513 808 1681 835 machinatio
1696 807 1751 835 dis-

961 854 1087 881 solvitur.
1117 853 1184 880 Nam
1196 858 1224 881 et
1247 854 1395 888 Apostolus
1408 854 1599 882 veteratoriam
1618 854 1752 881 callidita-

116 900 222 928 καὶτοῦ
239 901 338 935 ὄφεως.
350 900 438 934 λέγων
449 908 456 914 ·
472 899 620 934 Φοϐοῦμαι
636 898 670 925 δὲ
690 898 733 933 μή
754 906 826 931 πως,
839 899 879 931 ὠς
894 900 910 926 ὀ

965 902 1016 926 tem
1029 903 1056 926 et
1068 899 1200 925 malitiam
1217 899 1443 927 abundantiorem
1461 899 1529 927 nulli
1543 906 1625 936 quam
1643 898 1753 926 diabolo

117 948 186 982 ἐφις
212 947 370 981 ἠπάτησεν
391 946 483 978 Εὕαν,
503 945 538 972 ἐν
559 945 597 979 τῇ
622 945 789 980 πανουργίᾳ
802 945 907 977 αὐτοῦ,

117 993 218 1028 φθαρῇ
231 992 268 1019 τὰ
283 993 419 1027 νοήματα
427 990 512 1026 ὑμῶν
525 991 584 1018 ἀπὸ
607 990 663 1024 τῆς
679 991 849 1024 ἁπλότητος
860 991 910 1017 και

116 1039 239 1073 ἁγνείας
254 1038 383 1072 Χριστοῦ
398 1038 448 1065 καὶ
458 1037 663 1070 δικαιοσύνης.
686 1037 777 1072 Ὁρᾷς,
793 1036 830 1068 ὡς
848 1035 910 1071 φθο-

119 1083 170 1118 ρὰν
188 1083 327 1119 ἀπέφηνεν
342 1085 356 1110 ὁ
378 1083 550 1115 Ἀπόστολος,
564 1083 611 1110 καὶ
626 1082 793 1118 πανουργίαν
808 1083 908 1118 δεινὴν,

117 1130 166 1156 καὶ
179 1129 288 1164 ἀπάτην
316 1129 350 1156 τὰ
364 1129 417 1156 ὑπὸ
443 1129 489 1156 τοῦ
512 1128 601 1164 ὖφεως
626 1129 695 1165 πρὸς
711 1130 760 1165 τὴν
772 1129 843 1156 Εὕαν
859 1139 904 1156 πε-

89 1175 96 1182 ·
117 1174 364 1210 πραγματευμένα,
377 1176 424 1202 καὶ
435 1175 485 1202 οὐκ
498 1175 640 1202 ἐπαινετόν
647 1183 674 1201 τι
682 1175 757 1211 παρά
768 1175 814 1202 τοῦ
826 1175 909 1202 αὐτοῦ

117 1221 301 1256 γεγενημένον
320 1221 443 1254 ὑπέδειξε
454 1230 462 1254 ;

153 1265 192 1292 ϐ’.
208 1266 378 1302 Πανταχόθεν
386 1267 476 1293 τοίνυν
492 1267 606 1302 φωρατὴ
625 1268 672 1294 καὶ
689 1267 828 1303 ἔκδηλοςή
849 1269 911 1294 τοὺ-

118 1320 174 1338 των
187 1312 265 1339 ἄνοιά
275 1313 333 1339 ἐστι
348 1314 431 1340 παντὶ
454 1313 491 1349 τῷ
507 1314 662 1349 βουλομένῳ
683 1313 782 1340 ειδέναι
799 1313 848 1349 τὴν
862 1314 910 1349 τῆς

118 1358 247 1393 ἀληθείας
262 1358 447 1389 διδασκαλίαν.
462 1359 509 1385 καὶ
531 1358 689 1394 Πνεύματος
705 1359 782 1393 ἁγίου
798 1359 909 1394 γνῶσιν.

120 1404 181 1431 Ἵνα
191 1404 220 1431 δὲ
238 1405 275 1440 μὴ
290 1404 428 1431 ἀναλίσκω
441 1405 546 1439 χρόνον,
562 1405 609 1432 καὶ
626 1405 727 1440 ταύτην
737 1405 911 1441 διασεισάμε-

119 1459 165 1483 νος
180 1451 229 1486 τὴν
243 1451 365 1487 χαλεπὴν
380 1451 427 1477 καὶ
444 1451 577 1477 δύσπλουν
596 1450 643 1477 τοῦ
663 1451 796 1486 πελάγους
815 1451 910 1487 ζάλην,

119 1497 167 1523 ἐπὶ
187 1496 236 1528 τὰς
261 1496 358 1532 ἑτέρας
382 1495 540 1527 θαλαττίους
562 1495 741 1531 ποντοπορίας
761 1495 791 1522 τὺ
809 1496 912 1530 σκάφος

119 1542 277 1577 ὀπλίσομαι,
293 1542 430 1577 ἐπιμελῶς
442 1542 505 1573 τοὺς
520 1542 636 1577 αὐχένας
651 1541 758 1577 κρατῶν
771 1542 801 1568 ὲν
815 1543 847 1578 τῇ
865 1542 910 1569 τοῦ

963 952 995 971 ac
1009 944 1128 980 serpenti
1152 944 1247 972 tribuit
1266 944 1388 978 :Timeo,
1404 945 1503 980 inquit,
1514 953 1546 972 ne
1563 945 1632 972 sicut
1648 952 1753 979 serpens

963 990 1045 1018 Evam
1057 990 1159 1018 seduxit
1170 994 1270 1018 astutia
1289 1001 1349 1025 sua,
1373 992 1410 1019 ita
1435 987 1640 1026 corrumpantur
1662 999 1753 1018 sensus

963 1036 1050 1068 vestri,
1067 1041 1090 1063 et
1107 1036 1230 1063 excidant
1242 1046 1258 1063 a
1274 1037 1456 1072 simplicitate,
1471 1042 1495 1064 et
1510 1038 1633 1064 castitate
1655 1035 1753 1064 Christi

963 1091 994 1109 ac
1003 1082 1113 1117 justitia
1130 1083 1149 1109 ι.
1167 1082 1234 1110 Vide
1260 1087 1289 1109 ut
1303 1091 1364 1119 qua:
1380 1087 1477 1111 contra
1493 1083 1577 1110 Evam
1596 1090 1612 1110 a
1629 1088 1753 1118 serpente

963 1132 1067 1157 structa
1080 1133 1154 1160 sunt,
1177 1130 1361 1164 corruptelam
1375 1136 1401 1157 et
1416 1129 1612 1164 nequissimam
1626 1129 1753 1157 astutiam

964 1181 996 1201 ac
1010 1173 1133 1202 fraudem
1149 1175 1298 1209 Apostolus
1309 1181 1371 1202 esse
1388 1175 1556 1209 pronuntiet,
1578 1173 1755 1209 nequelaude

964 1220 1075 1254 dignum
1094 1220 1233 1254 quidpiam
1245 1220 1279 1247 ab
1299 1220 1345 1247 illo
1360 1224 1545 1255 perpetratum
1558 1220 1679 1248 deﬁrniat.

999 1264 1044 1291 IX.
1058 1265 1192 1298 Quocirca
1209 1265 1283 1293 omni
1294 1273 1327 1292 es
1340 1270 1417 1301 parte
1433 1267 1541 1293 illorum
1557 1266 1755 1302 constringitur

965 1319 996 1339 ac
1010 1311 1165 1339 declaratur
1182 1312 1299 1340 amentia
1310 1333 1317 1345 ,
1336 1313 1358 1340 si
1373 1313 1435 1348 quis
1449 1313 1572 1341 veritatis
1588 1314 1753 1342 doctrinam.

965 1365 997 1384 ac
1010 1357 1130 1393 Spiritus
1145 1358 1231 1385 sancti
1245 1359 1388 1386 scientiam
1405 1359 1469 1386 velit
1483 1360 1631 1394 percipere.
1651 1359 1705 1387 Sed
1722 1368 1756 1388 ne

966 1406 1073 1436 tempus
1090 1403 1160 1430 ultra
1172 1407 1324 1436 conteram,
1341 1404 1393 1431 hac
1416 1405 1491 1431 velut
1515 1404 1616 1432 diflicili
1636 1413 1668 1432 ac
1682 1406 1756 1440 peri-

965 1447 1058 1474 culosa
1079 1448 1164 1483 pelagi
1186 1452 1348 1484 tempestate
1371 1449 1543 1484 perfunctus,
1568 1451 1697 1486 scapham
1720 1451 1754 1478 ad

965 1493 1034 1521 alios
1044 1494 1244 1529 navigationum
1257 1503 1355 1523 cursus
1370 1495 1525 1530 expediam:
1537 1496 1605 1524 adeo
1621 1502 1651 1524 ut
1663 1497 1755 1525 fauces

965 1541 1038 1575 ipsas
1050 1539 1170 1567 studiose
1185 1544 1303 1574 teneam,
1318 1541 1409 1568 divina
1420 1542 1456 1575 vi,
1473 1549 1504 1569 ac
1519 1546 1677 1570 sanctorum
1692 1551 1755 1578 pre-

119 1588 189 1615 Θεοῦ
203 1588 317 1624 δυνάμει
336 1588 382 1614 καὶ
402 1588 494 1623 εὐχαῖς
507 1588 602 1622 ἁγίων,
618 1588 693 1619 ὅπως
708 1587 910 1623 παραπλέοντες

965 1587 1043 1614 cibus
1062 1587 1192 1620 confisus,
1211 1592 1239 1614 ut
1250 1591 1276 1614 et
1291 1588 1464 1616 vehementes
1474 1589 1534 1615 irati
1549 1589 1632 1617 maris
1646 1589 1754 1622 ﬂuctus.

120 1633 351 1668 κατοπτεύσωμεν
361 1632 415 1659 τῶν
429 1632 532 1668 ἀγρίων
551 1632 681 1668 κυμάτων
699 1633 748 1667 τὴν
766 1632 912 1668 κύρτωσιν⁹

120 1680 230 1708 καὶτῶν
244 1680 273 1707 ὲν
280 1681 336 1712 τοῖς
351 1680 481 1714 πελάγεσι
495 1679 598 1714 θηρίων
610 1679 720 1706 ἰοϐόλων
734 1679 784 1711 τὰς
793 1680 912 1714 μορφάς.

123 1727 274 1762 ’Δπληκτοι
297 1726 327 1753 δὲ
342 1726 396 1753 ἀπὺ
421 1725 625 1762 σμυραινώδους
644 1725 682 1752 ἰοῦ
701 1726 748 1752 καὶ
772 1726 912 1762 τρυγόνος,

121 1771 335 1807 καὶδρακαίνης,
346 1772 393 1799 καὶ
410 1771 572 1807 καρχαρίου,
587 1771 635 1798 καὶ
648 1771 815 1808 σκορπαίνης
828 1772 915 1807 περά-

122 1826 179 1850 σαι,
199 1817 246 1844 καὶ
265 1817 312 1844 τοῦ
339 1818 425 1845 εὐδίου
446 1818 496 1852 τῆς
512 1817 640 1852 ἀληθείας
658 1818 767 1854 λιμένος
780 1818 813 1844 δι’
830 1818 914 1854 εὐχῆς

121 1865 170 1891 καὶ
186 1865 291 1896 ἱκεσίας
303 1865 442 1900 ἐπιτυχεῖν
454 1864 648 1900 δυνηθείημεν·
665 1864 855 1900 πληρουμένου
867 1866 914 1892 καὶ

121 1911 151 1937 ὲν
174 1910 239 1946 ἡμῖν
265 1910 312 1936 τοῦ
329 1910 423 1946 ῥητοῦ,
438 1910 496 1941 τοῦ,
514 1911 546 1937 Οἱ
567 1910 797 1943 καταϐαίνοντες
806 1911 850 1944 είς
862 1910 914 1938 θά-

120 1957 255 1989 λασσαν,
263 1955 317 1989 τὰς
324 1955 432 1990 ἀρετὰς
440 1955 494 1982 τοῦ
508 1955 618 1990 Κυρίου
631 1955 836 1990 διηγήσονται.
855 1957 913 1991 Ἐφ’

122 2001 219 2037 ἑτέραν
229 2002 317 2028 τοίνυν
327 2002 430 2038 ταύτην
447 2002 563 2038 καθεξῆς
575 2001 624 2037 τὴν
638 2002 751 2038 πορείαν
766 2003 913 2039 ποιήσομαι

121 2048 192 2084 πρὸς
206 2048 341 2084 διήγησιν.

390 2106 484 2133 ΚΑΤΑ
500 2106 666 2139 ΚΑΙΑΝΩΝ,

188 2162 449 2198 Ὀκτωκαιδεκάτη,
461 2164 480 2198 ἡ
500 2163 548 2190 καὶ
569 2162 731 2198 τριακοστὴ
747 2163 850 2199 ὀγδόη.

158 2220 196 2247 A'.
215 2220 329 2247 Καῖανοί
341 2229 413 2252 τινες
420 2218 608 2255 ὀνομάζονται,
623 2220 678 2247 ἀπὸ
692 2219 739 2246 τοῦ
760 2219 829 2247 Κάῖν
843 2220 914 2255 εἰλη-

122 2266 202 2300 φότες
229 2266 278 2301 τὴν
304 2265 462 2302 ἐπωνυμίαν
480 2265 531 2301 τῆς
547 2266 689 2302 αἱρέσεως.
704 2263 783 2292 Οὗτοι
798 2266 853 2302 γὰρ
868 2265 914 2292 τὸν

122 2311 193 2338 Κάῖν
209 2311 360 2342 ἐπαινοῦσι,
377 2312 424 2338 καὶ
434 2312 540 2346 πατέρα
551 2312 656 2339 ἑαυτῶν
669 2312 763 2339 τοῦτον
776 2312 914 2346 τάττουσι,

122 2357 170 2384 καὶ
178 2357 264 2389 αὐτοὶ,
283 2357 321 2388 ὡς
330 2358 427 2387 εἰπεῖν,
441 2358 478 2389 ὡς
495 2357 548 2384 ἀπὺ
564 2358 696 2393 διαφορᾶς
705 2358 916 2390 ἐπαναστάσεως

122 2403 252 2439 κυμάτων
271 2403 436 2439 ὁρμώμενοι.
451 2404 501 2429 οὐκ
521 2403 573 2437 ἔξω
587 2403 663 2435 ὄντες
674 2403 721 2430 τοῦ
739 2403 821 2430 αὐτοῦ
834 2403 915 2430 σάλου

122 2451 170 2477 καὶ
183 2449 316 2481 κλύδωνος
327 2458 333 2465 ·
347 2450 394 2476 καὶ
416 2450 452 2481 ὡς
476 2451 530 2476 ἀπο
540 2449 713 2481 ἀκανθώδους
730 2449 796 2486 ὕλης
813 2449 916 2485 προκύ-

120 2497 231 2532 ψαντες,
248 2497 297 2523 οὐκ
317 2496 394 2528 ἐκτὸς
403 2497 479 2528 ὄντες
491 2496 591 2527 παντὸς
601 2495 648 2522 τοῦ
658 2495 746 2531 σωροῦ
759 2495 813 2522 τῶν
831 2496 916 2522 ἀκαν-

122 2545 188 2575 θῶν,
206 2545 230 2571 εί
243 2544 289 2571 καὶ
301 2543 425 2578 διάφοροι
439 2543 478 2578 τῷ
489 2543 601 2578 ὀνόματί
619 2543 697 2570 εἰσιν.
712 2543 851 2570 ’Λκανθῶν
866 2543 915 2578 μὲν

121 2591 177 2627 γὰρ
190 2591 254 2625 γένη
270 2590 365 2622 πολλὰ,
381 2590 454 2625 ὅμως
465 2591 493 2616 ὲν
509 2589 632 2616 ἂπασιτὺ
647 2589 783 2626 μοχθηρὸν
794 2590 843 2626 τῆς
855 2599 916 2617 κεν-

119 2636 241 2672 ςρώδους
255 2636 361 2668 ἀδικίας
375 2636 491 2662 ἔνεστιν.

157 2681 236 2711 Οὗτοί
251 2691 316 2718 φασι
329 2682 374 2709 τὸν
390 2682 459 2708 Κάῖν
474 2683 506 2708 ὲκ
523 2682 573 2717 τῆς
587 2682 762 2717 ἰσχυροτέρας
772 2681 912 2717 δυνάμεως

120 2730 255 2765 ὑπάρχειν
274 2729 320 2756 καὶ
337 2729 387 2764 τῆς
407 2727 511 2755 ἄνωθεν
534 2727 693 2759 αὐθεντίας·
714 2727 783 2754 ἀλλὰ
802 2728 849 2754 καί
866 2727 912 2754 τὸν

126 2775 223 2807 Ἠσαῦ,
243 2775 362 2806 καὶτοὺς
381 2774 445 2809 περὶ
460 2773 543 2808 Κορὲ.
554 2774 600 2800 καὶ
615 2774 678 2806 τοὺς
690 2773 850 2809 Σοδομίτας’
866 2773 911 2800 τὸν

161 2867 168 2883 ¹
182 2866 202 2894 ΙΙ
214 2867 278 2895 Cor.
295 2876 333 2900 XI,
351 2868 376 2896 5.
418 2869 428 2883 ¹
443 2867 526 2897 Eccli.
541 2876 618 2901 XLI",
631 2868 678 2896 26.

964 1638 991 1660 et
1002 1637 1197 1660 venenatarum
1223 1633 1322 1661 ibidem
1345 1634 1495 1662 bestiarum
1519 1636 1625 1670 species
1645 1640 1756 1671 prater-

964 1679 1056 1707 eundo
1074 1679 1215 1706 videamus
1237 1689 1244 1706 :
1267 1680 1389 1715 nihilque
1405 1681 1485 1708 nobis
1496 1681 1604 1709 interim
1618 1690 1755 1709 muraena-

964 1733 1036 1758 rum,
1051 1728 1098 1752 aut
1130 1725 1288 1760 pastinacae,
1306 1731 1353 1753 aut
1378 1727 1520 1759 dracaena},
1542 1733 1590 1755 aut
1609 1730 1755 1761 carcharii,

965 1772 1007 1799 vel
1032 1779 1179 1806 scorpaautc
1204 1772 1279 1800 virus
1304 1772 1380 1800 exitii
1406 1772 1568 1802 afferatzac
1592 1774 1700 1803 demum
1722 1776 1756 1803 ad

966 1818 1072 1846 felicem
1098 1819 1221 1852 veritatis
1247 1823 1356 1853 portum
1384 1819 1512 1854 precibus
1533 1824 1560 1848 et
1583 1822 1756 1850 orationibus

965 1863 1027 1891 freti
1046 1864 1184 1900 navigium
1204 1865 1391 1899 appellamus;
1418 1869 1447 1892 ut
1467 1866 1524 1893 haec
1550 1867 1577 1894 in
1594 1868 1674 1896 nobis
1692 1875 1755 1896 vera

964 1911 1047 1946 276
1076 1911 1112 1938 sit
1140 1910 1286 1946 Scriptura;
1298 1912 1431 1939 sententia
1448 1921 1455 1939 :
1470 1912 1522 1946 Qui
1534 1914 1658 1949 navigant
1672 1923 1756 1947 mare,

964 1957 1074 1985 virtutes
1100 1957 1208 1984 Domini
1229 1962 1340 1985 narrant
1355 1958 1376 1984 ’.
1390 1958 1431 1986 Ad
1451 1959 1563 1986 alteram
1580 1960 1662 1995 igitur
1679 1961 1758 1988 deiu-

964 2011 1039 2038 ceps,
1060 2007 1089 2030 ut
1101 2003 1128 2031 id
1145 2011 1259 2031 narrare
1277 2004 1426 2039 possimus,
1440 2004 1637 2039 profectionem
1665 2007 1757 2035 accin-

965 2056 1064 2083 gtmur.

1177 2104 1362 2133 ADVERSUS
1381 2105 1540 2140 CAIANOS,

1052 2160 1119 2193 Quw
1130 2166 1169 2189 est
1185 2162 1292 2189 hteresis
1311 2162 1413 2190 XVIII
1427 2164 1478 2191 sive
1496 2164 1576 2191 XXX
1585 2165 1666 2192 VIII.

999 2219 1019 2246 l.
1039 2219 1091 2253 Qui
1105 2219 1200 2247 Caiani
1220 2220 1301 2256 vulgo
1320 2225 1524 2256 nuncupantur,
1544 2222 1658 2251 hazresin
1677 2231 1754 2251 suam

967 2274 982 2293 a
1002 2265 1087 2294 Caino
1102 2267 1342 2302 cognominarunt.
1364 2267 1443 2295 llunc
1464 2269 1535 2296 enim
1553 2269 1712 2304 pmdicant,
1728 2275 1756 2298 et

964 2317 1104 2348 parentem
1129 2321 1208 2341 suum
1236 2314 1382 2348 appellant.
1409 2314 1460 2347 Qui
1477 2315 1586 2350 quidem
1607 2317 1703 2349 variis,
1725 2323 1755 2345 ut

966 2359 1003 2386 ita
1023 2359 1124 2389 dicam.
1139 2367 1155 2386 e
1176 2359 1308 2386 fluctuum
1325 2360 1522 2394 jactationibus
1533 2363 1643 2395 emersi,
1659 2364 1754 2391 eodem

966 2404 994 2431 in
1010 2404 1068 2431 salo
1084 2407 1110 2432 et
1122 2405 1241 2439 procella
1265 2405 1477 2438 conflictantur;
1496 2414 1527 2434 ac
1548 2409 1622 2435 velut
1636 2416 1651 2436 e
1668 2409 1755 2442 spinis

965 2456 993 2477 et
1021 2450 1149 2485 vepribus
1180 2451 1349 2483 eminentes.
1371 2459 1480 2487 unaque
1509 2453 1651 2488 spinarum
1679 2460 1756 2484 strue

965 2495 1155 2530 comprehensi
1180 2496 1312 2523 duntaxat
1339 2497 1570 2532 appellationibus
1586 2500 1754 2536 discrepant.

965 2541 1032 2568 Nam
1056 2541 1196 2576 spinarum
1224 2549 1322 2577 genera
1338 2543 1448 2577 quidem
1467 2545 1542 2571 varia
1554 2550 1637 2579 sunt;
1657 2547 1705 2574 sed
1721 2549 1754 2575 ad

964 2587 1138 2622 pungendum
1156 2588 1363 2623 nocendumque
1375 2589 1416 2618 vis
1435 2591 1564 2620 omnibus
1577 2597 1619 2619 est
1633 2601 1750 2621 commu.

965 2635 1037 2662 niter
1052 2634 1144 2663 insita.

1002 2681 1085 2716 Igitur
1099 2681 1193 2709 Caiani
1212 2690 1227 2709 a
1242 2683 1387 2718 potentiori
1404 2684 1521 2718 quadam
1536 2685 1637 2713 virtute
1652 2693 1683 2712 ac
1697 2693 1755 2713 cte~

965 2727 1026 2754 lesti
1041 2728 1202 2756 auctoritate
1221 2729 1374 2756 derivatum
1396 2738 1456 2758 esse
1468 2731 1582 2758 Cainum
1595 2731 1754 2767 praedicant,

965 2781 1072 2802 necnon
1089 2778 1115 2802 et
1131 2774 1214 2809 Esau,
1230 2780 1258 2804 ct
1282 2776 1352 2805 Core
1365 2785 1426 2804 cum
1449 2778 1517 2811 suis,
1533 2777 1650 2814 itemque
1669 2778 1756 2806 Sodo-
