1952 3045
193 161 245 189 ῦ55

901 158 929 186 s.
951 157 1124 186 EPlPllANll
1168 146 1176 155 '

1768 158 1821 184 (ἷδῦ

191 219 287 252 mitas;
303 217 416 246 Abelqu
431 225 494 245 vero
506 218 717 246 abimbecilliori
728 217 977 252 virtuteprodiisse.

1031 218 1059 244 δὲ
1076 218 1159 244 ’Δὸελ
1176 219 1208 245 ἐκ
1223 217 1273 254 τῆς
1293 217 1489 253 ἀσθενεστέρας
1512 216 1653 252 δυνάμεως
1676 215 1820 252 υπάρχειν.

191 264 373 298 Quamobrem
401 265 461 293 illos
478 272 574 293 omnes
599 265 728 300 Opinione
751 272 800 292 sua
819 263 979 295 laudandos,

191 317 224 337 ac
237 317 330 337 secum
343 310 545 338 necessitudine
566 310 728 344 conjunctos
742 312 879 340 asserunt,
893 309 981 343 deque

196 355 332 390 ejusmodi
356 363 417 383 cum
441 355 525 382 Cain
542 360 568 382 et
582 355 741 387 Sodomitis,
765 355 835 382 Core
862 358 889 382 et
908 355 981 382 Esau

192 401 354 435 cognatione
381 401 542 436 gloriantur,
570 408 602 427 ac
621 400 748 436 perfectze
773 400 982 434 sublimiorique

191 447 312 475 scientiae
329 447 390 475 illos
406 447 557 474 ascribunt.
575 446 637 474 Ideo
650 445 743 473 mundi
759 446 841 481 hujus
856 445 980 480 opificem

191 497 297 527 putant,
313 501 375 519 cum
403 492 435 519 ad
456 500 503 520 eos
524 492 648 520 funditus
666 491 849 527 prolligandos
871 492 980 518 incum-

191 539 277 570 heret,
297 546 395 566 nocere
411 539 478 565 nihil
494 539 607 566 omnino
621 538 751 573 potuisse.
768 538 810 565 Ab
825 545 858 565 eo
879 538 981 572 quippe

191 584 352 618 semetipsos
365 584 530 615 occultasse.
540 587 566 610 ct
579 584 606 610 in
621 591 778 618 supremum
792 583 907 611 {Eonem
920 591 981 611 esse

190 629 485 657 commutatos:unde
513 634 541 657 et
567 629 717 657 fortissima
743 629 788 656 illa
811 630 899 657 virtus
926 633 978 657 est.

189 673 258 700 Nam
275 674 337 703 illos
352 675 385 702 ad
404 683 465 702 sese
485 674 622 710 Sapientia
640 679 733 710 utpote
749 676 921 703 necessarios
932 675 981 702 ad-

189 718 274 745 misit.
301 717 446 754 Propterea
465 718 562 746 Judam
583 723 711 746 accurate
735 720 829 747 omnia
854 720 912 747 hmc
931 719 980 747 ha-

190 763 283 792 buisse
299 769 440 799 perspecta
457 769 620 792 memorant.
644 764 730 798 Quem
747 765 859 800 quidem
873 765 978 793 afﬁnem

188 817 250 836 esse
273 816 351 836 suum
366 810 504 844 jactitaut,
519 809 662 844 eidemque
684 810 862 837 excellentem
880 818 979 846 quam-

189 853 251 882 dam
268 855 322 882 vim
337 854 503 890 cognitionis
523 855 687 882 attribuunt.
705 855 783 887 Quod
808 863 896 890 usque
912 856 979 884 adeo

189 900 350 933 defendunt,
377 905 408 928 ut
428 901 489 936 ejus
506 901 616 929 nomine
637 901 799 936 inscriptum
818 902 978 936 opusculum
995 892 1017 920 Β

188 946 396 980 circumferant,
420 947 493 982 quod
519 947 597 975 Juda‘,
625 947 803 983 Evangelium
829 948 978 982 appellant.

188 991 238 1020 Cui
267 993 366 1020 similia
399 992 521 1028 quaedam
547 992 599 1020 alia
620 992 759 1020 volumina
788 992 981 1020 confinxerunt

189 1039 319 1066 adversus
346 1038 500 1074 Hysteram,
526 1040 577 1066 hoc
594 1043 637 1066 est
655 1043 762 1066 uterum
776 1047 783 1066 :
799 1046 854 1073 quo
869 1039 981 1068 nomine

189 1085 275 1112 totius
291 1084 490 1115 universitatis.
508 1084 561 1111 hoc
575 1088 617 1112 est
632 1084 694 1112 caeli
711 1088 845 1119 terraeque
865 1084 981 1112 fabrica-

188 1132 274 1155 torem
306 1131 418 1155 vocant.
450 1127 554 1163 Negant
574 1135 656 1162 porro
671 1128 780 1156 liberari
804 1129 875 1157 ullos
888 1137 979 1164 posse,

189 1173 243 1200 nisi
272 1181 320 1208 per
344 1173 436 1200 omnia
461 1173 631 1206 transierint,
648 1173 720 1209 quod
747 1177 774 1201 et
800 1174 980 1209 Carpocrates

188 1219 316 1254 opinatus
328 1223 380 1246 est.

223 1265 304 1300 277
330 1265 363 1292 ll.
381 1264 499 1298 Quilibet
515 1264 588 1291 enim
605 1264 713 1292 illorum
731 1264 812 1300 hujus
836 1265 980 1293 occasione

189 1310 323 1345 dogmatis
339 1310 442 1337 nefaria
456 1309 578 1345 quaedam
599 1315 760 1346 perpetrans
771 1331 778 1342 ,
800 1318 883 1346 seque
902 1319 981 1339 exse-

188 1356 299 1384 crandis
318 1356 346 1382 in
366 1355 524 1384 libidinibus
544 1363 576 1383 ac
597 1356 760 1391 ﬂagitiorum
784 1364 882 1392 genere
905 1358 980 1384 omni

188 1402 323 1434 volutans,
341 1402 510 1437 singulorum
531 1402 688 1437 angelorum
702 1403 810 1429 nomina
826 1423 834 1437 ,
856 1407 910 1430 tam
933 1411 980 1430 ve-

188 1456 298 1480 rorum,
318 1456 400 1483 quam
416 1448 450 1475 ab
467 1448 533 1483 ipsis
553 1447 732 1475 confictorum
747 1448 896 1482 invocans,
916 1449 978 1476 uni-

187 1496 287 1530 cuique
301 1494 490 1522 dctestandum
505 1494 615 1529 aliquod
633 1493 739 1521 facinus
753 1516 760 1525 ,
776 1502 808 1522 ac
823 1500 977 1530 peccatum,

187 1542 261 1568 velut
287 1540 451 1576 praecipuum
471 1540 611 1567 attribuit:
635 1547 668 1567 ac
689 1541 877 1576 qualecunque
897 1549 977 1569 suum

1031 262 1108 290 Εἶναι
1123 264 1150 292 δὲ
1164 265 1275 297 τούτους
1291 265 1394 296 πάντας
1410 265 1475 299 παρ’
1486 263 1577 294 αὐτοῖς
1589 263 1758 295 ἐπαινετοὺς,
1774 264 1820 290 καὶ

1031 311 1081 346 τῆς
1100 311 1190 338 αὐτῶν
1216 312 1386 346 συγγενείας.
1412 311 1593 346 Σεμνύνονται
1609 312 1664 346 γὰρ
1680 313 1820 346 συγγενεῖς,

1033 355 1101 384 εἶναι
1124 358 1170 384 τοῦ
1190 358 1270 389 Κάῖν,
1293 358 1340 385 καὶ
1357 358 1412 384 τῶν
1421 357 1582 392 Σοδομιτῶν,
1599 358 1645 384 καὶ
1665 357 1761 390 Ἠσαῦ,
1774 358 1820 384 καὶ

1032 403 1104 438 Κορέ
1115 412 1121 418 ·
1137 403 1184 430 καὶ
1200 401 1284 436 οὗτοι,
1300 403 1392 438 φασὶν,
1404 404 1457 430 εἰσὶ
1475 404 1524 438 τῆς
1538 402 1644 434 τελείας
1658 403 1705 430 καὶ
1719 402 1821 430 ἀνωθεν

1032 447 1168 481 γνώσεως.
1193 448 1238 474 Διδ
1264 449 1310 475 καὶ
1334 448 1380 475 τὸν
1406 448 1520 484 ποιητὴν
1540 448 1586 474 τοῦ
1610 448 1712 483 κόσμου
1725 448 1822 474 τούτου

1031 494 1109 527 φησὶ,
1125 493 1188 529 περὶ
1203 494 1252 529 τὴν
1272 494 1374 520 τούτων
1395 493 1525 520 ἀνάλυσιν
1542 493 1717 528 ὲσχολακότα,
1738 494 1823 529 μηδὲν

1029 537 1187 574 δεδυνῆσθαι
1200 539 1297 570 αὐτοὺς
1305 538 1414 574 βλάψαι.
1430 538 1602 574 Ἐκρύὸησαν
1615 538 1669 574 γὰρ
1683 539 1729 565 ἀπ’
1738 538 1823 565 αὑτοῦ

1030 584 1077 611 καὶ
1096 585 1300 620 μετεῦλήθησαν
1317 586 1357 617 εἰς
1370 585 1415 611 τὸν
1429 585 1484 612 ἀνω
1494 584 1595 617 Αξῶνα,
1608 585 1669 612 ὅθεν
1688 585 1704 620 ἡ
1724 585 1823 620 ισχυρὰ

1029 630 1144 666 δύναμίς
1168 632 1236 658 ὲστι.
1264 631 1337 667 Πρὸς
1363 631 1462 666 ἑαυτὴν
1488 631 1543 667 γὰρ
1569 632 1585 666 ὴ
1613 631 1697 665 Σοφία
1723 632 1822 663 αὐτοὺς

1030 677 1197 712 προσήκατο,
1217 677 1298 708 ίδίους
1323 676 1408 711 αὐτῆς
1430 676 1520 708 ὄντας.
1541 676 1596 702 Καὶ
1610 675 1704 703 τούτου
1728 676 1823 703 ἕνεκεν

1029 722 1075 748 τὸν
1102 722 1201 749 Ἰούδαν
1220 722 1342 758 ἀκριϐῶς
1373 722 1408 749 τά
1427 722 1497 758 περὶγ
1509 722 1611 749 τούτων
1636 722 1822 756 ἐπεγνωκέναι

1030 766 1149 802 λέγουσι.
1179 767 1235 794 Καὶ
1257 757 1350 794 τοῦτον
1381 767 1436 804 γὰρ
1459 757 1583 794 θέλουσιν
1612 764 1682 794 εἶναι
1703 767 1820 802 συγγενῆ

1030 813 1144 846 ἑαυτῶν,
1171 814 1218 840 καὶ
1237 815 1265 840 ἐν
1286 814 1414 848 γνώσεως
1436 814 1573 849 ὑπερϐολῇ
1589 814 1635 840 τὸν
1652 814 1733 840 αὐτὸν
1755 822 1822 840 κατ-

1030 859 1288 895 αριθμοῦσιν.Ὦστε
1303 860 1350 886 καὶ
1365 859 1564 896 συνταγμάτιόν
1575 869 1601 886 τι
1613 859 1705 895 φέρειν
1720 860 1748 893 ἐξ
1761 860 1821 886 ὀνό-

1032 914 1116 940 ματος
1131 905 1223 938 αὑτοῦ,
1240 905 1254 932 ὃ
1270 905 1438 940 Εὐαγγέλιον
1455 905 1503 932 τοῦ
1523 905 1611 932 Ἰούδα
1627 903 1748 931 καλοῦσι.
1764 904 1821 931 Καὶ

1031 950 1098 977 ἄλλα
1112 951 1173 977 τινὰ
1193 951 1398 987 συγγράμματα
1423 951 1554 982 ὡσαύτως
1569 951 1730 978 πλάττονται
1749 950 1820 977 κατά

1029 998 1079 1032 τῆς
1101 996 1232 1033 ’Υστέρας
1242 1005 1249 1013 ·
1266 997 1300 1032 ἢν
1328 997 1461 1032 ’Υστέραν
1472 997 1517 1023 τὸν
1529 996 1644 1032 ποιητὴν
1659 995 1706 1022 τοῦ
1720 995 1821 1026 παντὸς

1030 1042 1125 1069 τούτου
1154 1042 1201 1069 τοῦ
1221 1043 1331 1075 κύτους,
1352 1043 1468 1079 ούρανοῦ
1495 1051 1525 1069 τε
1548 1043 1596 1069 καὶ
1615 1043 1678 1078 γῆς,
1695 1041 1819 1068 καλοῦσι.

1031 1089 1085 1114 Καὶ
1103 1087 1140 1123 μὴ
1150 1087 1280 1115 δύνασθαί
1300 1096 1364 1123 φασι
1390 1087 1560 1123 σωθήσεσθαί
1573 1096 1644 1119 τινα,
1660 1086 1707 1113 ἐὰν
1725 1087 1762 1121 μὴ
1775 1085 1820 1112 διὰ

1031 1133 1140 1160 πάντων
1154 1134 1326 1170 χωρήσωσιν,
1343 1134 1381 1166 ὡς
1393 1134 1441 1160 καὶ
1455 1135 1469 1160 ὁ
1484 1133 1687 1169 Καρποκράτης
1699 1132 1783 1166 λέγει.

1065 1263 1103 1290 B'.
1125 1263 1257 1295 Ἕκαστος
1274 1264 1328 1300 γὰρ
1343 1264 1434 1291 αὐτῶν
1447 1264 1526 1301 δῆθεν
1547 1265 1591 1292 διὰ
1610 1265 1660 1301 τὴν
1683 1265 1820 1301 πρόφασιν

1028 1308 1131 1344 ταύτην
1155 1309 1262 1343 ἄρρητα
1281 1309 1376 1341 ποιῶν,
1401 1310 1448 1336 καὶ
1471 1310 1668 1345 αἰσχρουργίας
1677 1310 1818 1341 ἐπιτελῶν,

1030 1354 1218 1390 ἁμαρτήματά
1231 1363 1259 1380 τε
1276 1355 1325 1380 ὅσα
1338 1355 1396 1381 ἐστὶ
1417 1355 1555 1390 πράττων,
1569 1355 1736 1382 ἐπικαλεῖται
1753 1356 1819 1382 ἐκά-

1031 1409 1093 1427 στου
1118 1401 1234 1435 ἀγγέλου
1261 1400 1356 1435 ὄνομα,
1375 1401 1429 1427 τῶν
1453 1410 1482 1428 τε
1504 1401 1587 1428 ὅντων
1612 1401 1745 1435 ἀγγέλων,
1771 1401 1820 1428 καὶ

1029 1447 1084 1472 τῶν
1098 1448 1160 1483 παρ’
1178 1448 1268 1480 αὐτοῖς
1283 1447 1409 1479 πλαστῶς
1428 1447 1595 1482 λεγομένων·
1614 1447 1661 1474 καὶ
1675 1447 1791 1474 ἑκάστου
1799 1448 1820 1464 "

1029 1491 1133 1518 τούτων
1152 1493 1305 1527 προσάπτει
1327 1502 1352 1520 τι
1369 1493 1448 1528 ἔργον
1474 1493 1602 1529 ἀθέμιτον
1628 1493 1681 1519 τῶν
1706 1493 1752 1520 ἐπὶ
1767 1493 1819 1528 γῆς

1030 1537 1247 1573 ἁμαρτημάτων,
1275 1538 1323 1574 τὴν
1351 1539 1450 1575 πρᾶξιν
1463 1539 1512 1574 τὴν
1538 1539 1605 1566 ἰδίαν
1627 1539 1667 1571 είς
1688 1539 1774 1575 ὄνομα
1787 1538 1819 1567 οὗ

188 1588 278 1616 scelus
297 1587 364 1614 certi
379 1587 531 1621 cujuspiam
548 1586 582 1613 ad
603 1587 690 1621 angeli
710 1594 808 1614 nomen
824 1595 974 1614 accommo-

1031 1570 1154 1619 βούλεται
1171 1570 1286 1619 ἀγγέλου
1300 1570 1454 1620 ἀναφέρων.
1472 1570 1526 1612 Ιέαὶ
1542 1585 1606 1612 ὅταν
1628 1570 1715 1613 ταῦτα
1730 1570 1818 1621 πράτ-

187 1634 243 1660 dat.
259 1633 326 1660 Cum
339 1633 410 1660 enim
424 1632 557 1666 ejusmodi
575 1632 678 1667 aliquid
697 1633 889 1665 committunt,
906 1634 978 1661 hunc

187 1679 217 1706 in
231 1679 340 1706 modum
360 1677 468 1713 praefari
482 1677 571 1705 solent
584 1685 590 1702 :
608 1677 630 1704 Ο
644 1678 738 1713 angele
757 1677 802 1710 N.,
817 1683 892 1706 tuum
909 1686 978 1714 opus

187 1733 312 1754 exerceo.
330 1725 353 1752 0
370 1728 491 1759 potestas
504 1725 538 1751 Ν.
551 1745 558 1757 ,
575 1724 682 1751 actione
702 1728 747 1751 tua
766 1724 871 1760 iungor.
889 1725 978 1761 Atque

188 1772 261 1800 istud
274 1771 362 1807 ipsum
377 1774 418 1798 est
428 1790 435 1802 ,
451 1769 523 1805 quod
538 1770 572 1797 ab
588 1770 642 1798 illis
655 1770 779 1797 absoluta
800 1771 919 1806 cognitio
934 1771 977 1799 di-

188 1818 278 1850 citur;
296 1816 516 1852 quandoquidem
540 1821 569 1842 ut
588 1823 636 1850 per
655 1815 771 1843 nefanda
794 1817 886 1843 omnia
903 1816 977 1853 ﬂagi-

187 1865 286 1891 tiorum
298 1870 397 1898 genera
412 1862 523 1897 impune
534 1861 571 1888 ita
587 1861 741 1895 volitarent,
757 1869 772 1889 a
787 1863 976 1897 superioribus

187 1909 270 1936 sectis
287 1908 361 1935 velut
375 1907 534 1943 parentibus
545 1928 552 1940 ,
569 1906 762 1934 Gnosticorum
785 1908 927 1941 videlicet,
944 1916 977 1936 ac

186 1954 302 1986 Nicolai,
318 1953 404 1988 iisque
420 1951 539 1979 amnium
551 1951 804 1979 Valentinianorum
819 1955 847 1980 et
874 1952 977 1988 Carpo—

186 2000 270 2029 cratis
284 1998 457 2034 dogmatibus
470 1997 642 2025 Occasionem
656 1997 729 2024 nacti
747 2001 822 2024 sunt.

221 2045 346 2072 Pervenit
359 2048 386 2071 et
398 2043 431 2071 ad
443 2051 493 2070 nos
511 2048 602 2071 certus
612 2042 770 2070 eorumdem
787 2043 866 2075 liber,
881 2043 907 2070 in
921 2051 975 2078 quo

185 2091 397 2120 sceleratissime
410 2089 504 2117 nescio
519 2096 579 2124 quae
591 2089 721 2116 vocabula
737 2089 884 2116 commenti
901 2095 975 2123 sunt,

186 2138 214 2165 in
231 2145 316 2172 coque
331 2137 382 2164 ista
399 2135 583 2163 continentur.
601 2134 651 2161 llic
665 2139 717 2166 est,
734 2134 832 2169 inquit,
853 2136 975 2170 angelus,

186 2191 202 2210 a
224 2191 278 2218 quo
293 2182 398 2217 Moyses
412 2184 565 2208 exczccatus
583 2185 625 2207 est
638 2199 645 2212 .
663 2180 736 2215 iique
754 2181 841 2216 angeli
857 2185 938 2213 sunt,
959 2190 975 2209 a

186 2230 286 2265 quibus
302 2228 371 2256 Core
383 2247 390 2259 ,
411 2226 516 2253 Datban
538 2229 566 2253 et
591 2225 692 2253 Abiron
703 2246 710 2258 ,
725 2234 873 2262 eorumque
888 2232 975 2255 serta-

186 2279 258 2302 tores
273 2273 401 2301 occultati
416 2272 604 2306 subtractiquc
619 2275 692 2298 sunt.
708 2271 779 2304 Quin
798 2272 880 2300 alium
897 2273 973 2301 insn-

186 2327 233 2354 pcr
253 2317 328 2345 Pauli
353 2317 468 2352 apostoli
497 2317 606 2344 nomine
631 2317 750 2343 libellum
776 2319 975 2353 excogitarunt,

186 2368 350 2399 praepostera
363 2363 475 2391 libidine
488 2362 629 2396 refertum,
645 2370 724 2398 quem
737 2367 764 2390 et
776 2363 804 2395 ii,
819 2372 888 2398 quos
902 2363 975 2392 Gno-

185 2410 270 2437 sticos
284 2413 392 2441 vocant,
414 2409 543 2437 adhibere
557 2409 661 2442 solent,
676 2409 748 2444 quod
773 2409 850 2437 Pauli
865 2411 972 2438 Anaba-

185 2457 268 2483 ticum
279 2460 394 2483 vocant:
411 2455 490 2490 cujus
503 2455 670 2490 supposititii
687 2456 779 2490 operis
789 2463 884 2484 ansam
901 2465 932 2484 cx
942 2465 975 2485 eo

183 2504 332 2537 ceperunt,
350 2501 422 2536 quod
438 2502 583 2536 Apostolus
604 2501 663 2537 ipse
682 2505 798 2529 lestctur
809 2522 816 2535 ,
832 2510 861 2530 se
877 2504 903 2530 in
921 2507 976 2531 ter-

183 2548 250 2575 tium
268 2554 355 2582 usque
371 2546 566 2574 conscendisse
583 2547 694 2578 coelum,
706 2549 733 2574 et
753 2554 852 2574 arcana
874 2548 974 2576 ibidem

183 2593 292 2621 audisse
308 2593 409 2626 verba,
425 2600 486 2628 quae
509 2600 564 2620 non
580 2592 642 2620 licet
661 2592 764 2620 homini
783 2593 857 2628 loqui
874 2595 894 2622 ¹.
912 2594 974 2622 llaec

182 2644 283 2672 autent,
300 2639 446 2675 inquiunt,
462 2645 563 2666 arcana
578 2638 623 2665 illa
637 2638 719 2666 verba
739 2643 813 2666 sunt.
829 2639 895 2672 Qua:
910 2641 972 2675 qui-

181 2685 242 2714 dem
261 2686 364 2718 omnia,
379 2685 467 2720 iisque
483 2684 581 2713 similia
598 2684 652 2716 ita,
670 2684 898 2718 quemadmodum
915 2694 972 2713 mo-

181 2733 290 2759 nuimus
303 2752 310 2765 ,
329 2731 437 2764 docent,
456 2734 485 2758 ut
498 2735 526 2758 et
540 2730 619 2758 malis
640 2730 770 2757 honorem
792 2731 909 2759 habeant
923 2752 930 2765 ,
947 2736 974 2764 et

181 2778 267 2806 bonos
285 2778 438 2814 repudient.
459 2776 527 2804 Nam
544 2776 659 2804 Cainum
684 2775 806 2805 fortioris
826 2778 971 2813 cujusdam

218 2869 227 2886 ⁸
243 2867 338 2896 llCor.
355 2876 405 2902 xu,
425 2869 452 2896 4.
491 2869 501 2884 ²
521 2867 585 2896 Cor.
603 2868 721 2895 ἑκάστω.

1029 1639 1121 1663 τωσιν,
1139 1630 1212 1657 οὓτω
1244 1631 1384 1665 λέγουσιν*
1409 1632 1437 1657 '0
1458 1631 1531 1657 δεῖνα
1547 1631 1655 1665 ἄγγελε,
1675 1631 1819 1666 καταχρῶ-

1030 1676 1079 1710 μαί
1099 1685 1145 1703 σου
1170 1677 1201 1703 τὺ
1225 1676 1322 1712 ἕργον-
1348 1678 1364 1712 ἡ
1391 1677 1464 1704 δεῖνα
1479 1676 1607 1710 ἐξουσία,
1629 1677 1742 1713 πράττω
1769 1686 1818 1704 σου

1028 1722 1077 1757 τὴν
1103 1722 1212 1758 πρᾶξιν.
1240 1722 1293 1749 Καὶ
1313 1723 1392 1749 τοῦτο
1415 1722 1515 1756 γνῶσις
1530 1722 1620 1749 τελεία
1641 1724 1705 1758 παρ’
1724 1724 1818 1755 αὐτοῖς

1028 1768 1086 1795 ἐστι
1114 1768 1276 1804 λεγόμενον·
1302 1768 1396 1804 ἐπειδὴ
1417 1768 1502 1800 ἀδεῶς
1529 1769 1575 1795 ἐπὶ
1598 1768 1647 1800 τὰς
1671 1768 1819 1804 ἀθεμίτους

1028 1815 1226 1850 αἰσχρουργίας
1246 1816 1334 1851 ὁρμᾷν
1350 1815 1400 1847 τάς
1423 1815 1574 1850 προφάσεις
1590 1815 1669 1850 δῆθεν
1695 1815 1748 1842 ἀπὸ
1762 1816 1818 1842 τῶν

1028 1861 1234 1896 προειρημένων
1249 1861 1374 1897 μητέρων
1389 1862 1436 1888 καὶ
1449 1862 1575 1898 πατέρων
1588 1862 1729 1898 αἱρέσεων,
1745 1862 1818 1897 φημὶ

1027 1907 1188 1934 Γνωστικῶν
1200 1906 1248 1934 καὶ
1264 1907 1408 1939 Νικολάου,
1427 1907 1473 1934 καὶ
1488 1907 1541 1934 τῶν
1559 1909 1607 1935 σὺν
1621 1908 1713 1940 αὐτοῖς
1743 1908 1816 1935 Ούασ

1027 1951 1146 1979 λεντίνου
1162 1961 1192 1979 τε
1210 1953 1256 1980 καὶ
1269 1954 1497 1989 Καρποκράτους,
1515 1954 1672 1989 ἐσχήκασιν,

1064 2041 1134 2076 Ἤδη
1147 2040 1176 2067 δὲ
1192 2041 1298 2075 διῆλθεν
1314 2042 1353 2073 εἰς
1365 2041 1440 2076 ἡμᾶς
1456 2041 1503 2068 καὶ
1519 2041 1629 2076 βιϐλίον,
1654 2042 1683 2068 ὲν
1695 2039 1717 2076 ᾦ
1731 2043 1816 2070 ἐπλά-

1027 2094 1107 2112 σαντο
1126 2086 1236 2122 ῥήματά
1249 2095 1309 2113 τινα
1327 2087 1441 2122 ἀνομίας
1457 2087 1558 2122 πλήρη,
1583 2087 1653 2114 οὕτω
1668 2088 1795 2123 περιέχον
1807 2097 1813 2104 ·

1026 2133 1077 2164 ὅτι,
1093 2133 1185 2168 φησὶν,
1206 2130 1289 2164 Οὗτός
1316 2133 1389 2159 ἐστιν
1414 2134 1428 2159 ὁ
1451 2132 1567 2167 ἄγγελος
1583 2134 1596 2160 ὁ
1621 2133 1666 2159 τὸν
1694 2134 1816 2161 Μωῡτέα

1026 2180 1179 2215 τυφλώσας,
1201 2180 1247 2206 καὶ
1268 2175 1341 2206 οὗτοι
1363 2181 1431 2206 εἰσιν
1453 2180 1477 2206 οἱ
1496 2179 1605 2213 ἄγγελοι
1621 2180 1645 2206 οἱ
1662 2181 1725 2212 τοὺς
1748 2182 1814 2217 περὶ

990 2237 1012 2264 ι’)
1026 2227 1108 2262 Κορὲ,
1125 2226 1172 2253 καὶ
1187 2225 1285 2257 Δαθάν,
1301 2226 1348 2252 καὶ
1369 2225 1499 2262 Ἀϐειρὼν
1515 2225 1677 2260 κρύψαντες,
1698 2226 1745 2252 καὶ
1763 2235 1812 2261 με-

1024 2275 1219 2309 ταστήσαντες.
1238 2273 1321 2299 Πάλιν
1339 2273 1366 2299 δὲ
1382 2272 1445 2299 ἄλλο
1460 2273 1658 2307 συνταγμάτων
1679 2273 1814 2299 πλάττου-

1026 2328 1067 2347 σιν
1082 2320 1111 2353 ἐξ
1132 2320 1263 2355 ὀνόματος
1278 2319 1383 2346 Παύλου
1415 2318 1461 2345 τοῦ
1483 2319 1642 2350 ἀποστόλου,
1661 2319 1815 2354 ἀρῤητουρ-

1024 2367 1087 2401 γίας
1103 2366 1239 2401 ἔμπλεων,
1254 2362 1275 2399 ᾧ
1290 2365 1336 2391 καὶ
1354 2366 1377 2391 οἱ
1399 2365 1545 2391 Γνωστικοὶ
1562 2364 1702 2399 λεγόμενοι
1724 2363 1814 2398 χρῶν-

1023 2421 1079 2445 ται,
1094 2412 1108 2439 ὃ
1128 2412 1303 2439 ’Λναὸατικὸν
1329 2411 1434 2438 Παύλου
1452 2410 1575 2443 καλοῦσι,
1600 2411 1651 2446 τὴν
1675 2410 1814 2445 πρόφασιν

1024 2459 1149 2493 εὑρόντες
1163 2459 1217 2485 ἀπὸ
1232 2458 1278 2485 τοῦ
1294 2457 1382 2492 λέγειν
1398 2458 1444 2485 τὸν
1466 2457 1625 2484 Ἀπόστολον
1648 2455 1814 2491 ἀναϐεϐηκέ-

1023 2514 1067 2532 ναι
1085 2505 1138 2536 ἓως
1151 2505 1242 2541 τρίτου
1263 2504 1389 2540 ούρανοῦ,
1405 2504 1451 2530 καὶ
1466 2503 1612 2538 ἀκηκοέναι
1637 2502 1745 2538 ἄρρητα
1761 2502 1813 2537 ῥή-

1024 2560 1106 2586 ματα,
1124 2551 1142 2578 ἃ
1164 2551 1214 2577 οὐκ
1239 2551 1297 2584 ἐξὸν
1321 2549 1456 2585 ἀνθρώπῳ
1480 2549 1605 2584 λαλῆσαι.
1632 2549 1687 2575 Καὶ
1714 2548 1811 2581 ταῦτα,

1023 2597 1113 2633 φασὶν,
1132 2597 1190 2624 ἐστὶ
1205 2597 1239 2623 τὰ
1253 2597 1359 2632 ἀῤῥητα
1373 2596 1493 2632 ῥήματα.
1511 2595 1670 2622 Διδάσκουσι
1685 2594 1712 2621 δὲ
1725 2593 1813 2621 ταῦτα

1021 2645 1068 2670 καὶ
1089 2643 1124 2670 τὰ
1139 2643 1261 2675 τοιαῦτα,
1287 2644 1350 2675 τοὺς
1372 2643 1507 2677 πονηροὺς
1523 2641 1667 2677 τιμῶντες,
1686 2641 1733 2667 καὶ
1749 2641 1813 2672 τοὺς

1021 2689 1138 2723 ἀγαθοὺς
1163 2689 1390 2724 ἀπαγορεύοντες,
1418 2681 1495 2716 Εἷναῖ
1512 2688 1576 2724 γὰρ,
1604 2688 1642 2719 ὡς
1668 2688 1811 2723 προεῖπον,

1021 2733 1066 2759 τὸν
1087 2733 1157 2759 xm
1173 2733 1222 2768 τῆς
1238 2733 1414 2768 ἰσχυροτέρας
1438 2732 1589 2767 δυνάμεως,
1605 2732 1652 2758 καὶ
1666 2731 1712 2758 τὸν
1729 2731 1813 2758 ’Ἅϐελ

1020 2778 1070 2812 τῆς
1087 2777 1293 2814 ἀσθενεστέρας.
1311 2779 1418 2811 Ταύτας
1432 2778 1460 2805 δὲ
1482 2777 1532 2810 τὰς
1552 2777 1680 2813 δυνάμεις
1701 2778 1734 2812 τῇ
1754 2776 1812 2813 Εὕα
