1952 3045
120 154 173 182 657

426 158 609 187 ADVERSUS
626 159 797 188 HERESES
815 160 880 189 LIB.
899 162 919 188 I.

973 161 1022 190 )M.
1043 162 1131 190 III.—
1150 162 1287 192 HIERES.
1310 163 1452 194 XXXVIII.

1703 166 1755 195 658

122 217 347 252 προσπλακείσας
377 220 573 256 γεγεννηκέναι
609 221 656 248 τὸν
691 222 760 250 Κάῖν
793 223 841 249 καὶ
873 223 919 250 τὸν

973 230 1029 251 esse
1046 224 1166 257 virtutis,
1186 228 1213 252 et
1228 225 1342 254 Abelum
1356 224 1515 254 inﬁrmioris
1529 225 1660 254 sentiunt.
1684 225 1758 259 Quas

124 262 209 289 Ἀϐελ
219 270 226 277 ·
241 263 287 289 καὶ
306 261 375 291 εἶναι
386 265 436 300 τῆς
448 266 497 301 μὲν
509 266 554 294 τὸν
566 266 642 299 Κάῖν,
658 268 707 303 τῆς
718 268 746 294 δέ
760 268 806 295 τὸν
821 268 914 295 Ἀδελ.

123 306 202 335 Εἶναι
218 310 246 336 δέ
261 310 307 337 τὸν
331 310 415 346 Ἀδὰμ
434 313 481 338 καὶ
494 312 544 348 τὴν
563 312 636 340 Εὕαν
652 314 707 341 ἀπὸ
722 313 776 340 τῶν
789 314 916 340 τοιούτων

123 355 276 391 δυνάμεων,
303 357 392 384 εἴτουν
406 357 530 392 ἀγγέλων
547 359 774 395 γεγεννημένους·
795 360 917 392 καὶτοὺς

124 402 306 438 γεννηθέντας
323 404 430 437 παῖδας,
446 405 516 431 Κάῐν
535 406 565 432 τέ
581 415 652 442 φημι
678 407 725 434 καὶ
742 407 834 439 Ἀϐελ,
859 407 916 443 ἐρί-

125 457 171 475 σαι
188 449 256 484 πρὸς
269 449 409 485 ἀλλήλους,
426 451 472 478 καὶ
492 451 537 479 τὸν
553 453 751 488 γεγεννημένον
765 454 819 481 ἀπὸ
843 455 918 489 ἰσχυ-

125 497 177 532 ρᾶς
200 496 342 532 δυνάμεως
367 498 565 532 πεφονευκέναι
589 499 636 526 τὸν
659 499 713 527 ἀπὸ
734 502 784 536 τῆς
807 500 917 536 ἥττονος

123 541 267 578 δυνάμεως
283 543 330 570 καὶ
343 543 550 580 ἀσθενεστέρας.

162 629 199 656 Ι“’.
220 629 261 656 Τά
277 629 305 656 δὲ
329 630 399 658 αύτά
425 631 537 667 μυθώδη
557 633 604 660 καὶ
621 629 693 660 οὗτοι
711 642 918 670 παραπλεκουσι

124 676 159 710 τῇ
175 677 238 712 περὶ
255 677 309 704 τῶν
327 677 417 705 αὐτῶν
433 679 603 715 δηλητηρίων
618 681 667 716 τῆς
686 681 822 715 ἀγνωσίας
835 681 917 715 δόσει,

125 722 183 752 τοῖς
217 722 388 757 πειθομένοις
413 725 645 758 ἐπιϐουλεύοντες
672 726 736 754 Ὀτι
762 727 803 754 δεῖ
828 729 918 755 πάντα

124 767 272 803 ἄνθρωπον
290 769 380 806 ἐαυτῷ
394 770 502 798 ἑλέσθαι
523 771 572 808 τὴν
590 773 766 809 ἰσχυροτέραν
793 774 917 809 δύναμιν,

126 814 175 841 καὶ
190 814 240 849 τῆς
255 815 366 851 ἥττονος
382 817 429 844 καὶ
442 818 538 845 ἀτόνου
552 819 781 856 ἀποχωρίξεσθαι,
797 821 919 848 τουτέστι

125 860 177 895 τῆς
194 860 239 887 τὸν
253 861 367 897 οὐρανὸν
384 863 548 899 ποιησάσης,
565 864 611 891 καὶ
624 865 673 900 τὴν
690 865 790 900 σάρκα,
813 865 859 892 καὶ
873 865 919 892 τὸν

968 269 1042 304 ipsas
1060 270 1174 299 virtutes
1199 279 1259 299 cum
1283 272 1339 299 Eva
1358 279 1522 308 congressas
1546 275 1693 308 utrumque
1712 279 1759 307 ge-

967 317 1061 344 nuisse
1078 317 1119 345 sic
1138 316 1286 350 affirmant,
1307 322 1337 345 ut
1359 318 1472 346 alterius
1491 317 1592 346 Abelus
1617 317 1672 350 sit,
1695 317 1758 345 Cai-

967 371 1020 391 nus
1033 363 1155 391 alterius.
1169 364 1242 397 Quin
1267 364 1497 400 Adamumatque
1511 364 1593 392 Evam
1620 364 1717 392 iisdem
1742 371 1758 391 a

967 409 1126 443 virtutibus,
1144 410 1201 438 sive
1218 411 1321 446 angelis
1334 411 1467 447 originem
1480 411 1615 439 traxisse:
1634 418 1759 446 quosque

968 463 1085 491 genuere
1096 461 1191 491 postea
1203 456 1314 490 liberos,
1323 457 1450 490 Gainum,
1464 458 1586 493 inquam,
1595 462 1621 486 et
1632 457 1757 490 Abelum,

968 509 1061 529 secum
1076 502 1193 531 invicem
1208 503 1312 531 rixatos
1325 511 1397 535 esse,
1420 508 1447 532 et
1463 505 1510 540 qui
1526 504 1633 532 fortiori
1651 504 1685 532 ab
1702 503 1759 531 vir-

967 550 1025 575 tute
1047 551 1212 583 propagatus
1240 548 1493 577 fuerat'inferioris
1516 549 1758 585 imbecilliorisque

968 593 1090 621 sobolem
1107 594 1252 622 occidisse.

1003 640 1086 675 278
1102 640 1146 668 III.
1167 639 1230 668 Haec
1254 641 1346 668 omnia
1363 641 1566 669 mendaciorum
1587 645 1712 677 portenta
1730 641 1759 668 in

967 687 1107 714 tradendis
1129 687 1265 722 pestiferis
1291 688 1452 723 ignorantiae
1477 695 1534 715 suae
1559 688 1698 724 mysteriis
1724 688 1757 714 ad

967 736 1133 760 sectatorum
1149 733 1295 768 perniciem
1312 737 1471 769 aspergunt,
1486 733 1568 769 idque
1589 733 1757 761 admonent:

968 779 1066 808 debere
1080 779 1227 815 quemlibet
1241 779 1382 808 fortiorem
1401 779 1453 807 sibi
1473 780 1605 815 adoptare
1617 780 1758 811 virtutem,

968 829 1050 860 atque
1063 826 1098 853 ab
1115 826 1236 853 inferiori
1256 830 1282 853 et
1297 826 1468 853 imbecilliori
1486 826 1614 860 secerni,
1633 833 1665 854 ea
1682 825 1759 854 vide--

968 871 1040 902 licet,
1054 879 1115 906 quae
1127 875 1154 898 et
1166 871 1266 899 omium
1282 876 1310 899 et
1320 879 1442 906 carnem,
1456 876 1483 900 et
1497 872 1628 899 mundum
1645 871 1761 899 fabrica-

127 905 243 941 κόσμον·
273 908 320 934 καὶ
344 909 518 944 ὑπερϐαίνειν
542 911 582 942 είς
605 910 640 938 τὰ
661 911 785 938 ἀνώτατα
809 911 854 938 διὰ
869 911 918 947 τῆς

973 917 1055 944 Verit:
1072 917 1166 952 sicque
1178 918 1210 945 ad
1224 918 1367 953 superiora
1387 926 1435 953 per
1449 918 1551 947 Christi
1569 919 1680 946 evolare
1692 925 1759 954 sup-

126 951 174 978 τοῦ
197 952 316 988 Χριστοῦ
343 956 531 990 σταυρώσεως.
555 956 605 984 Διὰ
621 957 675 994 γὰρ
699 958 793 993 τοῦτοξ,
825 959 917 994 φησὶν,

127 995 210 1033 ἦλθεν
241 999 361 1033 ἄνωθεν,
390 1002 433 1028 ἵνα
461 1004 490 1030 ἐν
516 1003 591 1040 αὐτῷ
617 1005 776 1041 ἐπιτελεσθῇ
804 1005 920 1042 δύναμις

129 1044 238 1080 ισχυρὰ,
266 1046 337 1072 κατὰ
362 1047 411 1083 τῆς
427 1048 624 1086 ἀσθενεστέρας
650 1051 790 1087 δυνάμεως
808 1052 839 1079 τδ
857 1053 921 1088 τρό-

129 1099 209 1117 παιον
235 1091 367 1125 λαϐοῦσα,
386 1094 433 1121 καὶ
461 1095 492 1122 τὸ
516 1096 596 1132 σῶμα
621 1098 789 1133 παραδοῦσα.
816 1099 872 1126 Καὶ
894 1099 919 1127 οἱ

129 1137 179 1172 μὲν
203 1138 294 1165 αὐτῶν
319 1139 399 1167 τοῦτο
424 1141 559 1176 λέγουσιν,
585 1143 659 1170 ἄλλοι
675 1144 704 1170 δὲ
719 1144 796 1172 ἄλλα.
821 1146 853 1172 Οἱ
872 1146 920 1181 μὲν

128 1182 182 1219 γὰρ
204 1184 323 1218 λέγουσι,
349 1186 394 1213 διὰ
421 1187 451 1214 τὸ
479 1189 596 1225 πονηρὸν
617 1187 687 1217 εἶναι
716 1191 762 1217 τὸν
791 1192 919 1227 Χριστὸν.

128 1229 314 1265 παραδοθῆναι
336 1232 417 1259 αὑτὸν
439 1234 491 1260 ὑπὸ
502 1234 549 1261 τοῦ
574 1235 670 1268 Ἰούδα,
686 1236 847 1272 βουλόμενον
863 1238 920 1265 δια-

129 1274 257 1311 στρέφειν
274 1277 308 1303 τά
333 1278 404 1305 κατὰ
428 1279 473 1306 τὸν
501 1280 592 1316 νόμον,
622 1282 776 1310 Ἐπαινοῦσι
803 1284 858 1319 γὰρ
875 1284 920 1312 τὸν

129 1321 198 1348 Κάῖν
215 1323 262 1349 καὶ
280 1323 325 1350 τὸν
346 1324 456 1359 Ἰούδαν,
475 1327 513 1358 ὼς
529 1327 606 1363 ἔφην,
618 1329 664 1355 καὶ
683 1328 808 1363 λέγουσι·
825 1330 919 1357 τούτου

127 1368 223 1396 ἐνεκεν
240 1371 431 1406 παραδέδωκεν
452 1373 543 1407 αὐτὸν,
571 1375 664 1411 ἐπειδὴ
690 1375 819 1411 ἠϐούλετο
837 1385 921 1404 κατα-

131 1414 204 1442 λύειν
220 1416 254 1443 τὰ
271 1417 362 1449 καλῶς
378 1418 563 1455 δεδιδαγμένα.
582 1421 673 1448 ΙἈλλοι
689 1422 717 1449 δὲ
737 1421 813 1459 [τῶν]
829 1422 920 1451 αὐτῶν

129 1461 189 1497 οὐχί
206 1471 298 1497 φασιν,
319 1463 386 1491 ἀλλὰ
402 1466 503 1500 ἁγαοδν
519 1467 600 1494 αὑτὸν
613 1467 676 1494 ὄντα
691 1469 834 1504 παρέδωκε
851 1469 920 1496 κατὰ

129 1507 178 1543 τὴν
201 1508 362 1544 ἐπουράνιον
387 1511 496 1545 γνῶσιν.
526 1513 668 1546 Ἔγνωσαν
688 1513 753 1549 γὰρ,
778 1514 870 1550 φησὶν,
895 1515 919 1541 οἱ

130 1554 269 1589 ἄρχοντες,
297 1555 338 1582 ὅτι
369 1556 417 1583 ἐὰν
445 1557 459 1584 ὁ
484 1557 601 1593 Χριστὸς
628 1559 768 1595 παραδοθῇ
799 1559 918 1595 σταυρῷ,

970 963 1093 998 plicium.
1110 963 1185 991 Hanc
1209 965 1281 992 enim
1302 964 1386 993 fuisse
1406 972 1517 992 causam
1541 964 1652 996 volunt,
1680 970 1730 991 cur
1745 972 1761 992 e

970 1011 1040 1038 coelo
1054 1010 1183 1046 delapsus
1200 1011 1254 1045 sit;
1270 1011 1398 1039 nimirum
1415 1015 1445 1038 ut
1466 1011 1547 1039 fortis
1564 1011 1591 1038 in
1613 1011 1673 1046 ipso
1695 1011 1762 1039 soli-

970 1057 1084 1093 diorque
1101 1058 1187 1086 virtus
1200 1057 1387 1093 perﬁceretur,
1406 1065 1438 1086 ac
1455 1057 1490 1085 de
1502 1057 1652 1084 inﬁrmiore
1664 1057 1762 1084 trium-

970 1103 1053 1139 phum
1072 1103 1207 1136 referret,
1230 1111 1383 1139 corpuSque
1407 1103 1536 1131 traderet.
1557 1103 1620 1131 Haec
1636 1103 1760 1131 nonnulli

970 1157 1004 1177 ex
1030 1149 1117 1185 ipsis,
1143 1149 1189 1176 alii
1209 1157 1274 1177 vero
1299 1149 1353 1176 alia
1374 1149 1532 1184 praedicant.
1550 1148 1666 1182 Quidam
1688 1148 1761 1176 enim

970 1195 1121 1227 Christum.
1139 1196 1211 1231 quod
1229 1196 1316 1223 malus
1332 1199 1415 1227 esset,
1432 1203 1464 1222 ac
1479 1195 1546 1231 legis
1562 1195 1688 1223 instituta
1703 1194 1761 1222 vio-

970 1241 1027 1269 lare
1040 1242 1170 1274 auderet,
1184 1249 1200 1269 a
1221 1241 1290 1269 Juda
1306 1241 1446 1277 proditum
1464 1241 1632 1269 existimant.
1646 1241 1761 1268 Cainum

970 1288 1057 1322 enim,
1074 1292 1104 1315 ut
1123 1288 1256 1320 diximus,
1274 1287 1427 1323 Judamque
1441 1291 1606 1315 venerantur
1621 1295 1628 1320 ;
1647 1287 1762 1322 ejusque

970 1334 1009 1361 rei
1028 1333 1125 1368 gratia,
1144 1333 1279 1368 inquiunt,
1295 1334 1371 1360 illum
1386 1333 1517 1368 prodidit,
1534 1333 1608 1368 quod
1629 1333 1763 1368 praeclare

971 1379 1069 1407 tradita
1091 1379 1233 1415 antiquare
1249 1380 1339 1408 vellet.
1366 1379 1419 1407 Alii
1442 1387 1508 1406 vero
1528 1379 1607 1406 aliter
1629 1379 1761 1412 sentiunt,

970 1429 1000 1452 ut
1017 1425 1125 1452 tametsi
1139 1426 1228 1453 bonus
1245 1429 1318 1453 esset
1330 1447 1338 1459 ,
1355 1433 1389 1453 ex
1405 1425 1509 1453 cmlesti
1529 1425 1646 1460 quadam
1669 1425 1763 1460 cogni—

970 1471 1043 1498 tione
1059 1470 1095 1497 sit
1109 1470 1245 1506 proditus.
1264 1470 1368 1498 Norant
1392 1470 1476 1502 enim,
1498 1470 1585 1502 aiunt,
1611 1470 1760 1505 principes,

970 1517 993 1543 si
1015 1516 1140 1545 Christus
1155 1516 1184 1544 in
1207 1524 1317 1544 crucem
1343 1516 1484 1543 tolleretur
1496 1536 1503 1548 ,
1522 1517 1643 1550 ipsorum
1657 1515 1761 1542 exhau—

970 1565 1042 1590 stum
1059 1562 1091 1590 iri
1107 1562 1255 1598 potentiam
1271 1569 1396 1595 omnem;
1425 1561 1498 1597 quod
1524 1569 1586 1589 cum
1600 1560 1685 1588 Iudas
1706 1568 1762 1589 non

131 1599 258 1627 κενοῦται
285 1601 374 1628 αὐτῶν
396 1604 412 1637 ὴ
440 1603 575 1639 (ἀσθενὴς)
601 1604 725 1640 δύναμις.
749 1605 804 1633 Καὶ
830 1605 919 1638 τοῦτο,

974 1608 1122 1643 ignoraret,
1139 1608 1302 1640 maturavit,
1319 1615 1482 1642 omnemque
1495 1607 1603 1642 lapiden
1624 1607 1716 1639 movit,
1733 1611 1763 1634 ut

132 1645 208 1680 φησὶ,
223 1646 304 1680 γνοὺς
319 1648 333 1673 ὁ
355 1646 454 1680 Ἰούδας
467 1649 592 1681 ἔσπευσε,
608 1650 655 1676 καὶ
677 1650 766 1677 πάντα
785 1650 919 1686 ἐκίνησεν,

131 1690 202 1718 ὥστε
220 1693 387 1729 παραδοῦναι
400 1695 491 1728 αὐτὸν,
505 1695 606 1730 ἀγαθὸν
623 1696 703 1733 ἔργον
723 1698 838 1733 ποιήσας
856 1699 921 1733 ἡμῖν

131 1737 171 1768 είς
187 1738 333 1774 σωτηρίαν.
353 1740 407 1766 Καὶ
418 1740 459 1767 δεῖ
474 1742 547 1778 ἡμᾶς
560 1742 690 1775 ἐπαινεῖν,
707 1742 753 1769 καὶ
767 1742 921 1769 ἀποδιδόναι

131 1784 206 1819 αύτῷ
222 1784 268 1812 τὸν
287 1785 408 1819 ἔπαινον,
424 1787 464 1814 ὅτι
487 1787 519 1814 δι’
537 1788 621 1815 αὐτοῦ
637 1788 843 1824 κατεσκευάσθη
857 1789 921 1824 ἡμῖν

132 1832 148 1867 η
173 1831 220 1858 τοῦ
248 1833 366 1868 σταυροῦ
387 1833 520 1870 σωτηρία,
543 1835 624 1870 καὶῆ
649 1835 693 1862 διὰ
719 1835 769 1871 τῆς
796 1835 923 1871 τοιαύτης

132 1877 288 1914 ὑποθέσεως
303 1878 358 1906 τῶν
372 1880 428 1907 ἀνω
443 1881 623 1916 ἀποκάλυψις.

168 1924 245 1952 Κατὰ
262 1926 350 1953 πάντα
365 1926 393 1953 δὲ
408 1927 508 1962 τρόπον
522 1925 593 1954 οὗτοι
611 1928 775 1964 ὴπάτηνται,
791 1929 840 1955 οὐκ
854 1929 923 1963 ἀγα-

133 1970 178 1998 θόν
199 1980 259 1998 τινα
275 1972 408 2007 τιμῶντες
423 1973 439 2008 ἢ
455 1973 636 2005 ἐπαινοῦντες.
665 1974 748 2010 Δῆλον
772 1974 811 2007 δὲ,
826 1974 866 2001 ὃτι
891 1976 923 2001 ἐκ

132 2016 180 2043 τοῦ
212 2018 336 2045 διαδόλου
366 2018 458 2051 αὐτοῖς
486 2019 573 2046 ταῦτα
596 2019 785 2055 ύπέσπαρται,
814 2020 849 2047 τὰ
875 2022 924 2056 τῆς

133 2064 244 2098 ἀγνοίας
262 2064 333 2099 λέγω
354 2065 401 2092 καὶ
418 2066 535 2100 ἀπάτης.
552 2066 707 2102 Πληροῦται
726 2067 754 2094 δὲ
772 2067 815 2094 ἐπ’
832 2068 924 2098 αὐτοῖς

133 2111 164 2137 τὸ
191 2112 403 2147 γεγραμμένονι
434 2113 506 2140 οὐαὶ
525 2113 587 2146 τοῖς
612 2113 738 2148 λέγουσι
765 2114 797 2140 τὸ
829 2113 925 2141 καλὸν

134 2158 278 2192 πονηρὸν,
296 2159 345 2186 καὶ
375 2159 409 2186 τὸ
434 2160 569 2194 πονηρὸν
594 2160 724 2195 ἀγαθόν·
749 2160 925 2194 οἰηθέντες

134 2205 168 2232 τὸ
184 2206 294 2239 σκότος
311 2206 383 2241 φῶς,
400 2206 449 2233 καὶ
467 2207 500 2234 τὸ
516 2206 579 2241 φῶς
595 2208 723 2240 σκότος·
744 2209 772 2234 οἰ
784 2207 925 2242 λέγοντες

134 2251 168 2278 τὸ
184 2252 281 2286 γλυκὺ
307 2253 426 2286 πικρὸν,
449 2253 549 2280 καὶτὸ
571 2253 679 2288 πικρὸν
697 2253 804 2288 γλυκύ.
833 2253 924 2289 Πὰντη

972 1661 1034 1682 eum
1051 1653 1152 1682 Iudaeis
1170 1654 1299 1682 traderet.
1314 1653 1373 1687 Qua
1390 1654 1418 1681 in
1435 1661 1464 1681 re
1479 1653 1587 1688 egregie
1609 1653 1692 1680 saluti
1711 1661 1762 1681 no—

972 1705 1036 1728 strae
1055 1701 1202 1729 consuluit.
1219 1701 1257 1728 Ac
1277 1705 1419 1736 propterea
1442 1700 1569 1728 laudibus
1588 1707 1650 1728 eum
1670 1707 1762 1728 remu-

972 1747 1064 1774 nerari
1078 1754 1128 1775 nos
1143 1750 1261 1782 oportet,
1282 1746 1361 1782 cujus
1377 1754 1459 1781 opera
1473 1746 1564 1774 crucis
1584 1746 1665 1774 nobis
1688 1747 1763 1774 salus

972 1797 1014 1820 est
1042 1793 1088 1820 illa
1125 1796 1283 1828 comparata
1299 1812 1307 1825 ,
1341 1800 1448 1820 necnon
1477 1792 1631 1820 ctelestium
1671 1799 1762 1820 rerum

973 1839 1067 1868 eadem
1083 1846 1117 1867 ex
1128 1839 1273 1867 occasione
1287 1839 1492 1866 communicata
1505 1838 1636 1874 cognitio.

1009 1930 1063 1958 Sed
1079 1938 1142 1959 cum
1161 1930 1207 1958 isti
1227 1929 1339 1957 minime
1358 1929 1460 1956 bonum
1479 1928 1597 1963 aliquem
1613 1927 1717 1954 honore
1732 1933 1764 1953 ac

973 1977 1054 2004 laude
1072 1980 1282 2012 prosequantur,
1302 1979 1359 2003 toto
1378 1975 1449 2003 cmlo
1462 1994 1469 2007 ,
1485 1974 1557 2010 quod
1575 1973 1668 2005 aiunt,
1686 1973 1765 2000 aber-

973 2026 1045 2050 rant.
1065 2021 1159 2057 Neque
1184 2021 1334 2050 obscurum
1355 2020 1421 2048 illud
1440 2025 1502 2053 est,
1528 2020 1586 2047 huic
1604 2017 1765 2055 ignorantiae

974 2068 1134 2104 fraudisque
1149 2068 1253 2096 semina
1275 2067 1343 2102 ipsis
1363 2074 1378 2093 a
1401 2066 1510 2093 diabolo
1527 2073 1638 2101 aspersa
1667 2064 1762 2091 fuisse.

973 2114 1002 2142 In
1018 2115 1118 2150 quibus
1141 2113 1208 2141 illud
1224 2117 1266 2141 est
1282 2121 1298 2141 e
1315 2113 1457 2148 Scriptura
1478 2111 1640 2147 profectum.
1661 2111 1706 2138 Va:
1719 2111 1764 2146 qui

974 2160 1065 2188 dicunt
1084 2161 1179 2188 bonum
1199 2159 1300 2186 malum
1312 2179 1319 2191 ,
1347 2164 1371 2186 et
1397 2158 1496 2185 malum
1513 2159 1630 2185 bonum:
1656 2157 1700 2192 qui
1715 2164 1764 2191 pa-

975 2213 1040 2235 nunt
1053 2207 1173 2234 tenebras
1190 2206 1290 2239 lucem,
1308 2211 1334 2241 et
1349 2205 1432 2233 lucem
1447 2204 1566 2232 tenebras
1580 2213 1590 2232 :
1605 2204 1649 2239 qui
1673 2204 1765 2231 dicunt

975 2254 1051 2281 dulce
1072 2261 1194 2280 amarum
1223 2256 1248 2280 et
1266 2260 1386 2279 amarum
1406 2251 1481 2278 dulce
1505 2251 1524 2278 ¹.
1543 2249 1609 2277 Nam
1627 2250 1655 2277 in
1674 2249 1764 2277 Veteri

134 2297 189 2333 γὰρ
202 2299 320 2332 ἐκφωνεῖ
342 2298 449 2326 Παλαιὰ
472 2300 518 2325 καὶ
532 2299 620 2335 Καινὴ
637 2299 769 2335 Διαθήκη,
786 2299 833 2326 τοῦ
854 2300 921 2327 Κάἲν

976 2304 1003 2328 et
1015 2299 1090 2327 Novo
1105 2299 1278 2327 Testamento
1294 2297 1370 2325 Caini
1390 2297 1515 2332 impietas
1530 2299 1622 2330 aperta
1642 2302 1673 2322 ac
1689 2295 1764 2322 clara

134 2343 183 2379 τὴν
206 2344 333 2371 ἀσέϐειαν
358 2345 622 2381 ἐπικηρυκευομένη.
640 2342 718 2372 Οὗτοι
734 2346 774 2378 δὲ,
796 2345 844 2372 τοῦ
860 2346 923 2372 σκό-

134 2396 198 2420 τους
224 2387 300 2420 ὅντες
322 2389 450 2423 ἐρασταὶ,
468 2389 516 2416 καὶ
539 2389 593 2416 τῶν
609 2390 763 2417 κακοποιῶν
790 2391 924 2426 μιμηταὶ,

135 2433 181 2460 τὸν
202 2433 284 2460 ’Ἅϐελ
301 2434 420 2469 μισοῦσι,
446 2435 491 2462 τὸν
516 2435 544 2462 δὲ
569 2435 636 2463 Κάῖν
664 2436 802 2471 ἀγαπῶσι,
819 2437 866 2463 καὶ
886 2437 926 2473 τῷ

143 2479 229 2515 Ἰούδᾳ
251 2480 295 2506 τὸν
313 2479 422 2507 ἔπαινον
446 2481 558 2509 διδόασι.
583 2481 751 2518 Φθοριμαίαν
775 2482 802 2509 δὲ
827 2482 927 2517 γνῶσιν

136 2526 239 2562 έχουσι,
265 2527 312 2554 δύο
335 2528 477 2560 τάττοντες
500 2528 647 2564 δυνάμεις,
673 2529 869 2566 ἀσθενεστέραν
897 2538 926 2556 τε

136 2574 184 2601 καὶ
215 2574 411 2611 δυνατωτέραν,
439 2575 660 2611 ἀντιμαχομένας
690 2576 718 2603 δὲ
751 2577 820 2616 πρρς
843 2577 928 2613 ἀλλή-

135 2619 194 2652 λας,
212 2620 341 2652 ποιούσας
356 2620 385 2647 δὲ
400 2621 429 2647 ἐν
442 2620 481 2656 τῷ
498 2622 593 2657 κόσμῳ
609 2622 638 2648 οὑ
653 2621 765 2658 γνώμης
775 2623 925 2655 ἀλλοίωσιν,

135 2668 205 2695 ἀλλά
227 2668 281 2695 τῶν
300 2669 502 2705 γεγενημένων,
519 2671 582 2702 τοὺς
606 2671 655 2706 μὲν
679 2671 749 2698 κατὰ
767 2672 846 2706 φύσιν
873 2672 927 2699 ἀπὸ

136 2715 236 2747 κακίας
259 2715 307 2751 τὴν
333 2716 427 2743 οὐσίαν
443 2716 525 2751 ἐχειν,
550 2717 613 2749 τοὺς
636 2717 663 2744 δὲ
678 2718 732 2744 ἀπὺ
749 2718 926 2755 ἀγαθότητος.

137 2760 239 2787 Οὐδένα
259 2761 288 2787 δὲ
310 2761 381 2788 κατὰ
400 2761 511 2798 γνώμην
524 2763 626 2798 ἀγαθὸν
640 2763 657 2798 ἦ
671 2763 773 2799 φαῦλον
792 2764 925 2799 λέγουσιν,

138 2807 205 2834 ἀλλά
220 2807 291 2834 κατὰ
309 2807 400 2842 φύσιν.

176 2899 183 2915 ²
201 2897 253 2926 Isa.
270 2906 296 2928 ν.
311 2897 355 2926 20.

976 2354 1043 2374 voce
1054 2346 1226 2382 praedicatur.
1240 2345 1280 2372 llli
1305 2348 1396 2372 autem
1421 2343 1596 2371 tenebrarum
1616 2345 1763 2375 amatores,

978 2403 1010 2423 ac
1024 2393 1209 2422 maleﬁcorum
1226 2391 1376 2419 imitatores
1392 2390 1506 2418 Abelum
1521 2390 1648 2420 oderunt,
1665 2392 1693 2416 et
1707 2387 1766 2415 Cai-

977 2449 1042 2469 num
1073 2443 1183 2472 amant,
1210 2441 1237 2465 et
1257 2435 1354 2465 ludam
1381 2435 1518 2471 praeconio
1546 2443 1597 2463 suo
1616 2435 1765 2462 celebrant.

978 2486 1031 2514 Sed
1050 2490 1076 2513 et
1088 2483 1321 2520 perniciosissime
1336 2481 1468 2515 sentiunt,
1488 2481 1553 2508 dum
1568 2480 1695 2507 virtutem
1714 2480 1765 2507 du-

976 2533 1075 2569 plicem
1087 2529 1272 2560 constituunt,
1288 2527 1452 2556 imbecillam
1463 2547 1471 2561 ,
1485 2531 1512 2554 et
1523 2526 1670 2554 ﬁrmiorem
1681 2545 1688 2558 ,
1704 2532 1765 2561 quae

976 2584 1069 2606 secum
1088 2575 1205 2603 invicem
1221 2573 1391 2604 dissideant,
1408 2579 1440 2600 ac
1460 2580 1515 2598 non
1540 2571 1711 2599 voluntatum
1736 2570 1765 2598 in

978 2623 1080 2652 mundo
1098 2621 1256 2649 varietatem
1272 2618 1406 2647 inferant:
1427 2617 1510 2653 279
1526 2617 1573 2646 sed
1596 2616 1662 2644 illud
1684 2615 1766 2651 perﬁ-

979 2671 1071 2702 ciant,
1094 2667 1186 2703 utqui
1211 2667 1238 2694 in
1264 2666 1352 2693 lucem
1377 2665 1531 2700 prodeunt,
1557 2663 1603 2691 alii
1618 2663 1732 2698 primum
1750 2667 1765 2688 a

980 2718 1052 2745 malo
1066 2720 1171 2744 natura:
1185 2713 1329 2749 originem,
1343 2711 1389 2738 alii
1409 2719 1424 2738 a
1442 2711 1514 2738 bono
1532 2710 1680 2738 derivatam
1695 2707 1756 2735 acci-

980 2764 1066 2799 piant.
1084 2760 1222 2789 Neminem
1251 2759 1324 2786 cnim
1341 2757 1379 2784 illi
1403 2765 1437 2785 ex
1462 2756 1546 2784 animi
1570 2753 1765 2783 deliberatione

982 2810 1083 2837 bonum
1103 2813 1163 2835 esse
1181 2805 1222 2833 vel
1238 2804 1348 2838 malum,
1369 2802 1416 2831 sed
1431 2805 1527 2830 natura
1549 2801 1608 2836 ipsa
1621 2799 1764 2828 deﬁniunt.
