1952 3045
207 147 259 175 659

902 158 930 188 S.
952 159 1123 190 EPIPHANII

1781 169 1834 196 600

241 209 285 237 IV.
303 210 355 238 Sed
372 213 405 240 de
423 213 508 242 Caino
525 215 641 249 primum
658 217 723 252 quid
742 217 839 246 Vetere
854 220 881 247 in
896 219 988 248 Testa-

1080 225 1117 252 Δ’.
1138 227 1194 253 Καὶ
1209 227 1316 263 πρῶτον
1337 229 1435 264 ἴδωμεν
1449 230 1512 265 περὶ
1529 229 1575 256 τοῦ
1594 229 1673 262 Κάἳν,
1687 229 1724 260 ὡς
1750 229 1768 263 ἡ
1785 229 1835 263 μὲν

205 261 297 284 mento
311 259 442 294 scriptum
458 263 493 289 sit
507 262 693 297 inspiciamus.
708 264 879 298 Malcdictus,
892 268 990 302 inquit,

203 305 255 332 eris
269 315 283 331 α
299 311 380 340 terra,
393 317 450 343 qum
464 311 565 344 aperuit
578 320 606 338 os
622 321 708 345 suum,
724 319 748 341 et
762 316 874 349 suscepit
885 318 992 352 sangui—

203 358 262 377 nem
278 351 372 386 fratris
389 356 427 381 tui
440 355 471 382 de
488 365 566 384 morm
579 365 642 385 tua:
658 360 725 394 (47⁵)
739 361 840 396 erisque
851 370 954 397 gemens
967 368 991 390 et

205 401 316 425 tremens
332 409 409 434 super
424 406 522 429 terram
537 405 555 430 ‘.
569 405 674 437 Quibus
689 414 719 433 ea
731 408 915 439 consentiunt,
930 417 991 444 qua:

204 442 236 469 de
251 444 346 471 eodem
364 445 494 475 Dominus
507 449 533 475 in
547 448 690 485 Evangelio
705 451 826 486 loquitur
838 473 845 485 ,
862 461 924 480 cum
944 453 991 481 Ju-

204 488 253 514 dazi
275 489 424 523 dixissem,
441 492 548 520 Patrem
564 495 688 522 [iubemus
705 496 789 523 Deum
801 498 823 524 ¹.
845 497 891 526 Sic
917 500 990 526 enim

203 533 335 562 Domitius
352 539 491 565 accurrit:
514 539 563 567 Vua
583 542 635 575 ﬁlii
652 543 715 568 estis
732 543 817 577 patris
830 545 910 571 vestri
932 545 991 572 dia-

204 579 267 612 boli,
280 583 403 616 quoniam
419 585 532 612 mendax
545 592 601 618 est;
615 589 739 622 quoniam
756 595 832 622 pater
847 590 903 624 ejus
917 599 990 618 men-

203 625 257 653 dax
271 631 320 655 est.
342 627 392 655 Ille
404 629 535 658 homicida
559 633 611 666 fuit
627 633 659 660 ab
683 634 774 667 initio,
791 640 817 662 et
840 636 868 663 in
882 637 990 665 veritate

203 682 254 700 non
276 675 357 702 stetit.
376 676 442 703 Cum
457 677 581 711 loquitur,
603 680 768 708 mendacium
785 690 817 710 ea:
831 684 937 717 proprio
953 685 991 712 lo-

203 721 310 754 quitur,
331 723 455 757 quoniam
482 730 507 752 et
535 731 610 760 pater
638 727 696 762 ejus
724 729 835 756 mendas:
853 735 922 757 erat.
951 730 989 758 Ex

202 773 256 800 quo
271 771 298 794 et
314 768 429 797 luereses
441 770 501 797 alia:
517 779 578 798 curn
594 772 663 800 hanc
678 781 770 802 vocem
789 776 922 811 audiunt,
942 776 989 804 Ju-

202 812 322 840 dzeorum
336 818 441 849 patrem
462 816 597 845 diabolum
616 827 677 847 esse
689 820 798 854 dicunt,
814 822 858 849 cui
877 827 904 850 et
919 823 989 851 alius

201 858 238 885 sit
250 863 337 893 paler,
347 860 464 897 huicque
477 864 569 891 itidem
583 865 662 893 alius.
677 865 729 893 Sed
742 872 876 895 excaecata
888 873 987 903 mente,

1046 272 1151 299 Παλαιὰ
1173 273 1292 309 Διαοήκη
1318 276 1416 311 φησίν
1450 275 1681 311 Ἐπικατάρατος
1706 274 1747 301 σὺ
1774 273 1835 301 ἀπὸ

1044 315 1100 350 τῆς
1117 314 1182 352 γῆς,
1201 318 1267 352 ἣτις
1287 310 1376 353 ἔκανε
1397 320 1429 346 τὸ
1454 310 1551 355 (riam
1573 320 1668 354 αὐτῆς
1689 319 1834 352 δέξασθαι

1044 362 1078 388 τὸ
1097 360 1169 398 αἷμα
1194 365 1246 392 τοῦ
1263 365 1396 400 ἀδελφοῦ
1416 375 1473 392 σου
1501 366 1535 392 ἐκ
1559 366 1614 400 τῆς
1641 366 1737 399 χειρός
1762 372 1831 392 σου·

1045 407 1092 433 καὶ
1125 407 1220 435 πάλιν·
1263 410 1492 444 Ἐπικατάρατος
1517 411 1558 437 σὺ
1586 411 1621 438 ἐν
1646 411 1707 444 τοῖς
1734 411 1833 445 ἔργοις

1044 460 1113 487 σου,
1129 454 1177 481 καὶ
1193 455 1250 490 ἔσῃ
1268 456 1384 483 στένων
1405 458 1454 484 καὶ
1478 458 1591 492 τρέμων
1611 458 1659 485 ἐπὶ
1684 457 1739 491 τῆς
1764 456 1831 492 γῆς.

1046 500 1153 534 Συνῳδὰ
1167 501 1196 527 δὲ
1210 503 1242 536 τῇ
1256 502 1362 538 Παλαιᾷ
1377 503 1498 539 Διαθήκῃ
1513 505 1526 530 ὁ
1538 503 1639 539 Κύριος
1650 505 1678 530 ὲν
1690 502 1729 538 τῷ
1743 503 1833 537 Εὐαγ-

1044 547 1126 582 γελίῳ
1157 548 1217 583 περὶ
1243 548 1339 575 τούτου
1364 550 1447 583 λέγει,
1487 550 1531 576 ὅτε
1569 550 1689 577 Ἰουδαῖοι
1722 550 1830 584 ἔλεγον·

1050 593 1145 628 Ἡμεῖς
1160 594 1275 629 Πατέρα
1297 595 1406 630 ἔχομεν
1428 596 1481 622 τὸν
1507 597 1590 623 Θεόν.
1620 596 1648 622 '0
1675 596 1703 623 δὲ
1730 596 1832 632 Κύριος

1044 638 1112 674 πρὸς
1133 640 1231 671 αὐτοὺς
1255 639 1321 675 ἔφη·
1344 640 1442 675 Ὑμεῖς
1470 642 1530 668 vlo!
1545 642 1615 668 ἐστε
1641 641 1694 668 τοῦ
1720 641 1832 676 πατρὸς

1043 685 1127 720 ὑμῶν
1149 686 1201 713 τοῦ
1217 686 1378 719 διαϐόλου,
1399 687 1444 714 ὅτι
1468 688 1605 722 ψεύστης
1626 688 1721 715 ἐστίν·
1751 687 1795 714 ὅτι
1815 689 1832 714 ὀ

1043 731 1140 766 πατὴρ
1166 732 1259 759 αὐτοῦ
1278 733 1415 767 ψεύστης
1440 731 1489 769 ἦν.
1520 734 1652 767 Ἐκεῖνος
1679 734 1831 769 ἀνθρωπο-

1044 778 1150 810 κτόνος
1166 775 1216 812 ἦν,
1231 777 1279 804 καὶ
1292 777 1373 812 ὲντῇ
1387 778 1514 812 ἀληθείᾳ
1523 779 1578 805 οὐκ
1594 778 1724 812 ἔμεινεν.
1745 778 1832 803 Ὅταν

1042 823 1140 855 λαλεῖ,
1157 823 1190 850 τὸ
1207 823 1321 857 ψεῦδος
1335 823 1369 850 ἐκ
1389 823 1449 850 τῶν
1464 823 1548 850 ἰδίων
1572 823 1677 850 λαλεῖ·
1690 824 1735 850 ὅτι
1751 823 1799 850 καὶ
1815 824 1831 849 ὁ

1043 869 1141 903 πατὴρ
1157 868 1250 896 αὑτοῦ
1267 869 1404 903 ψεύστης
1417 867 1467 903 ἦν.
1484 869 1565 895 Ὅθεν
1582 869 1628 895 καὶ
1649 869 1677 895 αἱ
1695 868 1772 895 ἄλλαι
1788 869 1832 894 αἱ-

201 903 385 942 cﬂ‘renalaque
413 908 505 944 lingua
537 910 588 937 ista
618 912 757 946 jactitant.
785 912 925 948 Siquidem
957 915 988 942 ad

1043 915 1142 951 ρὲσεις,
1166 915 1313 941 ἀκούουσαι
1327 914 1357 951 τῲ
1374 915 1450 951 ῥῆμα
1474 913 1562 947 τοῦτο,
1589 914 1693 949 πατέρα
1712 914 1760 949 μὲν
1776 913 1830 940 τῶν

202 950 391 979 universorum
405 952 560 987 Dominum,
575 963 607 984 ac
619 956 791 991 Iudaeorum,
815 963 842 986 et
858 959 992 988 Christia-

201 1003 310 1029 norum,
330 998 452 1034 adeoque
471 1001 592 1028 omnium
608 1002 692 1030 Deum
708 1004 781 1032 illius
800 1006 990 1040 cognationem

203 1042 343 1071 referunt:
368 1053 485 1080 eumque
505 1053 607 1082 patrem
624 1056 686 1077 esse
704 1051 824 1084 parentis
849 1051 924 1080 illius
939 1061 990 1088 pu-

200 1093 269 1121 tant,
285 1090 331 1125 qui
353 1091 438 1127 Moysi
456 1093 540 1128 legem
556 1096 771 1131 praescripserit,
788 1104 820 1124 ac
835 1101 890 1125 tam
906 1100 990 1126 multa

201 1135 324 1170 prodigia
342 1139 499 1172 patraverit.
516 1139 569 1167 Sed
595 1141 673 1177 longe
687 1150 717 1170 se
739 1150 783 1171 res
798 1144 876 1171 aliter
898 1145 989 1178 habet,

200 1189 218 1208 ο
244 1182 415 1211 charissime.
450 1185 516 1212 Nam
540 1187 657 1215 subinde
684 1188 814 1217 Dominus
843 1191 931 1218 nostri
962 1191 990 1217 in

200 1229 328 1257 omnibus
355 1238 449 1258 curam
464 1240 576 1267 gerens,
604 1243 638 1262 ne
656 1242 706 1269 pro
732 1236 792 1264 aliis
810 1237 862 1264 alia
876 1237 990 1266 subdole

201 1273 365 1309 ﬁngeremus
379 1297 386 1310 ,
402 1282 449 1304 aut
468 1278 574 1306 illorum
599 1285 701 1314 patrem
726 1289 819 1309 revera
849 1283 990 1310 existima-

201 1328 294 1348 remus
308 1330 369 1350 esse
385 1323 522 1351 diabolum
533 1345 540 1357 ,
558 1325 594 1352 ita
617 1326 767 1362 discipulos
782 1336 847 1357 suos
872 1329 989 1364 alloqui—

200 1370 265 1393 tur:
283 1367 376 1396 Nonne
399 1371 533 1397 duodecim
554 1379 596 1398 vus
614 1371 678 1407 elegi
690 1393 698 1406 ,
717 1378 742 1400 et
764 1382 832 1401 unus
859 1382 892 1402 ea:
916 1375 988 1402 vobis

199 1412 321 1441 diabolus
334 1420 372 1441 est
382 1416 415 1442 ³1
430 1424 485 1444 non
499 1425 561 1444 eum
578 1422 675 1445 natura
692 1439 700 1450 .
720 1420 767 1448 sed
790 1422 881 1448 animo
894 1421 989 1449 diabo-

199 1459 255 1486 lum
278 1469 339 1488 esse
357 1462 528 1497 signiﬁcans.
554 1464 653 1492 lterum
674 1466 727 1493 alio
750 1466 778 1493 in
798 1467 881 1494 loco:
906 1467 988 1494 Pater

198 1505 310 1534 Domine
324 1508 382 1535 coeli
399 1517 430 1535 ac
444 1514 521 1537 terra:
535 1530 543 1542 ,
558 1519 633 1538 serva
654 1520 697 1539 eos
712 1521 777 1548 quos
801 1513 897 1541 dedisti
913 1514 985 1542 milli.

198 1550 265 1578 Cum
284 1560 358 1579 erant
382 1562 440 1580 cum
464 1555 695 1589 ipsia,servabam
718 1567 781 1592 eos,
807 1564 832 1586 et
857 1568 931 1586 nemo
954 1567 986 1586 ea:

198 1598 254 1625 illis
267 1600 414 1632 periit,nisi
429 1601 502 1635 [ilius
514 1603 668 1635 perditionis
683 1604 703 1631 ⁸.
712 1605 786 1634 Alias
801 1606 864 1633 item
877 1615 883 1633 :
900 1605 985 1640 Opor—

199 1648 234 1670 tet
257 1643 356 1672 Filium
371 1646 484 1674 hominis
503 1649 584 1680 tradi,
604 1650 672 1676 sicut
695 1652 822 1685 scriptum
841 1656 880 1678 est
898 1652 930 1679 de
944 1660 984 1679 eo.

204 1689 249 1716 Va:
263 1696 350 1718 autem
363 1693 387 1719 ei
403 1701 449 1727 per
466 1702 542 1728 quem
564 1695 693 1723 tradetur.
715 1696 818 1724 Bonum
837 1698 905 1725 enim
928 1703 987 1725 erat

196 1736 231 1768 ei,
247 1736 271 1762 .si
288 1742 366 1763 natus
384 1746 436 1764 non
451 1738 543 1772 [uisset
560 1741 637 1767 homo
649 1741 693 1768 ille
709 1742 730 1774 ⁵,
751 1745 778 1769 et
795 1747 902 1770 catera.

1049 961 1182 988 Ἰουδαίων
1210 961 1359 996 φάσκουσιν
1387 958 1456 988 εἶναι
1482 960 1529 987 τὸν
1553 960 1685 992 διάϐολον,
1708 960 1780 995 ἔχειν
1801 968 1830 986 τε

1043 1007 1148 1043 πατέρα
1162 1006 1249 1039 ἄλλον,
1270 1007 1317 1033 καὶ
1329 1006 1374 1033 τὸν
1389 1005 1472 1032 αὐτοῦ
1488 1005 1594 1042 πατέρα
1614 1006 1695 1032 πάλιν
1713 1004 1829 1040 πατέρα.

1048 1053 1129 1080 Ἀλλὰ
1150 1051 1362 1088 ἀθυρογλὼττως
1388 1052 1562 1087 φθέγγονται,
1584 1051 1634 1087 τὴν
1649 1051 1769 1078 διάνοιαν
1784 1059 1832 1076 τυ-

1042 1099 1217 1134 φλώττοντες.
1234 1100 1289 1125 Καὶ
1301 1098 1355 1134 γὰρ
1370 1099 1416 1125 ἐπὶ
1430 1099 1474 1125 τὸν
1486 1098 1594 1125 πάντων
1606 1097 1754 1133 Δεσπότην,
1763 1096 1829 1124 Θεὸν

1048 1145 1181 1172 Ἰουδαίων
1195 1153 1224 1171 τε
1239 1145 1286 1172 καὶ
1308 1145 1478 1180 Χριστιανῶν
1499 1144 1545 1170 καὶ
1561 1144 1680 1176 πάντων,
1697 1142 1746 1178 τὴν
1766 1151 1831 1177 συγ-

1040 1191 1147 1226 γένειαν
1161 1191 1257 1226 ἐκείνῳ
1273 1191 1283 1207 ⁷
1299 1191 1440 1225 ἀνάγουσι,
1457 1190 1549 1217 τοῦτον
1572 1189 1681 1224 Πατέρα
1697 1188 1743 1215 τοῦ
1759 1188 1830 1215 ἐκεί-

1041 1247 1087 1266 νου
1112 1238 1218 1273 [Ιατρὸς
1244 1236 1311 1264 εῖναι
1330 1238 1462 1271 λέγοντες,
1480 1237 1526 1263 τὸν
1548 1236 1765 1272 νομοθετήσαντα
1786 1235 1830 1262 διὰ

1041 1283 1190 1315 Μωῡσέως,
1208 1283 1254 1309 καὶ
1270 1282 1390 1309 τοσαῦτα
1416 1281 1553 1317 θαυμάσια
1571 1281 1748 1316 πεποιηκότα.
1772 1281 1830 1307 Οὐκ

1040 1329 1097 1356 ἔστι
1114 1329 1142 1355 δὲ
1154 1328 1241 1361 τοῦτο,
1263 1326 1285 1355 ὦ
1301 1328 1427 1363 ἀγαπητέ
1442 1329 1463 1355 ⁸.
1480 1328 1568 1360 Αὐτὸς
1582 1328 1636 1364 γὰρ
1652 1327 1732 1359 εὐθὺς
1748 1336 1830 1363 φησιν

1039 1377 1054 1402 ὁ
1075 1375 1188 1411 Κύριος,
1211 1375 1240 1401 ὲν
1262 1375 1363 1401 ἅπασιν
1384 1374 1463 1409 ήμῶν
1482 1374 1530 1409 τὴν
1555 1375 1714 1409 ἐπιμέλειαν
1737 1373 1828 1401 ποιού-

1042 1430 1131 1457 μενος,
1150 1421 1195 1448 ἴνα
1209 1421 1246 1456 μὴ
1261 1421 1290 1447 ἐν
1307 1421 1476 1456 παρεκδάσει
1501 1420 1643 1456 γενώμεθα
1658 1421 1703 1447 τοῦ
1719 1429 1830 1456 προκει-

1042 1468 1134 1503 μένου,
1151 1468 1232 1503 ἔτερα
1255 1467 1313 1494 ἀνθ’
1331 1467 1432 1502 ἐτέρων
1451 1467 1622 1502 σοφιζόμενοι
1644 1467 1690 1493 καὶ
1709 1467 1829 1494 διανοού-

1041 1522 1124 1549 μενοι,
1142 1513 1226 1548 λέγει,
1247 1513 1352 1548 πατέρα
1366 1511 1455 1539 αὐτῶν
1476 1510 1545 1539 εἶναι
1566 1513 1612 1539 τὸν
1635 1512 1765 1545 διάϐολον,
1786 1512 1830 1538 λέ-

1039 1568 1095 1594 γων
1111 1559 1179 1595 πρὸς
1193 1560 1256 1591 τοὺς
1280 1558 1420 1594 μαθητάς·
1442 1559 1514 1594 Οὐχὶ
1529 1559 1601 1593 τοὺς
1621 1559 1734 1587 δώδεκα
1751 1560 1830 1594 ὑμᾶς

1039 1603 1237 1638 ἐξελεξάμην,
1271 1603 1320 1630 καὶ
1346 1601 1390 1636 εἷς
1417 1604 1452 1636 ἐξ
1478 1604 1561 1639 ὑμῶν
1584 1604 1741 1637 διάϐολος;
1768 1606 1829 1640 οὐχ).

1039 1649 1162 1681 διάϐολος
1181 1649 1267 1683 λέγων
1283 1649 1371 1684 φύσει,
1388 1650 1455 1676 ἀλλὰ
1469 1650 1538 1677 κατὰ
1557 1651 1678 1687 γνώμην.
1704 1652 1787 1678 Πάλιν
1801 1651 1829 1678 δὲ

1041 1696 1070 1722 ἐν
1093 1695 1179 1731 ἑτέρῳ
1199 1695 1274 1730 τόπῳ
1296 1695 1386 1730 λέγει⁸
1409 1696 1515 1731 Πάτερ,
1526 1698 1614 1731 Κύριε
1633 1698 1828 1732 οὐρανοῦ-καὶ

1041 1740 1107 1776 γῆς,
1139 1739 1274 1774 τήρησον
1299 1741 1424 1774 τούτους
1448 1742 1502 1775 οὓς
1531 1742 1662 1776 δέδωκάς
1686 1752 1746 1778 μοι.
1765 1743 1830 1770 Ὅτε

196 1781 279 1816 ἢμην
297 1784 360 1817 μετ’
383 1785 491 1820 αὐτῶν,
518 1787 654 1822 ἐφύλαξα
672 1789 794 1823 αὐτοὺς,
811 1790 860 1817 καὶ
887 1790 987 1823 οὐδεὶς
1004 1789 1039 1822 ἐξ
1071 1788 1171 1816 αὐτῶν
1187 1789 1334 1823 ἀπώλετο,
1351 1790 1377 1816 ει
1385 1789 1428 1824 ,μὴ
1446 1791 1462 1817 ὀ
1489 1790 1554 1823 υἱὸς
1573 1790 1627 1824 τῆς
1651 1791 1810 1824 ἀπωλείας·

196 1829 281 1856 Πάλιν
299 1829 394 1858 ἄλλοτε
416 1832 501 1868 λέγει,
533 1835 574 1861 ὅτι
597 1835 648 1862 Δεῖ
658 1836 711 1863 τὸν
742 1837 810 1864 Υἱὸν
831 1838 884 1866 τοῦ
917 1837 1075 1872 ἀνθρώπου
1109 1836 1315 1871 παραδοθῆναι
1349 1837 1424 1864 κατὰ
1456 1838 1488 1865 τὸ
1519 1840 1721 1874 γεῃοαμμένον
1745 1839 1811 1873 περὶ

196 1875 300 1902 αὐτοῦ.
327 1877 401 1904 Οὐαὶ
413 1877 448 1904 δὲ
463 1879 500 1906 δι’
520 1879 556 1908 οὗ
571 1882 821 1917 παραδοθήσεται.
838 1885 988 1920 Συνέφερε
1007 1884 1062 1919 γὰρ
1077 1883 1156 1916 αὐτῷ
1172 1885 1198 1910 εὶ
1212 1884 1268 1910 οὐκ
1287 1884 1443 1918 ἐγεννήθην
1458 1884 1504 1912 καὶ
1519 1885 1552 1911 τὰ
1568 1885 1640 1920 ἑξῆς-

232 1920 316 1955 280
335 1921 392 1949 Hoc
412 1923 493 1959 igitur
512 1926 656 1955 manifeste
669 1929 846 1962 cognovimus
869 1930 903 1958 de
917 1930 988 1957 .luda

185 1966 365 1996 intellexisse
387 1977 449 1997 cum
471 1970 572 2001 Iudaeis
600 1974 768 2009 loqueretur.
794 1977 816 2003 A
842 1985 896 2013 quo
915 1978 987 2005 enim

197 2011 313 2046 quisque
326 2019 470 2049 superatus
487 2020 539 2051 est,
557 2018 638 2052 hujus
652 2024 679 2047 et
694 2027 789 2049 servus
804 2011 865 2055 esti;
884 2030 915 2049 ac
930 2023 989 2049 cui-

197 2063 306 2092 cunque
324 2059 422 2093 aliquis
450 2061 631 2096 obsequitur,
660 2064 733 2092 hunc
763 2070 790 2093 et
814 2067 899 2101 patris
927 2068 989 2095 loco

197 2100 298 2134 habet,
314 2107 341 2130 et
363 2105 487 2140 obsequii
516 2108 558 2135 sui
583 2114 724 2138 auctorem
739 2100 872 2146 agnoscit.
897 2112 988 2146 Quare

197 2148 259 2176 ideo
284 2149 350 2177 iisce
371 2152 459 2179 verbis
482 2153 613 2183 Dominus
637 2157 739 2184 utitur:
767 2157 817 2185 Vos
837 2159 886 2193 ﬁlii
902 2160 987 2193 patris

198 2193 278 2220 vestri
287 2194 388 2222 diaboli
397 2197 470 2228 estis,
485 2199 556 2233 quod
567 2198 642 2227 Judm
650 2200 752 2230 Christi
763 2203 823 2230 loco
835 2205 986 2238 paruerint,

1077 1929 1147 1964 Ἀρα
1159 1929 1224 1963 γοῦν
1241 1929 1390 1962 ὲξάπαντος
1406 1930 1539 1966 ἔγνωμεν,
1551 1930 1589 1962 ὼς
1604 1931 1667 1967 περὶ
1680 1930 1726 1957 τοῦ
1745 1931 1829 1957 Ἰούδα

1039 1974 1115 2009 ἔλεγε
1138 1976 1194 2007 τοῖς
1217 1976 1370 2007 Ἰουδαίους
1398 1972 1420 2010 ᾧ
1446 1976 1501 2012 γάρ
1530 1985 1571 2008 τις
1593 1977 1717 2013 ἥττηται,
1742 1977 1830 2013 τούτῳ

1040 2024 1087 2050 καὶ
1102 2023 1262 2050 δεδούλωται
1272 2032 1278 2038 ·
1296 2024 1342 2050 καὶ
1358 2019 1380 2058 ᾧ
1402 2032 1443 2055 τις
1459 2023 1590 2056 πείθεται,
1606 2024 1700 2051 τοῦτον
1723 2025 1829 2060 πατέρα

1040 2070 1150 2106 ἔσχηκε,
1168 2070 1216 2097 καὶ
1234 2069 1356 2105 ἀρχηγὸν
1373 2069 1423 2105 τῆς
1441 2069 1523 2096 αὑτοῦ
1542 2068 1661 2101 πειθοῦς.
1680 2070 1764 2106 Φησὶν
1782 2068 1831 2096 οὖν

1040 2116 1054 2142 ὁ
1068 2115 1186 2152 Κύριος·
1208 2114 1306 2149 Ὑμεῖς
1324 2115 1383 2142 υἱοὶ
1397 2115 1450 2142 τοῦ
1471 2114 1583 2149 πατρὸς
1601 2115 1684 2150 ὑμῶν
1700 2116 1753 2142 τοῦ
1767 2116 1830 2143 δια-

1042 2162 1132 2189 ϐόλου
1154 2161 1250 2194 ἐατέ’,
1265 2161 1358 2197 emas
1374 2162 1436 2188 ἀντὶ
1462 2161 1508 2188 τοῦ
1533 2162 1651 2198 Χριστοῦ
1677 2162 1716 2198 τῷ
1745 2162 1830 2198 Ἰούδᾳ

1041 2206 1218 2242 ἐπείσθησαν,
1237 2205 1363 2241 καθάπερ
1377 2206 1431 2233 ἀπὸ
1445 2206 1512 2233 Θεοῦ
1527 2207 1673 2234 ἐκκλίνασα
1687 2208 1703 2242 ἡ
1721 2206 1777 2234 Εὕα
1790 2207 1829 2242 τῷ

197 2241 426 2274 quemadmodum
442 2244 507 2271 olim
527 2245 582 2273 Eva
599 2254 614 2273 a
632 2247 747 2276 Domino
761 2249 916 2278 desciscens
931 2259 988 2278 ser-

1042 2251 1099 2286 ὗφει
1118 2241 1153 2285 ἐξ
1166 2251 1254 2287 ἀρχῆς
1271 2251 1394 2287 ἐπείσθη.
1415 2252 1530 2279 Ἔπειτα
1545 2253 1585 2279 ὅτι
1598 2253 1645 2279 καὶ
1661 2241 1781 2288 ψεῦστης

198 2287 272 2321 penti
296 2296 398 2316 morem
414 2291 508 2324 gessit.
529 2291 632 2321 Deinde
645 2295 718 2330 quod
734 2303 788 2322 non
805 2297 893 2324 solum
909 2305 987 2325 men-

199 2332 252 2359 dax
265 2338 348 2366 esset,
363 2335 410 2363 sed
425 2340 452 2363 et
470 2338 552 2366 etiam
568 2339 628 2372 fur;
649 2347 699 2375 pro
711 2348 743 2368 eo
759 2345 841 2376 atque
855 2341 883 2369 in
897 2341 988 2370 Evan-

197 2380 268 2415 gelio
288 2381 403 2416 legimus
418 2383 428 2398 ⁸
447 2392 453 2410 :
471 2383 512 2412 0b
538 2385 564 2413 id
594 2386 699 2414 loculos
724 2387 749 2414 ei
776 2388 932 2422 commisit,
953 2397 988 2416 ne

198 2434 279 2461 quam
302 2428 413 2457 haberet
429 2433 650 2466 excusationem,
668 2441 730 2461 cum
745 2433 889 2461 Dominum
907 2443 989 2463 suum

197 2471 225 2498 in
246 2471 385 2500 hominum
407 2482 503 2504 manus
524 2477 559 2504 ob
578 2480 700 2513 pecunia:
726 2479 901 2514 cupiditatem
929 2485 988 2508 tra<

197 2517 283 2545 deret.
299 2519 400 2554 Ecquis
415 2529 479 2549 vero
495 2527 572 2557 pater
585 2524 666 2560 hujus
680 2526 750 2553 alius
775 2530 817 2554 est
829 2546 836 2559 ,
854 2527 901 2562 qui
925 2532 989 2555 ante

197 2562 285 2598 ipsum
300 2565 416 2593 mendax
436 2566 517 2595 fuerit
528 2573 625 2603 praeter
646 2571 760 2598 Cainum
773 2592 780 2604 ,
800 2580 881 2607 quem
904 2571 989 2601 Judas

198 2608 320 2638 imitatus
336 2611 397 2638 est?
410 2611 456 2640 ille
472 2613 607 2648 siquidem
623 2616 699 2643 l'ratri
712 2625 763 2644 suo
775 2619 903 2645 mentitus
923 2619 989 2645 cha-

196 2652 286 2681 ritatis
309 2662 371 2681 eum
388 2655 515 2685 fraterna:
534 2661 625 2694 specie
643 2661 767 2697 decepit,
794 2669 827 2690 ac
846 2663 988 2692 mendacio

196 2700 353 2734 persuasit;
371 2706 398 2730 et
413 2702 442 2730 in
456 2711 550 2739 agrum
571 2706 705 2735 seducens
725 2708 858 2736 violentas
874 2709 913 2736 illi
930 2717 988 2736 ma-

234 2771 241 2786 ¹
257 2770 375 2814 ξυμ-ιχ,
394 2773 497 2814 11,’12.
536 2777 552 2814 ’Δ
564 2775 643 2814 Joan.
658 2785 716 2809 VIII,
732 2777 764 2814 41
781 2785 842 2814 sqq.

198 2813 245 2835 xtl.
261 2808 286 2835 ti.
328 2807 375 2836 'F.
391 2809 504 2838 ἐκείνου.
542 2811 553 2827 ⁸
564 2820 609 2846 γρ.
627 2807 772 2848 ἀγαπητοί.

233 2865 300 2901 (47‘)
316 2866 366 2895 llic
381 2868 517 2902 interpres
532 2869 634 2900 aliquid
648 2871 751 2898 omisit.
766 2871 844 2900 Enn.
864 2872 949 2901 Pun.

1040 2297 1070 2324 οὑ
1089 2297 1178 2332 μόνον,
1198 2297 1265 2324 ἀλλὰ
1279 2298 1325 2324 καὶ
1343 2298 1472 2334 κλέπτης,
1490 2299 1560 2326 κατὰ
1581 2299 1611 2326 τὸ
1631 2300 1660 2326 ὲν
1682 2299 1721 2334 τῷ
1738 2299 1829 2333 Εὐαγ-

1040 2343 1123 2379 γελεῳ
1137 2343 1281 2379 εἰρημένον
1291 2351 1297 2358 ·
1316 2344 1362 2370 Διὸ
1379 2344 1426 2371 καὶ
1441 2344 1515 2380 αὑτῷ
1531 2345 1672 2380 παρέδωκε
1693 2345 1724 2371 τὸ
1736 2344 1828 2379 γλωσ-

1042 2390 1167 2425 σόκομον,
1190 2390 1232 2416 ἵνα
1256 2390 1457 2426 ἀναπολόγητος
1469 2389 1497 2428 ᾗ,
1516 2391 1560 2418 διὰ
1583 2391 1764 2427 φιλαργυρίαν
1782 2392 1829 2419 τὸν

1041 2435 1105 2462 [διον
1120 2436 1259 2471 Δεσπότην
1272 2436 1412 2472 παραδοὺς
1424 2437 1464 2468 εἰς
1477 2438 1571 2473 χεῖρας
1594 2436 1754 2472 ἀνθρώπων.
1780 2437 1828 2470 Τίς

1040 2478 1086 2507 οὖν
1100 2481 1114 2507 ὁ
1132 2481 1226 2507 τούτου
1241 2481 1342 2518 πατὴρ,
1358 2483 1371 2509 ὁ
1385 2482 1438 2518 πρὸ
1450 2482 1532 2509 αὐτοῦ
1550 2482 1669 2518 ψεύστης
1686 2482 1828 2518 ὑπάρχων.

1039 2526 1096 2552 ἀλλ’
1116 2526 1133 2561 ἢ
1155 2527 1169 2552 ὁ
1197 2526 1277 2558 Κάῖν,
1305 2524 1334 2553 οὗ
1356 2527 1479 2562 μιμητὴς
1502 2527 1516 2553 ὁ
1534 2527 1651 2560 Ἰοὑδας;
1682 2527 1755 2553 Ἐκεί
1774 2527 1830 2562 γὰρ

1038 2572 1209 2608 ψευσάμενος
1226 2573 1266 2608 τῷ
1279 2574 1396 2609 ἀδελφῷ,
1413 2574 1451 2605 ὼς
1474 2575 1504 2601 ἐν
1517 2574 1676 2610 φιλαδελφίᾳ
1691 2573 1828 2610 ὴπάτησε,

1038 2619 1085 2645 καὶ
1101 2618 1253 2654 παρέπεισε
1267 2619 1310 2646 διὰ
1325 2619 1372 2646 τοῦ
1388 2619 1511 2655 ψεύδους,
1528 2620 1575 2647 καὶ
1587 2619 1729 2654 ἐξαγαγὼν
1748 2619 1830 2647 αὑτὸν

1037 2665 1067 2692 ἐν
1089 2665 1128 2701 τῷ
1153 2665 1246 2701 πεδίῳ,
1268 2667 1374 2702 ἐπάρας
1397 2666 1446 2702 τὴν
1463 2668 1541 2703 χεῖρα
1558 2666 1728 2693 ἀπέκτεινεν.
1751 2665 1831 2692 Οὕτω

1038 2711 1085 2738 καὶ
1100 2711 1114 2736 ὁ
1143 2711 1253 2745 Ἰούδας,
1279 2713 1310 2740 Tl
1332 2712 1434 2740 θέλετέ
1444 2721 1505 2748 μοι,
1532 2713 1610 2748 φησὶ,
1637 2711 1753 2745 δοῦναι,
1778 2712 1830 2739 καὶ

889 2779 987 2809 'Joan.
1005 2789 1042 2814 vt,
1056 2781 1098 2809 'll.
1137 2781 1147 2798 ⁸
1162 2780 1242 2809 Joan.
1257 2789 1323 2817 xvu,
1335 2782 1378 2810 12.
1418 2784 1427 2800 ¹
1440 2773 1534 2811 Matth.
1551 2790 1623 2815 XXVI,
1640 2782 1675 2811 24
1724 2782 1733 2797 ⁶
1747 2780 1827 2809 loan.
