1952 3045
117 166 172 196 661

443 161 630 191 ADVERSUS
646 158 818 188 HERESES
837 155 901 185 LIB.
920 155 940 184 Ι.
963 153 1045 182 ΤΟΜ.
1066 151 1110 179 lll.
1130 166 1164 171 —
1181 147 1318 178 llERES.
1331 144 1474 174 XXXVIII.

1698 137 1752 166 662

118 226 177 260 ἐγὼ
195 223 288 251 αὑτὸν
304 222 469 257 παραδώσω
485 221 574 257 ὑμῒγ;
587 221 644 254 καὶ,
661 220 713 246 ’Ὁν-
725 219 763 246 ἂν
779 217 909 253 φιλήσω,

976 223 1015 242 ius
1029 213 1128 241 attulit.
1146 211 1238 247 Neque
1254 210 1331 237 aliter
1343 206 1442 235 ludas:
1461 204 1531 238 Quid
1544 202 1633 233 vultis,
1648 200 1750 235 inquit,

1052 259 1056 260 '
1357 253 1379 260 ι·
1414 258 1420 260 Α
1465 251 1471 260 ι
1500 259 1513 260 η
1528 249 1537 260 1
1549 249 1560 260 α
1585 248 1615 260 De
1653 246 1735 260 11..-...

119 271 212 303 αὐτός
227 270 307 297 ἐστι·
332 268 502 303 κρατήσατε
519 268 623 294 αὐτόν.
641 267 696 294 Καὶ
711 264 796 291 ἐλθὼν
814 265 828 291 ὁ
844 272 910 299 προ-

119 317 210 352 δότης,
229 316 327 365 Χαῖρε,
357 314 475 348 ‘Paé’é’h,
500 314 593 348 ἐλεγε-
614 313 670 344 rei;
691 311 791 347 χείλεσι
810 309 909 344 τιμῶν,

122 363 237 399 καρδίαν
251 362 279 388 δὲ
295 357 390 397 πόρρω
410 361 565 396 ἀπέχουσαν
580 358 647 386 Θεοῦ
661 357 838 392 κεκτημένος.

158 451 197 480 E'.
222 451 293 486 Ἆρα
311 448 377 484 γοῦν
395 444 472 480 οὗτος
483 449 497 474 ὁ
521 447 632 479 Ἰούδας,
652 445 742 481 πατὴρ
763 444 850 472 αὐτῶν
865 452 911 478 γε-

121 496 245 531 νόμενος,
260 494 331 522 κατὰ
343 493 392 530 τὴν
407 492 582 529 ὰρνηοιθεῖαν
600 492 647 518 καὶ
667 491 808 526 προδοσίαν
825 490 912 516 Σατα-

122 543 172 575 νᾶς
193 541 315 577 ὑπάρξας
341 539 387 567 καὶ
412 539 544 571 διάϐολος,
567 539 598 565 οὺ
618 539 649 573 τῇ
676 537 765 572 φύσει,
787 535 855 563 ἀλλὰ
877 537 910 570 τῇ

121 587 231 624 γνώμῃ,
244 587 300 618 υἱὸς
313 585 458 621 γεγένηται
473 583 549 617 οὗτος
564 584 611 611 τοῦ
627 584 697 610 Κάῖν
715 583 783 610 κατὰ
798 583 912 618 μίμησιν

121 634 171 660 τοῦ
187 632 410 669 ἁνθρωποκτόνου
434 632 482 658 καὶ
503 631 620 666 ψεύστου
630 640 636 646 ·
653 630 746 666 ἐπειδὴ
768 629 815 656 καὶ
829 631 844 656 ὁ
860 638 912 656 πα-

123 678 177 714 τὴρ
200 677 282 705 αὑτοῦ
308 677 360 714 πρὸ
381 676 462 704 αὐτοῦ
488 676 608 712 ψεύστης
632 673 675 711 ἦν,
699 676 747 711 οὐχ
771 676 785 702 ὁ
817 675 911 710 Ἀδὰμ,

123 724 182 765 αλλ’
206 725 220 751 ὁ
239 723 362 755 διάϐολος
373 731 380 738 ·
397 719 428 749 οὖ
447 723 496 758 τὴν
516 722 631 758 μίμησιν
648 721 725 756 ἔσχεν
746 722 774 748 ὲν
790 722 822 756 τῇ
837 720 914 747 ἀδελ-

125 770 266 805 φοκτονίᾳ,
286 769 370 804 μίσει,
385 768 432 795 καὶ
451 768 489 803 τῷ
510 767 613 802 ψεύδει,
638 766 767 802 καὶπρὸς
781 766 847 792 Θεὸν
871 767 914 792 ἀν-

124 816 247 851 τιλογίᾳ,
270 815 310 850 τῷ
332 815 431 849 λέγειν,
445 814 494 849 Μὴ
515 814 616 849 φύλαξ
632 813 691 848 εἰμὶ
708 813 761 840 τοῦ
780 812 913 847 ἀδελφοῦ

123 871 200 897 you;
216 862 277 888 Οὐκ
291 859 357 888 οἶδα
371 861 429 888 ποῦ
446 860 541 887 ἔστιν.
560 859 638 886 Οὖτω
659 860 706 886 καὶ
718 860 731 885 ὁ
743 858 863 890 διάϐολος
875 857 914 893 τῷ

125 908 223 946 Κυρίῳ
237 907 303 943 φησί
314 916 320 922 ·
348 907 397 941 Μὴ
413 907 527 941 δωρεὰν
541 906 658 933 σέϐεται
682 905 746 932 Ἰὼϐ
759 905 813 932 τὸν
827 905 915 938 Geor;

132 953 242 989 Ἐπειδὴ
259 953 314 989 γὰρ
328 953 409 985 αὐτὸς
422 953 436 979 ὁ
453 953 575 984 διάϐολος
597 951 636 987 τῷ
650 951 739 986 ψεύδει
755 951 846 986 ἀπατᾷ
867 950 917 986 τὴν

127 998 200 1026 Εὕαν
219 1000 325 1026 καὶτὸν
351 999 445 1034 Ἀδὰμ,
463 999 546 1034 ἔτερα
566 998 624 1025 ἀνθ’
644 998 744 1033 ἑτέρων
757 997 854 1031 λέγων,
870 996 917 1023 καὶ

127 1045 220 1080 φιλίαν
236 1045 422 1080 προσποιητὴν
443 1044 661 1079 ἐνδεικνύμενος,
676 1044 718 1069 δτι
735 1043 864 1069 Ἔσεσθε
878 1042 917 1075 ὡς

127 1091 199 1124 θεοὶ,
221 1092 269 1118 καὶ
293 1092 348 1118 οὐκ
371 1091 585 1118 ἀποθανεῖσθε·
606 1090 699 1116 τοῦτον
717 1089 883 1125 μιμούμενος
904 1090 918 1115 ὁ

129 1137 206 1169 Κάῖν,
223 1138 398 1173 προσχήματι
416 1137 590 1172 φιλαδελφίας
611 1137 702 1171 ἠπάτα
723 1136 768 1162 τὸν
793 1135 916 1169 ἀδελφὺν,

127 1183 215 1218 λέγων
226 1190 234 1199 ·
250 1183 415 1218 Διέλθωμεν
429 1184 471 1215 εις
486 1182 519 1209 τὸ
544 1181 658 1208 πεδίον.
679 1181 728 1208 Διὰ
751 1181 829 1208 τοῦτο
843 1182 889 1208 καὶ
904 1182 918 1207 ὁ

129 1228 207 1263 ἅγιος
226 1228 353 1264 Ἰωάννης
374 1226 467 1254 εἶπεν·
492 1228 522 1254 '0
535 1226 635 1262 μισῶν
651 1226 704 1253 τὸν
719 1226 852 1261 ἀδελφὸν
865 1227 918 1253 αὺ-

129 1275 194 1307 τοῦ,
212 1272 301 1307 οὗτος
320 1275 355 1306 οὐ
377 1274 560 1301 τετελείωται
576 1274 610 1301 ὲν
626 1272 663 1308 τῇ
676 1272 787 1308 ἀγάπῃ.
799 1273 867 1300 ἀλλ’
885 1273 919 1299 ἐκ

131 1322 185 1349 τοῦ
203 1321 276 1349 Κάιν
288 1321 374 1348 ἐστίν
385 1329 392 1336 ·
420 1320 466 1347 ὅτι
480 1319 637 1347 ἀπέκτεινε
652 1319 705 1346 τὸν
720 1318 853 1353 ἀδελφὸν
868 1320 921 1345 αὺ-

131 1367 194 1395 τοῦ.
212 1367 268 1394 Καὶ
281 1367 330 1394 διὰ
350 1367 379 1393 τί
394 1365 488 1393 αὑτὸν
505 1365 697 1393 ἀπέκτεινεν·
716 1365 780 1391 Ὅτι
806 1362 845 1400 ἦν
867 1371 919 1391 πο-

131 1413 209 1447 νηρὰ
221 1413 257 1440 τὰ
270 1413 342 1447 ἔργα
354 1412 446 1439 αὑτοῦ
458 1420 465 1428 ·
492 1412 539 1438 καὶ
561 1410 681 1446 ἐζήλωσε
700 1410 733 1436 τὰ
748 1410 815 1446 ἔργα
828 1410 919 1443 αὑτοῦ,

131 1459 174 1485 ὅτι
186 1456 219 1494 ἦν
237 1458 316 1485 καλά.
339 1458 417 1485 Οὕτω
431 1458 478 1484 καὶ
493 1453 577 1490 οὗτοι,
594 1457 693 1493 μᾶλλον
710 1456 869 1492 φθονοῦντες
883 1456 922 1492 τῷ

134 1502 227 1535 Ἅϐελ,
245 1502 283 1538 τῷ
300 1503 370 1529 καλὰ
381 1502 469 1538 ἔχοντι
491 1502 571 1538 ἔργα,
586 1503 632 1529 τὸν
649 1502 677 1529 δὲ
693 1502 762 1528 Κάῐν
779 1502 921 1537 τιμῶντες,

134 1548 194 1581 πῶς
209 1549 270 1576 οὐκ·
281 1548 447 1584 ἐλέγχονται,
462 1548 610 1584 διαρρήδην
626 1546 673 1575 τοῦ
691 1548 816 1584 Σωτῆρος
832 1548 923 1583 λέγον-
937 1564 958 1592 c

133 1603 190 1627 τος,
217 1595 265 1622 καὶ
285 1595 421 1630 ἀπότομον
444 1594 582 1629 ἀπόφασιν
607 1594 743 1629 ὁρίζοντος
768 1594 868 1627 αὐτοῖς,
883 1595 924 1621 δτι

135 1641 341 1676 Ζητηθήσεται
365 1641 425 1668 ἀπὸ
444 1640 499 1676 τῆς
522 1640 627 1675 γενεᾶς
647 1642 759 1675 ταύτης
775 1640 837 1668 πᾶν
854 1638 926 1676 αἷμα

134 1688 255 1715 δίκαιον·
270 1687 328 1715 ἀπὸ
356 1688 441 1715 Ἅϐελ
456 1687 509 1714 τοῦ
526 1687 643 1714 δικαίου
660 1686 692 1713 τὸ
707 1687 757 1714 ἀπ’
771 1686 867 1721 ἀρχῆς
877 1686 927 1712 ὲκ-

136 1733 303 1769 κεχυμένον
319 1733 374 1766 ἕως
387 1733 534 1768 Ζαχαρίου
551 1733 603 1760 τοῦ
620 1731 784 1767 προφήτου,
814 1729 850 1759 οὗ
871 1732 927 1759 ἀπ-

135 1779 286 1806 εκτείνατε
298 1779 395 1814 μέσον
407 1779 460 1806 τοῦ
474 1779 548 1806 ναοῦ
564 1779 612 1806 καὶ
627 1779 679 1806 τοῦ
694 1778 926 1813 θυσιαστηρίου,

138 1826 186 1853 καὶ
199 1825 234 1852 τὰ
247 1825 328 1860 ἐξῆςς

175 1872 221 1905 ς’.
243 1872 298 1898 Οὐκ
315 1871 368 1906 ἄρα
384 1870 484 1904 τοίνυν,
501 1871 538 1902 ὼς
553 1866 626 1897 οὗτοι
646 1879 724 1905 φασι,
741 1870 784 1897 διὰ
801 1870 900 1904 γνῶσιν
915 1869 929 1896 ὁ

145 1918 246 1949 Ἰούδας
260 1918 403 1953 παρέδωκε
419 1917 464 1944 τὸν
476 1918 600 1954 Σωτῆρα·
617 1917 678 1944 οὐδὲ
699 1917 819 1944 Ἰουδαῖοι
834 1916 930 1951 μισθὸν

138 1963 231 1998 έχουσι
244 1962 451 1998 σταυρώσαντες
465 1962 509 1988 τὸν
521 1962 634 1997 Κύριον,
647 1962 735 1988 καίτοι
749 1970 780 1996 γε
791 1961 835 1988 διὰ
847 1970 929 1988 σταυ-

141 2010 188 2046 ροῦ
204 2009 320 2045 ἑχόντων
335 2009 413 2045 ἡμῶν
428 2009 477 2045 τὴν
492 2009 638 2045 σωτηρίαν.
656 2008 724 2035 Οὔτε
735 2007 789 2043 γὰρ
806 2007 930 2043 παρέδω-

139 2065 188 2083 κεν
204 2055 285 2082 αὑτὸν
302 2057 316 2082 ὁ
338 2055 449 2087 Ἰούδας,
466 2055 509 2082 ἵνα
522 2054 634 2090 γένηται
648 2054 714 2089 ἡμῖν
728 2054 767 2085 είς
783 2053 929 2088 σωτηρίαν·

140 2102 210 2129 ἀλλὰ
223 2103 283 2128 κατ’
297 2101 418 2136 ἄγνοιαν,
443 2101 535 2136 ζῆλον,
559 2101 604 2127 καὶ
619 2099 801 2136 φιλαργυρίαν
818 2100 931 2135 ἀρνησι-
953 2134 957 2140 _

142 2147 227 2179 θεῒας.
247 2147 306 2174 Κᾶν
320 2155 349 2173 τε
364 2147 418 2182 γὰρ
433 2147 496 2182 ετπῃ
514 2147 531 2182 ἡ
546 2145 641 2182 Γραφὴ
661 2145 706 2172 τὸν
729 2144 846 2180 Χριστὸν
867 2144 932 2179 μέλ-

141 2192 222 2219 λοντα
237 2191 345 2227 σταυρῷ
356 2190 561 2226 παραδίδοσθαι,
575 2190 592 2226 ἢ
606 2189 658 2216 κᾶν
671 2188 743 2215 εἴποι
756 2189 773 2224 ὴ
789 2187 848 2214 θεία
860 2187 932 2223 Γρα-

961 260 1026 287 rm'hi
1040 259 1120 291 dare,
1136 264 1160 285 et
1177 246 1222 292 ego
1239 264 1298 283 eum
1322 253 1393 282 vobis
1412 251 1516 279 tradam
1528 249 1560 276 ’τι
1585 248 1618 275 Et
1629 268 1637 280 ,
1653 246 1751 279 Quem-

961 314 1062 341 cunque
1074 304 1209 332 osculatus
1226 303 1301 337 fuero
1317 301 1372 335 ipse
1388 303 1437 332 est,
1451 301 1532 325 tenete
1548 303 1607 323 eum
1617 294 1640 321 ⁵.
1654 292 1687 319 Et
1706 299 1752 319 ac—

961 338 1062 380 cedens
1076 350 1206 382 traditur,
1222 348 1293 379 Ave,
1315 345 1412 380 inquit,
1433 343 1516 370 Rabbi
1532 342 1553 374 ⁵,
1571 340 1651 367 labiis
1664 338 1752 365 hono-

962 406 1026 426 rans
1039 417 1046 428 ,
1061 404 1109 424 cor
1125 399 1215 423 autem
1231 394 1312 428 longe
1324 391 1402 418 aDeo
1418 392 1552 417 remotum
1568 393 1665 421 gerens
1677 385 1698 411 “.

998 444 1031 471 ν.
1052 442 1234 477 Quamobrem
1249 439 1295 467 hic
1313 435 1450 465 illeJudas
1466 437 1519 466 est,
1534 433 1616 468 quiet
1629 431 1751 466 ipsorum

961 498 1074 526 parens,
1098 492 1125 517 et
1147 492 1258 523 propter
1269 484 1397 512 Numinis
1420 480 1627 515 abnegationem
1660 475 1754 511 prodi-

963 538 1119 572 tionemque
1131 536 1247 563 Satanas
1261 533 1321 565 fuit,
1331 536 1357 559 et
1369 530 1507 558 voluntate
1521 535 1574 554 non
1586 529 1683 553 natura
1693 523 1753 551 dia-

963 583 1055 616 bolus,
1075 569 1208 616 idemque
1222 578 1362 607 mendacis
1386 584 1418 604 ac
1432 574 1574 611 parricida:
1589 571 1668 600 Caini
1685 569 1754 597 dun-

963 636 1038 659 taxat
1057 630 1210 658 imitatione
1229 628 1318 659 ﬁlius;
1337 621 1558 661 quandoquidem
1574 623 1601 648 et
1613 618 1674 654 ejus
1693 620 1755 643 ante

964 678 1052 713 ipsum
1067 681 1144 712 pater
1155 673 1270 702 mendax
1283 672 1332 699 fuit
1347 678 1400 698 non
1411 669 1542 698 Adamus,
1557 664 1605 694 sed
1616 662 1753 691 diabolus:

963 724 1043 759 cujus
1060 724 1086 750 in
1104 722 1223 748 fraterna
1238 718 1322 750 caede,
1339 717 1458 750 odioque
1473 721 1505 741 ac
1521 709 1666 740 mendacio
1683 707 1756 736 simi-

964 754 1107 799 litudinem
1126 765 1274 802 expressit:
1294 768 1352 791 tum
1368 770 1401 790 eo
1415 762 1528 795 insuper
1543 759 1607 793 ipso
1622 754 1695 791 quod
1711 754 1756 781 bis

964 817 1053 845 verbis
1068 815 1123 842 Deo
1144 811 1324 841 contradixit:
1345 809 1417 836 Num
1432 811 1519 834 custos
1537 803 1628 840 fratris
1643 802 1694 829 mei
1711 808 1756 835 ego

965 865 1045 891 sum?
1070 862 1119 889 Ubi
1139 861 1173 888 sit
1193 858 1308 887 nescio’.
1337 851 1572 889 Quemadmodum
1593 853 1620 877 et
1641 846 1756 874 Domino

967 909 1091 937 diabolus
1111 906 1231 942 loquitur
1247 914 1254 932 :
1274 904 1346 931 Num
1364 903 1465 938 frustra
1483 898 1534 926 Job
1551 897 1623 924 timet
1639 894 1721 921 Deum
1733 892 1758 942 f?

967 954 1101 988 Quoniam
1113 936 1185 980 enim
1204 949 1329 978 diabolus
1343 936 1403 983 ipse
1418 945 1502 972 Evam
1517 947 1545 970 et
1552 940 1685 968 Adamum
1699 936 1757 965 suis

967 1001 995 1029 in
1016 999 1139 1027 fraudem
1163 995 1315 1024 mendaciis
1340 992 1499 1028 impulerat,
1519 988 1587 1016 falsa
1610 993 1659 1022 pro
1684 984 1758 1011 veris

969 1053 1117 1082 usurpans,
1126 1052 1157 1071 ac
1169 1042 1326 1070 simulatam
1340 1037 1487 1066 amicitiam
1500 1034 1646 1069 objiciens:
1662 1029 1756 1060 Erilis,

969 1093 1067 1128 inquit,
1082 1092 1150 1119 sicut
1165 1089 1213 1122 dii,
1225 1093 1249 1115 et
1263 1095 1316 1114 non
1329 1083 1510 1114 moriemini”;
1526 1080 1599 1108 hunc
1616 1077 1758 1106 aemulatus

968 1121 1037 1167 Cain
1057 1138 1186 1166 fraternae
1200 1133 1344 1162 charitatis
1358 1130 1450 1166 specie
1464 1132 1623 1163 germanum
1641 1121 1758 1156 decepit,

969 1186 1012 1213 his
1033 1184 1122 1212 verbis
1141 1182 1299 1216 alloquens:
1322 1175 1497 1212 Egrediamur
1516 1170 1631 1207 foras”.
1656 1168 1760 1196 Idcirco

970 1232 1067 1259 beatus
1081 1229 1201 1256 Joannes
1216 1227 1252 1254 ita
1271 1224 1367 1253 scribit
1387 1232 1393 1249 :
1407 1221 1459 1255 Qui
1472 1219 1526 1247 odit
1546 1218 1656 1252 fratrem
1671 1221 1759 1245 suum,

971 1277 1050 1312 281
1070 1275 1110 1302 hic
1125 1274 1151 1300 in
1168 1272 1297 1300 charitate
1311 1268 1441 1304 perfectus
1466 1273 1518 1293 non
1532 1267 1582 1295 est,
1606 1260 1650 1288 sed
1676 1263 1715 1286 est
1729 1265 1762 1285 ea;

971 1307 1073 1354 an};
1099 1319 1223 1356 quoniam
1243 1317 1353 1352 fratrem
1377 1321 1454 1341 suum
1471 1309 1576 1338 occidit.
1603 1307 1635 1333 Et
1657 1309 1762 1340 propter

970 1369 1032 1405 quid
1040 1365 1218 1395 occiditeum?
1231 1362 1361 1396 Quoniam
1370 1356 1450 1394 'opera
1462 1349 1761 1392 ejusmalignacrant“;

972 1399 999 1442 et
1018 1414 1092 1441 illius
1111 1411 1209 1439 invidit
1230 1408 1371 1444 operibus.
1396 1404 1524 1440 quoniam
1545 1403 1624 1429 erant
1637 1399 1761 1426 honesta.

973 1459 1019 1487 Sic
1030 1459 1068 1486 illi
1085 1458 1169 1485 Abelo
1197 1443 1288 1491 potius
1308 1452 1474 1481 invidentes,
1493 1447 1574 1482 cujus
1591 1443 1762 1491 operakh‘oua

973 1508 1049 1536 sunt,
1066 1507 1093 1531 et
1103 1502 1218 1530 Cainum
1234 1500 1412 1528 honorantes,
1429 1501 1519 1522 nonne
1531 1492 1573 1519 vel
1589 1489 1656 1525 ipsis
1669 1487 1764 1515 Salva-

974 1549 1041 1576 toris
1053 1548 1144 1576 verbis
1156 1545 1301 1574 manifeste
1310 1541 1528 1576 red-arguuntur:
1545 1535 1591 1572 qui
1606 1535 1632 1562 in
1644 1533 1706 1560 illos
1721 1539 1765 1559 sc—

977 1602 1038 1622 rere
1060 1602 1092 1620 ac
1115 1593 1174 1621 sine
1198 1591 1253 1618 ulla
1282 1586 1508 1624 tergiversatione
1530 1581 1692 1610 sententiam
1713 1577 1766 1604 hoc

976 1641 1057 1668 modo
1075 1639 1154 1666 tulit:
1183 1636 1338 1672 Requiretur
1361 1634 1393 1661 ab
1409 1632 1458 1658 hac
1475 1628 1640 1666 generatione
1659 1625 1766 1660 sanguis

977 1687 1061 1715 omnia
1073 1686 1175 1722 justus,
1188 1671 1234 1719 qui
1247 1683 1345 1717 e/fusus
1357 1684 1395 1707 est
1411 1679 1442 1706 ab
1452 1677 1519 1705 Abet
1527 1676 1600 1711 justo
1612 1682 1627 1700 a
1639 1671 1767 1708 principio

978 1741 1059 1768 usque
1073 1718 1108 1758 ad
1123 1718 1282 1757 Zachariam
1296 1725 1461 1762 prophetam,
1474 1730 1550 1756 quem
1561 1719 1693 1748 occidistis
1701 1718 1769 1744 inter

979 1778 1104 1814 templum
1113 1781 1137 1804 et
1146 1775 1231 1802 altare
1238 1774 1277 1801 "'3
1292 1777 1344 1801 etc.

1014 1865 1060 1892 Vl.
1074 1863 1184 1891 Falsum
1200 1862 1282 1898 igitur
1296 1864 1349 1893 est,
1364 1858 1437 1895 quod
1454 1857 1500 1885 isti
1514 1856 1652 1892 iactitant.
1666 1853 1768 1881 Judam

981 1912 1016 1940 ob
1031 1918 1091 1938 eam
1113 1917 1197 1946 quam
1213 1907 1332 1935 habebat
1354 1905 1498 1933 scientiam
1516 1902 1685 1930 Salvatorem
1705 1907 1770 1935 pro—

981 1958 1103 1986 didisse:
1122 1956 1246 1990 adeoque
1261 1960 1312 1980 nec
1332 1951 1384 1986 ipsi
1408 1949 1494 1977 Judaei
1515 1948 1627 1976 Christo
1646 1947 1673 1973 in
1689 1952 1771 1973 cruce

981 2003 1077 2031 suffixo
1103 2001 1256 2029 mercedem
1275 1995 1416 2025 consecuti
1441 1999 1515 2026 sunt,
1536 1992 1661 2029 quamvis
1679 1991 1771 2018 crucis

983 2049 1066 2077 nobis
1080 2047 1214 2076 beneﬁcio
1232 2045 1307 2073 salus
1322 2042 1474 2071 obvenerit.
1493 2040 1552 2067 Non
1567 2039 1639 2066 enim
1657 2042 1686 2065 ut
1699 2037 1773 2065 salu-

983 2101 1038 2124 tem
1054 2093 1134 2121 nobis
1146 2091 1265 2122 aﬂ'erret,
1277 2089 1364 2117 Iudas
1379 2088 1455 2115 illum
1469 2085 1597 2118 tradidit;
1614 2083 1662 2112 sed
1672 2083 1772 2119 partim

983 2138 1150 2176 ignorantia,
1162 2137 1262 2173 partim
1277 2134 1389 2167 invidia,
1401 2137 1428 2161 et
1443 2132 1557 2160 avaritia
1571 2130 1773 2163 ductus,quam

984 2193 1047 2213 cum
1065 2184 1112 2212 Dei
1122 2183 1310 2218 :abnegatione
1329 2180 1519 2216 conjunxerat.
1537 2176 1645 2204 Etenim
1665 2175 1730 2202 licet
1745 2174 1774 2200 in

143 2239 182 2274 φὴ
198 2238 231 2265 τὰ
245 2238 288 2264 ἐπ’
305 2220 431 2272 ἐσχάτωί
462 2236 516 2263 τῶν
533 2220 643 2272 ἡμερῶν
653 2236 686 2262 δι’
705 2220 783 2271 ἡμῶν
796 2220 924 2262 ἐπιτελού-

987 2239 1097 2260 crucem
1115 2234 1206 2257 actum
1233 2229 1266 2256 iri
1285 2227 1425 2255 Christum
1444 2225 1585 2260 Scriptura
1601 2220 1774 2258 praedixerit;

145 2293 215 2321 μενα
229 2284 404 2319 ἀτοπὴματα,
421 2283 451 2309 οὺ
469 2282 578 2314 πάντως
593 2281 667 2317 εὖροι
682 2281 714 2308 ἄν
730 2289 772 2312 τις
788 2280 867 2316 ἡμῶν
878 2280 933 2307 τῶν

143 2330 179 2357 τὰ
192 2329 338 2365 παράνομα
348 2328 522 2364 πραττόντων
532 2326 691 2360 ἀπολογίαν,
704 2325 753 2361 τὴν
764 2325 814 2361 τῆς
824 2325 936 2361 Γραφῆς

146 2375 300 2412 μαρτυρίαν
310 2374 464 2410 προφέρων,
477 2372 712 2409 προθεσπιζούσης
719 2371 806 2399 ταῦτα
816 2371 936 2399 ἔσεσθαι.

146 2422 184 2448 Οὺ
197 2421 250 2458 γὰρ
264 2421 303 2447 ὅτι
327 2418 403 2446 εἶπεν
422 2420 439 2455 ἡ
456 2419 562 2455 Γραφὴ,
580 2418 721 2454 ποιοῦμεν·
738 2418 795 2445 ἀλλ’
808 2418 848 2445 ὅτι
863 2418 939 2454 ἐμέλ-

145 2468 229 2503 λομεν
247 2468 344 2498 ποιεῖν,
361 2467 490 2502 προεῖπεν
507 2466 524 2500 ἡ
544 2465 650 2501 Γραφὴ,
666 2464 710 2490 διὰ
731 2464 781 2500 τὴν
799 2463 847 2490 τοῦ
872 2463 939 2490 Θεοῦ

147 2514 315 2550 πρόγνωσιν,
327 2513 375 2539 καὶ
387 2512 430 2539 ἴνα
444 2511 521 2542 Θεὸς,
535 2510 637 2545 ἀγαθὸς
647 2510 789 2546 ὑπάρχων,
803 2510 941 2546 ἐπιφέρων

146 2561 176 2588 δὲ
191 2560 241 2596 τὴν
255 2559 340 2595 ὀργὴν
356 2557 427 2585 κατὰ
441 2557 495 2584 τῶν
509 2557 732 2593 ἁμαρτανόντων,
750 2555 788 2592 μὴ
799 2555 940 2591 ὑποληφθῇ

147 2606 230 2633 πάθει
245 2605 436 2640 συνεχόμενος.
457 2604 489 2630 Ἠ
506 2603 561 2639 γὰρ
576 2603 636 2630 καθ’
652 2603 767 2630 ἕκαστον
783 2602 837 2629 τῶν
853 2602 942 2637 ἁμαρ-

148 2652 283 2679 τανόντων
299 2651 374 2686 παρὰ
390 2650 458 2677 Θεοῦ
476 2649 545 2685 ὀργὴ
561 2650 610 2676 οὐκ
625 2649 678 2676 ἀπὸ
691 2649 794 2680 πάθους
811 2648 940 2684 ὁρμᾶται.

155 2698 273 2730 Ἀπαθὲς
290 2697 345 2733 γὰρ
361 2698 392 2723 τὸ
409 2697 484 2724 Θεῐον
504 2706 511 2712 ·
532 2697 658 2732 ἐπιφέρει
676 2696 704 2722 δὲ
720 2695 770 2732 τὴν
783 2695 867 2730 ὀργὴν
882 2695 945 2721 κατ’

150 2744 297 2779 ἄνθρωπον
311 2745 333 2776 ’,
354 2743 385 2770 οὺ
403 2742 484 2769 πάθει
509 2743 611 2778 ληφθὲν
640 2742 865 2776 ἀγανακτήσεως,
883 2739 942 2766 οὐδὲ

150 2791 220 2826 ὀργῇ
230 2789 348 2826 ἡττηθὲν
358 2790 404 2816 καὶ
417 2789 610 2825 κρατούμενον.
623 2788 748 2814 Δείκνυσι
759 2787 814 2822 γὰρ
829 2787 858 2813 τὸ
870 2787 941 2813 ἀπα-

191 2868 199 2908 :
218 2866 246 2892 ιε’.
268 2866 399 2902 ἐσχάτων.
435 2866 445 2881 ¹
459 2865 489 2892 F.
518 2864 679 2901 ἀνθρώπων,
723 2865 733 2881 ³
749 2865 840 2892 Matth.
868 2872 941 2896 tum,
972 2864 1014 2891 15.
1054 2864 1064 2879 ⁸
1077 2863 1160 2890 Marc.
1188 2867 1243 2892 Juv,
1281 2859 1325 2886 44.

191 2911 247 2928 .en.
264 2911 300 2928 1v.
313 2903 342 2928 9.
378 2902 388 2918 ⁸
401 2901 453 2928 .loh
472 2909 492 2928 1.
505 2902 532 2928 9.
576 2900 663 2928 “Gen.
681 2901 752 2928 111.4.
767 2901 792 2928 5.
845 2900 872 2928 .¹⁰
888 2898 954 2928 Gen.
973 2907 1009 2928 1v.
1024 2900 1049 2928 8.
1093 2898 1128 2924 “l
1142 2897 1220 2925 Jontl-
1241 2902 1271 2928 Il.
1284 2895 1314 2922 Π

845 2902 872 2933 ,η
888 2902 954 2928 Gen.
973 2907 1009 2933 ιν,
1024 2902 1049 2928 8.
1093 2902 1128 2924 ιιι
1142 2902 1220 2925 toan.
1241 2902 1271 2929 ιι,
1284 2902 1335 2929 11;

153 2903 164 2920 "
178 2902 247 2931 Gen.
264 2900 342 2937 1v,"9.
378 2902 388 2918 ⁸
401 2901 453 2931 Job
472 2909 492 2934 ι,
505 2902 532 2929 9.
571 2900 663 2929 ‘Gen.
681 2901 752 2935 111,4,
767 2901 792 2929 5.

986 2286 1019 2306 ac
1037 2285 1097 2312 quae
1112 2275 1257 2312 postremis
1271 2273 1441 2309 temporibus
1457 2279 1472 2298 a
1486 2270 1565 2298 nobis
1580 2265 1775 2296 committenda

988 2328 1053 2352 sunt
1067 2323 1170 2350 scelera
1192 2320 1239 2348 diu
1262 2323 1324 2347 ante
1338 2318 1511 2354 signiﬁcarit,
1529 2315 1644 2347 nullam,
1667 2313 1689 2341 si
1706 2311 1777 2339 male

989 2370 1132 2407 quidpiam
1145 2368 1294 2404 egerimus,
1311 2374 1344 2393 ex
1359 2366 1426 2393 iisce
1439 2363 1587 2398 Scriptum
1598 2358 1775 2389 testimoniis,

990 2405 1092 2452 quaeid
1111 2415 1234 2442 futurum
1255 2411 1448 2449 praenuntiant,
1469 2408 1674 2437 excusationem
1695 2405 1774 2432 hahe-
1798 2415 1799 2418 η

989 2451 1092 2491 bimus.
1118 2461 1213 2496 Neque
1241 2460 1314 2487 enim
1337 2457 1411 2494 quod
1439 2456 1581 2490 Scriptura
1608 2451 1776 2489 praedixerit,

990 2509 1093 2537 idcirco
1103 2515 1134 2535 ea
1152 2507 1268 2534 facimus
1282 2515 1289 2539 ;
1306 2504 1354 2533 sed
1366 2503 1438 2539 quod
1454 2501 1551 2529 facturi
1568 2507 1688 2531 eramus,
1705 2497 1779 2525 Scri-

990 2558 1072 2590 ptura
1090 2552 1227 2589 pradixit,
1245 2551 1281 2578 ob
1298 2549 1504 2577 antecedentem
1523 2546 1570 2574 Dei
1588 2544 1715 2572 videlicet
1732 2550 1780 2570 co-

991 2600 1152 2636 gnitionem,
1168 2602 1249 2632 atque
1271 2600 1300 2623 ut
1312 2595 1384 2623 Deus
1399 2595 1467 2630 ipse.
1482 2593 1528 2628 qui
1548 2593 1637 2620 bonus
1650 2594 1703 2622 est,
1717 2597 1780 2616 cum

993 2645 1124 2672 adversus
1140 2646 1301 2679 peccatores
1323 2641 1391 2668 iram
1417 2642 1536 2670 exercet,
1561 2645 1616 2664 non
1638 2635 1781 2671 perturba-

994 2691 1069 2717 tione
1085 2689 1176 2724 aliqua
1191 2691 1345 2715 commotus
1355 2693 1418 2714 esse
1435 2684 1570 2712 videatur.
1585 2682 1633 2709 Dei
1645 2679 1782 2716 siquidem

996 2737 1128 2764 adversus
1155 2738 1313 2771 peccatores
1335 2733 1473 2768 quoslibet
1492 2729 1642 2765 indignatio
1664 2735 1719 2754 non
1749 2725 1784 2753 ab

999 2785 1054 2811 ulla
1071 2782 1155 2810 animi
1172 2781 1378 2817 perturbatione
1395 2777 1598 2813 proﬁciscitur;
1613 2778 1688 2803 caret
1710 2773 1784 2801 enim

1365 2858 1376 2874 ⁸
1389 2857 1455 2884 ibid.
1471 2855 1516 2883 45.
1554 2855 1564 2870 ⁶
1583 2853 1634 2880 Isa.
1650 2851 1783 2883 xxtx,15.

1357 2901 1397 2927 111,
1411 2892 1454 2920 i2.
1494 2892 1515 2907 ιι
1532 2889 1624 2917 Matth.
1646 2895 1723 2919 xxm,
1738 2887 1783 2914 35.
