1952 3045
199 111 252 140 663

907 107 940 136 S.
960 108 1129 138 EPIPIIANII

1776 118 1832 146 663

197 172 273 201 onmi
290 171 497 206 perturbatione
510 171 592 199 Deus.
604 171 656 199 Sed
669 170 737 198 iram
753 178 829 198 more
842 169 977 198 hominun

1037 170 1082 203 θὲς
1097 172 1111 198 ὁ
1124 171 1200 204 Θεὺς,
1222 172 1360 209 προειπὼν
1378 173 1427 209 τὴν
1447 174 1580 210 ἐσομένην
1601 175 1702 212 κρίσιν,
1717 178 1764 204 καὶ
1779 178 1834 214 τὴν

198 223 326 244 exercere
348 215 461 248 dicitur,
478 224 532 243 non
555 217 610 243 ullo
634 224 716 243 sensu
742 215 847 243 doloris
862 215 986 247 aﬁ'ectus,

198 271 248 290 nec
264 263 407 289 iracundia
432 266 587 297 superatus.
606 262 662 289 lmo
685 269 749 289 vero
769 265 936 296 quantopere
955 268 987 288 ea

197 312 275 335 vacet
295 309 346 335 hoc
369 308 428 342 ipso
451 308 584 340 declarat,
606 307 679 342 quod
697 307 819 334 futurum
838 307 985 342 judicium,

196 354 421 388 acjnslissimam
443 354 710 382 animadversionem
733 353 886 386 denuntiat,
908 357 937 380 ut
947 361 986 381 -se

196 400 392 427 commotionis
404 400 494 427 omnis
509 404 648 435 expertem
662 407 722 427 esse
735 399 912 427 demonstret.
926 399 984 427 Hoc

195 445 280 480 igitur
295 445 450 472 futurorum
471 446 585 480 praescia
614 445 756 480 Scriptura
777 444 923 480 signiﬁcat,
945 446 984 473 uti

195 491 334 518 cautiores
350 498 400 518 nos
416 490 511 517 reddat
535 498 567 517 ac
581 490 799 522 condocefaciat,
816 498 849 517 ne
863 491 982 526 inexpia-

1038 217 1144 244 δικαίαν
1159 218 1223 253 παρ’
1238 219 1320 246 αὑτοῦ
1335 219 1468 255 τιμωρίαν
1483 221 1637 256 γινομένην·
1656 223 1699 249 ἵνα
1712 223 1743 250 τὸ
1758 225 1834 252 ἀπα-

1039 262 1083 294 ϐὲς
1099 263 1207 300 σημάνῃ
1223 264 1272 299 τῆς
1293 264 1429 300 θεότητος.
1449 266 1567 300 Προείπε
1582 267 1672 293 τοίνυν
1687 269 1703 303 ἡ
1722 268 1832 305 Γραφὴ,

1040 308 1109 334 κατὰ
1125 309 1276 344 πρόγνωσιν
1292 310 1563 346 προασφαλιζομένη,
1585 314 1636 339 καὶ
1653 313 1831 347 διδάσκουσα,

1038 354 1080 380 ἵνα
1098 354 1135 389 μὴ
1149 354 1314 390 ἐμπέσωμεν
1328 356 1369 387 εἰς
1385 356 1470 392 ὀργὴν
1484 357 1633 392 ἀνήκεστον
1647 358 1726 391 Θεοῦ,
1738 359 1788 395 τὴν
1798 361 1831 386 οὐ

1037 399 1118 426 πάθει
1127 400 1291 436 ὁρισθεῖσαν,
1305 401 1366 428 οὐδὲ
1376 403 1578 438 συμῦαίνουσαν
1588 404 1641 431 ἀπο
1657 405 1741 441 ἥττης
1761 407 1832 434 ἀλλὰ

1037 445 1194 472 δικαιότατα
1209 447 1265 478 τοῖς
1282 446 1331 482 τὴν
1348 447 1486 483 ἁμαρτίαν
1499 449 1656 476 ἐκτελοῦσιν
1674 450 1832 486 ἀνθρώποις

1038 491 1309 526 προετοιμασθεῖσαν,
1323 493 1370 519 καὶ
1385 494 1424 529 μὴ
1438 494 1614 529 μετανοοῦσιν
1631 495 1661 527 ἐξ
1675 496 1813 530 ἀληθείας.

195 536 275 563 bilem
291 536 339 564 Dei
363 537 390 563 in
422 537 598 564 oliensionem
613 538 785 564 incurramus
802 545 863 572 qua:
888 544 943 564 non
961 537 1165 571 perturbatione
1185 537 1314 565 deﬁnitur
1334 539 1398 571 ulla,
1420 547 1470 567 nec
1503 540 1575 568 velut
1613 540 1684 568 victo
1715 548 1747 568 ac
1766 549 1833 569 suc.

196 583 331 609 cumbenti
348 582 466 615 accidit;
487 582 534 609 sed
560 582 718 610 hominibus
749 583 783 610 iis
803 590 873 618 quos
896 583 1032 611 scelerum
1046 583 1127 618 282
1143 591 1203 618 qua:
1229 585 1428 612 commiserunt
1457 591 1522 614 vere
1545 591 1628 622 atque
1648 588 1741 615 animo
1771 595 1830 615 non

195 630 318 665 νωιιὶιθι,
334 634 486 665 prmparata
502 630 612 657 dicitur.

230 675 284 702 Vll.
301 676 372 702 Idem
394 680 420 703 et
438 676 471 704 de
492 676 584 703 crucis
605 677 739 711 supplicio
758 677 880 712 cogitare
900 677 982 705 debe-

195 729 265 748 mus.
280 721 338 748 Non
355 721 427 748 cnim
444 727 587 757 propterea
602 722 674 756 quod
697 722 733 749 ita
759 722 817 749 fore
840 722 980 758 Scriptura

194 766 328 800 praedixit,
339 766 467 794 Christus
478 771 525 793 aut
540 767 567 793 in
578 774 687 793 crucem
702 774 716 793 a
726 766 827 794 Judzcis
839 771 881 794 est
893 772 981 800 actus,

194 817 241 839 aut
261 820 276 839 a
290 812 359 839 Juda
374 813 497 847 proditus
512 823 517 839 :
537 813 584 840 sed
606 813 677 847 quod
698 818 725 840 et
741 813 901 847 proditurus
919 822 980 841 eum

193 857 279 884 Iudas
298 863 380 890 esset,
398 862 425 884 et
443 858 470 885 in
482 866 592 885 crucem
610 858 697 885 acturi
714 857 811 887 Judaei.
827 858 862 885 ob
881 858 906 885 id
925 862 980 885 tam

194 904 221 931 in
233 903 332 932 Vetere
344 903 520 931 Testamento
535 904 688 939 Scriptura,
701 912 782 939 quam
797 905 823 931 in
834 904 981 939 Evangelio

194 950 326 977 Domitius
358 950 416 984 ipse
452 950 574 977 futurum
603 950 752 985 aliquando
782 950 979 985 pronuntiavit.

194 995 377 1028 Quamobrem
396 1003 451 1023 non
466 1003 498 1023 ex
516 1001 590 1023 certa
603 996 751 1031 singularis
767 996 841 1023 illius
856 996 979 1023 beneﬁcii

193 1042 306 1069 scientia
324 1041 396 1076 quod
419 1042 445 1068 in
467 1042 597 1068 mundum
614 1050 646 1069 ex
676 1050 708 1069 eo
727 1042 861 1069 derivaret
890 1041 981 1069 Domi-

192 1097 257 1115 num
279 1087 366 1115 ludas
386 1087 517 1122 prodidit,
544 1092 572 1114 ut
596 1088 633 1114 illi
660 1089 850 1122 mentiuntur;
873 1087 920 1114 sed
943 1088 980 1114 ita

194 1135 286 1169 potius
300 1139 329 1161 ut
344 1138 372 1161 et
384 1141 463 1161 stium
482 1142 543 1161 esse
556 1133 700 1160 Dominum
716 1135 837 1166 sciverit,
857 1138 883 1160 et
898 1141 979 1168 quam

193 1182 311 1215 i.lipslun
326 1180 429 1207 mundo
441 1181 562 1207 salutare
572 1184 646 1207 esset
659 1180 800 1215 ignorarit.
810 1179 916 1206 Fierinc
931 1186 976 1214 po-

193 1231 246 1253 test
258 1227 281 1253 is
294 1225 428 1253 utsalutis
440 1226 581 1252 hominum
598 1232 691 1251 curam
704 1224 844 1259 gerat,qui
860 1224 894 1250 ab
907 1224 980 1259 ipso-

192 1276 248 1300 met
267 1271 408 1299 Salvatore
427 1272 590 1307 perditionis
609 1272 680 1299 titius
692 1271 844 1306 appellatus
861 1270 977 1302 fuerit‘;

192 1323 219 1345 et
236 1318 302 1345 illud
317 1318 455 1345 audierit?
465 1317 567 1344 Bonum
576 1317 599 1344 ei
611 1322 678 1349 erat,
689 1317 711 1343 si
728 1323 807 1343 natus
820 1324 871 1343 non
886 1316 978 1350 [uisset

191 1365 267 1391 homo
279 1365 323 1391 ille
333 1365 343 1380 ’
355 1372 364 1396 ;
376 1364 456 1391 item:
469 1364 569 1394 Amice,
586 1363 620 1390 ad
633 1363 695 1398 quid
708 1364 800 1390 uenisti
810 1363 838 1389 a?
853 1367 889 1395 et,
905 1361 977 1389 Unus

191 1418 224 1437 e1:
240 1410 310 1437 vobis
327 1418 366 1437 me
382 1410 531 1437 traditurus
548 1409 625 1442 est‘;
640 1413 677 1441 et,
694 1409 746 1443 Qui
765 1409 906 1436 manducet
925 1417 973 1435 me-

192 1464 251 1482 cum
270 1464 382 1490 panem,
407 1455 499 1482 levavit
521 1460 613 1481 contra
637 1463 677 1481 me
700 1454 884 1486 calcaneum',
911 1457 939 1479 ut
963 1460 978 1480 e

1070 675 1107 700 Ζ¹.
1124 674 1202 701 Οὕτω
1217 675 1264 702 καὶ
1275 676 1321 703 ἐπὶ
1335 676 1382 704 τοῦ
1397 677 1526 713 σταυροῦ·
1538 678 1586 713 οὐχ
1597 679 1638 705 ὅτι
1649 676 1726 706 εἷπεν
1741 680 1830 716 ὴθεία

1035 721 1141 755 Γραφὴ,
1171 721 1348 758 ἐσταύρωσαν
1372 724 1395 749 οι
1432 724 1564 756 Ἰουδαῖοι,
1595 725 1642 752 καὶ
1669 726 1829 762 παρέδωκεν

1041 767 1141 798 Ἰούδας
1164 767 1209 794 τὸν
1231 768 1355 804 Σωτῆρα·
1373 769 1431 796 ἀλλ’
1458 770 1498 796 ὅτι
1530 770 1626 805 ἔμελλε
1651 772 1829 807 παραδιδόναι

1042 813 1151 846 Ἰούδας,
1173 815 1221 840 καὶ
1246 814 1368 841 Ἰουδαῖοι
1388 815 1532 851 σταυροῦν,
1554 816 1650 843 τούτου
1665 817 1747 844 ἓνεκα
1761 827 1829 854 προ-

1033 861 1110 886 εῖπεν
1134 860 1151 895 ἡ
1174 860 1233 886 Θεία
1257 861 1351 896 Γραφὴ
1375 862 1404 887 ἐν
1426 863 1458 897 τῇ
1476 862 1583 897 Παλαιᾷ
1603 863 1736 900 Διαθήκῃ,
1754 866 1827 892 καὶό

1032 905 1135 940 Κύριος
1155 906 1184 931 ἐν
1205 905 1243 940 τῷ
1264 905 1432 941 Εὐαγγελίῳ.
1450 907 1531 933 Ὥστε
1550 905 1597 934 οὖν
1612 908 1662 934 οὐκ
1679 909 1707 934 ἐν
1726 908 1826 943 γνώσει

1031 950 1081 985 τῆς
1099 950 1231 985 ἐσομένης
1249 952 1409 987 εὐεργεσίας
1423 951 1462 987 τῷ
1479 952 1574 987 κόσμῳ
1591 953 1765 987 παραδέδωκε
1779 954 1826 980 τὸν

1032 996 1134 1030 Κύριον
1149 995 1163 1021 ὁ
1188 995 1298 1028 Ἰούδας,
1324 997 1361 1028 ὡς
1383 997 1482 1023 ἐκεῖνοι
1507 997 1642 1031 λέγουσιν·
1666 998 1723 1024 ἀλλ’
1745 999 1825 1031 εἰδὼς

1033 1042 1094 1077 μὲν,
1109 1042 1149 1068 ὅτι
1165 1043 1178 1068 ὁ
1193 1043 1275 1069 αὑτοῦ
1294 1043 1434 1078 Δεσπότης
1455 1043 1588 1079 ὑπῆρχεν,
1607 1043 1712 1077 ἀγνοῶν
1724 1044 1763 1076 δὲ,
1784 1045 1826 1071 ὅτι

1032 1087 1152 1122 σωτηρία
1165 1087 1240 1114 ἔσται
1258 1088 1296 1124 τῷ
1314 1089 1419 1124 κόσμῳ.
1435 1089 1498 1120 Πῶς
1514 1089 1568 1124 γὰρ
1582 1089 1614 1116 ἂν
1629 1089 1672 1125 εἴη
1689 1090 1826 1125 σωτηρίας

1030 1132 1181 1168 ἀνθρώπων
1199 1134 1396 1168 ἐπιμελόμενος
1413 1136 1427 1161 ὁ
1448 1135 1513 1170 παρ’
1530 1134 1613 1161 αὑτοῦ
1631 1135 1678 1161 τοῦ
1699 1136 1824 1171 Σωτῆρος

1030 1178 1136 1205 ἀκούων
1156 1179 1294 1211 ἀπωλείας
1310 1180 1382 1213 υἱός;
1401 1180 1447 1206 καὶ
1468 1181 1508 1213 τὸ,
1532 1180 1677 1215 Συμφέρει
1692 1181 1782 1213 αὐτῷ,
1798 1182 1824 1207 εἰ

1030 1225 1086 1250 οὐκ
1100 1225 1255 1259 ἐγεννήθηδ
1269 1226 1315 1252 καὶ
1329 1226 1369 1258 τὸ,
1384 1225 1507 1260 Ἑταῖρε,
1519 1227 1564 1260 ἐφ’
1578 1226 1593 1253 ὃ
1608 1226 1709 1260 πάρει;
1725 1227 1770 1253 καὶ
1782 1227 1822 1258 τὸ,

1030 1268 1083 1303 Εἷς
1093 1270 1126 1301 ἐξ
1140 1270 1222 1305 ὑμῶν
1235 1271 1405 1305 παραδώσει
1413 1280 1461 1306 με·
1482 1272 1531 1298 καὶ
1542 1272 1583 1304 τὸ,
1604 1269 1631 1298 '0
1643 1273 1823 1306 ἐσθίωνμιςτ1

1029 1316 1102 1351 ἐμοῦ
1125 1317 1176 1343 τὸν
1185 1316 1284 1350 ἄρτον,
1301 1317 1394 1351 ἐπῆρε
1411 1317 1473 1343 κατ’
1496 1317 1568 1352 ἐμοῦ
1593 1318 1723 1352 πτέρναν
1733 1318 1765 1349 ¹⁰,
1785 1318 1824 1350 ὡς

1030 1362 1086 1397 ἔχει
1105 1362 1135 1388 τὸ
1153 1362 1318 1396 Εὑαγγέλιον
1341 1363 1374 1389 ἐκ
1391 1363 1576 1398 προαγούσης
1602 1364 1756 1400 μαρτυρίας
1773 1364 1822 1390 τοῦ

1030 1407 1197 1443 Ψαλτηρίου·
1216 1408 1272 1440 καὶ,
1288 1409 1360 1435 Οὐαὶ
1375 1409 1413 1435 δι’
1426 1406 1462 1436 οὗ
1478 1410 1495 1435 ό
1517 1409 1583 1442 Υἱὸς
1597 1410 1650 1436 τοῦ
1665 1410 1822 1444 ἀνθρώπου

1030 1453 1233 1488 παραδίδοται.
1245 1454 1331 1486 Αὐτὸς
1345 1454 1400 1490 γὰρ
1422 1454 1521 1486 Ἰούδας
1539 1455 1603 1490 περὶ
1618 1455 1714 1482 ἑαυτοῦ
1727 1456 1756 1482 τὸ
1767 1457 1821 1482 πᾶν

192 1501 363 1529 Psallnorum
381 1502 451 1529 libro
461 1502 470 1517 ⁸
482 1501 658 1537 Evangelium
674 1501 818 1535 expressit.
832 1501 897 1527 Item
911 1509 917 1526 :
936 1499 977 1526 Var

1033 1499 1163 1534 ὑπέφηνε,
1180 1500 1227 1526 καὶ
1240 1500 1290 1535 τὴν
1306 1500 1361 1526 τῶν
1378 1501 1562 1527 ἐπαινούντων
1575 1501 1656 1528 αὐτὸν
1670 1502 1762 1528 ἄνοιαν
1774 1502 1822 1528 καὶ

191 1549 215 1574 ei
229 1556 275 1582 per
289 1555 364 1582 quem
377 1545 465 1573 Filius
480 1547 593 1573 hominis
611 1546 760 1573 tradetur'.
777 1545 882 1572 Etenim
894 1545 979 1573 Judas

191 1594 249 1620 haec
268 1594 295 1620 in
315 1601 344 1621 se
356 1592 544 1628 comprobavit
556 1592 660 1624 omnia,
671 1598 752 1626 atque
767 1596 793 1618 et
807 1592 978 1619 laudatorum

191 1646 304 1666 suorum
328 1641 355 1665 et
380 1641 518 1665 suamniet
539 1637 598 1672 ipse
620 1637 785 1664 dementiam
810 1638 851 1664 vel
877 1637 980 1664 invitus

191 1684 321 1711 ostendit.
345 1682 412 1709 Nam
441 1686 621 1718 posteaquam
650 1686 742 1709 tamen
775 1682 885 1717 triginta
918 1682 979 1709 illos

190 1734 338 1764 argenteos
366 1730 490 1764 accepit,
515 1728 677 1764 pmnitentia
702 1729 803 1756 ductus
833 1728 977 1763 pecuniam

191 1776 264 1803 illam
282 1776 412 1808 restituit,
432 1779 561 1810 tanquam
580 1775 645 1802 mali
668 1773 771 1810 aliquid
786 1778 978 1809 perpetrasset,

190 1830 253 1850 cum
269 1823 332 1855 sibi,
353 1827 410 1849 tum
434 1822 468 1850 iis
491 1822 538 1856 qui
563 1821 639 1848 cruci
655 1820 796 1848 Christum
821 1820 976 1848 aliixerunt.

192 1869 324 1896 Dominus
347 1876 414 1896 vero
428 1875 475 1903 per
497 1867 622 1903 sequod
646 1866 726 1894 nobis
742 1870 824 1901 atque
848 1867 977 1894 universo

190 1915 293 1942 bonum
312 1918 371 1942 erat
390 1914 525 1946 etIiciens,
553 1913 675 1948 seipsum
699 1912 826 1945 tradidit,
849 1918 878 1939 ut
896 1913 977 1939 saluti

190 1961 319 1989 omnibus
344 1965 427 1988 esset.
454 1959 514 1987 Non
547 1960 630 1994 igitur
650 1958 783 1994 proditori
807 1957 901 1991 Iudas,
929 1958 977 1986 sed

189 2006 387 2042 benignissimo
402 2005 536 2033 Salvatori
549 2005 651 2040 gratias
665 2005 781 2040 agimus,
796 2005 842 2039 qui
859 2005 978 2031 animam

190 2060 242 2087 pro
258 2051 350 2083 nobis,
368 2051 466 2079 ovibus
492 2050 620 2077 videlicet
645 2050 715 2081 suis,
740 2048 877 2084 exposuit,
902 2053 930 2075 ut
951 2052 978 2075 et

190 2099 249 2133 ipse
261 2098 330 2125 dixit
340 2098 362 2125 ⁸.
377 2097 519 2130 Quomodo
534 2097 606 2124 enim
627 2096 650 2123 is
666 2095 712 2131 qui
725 2096 789 2123 boni
804 2094 906 2130 aliquid
917 2102 976 2122 mo-

190 2144 233 2170 liri
259 2151 289 2171 se
311 2143 444 2175 crederet,
461 2147 555 2178 postea
577 2142 645 2170 dixit
662 2151 668 2169 :
687 2141 804 2169 Pmnitet
826 2149 885 2173 me,
905 2140 977 2176 quod

1031 1545 1128 1571 ἑαυτοῦ
1152 1545 1277 1581 ἤλεγξεν,
1301 1547 1325 1572 εί
1349 1547 1397 1572 καὶ
1415 1546 1498 1574 ἄκων·
1531 1547 1588 1574 ἀλλ’
1606 1547 1680 1582 ὅμως
1707 1548 1776 1583 μετὰ
1791 1548 1822 1574 τὸ

1030 1591 1121 1618 λαϐεῖν
1138 1591 1169 1618 τὸ
1192 1591 1300 1627 τίμημα
1323 1593 1358 1618 τὰ
1381 1592 1528 1626 τριάκοντα
1553 1593 1684 1628 ἀργύρια,
1709 1592 1822 1628 ὕστερον

1031 1637 1242 1674 μεταμεληθεὶς,
1259 1638 1306 1664 καὶ
1322 1638 1497 1674 ἀποστρέψας
1509 1637 1544 1664 τὰ
1564 1638 1696 1674 ἀργύρια,
1715 1639 1752 1670 ὼς
1773 1647 1822 1665 κα.-

1030 1681 1078 1708 κὸν
1099 1690 1126 1708 τι
1150 1681 1309 1717 πεπραχὼς,
1328 1682 1412 1709 κακὸν
1435 1683 1485 1717 μὲν
1501 1683 1600 1718 ἑαυτῷ,
1619 1683 1704 1710 κακὸν
1725 1683 1753 1710 δὲ
1775 1683 1822 1710 καὶ

1029 1728 1086 1758 τοῖς
1101 1726 1300 1761 σταυρώσασιν.
1329 1728 1357 1753 'U
1373 1727 1401 1753 δὲ
1418 1727 1530 1763 Κύριος,
1554 1727 1655 1762 ἀγαθὸν
1675 1728 1709 1755 δι’
1724 1729 1822 1755 ἑαυτοῦ

1030 1773 1162 1800 ἐπιτελῶν
1178 1775 1244 1808 ἡμῖν
1261 1782 1291 1799 τε
1312 1774 1359 1800 καὶ
1373 1774 1412 1809 τῷ
1428 1774 1534 1809 κόσμῳ,
1555 1774 1650 1800 ἑαυτὸν
1665 1775 1822 1810 παραδέδω-

1029 1827 1088 1850 κεν,
1110 1819 1154 1844 ἵνα
1173 1819 1285 1854 γένηται
1301 1820 1366 1855 ἡμῖν
1387 1819 1519 1854 σωτηρία.
1543 1821 1613 1856 Ἄρα
1636 1817 1682 1846 οὖν
1704 1820 1764 1854 οὐχὶ
1783 1819 1822 1854 τῷ

1035 1865 1121 1900 Ἰούδᾳ
1137 1865 1177 1900 τῷ
1191 1866 1308 1901 προδότῃ
1327 1865 1514 1901 ὁμολογοῦμεν
1531 1867 1580 1902 τὴν
1595 1867 1685 1901 χάριν,
1704 1866 1771 1892 ἀλλὰ
1784 1866 1822 1901 τῷ

1029 1911 1154 1947 ὲλεήμονι
1181 1912 1298 1947 Σωτῆρι,
1327 1912 1365 1947 τῷ
1384 1912 1433 1947 τὴν
1456 1913 1545 1948 ψυχὴν
1566 1912 1638 1939 θέντι
1655 1912 1725 1948 ὑπὲρ
1742 1911 1821 1947 ἡμῶν

1028 1958 1082 1984 τῶν
1101 1958 1174 1985 ἰδίων
1194 1957 1277 1984 αὑτοῦ
1297 1958 1451 1993 προϐάτιον,
1468 1959 1559 1990 καθὼς
1573 1958 1654 1990 αὐτὸς
1674 1956 1745 1984 εἶπε.
1760 1958 1822 1989 Πῶς

1028 2004 1082 2039 γὰρ
1103 2005 1117 2030 ὀ
1132 2004 1245 2039 νομίσας
1263 2004 1364 2039 ἀγαθὸν
1382 2005 1536 2031 ἐπιτελέσαι
1553 2005 1663 2041 ὕστερον
1683 2004 1766 2039 λέγει,
1781 2005 1820 2031 ὅτι

1028 2049 1277 2084 Μεταμεμέλημαι,
1308 2050 1508 2086 παραδεδωκὼς
1539 2048 1610 2086 αἷμα
1637 2050 1739 2083 ἀθῶον;
1766 2050 1821 2076 Καὶ

1005 2107 1008 2110 ι
1028 2094 1183 2129 ἀπέστρεψε
1200 2094 1234 2121 τὰ
1251 2095 1380 2130 ἀργύρια,
1408 2094 1499 2126 καθὼς
1522 2093 1555 2130 ἦν
1580 2094 1644 2130 περὶ
1667 2093 1748 2120 αὑτοῦ
1775 2101 1821 2127 γε-

1028 2140 1188 2175 γραμμένον
1207 2140 1263 2175 (48)
1278 2141 1307 2166 ὲν
1327 2142 1384 2172 τοῖς
1407 2142 1571 2176 προφήταις.
1590 2141 1644 2166 Καὶ
1666 2139 1820 2174 ἀπέστρεψε

191 2190 350 2218 tradiderim
377 2173 538 2224 sanguinem
560 2187 689 2223 justum?
709 2187 741 2214 Et
768 2187 861 2215 retulit
881 2194 977 2221 argen—

1033 2173 1093 2217 τοὺς
1107 2173 1413 2222 τριάκοντα-ἀργύρους,
1485 2173 1567 2221 τιμὴν
1578 2185 1625 2212 τοῦ
1638 2173 1821 2220 τετιμημένου

190 2241 248 2264 teos
263 2237 289 2269 ⁸;
303 2244 353 2271 pro
368 2244 401 2263 eo
413 2243 444 2262 ac
460 2235 619 2270 prophetaa’
630 2234 664 2261 de
679 2241 711 2261 eo
734 2234 901 2267 scripserant
919 2242 925 2259 :
946 2232 978 2259 Et

190 2282 282 2310 retulit
296 2281 408 2317 triginta
424 2286 568 2316 argenteos
590 2279 707 2315 pretium
725 2278 868 2314 appretiati
882 2285 897 2304 a
915 2277 977 2305 ﬁliis

225 2350 234 2365 ‘
246 2349 325 2377 Joan.
340 2356 407 2380 xvn,
434 2347 477 2374 η.
528 2347 539 2362 ²
554 2346 648 2373 Matth.
668 2353 742 2375 χχιιι,
758 2345 802 2372 24.

189 2383 200 2394 ’
217 2384 311 2412 Matth.
328 2391 401 2417 xxvt,
415 2383 459 2410 2i.
497 2382 508 2398 '
524 2381 602 2410 Joan.
618 2381 702 2414 x,15.
738 2381 748 2396 ⁰
763 2380 847 2407 Zach.
863 2388 900 2413 xi,
916 2381 959 2407 t5.

851 2345 861 2360 '
877 2345 941 2372 ibid.
963 2345 1007 2371 50.

1030 2231 1105 2266 παρὰ
1123 2231 1177 2258 τῶν
1195 2231 1260 2257 υἱῶν
1283 2232 1401 2267 Ἰσραήλ·
1419 2233 1466 2258 καὶ
1483 2232 1564 2258 πάλιν
1577 2233 1606 2257 ὲν
1623 2231 1694 2266 ἄλλῳ
1713 2231 1820 2266 προφή-

1030 2276 1141 2312 τῃ(49)·
1159 2277 1195 2303 Et
1213 2276 1331 2304 δίκαιόν
1351 2277 1437 2304 ἐστιν
1455 2278 1536 2312 ύμῖν,
1557 2277 1625 2304 δότε
1646 2277 1699 2304 τὸν
1708 2277 1821 2312 μισθίν

1060 2344 1070 2360 ⁸
1088 2344 1154 2371 ibid.
1175 2344 1219 2372 2|.
1266 2345 1276 2360 '
1295 2343 1374 2372 Joan.
1394 2352 1454 2378 xm,
1477 2345 1522 2373 18.
1585 2346 1595 2362 ⁶
1611 2345 1682 2373 Psal.
1708 2353 1753 2378 XL,
1775 2347 1819 2374 to.

1017 2380 1038 2394 ¹⁰
1051 2388 1095 2415 γρ.
1109 2380 1284 2415 πτερνισμόν.

225 2445 281 2481 (48)
301 2443 401 2475 Καθὼς
411 2441 459 2481 ’ἦν
478 2442 546 2481 περὶ
567 2440 661 2469 αὐτοῦ
681 2438 894 2481 γεγραμμένοις.
920 2439 971 2481 Ta:

1033 2438 1327 2481 aueritnEpiplianius,
1349 2446 1406 2481 non
1433 2438 1743 2481 Jeremize'vpcab'ulum.
1764 2440 1820 2468 Sed

189 2475 342 2508 metsi'baec
355 2486 389 2506 ex
404 2475 602 2515 Matthguvn
636 2477 726 2510 capite
748 2475 905 2515 sumpserit,
927 2475 972 2515 ubi

188 2515 322 2544 Jeremias
337 2514 498 2540 nominatim
513 2513 639 2539 laudatur
651 2519 658 2544 ;
672 2515 751 2538 caute
765 2515 855 2536 tamen
876 2511 905 2535 ἐν
919 2511 974 2541 τοῖς

190 2551 342 2587 προφήταις
364 2549 447 2587 digit,
466 2549 544 2587 'quod
570 2548 613 2587 hic
636 2547 712 2587 locus
734 2544 805 2585 apu_d
829 2543 974 2587 {ereiniani

189 2579 365 2614 non'éxstat.
392 2579 552 2617 Suspicatur
573 2582 672 2609 Euseb.
694 2581 712 2608 Ι.
733 2579 818 2617 ξιτῆςΔ
833 2579 974 2617 ᾈποδειξ.

189 2613 255 2652 haec,
270 2629 331 2655 qua:
347 2613 518 2655 evangelista
531 2613 820 2655 commemorattapud
831 2613 976 2655 Jeremiam

189 2658 253 2684 olim
273 2651 359 2687 lecta,
376 2651 454 2681 sedia
468 2653 574 2689 Iudaeis
592 2652 713 2689 detracta
725 2651 841 2689 fuisse;
859 2654 905 2676 aut
917 2657 974 2689 _pro

190 2691 330 2719 Zachariae
348 2690 466 2719 nomine,
478 2688 622 2715 Jeremiam
640 2687 812 2715 librariorum
827 2687 970 2719 irrepsisse

190 2729 279 2760 Culpa.
300 2726 330 2752 in
349 2725 421 2761 quod
437 2728 606 2761 postremum
629 2722 714 2761 magis
730 2721 843 2747 inclinat
854 2719 968 2761 hllieron.

189 2763 224 2789 ad
239 2755 336 2789 Matth.
357 2755 446 2796 in“;
469 2759 526 2796 etsi
542 2760 568 2785 in
593 2755 716 2796 Jereniiaa
733 2755 973 2796 apocryphonqno-

191 2798 252 2824 dam
267 2797 324 2824 haec
336 2804 351 2823 a
368 2789 494 2822 Matthaeo
504 2794 586 2821 citata
602 2801 631 2820 se
646 2793 741 2826 legisse
752 2789 867 2817 referat.
884 2789 973 2826 Quare

191 2832 338 2861 videndum
352 2839 387 2859 an
402 2831 429 2858 in
446 2830 540 2858 codice
556 2836 618 2863 suo,
634 2829 662 2854 ὲν
676 2825 732 2858 τοῖς
748 2826 911 2863 προφήταις.
924 2825 971 2852 ha-

1025 2475 1157 2509 riounulla
1171 2476 1249 2501 aliter
1265 2475 1388 2509 protulit,
1403 2482 1485 2508 quam
1499 2475 1570 2509 apud
1587 2475 1742 2502 Matthaeum
1774 2482 1822 2504 aut

1025 2508 1387 2546 Zachariatnreperiuntur.
1400 2510 1478 2536 Velut
1494 2508 1636 2546 stoixatdv
1650 2511 1723 2536 ἐστιν
1735 2511 1800 2546 ὑμῖν
1812 2520 1818 2525 ·

1027 2551 1077 2579 pro
1091 2552 1145 2578 quo
1160 2543 1240 2580 LXX;
1255 2545 1279 2571 εὶ
1298 2544 1379 2571 καλόν
1398 2546 1471 2571 ἐστιν
1489 2544 1603 2571 ἐνώπιον
1611 2545 1707 2580 Ῠῷμῶν.

1062 2580 1118 2613 (49)
1132 2580 1186 2606 Καὶ
1199 2579 1293 2606 πάλιν
1303 2580 1337 2606 ἐν
1348 2579 1431 2612 ἄλλῳ
1442 2580 1591 2614 προφήτῃ.
1608 2579 1722 2607 Frustra
1737 2581 1820 2607 alium

1027 2614 1073 2641 hic
1091 2615 1250 2649 prophetarit
1269 2623 1330 2642 esse
1350 2615 1435 2650 diuit;
1460 2617 1580 2650 Cutllrail
1601 2616 1672 2642 idem
1698 2616 1752 2645 ille.
1772 2617 1820 2650 qui

1028 2650 1151 2684 proxime
1166 2650 1267 2677 citatus
1287 2655 1339 2680 est,
1353 2649 1510 2678 Zacharias.
1524 2649 1601 2683 Quod
1618 2650 1651 2677 ad
1667 2651 1819 2685 posteriora

1023 2685 1106 2711 verba
1128 2688 1241 2719 spectat.
1256 2685 1321 2712 Nam
1336 2686 1426 2719 priora
1448 2686 1503 2717 illa,
1519 2686 1567 2711 καὶ
1584 2685 1687 2711 ἔδωκαν
1696 2685 1819 2720 τὸὰργύ-

1026 2728 1082 2755 ριον
1096 2719 1145 2755 τὴν
1156 2719 1246 2756 τιμὴν
1261 2720 1308 2746 τοῦ
1323 2719 1508 2756 τετιμημένου
1522 2741 1529 2753 ,
1547 2729 1578 2747 ex
1594 2720 1693 2756 AMatth.
1708 2719 1819 2747 desqu-

1026 2754 1070 2789 pta
1093 2755 1164 2789 apud
1183 2754 1344 2782 Zachariam
1365 2754 1431 2782 non
1445 2760 1566 2783 exstant.
1592 2754 1733 2782 Postremo
1768 2764 1818 2790 pro

1025 2796 1090 2859 ἓῇέιι
1099 2796 1152 2824 τῶν
1167 2796 1244 2830 υἱῶν,
1261 2796 1330 2824 Lxx
1350 2797 1441 2834 βπέρ,
1461 2797 1541 2825 Hebr.
1557 2789 1684 2830 misso.
1702 2789 1782 2834 Vulg.
1800 2806 1819 2826 α
