1952 3045
106 145 160 173 665

412 148 597 177 ADVERSUS
617 149 789 177 ΗᾸΞΙίΕΞΕδ
808 148 874 177 LIB.
895 149 911 176 Ξη

964 148 1021 177 ΟΜ.
1044 148 1088 176 ΙΙΙ.
1107 164 1142 169 -—
1162 146 1303 176 ΗᾹΞΒΕΞ.
1325 146 1448 175 XXXIX.

1691 146 1743 174 666

104 213 175 237 μου,
189 203 207 238 ἢ
217 204 396 232 ἀπείπασθε·
414 207 461 233 καὶ
473 207 554 234 πάλιν
569 208 598 234 ὲν
612 208 684 243 ἄλλῳ
697 209 832 245 προφήτῃι
846 208 900 234 Καὶ

965 207 1069 235 ετοειδ.
1103 207 1170 234 Item
1195 206 1268 242 apud
1293 206 1377 234 alium
1393 206 1573 242 prophetam:
1592 205 1622 233 Si
1639 206 1742 240 justum

107 249 210 277 ἔδωκαν
226 251 255 278 τὸ
269 251 400 287 ἀργύριον
413 253 463 288 τὴν
478 253 560 289 τιμὴν
575 253 620 280 τοῦ
636 254 828 290 τετιμημένου.
844 253 901 280 Καὶ

107 295 179 323 εἶπε)
197 297 287 329 Κάοες
301 299 367 325 αὐτὸ
380 300 420 331 εἰς
436 300 467 326 τὺ
480 301 671 336 χωνευτήριον·
695 300 731 327 ῐδε
751 301 774 327 εί
789 300 901 336 δόκιμον

107 343 194 375 ἐστιν,
208 343 246 375 ὡς
258 344 440 381 ἐδοκιμάσθην
457 345 510 372 ὑπὸ
525 347 579 374 τῶν
593 347 601 362 ί
619 346 685 374 υἱῶν
707 347 825 383 Ἰσραήλ.

145 433 185 460 H’.
206 433 262 460 Καὶ
278 433 348 460 πόσα
363 435 437 462 ἐστὶν
455 436 509 462 ἀπὸ
525 436 574 472 τῆς
590 435 666 468 θείας
679 435 791 472 Γραφῆς
806 436 903 463 συλλέ-

108 487 169 514 γειν
187 480 251 516 περὶ
265 480 321 507 τῶν
335 481 533 510 τελειωθέντων
552 484 581 509 ἐν
594 482 633 518 τῷ
647 483 742 519 Κυρίῳ
760 483 849 518 ἡμῶν,
872 483 902 510 οὐ

110 527 181 553 κατὰ
195 527 243 562 τὴν
261 527 344 554 Ἰούδα
356 528 424 564 πρὸς
437 528 466 555 τὸ
478 529 578 564 ἀγαθὸν
590 530 740 566 ἐνέργειαν,
754 529 821 556 ἀλλὰ
832 530 904 557 κατὰ

108 573 160 610 τὴν
176 573 224 600 τοῦ
242 569 368 611 Σωτῆρος
385 576 463 612 ἡμῶν
483 576 531 603 καὶ
551 577 655 613 Κυρίου
681 577 768 612 Ἰησοῦ
784 576 903 613 Χριστοῦ

109 618 159 646 τοῦ
175 619 243 646 Θεοῦ
259 620 329 656 ὑπὲρ
343 621 431 657 ἡμῶν,
448 622 478 648 οὐ
494 622 554 649 κατ’
568 622 701 658 ἀνάγκην,
713 622 782 649 ἀλλὰ
793 624 825 649 ὲκ
839 631 905 658 προ-

110 667 243 702 αιρέσεως
257 668 354 696 ἑαυτοῦ
369 668 520 704 παράδοσιν
533 670 580 696 καὶ
593 669 749 705 οἰκονομίαν
762 669 809 696 τοῦ
822 677 904 696 σταυ-

111 714 161 749 ροῦ
188 715 258 750 ὑπὲρ
272 715 321 750 τῆς
342 715 422 750 ἡμῶν
445 716 601 752 σωτηρίας;
626 713 692 742 Οἶδα
714 715 742 742 δὲ
759 717 799 747 εἰς
821 715 906 742 πολὺν

110 761 194 794 ὖγκον
218 760 292 795 ἄγων
313 761 362 793 τὰς
385 761 548 797 μαρτυρίας·
570 761 608 794 ὡς
633 761 706 796 λέγει
730 761 811 788 πάλιν
828 761 906 794 ἄλλος

112 807 267 843 προφήτης·
297 808 322 834 Γ
323 806 437 834 ενέσθω
461 808 481 842 ή
510 807 638 840 ἔπαυλις
666 807 760 835 αὐτοῦ
786 807 905 843 ἕρημος,

111 853 164 880 καί
191 853 248 888 τὴν
275 853 449 888 ἐπισκοπὴν
477 854 570 881 αὑτοῦ
601 853 686 881 λάϐοι
715 854 825 888 ἕτερος.
858 855 907 886 Ὃς

951 258 992 280 est
1017 252 1099 284 vobis,
1126 252 1188 279 date
1215 252 1359 279 mercedem
1383 260 1487 285 meum,
1510 257 1556 278 aut
1580 252 1701 279 abdicata
1722 252 1742 279 '.

952 298 1018 326 Item
1032 299 1103 326 alius
1126 298 1258 333 propheta
1273 308 1279 325 :
1303 297 1442 326 Dederth
1456 302 1600 333 argentum
1625 298 1744 333 pretium

953 345 1106 380 appretiati.
1126 345 1159 371 Et
1173 344 1263 371 dixit:
1281 343 1357 371 Mitte
1375 343 1402 371 in
1425 343 1612 375 fundibulum.
1634 349 1661 371 et
1683 344 1746 371 vide

953 399 990 418 an
1007 391 1122 426 probum
1137 391 1222 420 sit.ut
1234 391 1366 425 probatus
1377 398 1436 418 sum
1455 398 1469 417 a
1483 390 1545 418 [iliis
1561 390 1655 418 Israel.

989 437 1072 473 283
1093 437 1162 465 VIII.
1185 437 1273 471 Quam
1288 437 1371 464 multa
1395 444 1543 471 possumus
1559 445 1573 464 e
1595 437 1746 472 Scripturis

954 483 1042 511 sacris
1071 482 1188 516 afferre,
1221 483 1255 510 de
1287 483 1321 510 iis
1349 490 1411 518 qua:
1436 483 1464 510 in
1493 482 1605 510 Christo
1632 481 1746 509 Domino

954 528 1076 564 perfecta
1105 533 1183 562 sunt,
1207 537 1262 556 non
1285 536 1316 556 ea
1345 529 1456 564 quidem
1488 528 1522 556 ab
1547 527 1616 555 Juda
1637 536 1670 555 ex
1692 529 1747 556 ulla

954 576 1147 604 commodandi
1170 577 1310 604 voluntate
1333 575 1468 611 profecta.
1490 576 1539 603 sed
1561 584 1595 603 ex
1618 583 1650 603 eo
1665 576 1747 603 nimi-

953 627 1016 647 rum
1032 620 1105 655 quod
1126 619 1253 648 SalVator
1270 625 1364 648 noster
1376 628 1407 648 ac
1424 619 1554 648 Dominus
1570 620 1650 648 Jesus
1669 620 1749 648 Chri-

955 670 1015 693 stus
1031 665 1103 694 Deus
1123 674 1173 701 pro
1196 667 1276 695 nobis
1294 675 1355 694 sese
1372 675 1426 694 non
1448 667 1612 695 necessitate
1627 668 1751 704 compul-

956 721 1014 744 sus,
1029 713 1077 740 sed
1093 718 1190 747 sponte
1203 721 1254 740 sua
1275 713 1399 745 tradidit,
1415 717 1441 740 et
1461 713 1686 741 administrandae
1706 721 1751 740 sa-

957 759 1022 787 lutis
1044 763 1145 787 nostra:
1172 767 1256 788 causa
1281 767 1393 788 crucem
1417 759 1511 787 subiit.
1534 759 1592 795 Ego
1610 767 1674 788 vero
1695 768 1750 787 non

957 805 1057 841 ignoro
1072 814 1154 840 quam
1173 806 1309 833 inlinitum
1322 806 1359 833 sit
1374 805 1532 834 testimonia
1547 806 1641 833 omnia
1658 814 1751 841 perse-

958 853 1014 886 qui.
1029 851 1109 879 Velut
1124 852 1197 888 quod
1210 853 1244 880 ab
1254 852 1307 880 alio
1322 853 1452 888 propheta
1459 853 1592 887 scriptum
1610 856 1669 880 est:
1687 852 1751 879 Fiat

113 899 233 933 πρηνὴς
252 899 414 935 γενόμενος
437 899 572 934 ἐλάκτισε
591 900 696 936 μέσος.
712 901 761 927 καὶ
776 900 904 934 ἐξεχύθη

964 897 1085 924 ‘uzbilatio
1105 899 1163 932 ejus
1179 898 1298 930 deserta,
1313 903 1338 925 et
1353 899 1533 933 episcopatum
1558 899 1616 932 ejus
1637 898 1751 932 accipiat

112 944 213 972 πάντα
224 945 261 972 τὰ
276 940 387 980 emata
402 946 412 961 '
428 946 531 973 αὐτοῦ.
556 947 612 973 Καὶ
631 947 662 973 τὸ
686 946 783 982 πέρας,
806 946 908 982 ἀγχόνῃ

51 994 57 997 '
111 990 297 1026 ςγρησάμενος,
314 991 397 1025 ἔδειξε
415 991 444 1018 τὸ
465 993 519 1018 πᾶν
546 992 591 1028 τῆς
611 991 692 1019 αὐτοῦ
712 992 848 1028 σωτηρίας
864 992 904 1019 δι-

111 1037 220 1068 ολέσας,
231 1037 271 1073 τῷ
280 1037 418 1065 διαπεσεῖν
429 1038 477 1074 τῆς
485 1038 601 1071 ἐλπίδος,
613 1039 683 1066 κατὰ
690 1039 739 1074 τὴν
749 1040 784 1066 αὑ
790 1039 833 1066 τοῦ
845 1039 908 1066 ἄτα-

113 1091 179 1111 γτον
194 1084 241 1110 καὶ
253 1084 376 1120 προπετῆ
395 1084 466 1112 κατὰ
484 1085 532 1111 τοῦ
548 1085 684 1112 Δεσπότου
699 1085 781 1112 αὑτοῦ
798 1085 908 1112 ἐπιδου-

113 1129 174 1165 λὴν,
186 1130 233 1156 καὶ
246 1129 339 1157 ἕνεκεν
354 1130 536 1167 φιλαργυρίας
553 1131 597 1157 ἐπ’
613 1131 799 1167 ἁρνησιθεΐαν·
813 1131 851 1163 ὡς
860 1131 907 1158 καὶ

112 1176 139 1202 oi
157 1176 301 1203 ἀπόστολοι
313 1177 370 1205 ἀντ’
388 1176 470 1204 αὐτοῦ
482 1178 522 1209 εἰς
537 1177 581 1204 τὸν
595 1178 685 1205 αὑτῶν
699 1178 816 1213 ἀριθμὸν
829 1179 907 1205 Ματ-

115 1222 176 1249 θίαν
187 1223 369 1259 κατέστησαν,
381 1223 516 1258 λέγοντες·
536 1225 594 1259 Ἀφ’
606 1223 641 1253 οὗ
654 1225 767 1259 παρέϐη
787 1225 907 1258 Ἰούδας,

114 1268 260 1296 ἀπελθεῖν
272 1270 316 1302 εις
329 1269 383 1296 τὸν
396 1270 489 1297 τόπον
503 1270 556 1297 τὸν·
566 1270 652 1298 ἴδιον.
668 1271 747 1298 Ποῖον
759 1272 790 1307 δὴ
803 1272 908 1302 τοῦτον,

115 1314 173 1340 ἀλλ’
189 1315 205 1350 ἢ
221 1315 250 1342 ὃν
263 1315 422 1351 ἀπεφήνατο
438 1315 513 1352 αὐτῷ
526 1316 539 1341 ὁ
552 1317 657 1353 Σωτὴρ,
672 1317 768 1352 λέγων,
780 1318 821 1344 ὅτι
835 1317 909 1344 ἐστιν

116 1360 172 1393 υἱὸς
185 1361 324 1394 ἀπωλείας
338 1371 346 1395 ;
358 1361 443 1389 Ἔνθα
466 1362 544 1397 ἔσχεν
556 1363 617 1389 ἀντὶ
626 1362 735 1398 μερίδος
744 1363 851 1399 μερίδα,
863 1363 910 1390 καὶ

116 1407 178 1434 ἀντὶ
189 1407 343 1443 ἐπισκοπῆς
353 1408 534 1444 ἀποστολικῆς
545 1408 590 1435 τὸν
602 1409 684 1436 τόπον
695 1410 745 1445 τῆς
760 1409 909 1442 ἀπωλείας.

958 944 1026 971 alter
1035 945 1055 971 °.
1083 944 1136 978 Qui
1153 953 1296 979 suspensus
1316 945 1415 979 crepuit
1438 945 1558 977 medius;
1574 944 1674 979 diffusa
1690 948 1753 971 sunt

960 990 1050 1016 omnia
1074 990 1174 1016 viscera
1196 990 1253 1024 ejus
1264 990 1286 1016 ⁷.
1310 990 1348 1016 Ac
1378 993 1519 1024 postremo
1543 989 1640 1024 laqueo
1660 989 1752 1024 gulam

960 1035 1099 1071 frangens,
1116 1036 1182 1072 quid
1194 1037 1296 1072 egisset
1310 1036 1442 1069 ostendit,
1455 1043 1518 1063 eum
1533 1035 1607 1062 omni
1620 1044 1650 1063 se
1665 1035 1754 1062 salute

960 1082 1117 1117 Spoliasset,
1127 1090 1159 1110 eo
1172 1083 1232 1118 ipso
1244 1083 1317 1118 quod
1333 1082 1368 1110 ob
1383 1082 1502 1109 subitam
1519 1082 1592 1109 illam
1608 1089 1640 1108 ac
1652 1084 1754 1108 temere

961 1133 1118 1165 susceptam
1131 1133 1229 1156 contra
1245 1129 1392 1156 Dominum
1409 1129 1549 1163 perﬁdiam
1565 1128 1599 1156 ab
1615 1127 1755 1156 aeternita-

961 1174 997 1202 tis
1014 1183 1061 1210 spe
1081 1175 1109 1202 in
1125 1175 1212 1204 divini
1232 1174 1359 1203 Numinis
1374 1175 1581 1210 abnegalionem
1601 1174 1752 1201 incidisset.

962 1221 1040 1249 Unde
1059 1228 1086 1250 et
1104 1222 1220 1257 apostoli
1237 1222 1298 1257 ejus
1313 1222 1375 1249 loco
1399 1221 1541 1248 Matthiam
1561 1221 1589 1248 in
1608 1228 1753 1248 numerum

960 1277 1043 1298 suum
1066 1269 1229 1304 allegerunt,
1247 1267 1391 1294 dicentes:
1411 1266 1454 1294 Ex
1469 1275 1519 1301 quo
1540 1265 1627 1292 ludas
1650 1273 1755 1299 prwva-

961 1320 1061 1347 ricatus
1078 1323 1127 1351 est,
1151 1322 1179 1344 ut
1201 1316 1285 1344 abiret
1305 1317 1332 1345 in
1351 1317 1438 1343 locant
1456 1316 1570 1343 suum”.
1591 1315 1757 1349 Quemnam,

966 1365 1102 1398 obsecro;
1129 1363 1183 1391 nisi
1207 1371 1287 1398 quem
1318 1362 1445 1390 Salvator
1467 1363 1556 1390 eidem
1584 1362 1755 1393 ostenderat,

965 1419 1027 1438 cum
1041 1419 1103 1437 eum
1119 1409 1282 1445 perditionis
1298 1409 1384 1437 lilium
1409 1409 1600 1444 appellavit“?
1619 1407 1668 1436 Hic
1683 1409 1755 1436 enim

117 1454 157 1481 illi
185 1454 348 1490 perditionis
369 1455 518 1482 attributus
537 1459 580 1483 est
602 1455 698 1484 locus:
732 1456 759 1484 in
777 1464 831 1491 quo
848 1457 935 1492 partis
952 1457 1013 1486 loco
1039 1462 1145 1492 partem
1159 1457 1284 1490 alteram,
1306 1455 1358 1483 hoc
1381 1460 1425 1483 cst
1446 1455 1518 1482 illam
1537 1462 1586 1490 pro
1606 1455 1758 1490 apostolico

116 1501 277 1536 episcopatu
291 1502 366 1530 exitii
383 1502 476 1530 sedem
491 1502 606 1537 adeptus
620 1506 671 1530 est.

154 1548 222 1584 Περὶ
236 1548 332 1575 τούτου
347 1548 375 1576 δὲ
390 1549 490 1582 ἱκανῶς
504 1550 576 1585 ἔχειν
590 1550 626 1577 τὰ
638 1551 772 1587 εἰρημένα
786 1551 911 1586 νομίσαν-

999 1551 1038 1578 De
1061 1559 1117 1586 quo
1138 1559 1200 1579 cum
1224 1552 1293 1579 satis
1313 1557 1462 1585 superque.
1486 1554 1618 1584 quantum
1646 1549 1756 1584 opinor,

117 1604 174 1629 τες,
191 1595 311 1631 καθεξῆς
332 1596 413 1623 πάλιν
433 1598 475 1632 ἐφ’
490 1597 587 1633 ἑτέραν
608 1598 704 1633 τωμεν,
725 1595 747 1625 ὧ
762 1599 911 1634 ἀγαπητοὶ,

117 1640 153 1667 τὰ
169 1641 262 1668 σκολιὰ
273 1641 355 1668 πάλιν
379 1641 426 1668 καὶ
440 1642 559 1678 θηριώδη
570 1642 725 1678 διδάγματα
736 1643 747 1660 ³
762 1645 809 1671 καὶ
823 1644 912 1671 ίοΰόλα

117 1686 359 1720 ἀποκαλύπτοντες
377 1688 432 1715 τῶν
454 1688 530 1724 παρὰ
546 1690 606 1720 ταῖς
626 1689 732 1721 λοιπαῖς
749 1689 779 1723 ἐξ
795 1690 913 1717 ἐπιπλά-

119 1742 184 1760 στου
210 1733 368 1769 διαϐολικῆς
391 1735 513 1767 ἐπινοίας
537 1734 576 1771 τῷ
601 1735 695 1772 κόσμῳ
719 1735 809 1772 λύμης
832 1736 914 1763 ἕνεκα

120 1779 394 1815 ὲμϐεΰροντημένων.
421 1780 482 1807 Τῶν
506 1780 561 1817 γὰρ
583 1782 712 1809 τοιούτων
734 1781 783 1818 τὴν
800 1781 915 1817 γνώμην

119 1825 176 1853 τῶν
191 1826 237 1853 τοῦ
252 1827 372 1862 χείρονος
384 1828 567 1863 ὀρεγομένων,
583 1829 701 1864 ὲῳκυῐαν
719 1828 759 1863 τῷ
777 1829 850 1864 γένει
867 1828 914 1855 τοῦ

122 1871 295 1908 βουπρήστου
311 1873 447 1909 κανθάρου
459 1873 526 1909 (50),
536 1874 770 1910 ἀποκαλύψαντες,
788 1873 871 1902 οὖσάν
885 1883 915 1901 τε

121 1918 257 1955 ἐπιϐλαΰῆ
269 1919 299 1946 ἐν
309 1921 342 1956 τῇ
355 1919 402 1947 τοῦ
415 1920 483 1947 Θεοῦ
496 1920 610 1956 δυνάμει
624 1921 854 1954 καταθλάσαντες,
866 1921 915 1956 τὴν

121 1965 177 1992 τῶν
189 1966 277 1993 ἄλλων
290 1965 405 2002 ἔρευναν
418 1967 464 1994 τὸν
479 1967 542 1994 νοῦν
561 1968 766 2004 ἐπιϐαλόμενοι.
787 1967 832 1994 τὸν
850 1967 916 1994 Θεὸν

122 2011 231 2047 ἀρωγὸν
245 2012 483 2049 ἐπικαλεσώμεθα,
500 2010 522 2041 ὦ
534 2014 653 2048 Χριστοῦ
671 2014 773 2045 παῖδες.

368 2160 465 2187 ΚΑΤΑ
482 2160 657 2187 ΣΗΘΙΑΝΩΝ
665 2181 672 2194 ,

185 2216 461 2251 Έννεακαιδεκὰτη,
474 2217 491 2251 ἠ
501 2217 552 2244 καὶ
565 2219 727 2252 τριακοστὴ
742 2217 863 2251 ἐννάτη.

161 2276 201 2303 Α¹,
219 2275 347 2311 Σηθιανοὶ
362 2276 443 2303 πάλιν
461 2276 567 2312 αἵρεσις
584 2277 665 2312 ἑτέρα
684 2276 768 2309 ἐστὶν,
783 2275 854 2303 οὕτω
866 2285 917 2302 κα-

125 2321 255 2357 λουμένη.
273 2321 310 2348 Οὐ
327 2321 466 2357 πανταχοῦ
483 2322 512 2347 δὲ
534 2320 604 2356 αὕτη
621 2321 789 2356 εὑρίσκεται,
815 2320 876 2347 οὔτε
901 2321 917 2356 ἡ

127 2368 182 2404 πρὸ
196 2367 297 2404 ταύτης
315 2369 331 2403 ὴ
350 2367 406 2394 τῶν
423 2368 552 2395 Καῖανῶν
566 2368 712 2403 λεγομένη.
731 2367 807 2403 Τάχα
823 2367 851 2393 δὲ
867 2367 916 2403 ἤδη

127 2415 174 2441 καὶ
188 2415 216 2441 at
229 2414 338 2447 πλείους
353 2415 456 2442 τούτων
471 2415 689 2451 ἐξερριζώθησαν
699 2415 731 2441 ἐκ
743 2415 790 2441 τοῦ
804 2414 917 2449 κόσμου.

127 2461 166 2488 Τὸ
185 2461 239 2497 γὰρ
257 2462 307 2488 οὐκ
326 2462 357 2488 ὲκ
370 2462 437 2489 θεοῦ
455 2461 484 2488 ὃν
500 2462 530 2488 οὐ
549 2462 724 2498 σταθήσεται,
749 2461 818 2488 ἀλλὰ.
832 2460 920 2497 καιρῷ

130 2509 180 2543 μὲν
199 2508 330 2543 ἀκμάζει,
345 2509 384 2540 εἰς
401 2508 431 2534 τὸ
447 2507 580 2539 παντελὲς
596 2508 624 2535 δὲ
639 2507 758 2543 διαρκῶς
771 2507 820 2533 οὐκ
833 2508 923 2542 ἐμπα-

130 2555 253 2591 ραμίνει.
271 2555 348 2591 Τάχα
366 2555 395 2582 δὲ
413 2553 491 2591 οἶμαι
507 2556 536 2582 ὲν
552 2556 585 2591 τῇ
603 2555 657 2582 τῶν
674 2554 831 2590 Αἰγυπτίων
846 2553 923 2590 χώρᾳ

129 2601 360 2637 συντετυχηκέναι
374 2601 421 2628 καὶ
438 2600 525 2637 ταύτῃ
541 2602 574 2637 τῇ
592 2600 707 2637 αἱρέσει.
721 2600 759 2628 Οὺ
773 2599 828 2635 γὰρ
841 2599 922 2635 ἀκρι-

128 2648 184 2680 ϐῶς
200 2648 250 2684 τὴν
274 2647 365 2683 χώραν
383 2648 538 2684 μέμνημαι,
566 2648 595 2674 ὲν
617 2644 742 2684 ᾖαῦτοίς
764 2645 922 2680 συνέτυχον.

963 1597 1098 1626 hactenus
1115 1604 1130 1623 a
1148 1597 1228 1625 nobis
1240 1596 1411 1632 disputatum
1426 1596 1472 1626 sit.
1487 1595 1520 1621 ad
1537 1595 1618 1621 aliam
1630 1595 1758 1622 hzeresim

963 1647 1139 1672 transeamus
1160 1651 1167 1670 :
1197 1651 1229 1670 ac
1253 1647 1402 1675 tortuosa,
1431 1646 1622 1676 venenataque
1648 1641 1759 1668 illorum

964 1690 1091 1726 dogmata
1113 1689 1286 1724 delegamus,
1310 1689 1358 1723 qui
1379 1688 1487 1716 caeteris
1504 1688 1530 1715 in
1554 1687 1638 1715 sectis
1660 1687 1760 1715 callido

964 1735 1097 1764 daemonis
1119 1735 1252 1763 instinctu
1277 1734 1317 1762 sic
1337 1739 1470 1769 tanquam
1502 1734 1618 1762 fulmine
1640 1734 1759 1770 quodam

965 1782 1075 1817 perciti,
1096 1786 1123 1809 et
1150 1788 1324 1809 communem
1341 1781 1374 1808 ad
1395 1781 1471 1808 orbis
1491 1784 1595 1816 pestem
1617 1788 1649 1808 ac
1667 1780 1760 1815 perni—

965 1829 1037 1856 ciem
1065 1827 1148 1855 alllati
1180 1832 1255 1855 sunt.
1287 1826 1470 1862 Posteaquam
1500 1827 1572 1855 enim
1604 1826 1760 1854 istiusmodi

967 1875 1120 1907 hominum.
1133 1874 1180 1910 qui
1196 1873 1381 1902 deterioribus
1396 1873 1554 1909 quibusque
1577 1873 1760 1906 delectantur,

965 1922 1143 1958 opinionem,
1163 1922 1355 1956 buprestarum
1384 1920 1477 1956 generi
1500 1919 1617 1946 similem
1645 1918 1761 1954 (scara-

967 1970 1080 1997 beorum
1098 1976 1131 1996 ea
1157 1968 1264 2003 species
1287 1967 1349 2003 est)
1376 1965 1573 2002 patefecimus,
1597 1965 1762 2000 penitusque

968 2015 1138 2043 mm'tiferam
1162 2014 1254 2041 divina
1279 2021 1330 2048 ope
1352 2013 1585 2044 comminuimus,
1614 2011 1647 2038 ad
1672 2012 1762 2047 inqui-

968 2061 1068 2089 rendas
1090 2064 1203 2088 czetcras
1225 2060 1361 2091 eamdem.
1381 2068 1398 2086 ο
1419 2059 1523 2087 Christi
1548 2058 1612 2092 ﬁlii,
1635 2057 1761 2085 Numinis

968 2115 1047 2143 opem
1063 2115 1095 2134 ac
1107 2106 1263 2142 praesidium
1281 2106 1473 2140 imploremus.

1129 2163 1212 2199 285,
1234 2161 1376 2190 CONTRA
1397 2160 1602 2194 SETIIIANOS,

1078 2221 1144 2255 Qua:
1165 2226 1204 2248 est
1226 2220 1332 2248 Itwresis
1353 2219 1423 2246 XIX
1445 2220 1499 2246 sive
1520 2217 1655 2245 XXXIX.

1007 2278 1028 2306 l.
1043 2278 1103 2306 Alia
1119 2282 1161 2306 est
1175 2277 1370 2306 Sethiauorum
1383 2276 1506 2310 lneresis,
1518 2284 1580 2312 quae
1592 2283 1646 2303 non
1662 2275 1766 2310 ubique

972 2325 1118 2360 reperitur,
1135 2324 1173 2352 uti
1187 2331 1238 2352 nec
1246 2324 1425 2353 Caianorum.
1438 2327 1534 2350 contra
1545 2329 1628 2357 quam
1641 2321 1766 2356 proxime

972 2371 1185 2405 disputavimus.
1200 2370 1239 2397 Ac
1253 2370 1347 2398 nescio
1362 2377 1395 2396 an
1407 2377 1460 2396 non
1473 2369 1610 2404 pleraeque
1626 2371 1765 2395 sectarum

973 2416 1129 2444 istiusmodi
1160 2417 1292 2444 radicitus
1326 2416 1483 2450 exstirpata
1518 2415 1583 2443 sint.
1623 2413 1766 2449 Quidquid

973 2462 1046 2490 enim
1066 2469 1081 2489 a
1099 2461 1154 2489 Deo
1174 2469 1229 2489 non
1243 2465 1286 2489 est
1299 2482 1307 2494 ,
1334 2461 1488 2489 consistere
1512 2468 1566 2488 non
1587 2464 1694 2495 potest,
1718 2458 1767 2486 sed

975 2508 1027 2535 etsi
1039 2507 1181 2543 aliquanto
1193 2511 1318 2542 tempore
1332 2507 1433 2542 vigeat,
1451 2514 1571 2542 perenne
1587 2505 1768 2532 nihilominus

975 2561 1037 2582 esse
1053 2553 1157 2588 nequit.
1171 2553 1250 2587 Quod
1264 2552 1317 2580 nisi
1335 2561 1378 2580 me
1393 2552 1463 2579 lallit
1476 2552 1620 2582 memoria,
1638 2555 1704 2586 puto
1725 2558 1768 2577 me

976 2608 1039 2628 cum
1060 2601 1088 2627 in
1109 2600 1227 2635 (Egyplo
1244 2607 1333 2627 essem
1358 2599 1385 2626 in
1407 2607 1467 2626 eam
1490 2598 1607 2626 ineresin
1625 2596 1773 2628 incidisse;

977 2655 1067 2682 neque
1091 2647 1163 2674 enim
1184 2646 1294 2681 penitus
1312 2646 1365 2673 loci
1389 2645 1532 2677 recordor,
1554 2644 1600 2672 ubi
1620 2651 1682 2672 cum
1707 2643 1768 2670 istis

165 2719 174 2735 ¹
190 2727 236 2753 rp.
247 2718 301 2745 ἀπὸ
316 2717 389 2753 τῶνη
419 2718 430 2733 ¹
445 2726 491 2751 γρ.
506 2716 657 2753 σπλᾲγχνα.
695 2716 706 2732 ³
721 2715 911 2753 γομδὴγματο

967 2714 979 2730 ⁵
994 2713 1089 2742 Matth.
1106 2723 1190 2747 xxvu,
1208 2714 1267 2743 5-9.
1305 2712 1510 2744 'Zach.xt,l‘2.
1549 2712 1638 2739 ‘Psal.
1652 2718 1727 2744 cun,
1740 2710 1767 2738 8.

132 2753 141 2770 '
154 2751 217 2782 Act.
232 2761 251 2785 1.
266 2753 300 2781 18
348 2753 359 2769 ⁸
373 2752 439 2780 ibid.
453 2753 499 2780 9.5.
537 2753 547 2767 '
558 2751 638 2780 Joan.
654 2751 774 2781 “11.12.

169 2812 225 2848 (50)
249 2812 304 2840 Τοῦ
314 2810 515 2848 βουπρήστου
531 2810 693 2848 κανθάρου.
710 2809 837 2848 Ajllianus
849 2809 869 2848 ιτ
882 2816 921 2841 vt.

132 2858 157 2875 ι’.
174 2845 221 2881 35,
237 2847 343 2874 Plinius
372 2847 390 2874 l.
411 2855 493 2877 xxxx.
511 2854 537 2874 c.
555 2846 572 2873 ι
588 2854 594 2872 :
612 2845 751 2880 Buprestis
768 2845 923 2881 animale“

133 2892 224 2911 rarum
246 2884 271 2910 in
296 2882 378 2910 Italia
390 2902 398 2914 ,
415 2882 582 2909 simillimum
608 2881 744 2908 καιναί)ωο
763 2880 895 2911 lonqinedi
913 2889 922 2907 :

977 2807 1050 2842 fallit
1072 2808 1141 2834 inter
1160 2806 1255 2834 herbas
1280 2807 1368 2834 bmem
1389 2806 1524 2837 maxime;
1541 2804 1609 2842 unde
1631 2809 1655 2831 et
1676 2811 1770 2829 nonum

976 2840 1094 2875 invenit;
1111 2842 1313 2877 deuoratumquc
1329 2847 1400 2870 tacto
1415 2842 1475 2877 felle
1494 2842 1532 2868 ita
1551 2840 1720 2875 inﬂammat,
1740 2842 1769 2865 ut

977 2883 1093 2909 rumpat.
