1952 3045
203 129 255 160 087

880 137 887 145 '
901 135 930 162 ς.
950 133 1121 163 EPIPHANII

1782 125 1842 153 668

207 201 373 228 congressus
388 201 461 221 sum.
475 194 660 228 Quamobrem
674 203 735 231 qua:
748 195 781 223 ad
796 203 844 223 εις
858 199 996 231 pertinent

1057 195 1102 222 {at
1115 195 1150 222 ’ιά
1160 194 1209 230 μὲν
1221 193 1290 221 κατὰ
1304 192 1425 224 ἱστορίαν
1439 193 1518 225 φύσει
1532 188 1649 224 αὑτοψίᾳ
1661 187 1724 220 περῖ
1735 185 1843 221 ταύτης

209 244 306 275 parum
319 241 406 268 oculis
422 241 489 275 ipsis
507 242 821 278 usurpavimus,partim
838 249 872 269 ex
885 242 994 269 illonm

208 289 382 314 monimentis
393 288 577 323 percepimus.

244 332 329 368 Igitur
342 333 464 361 Setbiani
486 342 501 361 a
520 334 603 362 Setlio
615 334 711 362 Adami
727 334 783 361 ﬁlio
797 342 883 369 genus
896 342 926 362 se
939 337 996 360 tra-

213 380 284 410 xisse
300 381 462 416 gloriamur.
479 380 565 414 Quem
585 382 696 416 quidem
713 389 879 416 magnopere
897 381 996 416 prmdi-

208 431 289 459 Lant;
306 427 388 461 eique
401 434 462 461 qum
477 427 511 453 ad
524 427 653 454 virtutem
666 434 698 454 ac
709 427 843 461 justitiam
861 427 997 462 pertinent

208 472 311 504 Pmnia,
331 479 481 506 earumque
504 472 592 507 signa,
613 480 645 498 ac
669 476 767 500 caetera
785 472 894 507 generis
916 472 997 507 hujus

213 514 372 542 'ttribuunt.
399 514 589 550 Eumdemque
614 515 754 543 Christum
783 516 942 549 nominant,
971 521 998 544 et

211 561 358 593 lpsummet
376 558 469 586 Jesum
487 559 574 587 fuisse
591 560 763 588 conﬁrmant.
775 561 864 595 Atque
880 561 954 587 hunc
972 561 998 587 in

212 604 321 631 modum
344 613 424 632 suum
454 605 521 633 illud
545 606 645 642 dogma
665 607 816 634 declarant.
833 607 874 634 Ab
895 606 999 641 angelis

214 651 294 683 :nim,
319 658 375 678 non
393 659 407 678 a
433 652 576 687 superiore
595 653 632 686 vi,
661 653 796 688 producta
819 660 882 680 esse
903 652 999 680 dicunt

213 697 312 724 Jmnia.

246 743 279 771 ll.
300 742 367 770 Nam
383 751 446 771 cum
459 744 602 779 superiore
615 743 780 771 Caianorum
793 743 889 771 haeresi
900 744 952 770 hac
966 751 999 771 ex

214 793 288 824 I)arte
305 791 494 823 consentiunt,
515 790 588 825 quod
611 795 756 821 asserunt,
774 790 845 818 duos
863 790 898 818 ab
921 790 1000 818 initio

214 836 337 863 nomines
363 835 521 867 exstitisse,
546 843 562 862 a
588 835 689 870 quibus
713 835 817 863 Cainus
844 839 872 863 et
896 835 999 863 Abelus

214 882 299 909 exorti
323 886 396 909 sunt.
419 881 457 909 De
471 881 573 916 quibus
596 882 668 909 inter
681 889 711 909 se
730 881 896 909 dissidentes
911 881 1001 917 angeli
1017 877 1037 905 Β

213 932 307 954 contra
323 935 353 955 se
376 933 471 954 mutuo
488 930 621 954 venerunt
637 936 644 954 :
664 927 746 962 idque
767 926 953 962 perfecerunt,
971 930 1001 953 ut

214 974 326 1001 Abelum
350 973 462 1001 fratrem
483 974 586 1001 Cainus
611 973 759 1001 occideret.
790 973 933 1008 Siquidem
967 972 1002 1000 de

212 1021 355 1046 amborum
372 1019 481 1046 illorum
498 1019 640 1046 hominum
659 1018 892 1054 generationibus,
909 1026 924 1045 a
941 1018 1002 1054 qui—

212 1066 263 1094 bus
277 1066 380 1093 Cainus
395 1071 422 1093 et
447 1065 548 1093 Abelus
569 1065 696 1100 producti
722 1069 796 1097 sunt,
817 1065 1001 1100 pugnantibus

212 1112 328 1147 angelis,
349 1112 422 1139 acris
444 1116 486 1139 est
507 1116 602 1138 coorta
627 1112 777 1139 contentio.
805 1110 858 1138 Sed
873 1111 945 1138 enim
962 1112 1003 1138 vi-

211 1157 299 1183 ctoria
314 1164 398 1191 penes
414 1157 468 1183 vim
484 1156 559 1183 illam
585 1157 756 1191 superiorem
773 1155 824 1183 fuit
845 1163 926 1190 quam
944 1163 1002 1182 ma-

213 1207 281 1229 trem
305 1210 377 1235 esse,
405 1202 591 1237 felninamque
615 1202 759 1230 definiunt.
780 1202 886 1237 Quippe
902 1207 1002 1230 matres

212 1248 248 1275 ab
262 1248 306 1275 liis
325 1248 352 1275 in
367 1249 448 1282 cmlo,
464 1252 492 1275 et
511 1248 631 1281 feminae,
649 1255 795 1283 maresque
812 1249 1001 1281 collocantur;

212 1301 246 1321 ac
263 1294 460 1329 propemodum
474 1295 557 1322 etiam
569 1294 676 1329 generis
692 1294 922 1327 necessitudines,
937 1294 1002 1321 stir-

214 1340 345 1374 piumque
359 1341 460 1375 capita.
480 1339 664 1376 Posteaquam
677 1340 771 1375 igitur,
784 1345 814 1367 ut
832 1341 920 1373 aiunt,
937 1340 1005 1367 vicit

213 1386 259 1413 illa
283 1390 370 1413 mater
387 1394 418 1414 ac
436 1387 549 1420 femina,
564 1391 592 1414 et
613 1386 731 1414 Abelum
747 1386 921 1414 interfectum
942 1394 1004 1414 esse

213 1433 352 1468 cognovit.
369 1440 462 1460 secum
486 1433 580 1460 animo
604 1433 740 1468 cogitans,
756 1431 832 1459 Sethi
850 1433 1003 1467 generatio-

214 1486 274 1506 nem
291 1480 461 1514 procuravit,
477 1479 558 1514 eique
575 1479 628 1506 vim
651 1487 728 1507 suam
752 1479 863 1507 indidit.
884 1479 1004 1507 Proinde

213 1525 295 1560 285
311 1526 351 1553 vis
374 1526 447 1553 illius
468 1526 621 1561 superioris
640 1526 745 1553 semina
760 1525 885 1560 quedam
909 1532 1005 1560 asper-

213 1566 260 1604 sit,
279 1578 311 1597 ac
335 1571 483 1599 scintillam
505 1571 629 1605 immisit,
645 1579 706 1606 qua:
730 1571 763 1598 ad
795 1571 913 1606 primam
932 1571 1005 1598 illam

213 1618 328 1645 seminis
355 1617 580 1653 propagationem
613 1618 893 1652 constitutionemque
929 1617 1006 1653 lapsa

213 1663 249 1690 de
265 1663 337 1690 coelo
353 1663 451 1689 fuerat.
468 1662 555 1696 Quam
571 1663 682 1698 quidem
699 1663 814 1698 justitiae
829 1664 1006 1691 constitutio-

215 1717 275 1736 nem
317 1716 347 1735 ac
371 1709 484 1737 seminis
512 1709 674 1737 electionem
699 1709 786 1738 fuisse
808 1710 930 1745 iactant,
952 1717 1007 1745 quo

216 1754 362 1789 utriusque
384 1754 518 1782 beneficio
533 1755 695 1790 angelorum
718 1756 790 1783 vires
808 1760 1006 1788 everterentur,

214 1799 261 1834 qui
286 1802 314 1826 et
338 1798 470 1826 mundum
495 1798 708 1832 fabricaveram,
733 1803 761 1827 et
789 1799 859 1827 duos
881 1799 1007 1827 homines

216 1844 294 1872 initio
317 1845 514 1880 produxerant.
540 1844 615 1878 Quas
637 1845 673 1872 ob
696 1852 796 1873 causas
816 1845 894 1874 Sethi
920 1853 1007 1881 genus

216 1891 365 1926 separatim
392 1891 426 1918 ab
457 1891 503 1918 illa
529 1891 636 1926 origine
660 1891 810 1918 deductum
836 1895 889 1923 est,
912 1895 1007 1926 utpote

215 1936 332 1964 electum
351 1941 377 1964 et
404 1935 439 1963 ab
462 1936 569 1971 reliqua
588 1936 676 1971 stirpe
698 1936 864 1971 sejunctum.
890 1935 1006 1971 Progre-

216 1981 354 2009 dientibus
375 1981 504 2016 deinceps
527 1981 710 2016 temporibus,
726 1985 753 2008 et
773 1985 890 2016 utraque
914 1982 1008 2010 sobole

216 2029 244 2056 in
264 2035 349 2055 unum
369 2027 496 2060 conﬂata,
520 2027 573 2054 hoc
592 2031 635 2055 est
655 2027 743 2055 Caiuo
761 2031 789 2055 et
802 2027 887 2055 Abelo
907 2035 1007 2056 conve-

218 2074 359 2102 nientibus
383 2074 556 2108 invicemque
583 2074 743 2108 permistis,
767 2074 890 2101 omnium
920 2078 1007 2101 mater

218 2129 250 2148 ea
265 2128 295 2147 re
312 2119 503 2147 animadversa
526 2119 633 2154 generis
650 2119 762 2146 humani
779 2119 885 2146 semina
902 2119 1006 2154 integra

216 2175 249 2194 ac
265 2167 374 2194 sincera
398 2170 598 2201 reprmsentare
617 2166 771 2199 constituit,
790 2173 863 2199 cum,
879 2166 917 2192 uti
935 2166 1005 2193 dixi-

218 2220 289 2244 mus,
306 2211 373 2239 Abel
387 2216 461 2239 esset
479 2212 599 2239 occisus.
622 2210 650 2238 In
672 2211 786 2238 Sethum
811 2211 877 2238 illud
895 2211 1005 2246 delegit,

215 2261 243 2284 et
255 2257 289 2284 ab
301 2257 375 2284 omni
392 2257 452 2284 labe
471 2265 570 2292 purum
585 2257 715 2285 ostendit.
730 2256 760 2284 In
777 2265 896 2292 eumque
917 2244 1044 2285 solum’D

216 2302 338 2330 cmlestis
362 2302 437 2330 illius
459 2303 502 2330 vis
519 2311 576 2331 suaa
604 2310 636 2330 ac
659 2303 827 2331 sinceritatis
841 2311 928 2339 genus
956 2304 1007 2331 im-

218 2349 302 2377 misit.

251 2394 297 2421 lll.
316 2394 436 2422 Rursum
455 2402 521 2422 vero
538 2402 600 2422 cum
622 2395 806 2430 promiscuam
824 2395 1009 2431 perturbatio-

217 2447 290 2472 nem.
307 2445 333 2467 et
346 2442 505 2476 angelorum
529 2441 727 2476 hominumque
742 2442 906 2470 temerarios
923 2442 1010 2478 impe-

218 2492 261 2513 tus
278 2491 414 2519 cerneret,
432 2487 506 2522 quod
518 2487 663 2515 commista
677 2488 759 2515 simul
777 2495 877 2523 genera
894 2488 939 2515 illa
953 2489 1007 2516 duo

220 2533 417 2568 fuissent,:qua
440 2542 474 2561 ex
491 2533 653 2562 confusione
675 2542 746 2562 nova
768 2534 892 2569 quaedam
916 2540 1006 2563 essent

218 2588 318 2616 genera
326 2580 486 2613 constituta,
504 2579 599 2607 eadem
616 2580 662 2607 illa
677 2588 777 2615 parens
787 2580 887 2608 femina
896 2589 1008 2617 progre-

221 2628 297 2655 Jiens
313 2633 444 2661 aquarum
461 2626 587 2654 eluvione
604 2627 770 2654 c0ntrariam
785 2634 895 2654 omnem
912 2627 1009 2654 factio-

219 2682 283 2702 nem
295 2673 418 2701 funditus
426 2672 568 2706 exstinxit,
582 2676 611 2700 ut
626 2673 785 2708 incorrupta
799 2681 831 2701 ac
841 2674 916 2708 justa
931 2674 1008 2702 Sethi

220 2720 304 2752 stirfs
316 2718 350 2746 ad
367 2718 478 2746 caeleste
493 2725 579 2753 genus
607 2718 811 2754 scintillamque
821 2719 936 2754 justitize
946 2727 1009 2747 con-

219 2765 265 2792 ου
282 2764 338 2792 iam
349 2764 376 2791 in
389 2764 469 2792 terris
485 2764 543 2792 sola
557 2764 730 2792 retineretur.
744 2763 845 2792 Verum
860 2764 930 2793 ciam
949 2765 1008 2801 ipsa

257 2844 265 2858 '
279 2841 359 2871 Deest
377 2843 456 2879 εωιεί,
471 2842 512 2871 vel
524 2842 582 2870 έστί
595 2842 647 2879 leg.
685 2843 696 2859 ⁸
710 2841 741 2871 F.
756 2842 956 2873 καταϐαλοῦσα.

1045 241 1179 276 ἔγνωμεν,
1193 240 1227 267 τὰ
1243 240 1272 267 δὲ
1289 241 1321 266 ὲκ
1336 242 1559 274 συγγραμμάτων

1083 328 1163 358 Οὗτοι
1180 330 1235 366 γάρ
1259 331 1283 358 οἱ
1298 329 1427 365 Σηθιανοὶ
1444 329 1498 356 άπὸ
1521 327 1575 364 Σὴθ
1602 327 1649 354 τοῦ
1671 325 1729 353 υἱοῦ
1751 325 1842 360 Ἀδὰμ

1048 377 1225 413 σεμνύνονται
1243 376 1274 403 τὺ
1292 376 1369 411 γένος
1388 376 1527 409 κατάγειν.
1543 374 1629 400 Αὑτὸν
1641 373 1669 399 δὲ
1684 372 1841 405 δοξάζουσι,

1047 423 1095 450 καὶ
1116 423 1157 456 εἰς
1178 423 1260 450 αὐτὸν
1282 423 1371 449 πάντα
1392 422 1496 457 ὅσαπερ
1507 420 1608 456 ἀρετῆς
1631 417 1718 445 είναι¹
1736 418 1842 452 ἀναφέ-

1052 479 1139 505 ρουσι,
1155 470 1189 496 τά
1207 478 1236 495 τε
1254 468 1305 503 τῆς
1323 467 1424 504 ἀρετῆς
1442 466 1580 501 τεκμήρια
1593 465 1640 492 καὶ
1652 464 1841 498 δικαιοσύνης,

1048 516 1095 543 καὶ
1108 516 1159 542 ὅσα
1172 514 1284 542 τοιαῦτα
1305 514 1431 549 ὑπάρχει.
1452 513 1489 539 Οὐ
1511 511 1563 548 μὴν
1579 511 1607 538 δὲ
1626 510 1694 538 ἀλλά
1709 511 1755 538 καὶ
1769 511 1842 546 Χρι-

1050 562 1111 589 στὸν
1128 561 1209 588 αὑτὸν
1227 560 1401 596 ὀνομάζουσι,
1420 559 1466 586 καὶ
1481 559 1561 585 αὑτὸν
1581 555 1650 584 εἶναι
1667 557 1712 584 τὸν
1733 557 1844 592 Ἰησοῦν

1048 607 1276 634 διαϐεϐαιοῦνται.
1291 606 1451 634 Διδάσκουσι
1462 605 1490 632 δὲ
1504 604 1594 632 αὐτῶν
1606 604 1654 640 τὴν
1665 603 1844 630 διδασκαλίαν

1049 654 1129 681 οὕτω·
1151 654 1223 686 "Ott,
1247 654 1323 689 φησὶ,
1345 652 1375 685 ἐξ
1394 652 1517 687 ἀγγέλων
1531 651 1677 686 γεγένηται
1692 649 1726 676 τὰ
1737 649 1842 681 πάντα,

1049 700 1096 727 καὶ
1109 699 1158 726 οὐκ
1175 699 1207 725 ἐκ
1222 699 1271 734 τῆς
1286 699 1342 726 ἄνω
1358 697 1508 732 δυνάμεως.

1085 746 1123 772 Β¹.
1141 742 1220 772 Οὗτοι
1234 745 1288 780 γὰρ
1306 743 1411 779 συνῳδὰ
1434 742 1542 777 λέγουσι
1565 742 1598 777 τῇ
1619 740 1714 777 πρώτῃ
1734 740 1843 775 αἱρέσει

1050 792 1103 819 τῶν
1124 791 1252 818 Καῖανῶν
1278 789 1348 817 κατά
1361 789 1441 815 τοῦτο
1462 787 1493 815 τὺ
1516 788 1610 824 μέρος”
1625 787 1789 822 γεγενῆσθαι
1811 787 1843 820 ἐξ

1051 838 1179 874 ὑπαρχῆς
1190 836 1271 868 εὐθὺς
1290 836 1336 863 δύο
1351 834 1521 871 ἀνθρώπους,
1539 834 1586 861 καὶ
1600 835 1632 861 ὲκ
1643 833 1696 860 τῶν
1710 833 1757 860 δύο
1771 830 1843 859 εἶναι

1051 885 1097 911 τὸν
1110 884 1179 911 Κάῖν
1196 884 1243 911 καὶ
1257 883 1303 910 τὸν
1322 882 1414 909 Ἀδελ.
1433 881 1501 916 Περὶ
1515 880 1618 907 τούτων
1635 888 1664 906 τε
1680 880 1844 906 στασιάσαν-

1051 938 1101 962 τας
1114 929 1177 961 τοὺς
1191 928 1334 963 ἀγγέλους,
1344 927 1383 959 εἰς
1399 926 1530 962 ἀλλήλους
1551 925 1638 961 ἥκειν·
1652 924 1724 952 οὕτω
1743 933 1772 950 τε
1792 933 1844 950 πε-

1051 974 1195 1010 ποιηκέναι
1218 973 1422 1008 ἀποκτανθῆναι
1441 973 1487 999 τὸν
1509 971 1593 998 ’Ἅϐελ
1616 971 1669 999 ὑπὸ
1692 970 1739 997 τοῦ
1760 971 1842 997 Κάῖν.

1051 1020 1104 1048 Ἦν
1119 1021 1173 1056 γὰρ
1187 1021 1203 1056 ἡ
1221 1020 1315 1051 στάσις
1331 1021 1387 1051 τοῖς
1399 1019 1535 1053 ἀγγέλοις,
1553 1017 1762 1052 ἀγωνιζομένοις
1779 1017 1846 1052 περὶ

1051 1067 1106 1095 τῶν
1122 1067 1223 1103 γενεῶν
1239 1066 1293 1093 τῶν
1312 1065 1463 1101 ἀνθρώπων
1477 1064 1579 1092 τούτων
1593 1064 1648 1091 τῶν
1661 1063 1717 1096 δύο,
1735 1063 1782 1090 τοῦ
1794 1071 1845 1096 γε·

1052 1114 1215 1150 γεννηκότος
1227 1114 1272 1140 τὸν
1283 1113 1353 1140 Κάῖν
1365 1113 1412 1139 καὶ
1424 1111 1471 1138 τοῦ
1485 1111 1681 1147 γεγεννηκότος
1691 1110 1736 1137 τὸν
1748 1110 1844 1136 Ἀδελ.

1053 1159 1263 1195 Κεκρατηκέναι
1279 1159 1308 1185 δὲ
1323 1159 1371 1194 τὴν
1391 1158 1447 1185 ἄνω
1463 1157 1588 1192 δύναμιν,
1610 1158 1643 1192 ἦν
1662 1156 1777 1192 Μητέρα
1790 1156 1845 1190 φά-

1054 1213 1160 1236 σκουσι,
1175 1205 1220 1231 καὶ
1235 1204 1354 1240 θήλειαν.
1376 1204 1455 1230 Δοκεῖ
1473 1202 1527 1237 γὰρ
1543 1203 1635 1234 αὐτοῖς
1649 1200 1720 1228 εἶναι
1733 1202 1778 1228 καὶ
1792 1210 1847 1236 μη-

1052 1252 1135 1287 τέρας
1150 1251 1216 1282 ἄνω,
1232 1251 1278 1277 καὶ
1294 1250 1413 1286 θηλείας,
1433 1250 1480 1276 καὶ
1496 1249 1623 1285 ἄρσενας·
1640 1248 1729 1283 ὀλίγου
1742 1248 1770 1274 δὲ
1788 1247 1846 1274 δεῖν

1054 1297 1101 1324 καὶ
1124 1297 1284 1332 συγγενείας
1304 1297 1351 1323 καὶ
1373 1296 1556 1332 πατριαρχίας
1578 1295 1677 1330 λέγειν.
1703 1294 1779 1321 Ἐπεὶ
1797 1292 1847 1320 οὖν

1054 1345 1222 1379 κεκράτηκε,
1242 1344 1333 1378 φασὶν,
1351 1344 1367 1379 ἡ
1386 1342 1483 1379 Μήτηρ
1500 1343 1548 1369 καὶ
1567 1342 1661 1378 θήλεια
1678 1340 1845 1376 καλουμένη,

1055 1390 1168 1425 γνοῦσα,
1181 1390 1222 1425 δτι
1235 1389 1402 1416 ἀπέκτανται
1416 1388 1508 1421 Ἀδελ,
1525 1387 1718 1423 ἐνθυμηθεῐσα,
1733 1387 1846 1421 ἐποίησε

1055 1435 1218 1471 γεννηθῆναι
1232 1435 1277 1461 τὸν
1297 1434 1363 1470 Σὴθ,
1382 1434 1430 1460 καὶ
1444 1434 1473 1460 έν
1489 1434 1576 1468 τούτῳ
1595 1432 1676 1468 ἔθηκε
1696 1432 1746 1468 τὴν
1761 1432 1847 1466 αὐτῆς

1059 1481 1183 1516 δύναμιν.
1200 1480 1266 1513 ,Καὶ
1289 1479 1480 1506 καταλαϐοῦσα
1494 1481 1504 1495 ¹
1525 1479 1554 1505 έν
1568 1478 1638 1514 αὐτῇ
1662 1477 1772 1513 σπέρμα
1795 1476 1847 1511 τῆς

1056 1525 1160 1553 ἄνωθεν
1183 1525 1335 1560 δυνάμεως,
1366 1525 1413 1551 καὶ
1437 1524 1482 1551 τὸν
1510 1523 1646 1559 σπινθῆρα
1670 1523 1714 1549 τὸν
1743 1522 1847 1550 Ξνωθεν

1058 1571 1217 1607 πεμφθέντα
1228 1572 1268 1603 εἰς
1282 1571 1393 1607 πρώτην
1407 1570 1559 1606 καταϐολὴν
1575 1569 1620 1597 τοῦ
1633 1569 1788 1606 σπέρματος
1799 1569 1847 1595 καὶ

1059 1618 1224 1650 συστάσεως.
1244 1617 1299 1644 Καὶ
1322 1614 1391 1644 εἶναι
1411 1616 1514 1651 ταύτην
1532 1617 1661 1643 σύστασιν
1677 1616 1727 1651 τῆς
1746 1615 1848 1643 δικαιο-

1059 1665 1152 1700 σύνης,
1172 1664 1220 1691 καὶ
1233 1664 1348 1700 ἐκλογὴν
1361 1664 1519 1699 σπέρματος
1534 1663 1581 1690 καὶ
1594 1663 1698 1697 γένους·
1718 1663 1792 1694 ὅπως
1804 1662 1848 1688 διὰ

1057 1711 1107 1746 τῆς
1119 1711 1222 1746 ταύτης
1241 1711 1406 1742 συστάσεως,
1431 1710 1479 1736 καὶ
1499 1709 1596 1736 τούτου
1620 1708 1666 1735 τοῦ
1689 1709 1847 1744 σπέρματος

1058 1756 1257 1792 καθαιρεθῶσιν
1272 1757 1299 1783 αἱ
1312 1757 1440 1792 δυνάμεις
1457 1755 1510 1783 τῶν
1531 1755 1653 1790 ἀγγέλων
1667 1755 1721 1782 τῶν
1743 1756 1787 1782 τὸν
1800 1755 1846 1782 κὰ-

1059 1811 1126 1838 σμον
1145 1803 1331 1838 πεποιηκότων
1353 1803 1401 1829 καὶ
1417 1803 1479 1834 τοὺς
1497 1801 1544 1828 δύο
1576 1802 1623 1828 ἀπ’
1639 1802 1727 1837 ἀρχῆς
1744 1801 1847 1836 ἀνθρώ-

1059 1859 1137 1881 πους.
1147 1850 1196 1876 Διὰ
1205 1849 1307 1884 ταύτην
1319 1847 1366 1876 οὖν
1379 1849 1427 1885 τὴν
1440 1848 1530 1876 αἰτίαν
1542 1848 1589 1875 καὶ
1601 1848 1632 1875 τὸ
1645 1848 1722 1882 γένος
1733 1847 1780 1874 τοῦ
1794 1847 1846 1883 Σὴθ

1058 1895 1204 1930 ἀφορισθὲν
1219 1894 1341 1921 ἐντεῦθεν
1354 1894 1513 1928 κατάγεται,
1529 1893 1642 1929 ἐκλογῆς
1655 1892 1684 1919 ὃν
1701 1893 1748 1920 καὶ
1758 1893 1848 1919 διακε-

1059 1942 1190 1977 κριμένον
1212 1940 1258 1966 τοῦ
1283 1940 1363 1967 ἄλλου
1388 1941 1494 1974 γένους.
1521 1939 1728 1974 Προὸαινόντων
1747 1939 1774 1965 δὲ
1792 1939 1847 1965 τῶν

1059 1986 1175 2021 καιρῶν,
1190 1986 1265 2021 φασὶ,
1280 1987 1327 2013 καὶ
1340 1986 1408 2022 ὁμοῦ
1421 1986 1506 2013 ὄντων
1520 1985 1574 2012 τῶν
1586 1985 1633 2012 δύο
1647 1985 1744 2019 γενῶν,
1758 1985 1805 2012 τοῦ
1819 1994 1848 2012 τε

1058 2030 1128 2056 Κάῐν
1141 2030 1189 2056 καί
1202 2030 1248 2057 τοῦ
1265 2030 1347 2057 ’Ἅϐελ
1365 2031 1405 2062 εὶς
1421 2030 1451 2057 τὸ
1464 2030 1530 2056 αὐτὸ
1545 2029 1735 2062 συνελθόντων,
1747 2029 1790 2056 διὰ
1801 2038 1849 2056 κα-

1059 2077 1121 2105 κίαν
1146 2076 1256 2112 πολλὴν,
1285 2077 1332 2104 καὶ
1353 2076 1420 2112 ὁμοῦ
1447 2076 1606 2112 μιχθέντων,
1630 2075 1808 2111 ἀποϐλέψασα
1831 2077 1847 2111 ή

1061 2123 1169 2149 πάντων
1177 2123 1287 2158 Μήτηρ,
1306 2122 1426 2160 καθαρὸν
1444 2123 1475 2150 τὸ
1498 2123 1608 2158 σπέρμα
1627 2123 1680 2150 τῶν
1699 2123 1849 2159 ἀνθρώπιον

1059 2168 1198 2205 ήδουλήθη
1221 2169 1442 2204 ἀπεργάσασθαι,
1467 2168 1504 2201 ὡς
1527 2171 1668 2205 προεῖπον,
1692 2169 1735 2195 διὰ
1754 2169 1784 2195 τὸ
1804 2169 1849 2195 τὸν

1061 2215 1143 2242 ’Ἅϐελ
1161 2215 1339 2242 ἀπεκτάνθαι.
1352 2216 1405 2242 Καὶ
1417 2216 1511 2243 τοῦτον
1521 2216 1566 2242 τὸν
1577 2216 1630 2251 Σὴθ
1643 2215 1791 2248 ἐξελέξατο,
1803 2215 1849 2243 καὶ

1061 2261 1181 2298 καθαρὸν
1195 2261 1289 2295 ἔδειξε.
1305 2263 1361 2288 Καὶ
1373 2264 1401 2290 ὲν
1414 2262 1499 2297 τούτῳ
1514 2263 1545 2289 τὸ
1558 2264 1635 2297 γένος
1652 2264 1724 2299 μόνῳ
1736 2264 1786 2299 τῆς
1800 2264 1848 2290 αὺ-

1060 2308 1109 2344 τῆς
1125 2308 1266 2344 δυνάμεως
1285 2309 1333 2336 καὶ
1352 2309 1537 2345 καθαρότητος
1552 2309 1691 2337 κατέθετο.

1095 2395 1132 2422 Γ¹.
1153 2395 1256 2423 Ίδοῢσα
1267 2395 1296 2422 δὲ
1309 2396 1390 2423 πάλιν
1401 2396 1501 2429 πολλὴν
1514 2396 1664 2432 ἐπιμιξίαν,
1676 2397 1722 2423 καὶ
1734 2396 1848 2423 ἄτακτον

1060 2442 1148 2478 ὁρμὴν
1164 2442 1218 2468 τῶν
1235 2443 1358 2477 ἀγγέλων
1381 2443 1427 2469 καὶ
1449 2442 1503 2468 τῶν
1524 2442 1686 2478 ἀνθρώπων,
1711 2443 1750 2473 εἰς
1776 2442 1848 2478 μίξιν

1061 2487 1115 2514 τῶν
1130 2487 1176 2514 δύο
1188 2488 1275 2522 γενῶν
1291 2488 1432 2520 ἐλθόντων,
1454 2488 1500 2514 καὶ
1517 2488 1658 2519 συστάσεις
1670 2487 1757 2521 γενῶν
1775 2497 1848 2520 τινας

1060 2533 1110 2569 τὴν
1126 2534 1216 2560 αὐτῶν
1228 2533 1341 2566 ἀταξίαν
1355 2534 1552 2570 ὲμποιήσασαν,
1566 2534 1728 2569 πορευθεῖσα
1743 2533 1848 2568 πάλινὴ

1061 2580 1129 2615 αὐτὴ
1144 2581 1244 2616 Μήτηρ
1255 2589 1285 2607 τε
1303 2581 1350 2607 καὶ
1369 2580 1463 2616 θήλεια
1479 2580 1668 2615 κατακλυσμὸν
1679 2580 1790 2615 ῆνεγκε,
1805 2581 1850 2606 καὶ

1061 2626 1185 2653 ἀπώλεσε
1195 2628 1285 2653 πᾶσαν
1300 2627 1394 2654 στάσιν
1407 2626 1550 2662 ἀνθρώπου
1561 2625 1660 2657 παντὸς
1668 2626 1762 2660 γένους
1773 2627 1850 2652 ἐναν-

1060 2673 1119 2699 τίου
1131 2682 1137 2688 ·
1151 2673 1194 2700 ἵνα
1208 2673 1288 2708 δῆθεν
1300 2674 1330 2699 τὸ
1342 2673 1462 2709 καθαρὸν
1471 2674 1549 2708 γένος
1559 2673 1589 2699 τὸ
1600 2672 1652 2699 ἀπὸ
1661 2672 1709 2698 τοῦ
1725 2672 1790 2707 Σὴθ,
1804 2673 1849 2699 καὶ

1060 2719 1174 2752 δίκαιον,
1187 2719 1267 2755 μόνον
1280 2720 1359 2756 μείνῃ
1373 2720 1401 2746 ἐν
1414 2720 1570 2755 κόσμῳ,ξείς
1583 2719 1712 2746 σύστασιν
1725 2719 1772 2745 τοῦ
1783 2719 1850 2746 άνω-

1062 2765 1107 2794 θεν
1123 2766 1219 2801 γένους
1235 2765 1328 2803 τε-καὶ
1343 2766 1489 2803 σπινθῆρος
1508 2767 1558 2803 τῆς
1571 2766 1753 2802 δικαιοσύνης.
1770 2765 1850 2793 Ἐλα-
