1952 3045
121 133 182 161 669

433 131 623 160 ADVERSUS
642 131 814 160 HIEBESES
833 131 897 160 LIB.
919 131 939 160 1.
960 131 1042 160 ἸὈΜ.
1058 130 1102 159 Ill.
1119 147 1155 152 —
1169 128 1306 160 HERES.
1323 124 1444 158 XXXIX}

1707 128 1760 157 670

77 200 81 202 ·
122 193 174 220 θον
197 194 226 220 δὲ
249 193 333 228 αὐτὴν
359 192 439 220 πάλιν
461 193 485 219 οί
508 192 629 227 ἄγγελοι,
647 192 695 218 καὶ
711 191 853 219 είσέδυσαν
878 191 913 218 τὸπ

974 198 1073 219 rursus
1090 191 1177 226 angeli
1189 190 1321 218 Chamum
1337 197 1353 217 e
1368 194 1468 224 genere
1481 187 1538 218 (suo
1553 191 1715 222 prognatum
1732 188 1760 214 in

123 239 194 274 Χὰμ
220 239 260 270 εἰς
283 239 331 274 τὴν
352 238 477 270 κιϐωτὸν,
492 238 558 265 ὄντα
572 237 620 264 τοῦ
637 237 727 265 αὐτῶν
752 237 919 272 σπέρματος.

129 285 222 312 Ὀκτὼ
234 285 287 321 γὰρ
302 285 395 320 ψυχῶν
413 284 549 312 σωῦεισῶν
571 285 600 311 ὲν
623 285 656 320 τῇ
671 284 731 310 τότε
746 283 860 319 λάρνακι
873 283 919 310 τοῦ

123 331 202 363 Νῶε,
217 331 286 357 ἑπτὰ
307 331 357 366 μὲν
377 329 446 358 εἶναι
462 330 509 358 τοῦ
527 330 647 367 καθαροῦ
664 330 760 365 γένους
776 330 843 365 φασί
853 339 859 346 ·
874 330 920 357 τὸν

121 378 155 404 δὲ
169 378 217 404 ἕνα
229 376 297 405 εἶναι
307 378 351 404 τὸν
361 377 427 413 Χὰμ
436 378 485 413 τῆς
499 377 582 413 ἄλλης
595 377 736 413 δυνάμεως
751 377 918 413 ὑπάρχοντα,

122 422 156 448 ὃν
171 422 290 449 εἰσδῦναι
306 422 421 449 λαθόντα
442 422 492 458 τὴν
516 423 572 450 ἀνω
586 422 788 459 Μητέρα.Ὑτιὸ
801 422 855 449 τῶν
868 423 919 456 ἀγ-

122 469 215 503 γέλων
232 469 260 495 δὲ
274 469 304 495 τὸ
312 469 417 496 τοιοῦτο
428 469 621 502 συσκευασθὲν,
636 469 722 502 οὕτως
737 469 919 504 ἀποτελεσθῆ-

122 523 181 541 ναι.
191 515 300 551 Ἐπειδὴ
307 515 581 551 γὰρ,φασὶ,ἔγνωσαν
594 516 619 542 οἱ
631 515 753 550 ἄγγελοι,
766 516 807 542 ὅτι
823 515 917 551 μέλλει

123 561 184 588 πᾶν
199 561 230 588 τὸ
246 561 357 597 σπέρμα
372 561 461 588 αὐτῶν
476 561 675 596 ἁπαλείφεσθαι
690 563 718 588 ὲν
729 560 768 596 τῷ
783 561 919 588 κατακλυ-

124 606 202 642 σμῷ,
217 607 370 643 πανουργίᾳ
383 607 438 634 τινὶ
459 608 504 634 τὸν
518 607 717 644 προειρημένον
730 607 795 643 Χὰμ
808 609 847 640 εἰς
860 609 918 635 δια-

122 653 243 688 τήρησιν
258 652 305 679 τοῠ
320 653 365 680 ὑπ’
380 652 469 680 αὐτῶν
481 653 635 685 κτισθέντος
647 653 742 688 γένους
756 654 805 689 τῆς
820 653 918 686 κακίας

123 697 334 734 παρεισέϐαλον.
350 699 404 725 Καὶ
429 700 461 726 ἐκ
481 699 576 726 τούτου
599 699 667 735 λήθη
689 699 736 726 καὶ
745 693 838 734 ’πλάνη
854 700 918 734 περὶ

122 745 191 776 τοὺς
212 744 382 780 ἀνθρώπους,
398 745 445 772 καὶ
461 745 571 772 ἄτακτοι
595 746 677 781 φοραὶ
698 745 916 781 ἁμαρτημάτων,

124 791 174 816 καὶ
191 789 337 825 πολυμιξία
354 791 453 823 κακίας
471 791 500 817 ἐν
519 790 558 826 τῷ
571 791 667 826 κόσμῳ
688 791 843 826 γεγένηται.
861 791 917 818 Καὶ

123 835 213 868 οὕτως
227 837 242 863 ὁ
255 837 357 872 κόσμος
374 838 414 869 εἰς
426 837 457 864 τὺ
473 838 584 873 ἀρχαῖον
598 837 648 872 τῆς
657 837 769 870 ἀταξίας
783 835 860 869 αὖθις
870 838 916 864 ἀν-

971 243 1063 263 arcam
1085 236 1274 264 introducunt.
1300 234 1366 262 Nam
1393 243 1425 262 ex
1446 238 1510 261 octo
1531 233 1670 268 capitibus
1693 233 1758 265 illis.

971 291 1032 319 quae
1055 284 1083 310 in
1100 283 1196 311 Noemi
1219 290 1283 310 arca
1312 288 1419 310 servata
1443 283 1581 317 leguntur,
1600 282 1760 310 sincerioris

970 329 1081 365 generis
1097 333 1210 365 septena
1227 329 1310 358 fuisse
1327 329 1485 364 praedicant,
1498 333 1623 356 octavum
1637 337 1700 356 vero
1713 336 1760 356 nos

970 375 1046 402 mine
1059 374 1194 402 Chamum
1213 375 1248 402 ab
1262 375 1349 402 aliena
1364 375 1389 403 vi
1406 375 1567 409 productum
1580 375 1691 402 latuisse
1706 381 1761 402 cm-

968 420 1066 448 lestem
1083 425 1211 453 matrem,
1223 424 1250 448 et
1265 421 1293 448 in
1305 428 1396 448 arcam
1411 421 1572 456 irrepsisse;
1590 425 1616 448 et
1628 421 1654 448 id
1669 421 1758 455 ipsum

969 464 1127 500 angelorum
1147 464 1244 492 fraude
1258 472 1290 492 ac
1305 465 1421 492 consilio
1437 473 1498 493 esse
1512 465 1672 500 perlectum.
1688 465 1757 492 Cum

968 510 1051 541 enim,
1069 513 1098 537 ut
1114 509 1201 543 aiunt,
1223 510 1383 538 didicissent
1405 510 1455 543 illi,
1473 518 1559 546 genus
1579 518 1660 538 omne
1676 518 1757 538 suum

968 554 1064 582 diluvii
1081 557 1160 591 aquis
1176 557 1426 590 exterminandum,
1442 557 1511 584 mira
1527 557 1686 588 calliditate,
1703 564 1758 591 quo

967 602 1033 629 mali
1049 602 1168 636 generis,
1185 602 1265 637 cujus
1284 607 1410 630 auctores
1426 607 1512 636 erant,
1531 602 1661 637 reliquias
1685 601 1759 628 l‘ove-

968 651 1040 680 rent,
1051 647 1184 675 Chamum
1198 648 1225 675 in
1240 656 1331 676 arcam
1348 649 1497 676 inculcant.
1515 648 1538 675 A
1550 656 1604 683 quo
1619 649 1645 675 in
1662 648 1759 674 huma-

968 700 1033 719 num
1056 700 1142 728 genus
1159 700 1246 724 error,
1267 697 1294 721 et
1319 694 1430 726 oblivio,
1455 697 1537 729 atque
1560 692 1758 720 inconsiderati

968 736 1135 773 ﬂagitiorum
1150 738 1278 774 impetus,
1292 742 1319 766 et
1334 739 1467 767 scelerum
1483 739 1601 766 varietas
1614 737 1756 773 multiplex

968 783 995 811 in
1016 784 1110 812 orbem
1134 789 1271 812 terrarum
1291 785 1391 821 erupit.
1416 785 1505 820 Atque
1526 784 1564 811 ita
1581 784 1700 812 mundus
1722 784 1757 810 ad

967 830 1112 864 pristinam
1139 831 1371 866 perturbationem
1391 831 1473 867 286
1489 831 1579 859 denuo
1605 830 1756 861 revolutus,

123 881 244 917 ἔκαμψε,
263 882 309 909 καὶ
323 883 476 918 ἐνεπλήσθη
493 884 596 916 κακῶν,
612 884 650 916 ὡς
665 883 694 916 ἐξ
705 884 793 920 ἀρχῆς
805 884 857 920 πρὸ
867 884 913 911 τοῦ

966 875 1078 910 perinde
1099 880 1181 911 atque
1207 881 1271 904 ante
1290 876 1435 908 diluvium,
1461 876 1595 903 malorum
1613 876 1692 911 copia
1717 883 1758 902 re-

123 927 331 963 κατακλυσμοῦ.
341 929 406 955 Ἀπὸ
416 929 444 955 δὲ
456 928 502 955 τοῦ
514 929 568 964 Σὴθ
580 929 652 956 κατὰ
662 929 773 964 σπέρμα
787 929 834 955 καὶ
846 929 916 956 κατὰ

122 974 252 1010 διαδοχὴν
271 974 365 1008 γένους
382 976 396 1001 ὁ
407 975 524 1010 Χριστὸς
544 973 626 1010 ἦλθεν
638 975 719 1008 αὐτὸς
730 974 844 1011 Ἰησοῦς,
857 976 917 1011 οὐχὶ

122 1020 196 1046 κατὰ
210 1021 287 1056 γένη,
303 1021 370 1047 ἀλλὰ
385 1021 548 1056 θαυμαστῶς
560 1023 589 1048 ὲν
606 1021 644 1056 τῷ
658 1022 752 1057 κόσμῳ
767 1022 895 1057 πεφηνώς
907 1029 914 1036 ·

122 1066 153 1097 ὅς
169 1067 241 1093 ἐστιν
256 1067 335 1099 αὐτὸς
350 1067 364 1093 ὁ
379 1067 443 1103 Σὴθ,
458 1069 473 1094 ὁ
483 1067 543 1094 τότε
556 1067 602 1094 καὶ
617 1067 734 1103 Χριστὸς
749 1067 796 1094 νῦν
808 1069 916 1102 ἐπιφοι-

121 1112 210 1147 τήσας
220 1112 259 1147 τῷ
271 1113 343 1146 γένει
357 1112 412 1140 τῶν
426 1113 587 1149 ἀνθρώπων,
600 1113 654 1140 ἀπὸ
665 1113 715 1149 τῆς
732 1113 835 1149 μητρὸς
846 1112 916 1141 ἄνω-

122 1157 170 1184 Θεν
184 1158 397 1194 ἀπεσταλμένος.

159 1248 195 1273 Δ’.
216 1246 308 1274 Ταῦτα
322 1246 408 1274 πάντα
429 1246 500 1274 οὕτω
514 1247 677 1282 γεγενῆσθαί
701 1255 783 1281 φασιν
804 1248 912 1274 ἐκεῖνοι.

123 1293 212 1330 Μωρᾲ
239 1293 277 1326 δὲ,
291 1294 338 1320 καὶ
360 1294 473 1330 ἀδρανῆ,
489 1295 537 1321 καὶ
560 1295 727 1330 κενοφωνίας
753 1295 859 1330 ἔμπλεα
879 1294 915 1322 τὰ

122 1329 234 1366 (atatim
252 1329 428 1375 κηρύγματα,
444 1341 482 1372 ὡς
507 1341 587 1368 παντί
613 1349 652 1376 τῳ
673 1341 752 1377 δῆλόν
770 1329 857 1368 ἔστιν.
876 1341 913 1368 Οὐ

122 1385 178 1420 γὰρ
200 1385 246 1412 δύο
271 1386 409 1421 ἄνθρωποι
433 1387 619 1423 ὲπλάσϐησαν,
634 1387 702 1415 ἀλλὰ
724 1385 765 1420 εἷς
788 1388 911 1422 ὁἈδὰμ,

123 1432 171 1458 καὶ
186 1432 218 1457 ὲκ
232 1431 278 1458 τοῦ
294 1431 381 1467 Ἀδὰμ.
395 1433 409 1459 ὃ
421 1441 450 1459 τε
463 1432 532 1459 Κάῖν
549 1433 596 1459 καὶ
615 1433 708 1466 Ἀδελ,
723 1434 770 1461 καὶ
781 1434 845 1470 Σήθ.
858 1434 914 1460 Καὶ

121 1477 214 1504 εὐκέτι
231 1478 263 1504 ὲκ
277 1477 323 1504 δύο
336 1477 496 1514 ἀνθρώπων,
515 1479 572 1505 ἀλλ’
584 1479 613 1513 ἐξ
625 1480 684 1512 ἑνὸς
698 1480 752 1512 ἕως
767 1480 814 1507 τοῦ
826 1489 912 1508 κατα-

121 1523 244 1559 κλυσμοῦ
262 1524 315 1551 τῶν
328 1524 414 1558 γενῶν
431 1524 499 1552 ὅλων
511 1525 557 1552 τοῦ
568 1525 654 1561 Ἀδὰμ
667 1526 782 1561 ἐχόντων
793 1526 843 1559 τὰς
853 1528 912 1554 ἑαυ-

122 1567 177 1594 τῶν
195 1567 337 1600 συστάσεις
353 1569 382 1595 ἐν
402 1568 441 1604 τῷ
455 1569 558 1605 κόσμῳ.
569 1570 634 1597 Ἀπὸ
658 1570 686 1597 δὲ
705 1571 751 1598 τοῦ
775 1572 911 1599 κατακλυ-

123 1613 194 1648 σμοῦ
215 1613 247 1640 ὲκ
267 1614 313 1640 τοῦ
326 1614 386 1641 Νῶε
403 1615 484 1643 πάλιν
494 1615 541 1642 τοῦ
556 1616 615 1648 ἐνὸς
628 1616 784 1653 ἀνθρώπου,
799 1619 846 1645 καὶ
861 1619 912 1645 οὐκ

124 1660 156 1686 ὲκ
170 1659 316 1696 διαφόρων,
332 1661 400 1687 ἀλλὰ
414 1661 467 1689 ἀπὸ
480 1662 540 1694 ἐνὸς
553 1663 600 1689 τοῦ
613 1663 684 1696 Νῶε,
702 1664 748 1690 τοῦ
766 1664 834 1691 κατὰ
855 1664 912 1691 δια-

121 1705 202 1741 δοχὴν
213 1707 245 1732 ὲκ
262 1706 418 1742 σπέρματος
429 1708 476 1734 τοῦ
492 1708 556 1744 Σὴθ,
570 1710 625 1735 πᾶν
647 1709 724 1743 γένος
741 1709 795 1736 τῶν
807 1709 911 1745 ἀνθρὼ-

122 1760 191 1784 πων,
201 1752 295 1784 οὑκεὶς
308 1752 353 1779 δύο
366 1753 526 1789 αἱρούμενον
540 1754 560 1785 ¹,
577 1754 646 1781 ἀλλὰ
659 1756 698 1786 είς
715 1755 744 1781 ἓν
756 1755 842 1789 γένος.
852 1755 910 1789 Ἀφ’

122 1793 208 1834 οὗπερ
223 1799 269 1825 καὶ
279 1799 350 1832 Νῶε,
361 1800 408 1826 καὶ
421 1800 437 1836 ή
449 1800 531 1827 αὑτοῦ
542 1800 622 1836 γυνὴ,
636 1801 683 1827 καὶ
693 1801 763 1836 Σὴμ,
777 1801 824 1828 καὶ
835 1802 910 1836 Χὰμ,

122 1843 169 1870 καὶ
185 1843 286 1878 Ίάφεθ,
299 1845 323 1871 οί
344 1845 439 1871 τούτου
453 1846 547 1877 παῖδες
564 1846 612 1872 καὶ
623 1847 697 1882 τρεῖς
714 1847 842 1880 γυναῖκες
857 1847 911 1873 τῶν

122 1889 205 1917 αὐτοῦ
223 1890 325 1917 παίδων
339 1891 393 1917 ἀπὸ
408 1891 454 1918 τοῦ
472 1891 524 1927 Σὴθ
541 1891 571 1918 τὸ
589 1892 665 1926 γένος
682 1893 830 1927 κατάγουσι
844 1893 912 1920 πάν-

121 1943 177 1968 τες,
193 1936 240 1963 καὶ
257 1936 317 1972 οὐχὶ
331 1937 385 1963 ἀπὺ
397 1937 443 1964 δύο
455 1937 606 1973 ἀνθρώπων
620 1938 674 1965 τῶν
699 1938 736 1975 μὴ
757 1940 911 1976 γενομένων

122 1982 192 2009 κατὰ
205 1982 253 2018 τὴν
265 1983 367 2010 τούτων
383 1984 554 2019 μυθοποιίαν.

157 2069 194 2096 Ε’.
215 2070 327 2102 Βίϐλους
350 2071 379 2097 δέ
397 2079 474 2104 τινας
501 2073 704 2107 συγγράφοντες
727 2071 756 2105 ἐξ
779 2072 911 2108 ὀνόματος

125 2116 248 2151 μεγάλων
260 2117 376 2152 ἀνδρῶν,
387 2117 417 2151 ἐξ
428 2118 559 2153 ὀνόματος
574 2119 622 2154 μὲν
632 2119 685 2155 Σὴθ
700 2119 770 2146 ἑπτὰ
786 2119 910 2154 λέγοντες

122 2159 190 2188 εἶναι
210 2161 333 2196 βίϐλους·
348 2162 432 2194 ἄλλας
453 2163 482 2190 δὲ
510 2163 616 2198 βίϐλους
637 2164 733 2200 ἐτέρας
755 2164 908 2199 ὰλλογενείς

121 2207 192 2233 οὕτω
214 2206 357 2234 καλοῦσιν·
376 2207 459 2243 ἄλλην
483 2208 511 2234 δὲ
535 2208 563 2242 ἐξ
580 2209 710 2244 ὀνόματος
721 2209 858 2245 ’Δὸραὰμ,
874 2210 907 2246 ἦν

123 2251 361 2288 καὶἊποκάλυψιν
378 2252 527 2286 φάσκουσιν
539 2251 617 2286 εἶναι,
633 2254 723 2289 πάσης
743 2255 841 2287 κακίας
860 2255 909 2290 ἑμ-

123 2298 224 2324 τιλεων·
240 2298 335 2334 ἑτέρας
347 2299 376 2325 δὲ
390 2298 420 2331 ἐξ
432 2299 564 2334 ὀνόματος
575 2299 622 2326 τοῦ
639 2300 788 2333 Μωῡσέως,
801 2302 846 2327 καὶ
862 2301 909 2328 ἆλ-

122 2344 169 2375 λας
185 2344 282 2371 ἄλλων.
300 2344 346 2376 El;
364 2344 469 2380 μωρίαν
490 2345 518 2372 δὲ
540 2346 640 2382 πολλὴν
657 2347 702 2373 τὸν
722 2347 783 2373 νοῦν
806 2347 911 2374 ἑαυτῶν

123 2390 296 2423 κατάγοντες,
309 2391 427 2425 γυναῖκά
437 2400 499 2418 τινα
518 2392 629 2427 Ὠραίαν
642 2393 766 2427 λέγουσιν
778 2391 847 2420 εἶναι
862 2393 909 2421 τοῦ

123 2435 260 2471 Σὴθ.Ὃρα
281 2436 310 2462 δέ
328 2445 382 2472 μοι⁷
404 2437 540 2473 ἀγαπητὲ,
559 2438 609 2474 τὴν
624 2439 726 2466 τούτων
747 2439 850 2472 ἄνοιαν,
866 2440 910 2467 ἵνα

123 2482 190 2509 κατὰ
207 2483 295 2510 πάντα
309 2483 408 2518 τρόπον
420 2484 562 2520 καταγνῷς
577 2485 625 2520 τῆς
639 2485 728 2513 αὐτῶν
739 2486 910 2522 δραματουρ-

122 2529 193 2563 γίας,
206 2530 253 2555 καὶ
268 2529 405 2563 μυθώδους
420 2531 665 2567 ματαιοφροσύνης,
680 2533 727 2560 καὶ
742 2533 908 2561 ἐπιπλάστου

121 2575 289 2609 ληρολογίας.
310 2575 371 2602 Εἰσὶ
386 2578 435 2611 μὲν
448 2576 502 2612 γὰρ
519 2576 597 2603 ἄλλαι
611 2578 684 2609 τινὲς
697 2578 827 2614 αἱρέσεις,
841 2579 910 2606 αἴτι-

122 2629 164 2652 νες
185 2620 292 2656 δύναμι-
313 2630 373 2647 τινα
390 2619 459 2647 εἶναι
473 2621 606 2655 λέγουσιν,
623 2623 656 2658 ἠν
669 2622 797 2651 καλοῦσιν
812 2624 910 2657 ὀνομα-

123 2666 220 2698 στικῶς
242 2666 360 2702 Ὠραίαν.
373 2667 429 2702 Τὴν
445 2667 510 2699 παρ’
521 2667 610 2700 ἄλλοις
623 2668 712 2696 τοίνυν
729 2670 909 2706 νομιζομένην

122 2711 244 2746 δύναμιν,
253 2711 363 2746 Ὠραίαν
379 2721 408 2739 τε
425 2713 604 2749 καλουμένην,
624 2713 695 2741 οὕτω
720 2718 837 2750 γυναῖκα
860 2716 908 2744 τοῦ

124 2756 174 2791 Σὴθ
188 2757 408 2791 λέγουσιν.¹’0οεν
420 2758 558 2795 δυνάμεθα
573 2769 602 2787 τε
618 2760 767 2796 ἀποδεῖξαι,
784 2762 822 2794 ὡς
839 2763 906 2797 (ore,

161 2847 166 2860 '
184 2845 246 2873 Cor.
260 2845 365 2874 διαιοού
371 2855 453 2876 μενοι.

967 920 1110 948 dundavit.
1140 921 1276 950 Caeterum
1304 929 1319 949 a
1346 921 1430 950 Setho
1461 922 1620 949 continuata
1648 921 1756 957 generis

966 967 1146 995 successione
1172 967 1252 996 Iesus
1266 968 1394 996 Christus
1410 967 1521 1003 prodiit,
1541 976 1595 995 non
1618 968 1677 1003 ipse
1691 968 1755 1003 qui-

965 1012 1027 1040 dem
1043 1014 1151 1048 generis
1170 1014 1257 1049 stirpe
1281 1018 1451 1049 procreatus,
1467 1014 1514 1041 sed
1539 1014 1566 1041 in
1580 1014 1653 1041 hunc
1676 1022 1756 1040 mun-

965 1057 1030 1085 dum
1051 1059 1249 1088 admirabiliter
1264 1060 1448 1088 introductus.
1463 1059 1535 1088 ldem
1550 1060 1623 1087 enim
1640 1060 1685 1095 qui
1702 1059 1756 1087 illis

968 1105 1138 1139 temporibus
1151 1105 1253 1133 Setbus
1272 1105 1335 1138 fuit,
1358 1106 1439 1133 modo
1453 1105 1580 1134 Christus
1604 1106 1756 1141 appellatus

965 1158 981 1178 a
996 1152 1103 1179 caelesti
1127 1157 1214 1180 matre
1232 1152 1266 1180 de
1291 1153 1361 1180 coelo
1385 1153 1486 1181 missus
1505 1152 1538 1180 ad
1558 1152 1683 1180 homines
1706 1152 1756 1180 dc-

965 1198 1084 1226 scendit.

999 1243 1043 1271 IV.
1058 1243 1115 1272 Hoc
1131 1244 1211 1272 modo
1222 1245 1260 1272 illi
1274 1246 1400 1273 universa
1415 1249 1548 1273 statuunt.
1560 1244 1658 1273 Verum
1672 1252 1753 1279 quam

965 1289 1075 1322 stolida,
1093 1298 1175 1325 quam
1190 1298 1272 1325 porro
1287 1291 1432 1324 imbecilla,
1450 1298 1481 1318 ac
1495 1299 1564 1319 vana
1581 1291 1636 1319 sint
1648 1299 1708 1327 quae
1721 1292 1756 1319 ab

964 1335 1020 1363 illis
1032 1336 1185 1370 jactantur,
1209 1343 1288 1364 nemo
1314 1344 1369 1364 non
1387 1336 1470 1364 videt.
1496 1336 1590 1372 Neque
1611 1337 1683 1364 enim
1700 1337 1755 1364 duo

964 1381 1068 1408 conditi
1082 1381 1292 1414 suntbomines,
1311 1382 1358 1410 sed
1374 1390 1446 1410 unus
1461 1383 1593 1410 duntaxat
1610 1383 1731 1410 Adamus
1745 1392 1751 1410 :

964 1435 979 1454 a
995 1435 1051 1463 quo
1068 1427 1148 1460 Cain,
1167 1431 1194 1456 et
1219 1428 1297 1460 Abel,
1319 1427 1473 1464 Setinusque
1492 1429 1585 1464 geniti.
1607 1429 1675 1456 Tum
1693 1429 1754 1456 reli-

963 1481 1025 1509 qua:
1038 1474 1167 1509 deinceps
1181 1475 1214 1501 ad
1235 1474 1367 1502 diluvium
1390 1483 1476 1509 usque
1491 1475 1679 1510 generationes
1697 1483 1752 1503 non

965 1528 979 1547 a
997 1519 1105 1548 duobus
1122 1520 1289 1553 hominibus,
1305 1520 1352 1548 sed
1366 1529 1399 1548 ex
1423 1529 1477 1548 uno
1491 1522 1579 1549 solum
1595 1521 1693 1556 capite,
1708 1522 1752 1548 ni-

964 1566 1062 1593 mirum
1075 1566 1190 1598 Adamo,
1201 1558 1327 1601 profecta
1341 1571 1414 1595 sunt.
1430 1567 1482 1596 Sed
1498 1571 1525 1595 et
1539 1568 1574 1596 ab
1588 1575 1643 1595 uno
1656 1575 1752 1596 rursus

961 1611 1065 1640 Noemo
1079 1618 1141 1648 post
1157 1614 1300 1646 diluvium,
1317 1622 1371 1642 non
1387 1622 1402 1641 a
1415 1615 1532 1643 diversis
1547 1615 1751 1651 insequentium

960 1659 1037 1694 origo
1052 1659 1217 1693 deducitur;
1243 1667 1257 1687 a
1277 1659 1390 1694 Noemo,
1415 1661 1536 1695 inquam,
1561 1661 1607 1696 qui
1633 1669 1649 1689 e
1676 1661 1752 1688 Sethi

961 1706 1091 1740 prosapia
1109 1705 1169 1739 fuit,
1184 1714 1270 1741 genus
1285 1706 1426 1734 hominum
1440 1715 1521 1735 omne
1534 1707 1686 1735 derivatum
1698 1712 1752 1740 est,

961 1759 1016 1778 non
1033 1751 1159 1780 bifariam
1177 1753 1308 1785 divisum,
1330 1754 1376 1781 sed
1392 1761 1445 1781 una
1469 1755 1553 1789 stirpe
1571 1755 1751 1790 comprehen-

962 1803 1033 1823 sum.
1051 1796 1090 1823 Ex
1105 1805 1158 1832 qua
1171 1802 1226 1825 tam
1242 1797 1373 1830 Noemus,
1386 1806 1467 1833 quam
1483 1798 1544 1833 ejus
1558 1807 1627 1826 uxor
1639 1799 1750 1834 prodiit,

961 1849 1113 1877 eorumque
1135 1843 1214 1871 liberi
1239 1844 1312 1876 Sem,
1330 1844 1426 1878 Cham,
1447 1844 1545 1879 Japhet
1570 1854 1577 1872 :
1602 1853 1708 1873 necnon
1725 1851 1752 1873 et

962 1888 1133 1924 singulorum
1156 1890 1307 1926 coniuges;
1325 1891 1371 1926 qui
1393 1890 1503 1926 quidem
1521 1898 1617 1919 omnes
1639 1892 1721 1920 unius
1737 1900 1753 1919 e

963 1933 1038 1961 Sethi
1064 1943 1164 1970 genere
1183 1936 1318 1970 procreati
1335 1939 1410 1969 sunt,
1428 1944 1484 1964 non
1505 1944 1520 1963 a
1537 1937 1644 1965 duobus
1663 1937 1752 1965 homi-

960 1982 1041 2009 nibus
1067 1983 1192 2017 producti
1209 1992 1215 2010 :
1233 1983 1279 2018 qui
1306 1991 1447 2019 nunquam
1463 1983 1500 2018 .in
1516 1984 1599 2011 terris
1627 1984 1750 2016 fuerunt,

960 2028 1190 2062 quemadmodum
1206 2029 1250 2056 isti
1267 2028 1437 2056 fabulantur.

996 2071 1027 2099 V.
1049 2073 1083 2099 At
1094 2073 1167 2100 enim
1188 2078 1279 2101 certos
1299 2073 1385 2101 libros
1398 2074 1613 2103 clarissimorum
1629 2082 1749 2102 Ἤτοι-ατη

959 2119 1118 2146 nominibus
1131 2120 1281 2154 inscriptos
1301 2120 1514 2149 circumferunt.
1528 2121 1567 2149 Ex
1584 2122 1684 2156 quibus
1703 2129 1749 2149 se-

960 2169 1032 2200 ptem
1049 2167 1160 2193 omnino
1175 2165 1258 2194 Setho
1273 2167 1414 2200 tribuunt;
1431 2167 1499 2195 alios
1514 2175 1576 2194 vero
1587 2167 1749 2200 ἀλλογενεῖς,

961 2213 1012 2240 hoc
1023 2216 1076 2246 est,
1092 2213 1199 2248 generis
1215 2213 1327 2241 allerius
1343 2217 1512 2248 nuncupant.
1525 2213 1573 2241 Est
1586 2217 1613 2241 et
1628 2214 1698 2241 alius
1715 2214 1749 2241 li-

963 2259 1010 2286 ber
1028 2258 1099 2286 falso
1118 2259 1266 2286 Abrahami
1282 2260 1403 2291 nomine,
1420 2267 1500 2294 quem
1521 2268 1571 2295 pro
1585 2260 1749 2296 Apocalypsi

959 2305 1110 2338 venditant,
1127 2306 1201 2333 omni
1217 2306 1338 2341 nequitia
1352 2305 1479 2334 refertus.
1496 2306 1597 2334 Practer
1612 2315 1693 2342 quem
1709 2308 1748 2334 al-

958 2356 1047 2379 terum
1064 2360 1079 2378 a
1096 2352 1197 2388 Moyse,
1215 2352 1335 2388 reliquos
1348 2352 1381 2379 ab
1406 2352 1467 2380 aliis
1482 2352 1571 2380 editos
1588 2361 1649 2381 esse
1671 2361 1748 2380 men.

958 2398 1075 2425 tiuntur.
1091 2398 1131 2425 Ad
1151 2399 1218 2430 haec,
1236 2407 1296 2434 qum
1316 2403 1359 2426 est
1378 2399 1486 2426 illorum
1502 2399 1637 2427 stoliditas
1654 2407 1686 2426 ac
1701 2408 1748 2426 ve-

959 2445 1053 2473 cordia
1064 2467 1071 2479 ,
1085 2454 1200 2474 uxorem
1222 2445 1298 2474 Sethi
1311 2446 1434 2474 llorzeam
1454 2447 1549 2474 nescio
1564 2455 1647 2482 quam
1660 2447 1750 2474 nomi-

959 2491 1042 2518 natim
1052 2496 1158 2519 vocant.
1169 2492 1199 2520 ln
1213 2500 1268 2528 quo
1286 2493 1469 2528 vide,quaeso,
1486 2501 1568 2527 quam
1584 2493 1667 2528 inepti
1682 2493 1748 2524 sinl,

959 2541 988 2564 ut
1008 2537 1117 2564 illorum
1138 2539 1212 2566 velut
1233 2540 1343 2566 scenica
1363 2543 1535 2571 commenta,
1556 2540 1749 2567 stultissimas-

958 2590 1011 2617 que
1028 2582 1135 2612 fabulas
1158 2592 1189 2611 ac
1206 2588 1308 2613 temere
1322 2585 1441 2613 conﬁcta
1466 2585 1608 2613 mendacia
1626 2585 1700 2613 omni
1714 2593 1748 2613 cx

958 2633 1035 2664 parte
1055 2630 1232 2659 condemnes.
1251 2631 1318 2659 Nam
1338 2640 1401 2659 cum
1418 2632 1558 2659 nonnullae
1579 2632 1635 2659 sint
1662 2631 1748 2658 haereo

957 2681 1002 2702 ses
1019 2683 1080 2710 quae
1097 2676 1151 2703 vim
1183 2676 1329 2712 quamdam
1352 2685 1414 2705 esse
1423 2681 1558 2710 statuunt,
1576 2684 1636 2711 qua:
1652 2675 1746 2703 lloraza

958 2721 1138 2749 nominetur:
1157 2723 1195 2750 illi
1213 2723 1267 2750 vim
1291 2723 1437 2758 eiusmodi,
1467 2722 1645 2756 lioraeamque
1671 2720 1745 2749 Sethi

957 2766 1102 2804 conjugem
1115 2769 1256 2797 exstitisse
1265 2769 1424 2805 praedicant.
1436 2769 1475 2796 Ex
1487 2777 1543 2805 quo
1552 2767 1745 2800 demonstrari,
