1952 3045
198 111 246 138 6'7!

902 109 931 137 S.
953 109 1126 138 EPIPHANII

1781 115 1838 145 67%

199 171 229 194 ut
243 165 353 198 videtis,
376 166 444 194 illud
473 170 575 201 potest,
600 166 738 194 hominem
767 167 852 195 fuisse
877 168 990 195 Sethum

1051 169 1190 204 ὶγαπητοὶ,
1204 168 1250 196 καὶ
1274 168 1353 204 φύσει
1375 170 1518 208 ἄνθρωπον
1544 172 1591 200 τὸν
1616 173 1681 209 Σὴθ.
1702 173 1749 200 καὶ
1774 174 1837 209 οὐχὶ

200 213 291 246 illum;
309 219 359 239 nec
371 212 406 240 ab
418 212 500 248 287
525 212 587 240 aliis
606 213 712 248 origine
731 212 881 246 diversum,
898 218 992 248 utpote

198 258 275 285 Caiui
289 261 316 285 et
333 257 410 286 Abeli
430 266 601 294 germanum.
614 258 647 286 ab
663 259 815 293 iisdemque
831 259 991 294 parentibus

198 305 225 331 in
246 304 333 331 lucem
347 304 462 332 editum.
477 303 604 340 Cognovit
619 305 699 336 enim,
712 309 740 332 ut
756 304 897 340 Scriptura
911 305 991 337 dicit.

199 348 284 376 Adam
304 356 411 376 uxorem
430 357 506 376 suam
523 348 607 376 Evam
619 358 628 381 ;
640 358 698 385 quw
714 351 839 384 concepit,
856 354 880 377 et
893 351 991 385 peperit

198 395 265 422 Cain
284 396 303 421 ι.
322 395 379 422 Hoc
397 395 469 423 enim
490 396 514 422 ei
527 403 626 423 nomen
641 396 781 430 imposuit.
793 396 865 431 quod
881 403 991 430 posses-

197 441 297 467 sionem
311 441 459 476 signiﬁcat,
481 441 576 469 dicens
589 451 595 468 :
610 441 721 468 Possedi
735 442 822 476 ﬁlium
838 449 884 476 per
899 441 991 468 Domi-

197 494 259 512 num
275 486 358 513 Deum
371 487 390 514 '.
407 487 446 514 Ac
462 495 559 515 rursus
581 487 696 515 Abelum
711 488 826 523 peperit.
854 487 991 522 Cognovit,

198 531 295 566 inquit,
316 532 404 559 Adam
429 535 514 560 Evam
545 533 681 568 conjugcm
707 540 802 560 suam:
819 541 877 568 qum
898 541 991 560 conce-

196 579 246 612 pit,
260 584 283 605 et
305 580 404 613 peperit
421 579 524 614 ﬁliuni;
545 588 618 614 quem
639 579 750 606 Abelum
773 580 872 606 vocavit
885 579 905 606 ³.
922 578 992 605 Tum

198 625 294 652 multis
307 625 469 660 interiectis,
485 630 546 661 post
558 625 635 653 Abeli
646 631 776 653 mortem:
795 625 932 660 Cognovit.
950 625 992 652 in-

199 672 269 706 quit.
286 672 371 699 Adam
394 681 501 700 uxorem
523 673 615 706 Evam,
631 682 689 708 qum
706 674 835 708 concepit,
851 678 875 700 ct
894 673 992 707 peperit

199 719 295 753 ﬁlium.
313 725 337 746 et
352 721 450 746 vocarit
467 719 590 752 Setinum,
604 721 676 756 quod
697 715 935 754 compensationent
944 728 991 748 so-

200 770 255 791 nat.
273 765 405 792 Excitat-it
438 767 518 798 enim,
536 767 635 801 inquit,
652 766 715 793 mihi
735 767 804 793 Deus
821 767 929 798 stirpem
944 774 991 801 pro

199 812 289 846 Abela,
305 821 380 848 quem
398 813 528 847 interfecit
541 813 609 840 Cain
622 813 643 839 ⁸.
657 812 717 840 lam
733 821 795 840 cum
810 813 846 840 ita
857 813 989 848 loquitur:

1043 215 1146 242 ἄνωθέν
1162 224 1189 242 τι
1205 216 1442 252 παρηλλαγμένον,
1457 218 1571 253 ἀδελφὺν
1582 219 1610 245 δὲ
1621 219 1685 246 ὄντα
1697 219 1778 254 φύσει
1789 218 1837 246 τοῦ

1043 261 1113 288 Κάῖν
1135 261 1181 288 καὶ⁹
1196 261 1279 288 Ἀὁελ
1302 261 1332 295 ἐξ
1356 263 1416 295 ἑνὸς
1440 264 1542 300 πατρὸς
1564 265 1610 291 καὶ
1632 266 1696 300 μιᾶς
1721 265 1836 301 μητρός.

1046 307 1141 341 Ἔγνω
1153 307 1218 342 γὰρ,
1231 308 1324 343 φησὶν,
1333 308 1418 344 Ἀδὰμ
1433 310 1515 336 Εὕαν
1525 310 1582 344 τὴν
1591 311 1718 345 γυναῖκα
1730 312 1835 343 αὐτοῦ,

1043 354 1091 380 καὶ
1105 354 1305 381 συλλαϐοῦσα
1320 355 1404 382 ἔτεκε
1422 356 1475 383 τὸν
1486 356 1560 384 Ka'l‘r
1570 365 1576 372 ·
1594 357 1641 384 καὶ
1658 357 1772 384 ἐπέθετο
1786 359 1834 384 αὺ-

1043 398 1081 433 τῷ
1103 398 1188 434 ὄνομα
1211 400 1290 431 Κάῖν,
1315 401 1382 437 ὅπερ
1404 402 1585 437 ἑρμηνεύεται
1599 403 1707 436 κτίσις,
1724 404 1833 438 λέγων·

1049 444 1241 485 Ἐκτησάμην
1257 445 1324 472 υἱὸν
1335 445 1384 473 διὰ
1401 447 1512 480 Κυρίου
1524 448 1598 474 Θεου
1608 456 1615 464 ·
1631 448 1678 475 καὶ
1694 448 1774 475 πάλιν
1789 449 1836 476 τὸν

1045 490 1127 516 Ἀϐελ
1137 497 1143 505 ·
1160 491 1258 525 Ἔγνω¹
1268 491 1353 526 Ἀδὰμ
1364 492 1446 519 Εὕαν
1461 492 1517 526 τὴν
1531 494 1658 528 γυναῖκα
1669 495 1774 527 αὐτοῦ,
1784 495 1834 522 καὶ

1043 536 1245 564 συλλαϐοῦσα
1263 537 1365 565 ἔτεκεν
1384 538 1460 571 υἱὸν,
1475 539 1524 566 καὶ
1540 539 1668 567 ἐκάλεσε
1691 541 1725 568 τὸ
1741 541 1836 576 ὄνομα

1043 582 1136 610 αὐτοῦ
1151 583 1247 610 Ἅϐελ.
1260 582 1313 610 Καὶ
1326 583 1394 619 μετὰ
1409 584 1493 611 πολλὰ
1507 585 1577 620 μετὰ
1590 586 1621 613 τὸ
1635 586 1779 613 ἀποθανεῖν
1790 586 1836 613 τὸν

1045 628 1127 655 ’Λόελ
1138 637 1144 643 ·
1162 629 1216 656 Καὶ
1231 629 1309 664 ἔγνω
1327 630 1415 665 Ἀδὰμ
1426 630 1509 658 Εὔαν
1519 631 1577 666 τὴν
1588 633 1714 667 γυναῖκα
1730 632 1835 662 αὑτοῦ.

1043 674 1092 701 καὶ
1122 675 1322 702 συλπιιϐοὗσα
1348 675 1452 703 ἔτεκεν
1476 677 1553 710 υἱὸν,
1575 678 1624 704 καὶ
1649 678 1778 705 ἐκάλεσε
1802 679 1835 705 τὸ

1044 720 1137 755 ὄνομα
1160 721 1252 748 αὑτοῦ
1266 721 1338 755 Σὴθ,
1354 722 1422 756 ὅπερ
1445 723 1622 758 ἐρμηνεύπαι
1637 724 1813 759 ἀνταλλαίγῆ
1826 732 1834 739 ·

1050 765 1209 800 Ἀνέστησε
1223 765 1278 800 γάρ
1288 775 1339 801 μοι
1359 768 1375 794 ὁ
1392 767 1464 800 Θεὸς
1474 767 1594 802 σπέρμα
1609 768 1677 796 ἀντὶ
1693 769 1789 801 Ἅϐελ,
1799 769 1837 795 ὃν

1043 810 1198 838 ἀπέκτεινε
1210 811 1294 838 Κάϊν.
1311 812 1347 838 Τὸ
1362 812 1401 845 δὲ,
1411 813 1598 847 Ἐκτησάμην
1612 813 1660 840 διὰ
1677 813 1760 847 Θεοῦ,
1777 814 1835 847 καὶ,

199 856 309 883 I’ossedi
325 857 456 884 hominem
466 866 511 892 per
521 857 621 890 Deum;
633 861 670 890 et,
684 857 815 885 Excitavit
828 858 891 884 milii
905 857 991 889 Deus;

1051 856 1209 890 Ἀνέστησέ
1219 866 1270 891 μοι
1283 858 1299 884 ό
1315 858 1397 891 Θεὸς,
1415 857 1463 885 ἕνα
1480 844 1546 885 θεὸν
1567 844 1685 886 θείκνυσι
1700 844 1837 886 cev-xiv;

200 910 283 928 unum
297 910 357 929 esse
375 902 458 929 Deum
477 903 590 937 indicat,
607 903 653 938 qui
670 909 696 930 et
715 903 842 930 universa
861 902 991 930 condide-

199 950 245 980 rit,
257 953 285 976 et
298 957 344 976 eos
359 950 434 984 ipsos
446 950 491 984 qui
510 950 591 984 geniti
609 955 673 977 sunt
685 950 801 985 benigne
811 949 990 978 concesserit.

199 995 276 1028 Quod
293 1003 359 1022 vero
375 1002 474 1023 uxores
490 996 571 1022 ambo
591 995 640 1028 illi,
657 996 760 1024 Cainus
774 1004 806 1023 ac
817 995 928 1028 Sethus,
944 995 993 1022 ha-

200 1042 319 1075 buerint,
333 1043 446 1070 minime
459 1046 500 1070 est
515 1042 674 1070 obscurum.
690 1042 758 1070 Nam
770 1043 872 1071 Abelus
884 1046 991 1069 matura

200 1091 329 1117 trimonio
341 1090 533 1125 conjunxerat.

236 1137 279 1164 VI.
297 1137 411 1165 Exstant
430 1139 458 1165 in
475 1139 608 1171 Jubilaeis,
625 1140 671 1174 qui
687 1140 756 1168 liber
773 1140 886 1169 Genesis
906 1139 992 1166 Parva

201 1183 311 1214 dicitur.
330 1192 446 1211 uxorum
473 1184 551 1212 Caini
576 1184 709 1220 Setbique
732 1187 861 1219 nomina,
886 1190 916 1213 ut
944 1185 993 1220 qui

202 1230 331 1258 conﬁctas
355 1230 417 1258 illas
433 1230 539 1258 fabulas
562 1231 589 1258 in
616 1232 759 1259 hominum
782 1233 865 1260 vitam
884 1232 994 1260 invexe-

202 1279 276 1307 runt,
305 1275 408 1310 pudore
433 1277 545 1304 omnino
573 1277 777 1305 suﬁ‘uudantur.
799 1277 907 1306 Etenim
929 1286 993 1305 eum

203 1316 323 1349 Adumus
349 1322 492 1357 utriusque
510 1331 592 1351 sexus
613 1324 714 1352 liberos
740 1325 917 1360 suscepisset.
946 1332 995 1352 ne-

203 1374 280 1394 cesse
295 1375 343 1401 per
358 1367 403 1394 illo
419 1372 540 1403 tempora
556 1369 617 1402 fuit,
637 1374 667 1397 ut
683 1371 730 1397 lilii
745 1371 917 1398 matrimonia
932 1378 994 1397 cum

203 1413 343 1439 sororibus
357 1413 467 1440 inirent.
487 1413 579 1448 Neque
597 1415 623 1442 id
638 1419 697 1442 erat
716 1416 892 1443 interdictum
907 1427 913 1444 :
930 1424 994 1452 pro-

204 1462 294 1492 pterea
316 1459 387 1493 quod
415 1467 500 1493 genus
523 1461 597 1488 aliud
622 1466 682 1488 erat
709 1462 849 1490 hominum
878 1463 993 1490 nullum.

204 1503 275 1536 Quin
287 1505 368 1531 etiam
380 1504 501 1533 Adamus
512 1505 571 1540 ipse
579 1514 641 1534 cum
657 1515 717 1541 sua,
737 1511 766 1535 ut
781 1508 817 1535 ita
830 1509 930 1540 dicam,
944 1508 996 1535 ﬁlia
1010 1494 1032 1522 θ

204 1551 332 1585 coujugio
348 1552 470 1579 sociatus
493 1557 545 1585 est,
559 1561 641 1588 quam
661 1554 695 1582 de
711 1555 771 1589 ejus
794 1563 909 1590 corpore
927 1555 997 1584 Deus

205 1595 345 1623 clliuxerat
362 1606 368 1624 :
388 1596 465 1624 nefas
479 1598 553 1624 enim
576 1598 642 1625 illud
666 1607 720 1626 non
743 1604 811 1627 erat.
828 1600 861 1626 Et
875 1608 907 1628 ex
924 1601 998 1629 illius

206 1641 309 1673 liberis.
325 1642 426 1670 Cainus
438 1651 560 1671 sororem
572 1651 638 1672 natu
652 1645 783 1679 majOrem
800 1646 887 1679 duxit,
901 1646 998 1674 Savem

206 1687 326 1715 nomine.
344 1688 446 1716 Sethus
467 1697 549 1724 porro
567 1689 664 1717 Adami
688 1691 805 1718 ﬁliorum
822 1693 919 1720 tertius
938 1696 1000 1727 post

207 1732 322 1759 Abelum
338 1734 445 1768 geniIUS
461 1742 523 1761 cum
546 1735 597 1761 alia
613 1743 708 1763 sorore
728 1737 818 1764 Azura
836 1738 1000 1772 eonjunctus

208 1783 259 1806 est.
281 1777 402 1806 Fuerunt
415 1783 441 1806 et
458 1781 503 1807 alii
527 1781 632 1808 Adamo
649 1781 738 1814 liberi,
753 1788 781 1810 ut
800 1783 827 1810 in
853 1783 938 1811 Parva
956 1784 1001 1810 illa

209 1823 308 1852 Genesi
341 1826 476 1861 scriptum
507 1830 561 1859 est,
589 1835 686 1855 novem
717 1829 823 1856 scilicet
852 1830 1001 1857 secundum

209 1870 315 1905 priores
328 1871 389 1899 illos
401 1875 467 1904 tres,
482 1876 512 1899 ut
528 1873 556 1900 in
569 1877 655 1900 totum
669 1873 738 1902 ﬁlias
748 1875 827 1907 duas.
838 1883 927 1904 mares
939 1875 1004 1903 duo-

210 1916 298 1943 decim
316 1918 483 1952 suseeperit;
500 1926 515 1945 e
532 1919 632 1954 quibus
651 1919 759 1947 occisus
779 1928 860 1953 unus,
878 1921 1003 1949 undecim

211 1963 373 1997 superstites
389 1964 476 1992 relicti
489 1969 563 1992 sunt.
578 1965 644 1998 Quae
656 1966 748 1993 omnia
765 1966 792 1993 in
806 1967 898 1994 mundi
911 1967 1002 2002 Origi-

211 2009 302 2040 nibus.
321 2017 352 2036 ac
372 2010 461 2044 primo
474 2010 558 2038 Mosis
578 2012 716 2039 volumine
733 2012 775 2040 his
791 2014 882 2041 verbis
900 2014 1004 2049 signiﬁ-

211 2059 330 2082 cantur:
350 2055 385 2083 Et
398 2057 461 2083 vixit
483 2056 570 2084 Adam
583 2058 659 2084 armis
682 2059 819 2093 nongentis
845 2060 965 2095 triginta,
979 2064 1004 2087 et

211 2102 301 2136 genuit
315 2102 387 2137 ﬁlias
397 2107 422 2129 et
434 2103 517 2138 ﬁlias,
533 2107 558 2130 et
577 2107 698 2132 mortuus
712 2109 756 2139 test
771 2104 792 2131 ⁵.

249 2233 333 2269 288
346 2232 401 2260 VII.
417 2233 550 2262 Cmterum
563 2235 729 2270 ampliﬁcata
739 2236 879 2264 hominum
896 2245 1005 2273 genere,

1044 911 1097 929 των
1115 902 1239 937 ποιητὴν,
1257 903 1305 930 καὶ
1327 903 1406 939 δότην
1431 904 1485 931 τῶν
1505 905 1785 940 γεγεννημένων.”οτι
1806 904 1837 931 δὲ

1044 943 1116 973 οὗτοι
1130 946 1208 981 ἔσχον
1225 948 1368 981 γυναῖκας,
1383 949 1397 975 ὃ
1409 957 1439 975 τε
1454 949 1523 976 Κάῖν
1537 950 1584 976 καὶ
1601 952 1614 977 ὁ
1628 951 1693 986 Σὴθ,
1707 950 1796 985 δῆλον.
1805 950 1836 976 '0

1044 992 1099 1027 γὰρ
1117 992 1199 1018 Ἅϐελ
1214 992 1345 1028 νεώτερος
1360 994 1529 1030 ἀπεκτάνθη,
1550 996 1663 1032 μηδέπω
1678 997 1780 1031 γήμας.

1010 1038 1130 1066 nondum
1147 1043 1226 1067 aetate
1243 1040 1368 1068 sublatus
1382 1045 1453 1068 este
1472 1042 1575 1070 medio:
1593 1051 1680 1077 neque
1712 1049 1742 1070 se
1774 1049 1836 1068 ma-

1079 1135 1124 1168 ς’.
1150 1135 1194 1166 Ὡς
1214 1135 1242 1161 δὲ
1267 1136 1296 1162 ἐν
1310 1137 1366 1166 τοῖς
1378 1134 1544 1170 Ίωόηλαίοις
1556 1134 1722 1170 εὑρίσκεται,
1736 1135 1769 1169 τῇ
1787 1127 1836 1161 κα.ὶ

1043 1181 1240 1215 Λεπτογενέσει
1255 1181 1421 1216 καλουμένῃ,
1438 1181 1486 1207 καὶ
1499 1180 1533 1208 τὰ
1546 1181 1664 1215 ὀνόματα
1678 1180 1730 1207 τῶν
1742 1189 1837 1214 γυναι-

1043 1227 1098 1254 κῶν
1113 1227 1159 1254 τοῦ
1176 1236 1204 1254 τε
1218 1228 1288 1255 Κάῖν
1302 1228 1349 1254 καὶ
1365 1227 1411 1254 τοῦ
1427 1227 1480 1262 Σὴθ
1508 1228 1524 1263 ὴ
1539 1227 1628 1262 βίϐλος
1641 1226 1778 1262 περιέχει·
1791 1227 1837 1254 ἴνα.

1044 1274 1116 1301 κατὰ
1139 1273 1228 1300 πάντα
1249 1274 1348 1310 τρόπον
1371 1271 1443 1301 οὗτοι
1467 1273 1710 1309 καταισχυνθῶσιν,
1725 1275 1749 1300 οἱ
1770 1274 1837 1305 τοὺς

1048 1319 1150 1354 μύθους
1171 1319 1210 1355 τῷ
1233 1319 1282 1354 βίῳ
1298 1319 1517 1355 ραψῳδήσαντες.
1533 1318 1585 1345 Τοῦ
1600 1319 1654 1354 γὰρ
1670 1319 1757 1354 ’Λδὰμ
1772 1327 1837 1353 γεν-

1047 1368 1177 1403 νήσαντος
1194 1367 1267 1398 υἱοὺς
1281 1366 1328 1393 καὶ.
1349 1366 1513 1401 θυγατέρας,
1529 1365 1636 1400 ἀνάγκη
1659 1365 1754 1400 γέγονε
1775 1365 1837 1392 κατ’

1047 1413 1135 1439 ἐκεῖνο
1152 1412 1248 1448 καιροῦ
1266 1411 1394 1446 ἀδελφαῖς
1411 1412 1471 1443 ταῖς
1493 1411 1571 1442 ἰδίαις
1588 1410 1756 1446 συναφθῆναι
1774 1410 1839 1442 τοὺς

1049 1458 1156 1490 παῖδας.
1173 1459 1209 1484 Οὺ
1226 1457 1279 1493 γὰρ
1294 1455 1328 1493 ἧν
1340 1457 1497 1492 παράνομον
1510 1456 1540 1483 τὸ
1554 1456 1674 1482 τοιοῦτον
1687 1464 1694 1472 ·
1710 1456 1770 1482 ἐπεὶ
1785 1465 1839 1491 μη-

1048 1504 1091 1531 δὲν
1103 1505 1195 1540 ἕτερον
1210 1505 1287 1538 γένος
1300 1501 1343 1538 ἦν.
1356 1504 1411 1531 Καὶ
1429 1503 1483 1538 γὰρ
1498 1503 1544 1529 καὶ
1559 1503 1649 1534 αὐτὸς,
1663 1502 1701 1534 ὡς
1717 1502 1782 1533 ἔπος
1798 1502 1840 1528 εί-

1049 1552 1121 1582 πεῖν,
1136 1552 1150 1577 ὁ
1171 1550 1257 1585 Ἀδὰμ
1269 1551 1302 1585 τῇ
1319 1549 1372 1585 ἰδίᾳ
1388 1548 1503 1584 θυγατρὶ
1518 1548 1610 1583 σχεδὸν
1625 1549 1657 1583 τῇ
1672 1549 1704 1574 ὲκ
1722 1547 1768 1574 τοῦ
1785 1546 1841 1574 σώ-

1051 1605 1134 1632 ματος
1146 1595 1228 1622 αὑτοῦ
1251 1594 1400 1630 πλασθείςῃ
1414 1593 1547 1629 συνήφθη,
1563 1593 1632 1620 κατὰ
1646 1592 1776 1627 συζυγίαν
1791 1592 1842 1618 αὑ-

1048 1641 1088 1677 τῷ
1102 1643 1134 1668 ὲκ
1147 1641 1215 1668 Θεοῦ
1233 1640 1423 1676 πεπλασμένῃ,
1439 1640 1485 1666 καὶ
1499 1640 1549 1666 οὐκ
1568 1637 1601 1674 ἦν
1623 1639 1780 1675 παράνομον
1791 1649 1797 1654 ·
1813 1640 1843 1666 οἱ

1049 1697 1079 1715 τε
1092 1689 1187 1715 τούτου
1202 1688 1256 1714 υἱοὶ
1270 1686 1445 1723 συνήφθησαν
1457 1687 1471 1712 ὁ
1491 1686 1539 1721 μὲν
1556 1686 1626 1713 Κάῖν
1644 1687 1675 1722 τῇ
1690 1685 1790 1722 ἀδελφῇ
1806 1688 1842 1722 τῇ

1053 1735 1155 1771 μείζονι
1179 1733 1262 1770 Σαυὴ,
1277 1732 1346 1760 οὕτω
1359 1732 1525 1768 καλουμένῃ,
1539 1733 1553 1759 6
1568 1733 1596 1760 δὲ
1608 1732 1662 1768 Σὴθ
1677 1732 1768 1768 τρίτος
1786 1732 1845 1763 υἱὸς

1054 1781 1126 1817 μετὰ
1140 1781 1184 1807 τὸν
1199 1780 1282 1807 Ἀὃελ
1298 1779 1439 1815 γεννηθεὶς
1454 1781 1487 1815 τῇ
1501 1779 1634 1814 λεγομένῃ
1647 1777 1728 1805 αὑτοῦ
1743 1777 1844 1812 ἀδελφῇ

1059 1827 1183 1863 Ἀζουρᾷ,
1200 1827 1330 1860 Γεγόνασι
1344 1826 1372 1853 δὲ
1385 1826 1424 1861 τῷ
1437 1825 1524 1860 ’Δδὰμ
1539 1826 1585 1853 καὶ
1601 1825 1675 1852 ἄλλοι
1691 1825 1754 1855 υἱοὶ,
1771 1824 1810 1855 ὡς
1826 1824 1844 1858 ἡ

1053 1872 1146 1908 Λεπτὴ
1164 1873 1272 1904 Γὲνεσις
1289 1872 1421 1908 περιέχει,
1437 1872 1515 1898 ἐννέα
1534 1871 1602 1907 μετὰ
1615 1872 1679 1902 τοὺς
1693 1871 1766 1906 τρεῖς
1779 1868 1845 1896 τού-

1054 1928 1116 1951 τους
1127 1927 1133 1934 ·
1151 1919 1188 1950 ὡς
1207 1917 1275 1945 εἷναι
1296 1918 1370 1954 αὺτῷ
1382 1918 1428 1945 δύο
1443 1918 1491 1954 μὲν
1508 1917 1669 1953 θυγατέρας,
1682 1917 1801 1953 ἄῤῥενας
1815 1916 1846 1943 δὲ

1055 1964 1185 1991 δεκαδύο·
1202 1964 1250 1991 ἕνα
1269 1964 1318 2000 μὲν
1334 1964 1549 1997 ἀποκτανθέντα,
1570 1964 1664 1990 ἕνδεκα
1683 1963 1711 1989 δὲ
1729 1962 1835 1998 περιλει

1057 2011 1172 2044 φθὲντας
1185 2010 1223 2046 τῷ
1239 2011 1396 2046 βίῳ.Ἔχεις
1406 2011 1435 2038 δὲ
1451 2011 1498 2038 καὶ
1514 2010 1615 2037 τούτων
1627 2010 1677 2046 τὴν
1689 2010 1807 2045 ἔμφασιν
1818 2010 1849 2036 ὲν

1056 2057 1089 2092 τῇ
1103 2056 1212 2083 Γενέσει
1226 2057 1272 2083 τοῦ
1286 2057 1401 2092 κόσμου,
1417 2057 1463 2083 καὶ
1477 2056 1573 2092 πρώτῃ
1585 2056 1668 2091 βίῆλῳ
1682 2057 1756 2092 παρὰ
1768 2056 1849 2083 Μωῦ-

1058 2103 1099 2128 σεῖ
1119 2102 1191 2129 οὕτω
1213 2098 1368 2138 φασκούσῃ·
1384 2103 1440 2129 Καὶ
1451 2101 1558 2135 ἔζησεν
1578 2101 1664 2136 Ἀδὰμ
1687 2102 1739 2135 ἐτη
1760 2101 1849 2128 ἐννα-

1059 2149 1148 2175 κόσια
1160 2147 1329 2182 τριάκοντα,
1345 2148 1394 2175 καὶ
1408 2148 1573 2182 ἐγέννησεν
1592 2147 1676 2180 υἱοὺς
1695 2146 1744 2173 καὶ
1760 2149 1841 2181 θυγα-

1058 2194 1156 2228 τέρας,
1172 2193 1222 2220 καὶ
1240 2193 1380 2221 ἀπέθανε.

1095 2241 1132 2267 Ζ¹.
1154 2239 1363 2266 Πλατυνθέντων
1387 2239 1416 2266 δὲ
1430 2239 1483 2266 τῶν
1497 2238 1646 2274 ἀνθρώπων
1663 2238 1730 2273 (5|),
1743 2238 1851 2273 καὶτῆς

214 2285 350 2315 auctuque
365 2284 537 2315 posterorum
553 2281 649 2309 Adami
672 2289 798 2314 numero,
819 2282 996 2311 honestissim

1061 2287 1156 2321 γενεᾶς
1172 2285 1218 2312 τοῦ
1230 2286 1315 2321 ’Δδὰμ
1328 2285 1564 2321 ὲπεκτεινομένης,
1582 2286 1599 2320 ἡ
1612 2285 1740 2321 ἀκρίϐεια
1752 2285 1769 2320 ἡ
1782 2285 1851 2311 κατὰ

215 2326 381 2353 matrimonii
389 2326 484 2361 pudori
493 2327 710 2355 aceuratioribus
719 2328 847 2363 paulatim
854 2329 958 2364 legibus
965 2337 994 2357 es

1061 2333 1106 2359 τὸν
1125 2332 1214 2367 γάμον
1230 2331 1274 2359 τὸν
1292 2332 1389 2367 σεμνὸν
1409 2331 1574 2358 ἐπλατύνετο
1600 2331 1717 2366 καθεξῆς
1737 2330 1849 2366 προόαι-

215 2371 382 2398 consultum.
394 2371 445 2399 Ubi
459 2373 530 2400 enim
539 2372 644 2400 Adamo
661 2373 707 2400 ﬁlii
727 2381 758 2401 ac
772 2378 885 2409 nepotes
905 2374 1010 2410 obtige-

216 2423 280 2445 runt
291 2427 297 2451 ;
307 2427 339 2445 ex
358 2418 446 2452 iisque
455 2419 516 2447 ﬁlire
524 2420 631 2455 generis
645 2421 822 2449 successione
838 2425 1008 2457 procreatae;

217 2468 274 2491 tum
284 2465 392 2490 domum
402 2472 512 2492 sorores
524 2466 551 2492 in
561 2466 736 2493 matrimonio
746 2466 847 2494 habere
855 2475 909 2494 non
919 2467 1008 2496 licuit.

217 2509 312 2545 Itaque
333 2510 376 2537 vel
391 2513 454 2537 ante
467 2511 599 2546 scriptam
617 2519 633 2538 ιι
653 2511 746 2547 Moyse
760 2511 857 2548 Legem
881 2512 1010 2541 honesta-

255 2589 263 2604 ¹
278 2588 345 2616 Gen.
363 2597 400 2621 ιν,
415 2589 441 2616 1.
478 2590 489 2605 ¹
509 2589 575 2617 ibid.
614 2591 624 2606 ³
640 2591 705 2618 ibid.
723 2591 749 2618 2.
787 2591 798 2607 ⁸
815 2591 881 2620 ibid.
899 2592 944 2620 9.5.

255 2647 310 2689 (Eii)
340 2647 574 2689 Ιμᾳξυνιλεξντων
601 2648 635 2689 δέ
659 2649 719 2676 τῶν
744 2650 918 2689 ἀνθρώπιον.
943 2651 1005 2689 Hzec

219 2682 329 2721 quidem
351 2682 494 2717 Epiphanii
510 2685 644 2721 sgntentia
661 2689 701 2712 est
714 2704 721 2715 ,
738 2682 861 2721 quadret
877 2687 1008 2721 Augusti-

221 2717 273 2755 nus
287 2718 333 2755 lib.
355 2725 410 2745 xxn
425 2723 496 2747 cont.
512 2717 612 2755 rFaust.
634 2727 694 2755 cap.
708 2717 754 2751 35;
768 2724 795 2747 et
811 2717 1007 2750 Hieronfcont.

224 2753 329 2780 Ilelvid.
353 2757 465 2790 tuentur
481 2761 488 2779 :
504 2754 652 2781 Abrahami
669 2753 801 2790 tempore
831 2756 908 2784 nefas
927 2757 1011 2784 fuisse

222 2795 332 2816 sorores
354 2796 388 2816 ex
407 2789 493 2824 altero
514 2794 626 2824 parente
647 2789 758 2818 ducere.
781 2790 835 2818 Sed
859 2792 1010 2819 reclamant

223 2824 345 2859 plerique
355 2843 362 2857 ,
377 2824 423 2859 qui
441 2823 536 2852 Seram
551 2824 697 2853 Abrahami
713 2833 835 2854 sororem
851 2825 936 2856 fuisse
952 2835 1008 2855 non

1062 2386 1156 2404 νουσα.
1170 2377 1226 2404 Καὶ
1238 2377 1354 2413 ἐπείπερ
1375 2377 1502 2411 γεγόνασι
1518 2377 1612 2409 παῖδες
1632 2376 1671 2412 τῷ
1686 2376 1783 2412 Ἀδὰμ.
1805 2375 1853 2403 καὶ

1063 2424 1157 2455 παῖδες
1176 2423 1277 2450 παίδων
1288 2432 1295 2439 ο
1310 2423 1458 2459 θυγατέρες
1473 2423 1501 2450 δὲ
1518 2425 1549 2450 ὲκ
1564 2423 1665 2450 τούτων
1678 2423 1748 2450 κατὰ
1767 2423 1850 2450 διαδο-

1063 2469 1113 2504 χὴν
1131 2469 1227 2503 γένους
1243 2468 1443 2504 ἐγεννήθησαν·
1461 2468 1554 2495 λοιπὸν
1576 2468 1668 2495 οὐκέτι
1690 2470 1738 2500 τὰς
1761 2469 1854 2495 αὐτῶν

1063 2514 1181 2550 ἀδελφὰς
1198 2515 1266 2550 πρὸς
1280 2514 1369 2550 γάμον
1380 2515 1486 2550 ἧγοντο.
1496 2513 1577 2540 Ἀλλὰ
1591 2515 1631 2546 εἰς
1647 2514 1775 2549 εὐνομίαν
1787 2522 1855 2540 κατ-

982 2594 992 2610 ³
1004 2593 1071 2622 Gen.
1088 2603 1115 2627 v,
1129 2595 1157 2623 4.

1060 2653 1197 2685 dubitant.
1215 2653 1289 2689 quod
1301 2658 1328 2681 et
1344 2652 1518 2689 Abrahamus
1531 2651 1599 2686 ipse,
1611 2650 1739 2689 Gen._xr,
1752 2649 1857 2689 diserte

1059 2685 1295 2727 ριοίῖιθιιιιίιιιρ
1303 2697 1367 2716 vero
1379 2685 1672 2727 et_Davidis;tetnpore
1687 2685 1808 2727 fortasse
1823 2687 1856 2712 li-

1060 2721 1125 2752 cuit.
1141 2725 1247 2760 Alioqui
1265 2724 1385 2751 Thamar
1401 2723 1508 2750 Amnon
1537 2721 1614 2748 fratri
1628 2729 1689 2760 _suo
1712 2729 1765 2760 non
1780 2721 1854 2760 (hce-

1060 2764 1112 2793 ret,
1128 2755 1529 2797 ut_se'conjugem_a_parente
1544 2757 1696 2797 postularet
1712 2775 1720 2790 ,
1742 2755 1765 2783 ll
1787 2755 1856 2792 Reg.

1062 2804 1142 2824 χχιιι.
1157 2793 1319 2832 Quanquam
1333 2794 1391 2822 seio
1403 2793 1460 2821 haec
1479 2793 1557 2821 aliter
1571 2793 1670 2828 accipi.
