1952 3045
61 142 124 169 673

61 201 148 234 ἑστη,
168 197 215 225 καὶ
238 197 292 233 πρδ
316 196 364 225 τοῦ
385 198 429 225 διὰ
438 198 586 230 ’Μωῦσέως
606 199 745 234 ἐγγράφου
761 199 844 234 νόμου
859 200 873 225 ὁ

62 244 143 271 κατὰ
163 243 210 270 τὸν
227 243 326 278 σεμνὸν
338 244 426 278 γάμον
444 244 561 279 θεσμός’
578 244 625 270 καὶ
641 245 674 270 ὲκ
687 244 742 270 τῶν
763 252 871 279 πατρα-

62 289 179 323 δέλφων
193 288 283 316 αὐτῶν
305 288 354 321 τὰς
368 289 490 325 γαμετὰς
503 290 607 316 ἑαυτῶν
621 290 728 325 ἤγοντο.
748 290 803 317 Καὶ
826 290 872 316 οὒ-

66 343 110 361 τω
126 334 338 370 πλατυνομένων
355 335 417 370 ἄρτι
434 335 487 361 τῶν
503 335 654 372 ἀνθρώπων
676 336 759 371 ἐμίγη
779 336 814 362 τὰ
826 336 873 362 δύο

65 381 151 416 γένη,
169 381 216 408 τοῦ
238 390 268 407 τε
285 382 355 408 Κάῖν
374 381 443 418 πρὸς
458 381 488 408 τὺ
503 382 581 416 γένος
595 382 641 408 τοῦ
659 382 725 418 Σὴθ,
752 382 800 408 καὶ
823 382 870 409 τοῦ

66 427 127 462 Σὴθ
146 427 215 462 πρὸς
229 426 352 462 θάτερον,
367 427 415 454 καὶ
433 427 467 454 τὰ
490 427 557 454 ἄλλα
570 428 624 454 τῶν
642 429 707 455 υἱῶν
726 428 772 455 τοῦ
786 429 873 464 Ἀδὰμ

66 472 152 506 γένη.
162 472 301 499 Ἐντεῦθεν
312 472 404 499 λοιπὸν
415 473 461 499 τοῦ
473 473 667 509 κατακλυσμοῦ
681 474 766 510 ἄρδην
777 474 806 501 τὸ
818 475 872 501 πᾶν

67 517 124 553 τῆς
139 517 261 549 στάσεως
282 517 337 544 τῶν
363 518 514 554 ἀνθρώπων
527 519 721 552 ἀπολέσαντος.
733 519 869 554 διαπεφύ-

68 563 174 590 λακται
190 563 269 598 μόνος
282 563 343 590 Νῶε
358 564 446 600 εὑρὼν
457 565 537 600 χάριν
551 564 626 601 παρὰ
637 564 676 600 τῷ
690 565 758 600 Θεῷ,
769 566 873 597 δίκαιος

68 608 200 644 εὑρεθεὶς
215 609 245 635 ὲν
259 609 292 644 τῇ
307 609 368 636 κατ’
381 610 469 636 ἐκεῖνο
482 610 579 645 καιροῦ
594 611 685 646 γενεᾷ.
701 611 832 645 Δάρνακα
844 610 872 637 δὲ

69 655 148 682 κατὰ
159 655 192 682 τὰ
210 655 261 690 ἠδη
278 656 410 691 πρότερον
428 657 494 691 ἡμῖν
515 657 648 692 εἰρημένα
670 656 872 684 κατεσκεύασεν

70 701 167 736 ἐαυτῷ
182 702 214 727 ὲκ
231 701 442 737 προστάγματος
462 701 541 734 Θεοῦ,
559 703 597 734 ὡς
610 703 761 738 ἐχουσινραί
777 702 870 737 ἀληθι-

70 746 120 773 ναὶ
134 746 252 781 Γραφαί.
268 746 312 772 Ἐν
376 746 557 773 διασεσῶσθαι
581 748 597 782 ή
622 747 691 783 αὑτὴ
712 747 811 781 φάσκει
823 747 873 782 τῆς

78 791 225 827 Ἀληθείας
240 791 331 826 βίϐλος
345 792 426 818 αὐτόν
438 800 468 819 τε
483 792 529 818 καλ¹
543 792 595 824 τὰς
608 793 812 829 προειρημένας
824 794 874 820 αὑ-

70 839 113 875 τῷ
130 839 189 875 ἅμα
201 839 271 866 ἑπτὰ
286 839 374 874 ψυχάς
385 848 391 854 ·
409 839 480 874 φημὶ
493 839 527 866 -δὲ
545 840 594 875 τήν
612 848 642 866 τε
661 840 729 867 ίδίαν
745 840 871 875 σύζυγον,

71 887 124 914 καὶ
145 887 209 919 τοὺς
230 887 305 922 τρεῖς
325 886 419 918 υἱοὺς,
439 886 571 920 γυναῖκάς
591 894 622 912 τε
649 886 752 912 τούτων
773 886 873 922 ὁμοίως

71 933 218 969 τρεῖς.¹Εκ
235 932 330 959 τούτου
352 933 380 959 δὲ
403 932 517 967 λείψανα
539 931 706 968 γεγενῆσθαι
726 933 776 967 τῆς
801 933 872 960 κατὰ

71 979 121 1006 τὸν
137 979 281 1015 ἄνθρωπον
302 979 459 1010 συστάσεως
476 980 504 1005 ὲν
519 979 614 1014 κόσμῳ
631 978 712 1005 πάλιν
727 979 743 1014 ὴ
759 978 873 1014 ἀλήθεια

73 1025 246 1060 συνίστησιν.
260 1024 341 1052 Ὅθεν
364 1024 436 1051 κατὰ
459 1024 555 1058 γενεὰν
579 1024 799 1060 προϐαινόντων,
825 1024 873 1051 καὶ

72 1070 149 1098 κατὰ
163 1070 290 1106 διαδοχὴν
303 1069 361 1096 υἱοῦ
376 1070 481 1106 πατέρα
500 1070 701 1106 διαδεχομένου,
715 1071 756 1102 είς
776 1070 874 1104 γενεὰς

73 1117 158 1144 πέντε
175 1117 189 1143 ὁ
203 1116 270 1143 αίὼν
285 1116 410 1152 ὲλήλακε.

111 1161 165 1188 Καὶ
189 1162 284 1196 γέγονε
312 1163 370 1189 κατ’
384 1162 472 1188 ἐκεῖνο
493 1161 590 1197 καιροῦ
614 1161 630 1197 ἡ
651 1160 701 1196 τῆς
715 1161 873 1194 Βαόυλῶνος

73 1207 167 1239 κτίσις
181 1207 209 1234 ὲν
224 1208 258 1243 τῇ
274 1207 327 1234 τῶν
341 1207 494 1243 ’Δσσυρίων
507 1208 554 1243 γῇ,
573 1207 620 1233 καὶ
635 1208 649 1234 ὁ
663 1207 708 1233 ὑπ’
724 1207 813 1234 αὐτῶν
832 1208 872 1234 οἱ-

74 1252 241 1288 κοδομηθεὶς
265 1253 326 1279 τότε
349 1251 558 1289 πύργοςῘΗσαν
582 1253 610 1279 δὲ
634 1252 706 1279 κατὰ
720 1252 815 1280 τοῦτον
828 1252 873 1279 τὸν

75 1298 183 1334 καιρὸν,
202 1298 239 1329 ὡς
255 1297 304 1333 ἤδη
320 1298 349 1324 ὲν
363 1299 422 1329 ταῖς
441 1297 574 1334 πρότερον
593 1297 717 1332 αἱρέσεσι
738 1297 871 1332 διηγησά-

77 1354 143 1381 μην,
159 1345 229 1372 κατὰ
243 1345 290 1372 τὸν
305 1345 400 1381 εἱρμὸν
412 1345 467 1372 τῶν
482 1345 537 1372 ἀνω
554 1353 599 1380 μοι
621 1343 722 1378 γενεῶν
738 1353 871 1380 πραγμα-

75 1391 224 1418 τευοεισῶν
239 1392 263 1418 οἱ
281 1391 382 1423 πάντες
398 1390 630 1426 ἑϐδομηκονταδύο
645 1389 741 1426 ἄνδρες
756 1390 803 1416 τὸν
817 1390 874 1426 ἀρι-

75 1436 157 1472 θμὸν,
172 1437 289 1472 ἁρχηγοί
304 1444 333 1462 τε
351 1436 398 1462 καὶ
418 1435 614 1470 κεφαλαιῶται,
628 1434 675 1461 τοῦ
691 1434 739 1470 μὲν
754 1435 819 1470 Χὰμ
831 1435 875 1470 γέο

75 1489 139 1512 νους
163 1480 368 1516 τριακονταδύο,
385 1480 432 1506 καὶ
453 1479 500 1506 τοῦ
518 1479 578 1516 Σὴμ
594 1480 754 1512 δεκαπέντε,
774 1480 821 1507 τοῦ
845 1480 873 1507 δὲ

83 1525 172 1561 Ἰάφεθ
188 1526 385 1554 εἰκοσιπέντε¹.
402 1525 458 1553 Καὶ
471 1525 557 1557 οὕτως
572 1527 586 1552 ὁ
600 1525 705 1561 πύργος
724 1526 771 1553 καὶ
786 1527 802 1561 ἡ
819 1526 872 1552 Βα-

76 1571 166 1598 6υλὼν
188 1572 305 1606 ἐγένετο.
316 1572 362 1598 Ἐκ
380 1571 483 1598 τούτων
501 1572 689 1607 διεσπάρησαν
711 1572 758 1598 ἐπὶ
782 1573 873 1599 πᾶσαν

76 1618 127 1654 τὴν
141 1618 192 1653 γῆν
205 1618 286 1652 φυλαί
303 1627 332 1644 τε
347 1618 394 1645 καὶ
409 1618 542 1653 γλῶσσαι.
559 1618 615 1645 Καὶ
630 1618 745 1654 ἐπείπερ
761 1619 786 1645 oi
800 1618 874 1644 ἐϐδοα

78 1663 248 1699 μηκονταδύο
274 1663 335 1690 τότε
367 1664 413 1690 τὸν
444 1663 548 1699 πύργον
582 1663 786 1699 οἰκοδομοῦντες
813 1665 874 1696 ταῖς

77 1709 216 1745 γλώσσαις
228 1709 457 1746 διεσκεδάσθησαν
475 1709 664 1745 συγχυθέντες,
683 1710 728 1737 καὶ
742 1710 794 1737 ἀπὸ
808 1711 874 1746 μιᾶς

76 1751 112 1790 ἦς
124 1755 223 1790 ᾔδεσαν
245 1756 462 1791 ὲμπνευσοέντες
484 1758 516 1783 ἐκ
532 1755 600 1782 Θεοῦ
615 1756 777 1792 βουλήσεως,
796 1756 874 1788 ἄλλος

76 1800 161 1836 ἄλλην
173 1801 334 1836 ἐσχήκασιν.
344 1801 388 1834 Ἐξ
398 1798 491 1837 ὧνπερ
503 1802 550 1828 καὶ
562 1801 642 1837 μέχρι
657 1801 737 1837 δεῦρο
748 1803 764 1838 ἠ
779 1801 876 1829 σύστα-

77 1854 120 1879 σις
137 1846 192 1873 τῶν
214 1847 313 1874 λαλιῶν
333 1847 493 1884 ἐνέστηκεν·
509 1847 579 1874 ὥστε
596 1848 750 1884 βουλομένῳ
768 1849 874 1876 ἔνεστιν

80 1893 169 1928 εὑρεῖν
179 1894 293 1921 ἕκαστον
307 1894 428 1930 ἀρχηγὸν
439 1895 558 1930 ἑκάστης
571 1894 698 1930 γλώσσης
707 1903 714 1910 ο
729 1895 766 1926 ὡς
778 1895 873 1922 Ἰωυὰν

81 1939 130 1975 μὲν
157 1939 206 1975 τὴν
227 1939 366 1975 Ἑλληνίδα
392 1941 481 1976 ἔσχεν,
498 1941 528 1973 ἐξ
543 1937 630 1976 οὗπερ
649 1942 697 1968 καὶ
712 1942 806 1973 Ἴωνες
825 1942 872 1969 κέ-

78 1986 201 2022 κληνται,
212 1987 236 2013 οἱ
248 1987 297 2022 τὴν
311 1987 430 2014 παλαιὰν
443 1987 570 2022 γλῶσσαν
585 1988 640 2015 τῶν
655 1988 787 2024 Ἐλλήνων
799 1988 874 2023 ἕχον-

78 2039 141 2064 τες·
157 2033 249 2068 Θήρας
272 2032 301 2059 δὲ
327 2033 382 2060 τῶν
398 2033 529 2070 Θρᾳκῶν·
545 2034 638 2069 Μοσὸχ
651 2034 700 2069 τὴν
714 2034 873 2060 Μωσσυνοί-

79 2088 134 2106 κων
150 2079 276 2113 γλῶσσαν
287 2089 293 2095 ·
310 2079 404 2106 eum
417 2080 466 2115 τὴν
479 2080 533 2106 τῶν
547 2080 689 2107 Θετταλῶν
699 2088 705 2095 ·
721 2080 813 2107 Ἐλοὺδ
823 2080 872 2116 τὴν

79 2124 172 2151 Λυδῶν
181 2132 187 2139 ·
203 2125 295 2162 Γεφὰρ
310 2125 359 2162 τὴν
371 2125 536 2160 Γασφηνῶν·
555 2126 627 2152 Μιστ
633 2126 684 2161 ρὲμ
698 2125 748 2162 τὴν
757 2126 811 2152 τῶν
825 2127 872 2153 Δί-

79 2167 217 2202 γυπτίων·
238 2169 313 2201 Ψοῦς
338 2169 387 2205 τὴν
415 2169 470 2196 τῶν
485 2170 670 2205 Ἀξουμιτῶν·
688 2171 798 2206 Ἀρμὼτ
822 2170 872 2207 τὴν

393 141 580 170 ADVERSUS
599 141 770 169 [DEBESES
789 141 854 169 LIB.
875 140 896 169 1.
916 139 998 169 TOM.
1018 140 1062 168 Ill.
1082 155 1117 160 —
1138 139 1274 169 IUERES.
1296 139 1418 169 XXXIX.

1660 138 1717 168 an

887 201 910 229 Α
925 205 986 224 rum
1001 197 1160 233 nuptiarum
1185 201 1274 225 status
1290 197 1400 232 optimis
1415 195 1532 224 decretis
1551 196 1702 224 ronstitutu

923 247 975 270 est.
993 242 1064 278 Ergo
1078 242 1260 270 consobrinas
1274 243 1374 270 ducere
1387 249 1446 269 mos
1462 241 1522 269 fuit.
1540 241 1598 274 Qua
1611 242 1718 269 ratione

924 289 1026 316 factum
1043 292 1085 316 est
1098 293 1138 321 ut,
1150 289 1337 324 multiplicatis
1348 288 1514 320 hominibus,
1528 288 1582 315 duo
1595 289 1620 315 in
1631 296 1716 315 unum

923 341 1022 370 genera
1041 334 1233 366 miscerentur,
1251 334 1330 362 Caini
1345 334 1471 361 videlicet
1491 342 1523 361 ac
1540 334 1633 367 Sethi;
1658 339 1714 361 tum

924 379 1054 414 deinceps
1072 380 1184 415 reliqua:
1201 380 1318 408 ﬁliorum
1335 379 1431 407 Adami
1445 381 1544 415 stirpes
1559 381 1714 415 promiscue

921 426 1113 462 iungerentur.
1134 426 1233 455 Postea
1255 435 1317 454 cum
1341 433 1474 462 aquarum
1496 427 1644 454 exundatio
1664 426 1716 453 hu-

923 473 997 499 mani
1017 473 1125 508 generis
1140 477 1241 500 statum
1268 472 1390 500 funditus
1413 473 1569 503 delevisset,
1587 481 1659 500 unus
1683 481 1715 499 ex

925 518 1052 546 omnibus
1071 517 1190 546 Noemus
1205 522 1330 546 servatus
1347 522 1400 551 est,
1422 519 1468 553 qui
1489 518 1627 553 gratiosus
1644 519 1715 552 apud

925 562 1008 590 Deum
1034 563 1186 596 exstiterat,
1216 563 1289 598 quod
1305 566 1386 590 actate
1408 571 1457 590 sua
1473 563 1566 598 justus
1585 567 1657 590 esset
1679 563 1719 589 in-

923 613 1030 636 ventus.
1048 609 1108 641 Hic,
1124 613 1154 635 ut
1170 612 1232 636 ante
1249 608 1473 640 memoravimus,
1490 615 1582 635 arcam
1598 608 1649 635 sibi
1663 607 1720 635 Deo

920 654 1036 689 jubente
1064 654 1215 681 fabricatus
1239 659 1298 688 est,
1327 654 1558 688 quemadmodum
1587 660 1717 688 germana

922 700 1022 727 divinae
1039 699 1105 735 legis
1129 700 1300 727 monimenta
1325 703 1472 727 testantur.
1487 699 1544 732 Qua
1561 699 1670 734 quidem
1691 699 1718 725 in

923 752 986 772 arca
1001 749 1138 772 servatum
1152 744 1284 772 Noemum
1297 744 1323 772 in
1335 745 1430 772 eodem
1443 745 1556 773 sincera:
1568 744 1719 779 Scriptura:

923 791 1063 818 volumine
1087 791 1225 826 proditum
1250 795 1303 824 est,
1321 798 1383 818 cum
1407 797 1493 825 eoque
1521 794 1635 825 septem,
1658 797 1719 825 quae

924 841 987 865 ante
1003 837 1217 869 nominavimus,
1230 837 1331 872 capita,
1346 837 1396 864 hoc
1417 841 1458 864 est
1474 837 1617 872 conjugem
1631 836 1717 871 ipsius

890 878 987 911 Bcum
1016 883 1104 911 tribus
1125 883 1230 915 liberis,
1255 891 1287 910 ac
1314 882 1426 910 totidem
1454 890 1549 910 eorum
1574 882 1718 910 uxoribus.

928 930 1109 964 Quamobrem
1123 930 1231 965 generis
1245 930 1360 957 humani
1373 929 1503 964 reliquias
1517 929 1544 956 in
1558 929 1631 956 hunc
1642 937 1720 956 mun-

923 975 987 1002 dum
1005 983 1019 1002 a
1035 975 1138 1003 Noemo
1151 975 1299 1011 productas
1314 983 1375 1003 esse
1393 975 1516 1003 veritatis
1537 975 1623 1010 ipsius
1640 974 1716 1002 testi-

923 1022 1016 1048 monio
1036 1026 1155 1049 constat.
1179 1021 1219 1048 Ex
1240 1029 1295 1057 quo
1315 1021 1495 1056 multiplicata
1513 1021 1601 1056 prole,
1623 1028 1719 1056 perpe-

925 1071 1027 1102 tuaque
1045 1067 1149 1095 sobolis
1167 1067 1344 1095 successione
1368 1067 1491 1103 quinque
1509 1067 1537 1093 in
1552 1066 1633 1094 terris
1652 1066 1719 1093 stir-

923 1113 996 1148 pium
1010 1116 1075 1140 sunt
1092 1112 1162 1140 facta
1178 1113 1308 1141 divortia.

958 1158 1018 1191 Quo
1029 1163 1153 1193 tempore
1167 1158 1288 1194 Babylon
1309 1159 1337 1186 in
1358 1158 1534 1195 Assyrial'ab
1549 1158 1646 1186 iisdem
1664 1158 1719 1185 illis

924 1207 1076 1236 exstructa,
1104 1204 1149 1239 qui
1174 1208 1201 1231 et
1229 1204 1327 1231 turrim
1358 1204 1552 1232 condiderunt.
1578 1204 1720 1239 Erantque

923 1253 994 1281 tum,
1010 1250 1049 1276 uti
1061 1250 1088 1276 in
1103 1249 1294 1284 superioribus
1305 1250 1455 1278 hazresibus
1466 1258 1498 1277 ex
1511 1251 1718 1285 generationum

924 1301 939 1321 a
956 1294 1035 1322 nobis
1053 1295 1178 1322 instituta
1201 1295 1273 1322 serie
1286 1295 1503 1322 demonstratum
1517 1299 1570 1327 est,
1593 1295 1720 1323 homines

924 1340 1008 1368 ferme
1021 1348 1094 1368 uxn
1106 1341 1232 1376 stirpium
1245 1344 1382 1373 auctores,
1392 1345 1419 1368 et
1429 1342 1528 1375 capita.
1541 1341 1675 1368 Nimirum
1685 1350 1716 1368 ex

923 1386 1018 1413 Chami
1033 1387 1159 1422 progenie
1175 1394 1294 1420 xun;e
1306 1393 1404 1421 genere
1418 1387 1491 1420 Seni,
1508 1395 1558 1420 xv;
1578 1394 1594 1414 e
1610 1386 1718 1422 Japlieti

922 1440 988 1460 vero
1003 1433 1088 1467 stirpe
1101 1440 1164 1464 xxv,
1182 1440 1242 1460 cum
1257 1433 1342 1460 turris
1358 1433 1404 1460 illa
1422 1440 1484 1460 cum
1500 1433 1639 1468 Babylone
1651 1441 1722 1460 con-

923 1479 1046 1506 deretur.
1062 1479 1103 1506 Ab
1125 1479 1167 1506 his
1183 1479 1210 1506 in
1226 1479 1385 1506 universum
1401 1479 1496 1506 orbem
1518 1479 1644 1507 nationes
1658 1487 1718 1506 om-

925 1533 974 1553 nes
989 1533 1022 1552 ac
1045 1525 1144 1560 linguae
1163 1525 1302 1560 dissipatae
1317 1529 1391 1553 sunt.
1407 1524 1590 1560 Posteaquam
1606 1530 1719 1561 septua-

901 1570 907 1579 '
924 1571 998 1605 ginta
1024 1571 1061 1598 illi
1090 1571 1155 1602 duo,
1180 1571 1226 1606 qui
1253 1572 1349 1598 turrim
1376 1572 1569 1604 moliebantur,
1595 1572 1719 1600 confusis

924 1618 1097 1652 linguis,huc
1110 1618 1228 1652 illucque
1242 1617 1360 1653 dispersi
1375 1623 1440 1646 sunt
1464 1622 1492 1646 et
1508 1626 1557 1654 pro
1571 1626 1624 1646 una
1635 1627 1719 1654 quam

924 1663 1060 1691 callebant
1079 1663 1150 1690 alius
1174 1663 1254 1690 aliam
1270 1672 1301 1691 ex
1325 1663 1415 1691 afﬂatu
1446 1663 1492 1691 Dei
1526 1671 1558 1691 ac
1578 1664 1719 1691 voluntate

913 1710 1038 1737 sortitus
1060 1713 1111 1737 est.
1129 1709 1166 1736 Ex
1182 1717 1238 1745 quo
1260 1710 1292 1737 ad
1319 1710 1390 1737 hanc
1409 1717 1498 1745 usque
1515 1711 1586 1738 diem
1611 1711 1719 1745 lingua-

923 1763 984 1783 rum
1012 1756 1102 1783 omnis
1123 1760 1166 1784 est
1193 1755 1309 1783 conﬂata
1333 1757 1467 1789 varietas,
1494 1764 1611 1791 quarum
1635 1758 1721 1793 289

925 1802 1146 1837 uniuscujusque
1161 1802 1224 1830 licet
1244 1806 1384 1830 auctorem
1398 1803 1474 1830 nullo
1489 1804 1598 1838 negotio
1619 1804 1717 1839 depre-

925 1848 1053 1876 hendere.
1086 1847 1133 1876 Sic
1154 1849 1226 1876 enim
1246 1848 1333 1876 Javan
1369 1848 1456 1876 Graeci
1483 1850 1618 1877 sermonis
1643 1851 1718 1884 prin-

924 1901 989 1928 ceps
1006 1894 1123 1929 exstitit,
1142 1903 1157 1922 a
1175 1903 1229 1930 quo
1244 1899 1308 1922 sunt
1325 1895 1409 1923 Jones
1424 1896 1619 1931 cognominati,
1633 1904 1717 1932 penes

923 1948 993 1975 quos
1007 1942 1109 1969 veteris
1125 1945 1167 1969 est
1180 1941 1282 1968 Grzeca:
1303 1941 1403 1976 lingua:
1418 1942 1566 1977 possessio.
1586 1942 1608 1968 Α
1626 1941 1717 1970 Thura

924 1985 1061 2013 Thracum
1072 1986 1165 2022 lingua
1176 1986 1298 2021 profecta
1313 1990 1365 2020 est,
1382 1986 1616 2022 Mossynoecorum
1633 1994 1646 2013 a
1664 1987 1718 2014 Mo-

923 2031 1008 2059 socho
1024 2041 1030 2058 :
1048 2039 1063 2059 a
1082 2031 1208 2060 Thobese
1223 2032 1429 2060 Thessalorum.
1444 2033 1513 2060 Elud
1533 2040 1616 2067 porro
1628 2033 1717 2068 Lydo-

923 2084 983 2103 rum
999 2078 1132 2104 sermonis
1140 2081 1236 2105 auctor
1250 2077 1300 2104 fuit
1312 2087 1319 2111 ;
1330 2078 1368 2104 uti
1381 2077 1587 2112 Gasphenorum
1596 2077 1716 2112 Gepltar,

924 2123 1115 2158 Egyptiorum
1134 2123 1267 2155 Mistrem,
1295 2123 1366 2151 Psus
1392 2123 1598 2155 Axumitarum,
1620 2124 1717 2152 Arnsot

922 2168 1060 2202 Arabum;
1081 2176 1113 2196 ac
1133 2169 1274 2203 deinceps,
1289 2177 1323 2196 ne
1346 2168 1505 2204 singillatim
1528 2177 1716 2204 percenseam,

81 2214 136 2240 τῶν
148 2214 271 2250 Ἀράϐων
281 2225 288 2231 ·
304 2217 352 2243 καὶ
374 2216 428 2243 τῶν
449 2216 550 2243 λοιπῶν
568 2216 694 2248 ἕκαστος,
708 2217 752 2243 ἵνα
769 2217 806 2252 μὴ
822 2226 871 2244 κα-

924 2223 979 2243 sua:
991 2215 1125 2250 cujusque
1136 2215 1235 2251 lingua:
1247 2215 1361 2250 reliquis
1375 2220 1417 2243 est
1433 2216 1570 2250 impertita
1588 2216 1714 2243 scientia.

81 2261 145 2288 θένα
173 2261 254 2296 λέγω,
278 2262 346 2290 ἰδίαν
369 2262 534 2298 ὲνεπνεύσθη
551 2263 686 2297 γλῶσσαν.
711 2263 765 2290 Καὶ
789 2263 875 2295 οὕτως

81 2306 197 2341 ἑκάστης
209 2306 334 2342 γλώσσης
352 2308 368 2342 ἡ
384 2307 493 2343 διαδοχὴ
512 2308 540 2334 ὲν
555 2307 594 2342 τῷ
612 2308 706 2343 κόσμῳ
721 2307 873 2334 πεπλάτυν-

80 2359 132 2378 ται.

115 2395 154 2422 H’.
175 2395 264 2423 Πόθεν
275 2397 364 2423 τοίνυν
381 2394 453 2424 οὗτοι
475 2397 701 2434 ὲψευδηγόρησαν
724 2399 814 2425 αὐτῶν
836 2399 871 2425 τὰ

81 2442 199 2477 ῥήματα,
212 2442 393 2478 παρενθέντες
406 2444 455 2479 τὴν
468 2444 572 2471 ἑαυτῶν
589 2444 752 2479 μυθοποιίαν
767 2453 870 2479 φαντα-

81 2488 197 2523 ζόμενοι,
219 2489 266 2515 καὶ
285 2489 522 2524 ὀνειροπολοῦντες
541 2490 576 2516 τὰ
601 2490 638 2526 μὴ
656 2490 720 2517 ὄντα
735 2491 773 2522 ὡς
793 2491 870 2524 ὄντα,

80 2534 126 2560 καὶ
147 2533 182 2559 τὰ
203 2533 268 2561 ὄντα
287 2534 336 2569 τῆς
355 2534 459 2561 ἑαυτῶν
479 2534 597 2566 διανοίας
615 2535 869 2568 διασκεδαννύντεςς

85 2580 164 2607 Ἀλλὰ
179 2580 210 2607 τὸ
226 2582 280 2607 πᾶν
299 2581 347 2607 τοῦ
368 2580 493 2607 διαϐόλου
518 2580 641 2616 βούλημα
662 2580 743 2608 τοῦτο
768 2581 873 2607 ἐνεκίσ-

80 2635 144 2662 σησε
159 2628 220 2658 ταῖς
232 2626 287 2653 τῶν
302 2625 465 2662 ἀνθρώπων·
475 2626 586 2661 ψυχαῖς.
602 2627 679 2653 Ἔστι
696 2627 725 2653 δὲ
743 2627 809 2653 ἰδεῖν
823 2627 870 2654 καὶ

79 2673 214 2709 θαυμάσαι
228 2672 296 2708 (52),
313 2673 352 2704 ὡς
375 2673 404 2699 ὲν
428 2672 537 2704 πολλοῖς
561 2673 610 2708 μὲν
633 2672 796 2708 ἀτοπήμασι
821 2673 869 2700 τὸν

927 2262 1015 2297 Atque
1039 2262 1077 2288 ita
1102 2262 1272 2298 singularum
1302 2261 1442 2289 successio
1469 2266 1511 2289 est
1528 2262 1657 2297 paulatim
1687 2263 1716 2290 in

926 2308 992 2335 orbe
1004 2308 1128 2341 dilatata,
1143 2315 1343 2343 progressaque
1357 2308 1474 2343 longius.

959 2394 1027 2422 VIII.
1054 2395 1120 2428 Quae
1133 2402 1196 2422 cum
1211 2395 1248 2422 ita
1265 2395 1331 2428 sint,
1352 2395 1434 2428 unde,
1458 2404 1563 2431 quaeso,
1587 2396 1713 2425 Sethiani

924 2441 1008 2469 falsas
1026 2441 1088 2468 illas
1103 2441 1277 2470 narrationes
1303 2447 1479 2477 acceperunt,
1494 2442 1558 2470 dum
1580 2448 1609 2471 el.
1637 2444 1714 2472 ﬁctas

923 2487 1030 2515 fabulas
1044 2487 1206 2521 obtrudunt,
1222 2493 1250 2516 ct
1266 2497 1326 2524 quae
1340 2497 1480 2524 nunquam
1498 2489 1569 2517 facta
1584 2494 1648 2517 sunt
1664 2499 1714 2526 pro

923 2533 998 2561 veris
1010 2534 1083 2561 velut
1104 2535 1273 2563 somniantes
1291 2535 1438 2563 effutiunt?
1452 2535 1518 2569 Quae
1541 2541 1631 2564 autem
1649 2545 1714 2565 vera

924 2581 1068 2616 solidaque
1089 2585 1164 2613 sunt,
1189 2582 1283 2616 procul
1301 2590 1316 2609 a
1337 2583 1396 2610 suis
1411 2583 1462 2617 ipsi
1487 2583 1626 2611 mentibus
1650 2584 1714 2619 reji-

922 2627 1009 2654 ciunt.
1026 2626 1080 2654 Sed
1095 2627 1225 2654 nimirum
1245 2631 1334 2655 totum
1349 2627 1423 2655 istud
1436 2636 1469 2655 ex
1484 2629 1546 2655 mali
1572 2629 1714 2655 voluntate.

920 2673 1052 2702 daemonis
1076 2673 1222 2709 aﬂhluque
1247 2678 1412 2710 conceptum
1438 2674 1565 2703 humanis
1596 2675 1712 2710 ingeniis

113 2743 121 2760 ¹
137 2743 201 2772 Cor.
219 2743 266 2770 τοῦ
285 2743 314 2770 δὲ
336 2742 425 2778 Ἰάφεο
439 2742 598 2776 δεκαπέντε,
612 2743 659 2769 τοῦ
676 2742 703 2769 δὲ
721 2743 781 2778 Σὴμ
791 2743 971 2770 εἰκοσιπέντε.

122 2802 167 2836 52)
190 2802 274 2828 Ἔστι
289 2801 323 2827 δὲ
344 2800 418 2827 ἰδεῖν
436 2800 486 2836 καὶ
508 2800 669 2835 θαυμάσαι.
688 2799 751 2827 Haec
765 2800 800 2827 de
812 2800 867 2827 dae-

78 2838 203 2866 monibus
227 2837 363 2864 sententia
391 2843 406 2863 a
434 2835 543 2863 Justino
568 2836 687 2870 primum
705 2836 835 2862 manavit
856 2842 864 2862 :

78 2880 189 2908 eamque
203 2876 299 2908 postea
315 2871 433 2899 lrenaeus
446 2872 589 2906 amplexus
606 2874 648 2899 est
671 2871 717 2899 lib.
735 2879 761 2904 v,
777 2878 803 2899 c.
818 2870 862 2898 26.

921 2799 988 2829 Vide
1004 2801 1104 2830 Euseb.
1119 2802 1222 2830 Histor.
1235 2802 1284 2831 lib.
1300 2811 1337 2837 tv,
1349 2810 1375 2831 c.
1391 2802 1434 2830 i7.
1446 2802 1513 2836 Qua:
1524 2806 1614 2829 tamen
1628 2799 1709 2835 vulgo

920 2844 974 2865 non
993 2838 1133 2866 probatur.
