1952 3045
206 123 260 152 C75
910 115 939 143 S.
960 111 1132 142 EPIPHANII
1784 105 1840 134 676

205 181 332 210 adhaesit.
353 187 447 214 quam
464 186 495 207 re
513 186 567 206 non
576 178 670 206 minus
685 176 916 206 considerandum
931 175 998 203 illud

1060 173 1194 208 ἱνθρωπον
1208 170 1344 206 ἡπάτησε,
1355 169 1404 196 καὶ
1420 168 1458 200 είς
1469 167 1643 203 παρανομίαν
1653 165 1839 197 κατέσπασεν,

206 235 289 264 quam
310 226 500 254 admirandum
523 226 606 256 venit.
625 224 854 260 quemadmodum
875 224 919 250 ille
934 231 997 250 cum

1060 218 1089 249 τε
1104 226 1134 244 τε
1148 216 1276 252 πορνείας
1289 215 1336 242 καὶ
1354 214 1488 250 μοιχείας,
1503 214 1550 240 καὶ
1563 212 1716 247 ἀσελγείας,
1733 211 1827 238 είδωλο

207 271 333 298 homines
349 270 376 296 in
391 269 512 296 absurda
526 267 692 302 indignaque
706 266 908 302 quamplurima
923 265 999 292 frau-

207 313 334 339 dulenter
356 310 514 346 pellexerit,
542 314 623 344 atque
650 310 676 335 in
702 309 792 336 scelus
817 307 998 343 pertraxerit,

209 357 304 388 stupra
320 352 459 382 videlicet,
475 350 621 382 adulteria,
637 349 775 380 libidines,
799 348 933 375 idolorum
951 354 999 374 su-

209 397 383 432 perstitiones
407 403 439 422 ac
454 395 620 430 prazstigias,
633 393 808 429 profusiones
823 393 998 428 sanguinum,

209 444 320 479 rapinas
351 447 378 470 et
393 441 561 469 insatiabiles
575 440 750 475 cupiditates,
769 439 867 470 aleam.
894 438 1001 465 voraci-

210 495 304 522 latem,
322 489 429 524 aliaque
452 488 477 515 id
495 495 581 523 genus
604 487 716 522 ﬂagitia,
744 492 885 520 nunquam
908 488 1000 511 tamen

211 540 274 562 ante
293 534 396 561 Christi
417 532 572 560 Servatoris
587 532 746 563 adventum,
772 530 1000 557 contumeliosam

212 583 239 609 in
258 581 400 608 Dominum
419 587 498 607 suum
511 580 616 613 jactare
639 585 744 609 vocem,
764 577 806 604 vel
821 577 953 603 rebellare
966 576 1002 603 sit

212 636 307 656 ausus.
324 626 509 662 Exspectahat
521 625 657 660 siquidem
671 624 735 651 dum
751 623 878 650 Christus
891 622 1003 650 adveni-

213 679 264 706 ret.
283 677 312 701 ut
327 674 370 701 vel
394 674 451 708 ipse
466 671 619 707 proﬁtetur,
645 670 688 698 his
704 670 795 698 verbis
811 679 818 696 :
833 669 871 696 De
894 673 919 697 te
935 669 1002 696 scri-

213 723 290 754 ptum
305 722 347 746 est
360 728 367 746 :
381 718 513 751 Quoniam
529 717 628 752 angelis
643 716 699 743 sui;
721 715 858 742 mandabit
881 715 913 742 de
930 720 965 747 te,
978 720 1003 742 et

213 767 241 792 in
265 764 386 792 manibus
402 763 544 798 portabunt
569 768 592 789 te
607 763 627 788 ¹.
654 761 722 789 Illud
741 762 814 789 enim
838 765 968 796 perpetuo
988 768 1004 788 a

214 810 354 846 prophetis
369 809 524 836 nuntiatum
540 808 675 840 audierat,
694 807 796 834 Christi
813 806 919 834 Domini
937 814 1006 842 pra:-

1052 263 1150 299 μανίας
1163 271 1193 289 τε
1214 262 1261 288 καὶ
1282 260 1420 296 γοητείας,
1436 260 1483 286 καὶ
1501 258 1728 294 αἱματεκχυσίας,
1748 258 1838 293 ἁρπα-

1051 308 1102 342 γάς
1115 315 1145 333 τε
1167 306 1214 333 καὶ
1235 305 1405 340 ἀπληστίας,
1421 304 1533 336 κυϐείας
1554 312 1584 330 τε
1606 304 1653 330 καὶ
1673 302 1840 337 ἀδηφαγίας.

1050 352 1098 379 καὶ
1112 352 1162 378 ὅσα
1185 350 1313 377 τοιαῦτα-
1333 349 1451 385 οὐδαμοῦ
1474 349 1502 375 δὲ
1519 348 1570 385 πρὸ
1584 349 1633 383 τῆς
1650 347 1697 374 τοῦ
1721 346 1841 383 Χριστοῦ

1051 397 1202 433 παρουσίας
1217 397 1367 431 ἐτόλμησεν
1382 396 1422 426 εἰς
1432 395 1477 421 τὸν
1493 393 1591 421 ἑαυτοῦ
1607 394 1746 429 Δεσπότην
1758 393 1843 428 φθέγ-

1053 443 1149 476 ξασθαι
1163 442 1323 478 βλάσφημον
1340 450 1401 468 τινα
1416 441 1505 475 λόγον,
1523 441 1540 475 ἢ
1555 440 1683 475 ἀνταρσιν
1704 438 1842 475 ἐννοῆσαι.

1059 489 1185 524 Ἀνέμενε
1200 488 1254 524 γὰρ
1270 488 1320 523 τὴν
1333 487 1380 514 τοῦ
1391 486 1510 523 Χριστοῦ
1525 487 1687 521 παρουσίαν,
1702 486 1740 518 ὼς
1749 485 1841 520 λέγει·

1051 535 1122 569 Περὶ
1148 534 1208 562 σοῦ
1232 534 1409 569 γέγραπται,
1430 533 1474 560 ὅτι
1498 533 1561 566 τοῖς
1585 533 1722 568 ἀγγέλοις
1748 531 1843 559 αὐτοῦ

1051 580 1214 608 ἐντελεῖται
1229 580 1296 614 περὶ
1315 579 1384 611 σοῦ,
1403 578 1453 606 καὶ
1467 579 1517 606 ἐπὶ
1539 578 1645 613 χειρῶν
1667 578 1776 613 ἀροῦσί
1794 586 1842 604 σε.

1056 627 1157 653 Ἥκουε
1172 626 1226 661 γὰρ
1247 626 1290 652 ἀεὶ
1309 624 1362 651 τῶν
1377 625 1524 660 προφητῶν
1539 624 1777 659 καταγγελλόντων
1793 625 1844 660 τὴν

1054 672 1174 708 Χριστοῦ
1192 671 1353 707 νρουσίαν,
1367 670 1501 707 λύτρωσιν
1521 671 1653 706 ἐσομένην
1676 669 1730 696 τῶν
1752 671 1844 706 ἀμαρ-

1053 718 1206 753 τησάντων,
1225 717 1272 744 καὶ
1289 716 1334 743 διὰ
1354 715 1474 752 Χριστοῦ
1497 715 1699 751 μετανοούντων
1710 723 1716 729 “
1734 715 1844 752 ἐνόμιζέ

1055 773 1085 790 τε
1102 763 1249 796 τεύξασθαί
1262 770 1335 794 τινος
1348 762 1448 794 ἐλέους.
1465 762 1530 788 Ὅτε
1545 762 1574 788 δὲ
1589 760 1657 788 εἶδεν
1676 762 1690 788 6
1702 761 1786 793 τάλας
1797 762 1845 788 τὸν

1056 809 1173 845 Χριστὸν
1189 809 1226 844 μὴ
1243 807 1389 844 δεξάμενον
1401 807 1484 834 αὑτοῦ
1495 807 1543 843 τὴν
1557 807 1621 843 περὶ
1638 807 1773 842 σωτηρίας
1785 808 1847 833 ἐπι-

213 856 329 885 sentiam
346 862 440 883 eorum
453 854 668 889 redemptionem
683 853 750 884 fore.
768 853 815 888 qui
832 858 1002 888 peccassent,

1060 854 1186 890 στροφὴν,
1202 854 1312 886 ἀνοίξας
1327 854 1357 881 τὸ
1369 854 1457 889 στόμα
1471 853 1541 880 κατὰ
1557 853 1605 880 τοῦ
1621 853 1684 880 ἰδίου
1697 852 1846 884 Δεσπότου,

214 911 247 931 ac
264 903 452 938 pamitenliam
477 901 659 936 susciperent.
675 899 766 934 Quare
781 903 807 927 et
826 900 884 934 ipse
899 899 1007 927 miseri-

215 949 316 976 cordia:
329 947 454 975 nonnihil
472 954 502 974 se
518 949 731 973 consecuturum
747 945 884 979 sperabat.
905 943 1006 971 Verum

215 995 261 1022 ubi
278 1001 356 1022 suam
384 993 417 1020 ad
438 993 613 1021 obtinendam
633 991 749 1019 salutem
767 992 974 1018 conversionem
992 998 1006 1017 a

215 1040 327 1068 Christo
355 1038 493 1075 repudiari
525 1037 617 1065 infelix
644 1036 848 1069 animadvertit,
880 1044 912 1064 os
934 1037 1008 1064 illico

215 1090 311 1113 contra
328 1085 471 1112 Dominum
487 1083 604 1119 aperuit,
616 1090 648 1110 ac
664 1081 882 1109 maledicentiam
899 1089 1008 1109 omnem

215 1131 347 1159 evomuit.
362 1130 434 1164 Quin
451 1137 511 1157 eam
529 1134 646 1156 mentem
669 1127 825 1154 hominibus
847 1127 952 1162 injecit,
966 1131 1007 1160 ut,

217 1186 282 1206 vero
294 1181 453 1211 contempto
470 1176 535 1207 Deo.
560 1175 643 1201 alium
662 1174 708 1209 qui
733 1174 858 1209 nuspiam
874 1178 947 1202 esset
967 1174 1009 1201 in-

217 1223 368 1259 quirerent.
386 1221 442 1249 Hoc
465 1221 549 1256 igitur
563 1219 643 1247 modo
661 1219 808 1247 Sethianos
830 1221 857 1246 in
882 1219 1006 1247 fraudem

218 1268 351 1303 impulsos
364 1274 426 1294 esse
441 1266 622 1300 undequaque
639 1265 787 1292 constabit.
807 1264 946 1299 Siquidem
963 1264 1008 1291 Se-

216 1314 281 1342 thts
303 1313 366 1340 olim
393 1315 518 1339 mortuus
543 1314 595 1343 est,
617 1314 736 1345 sunt-[ue
759 1310 820 1345 ejus
841 1311 929 1338 aetatis
943 1311 1008 1338 anni

216 1359 372 1396 perscripti.
387 1357 456 1385 Nam
472 1365 533 1385 cum
550 1357 763 1390 annos,vixisset
776 1364 814 1383 xu
825 1364 907 1391 supra
914 1365 1007 1390 ncccc,

1055 901 1105 936 τὴν
1121 901 1297 936 βλασφημίαν
1316 900 1434 936 ὲξήμεσε
1443 920 1450 932 ,
1469 901 1526 931 τοῖς
1544 898 1697 935 ἀνθρώποις
1719 899 1847 926 ὑπόνοιαν

1057 945 1194 981 ἐμϐαλὼν,
1210 946 1350 982 ἀρνεῖσθαι
1367 946 1416 982 μὲν
1434 946 1480 973 τὸν
1505 946 1588 978 ὅντα,
1611 945 1657 972 τὸν
1677 945 1704 972 δὲ
1722 945 1759 980 μὴ
1782 945 1847 971 ὅντα

1057 992 1158 1028 ζητεῖν.
1186 993 1264 1019 Οὕτω
1299 993 1387 1020 τοίνυν
1411 992 1458 1019 καὶ
1490 989 1564 1018 οὗτοι
1592 991 1749 1026 ἐλέγχονται
1775 990 1849 1017 κατά

1058 1039 1148 1066 πάντα
1163 1039 1264 1075 τρόπον
1277 1039 1459 1074 ἠπατημένοι.
1479 1038 1508 1065 '0
1526 1038 1580 1073 γὰρ
1595 1037 1648 1073 Σὴθ
1661 1037 1786 1073 τέθνηκε,
1800 1037 1849 1062 καὶ

1057 1084 1091 1111 τὰ
1108 1084 1155 1119 ἐτη
1174 1084 1256 1111 αὐτοῦ
1271 1085 1491 1119 ἀναγέγραπται.
1508 1083 1614 1115 Βιώσας
1630 1082 1684 1117 γὰρ
1702 1082 1749 1118 ἐτη
1770 1082 1850 1108 ἐννα-

1057 1131 1137 1158 κόσια
1151 1131 1275 1164 δεκαδύο,
1289 1130 1319 1157 τὸ
1341 1129 1431 1166 χρεὼν
1458 1130 1594 1160 ἀπέδωκε,
1616 1130 1749 1164 γεννήσας
1773 1130 1850 1160 υἱοὺς

1057 1177 1104 1203 καὶ
1118 1177 1283 1213 θυγατέρας,
1300 1176 1338 1208 ὦς
1361 1185 1444 1212 φησιν
1459 1177 1476 1211 ὴ
1492 1175 1552 1202 θεία
1573 1176 1679 1211 Γραφή.
1697 1175 1776 1202 Κατά
1789 1175 1851 1202 δια-

1056 1223 1136 1259 δοχὴν
1155 1223 1183 1250 δὲ
1194 1224 1208 1250 6
1222 1223 1317 1250 τούτου
1336 1224 1400 1254 παῖς
1424 1222 1554 1257 (Ἑνὼςδὲ
1572 1220 1605 1258 ἦν
1625 1222 1712 1257 τούτῳ
1733 1221 1849 1256 ὖνομα),

1061 1270 1108 1296 καὶ
1125 1270 1207 1302 αὐτὸς
1231 1269 1333 1305 βιώσας
1359 1269 1406 1304 ἐτη
1428 1269 1571 1296 ἐννακόσια
1597 1268 1688 1299 πέντε,
1712 1267 1850 1302 ὑπήλλαξε

1061 1317 1107 1342 τὸν
1119 1316 1179 1343 καθ’
1198 1317 1272 1352 ἡμᾶς
1287 1315 1354 1351 βίον,
1369 1316 1502 1350 γεννήσας
1521 1316 1596 1347 υἱοὺς
1616 1316 1663 1341 καὶ
1684 1314 1850 1350 θυγατέρας,

1063 1362 1101 1394 ὡς
1117 1362 1173 1398 ἔχει
1189 1364 1205 1398 ὴ
1225 1363 1294 1397 αὐτὴ
1309 1362 1397 1397 βίὸλος
1414 1362 1463 1397 τῆς
1477 1361 1618 1397 ἀληθείας.

216 1415 251 1435 ex
268 1407 320 1433 hac
340 1406 394 1433 vita
411 1405 549 1436 discessit,
562 1404 605 1431 ubi
618 1411 701 1432 sexus
721 1404 864 1439 utriusque
876 1405 978 1434 liberos
989 1409 1123 1443 suscepit,
1141 1414 1169 1436 ut
1185 1409 1285 1436 divinis
1304 1408 1559 1443 Litterisproditum
1576 1412 1626 1435 est.
1645 1407 1784 1435 Successit
1802 1413 1853 1441 pa-

217 1452 254 1490 tri
272 1452 353 1485 ﬁlius,
369 1451 452 1486 290
474 1451 545 1478 Enos
586 1450 696 1478 nomine
711 1459 719 1478 :
737 1450 784 1485 qui
805 1458 892 1478 annos
915 1452 983 1479 vixit
1001 1461 1094 1487 neccv,
1118 1458 1146 1482 et
1165 1455 1241 1490 prole
1267 1462 1350 1483 sexus
1375 1455 1519 1489 utriusque
1544 1454 1671 1481 similiter
1697 1457 1793 1481 auctus
1813 1453 1854 1479 vi-

223 1499 303 1526 vendi
320 1498 402 1525 ﬁnem
420 1497 494 1529 l'eeit,
514 1500 542 1523 ut
557 1496 652 1523 eadem
669 1495 873 1528 illa_verissima
890 1498 992 1532 scripta
1010 1503 1156 1526 testantur.

253 1546 298 1573 IX.
319 1545 450 1579 Quaenam
470 1552 536 1580 ergo
554 1544 624 1570 ratio
649 1544 752 1579 patitur
777 1543 891 1571 Setinum
916 1545 1008 1578 istum,

1098 1547 1136 1574 8‘.
1154 1547 1239 1573 Ποθεν
1257 1556 1345 1573 τοινυν
1359 1547 1373 1573 6
1390 1546 1444 1582 Σὴθ
1462 1547 1476 1573 6
1490 1546 1550 1572 τότε
1564 1545 1740 1581 τελευτήσας,
1757 1541 1789 1572 οὗ
1805 1546 1853 1572 καὶ

219 1591 266 1627 qui
284 1595 312 1619 et
328 1591 374 1618 illo
394 1594 518 1625 tempore
541 1595 666 1618 mortuus
681 1592 733 1621 est,
748 1593 775 1616 et
793 1589 864 1618 ﬁlios
884 1591 1012 1626 reliquit,

219 1639 267 1674 qui
289 1645 368 1665 suum
384 1645 492 1672 quoque
506 1636 570 1663 vita;
585 1639 694 1670 tempus
716 1634 855 1668 obierunt,
871 1636 1012 1664 Christum

220 1693 281 1714 esse
299 1683 456 1714 Dominum,
471 1682 518 1718 qui
535 1681 764 1716 repraesentandis
785 1681 928 1709 hominum
952 1683 1015 1710 vitae

221 1737 254 1757 ac
281 1729 380 1757 salutis
401 1727 539 1755 desiderio
556 1727 590 1754 de
604 1725 717 1761 Virgine
746 1726 783 1753 sit
812 1726 896 1753 Maria
919 1732 1012 1761 natus,

221 1784 283 1804 cum
299 1775 370 1803 idem
387 1780 451 1802 ante
465 1781 547 1801 omne
558 1777 666 1808 tempus
680 1777 753 1800 esset
766 1781 781 1800 a
796 1772 876 1801 Patre
894 1774 1012 1809 genitus.

222 1822 294 1858 apud
309 1829 389 1857 quem
405 1825 536 1856 perpetuo
547 1823 650 1852 manet,
666 1818 738 1846 Deus
756 1820 824 1854 ipse,
841 1819 1015 1856 Verbumque

222 1868 396 1897 subsistens?
425 1867 477 1900 Qui
512 1866 659 1902 postremis
685 1866 855 1901 temporibus
883 1867 956 1894 venit
987 1867 1014 1894 in

223 1915 367 1946 mundum.
392 1918 420 1942 et
443 1922 476 1941 ex
500 1913 622 1949 Virginis
646 1912 741 1940 Matris
759 1917 835 1940 utero
853 1912 941 1940 eﬁicta
962 1913 1014 1940 sibi

223 1968 306 1988 carne
319 1965 401 1995 atque
413 1959 579 1987 circumfusa
588 1980 595 1991 ,
610 1963 667 1986 tum
680 1963 820 1994 assumpta
831 1959 914 1986 simul
925 1959 1015 1986 anima

223 2007 345 2035 numeris
359 2007 486 2035 omnibus
504 2006 646 2034 absolutus
665 2006 747 2033 homo
764 2005 851 2032 factus
866 2009 917 2033 est.
936 2005 1016 2033 Post-

223 2062 255 2081 ea
281 2061 346 2081 vero
370 2061 451 2089 quam
475 2053 537 2080 vitae
559 2052 638 2080 nobis
663 2052 792 2088 mysteria
823 2053 1014 2087 pradicasset‘,

223 2100 337 2135 justitia:
354 2099 382 2127 in
398 2099 503 2134 agendo
527 2099 648 2126 cultores
670 2098 821 2132 discipulos
847 2099 991 2126 constituit
1007 2109 1013 2126 :

227 2153 258 2172 ac
272 2151 328 2172 tum
342 2153 391 2180 per
408 2152 479 2175 sese.
493 2149 550 2171 tum
567 2151 615 2178 per
631 2143 692 2170 illos
708 2143 856 2170 humanum
871 2151 958 2178 genus
974 2144 1016 2170 di-

225 2191 346 2226 sciplinae
363 2198 419 2218 suze
435 2190 610 2217 documentis
624 2188 734 2216 erudiit.
755 2188 848 2224 Neque
862 2193 952 2216 tamen
969 2194 1016 2216 aut

1064 1593 1117 1620 υίο).
1138 1593 1208 1620 κατὰ
1228 1593 1354 1628 διαδοχὴν
1375 1593 1525 1628 βιώσαντες
1541 1592 1586 1619 τοῦ
1613 1592 1670 1627 βίου
1687 1591 1852 1623 ἐπαύσαντο,

1065 1640 1242 1676 εὑρεθήσεται
1268 1640 1370 1675 Κύριος
1396 1641 1410 1666 ὁ
1433 1639 1487 1666 ἀπὸ
1509 1640 1618 1674 Μαρίας
1636 1638 1776 1674 γεννηθεὶς
1803 1639 1853 1674 τῆς

1065 1686 1262 1722 ἀειπαροένου,
1283 1686 1433 1720 εὐδοκήσας
1455 1686 1502 1712 ἐπὶ
1518 1686 1574 1721 ζωῇ
1592 1685 1646 1712 τῶν
1663 1685 1827 1720 ἀνθρώπων,
1839 1687 1855 1712 ὁ

1064 1732 1205 1767 γεννηθεὶς
1221 1732 1355 1768 ἀχρόνως,
1371 1733 1385 1758 6
1401 1731 1438 1758 ὢν
1462 1732 1529 1767 πρὸς
1547 1732 1592 1758 τόν
1610 1733 1721 1768 Πατέρα
1735 1732 1790 1764 ἀεὶ,
1810 1733 1853 1758 ὲν-

1065 1778 1216 1810 υπόστατος
1236 1778 1302 1809 Θεὸς
1320 1779 1407 1812 Λόγος
1418 1798 1425 1810 ,
1443 1778 1527 1805 ἐλθὼν
1551 1778 1579 1804 δὲ
1603 1779 1647 1804 ἐπ’
1665 1778 1776 1814 ἐσχάτου
1800 1778 1854 1804 τῶν

1065 1824 1192 1861 ἡμερῶν,
1222 1825 1270 1851 καὶ
1297 1826 1337 1857 εἰς
1366 1824 1461 1851 ἑαυτὸν
1486 1825 1514 1851 δὲ
1547 1824 1774 1860 ἀναπλασάμενος
1800 1826 1855 1852 ἀπὸ

1067 1871 1171 1906 μήτρας
1191 1870 1362 1906 παρθενικῆς
1389 1870 1489 1907 σάρκα,
1503 1871 1550 1897 καὶ
1572 1871 1661 1906 ψυχὴν
1682 1872 1732 1906 τὴν
1747 1871 1854 1908 ἀνθρω-

1065 1918 1145 1943 πείαν
1162 1916 1291 1952 εἰληφὼς,
1309 1916 1396 1948 οὕτως
1412 1917 1606 1953 ὲνηνθρώπησε
1621 1917 1788 1948 τελειότατα,
1803 1926 1854 1952 κη-

1067 1963 1149 1999 ρύξας
1165 1965 1230 1999 ἡμῖν
1245 1963 1318 1999 ζωῆς
1333 1964 1367 1990 τὰ
1384 1965 1532 2000 μυστήρια,
1547 1964 1720 1999 δικαιοσύνης
1729 1973 1759 1991 τε
1773 1965 1856 2000 ἐργά-

1065 2019 1114 2043 τας
1130 2011 1194 2042 τοὺς
1208 2010 1290 2037 αὑτοῦ
1306 2010 1429 2046 μαθητὰς
1446 2011 1633 2045 καταστήσας,
1647 2010 1694 2037 καὶ
1709 2010 1759 2046 τὴν
1772 2009 1855 2036 αὑτοῦ

1065 2056 1240 2083 διδασκαλίαν
1263 2056 1296 2083 δι’
1317 2057 1412 2083 ἑαυτοῦ
1431 2065 1461 2083 τε
1478 2057 1523 2083 καὶ
1540 2057 1573 2083 δι’
1596 2057 1685 2083 αὐτῶν
1707 2056 1855 2087 παιδεύσας

1065 2103 1096 2128 τὸ
1112 2103 1189 2136 γένος
1207 2103 1261 2129 τῶν
1275 2102 1444 2139 ἀνθρώπων;
1457 2103 1488 2129 οὐ
1506 2103 1541 2129 τὰ
1558 2103 1613 2129 τῶν
1630 2102 1770 2138 Σηθιανῶν
1787 2103 1856 2129 ἀπο-

1066 2148 1188 2183 καλύψας
1199 2168 1206 2180 ,
1226 2149 1286 2175 οὐδὲ
1303 2148 1357 2184 Σὴο
1376 2149 1472 2175 ἑαυτὸν
1496 2149 1648 2184 ὀνομάσας·
1663 2148 1700 2180 ὡς
1715 2145 1789 2175 οὗτοι
1803 2148 1854 2184 λη-

1069 2194 1187 2229 ροῦντες.
1207 2195 1254 2220 καὶ
1276 2194 1346 2229 μέθῃ
1363 2194 1418 2220 τινὶ
1437 2194 1625 2230 συνεχόμενοι,
1646 2193 1701 2220 ἀπὸ
1719 2194 1768 2229 τῆς
1786 2193 1855 2229 ἁλη-

226 2236 419 2264 Sethianorum
441 2236 487 2262 illa
513 2235 640 2271 dogmata
664 2235 788 2267 tradidit,
816 2241 863 2262 aut
889 2236 942 2263 sihi
963 2236 1004 2270 ips

1068 2240 1142 2272 θείας
1155 2240 1360 2267 ὲκπεπτώκασι.

227 2283 303 2311 Sethi
318 2291 417 2310 nomen
431 2282 560 2317 imposuit
574 2291 580 2309 :
597 2282 623 2308 id
636 2281 709 2316 quod
725 2282 828 2309 strenui
845 2282 882 2308 illi
899 2287 1014 2317 nugato-

226 2336 281 2360 res.
302 2336 333 2355 ac
350 2329 424 2356 velut
440 2328 509 2354 ebrii
524 2328 733 2355 mendacissilne
749 2327 908 2362 praedicant.

263 2373 362 2400 Verum
377 2380 439 2399 cum
455 2372 536 2399 hodie
549 2379 683 2399 summam
700 2372 733 2398 ad
751 2372 913 2406 paucitatem
930 2371 1016 2398 luere-

228 2419 267 2447 sis
281 2419 334 2446 ista
350 2418 460 2445 redacta
480 2418 526 2450 sit,
542 2425 597 2444 non
620 2425 733 2444 necesse
747 2416 830 2444 habui
847 2417 966 2444 uberiori
982 2417 1016 2443 il-

227 2465 280 2492 lam
299 2465 423 2492 oratione
446 2465 586 2496 refellere;
613 2463 781 2498 proindeque
802 2471 863 2497 qua:
882 2463 1015 2490 hactenus

228 2516 292 2540 sunt
304 2510 376 2538 dicta
388 2510 532 2538 suﬁieiant.
549 2509 703 2537 Praesertim
714 2509 787 2544 quod
800 2509 907 2537 illorum
922 2517 1015 2536 amen-

226 2561 265 2586 tia
281 2558 430 2593 expugnari
445 2556 524 2584 facile
539 2561 640 2592 potest,
655 2564 738 2591 seque
755 2556 824 2583 adeo
845 2556 931 2591 ipsam
948 2564 1015 2584 con-

227 2606 312 2633 vincit
337 2611 368 2631 ac
395 2603 495 2638 delegit
511 2612 517 2629 :
536 2610 590 2630 non
615 2603 703 2630 solum
725 2602 798 2637 quod
823 2602 856 2629 ad
881 2603 1015 2631 educendi

226 2650 329 2678 Christi
348 2650 480 2677 rationem
498 2649 594 2676 attinet
617 2648 859 2684 nlcnissimamque
879 2648 951 2676 illam
966 2657 1014 2676 ca-

265 2743 272 2758 ¹
294 2741 364 2769 Psal.
384 2750 426 2773 xc.
446 2742 486 2769 Η.

1099 2373 1139 2399 Τὰ
1161 2378 1190 2400 οε
1209 2383 1256 2400 νυν
1274 2377 1414 2410 συντόμως
1437 2375 1492 2410 (55)
1519 2375 1602 2411 οὔσης
1627 2375 1678 2410 τῆς
1701 2375 1853 2410 αἱρέσεως,

1064 2419 1114 2446 οὐκ
1130 2420 1265 2455 ἑνδεηοεὶς
1290 2421 1444 2448 ἐπεκτεῖναι
1471 2421 1517 2448 τὸν
1541 2423 1601 2449 κατ’
1621 2422 1707 2456 αὐτῆς
1725 2421 1854 2456 ἔλεγχον,

1064 2466 1201 2502 ἀρκοῦμαι
1233 2469 1290 2499 τοῖς
1319 2468 1437 2504 παροῦσι
1466 2469 1566 2504 μόνοις.
1588 2467 1730 2504 Εὕτρωτος
1754 2467 1809 2503 γὰρ
1837 2468 1854 2502 ἡ

1063 2512 1166 2539 τούτων
1183 2513 1271 2546 ἄνοια,
1292 2515 1340 2541 καὶ
1357 2515 1456 2551 ἑαυτὴν
1470 2514 1606 2550 δυναμένη
1630 2523 1658 2540 τε
1678 2513 1784 2548 ἐλέγξαι
1808 2514 1855 2540 καὶ

1064 2559 1206 2594 φωρᾶσαι·
1229 2560 1260 2586 οὺ
1278 2560 1359 2595 μόνον
1376 2561 1440 2597 περὶ
1463 2561 1512 2595 τῆς
1529 2560 1575 2587 τοῦ
1590 2559 1710 2596 Χριστοῦ
1732 2560 1855 2595 ἀγωγῆς,

1064 2604 1113 2631 καὶ
1130 2607 1405 2642 σεσυκοφαντημένης
1423 2606 1594 2638 διδασκαλίας
1611 2605 1657 2633 τοῦ
1670 2606 1716 2632 τὸν
1736 2605 1790 2641 Σὴθ
1808 2605 1856 2632 αὺ-

1064 2650 1109 2677 τὸν
1124 2651 1245 2686 νομίζειν
1263 2661 1293 2678 τε
1311 2652 1358 2679 καὶ
1382 2651 1603 2679 διαϐεϐαιοῦσθαι
1619 2649 1700 2685 εἶναι,
1721 2650 1789 2678 ἀλλά
1809 2650 1856 2678 καὶ

263 2822 320 2857 (55)
344 2822 381 2849 Τὰ
399 2821 432 2849 δὲ
444 2821 503 2849 νῦν
520 2823 686 2857 συντόμως.
707 2821 808 2850 Decsse
823 2820 962 2856 quidpiam
982 2827 1008 2847 at

1060 2818 1116 2854 ijns
1134 2817 1186 2846 loci
1202 2818 1388 2854 integritatem
1408 2816 1544 2852 suspicor,
