1952 3045
116 116 174 144 677
462 114 646 143 ADVERSUS
663 114 834 143 HERESES
853 114 918 142 LIB.
934 114 955 142 1.

976 115 1058 144 ΤΟΜ.
1080 115 1161 143 Ill.——
1173 115 1313 144 HERES.
1331 116 1386 145 XL.
1703 126 1757 154 678

117 175 164 206 εἰς
181 180 231 210 την
251 174 316 210 περὶ
332 173 387 200 τῶν
411 173 457 200 δυο
480 173 633 209 ἀνθρώπων
651 172 791 200 ὑπόθεσιν.
813 174 845 200 Εἰ
866 175 916 210 γὰρ

973 175 1083 202 lumnia:
1095 175 1261 207 doctrinam,
1276 182 1330 209 qua
1345 174 1460 203 Sethum
1476 177 1602 204 eumdem
1624 184 1686 204 esse
1737 186 1764 204 m

119 222 152 247 αἱ
179 221 310 256 δυνάμεις
333 220 436 247 ἄνωθεν
463 220 597 255 ἐσχήκασι
619 220 669 254 τὴν
689 219 793 255 ἀρχὴν,
811 219 861 246 οὑκ
885 219 918 245 ἂν

119 269 190 294 ἄνευ
201 267 253 302 τῆς
271 267 344 299 mag,
355 267 431 302 ἣν.δὴ
443 266 489 293 καὶ
504 266 620 302 Μητέρα
633 267 767 301 φάσκουσι
780 267 834 293 τῶν
850 267 918 294 ὅλων

120 311 205 343 εἶναι,
225 311 334 346 ἐγένετό
345 321 375 339 τε
393 312 440 339 καὶ
456 312 581 348 ἐπράχθη
599 313 633 338 τὰ
648 313 700 339 ύπὺ
712 313 767 339 τῶν
782 313 828 340 δύο
846 322 917 348 πρα-

120 358 234 394 χθέντα.
257 358 424 394 Εὑρίσκεται
441 358 496 394 γὰρ
516 359 532 394 ἡ
551 359 600 394 μία
617 359 691 385 αἰτία
703 358 757 384 τῶν
773 359 819 385 δύο
836 358 916 386 δυνά-

123 413 210 440 μεων,
231 405 279 431 καὶ
292 404 356 430 ἄνευ
379 404 464 439 αὐτῆς
484 404 567 440 μηδὲν
585 404 640 430 τῶν
662 405 814 440 γενομένων
835 413 916 439 γεγο-

121 450 210 477 νέναι.
238 450 292 477 Καὶ
312 449 533 486 ἀναδραμοῦνται
559 450 640 477 πάλιν
659 450 706 477 ἐπὶ
727 451 758 476 τὸ
776 450 918 485 ὁμολογεῖν

120 497 173 523 ἕνα
199 494 269 523 εἶναι
292 496 425 531 δεσπότην
452 496 506 523 τῶν
530 496 649 528 πάντων,
672 497 718 523 καὶ
741 496 916 532 δημιουργὸν,

120 543 172 569 καὶ
182 543 293 578 κτίστην
308 542 361 569 τῶν
376 543 456 575 ὅλων,
466 542 540 574 ἅπαξ
554 543 616 578 μιᾶς
626 542 806 578 δεικνυμένης
819 542 916 578 ἀρχῆς.

127 588 211 616 Ἀλλὰ
227 589 274 616 καὶ
293 589 358 624 περὶ
375 588 478 624 ταύτης
493 588 542 624 τῆς
561 589 694 624 αἱρέσεως
710 588 797 615 ταῦτα
814 588 919 623 φήσαν-

119 643 179 667 τες,
189 636 235 662 καὶ
245 634 470 669 ἀποκαλύψαντες
479 635 525 661 τὸν
537 635 575 661 ἰὸν
590 635 639 670 τῆς
648 634 817 670 ἑρπετώδους
827 633 917 661 αὐτῶν

121 683 157 708 ὲκ
170 682 265 716 γένους
286 682 408 709 ἀσπίδων
428 681 520 716 γονῆς,
536 681 579 716 ἐφ’
598 681 693 717 ἑτέραν
717 681 798 708 nam
818 680 916 716 ἴωμεν,

121 729 272 764 ἀγαπητοὶ,
289 730 321 764 τῇ
342 728 410 764 αὐτῇ
427 727 573 763 ἀκολουθίᾳ
593 728 641 764 τῆς
660 728 861 765 πραγματείας.

971 219 1082 247 Christo
1101 223 1245 251 statuunt,
1269 227 1302 247 ac
1324 220 1544 255 pertinacissime
1566 225 1679 249 tuentur
1696 230 1702 248 :
1718 230 1764 250 ve—

971 272 1032 292 rum
1049 265 1131 292 etiam
1147 264 1221 300 quod
1236 264 1270 291 de
1281 264 1389 293 duobus
1407 266 1462 294 illis
1485 266 1644 294 hominibus
1658 274 1765 295 asseve-

970 315 1044 338 rant.
1077 310 1145 338 Nam
1164 311 1187 338 si
1205 315 1312 338 mentes
1335 311 1396 344 illae,
1418 320 1487 347 quas
1508 312 1635 348 δυνάμεις
1653 317 1764 346 vocant,

971 357 1140 392 superiorem
1168 356 1288 392 aliquam
1305 357 1438 390 originem
1460 363 1624 393 agnoscunt,
1639 358 1764 394 profecto

969 411 1030 438 qua:
1047 411 1062 430 a
1078 403 1186 431 duabus
1204 407 1269 430 sunt
1285 407 1371 439 gesta,
1390 411 1444 432 non
1462 404 1522 432 sine
1544 405 1627 432 unius
1650 405 1762 438 auxilio,

970 458 1051 486 quam
1067 450 1188 477 omnium
1206 454 1321 477 matrem
1343 457 1404 477 esse
1425 450 1570 485 definiunt,
1590 451 1647 478 ﬁeri
1682 451 1761 486 perfia

969 497 1049 531 eique
1065 500 1223 532 potuerunt.
1251 496 1292 524 Ab
1315 504 1369 523 una
1387 497 1488 531 quippe
1508 504 1591 524 causa
1609 496 1695 524 ambae
1711 497 1765 525 illae

970 545 1076 570 mentes
1093 541 1223 577 profecta:
1238 546 1313 574 sunt,
1331 543 1390 570 sine
1404 550 1458 577 qua
1471 542 1540 569 nihil
1557 543 1669 570 omnino
1682 551 1715 570 ex
1729 543 1764 571 iis

970 596 1030 623 qua:
1047 591 1111 615 sunt
1135 587 1249 622 produci
1265 588 1364 622 potuit.
1393 587 1432 614 lta
1452 587 1561 615 tandem
1579 595 1612 615 eo
1636 595 1764 616 necessa-

970 634 1013 661 rio
1029 638 1181 666 recurrent,
1199 641 1284 661 unum
1300 638 1330 661 ut
1347 633 1492 661 Dominum
1509 641 1602 661 rerum
1627 635 1762 666 omnium,

969 683 997 707 et
1014 683 1165 714 auctorem,
1191 687 1222 706 ac
1249 679 1419 707 conditorem
1446 679 1636 707 universorum
1664 680 1763 707 admit-

970 729 1038 756 tant,
1054 725 1101 751 ubi
1115 724 1197 752 semel
1212 724 1375 759 principium
1391 725 1503 752 unicum
1519 732 1581 752 esse
1597 725 1763 760 comproba-

122 778 182 801 tum
199 774 288 802 fuerit.
316 773 365 802 His
381 773 512 801 adversus
526 773 596 800 hanc
612 773 739 802 haeresim
755 773 914 809 disputatis,
930 779 962 799 ac
977 770 1108 806 pestifero
1128 770 1238 797 illorum
1253 770 1327 797 velut
1354 770 1481 805 aspidum
1512 777 1618 798 veneno
1632 771 1760 806 ,detecto.

122 821 158 847 ad
176 820 257 847 aliam
272 819 412 855 deinceps,
435 827 491 856 quo
506 827 556 848 nos
578 820 696 848 instituti
720 821 813 856 operis
829 819 914 847 series
933 820 1024 849 vocat,
1041 815 1224 844 convertenda
1239 823 1336 843 rursus
1350 816 1450 844 oratio.

343 887 439 914 ΚΑΤΑ
457 887 684 914 ΑΡΧΟΝΤΙΚΩΝ
693 907 701 920 ,
932 888 954 916 Β

265 954 397 989 Εικοστὴ
410 974 418 988 ,
431 955 451 989 ἡ
466 962 515 982 και
533 954 774 989 τεσσαρακοστή-

158 1009 199 1037 Δ’.
213 1010 395 1046 ’Δρχοντικῶν
408 1020 450 1042 τις
463 1011 568 1047 αἵρεσις
578 1012 682 1043 τούτοις
695 1012 791 1039 ἕπεται
801 1019 808 1026 ·
823 1012 873 1038 οὐκ
887 1013 916 1039 ἐν

125 1056 234 1087 πολλοῖς
247 1056 275 1082 δὲ
292 1056 385 1088 τόποις
403 1055 472 1091 αὕτη
490 1056 625 1091 φαίνεται⁷
646 1057 663 1092 ἢ
679 1057 757 1092 μόνον
770 1058 799 1084 ὲν
814 1058 847 1092 τῇ
859 1058 916 1084 Πα-

124 1102 267 1130 λαιστίνων
290 1103 421 1139 ἐπαρχίᾳ.
445 1104 621 1139 Μετήνεγκαν
645 1103 673 1130 δὲ
698 1103 744 1129 τὺν
771 1103 860 1130 αὐτῶν
878 1103 916 1130 ἱὸν

123 1149 176 1184 ἤδη
193 1157 244 1175 που
259 1148 305 1175 καὶ
319 1150 358 1180 εἰς
380 1150 430 1185 τὴν
449 1150 571 1186 μεγάλην
593 1149 748 1185 Ἀρμενίαν.
771 1149 851 1176 Ἀλλὰ
870 1150 916 1176 καί¹

124 1197 154 1222 ὲν
167 1195 200 1230 τῆ
220 1196 306 1231 μικρᾷ
327 1196 455 1232 Ἀρμενίᾳ
471 1195 550 1222 τοῦτο
560 1195 590 1222 τὸ
609 1195 728 1227 ζιζάνιον
744 1196 793 1231 ἤδη
813 1196 917 1232 ἔσπαρ-

123 1249 169 1267 ται
184 1241 237 1267 ὑπὸ
252 1241 349 1276 ἀνδρὸς
363 1249 434 1272 τινος
450 1241 670 1277 ἐπιδημήσαντος
680 1243 713 1277 τῇ
730 1241 916 1268 Παλαιστίνων

124 1289 160 1322 γῇ
175 1286 229 1313 ἀπὸ
247 1287 391 1323 Ἀρμενίας
408 1288 436 1314 ἐν
451 1288 557 1323 χρόνοις
574 1288 773 1320 Κωνσταντίου,
789 1288 853 1322 περὶ
865 1287 916 1322 τὴν

125 1333 209 1360 αὑτοῦ
226 1333 363 1369 τελευτὴν,
381 1334 521 1360 Εύτάκτου
537 1334 647 1369 ὀνόματι
658 1353 664 1365 ,
685 1334 783 1369 μᾶλλον
804 1334 832 1360 δὲ
850 1334 916 1361 ἀτά-

125 1387 190 1405 κτου
204 1379 249 1405 τὸν
267 1379 378 1414 τρόπον,
392 1378 439 1405 καὶ
456 1378 587 1414 μαθόντος
602 1378 651 1414 τὴν
670 1378 914 1405 κακοδιδασκαλίαν

123 1425 237 1460 ταύτην,
252 1422 311 1451 εἶτα
328 1425 519 1457 ἐπανελθόντος
531 1425 571 1456 είς
588 1425 622 1451 τὰ
634 1425 720 1452 οἰκεῖα
735 1425 781 1451 καὶ
795 1424 917 1458 διδάξαν-

125 1479 181 1502 τος.
197 1469 337 1496 Μετέλαὸε
350 1470 378 1496 δὲ
390 1490 398 1504 ,
420 1470 458 1501 ὡς
481 1470 550 1505 ἔφην
561 1490 568 1502 ,
582 1470 612 1496 ὲν
625 1470 790 1505 Παλαιστίνῃ
811 1469 916 1502 omne

125 1514 238 1546 ἀσπίδος
264 1514 302 1541 ἰὸν
325 1514 380 1541 ἀπὸ
406 1514 509 1550 Πέτρου
527 1514 599 1546 τινὸς
623 1515 750 1550 γέροντο;
765 1535 772 1547 ,
800 1514 916 1547 ἀναξίως

126 1559 230 1594 Πέτρου
250 1559 418 1594 καλουμένου
434 1579 442 1591 ,
461 1560 490 1591 ὃς
516 1559 636 1595 κατῴκει
657 1561 685 1586 ὲν
707 1561 739 1595 τῇ
757 1560 806 1595 τῆς
828 1560 918 1586 Ἐλευ-
932 1563 953 1592 c

126 1605 294 1641 θεροπόλεως
327 1606 504 1641 Ἰερουσαλὴμ
529 1606 537 1622 ¹
566 1607 680 1642 ὲνορίᾳ,
711 1606 839 1633 ἐπέκεινα
867 1606 917 1641 τῆς

127 1651 240 1687 Χεϐρὼν
252 1651 308 1687 (54)
321 1653 444 1688 σημείοις
457 1653 541 1687 τρισὶ,
552 1653 752 1688 Καὸαρόαριχὰ
760 1652 810 1688 τὴν
821 1653 898 1680 πόλιν
906 1654 917 1668 ¹

130 1695 269 1722 καλοῦσιν.
292 1692 378 1728 Οὗτος
397 1697 411 1723 ό
432 1697 520 1733 γέρων
545 1697 580 1724 τὰ
599 1697 696 1732 πρῶτα
722 1696 824 1733 ἔνδυμα
845 1696 917 1733 εἶχεν

129 1742 299 1778 ἔκπληκτον,
330 1743 498 1779 ὑποκρίσεως
524 1743 619 1778 γέμον.
647 1743 765 1777 Ἔξωθεν
793 1743 842 1778 μὲν
863 1743 917 1780 γὰρ

126 1787 234 1822 ἀληθῶς
265 1787 361 1814 κώδιον
390 1788 526 1823 προϐάτου
554 1787 708 1824 ἠμφίεστο,
735 1789 858 1824 ἠγνοεῖτο
888 1789 918 1815 δὲ

127 1833 232 1860 ἔνδοθεν
258 1833 340 1864 λύκος
368 1833 498 1869 ὑπάρχων
522 1833 623 1869 ἅρπαξ.
647 1833 840 1870 Ἀναχωρητὴς
863 1834 918 1869 γὰρ

127 1879 213 1906 ἐδόκει
227 1878 308 1910 εἶναι,
324 1880 353 1906 ὲν
374 1879 500 1914 σπηλαίῳ
515 1879 569 1905 τινί
584 1879 774 1914 καθεξόμενος.
790 1879 838 1911 Ὃς
853 1879 918 1906 πολ-

127 1925 190 1957 λοὺς
201 1924 281 1961 δῆθεν
295 1925 448 1960 συνήγαγεν
460 1926 500 1957 είς
514 1924 645 1957 ἀπόταξιν
655 1934 661 1940 ·
674 1925 722 1952 καὶ
734 1925 825 1962 πατὴρ
837 1925 919 1961 δῆθεν

128 1972 174 1999 διά
188 1981 219 1998 τε
232 1972 263 1998 τὸ
281 1971 370 2007 γῆρας
388 1971 435 1997 καὶ
452 1971 482 1998 τὺ
503 1971 595 2007 σχῆμα
617 1972 757 1997 ἐκαλεῖτο·
772 1972 807 1998 τά
821 1980 850 1998 τε
866 1972 918 1998 αὐ-

128 2018 175 2045 τοῦ
198 2018 356 2053 ὑπάρχοντα
377 2019 496 2052 πτωχοῖς
515 2017 645 2052 διένειμε,
663 2017 709 2044 καὶ
733 2016 794 2043 καθ’
811 2017 918 2052 ἡμέραν

130 2063 314 2098 ἐλεημοσύνας
329 2063 425 2089 ἐποίει.
445 2064 489 2089 Ἐν
505 2062 533 2088 δὲ
551 2064 584 2098 τῇ
600 2062 696 2099 πρώτῃ
722 2063 813 2098 ἡλικίᾳ.
834 2062 916 2089 αὑτοῦ

130 2111 158 2136 ὲν
175 2109 288 2140 πολλαῖς
302 2108 438 2144 αἱρέσεσιν
454 2106 600 2143 ἐξητάσθη.
623 2108 682 2134 Ἐπὶ
703 2107 807 2134 Ἀετίου
822 2108 851 2134 δὲ
869 2108 917 2135 τοῦ

129 2154 278 2182 ἐπισκόπου
294 2152 503 2189 κατηγορηθεὶς,
518 2151 564 2178 καὶ
580 2152 718 2187 ἐλεγχθεὶς
730 2152 790 2178 τότε
801 2153 849 2188 τὴν
864 2152 918 2179 τῶν

130 2200 149 2225 Γ
150 2199 288 2226 νωστικῶν
309 2198 408 2234 μετιὼν
425 2198 539 2233 αἵρεσιν,
557 2198 696 2234 καθῃρέθη
714 2198 769 2224 ἀπὸ
787 2198 834 2224 τοῦ
851 2207 917 2234 πρε-

131 2245 282 2280 σϐυτερίου.
295 2242 349 2271 Ἦν
368 2244 422 2280 γὰρ
442 2243 621 2275 κατασταθείς
643 2252 710 2270 ποτε
732 2244 917 2280 πρεσϐύτερος
933 2237 955 2264 D

129 2291 176 2318 τοῦ
192 2291 243 2326 (τε)
258 2291 352 2317 τόπου.

163 2335 241 2363 Μετὰ
269 2335 297 2362 δὲ
321 2335 366 2362 τὸν
389 2334 500 2369 ἔλεγχον
523 2334 576 2361 ὑπὸ
590 2334 695 2361 Ἀετίου
720 2335 846 2370 ἐδιώχθη,
871 2335 919 2361 καὶ

130 2382 254 2409 ἀπελθὼν
267 2381 427 2416 κατῴκησεν
444 2382 473 2407 ὲν
487 2382 519 2416 τῇ
538 2380 653 2416 ’Λραόίᾳ
669 2382 698 2407 ὲν
711 2381 842 2416 Κωχάϐῃ,
855 2381 919 2408 ἔνθα

129 2430 157 2455 αί
175 2427 230 2454 τῶν
244 2427 409 2454 Ἐὃιωναίων
432 2435 462 2453 τε
483 2428 530 2453 καὶ
550 2426 720 2462 Ναζωραίων
740 2427 814 2463 ῥίζαι
835 2427 917 2462 ἐνήρ-

130 2474 219 2508 ξαντο,
234 2473 272 2505 ὡς
291 2473 338 2500 καὶ
356 2474 384 2499 ὲν
403 2473 514 2505 πολλαῖς
539 2473 662 2508 αἱρέσεσι
680 2473 743 2508 περὶ
764 2473 811 2500 τοῦ
833 2474 917 2500 τόπου

129 2520 223 2547 τούτου
236 2521 371 2556 ὲσήμανα.
385 2519 518 2555 Ὕστερον
531 2519 568 2550 δὲ,
582 2519 619 2551 ὡς
635 2518 829 2555 σωφρονισθείς
850 2519 919 2554 πρὸς

128 2567 159 2593 τὸ
173 2566 272 2602 γῆρας,
291 2565 372 2592 πάλιν
387 2565 522 2600 ἐπανῆλθε
538 2564 629 2600 φέρων
646 2564 734 2600 ἐαυτῷ
753 2565 854 2601 ταύτην
870 2565 919 2601 τὴν

131 2612 247 2639 ιοῦολίαν
264 2611 393 2648 κρύϐδην.
410 2611 466 2638 Καὶ
475 2610 550 2646 παρὰ
564 2611 646 2637 πᾶσιν
659 2611 852 2646 ἀγνοούμενος,
866 2611 919 2644 ἕως

129 2659 173 2686 ὅτε
197 2659 237 2690 εἰς
262 2658 385 2693 ἔσχατον,
407 2657 454 2691 ἀφ’
477 2654 515 2685 ὧν
537 2657 576 2689 είς
593 2654 651 2684 ὦτά
675 2666 756 2684 τινων
780 2657 920 2693 ἐψιθύρισε

166 2748 174 2763 ¹
189 2746 219 2773 F.
233 2755 281 2774 και
299 2747 412 2782 Ίερουσ.
451 2747 460 2762 ⁸
480 2746 540 2775 Vel.
555 2747 603 2774 καὶ
618 2745 776 2782 Μρὸαριχὰ
788 2746 838 2782 τὴν
851 2746 958 2783 κώμην.

1080 883 1159 918 291
1182 882 1369 911 ADVERSUS
1391 883 1647 919 ARCHONTlCOS,

1139 950 1206 984 Qum
1223 955 1262 978 est
1277 951 1385 979 heresis
1401 950 1455 978 XX
1474 952 1514 980 vel
1535 952 1594 980 XL.

1002 1005 1023 1033 Ι,
1045 1005 1175 1033 Proxima
1189 1006 1254 1034 huic
1266 1012 1309 1034 est
1317 1006 1548 1035 Archonticorum
1564 1009 1686 1042 hmresis,
1698 1017 1760 1045 qua:

968 1055 1060 1079 tamen
1084 1051 1157 1079 haud
1182 1052 1321 1087 plerisque
1342 1057 1421 1080 extra
1446 1053 1621 1082 Palmstinam
1643 1055 1670 1082 in
1693 1055 1762 1084 locis

967 1097 1099 1125 cernitur.
1117 1097 1279 1133 Quanquam
1295 1098 1371 1127 virus
1388 1107 1469 1126 suum
1484 1099 1512 1127 in
1525 1100 1657 1134 majorem
1677 1102 1759 1129 etiam

967 1143 1125 1170 Armeniam
1149 1143 1327 1171 diffuderunt.
1346 1143 1402 1171 lmo
1415 1149 1442 1171 et
1464 1145 1492 1171 in
1513 1145 1642 1172 Armenia
1656 1146 1763 1174 minore

969 1188 1064 1215 lolium
1081 1188 1152 1216 istud
1164 1194 1239 1216 certo
1253 1189 1288 1216 ab
1303 1189 1414 1217 homine
1424 1189 1632 1218 disseminatum
1647 1196 1700 1225 est,
1715 1194 1762 1227 qui

968 1234 1049 1269 paulo
1065 1239 1128 1261 ante
1143 1233 1297 1262 Constantii
1313 1234 1485 1270 imperatoris
1498 1236 1602 1264 obitum
1617 1245 1651 1264 ex
1667 1239 1762 1266 Arme-

967 1281 1013 1307 nia
1027 1280 1055 1307 in
1072 1279 1245 1308 Palaestinam
1268 1279 1407 1315 profectus
1422 1285 1475 1314 est,
1492 1281 1624 1310 Entactus
1639 1284 1761 1317 nomine,

968 1327 1025 1354 sive
1048 1326 1162 1354 Atactus
1185 1327 1286 1361 potius,
1300 1327 1356 1365 hoc
1373 1332 1415 1355 est
1428 1329 1550 1356 moribus
1572 1330 1760 1363 perturbatus.

967 1372 1019 1405 Qui
1040 1379 1102 1399 cum
1122 1372 1217 1400 infelix
1231 1373 1296 1399 illud
1325 1373 1424 1408 dogma
1449 1374 1640 1407 combibisset,
1666 1376 1695 1402 in
1715 1384 1764 1411 pa-

967 1418 1047 1444 triam
1078 1425 1206 1445 reversus
1235 1417 1356 1452 proﬁteri
1393 1419 1477 1453 coepit
1506 1420 1579 1454 quod
1616 1420 1760 1449 didicerat-

967 1462 1110 1498 Ejusmodi
1133 1471 1215 1498 porro
1232 1464 1305 1490 velut
1327 1464 1360 1491 ab
1377 1464 1472 1499 aspide
1490 1473 1634 1498 venenum,
1661 1474 1676 1493 a
1696 1474 1762 1494 sene

967 1509 1086 1544 quodam
1109 1509 1248 1542 hauserat,
1268 1511 1378 1537 nomine
1401 1510 1493 1543 Petro,
1510 1511 1564 1538 sed'
1580 1511 1694 1539 minime
1709 1512 1761 1539 hac

969 1555 1150 1591 appellatione
1166 1555 1250 1591 digno
1267 1565 1273 1582 :
1297 1556 1343 1591 qui
1360 1556 1388 1583 in
1404 1556 1632 1592 Eleutheropolis.
1651 1561 1677 1585 et
1694 1556 1760 1585 llic-

968 1602 1170 1637 rosolymorum
1184 1601 1448 1637 ﬁnibus_habltabat,
1474 1603 1556 1630 tertio
1580 1604 1615 1630 ab
1635 1603 1763 1632 llebrone

968 1647 1068 1682 lapide,
1084 1646 1183 1682 oppido
1198 1647 1271 1682 quod
1291 1646 1493 1675 Cabarbaricha
1514 1648 1669 1676 nominant.
1692 1649 1762 1677 Huic

968 1700 1050 1727 porro
1064 1693 1121 1720 seni
1140 1693 1257 1720 vestitus
1274 1697 1333 1720 erat
1353 1693 1433 1721 initio
1455 1694 1604 1728 asperitate
1621 1695 1680 1729 ipsa
1696 1695 1762 1723 hor-

968 1739 1069 1772 ribilis,
1090 1743 1118 1766 et
1133 1738 1167 1766 ad
1190 1740 1392 1768 simulationem
1406 1740 1551 1769 aﬂ'ectatus
1568 1750 1574 1768 :
1592 1749 1624 1769 ac
1637 1750 1698 1770 cum
1713 1751 1761 1771 ex-

968 1785 1108 1813 trinsecus
1123 1785 1183 1812 ovis
1203 1785 1273 1820 pelle
1288 1790 1360 1813 esset
1373 1785 1497 1819 indutus,
1517 1787 1598 1822 lupus
1616 1793 1675 1815 erat
1687 1788 1762 1817 intus

969 1832 1166 1867 rapacissimus
1186 1836 1213 1858 et
1230 1832 1365 1860 occultus.
1385 1832 1558 1860 Anaehoreta
1574 1835 1676 1870 quippe
1698 1843 1761 1864 esse

967 1878 1112 1905 videbatur
1127 1878 1153 1905 in
1170 1878 1301 1913 spelunca
1326 1878 1438 1914 degens.
1455 1879 1507 1912 Qui
1528 1880 1638 1915 quidem
1656 1881 1760 1916 pleros-

968 1932 1023 1959 que
1038 1925 1174 1952 abdicatis
1189 1925 1309 1952 fortunis
1333 1926 1462 1954 omnibus
1479 1927 1512 1954 ad
1531 1935 1592 1955 sese
1613 1930 1759 1963 pertraxit,

968 1969 1103 2005 Paterque
1125 1970 1205 2005 vulgo
1222 1977 1284 1997 cum
1309 1970 1346 1997 ob
1361 1974 1478 2004 aetatem,
1499 1975 1556 1998 tum
1578 1973 1614 2000 ob
1635 1973 1760 2001 habitum

969 2015 1058 2050 ipsum
1074 2014 1206 2049 appellari
1224 2015 1338 2042 solebat.
1359 2015 1429 2042 Idem
1447 2016 1580 2052 quidquid
1594 2018 1711 2046 habebat
1730 2020 1759 2047 in

968 2070 1068 2097 egenos
1079 2062 1256 2093 distribuere,
1268 2069 1300 2089 ac
1320 2063 1442 2097 quotidie
1454 2064 1552 2099 stipem
1568 2072 1691 2101 erogare.
1705 2066 1759 2095 Sed

969 2108 1003 2135 ab
1026 2108 1138 2135 ineunte
1163 2111 1242 2134 mtate
1265 2107 1348 2135 variis
1374 2116 1404 2136 se
1428 2108 1580 2138 haeresibus
1605 2111 1758 2140 addixerat.

968 2153 1066 2182 Postea
1090 2154 1123 2181 ad
1140 2154 1248 2181 Aetium
1270 2155 1431 2189 episcopum
1458 2155 1576 2190 delatus,
1601 2164 1633 2184 ac
1649 2157 1760 2186 Guosti-

969 2207 1063 2227 corum
1081 2200 1194 2227 haeresis
1210 2200 1363 2233 convictus,
1377 2208 1391 2227 a
1405 2201 1558 2228 sacerdotio
1567 2206 1760 2231 exauctoratus

969 2250 1022 2273 est.
1051 2245 1126 2274 Illius
1156 2247 1258 2282 quippe
1278 2245 1331 2272 loci
1357 2251 1467 2274 creatus
1494 2247 1557 2274 olim
1589 2247 1678 2275 fuerat
1698 2257 1760 2284 pre—

969 2291 1071 2327 sbyter.

1004 2337 1198 2373 Deprehensus
1225 2338 1328 2373 itaque,
1349 2342 1376 2366 et
1400 2339 1434 2366 ab
1452 2339 1529 2366 Aetio
1541 2339 1648 2374 pulsus,
1664 2340 1692 2368 in
1706 2340 1760 2368 Co~

968 2382 1073 2410 chabcn
1096 2383 1203 2410 Arabia:
1223 2384 1351 2419 oppidum
1375 2384 1514 2420 profectus
1525 2389 1567 2414 est
1585 2395 1592 2413 :
1611 2386 1656 2414 ubi
1677 2387 1761 2414 Ebin-

967 2436 1088 2456 natorum
1112 2437 1145 2457 ac
1169 2429 1362 2458 Nazoraeorum
1389 2431 1495 2459 semina
1513 2432 1648 2467 pullulare
1668 2441 1755 2469 cmpe-

970 2479 1042 2508 rant,
1059 2479 1090 2503 ut
1106 2476 1133 2503 in
1151 2476 1244 2504 multis
1260 2477 1411 2506 refutandis
1437 2478 1588 2507 haeresibus
1605 2484 1684 2508 antea
1701 2488 1747 2508 mn

968 2521 1090 2549 nuimus.
1100 2521 1244 2550 Postremo
1254 2523 1329 2550 velut
1340 2525 1428 2552 aetatis
1440 2525 1597 2553 maturitate
1608 2526 1755 2561 sapientiox

968 2567 1069 2600 factus,
1085 2569 1255 2603 postliminio
1277 2570 1369 2604 rediit,
1394 2571 1517 2598 abditum
1539 2571 1606 2599 illud
1630 2572 1706 2599 virus
1731 2572 1759 2600 in

968 2618 1079 2650 pectore
1099 2615 1199 2648 ferens,
1214 2620 1242 2644 et
1256 2616 1366 2652 ignotus
1378 2617 1520 2650 omnibus,
1540 2617 1628 2645 donec
1649 2617 1758 2645 tandem

969 2660 1109 2688 nonnullis
1126 2668 1142 2688 e
1156 2662 1341 2697 sermonibus,
1365 2671 1435 2699 quos
1454 2663 1482 2691 in
1503 2663 1657 2698 aliquorum
1676 2669 1760 2691 aures

165 2826 221 2859 (δι)
244 2825 400 2854 Ἐπέκεινα
416 2825 472 2861 τῆς
485 2826 613 2861 Χεϐρών.
623 2827 748 2856 Chebron
761 2827 916 2863 Eleutherol

970 2835 979 2857 s
997 2827 1078 2864 vulgo
1089 2833 1151 2856 esse
1161 2826 1294 2857 creditur.
