  <div class='ocr_page' id='page_1' title='image "/cluster/home/n/w/nwhite01/storage/ocr_20150623/41/njp.32101007805813/365.png"; bbox 0 0 1952 3045; ppageno 0'>
   <div class='ocr_carea' id='block_1_1' title="bbox 190 135 242 164">
    <p class='ocr_par' dir='ltr' id='par_1_1' title="bbox 190 135 242 164">
     <span class='ocr_line' id='line_1_1' title="bbox 190 135 242 164; baseline 0.019 -2"><span class='ocrx_word' id='word_1_1' title='bbox 190 135 242 164; x_wconf 83' lang='lat'><strong>679</strong></span> 
     </span>
    </p>
   </div>
   <div class='ocr_carea' id='block_1_2' title="bbox 895 132 1113 161">
    <p class='ocr_par' dir='ltr' id='par_1_2' title="bbox 895 132 1113 161">
     <span class='ocr_line' id='line_1_2' title="bbox 895 132 1113 161; baseline 0 -1"><span class='ocrx_word' id='word_1_2' title='bbox 895 134 922 161; x_wconf 91' lang='lat' dir='ltr'><strong>S.</strong></span> <span class='ocrx_word' id='word_1_3' title='bbox 944 132 1113 160; x_wconf 80' lang='lat' dir='ltr'><strong>EPIPHANII</strong></span> 
     </span>
    </p>
   </div>
   <div class='ocr_carea' id='block_1_3' title="bbox 1769 132 1827 160">
    <p class='ocr_par' dir='ltr' id='par_1_3' title="bbox 1769 132 1827 160">
     <span class='ocr_line' id='line_1_3' title="bbox 1769 132 1827 160; baseline -0.017 0"><span class='ocrx_word' id='word_1_4' title='bbox 1769 132 1827 160; x_wconf 82' lang='lat'><strong>680</strong></span> 
     </span>
    </p>
   </div>
   <div class='ocr_carea' id='block_1_4' title="bbox 191 191 984 229">
    <p class='ocr_par' dir='ltr' id='par_1_4' title="bbox 191 193 983 229">
     <span class='ocr_line' id='line_1_4' title="bbox 191 193 983 229; baseline -0.001 -7"><span class='ocrx_word' id='word_1_5' title='bbox 191 194 396 225; x_wconf 85' lang='lat' dir='ltr'><strong>insusurrabat,</strong></span> <span class='ocrx_word' id='word_1_6' title='bbox 421 201 471 229; x_wconf 91' lang='lat' dir='ltr'><strong>pro</strong></span> <span class='ocrx_word' id='word_1_7' title='bbox 491 193 619 221; x_wconf 66' lang='lat' dir='ltr'><strong>haeretica</strong></span> <span class='ocrx_word' id='word_1_8' title='bbox 640 197 796 228; x_wconf 84' lang='lat' dir='ltr'><strong>compertus</strong></span> <span class='ocrx_word' id='word_1_9' title='bbox 813 201 827 220; x_wconf 88' lang='lat' dir='ltr'><strong>a</strong></span> <span class='ocrx_word' id='word_1_10' title='bbox 846 193 924 221; x_wconf 89' lang='lat' dir='ltr'><strong>nobis</strong></span> <span class='ocrx_word' id='word_1_11' title='bbox 935 201 983 221; x_wconf 84' lang='lat' dir='ltr'><strong>ex-</strong></span> 
     </span>
    </p>
   </div>
   <div class='ocr_carea' id='block_1_5' title="bbox 1036 191 1828 229">
    <p class='ocr_par' dir='ltr' id='par_1_5' title="bbox 1036 191 1828 229">
     <span class='ocr_line' id='line_1_5' title="bbox 1036 191 1828 229; baseline -0.004 -9"><span class='ocrx_word' id='word_1_12' title='bbox 1036 193 1175 229; x_wconf 82' lang='grc' dir='ltr'>ρημάτων,</span> <span class='ocrx_word' id='word_1_13' title='bbox 1194 191 1331 227; x_wconf 78' lang='grc' dir='ltr'><strong>ἐλεγχθεὶς</strong></span> <span class='ocrx_word' id='word_1_14' title='bbox 1351 191 1471 223; x_wconf 79' lang='grc' dir='ltr'>τοιοῦτος</span> <span class='ocrx_word' id='word_1_15' title='bbox 1491 192 1535 227; x_wconf 73' lang='grc' dir='ltr'><strong>ὑφ’</strong></span> <span class='ocrx_word' id='word_1_16' title='bbox 1559 191 1636 227; x_wconf 73' lang='grc' dir='ltr'>ἡμῶν</span> <span class='ocrx_word' id='word_1_17' title='bbox 1659 191 1828 226; x_wconf 77' lang='grc' dir='ltr'>ἀνεθεματί-</span> 
     </span>
    </p>
   </div>
   <div class='ocr_carea' id='block_1_6' title="bbox 191 239 983 274">
    <p class='ocr_par' dir='ltr' id='par_1_6' title="bbox 191 239 983 274">
     <span class='ocr_line' id='line_1_6' title="bbox 191 239 983 274; baseline -0.003 -7"><span class='ocrx_word' id='word_1_18' title='bbox 191 240 420 272; x_wconf 82' lang='lat' dir='ltr'><strong>communicatus,</strong></span> <span class='ocrx_word' id='word_1_19' title='bbox 437 243 464 267; x_wconf 91' lang='lat' dir='ltr'><strong>et</strong></span> <span class='ocrx_word' id='word_1_20' title='bbox 481 239 678 267; x_wconf 88' lang='lat' dir='ltr'><strong>mediocritatis</strong></span> <span class='ocrx_word' id='word_1_21' title='bbox 700 244 801 266; x_wconf 73' lang='lat' dir='ltr'><strong>nostra:</strong></span> <span class='ocrx_word' id='word_1_22' title='bbox 816 247 899 274; x_wconf 81' lang='lat' dir='ltr'><strong>opera</strong></span> <span class='ocrx_word' id='word_1_23' title='bbox 915 246 983 266; x_wconf 91' lang='lat' dir='ltr'><strong>con-</strong></span> 
     </span>
    </p>
   </div>
   <div class='ocr_carea' id='block_1_7' title="bbox 192 284 982 320">
    <p class='ocr_par' dir='ltr' id='par_1_7' title="bbox 192 284 982 320">
     <span class='ocr_line' id='line_1_7' title="bbox 192 284 982 320; baseline -0.003 -7"><span class='ocrx_word' id='word_1_24' title='bbox 192 287 282 314; x_wconf 85' lang='lat' dir='ltr'><strong>victus</strong></span> <span class='ocrx_word' id='word_1_25' title='bbox 296 289 346 313; x_wconf 84' lang='lat' dir='ltr'><strong>est.</strong></span> <span class='ocrx_word' id='word_1_26' title='bbox 367 285 444 313; x_wconf 82' lang='lat' dir='ltr'><strong>Unde</strong></span> <span class='ocrx_word' id='word_1_27' title='bbox 462 285 488 312; x_wconf 91' lang='lat' dir='ltr'><strong>in</strong></span> <span class='ocrx_word' id='word_1_28' title='bbox 506 286 664 320; x_wconf 85' lang='lat' dir='ltr'><strong>speluncam</strong></span> <span class='ocrx_word' id='word_1_29' title='bbox 683 285 812 320; x_wconf 84' lang='lat' dir='ltr'><strong>deinceps</strong></span> <span class='ocrx_word' id='word_1_30' title='bbox 838 284 982 316; x_wconf 75' lang='lat' dir='ltr'><strong>abscessit,</strong></span> 
     </span>
    </p>
   </div>
   <div class='ocr_carea' id='block_1_8' title="bbox 193 330 982 362">
    <p class='ocr_par' dir='ltr' id='par_1_8' title="bbox 193 330 982 362">
     <span class='ocr_line' id='line_1_8' title="bbox 193 330 982 362; baseline -0.004 -3"><span class='ocrx_word' id='word_1_31' title='bbox 193 332 314 359; x_wconf 90' lang='lat' dir='ltr'><strong>omnium</strong></span> <span class='ocrx_word' id='word_1_32' title='bbox 330 332 520 358; x_wconf 71' lang='lat' dir='ltr'><strong>exsecratione</strong></span> <span class='ocrx_word' id='word_1_33' title='bbox 534 331 690 362; x_wconf 86' lang='lat' dir='ltr'><strong>damnatus,</strong></span> <span class='ocrx_word' id='word_1_34' title='bbox 706 334 732 358; x_wconf 89' lang='lat' dir='ltr'><strong>et</strong></span> <span class='ocrx_word' id='word_1_35' title='bbox 750 336 803 357; x_wconf 88' lang='lat' dir='ltr'><strong>tam</strong></span> <span class='ocrx_word' id='word_1_36' title='bbox 820 339 834 357; x_wconf 88' lang='lat' dir='ltr'><strong>a</strong></span> <span class='ocrx_word' id='word_1_37' title='bbox 849 330 982 357; x_wconf 78' lang='lat' dir='ltr'><strong>fratribus</strong></span> 
     </span>
    </p>
   </div>
   <div class='ocr_carea' id='block_1_9' title="bbox 194 376 984 412">
    <p class='ocr_par' dir='ltr' id='par_1_9' title="bbox 194 376 984 412">
     <span class='ocr_line' id='line_1_9' title="bbox 194 376 984 412; baseline 0 -8"><span class='ocrx_word' id='word_1_38' title='bbox 194 378 351 409; x_wconf 83' lang='lat' dir='ltr'><strong>derelictus,</strong></span> <span class='ocrx_word' id='word_1_39' title='bbox 377 377 457 412; x_wconf 76' lang='lat'><strong>292</strong></span> <span class='ocrx_word' id='word_1_40' title='bbox 474 384 554 411; x_wconf 88' lang='lat' dir='ltr'><strong>quam</strong></span> <span class='ocrx_word' id='word_1_41' title='bbox 579 384 593 402; x_wconf 89' lang='lat' dir='ltr'><strong>a</strong></span> <span class='ocrx_word' id='word_1_42' title='bbox 617 377 754 411; x_wconf 83' lang='lat' dir='ltr'><strong>plerisque</strong></span> <span class='ocrx_word' id='word_1_43' title='bbox 785 384 799 402; x_wconf 92' lang='lat' dir='ltr'><strong>a</strong></span> <span class='ocrx_word' id='word_1_44' title='bbox 819 376 920 411; x_wconf 85' lang='lat' dir='ltr'><strong>quibus</strong></span> <span class='ocrx_word' id='word_1_45' title='bbox 936 384 984 404; x_wconf 87' lang='lat' dir='ltr'><strong>ne-</strong></span> 
     </span>
    </p>
   </div>
   <div class='ocr_carea' id='block_1_10' title="bbox 191 423 984 458">
    <p class='ocr_par' dir='ltr' id='par_1_10' title="bbox 191 423 984 458">
     <span class='ocr_line' id='line_1_10' title="bbox 191 423 984 458; baseline 0 -8"><span class='ocrx_word' id='word_1_46' title='bbox 191 423 313 451; x_wconf 83' lang='lat' dir='ltr'><strong>cessaria</strong></span> <span class='ocrx_word' id='word_1_47' title='bbox 331 424 394 450; x_wconf 80' lang='lat' dir='ltr'><strong>vitze</strong></span> <span class='ocrx_word' id='word_1_48' title='bbox 418 423 544 458; x_wconf 65' lang='lat' dir='ltr'><strong>praesidia</strong></span> <span class='ocrx_word' id='word_1_49' title='bbox 569 423 759 457; x_wconf 80' lang='lat' dir='ltr'><strong>suppetebant.</strong></span> <span class='ocrx_word' id='word_1_50' title='bbox 783 423 823 450; x_wconf 80' lang='lat' dir='ltr'><strong>Ad</strong></span> <span class='ocrx_word' id='word_1_51' title='bbox 842 423 914 450; x_wconf 91' lang='lat' dir='ltr'><strong>hunc</strong></span> <span class='ocrx_word' id='word_1_52' title='bbox 932 424 984 450; x_wconf 87' lang='lat' dir='ltr'><strong>ita-</strong></span> 
     </span>
    </p>
   </div>
   <div class='ocr_carea' id='block_1_11' title="bbox 191 468 984 505">
    <p class='ocr_par' dir='ltr' id='par_1_11' title="bbox 191 468 984 505">
     <span class='ocr_line' id='line_1_11' title="bbox 191 468 984 505; baseline -0.001 -8"><span class='ocrx_word' id='word_1_53' title='bbox 191 478 244 505; x_wconf 85' lang='lat' dir='ltr'><strong>que</strong></span> <span class='ocrx_word' id='word_1_54' title='bbox 259 477 351 497; x_wconf 84' lang='lat' dir='ltr'><strong>senem</strong></span> <span class='ocrx_word' id='word_1_55' title='bbox 366 469 421 501; x_wconf 88' lang='lat' dir='ltr'><strong>ille,</strong></span> <span class='ocrx_word' id='word_1_56' title='bbox 438 477 518 504; x_wconf 87' lang='lat' dir='ltr'><strong>quem</strong></span> <span class='ocrx_word' id='word_1_57' title='bbox 534 469 601 501; x_wconf 78' lang='lat' dir='ltr'><strong>dixi,</strong></span> <span class='ocrx_word' id='word_1_58' title='bbox 616 468 759 501; x_wconf 87' lang='lat' dir='ltr'><strong>Eutaclus,</strong></span> <span class='ocrx_word' id='word_1_59' title='bbox 773 468 795 495; x_wconf 92' lang='lat' dir='ltr'><strong>si</strong></span> <span class='ocrx_word' id='word_1_60' title='bbox 810 468 861 495; x_wconf 90' lang='lat' dir='ltr'><strong>hoc</strong></span> <span class='ocrx_word' id='word_1_61' title='bbox 874 469 984 496; x_wconf 90' lang='lat' dir='ltr'><strong>nomine</strong></span> 
     </span>
    </p>
   </div>
   <div class='ocr_carea' id='block_1_12' title="bbox 192 514 983 550">
    <p class='ocr_par' dir='ltr' id='par_1_12' title="bbox 192 514 983 550">
     <span class='ocr_line' id='line_1_12' title="bbox 192 514 983 550; baseline -0.001 -8"><span class='ocrx_word' id='word_1_62' title='bbox 192 516 330 543; x_wconf 88' lang='lat' dir='ltr'><strong>vocandus</strong></span> <span class='ocrx_word' id='word_1_63' title='bbox 344 518 396 548; x_wconf 82' lang='lat' dir='ltr'><strong>csl,</strong></span> <span class='ocrx_word' id='word_1_64' title='bbox 414 523 477 542; x_wconf 82' lang='lat' dir='ltr'><strong>cuin</strong></span> <span class='ocrx_word' id='word_1_65' title='bbox 502 523 532 542; x_wconf 86' lang='lat' dir='ltr'><strong>ex</strong></span> <span class='ocrx_word' id='word_1_66' title='bbox 552 514 672 550; x_wconf 61' lang='lat' dir='ltr'><strong>[Egypto</strong></span> <span class='ocrx_word' id='word_1_67' title='bbox 687 515 818 548; x_wconf 78' lang='lat' dir='ltr'><strong>venisset,</strong></span> <span class='ocrx_word' id='word_1_68' title='bbox 835 515 870 542; x_wconf 90' lang='lat' dir='ltr'><strong>ab</strong></span> <span class='ocrx_word' id='word_1_69' title='bbox 894 522 983 550; x_wconf 88' lang='lat' dir='ltr'><strong>eoque</strong></span> 
     </span>
    </p>
   </div>
   <div class='ocr_carea' id='block_1_13' title="bbox 192 561 983 597">
    <p class='ocr_par' dir='ltr' id='par_1_13' title="bbox 192 561 983 597">
     <span class='ocr_line' id='line_1_13' title="bbox 192 561 983 597; baseline -0.001 -9"><span class='ocrx_word' id='word_1_70' title='bbox 192 561 284 597; x_wconf 85' lang='lat' dir='ltr'><strong>impiis</strong></span> <span class='ocrx_word' id='word_1_71' title='bbox 309 561 481 596; x_wconf 80' lang='lat' dir='ltr'><strong>dogmatibus</strong></span> <span class='ocrx_word' id='word_1_72' title='bbox 506 566 578 588; x_wconf 80' lang='lat' dir='ltr'><strong>esset</strong></span> <span class='ocrx_word' id='word_1_73' title='bbox 605 561 738 593; x_wconf 87' lang='lat' dir='ltr'><strong>imbutus,</strong></span> <span class='ocrx_word' id='word_1_74' title='bbox 775 561 854 588; x_wconf 89' lang='lat' dir='ltr'><strong>talem</strong></span> <span class='ocrx_word' id='word_1_75' title='bbox 879 565 983 596; x_wconf 86' lang='lat' dir='ltr'><strong>pestem</strong></span> 
     </span>
    </p>
   </div>
   <div class='ocr_carea' id='block_1_14' title="bbox 193 606 982 641">
    <p class='ocr_par' dir='ltr' id='par_1_14' title="bbox 193 606 982 641">
     <span class='ocr_line' id='line_1_14' title="bbox 193 606 982 641; baseline 0 -9"><span class='ocrx_word' id='word_1_76' title='bbox 193 606 266 633; x_wconf 75' lang='lat' dir='ltr'><strong>velut</strong></span> <span class='ocrx_word' id='word_1_77' title='bbox 280 606 432 640; x_wconf 81' lang='lat' dir='ltr'><strong>exquisitas</strong></span> <span class='ocrx_word' id='word_1_78' title='bbox 451 613 556 633; x_wconf 86' lang='lat' dir='ltr'><strong>merces</strong></span> <span class='ocrx_word' id='word_1_79' title='bbox 571 613 664 633; x_wconf 88' lang='lat' dir='ltr'><strong>secum</strong></span> <span class='ocrx_word' id='word_1_80' title='bbox 682 606 708 632; x_wconf 96' lang='lat' dir='ltr'><strong>in</strong></span> <span class='ocrx_word' id='word_1_81' title='bbox 733 606 849 641; x_wconf 85' lang='lat' dir='ltr'><strong>patriam</strong></span> <span class='ocrx_word' id='word_1_82' title='bbox 869 607 982 633; x_wconf 76' lang='lat' dir='ltr'><strong>revexit.</strong></span> 
     </span>
    </p>
   </div>
   <div class='ocr_carea' id='block_1_15' title="bbox 193 652 985 685">
    <p class='ocr_par' dir='ltr' id='par_1_15' title="bbox 193 652 985 685">
     <span class='ocr_line' id='line_1_15' title="bbox 193 652 985 685; baseline 0.003 -7"><span class='ocrx_word' id='word_1_83' title='bbox 193 652 258 679; x_wconf 86' lang='lat' dir='ltr'><strong>Erat</strong></span> <span class='ocrx_word' id='word_1_84' title='bbox 273 652 340 683; x_wconf 73' lang='lat' dir='ltr'><strong>lure,</strong></span> <span class='ocrx_word' id='word_1_85' title='bbox 355 656 386 679; x_wconf 92' lang='lat' dir='ltr'><strong>ut</strong></span> <span class='ocrx_word' id='word_1_86' title='bbox 400 652 530 685; x_wconf 79' lang='lat' dir='ltr'><strong>diximus,</strong></span> <span class='ocrx_word' id='word_1_87' title='bbox 544 653 671 680; x_wconf 83' lang='lat' dir='ltr'><strong>Armenia</strong></span> <span class='ocrx_word' id='word_1_88' title='bbox 684 654 776 680; x_wconf 90' lang='lat' dir='ltr'><strong>minor</strong></span> <span class='ocrx_word' id='word_1_89' title='bbox 788 654 814 680; x_wconf 92' lang='lat' dir='ltr'><strong>in</strong></span> <span class='ocrx_word' id='word_1_90' title='bbox 831 655 920 681; x_wconf 84' lang='lat' dir='ltr'><strong>vicina</strong></span> <span class='ocrx_word' id='word_1_91' title='bbox 938 653 985 681; x_wconf 90' lang='lat' dir='ltr'><strong>Sa-</strong></span> 
     </span>
    </p>
   </div>
   <div class='ocr_carea' id='block_1_16' title="bbox 191 697 984 734">
    <p class='ocr_par' dir='ltr' id='par_1_16' title="bbox 191 697 984 734">
     <span class='ocr_line' id='line_1_16' title="bbox 191 697 984 734; baseline 0.001 -10"><span class='ocrx_word' id='word_1_92' title='bbox 191 698 253 725; x_wconf 64' lang='lat' dir='ltr'><strong>tala‘.</strong></span> <span class='ocrx_word' id='word_1_93' title='bbox 268 698 388 732; x_wconf 81' lang='lat' dir='ltr'><strong>regione.</strong></span> <span class='ocrx_word' id='word_1_94' title='bbox 411 697 471 730; x_wconf 90' lang='lat' dir='ltr'><strong>Quo</strong></span> <span class='ocrx_word' id='word_1_95' title='bbox 491 705 553 724; x_wconf 92' lang='lat' dir='ltr'><strong>cum</strong></span> <span class='ocrx_word' id='word_1_96' title='bbox 576 702 648 725; x_wconf 84' lang='lat' dir='ltr'><strong>esset</strong></span> <span class='ocrx_word' id='word_1_97' title='bbox 667 706 805 728; x_wconf 83' lang='lat' dir='ltr'><strong>reversus.</strong></span> <span class='ocrx_word' id='word_1_98' title='bbox 822 699 984 734; x_wconf 78' lang='lat' dir='ltr'><strong>contagione</strong></span> 
     </span>
    </p>
   </div>
   <div class='ocr_carea' id='block_1_17' title="bbox 191 744 984 780">
    <p class='ocr_par' dir='ltr' id='par_1_17' title="bbox 191 744 984 780">
     <span class='ocr_line' id='line_1_17' title="bbox 191 744 984 780; baseline -0.001 -8"><span class='ocrx_word' id='word_1_99' title='bbox 191 752 242 772; x_wconf 84' lang='lat' dir='ltr'><strong>sua</strong></span> <span class='ocrx_word' id='word_1_100' title='bbox 259 744 475 780; x_wconf 79' lang='lat' dir='ltr'><strong>quamplurimas</strong></span> <span class='ocrx_word' id='word_1_101' title='bbox 503 744 558 771; x_wconf 88' lang='lat' dir='ltr'><strong>illic</strong></span> <span class='ocrx_word' id='word_1_102' title='bbox 574 744 675 771; x_wconf 69' lang='lat' dir='ltr'><strong>iniecit.</strong></span> <span class='ocrx_word' id='word_1_103' title='bbox 694 744 761 771; x_wconf 82' lang='lat' dir='ltr'><strong>Nam</strong></span> <span class='ocrx_word' id='word_1_104' title='bbox 777 753 806 772; x_wconf 88' lang='lat' dir='ltr'><strong>se</strong></span> <span class='ocrx_word' id='word_1_105' title='bbox 824 745 851 771; x_wconf 94' lang='lat' dir='ltr'><strong>in</strong></span> <span class='ocrx_word' id='word_1_106' title='bbox 865 745 984 780; x_wconf 86' lang='lat' dir='ltr'><strong>locuple-</strong></span> 
     </span>
    </p>
   </div>
   <div class='ocr_carea' id='block_1_18' title="bbox 193 789 982 825">
    <p class='ocr_par' dir='ltr' id='par_1_18' title="bbox 193 789 982 825">
     <span class='ocr_line' id='line_1_18' title="bbox 193 789 982 825; baseline 0.003 -9"><span class='ocrx_word' id='word_1_107' title='bbox 193 795 249 817; x_wconf 85' lang='lat' dir='ltr'><strong>tum</strong></span> <span class='ocrx_word' id='word_1_108' title='bbox 280 789 479 825; x_wconf 87' lang='lat' dir='ltr'><strong>quorumdam,</strong></span> <span class='ocrx_word' id='word_1_109' title='bbox 507 797 539 816; x_wconf 83' lang='lat' dir='ltr'><strong>ac</strong></span> <span class='ocrx_word' id='word_1_110' title='bbox 566 790 697 817; x_wconf 82' lang='lat' dir='ltr'><strong>senatorii</strong></span> <span class='ocrx_word' id='word_1_111' title='bbox 724 789 828 818; x_wconf 80' lang='lat' dir='ltr'><strong>ordinis</strong></span> <span class='ocrx_word' id='word_1_112' title='bbox 858 790 982 823; x_wconf 67' lang='lat' dir='ltr'><strong>feminal,</strong></span> 
     </span>
    </p>
   </div>
   <div class='ocr_carea' id='block_1_19' title="bbox 192 834 984 870">
    <p class='ocr_par' dir='ltr' id='par_1_19' title="bbox 192 834 984 870">
     <span class='ocr_line' id='line_1_19' title="bbox 192 834 984 870; baseline 0 -8"><span class='ocrx_word' id='word_1_113' title='bbox 192 835 365 870; x_wconf 81' lang='lat' dir='ltr'><strong>aliorumque</strong></span> <span class='ocrx_word' id='word_1_114' title='bbox 389 835 581 870; x_wconf 90' lang='lat' dir='ltr'><strong>primariorum</strong></span> <span class='ocrx_word' id='word_1_115' title='bbox 599 834 748 861; x_wconf 79' lang='lat' dir='ltr'><strong>amicitiam</strong></span> <span class='ocrx_word' id='word_1_116' title='bbox 767 835 919 867; x_wconf 76' lang='lat' dir='ltr'><strong>insinuans,</strong></span> <span class='ocrx_word' id='word_1_117' title='bbox 936 842 984 870; x_wconf 85' lang='lat' dir='ltr'><strong>per</strong></span> 
     </span>
    </p>
   </div>
   <div class='ocr_carea' id='block_1_20' title="bbox 191 871 1019 916">
    <p class='ocr_par' dir='ltr' id='par_1_20' title="bbox 191 871 1019 916">
     <span class='ocr_line' id='line_1_20' title="bbox 191 871 1019 916; baseline -0.002 -7"><span class='ocrx_word' id='word_1_118' title='bbox 191 889 239 909; x_wconf 92' lang='lat' dir='ltr'><strong>eos</strong></span> <span class='ocrx_word' id='word_1_119' title='bbox 253 885 347 916; x_wconf 88' lang='lat' dir='ltr'><strong>utpote</strong></span> <span class='ocrx_word' id='word_1_120' title='bbox 363 881 503 916; x_wconf 88' lang='lat' dir='ltr'><strong>principes</strong></span> <span class='ocrx_word' id='word_1_121' title='bbox 523 881 598 908; x_wconf 77' lang='lat' dir='ltr'><strong>viros</strong></span> <span class='ocrx_word' id='word_1_122' title='bbox 615 881 729 908; x_wconf 87' lang='lat' dir='ltr'><strong>inlinitis</strong></span> <span class='ocrx_word' id='word_1_123' title='bbox 751 881 909 908; x_wconf 89' lang='lat' dir='ltr'><strong>hominibus</strong></span> <span class='ocrx_word' id='word_1_124' title='bbox 926 881 984 908; x_wconf 86' lang='lat' dir='ltr'><strong>cxi-</strong></span> <span class='ocrx_word' id='word_1_125' title='bbox 1000 871 1019 898; x_wconf 78' lang='grc' dir='ltr'><strong><em>Β</em></strong></span> 
     </span>
    </p>
   </div>
   <div class='ocr_carea' id='block_1_21' title="bbox 193 925 984 954">
    <p class='ocr_par' dir='ltr' id='par_1_21' title="bbox 193 925 984 954">
     <span class='ocr_line' id='line_1_21' title="bbox 193 925 984 954; baseline 0 0"><span class='ocrx_word' id='word_1_126' title='bbox 193 928 260 954; x_wconf 92' lang='lat' dir='ltr'><strong>tium</strong></span> <span class='ocrx_word' id='word_1_127' title='bbox 281 927 382 954; x_wconf 86' lang='lat' dir='ltr'><strong>attulit.</strong></span> <span class='ocrx_word' id='word_1_128' title='bbox 403 926 455 954; x_wconf 86' lang='lat' dir='ltr'><strong>Sed</strong></span> <span class='ocrx_word' id='word_1_129' title='bbox 478 934 539 954; x_wconf 92' lang='lat' dir='ltr'><strong>eum</strong></span> <span class='ocrx_word' id='word_1_130' title='bbox 558 925 691 954; x_wconf 90' lang='lat' dir='ltr'><strong>Dominus</strong></span> <span class='ocrx_word' id='word_1_131' title='bbox 713 927 838 954; x_wconf 86' lang='lat' dir='ltr'><strong>celeriter</strong></span> <span class='ocrx_word' id='word_1_132' title='bbox 856 934 872 954; x_wconf 89' lang='lat' dir='ltr'><strong>e</strong></span> <span class='ocrx_word' id='word_1_133' title='bbox 895 926 984 954; x_wconf 80' lang='lat' dir='ltr'><strong>medio</strong></span> 
     </span>
    </p>
   </div>
   <div class='ocr_carea' id='block_1_22' title="bbox 191 972 824 1008">
    <p class='ocr_par' dir='ltr' id='par_1_22' title="bbox 191 972 824 1008">
     <span class='ocr_line' id='line_1_22' title="bbox 191 972 824 1008; baseline -0.003 -7"><span class='ocrx_word' id='word_1_134' title='bbox 191 973 313 1006; x_wconf 79' lang='lat' dir='ltr'><strong>sustulit,</strong></span> <span class='ocrx_word' id='word_1_135' title='bbox 330 981 392 1000; x_wconf 81' lang='lat' dir='ltr'><strong>cuin</strong></span> <span class='ocrx_word' id='word_1_136' title='bbox 406 973 461 1007; x_wconf 80' lang='lat' dir='ltr'><strong>jam</strong></span> <span class='ocrx_word' id='word_1_137' title='bbox 479 972 582 1000; x_wconf 84' lang='lat' dir='ltr'><strong>zizania</strong></span> <span class='ocrx_word' id='word_1_138' title='bbox 599 981 648 1000; x_wconf 89' lang='lat' dir='ltr'><strong>sua</strong></span> <span class='ocrx_word' id='word_1_139' title='bbox 667 973 824 1008; x_wconf 84' lang='lat' dir='ltr'><strong>sparsisset.</strong></span> 
     </span>
    </p>
   </div>
   <div class='ocr_carea' id='block_1_23' title="bbox 225 1019 984 1054">
    <p class='ocr_par' dir='ltr' id='par_1_23' title="bbox 225 1019 984 1054">
     <span class='ocr_line' id='line_1_23' title="bbox 225 1019 984 1054; baseline -0.001 -7"><span class='ocrx_word' id='word_1_140' title='bbox 225 1019 258 1048; x_wconf 90' lang='lat' dir='ltr'><strong>ll.</strong></span> <span class='ocrx_word' id='word_1_141' title='bbox 288 1020 423 1048; x_wconf 71' lang='lat' dir='ltr'><strong>Caeterum</strong></span> <span class='ocrx_word' id='word_1_142' title='bbox 454 1019 499 1047; x_wconf 90' lang='lat' dir='ltr'><strong>isti</strong></span> <span class='ocrx_word' id='word_1_143' title='bbox 531 1019 703 1054; x_wconf 90' lang='lat' dir='ltr'><strong>apocryphos</strong></span> <span class='ocrx_word' id='word_1_144' title='bbox 732 1019 865 1054; x_wconf 89' lang='lat' dir='ltr'><strong>quosdam</strong></span> <span class='ocrx_word' id='word_1_145' title='bbox 900 1019 984 1046; x_wconf 89' lang='lat' dir='ltr'><strong>libros</strong></span> 
     </span>
    </p>
   </div>
   <div class='ocr_carea' id='block_1_24' title="bbox 192 1064 985 1101">
    <p class='ocr_par' dir='ltr' id='par_1_24' title="bbox 192 1064 985 1101">
     <span class='ocr_line' id='line_1_24' title="bbox 192 1064 985 1101; baseline -0.004 -7"><span class='ocrx_word' id='word_1_146' title='bbox 192 1067 338 1094; x_wconf 77' lang='lat' dir='ltr'><strong>ﬁnxerunt.</strong></span> <span class='ocrx_word' id='word_1_147' title='bbox 347 1065 367 1092; x_wconf 89' lang='lat' dir='ltr'><strong>E</strong></span> <span class='ocrx_word' id='word_1_148' title='bbox 375 1066 472 1101; x_wconf 87' lang='lat' dir='ltr'><strong>quibus</strong></span> <span class='ocrx_word' id='word_1_149' title='bbox 482 1065 536 1092; x_wconf 88' lang='lat' dir='ltr'><strong>duo</strong></span> <span class='ocrx_word' id='word_1_150' title='bbox 545 1069 609 1092; x_wconf 91' lang='lat' dir='ltr'><strong>sunt</strong></span> <span class='ocrx_word' id='word_1_151' title='bbox 621 1064 787 1100; x_wconf 77' lang='lat' dir='ltr'><strong>Symphoniw</strong></span> <span class='ocrx_word' id='word_1_152' title='bbox 797 1065 917 1096; x_wconf 82' lang='lat' dir='ltr'><strong>nomine,</strong></span> <span class='ocrx_word' id='word_1_153' title='bbox 928 1073 985 1091; x_wconf 89' lang='lat' dir='ltr'><strong>ma—</strong></span> 
     </span>
    </p>
   </div>
   <div class='ocr_carea' id='block_1_25' title="bbox 190 1111 985 1148">
    <p class='ocr_par' dir='ltr' id='par_1_25' title="bbox 190 1111 985 1148">
     <span class='ocr_line' id='line_1_25' title="bbox 190 1111 985 1148; baseline -0.003 -7"><span class='ocrx_word' id='word_1_154' title='bbox 190 1115 233 1148; x_wconf 85' lang='lat' dir='ltr'><strong>jor</strong></span> <span class='ocrx_word' id='word_1_155' title='bbox 247 1112 374 1140; x_wconf 87' lang='lat' dir='ltr'><strong>videlicet</strong></span> <span class='ocrx_word' id='word_1_156' title='bbox 390 1119 422 1139; x_wconf 83' lang='lat' dir='ltr'><strong>ac</strong></span> <span class='ocrx_word' id='word_1_157' title='bbox 435 1112 534 1138; x_wconf 89' lang='lat' dir='ltr'><strong>minor.</strong></span> <span class='ocrx_word' id='word_1_158' title='bbox 552 1111 655 1138; x_wconf 67' lang='lat' dir='ltr'><strong>Prteter</strong></span> <span class='ocrx_word' id='word_1_159' title='bbox 669 1119 738 1146; x_wconf 91' lang='lat' dir='ltr'><strong>quos</strong></span> <span class='ocrx_word' id='word_1_160' title='bbox 752 1112 901 1138; x_wconf 86' lang='lat' dir='ltr'><strong>nonnullos</strong></span> <span class='ocrx_word' id='word_1_161' title='bbox 916 1112 985 1139; x_wconf 88' lang='lat' dir='ltr'><strong>alios</strong></span> 
     </span>
    </p>
   </div>
   <div class='ocr_carea' id='block_1_26' title="bbox 191 1158 985 1193">
    <p class='ocr_par' dir='ltr' id='par_1_26' title="bbox 191 1158 985 1193">
     <span class='ocr_line' id='line_1_26' title="bbox 191 1158 985 1193; baseline 0 -9"><span class='ocrx_word' id='word_1_162' title='bbox 191 1158 225 1186; x_wconf 89' lang='lat' dir='ltr'><strong>iis</strong></span> <span class='ocrx_word' id='word_1_163' title='bbox 243 1158 406 1193; x_wconf 81' lang='lat' dir='ltr'><strong>quibuscum</strong></span> <span class='ocrx_word' id='word_1_164' title='bbox 424 1159 514 1192; x_wconf 69' lang='lat' dir='ltr'><strong>‘agunt</strong></span> <span class='ocrx_word' id='word_1_165' title='bbox 539 1165 702 1192; x_wconf 88' lang='lat' dir='ltr'><strong>percensere</strong></span> <span class='ocrx_word' id='word_1_166' title='bbox 721 1158 820 1190; x_wconf 85' lang='lat' dir='ltr'><strong>solent,</strong></span> <span class='ocrx_word' id='word_1_167' title='bbox 852 1162 881 1184; x_wconf 82' lang='lat' dir='ltr'><strong>ut</strong></span> <span class='ocrx_word' id='word_1_168' title='bbox 908 1166 985 1184; x_wconf 89' lang='lat' dir='ltr'><strong>erro-</strong></span> 
     </span>
    </p>
   </div>
   <div class='ocr_carea' id='block_1_27' title="bbox 192 1203 984 1238">
    <p class='ocr_par' dir='ltr' id='par_1_27' title="bbox 192 1203 984 1238">
     <span class='ocr_line' id='line_1_27' title="bbox 192 1203 984 1238; baseline -0.001 -7"><span class='ocrx_word' id='word_1_169' title='bbox 192 1212 248 1231; x_wconf 81' lang='lat' dir='ltr'><strong>rem</strong></span> <span class='ocrx_word' id='word_1_170' title='bbox 271 1212 352 1231; x_wconf 92' lang='lat' dir='ltr'><strong>suum</strong></span> <span class='ocrx_word' id='word_1_171' title='bbox 371 1204 466 1230; x_wconf 88' lang='lat' dir='ltr'><strong>multis</strong></span> <span class='ocrx_word' id='word_1_172' title='bbox 486 1203 696 1230; x_wconf 82' lang='lat' dir='ltr'><strong>auctoritatibus</strong></span> <span class='ocrx_word' id='word_1_173' title='bbox 710 1203 846 1230; x_wconf 85' lang='lat' dir='ltr'><strong>ailirmare</strong></span> <span class='ocrx_word' id='word_1_174' title='bbox 872 1211 903 1230; x_wconf 86' lang='lat' dir='ltr'><strong>ac</strong></span> <span class='ocrx_word' id='word_1_175' title='bbox 921 1210 984 1238; x_wconf 85' lang='lat' dir='ltr'><strong>pro-</strong></span> 
     </span>
    </p>
   </div>
   <div class='ocr_carea' id='block_1_28' title="bbox 192 1249 984 1284">
    <p class='ocr_par' dir='ltr' id='par_1_28' title="bbox 192 1249 984 1284">
     <span class='ocr_line' id='line_1_28' title="bbox 192 1249 984 1284; baseline -0.004 -6"><span class='ocrx_word' id='word_1_176' title='bbox 192 1251 256 1278; x_wconf 89' lang='lat' dir='ltr'><strong>bare</strong></span> <span class='ocrx_word' id='word_1_177' title='bbox 284 1250 438 1278; x_wconf 87' lang='lat' dir='ltr'><strong>videantur.</strong></span> <span class='ocrx_word' id='word_1_178' title='bbox 456 1249 562 1276; x_wconf 85' lang='lat' dir='ltr'><strong>llahent</strong></span> <span class='ocrx_word' id='word_1_179' title='bbox 588 1254 614 1276; x_wconf 75' lang='lat' dir='ltr'><strong>rt</strong></span> <span class='ocrx_word' id='word_1_180' title='bbox 638 1257 707 1284; x_wconf 84' lang='lat' dir='ltr'><strong>quos</strong></span> <span class='ocrx_word' id='word_1_181' title='bbox 737 1249 914 1283; x_wconf 82' lang='grc' dir='ltr'>Ἀλλογενεῖς,</span> <span class='ocrx_word' id='word_1_182' title='bbox 933 1250 984 1275; x_wconf 88' lang='lat' dir='ltr'><strong>hoc</strong></span> 
     </span>
    </p>
   </div>
   <div class='ocr_carea' id='block_1_29' title="bbox 190 1295 983 1331">
    <p class='ocr_par' dir='ltr' id='par_1_29' title="bbox 190 1295 983 1331">
     <span class='ocr_line' id='line_1_29' title="bbox 190 1295 983 1331; baseline -0.003 -7"><span class='ocrx_word' id='word_1_183' title='bbox 190 1301 234 1324; x_wconf 65' lang='lat' dir='ltr'><strong>est</strong></span> <span class='ocrx_word' id='word_1_184' title='bbox 250 1295 413 1331; x_wconf 76' lang='lat' dir='ltr'><strong>alienigenas</strong></span> <span class='ocrx_word' id='word_1_185' title='bbox 428 1299 537 1327; x_wconf 82' lang='lat' dir='ltr'><strong>vocant,</strong></span> <span class='ocrx_word' id='word_1_186' title='bbox 555 1296 595 1323; x_wconf 88' lang='lat' dir='ltr'><strong>sic</strong></span> <span class='ocrx_word' id='word_1_187' title='bbox 612 1296 760 1330; x_wconf 87' lang='lat' dir='ltr'><strong>inscriptos</strong></span> <span class='ocrx_word' id='word_1_188' title='bbox 779 1295 895 1323; x_wconf 83' lang='lat' dir='ltr'><strong>libellos.</strong></span> <span class='ocrx_word' id='word_1_189' title='bbox 919 1295 983 1322; x_wconf 84' lang='lat' dir='ltr'><strong>Item</strong></span> 
     </span>
    </p>
   </div>
   <div class='ocr_carea' id='block_1_30' title="bbox 190 1341 984 1376">
    <p class='ocr_par' dir='ltr' id='par_1_30' title="bbox 190 1341 984 1376">
     <span class='ocr_line' id='line_1_30' title="bbox 190 1341 984 1376; baseline -0.004 -6"><span class='ocrx_word' id='word_1_190' title='bbox 190 1350 223 1370; x_wconf 80' lang='lat' dir='ltr'><strong>ex</strong></span> <span class='ocrx_word' id='word_1_191' title='bbox 242 1342 396 1369; x_wconf 83' lang='lat' dir='ltr'><strong>Anabatico</strong></span> <span class='ocrx_word' id='word_1_192' title='bbox 411 1341 498 1373; x_wconf 65' lang='lat' dir='ltr'><strong>Isaiae,</strong></span> <span class='ocrx_word' id='word_1_193' title='bbox 522 1345 549 1368; x_wconf 91' lang='lat' dir='ltr'><strong>et</strong></span> <span class='ocrx_word' id='word_1_194' title='bbox 572 1341 599 1368; x_wconf 88' lang='lat' dir='ltr'><strong>id</strong></span> <span class='ocrx_word' id='word_1_195' title='bbox 623 1349 708 1376; x_wconf 79' lang='lat' dir='ltr'><strong>genus</strong></span> <span class='ocrx_word' id='word_1_196' title='bbox 726 1342 889 1376; x_wconf 76' lang='lat' dir='ltr'><strong>apocryphis</strong></span> <span class='ocrx_word' id='word_1_197' title='bbox 904 1349 984 1375; x_wconf 65' lang='lat' dir='ltr'><strong>argu-</strong></span> 
     </span>
    </p>
   </div>
   <div class='ocr_carea' id='block_1_31' title="bbox 191 1386 984 1423">
    <p class='ocr_par' dir='ltr' id='par_1_31' title="bbox 191 1386 984 1423">
     <span class='ocr_line' id='line_1_31' title="bbox 191 1386 984 1423; baseline -0.003 -8"><span class='ocrx_word' id='word_1_198' title='bbox 191 1392 283 1415; x_wconf 84' lang='lat' dir='ltr'><strong>menta</strong></span> <span class='ocrx_word' id='word_1_199' title='bbox 306 1388 480 1423; x_wconf 88' lang='lat' dir='ltr'><strong>depromunt.</strong></span> <span class='ocrx_word' id='word_1_200' title='bbox 508 1387 561 1415; x_wconf 91' lang='lat' dir='ltr'><strong>Sed</strong></span> <span class='ocrx_word' id='word_1_201' title='bbox 589 1395 622 1415; x_wconf 83' lang='lat' dir='ltr'><strong>eo</strong></span> <span class='ocrx_word' id='word_1_202' title='bbox 647 1387 728 1419; x_wconf 87' lang='lat' dir='ltr'><strong>libro,</strong></span> <span class='ocrx_word' id='word_1_203' title='bbox 747 1387 791 1414; x_wconf 92' lang='lat' dir='ltr'><strong>cui</strong></span> <span class='ocrx_word' id='word_1_204' title='bbox 818 1386 984 1422; x_wconf 64' lang='lat' dir='ltr'><strong>Symp/mnia</strong></span> 
     </span>
    </p>
   </div>
   <div class='ocr_carea' id='block_1_32' title="bbox 192 1433 984 1468">
    <p class='ocr_par' dir='ltr' id='par_1_32' title="bbox 192 1433 984 1468">
     <span class='ocr_line' id='line_1_32' title="bbox 192 1433 984 1468; baseline -0.001 -7"><span class='ocrx_word' id='word_1_205' title='bbox 192 1440 291 1461; x_wconf 65' lang='lat' dir='ltr'><strong>nomen</strong></span> <span class='ocrx_word' id='word_1_206' title='bbox 305 1438 356 1467; x_wconf 84' lang='lat' dir='ltr'><strong>est,</strong></span> <span class='ocrx_word' id='word_1_207' title='bbox 373 1434 411 1460; x_wconf 90' lang='lat' dir='ltr'><strong>uti</strong></span> <span class='ocrx_word' id='word_1_208' title='bbox 429 1434 602 1468; x_wconf 89' lang='lat' dir='ltr'><strong>potissimum</strong></span> <span class='ocrx_word' id='word_1_209' title='bbox 621 1434 712 1460; x_wconf 89' lang='lat' dir='ltr'><strong>solent</strong></span> <span class='ocrx_word' id='word_1_210' title='bbox 726 1443 732 1460; x_wconf 91' lang='lat'>:</span> <span class='ocrx_word' id='word_1_211' title='bbox 749 1434 777 1460; x_wconf 88' lang='lat' dir='ltr'><strong>in</strong></span> <span class='ocrx_word' id='word_1_212' title='bbox 793 1441 849 1467; x_wconf 91' lang='lat' dir='ltr'><strong>quo</strong></span> <span class='ocrx_word' id='word_1_213' title='bbox 858 1433 961 1460; x_wconf 74' lang='lat' dir='ltr'><strong>C0:l€Sl(</strong></span> <span class='ocrx_word' id='word_1_214' title='bbox 972 1441 984 1460; x_wconf 88' lang='lat' dir='ltr'><strong>s</strong></span> 
     </span>
    </p>
   </div>
   <div class='ocr_carea' id='block_1_33' title="bbox 190 1478 983 1513">
    <p class='ocr_par' dir='ltr' id='par_1_33' title="bbox 190 1478 983 1513">
     <span class='ocr_line' id='line_1_33' title="bbox 190 1478 983 1513; baseline -0.003 -7"><span class='ocrx_word' id='word_1_215' title='bbox 190 1479 272 1507; x_wconf 73' lang='lat' dir='ltr'><strong>orbes</strong></span> <span class='ocrx_word' id='word_1_216' title='bbox 296 1483 359 1506; x_wconf 90' lang='lat' dir='ltr'><strong>octo</strong></span> <span class='ocrx_word' id='word_1_217' title='bbox 375 1480 417 1506; x_wconf 89' lang='lat' dir='ltr'><strong>vel</strong></span> <span class='ocrx_word' id='word_1_218' title='bbox 442 1485 545 1513; x_wconf 82' lang='lat' dir='ltr'><strong>septem</strong></span> <span class='ocrx_word' id='word_1_219' title='bbox 571 1487 632 1506; x_wconf 89' lang='lat' dir='ltr'><strong>esse</strong></span> <span class='ocrx_word' id='word_1_220' title='bbox 657 1479 801 1506; x_wconf 82' lang='lat' dir='ltr'><strong>deﬁniunt.</strong></span> <span class='ocrx_word' id='word_1_221' title='bbox 830 1478 934 1505; x_wconf 88' lang='lat' dir='ltr'><strong>llorum</strong></span> <span class='ocrx_word' id='word_1_222' title='bbox 956 1478 983 1504; x_wconf 71' lang='lat' dir='ltr'><strong>in</strong></span> 
     </span>
    </p>
   </div>
   <div class='ocr_carea' id='block_1_34' title="bbox 191 1525 982 1560">
    <p class='ocr_par' dir='ltr' id='par_1_34' title="bbox 191 1525 982 1560">
     <span class='ocr_line' id='line_1_34' title="bbox 191 1525 982 1560; baseline -0.001 -8"><span class='ocrx_word' id='word_1_223' title='bbox 191 1525 308 1560; x_wconf 61' lang='lat' dir='ltr'><strong>singulis</strong></span> <span class='ocrx_word' id='word_1_224' title='bbox 320 1525 442 1552; x_wconf 85' lang='lat' dir='ltr'><strong>residere</strong></span> <span class='ocrx_word' id='word_1_225' title='bbox 457 1526 596 1560; x_wconf 88' lang='lat' dir='ltr'><strong>principes</strong></span> <span class='ocrx_word' id='word_1_226' title='bbox 610 1534 617 1552; x_wconf 87' lang='lat'><strong>:</strong></span> <span class='ocrx_word' id='word_1_227' title='bbox 631 1525 668 1551; x_wconf 86' lang='lat' dir='ltr'><strong>ita</strong></span> <span class='ocrx_word' id='word_1_228' title='bbox 686 1529 715 1551; x_wconf 91' lang='lat' dir='ltr'><strong>ut</strong></span> <span class='ocrx_word' id='word_1_229' title='bbox 730 1533 778 1560; x_wconf 90' lang='lat' dir='ltr'><strong>per</strong></span> <span class='ocrx_word' id='word_1_230' title='bbox 793 1530 920 1560; x_wconf 83' lang='lat' dir='ltr'><strong>septenos</strong></span> <span class='ocrx_word' id='word_1_231' title='bbox 935 1532 982 1551; x_wconf 89' lang='lat' dir='ltr'><strong>or-</strong></span> 
     </span>
    </p>
   </div>
   <div class='ocr_carea' id='block_1_35' title="bbox 192 1571 982 1606">
    <p class='ocr_par' dir='ltr' id='par_1_35' title="bbox 192 1571 982 1606">
     <span class='ocr_line' id='line_1_35' title="bbox 192 1571 982 1606; baseline -0.001 -8"><span class='ocrx_word' id='word_1_232' title='bbox 192 1571 241 1598; x_wconf 91' lang='lat' dir='ltr'><strong>bes</strong></span> <span class='ocrx_word' id='word_1_233' title='bbox 253 1571 394 1597; x_wconf 82' lang='lat' dir='ltr'><strong>distributi</strong></span> <span class='ocrx_word' id='word_1_234' title='bbox 411 1572 478 1604; x_wconf 84' lang='lat' dir='ltr'><strong>sint,</strong></span> <span class='ocrx_word' id='word_1_235' title='bbox 494 1574 576 1606; x_wconf 90' lang='lat' dir='ltr'><strong>atque</strong></span> <span class='ocrx_word' id='word_1_236' title='bbox 590 1579 660 1598; x_wconf 91' lang='lat' dir='ltr'><strong>unus</strong></span> <span class='ocrx_word' id='word_1_237' title='bbox 673 1572 699 1598; x_wconf 93' lang='lat' dir='ltr'><strong>in</strong></span> <span class='ocrx_word' id='word_1_238' title='bbox 716 1572 840 1606; x_wconf 89' lang='lat' dir='ltr'><strong>quolibet</strong></span> <span class='ocrx_word' id='word_1_239' title='bbox 854 1572 982 1606; x_wconf 73' lang='lat' dir='ltr'><strong>princeps</strong></span> 
     </span>
    </p>
   </div>
   <div class='ocr_carea' id='block_1_36' title="bbox 191 1616 985 1652">
    <p class='ocr_par' dir='ltr' id='par_1_36' title="bbox 191 1616 985 1652">
     <span class='ocr_line' id='line_1_36' title="bbox 191 1616 985 1652; baseline 0.001 -9"><span class='ocrx_word' id='word_1_240' title='bbox 191 1617 320 1644; x_wconf 73' lang='lat' dir='ltr'><strong>exsistat.</strong></span> <span class='ocrx_word' id='word_1_241' title='bbox 337 1616 433 1644; x_wconf 90' lang='lat' dir='ltr'><strong>Certos</strong></span> <span class='ocrx_word' id='word_1_242' title='bbox 458 1624 541 1651; x_wconf 89' lang='lat' dir='ltr'><strong>porro</strong></span> <span class='ocrx_word' id='word_1_243' title='bbox 566 1618 713 1652; x_wconf 86' lang='lat' dir='ltr'><strong>unicuique</strong></span> <span class='ocrx_word' id='word_1_244' title='bbox 735 1617 851 1652; x_wconf 86' lang='lat' dir='ltr'><strong>principi</strong></span> <span class='ocrx_word' id='word_1_245' title='bbox 874 1617 985 1644; x_wconf 74' lang='lat' dir='ltr'><strong>ordines</strong></span> 
     </span>
    </p>
   </div>
   <div class='ocr_carea' id='block_1_37' title="bbox 190 1663 985 1698">
    <p class='ocr_par' dir='ltr' id='par_1_37' title="bbox 190 1663 985 1698">
     <span class='ocr_line' id='line_1_37' title="bbox 190 1663 985 1698; baseline -0.001 -7"><span class='ocrx_word' id='word_1_246' title='bbox 190 1671 253 1691; x_wconf 67' lang='lat' dir='ltr'><strong>esse</strong></span> <span class='ocrx_word' id='word_1_247' title='bbox 267 1663 431 1698; x_wconf 90' lang='lat' dir='ltr'><strong>descriptos.</strong></span> <span class='ocrx_word' id='word_1_248' title='bbox 450 1663 537 1698; x_wconf 87' lang='lat' dir='ltr'><strong>Supra</strong></span> <span class='ocrx_word' id='word_1_249' title='bbox 555 1671 625 1698; x_wconf 90' lang='lat' dir='ltr'><strong>quos</strong></span> <span class='ocrx_word' id='word_1_250' title='bbox 640 1671 734 1690; x_wconf 91' lang='lat' dir='ltr'><strong>omnes</strong></span> <span class='ocrx_word' id='word_1_251' title='bbox 749 1669 848 1690; x_wconf 86' lang='lat' dir='ltr'><strong>octavo</strong></span> <span class='ocrx_word' id='word_1_252' title='bbox 869 1663 897 1690; x_wconf 91' lang='lat' dir='ltr'><strong>in</strong></span> <span class='ocrx_word' id='word_1_253' title='bbox 914 1663 985 1690; x_wconf 75' lang='lat' dir='ltr'><strong>ctelo</strong></span> 
     </span>
    </p>
   </div>
   <div class='ocr_carea' id='block_1_38' title="bbox 193 1708 984 1736">
    <p class='ocr_par' dir='ltr' id='par_1_38' title="bbox 193 1708 984 1736">
     <span class='ocr_line' id='line_1_38' title="bbox 193 1708 984 1736; baseline 0 -1"><span class='ocrx_word' id='word_1_254' title='bbox 193 1709 312 1736; x_wconf 85' lang='lat' dir='ltr'><strong>lucidam</strong></span> <span class='ocrx_word' id='word_1_255' title='bbox 334 1708 447 1736; x_wconf 82' lang='lat' dir='ltr'><strong>Matrem</strong></span> <span class='ocrx_word' id='word_1_256' title='bbox 471 1714 631 1735; x_wconf 62' lang='lat' dir='ltr'><strong>ceterarum</strong></span> <span class='ocrx_word' id='word_1_257' title='bbox 658 1709 798 1736; x_wconf 65' lang='lat' dir='ltr'><strong>haereseon</strong></span> <span class='ocrx_word' id='word_1_258' title='bbox 819 1716 894 1736; x_wconf 92' lang='lat' dir='ltr'><strong>more</strong></span> <span class='ocrx_word' id='word_1_259' title='bbox 917 1716 984 1735; x_wconf 83' lang='lat' dir='ltr'><strong>con-</strong></span> 
     </span>
    </p>
   </div>
   <div class='ocr_carea' id='block_1_39' title="bbox 193 1754 984 1789">
    <p class='ocr_par' dir='ltr' id='par_1_39' title="bbox 193 1754 984 1789">
     <span class='ocr_line' id='line_1_39' title="bbox 193 1754 984 1789; baseline 0 -7"><span class='ocrx_word' id='word_1_260' title='bbox 193 1755 320 1782; x_wconf 88' lang='lat' dir='ltr'><strong>stituunt.</strong></span> <span class='ocrx_word' id='word_1_261' title='bbox 347 1754 400 1782; x_wconf 88' lang='lat' dir='ltr'><strong>Sed</strong></span> <span class='ocrx_word' id='word_1_262' title='bbox 418 1762 513 1781; x_wconf 88' lang='lat' dir='ltr'><strong>eorum</strong></span> <span class='ocrx_word' id='word_1_263' title='bbox 538 1755 622 1789; x_wconf 85' lang='lat' dir='ltr'><strong>aliqui</strong></span> <span class='ocrx_word' id='word_1_264' title='bbox 645 1754 804 1782; x_wconf 75' lang='lat' dir='ltr'><strong>fmdissimis</strong></span> <span class='ocrx_word' id='word_1_265' title='bbox 824 1754 984 1782; x_wconf 81' lang='lat' dir='ltr'><strong>libidinibus</strong></span> 
     </span>
    </p>
   </div>
   <div class='ocr_carea' id='block_1_40' title="bbox 192 1799 985 1834">
    <p class='ocr_par' dir='ltr' id='par_1_40' title="bbox 192 1799 985 1834">
     <span class='ocr_line' id='line_1_40' title="bbox 192 1799 985 1834; baseline 0.001 -7"><span class='ocrx_word' id='word_1_266' title='bbox 192 1807 307 1834; x_wconf 85' lang='lat' dir='ltr'><strong>corpora</strong></span> <span class='ocrx_word' id='word_1_267' title='bbox 330 1807 379 1827; x_wconf 89' lang='lat' dir='ltr'><strong>sua</strong></span> <span class='ocrx_word' id='word_1_268' title='bbox 402 1800 601 1826; x_wconf 84' lang='lat' dir='ltr'><strong>contaminant.</strong></span> <span class='ocrx_word' id='word_1_269' title='bbox 619 1800 671 1826; x_wconf 82' lang='lat' dir='ltr'><strong>Alii</strong></span> <span class='ocrx_word' id='word_1_270' title='bbox 694 1799 797 1834; x_wconf 81' lang='lat' dir='ltr'><strong>jejunia</strong></span> <span class='ocrx_word' id='word_1_271' title='bbox 823 1800 985 1828; x_wconf 83' lang='lat' dir='ltr'><strong>simulantes</strong></span> 
     </span>
    </p>
   </div>
   <div class='ocr_carea' id='block_1_41' title="bbox 194 1845 985 1880">
    <p class='ocr_par' dir='ltr' id='par_1_41' title="bbox 194 1845 985 1880">
     <span class='ocr_line' id='line_1_41' title="bbox 194 1845 985 1880; baseline 0.004 -9"><span class='ocrx_word' id='word_1_272' title='bbox 194 1846 392 1872; x_wconf 86' lang='lat' dir='ltr'><strong>monachorum</strong></span> <span class='ocrx_word' id='word_1_273' title='bbox 412 1846 503 1880; x_wconf 80' lang='lat' dir='ltr'><strong>specie</strong></span> <span class='ocrx_word' id='word_1_274' title='bbox 522 1845 735 1880; x_wconf 87' lang='lat' dir='ltr'><strong>simplicioribus</strong></span> <span class='ocrx_word' id='word_1_275' title='bbox 754 1845 883 1876; x_wconf 88' lang='lat' dir='ltr'><strong>illudunt,</strong></span> <span class='ocrx_word' id='word_1_276' title='bbox 901 1854 933 1873; x_wconf 88' lang='lat' dir='ltr'><strong>ac</strong></span> <span class='ocrx_word' id='word_1_277' title='bbox 956 1854 985 1874; x_wconf 88' lang='lat' dir='ltr'><strong>se</strong></span> 
     </span>
    </p>
   </div>
   <div class='ocr_carea' id='block_1_42' title="bbox 195 1890 985 1919">
    <p class='ocr_par' dir='ltr' id='par_1_42' title="bbox 195 1890 985 1919">
     <span class='ocr_line' id='line_1_42' title="bbox 195 1890 985 1919; baseline 0.003 -2"><span class='ocrx_word' id='word_1_278' title='bbox 195 1890 328 1917; x_wconf 86' lang='lat' dir='ltr'><strong>bonorum</strong></span> <span class='ocrx_word' id='word_1_279' title='bbox 345 1892 466 1918; x_wconf 89' lang='lat' dir='ltr'><strong>onmium</strong></span> <span class='ocrx_word' id='word_1_280' title='bbox 491 1891 664 1918; x_wconf 80' lang='lat' dir='ltr'><strong>abdicatione</strong></span> <span class='ocrx_word' id='word_1_281' title='bbox 677 1891 829 1918; x_wconf 83' lang='lat' dir='ltr'><strong>venditant.</strong></span> <span class='ocrx_word' id='word_1_282' title='bbox 846 1891 904 1918; x_wconf 81' lang='lat' dir='ltr'><strong>Jam</strong></span> <span class='ocrx_word' id='word_1_283' title='bbox 921 1900 985 1919; x_wconf 86' lang='lat' dir='ltr'><strong>vero</strong></span> 
     </span>
    </p>
   </div>
   <div class='ocr_carea' id='block_1_43' title="bbox 195 1937 987 1972">
    <p class='ocr_par' dir='ltr' id='par_1_43' title="bbox 195 1937 987 1972">
     <span class='ocr_line' id='line_1_43' title="bbox 195 1937 987 1972; baseline 0.001 -9"><span class='ocrx_word' id='word_1_284' title='bbox 195 1937 221 1963; x_wconf 90' lang='lat' dir='ltr'><strong>in</strong></span> <span class='ocrx_word' id='word_1_285' title='bbox 244 1944 420 1972; x_wconf 89' lang='lat' dir='ltr'><strong>unoquoque,</strong></span> <span class='ocrx_word' id='word_1_286' title='bbox 448 1941 477 1964; x_wconf 94' lang='lat' dir='ltr'><strong>ut</strong></span> <span class='ocrx_word' id='word_1_287' title='bbox 501 1937 605 1964; x_wconf 83' lang='lat' dir='ltr'><strong>dictum</strong></span> <span class='ocrx_word' id='word_1_288' title='bbox 632 1943 684 1969; x_wconf 84' lang='lat' dir='ltr'><strong>est,</strong></span> <span class='ocrx_word' id='word_1_289' title='bbox 704 1938 774 1964; x_wconf 70' lang='lat' dir='ltr'><strong>cmlo</strong></span> <span class='ocrx_word' id='word_1_290' title='bbox 794 1939 944 1972; x_wconf 80' lang='lat' dir='ltr'><strong>principem</strong></span> <span class='ocrx_word' id='word_1_291' title='bbox 959 1943 987 1965; x_wconf 82' lang='lat' dir='ltr'><strong>et</strong></span> 
     </span>
    </p>
   </div>
   <div class='ocr_carea' id='block_1_44' title="bbox 194 1983 985 2018">
    <p class='ocr_par' dir='ltr' id='par_1_44' title="bbox 194 1983 985 2018">
     <span class='ocr_line' id='line_1_44' title="bbox 194 1983 985 2018; baseline 0.004 -9"><span class='ocrx_word' id='word_1_292' title='bbox 194 1987 356 2017; x_wconf 86' lang='lat' dir='ltr'><strong>potestatem</strong></span> <span class='ocrx_word' id='word_1_293' title='bbox 374 1990 437 2009; x_wconf 89' lang='lat' dir='ltr'><strong>cum</strong></span> <span class='ocrx_word' id='word_1_294' title='bbox 455 1983 557 2018; x_wconf 84' lang='lat' dir='ltr'><strong>angelis</strong></span> <span class='ocrx_word' id='word_1_295' title='bbox 576 1983 679 2018; x_wconf 81' lang='lat' dir='ltr'><strong>aliquot</strong></span> <span class='ocrx_word' id='word_1_296' title='bbox 699 1984 903 2018; x_wconf 85' lang='lat' dir='ltr'><strong>apparitoribus</strong></span> <span class='ocrx_word' id='word_1_297' title='bbox 927 1986 985 2012; x_wconf 90' lang='lat' dir='ltr'><strong>col-</strong></span> 
     </span>
    </p>
   </div>
   <div class='ocr_carea' id='block_1_45' title="bbox 194 2027 986 2068">
    <p class='ocr_par' dir='ltr' id='par_1_45' title="bbox 194 2027 986 2068">
     <span class='ocr_line' id='line_1_45' title="bbox 194 2027 986 2068; baseline 0.004 -14"><span class='ocrx_word' id='word_1_298' title='bbox 194 2029 297 2055; x_wconf 88' lang='lat' dir='ltr'><strong>locant.</strong></span> <span class='ocrx_word' id='word_1_299' title='bbox 325 2027 478 2060; x_wconf 78' lang='lat' dir='ltr'><strong>Querulibet</strong></span> <span class='ocrx_word' id='word_1_300' title='bbox 499 2028 571 2068; x_wconf 72' lang='lat' dir='ltr'><strong>enim</strong></span> <span class='ocrx_word' id='word_1_301' title='bbox 594 2028 746 2064; x_wconf 84' lang='lat' dir='ltr'><strong>principem</strong></span> <span class='ocrx_word' id='word_1_302' title='bbox 773 2036 838 2056; x_wconf 84' lang='lat' dir='ltr'><strong>suos</strong></span> <span class='ocrx_word' id='word_1_303' title='bbox 864 2029 916 2056; x_wconf 88' lang='lat' dir='ltr'><strong>sibi</strong></span> <span class='ocrx_word' id='word_1_304' title='bbox 940 2037 986 2065; x_wconf 78' lang='lat' dir='ltr'><strong>ge-</strong></span> 
     </span>
    </p>
   </div>
   <div class='ocr_carea' id='block_1_46' title="bbox 193 2074 987 2111">
    <p class='ocr_par' dir='ltr' id='par_1_46' title="bbox 193 2074 987 2111">
     <span class='ocr_line' id='line_1_46' title="bbox 193 2074 987 2111; baseline 0.003 -10"><span class='ocrx_word' id='word_1_305' title='bbox 193 2074 289 2102; x_wconf 83' lang='lat' dir='ltr'><strong>nuisse</strong></span> <span class='ocrx_word' id='word_1_306' title='bbox 327 2081 360 2100; x_wconf 87' lang='lat' dir='ltr'><strong>ac</strong></span> <span class='ocrx_word' id='word_1_307' title='bbox 385 2081 544 2109; x_wconf 84' lang='lat' dir='ltr'><strong>procreasse</strong></span> <span class='ocrx_word' id='word_1_308' title='bbox 570 2075 713 2102; x_wconf 85' lang='lat' dir='ltr'><strong>satellites.</strong></span> <span class='ocrx_word' id='word_1_309' title='bbox 743 2075 860 2103; x_wconf 84' lang='lat' dir='ltr'><strong>Carnem</strong></span> <span class='ocrx_word' id='word_1_310' title='bbox 886 2080 987 2111; x_wconf 80' lang='lat' dir='ltr'><strong>negant</strong></span> 
     </span>
    </p>
   </div>
   <div class='ocr_carea' id='block_1_47' title="bbox 195 2119 984 2157">
    <p class='ocr_par' dir='ltr' id='par_1_47' title="bbox 195 2119 984 2157">
     <span class='ocr_line' id='line_1_47' title="bbox 195 2119 984 2157; baseline 0.003 -10"><span class='ocrx_word' id='word_1_311' title='bbox 195 2127 348 2155; x_wconf 82' lang='lat' dir='ltr'><strong>resurgere,</strong></span> <span class='ocrx_word' id='word_1_312' title='bbox 368 2120 449 2155; x_wconf 83' lang='lat' dir='ltr'><strong>idque</strong></span> <span class='ocrx_word' id='word_1_313' title='bbox 472 2119 523 2147; x_wconf 92' lang='lat' dir='ltr'><strong>soli</strong></span> <span class='ocrx_word' id='word_1_314' title='bbox 544 2120 642 2147; x_wconf 73' lang='lat' dir='ltr'><strong>animae</strong></span> <span class='ocrx_word' id='word_1_315' title='bbox 658 2121 793 2148; x_wconf 88' lang='lat' dir='ltr'><strong>tribuunt.</strong></span> <span class='ocrx_word' id='word_1_316' title='bbox 816 2121 984 2157; x_wconf 84' lang='lat' dir='ltr'><strong>Baptismum</strong></span> 
     </span>
    </p>
   </div>
   <div class='ocr_carea' id='block_1_48' title="bbox 194 2165 994 2202">
    <p class='ocr_par' dir='ltr' id='par_1_48' title="bbox 194 2165 994 2202">
     <span class='ocr_line' id='line_1_48' title="bbox 194 2165 994 2202; baseline 0.005 -10"><span class='ocrx_word' id='word_1_317' title='bbox 194 2165 327 2192; x_wconf 85' lang='lat' dir='ltr'><strong>damnant</strong></span> <span class='ocrx_word' id='word_1_318' title='bbox 343 2173 349 2190; x_wconf 90' lang='lat'><strong>:</strong></span> <span class='ocrx_word' id='word_1_319' title='bbox 370 2166 479 2192; x_wconf 89' lang='lat' dir='ltr'><strong>tametsi</strong></span> <span class='ocrx_word' id='word_1_320' title='bbox 493 2165 564 2192; x_wconf 88' lang='lat' dir='ltr'><strong>inter</strong></span> <span class='ocrx_word' id='word_1_321' title='bbox 578 2173 625 2193; x_wconf 88' lang='lat' dir='ltr'><strong>eos</strong></span> <span class='ocrx_word' id='word_1_322' title='bbox 644 2166 700 2193; x_wconf 89' lang='lat' dir='ltr'><strong>sint</strong></span> <span class='ocrx_word' id='word_1_323' title='bbox 725 2167 772 2201; x_wconf 85' lang='lat' dir='ltr'><strong>qui</strong></span> <span class='ocrx_word' id='word_1_324' title='bbox 786 2167 922 2202; x_wconf 88' lang='lat' dir='ltr'><strong>baptismo</strong></span> <span class='ocrx_word' id='word_1_325' title='bbox 936 2169 994 2196; x_wconf 61' lang='lat' dir='ltr'><strong>an-&#39;</strong></span> 
     </span>
    </p>
   </div>
   <div class='ocr_carea' id='block_1_49' title="bbox 194 2211 985 2246">
    <p class='ocr_par' dir='ltr' id='par_1_49' title="bbox 194 2211 985 2246">
     <span class='ocr_line' id='line_1_49' title="bbox 194 2211 985 2246; baseline 0.006 -9"><span class='ocrx_word' id='word_1_326' title='bbox 194 2215 237 2238; x_wconf 84' lang='lat' dir='ltr'><strong>tea</strong></span> <span class='ocrx_word' id='word_1_327' title='bbox 254 2211 353 2238; x_wconf 78' lang='lat' dir='ltr'><strong>initiati</strong></span> <span class='ocrx_word' id='word_1_328' title='bbox 370 2211 483 2238; x_wconf 73' lang='lat' dir='ltr'><strong>fuerint.</strong></span> <span class='ocrx_word' id='word_1_329' title='bbox 503 2211 692 2246; x_wconf 84' lang='lat' dir='ltr'><strong>Mysteriorum</strong></span> <span class='ocrx_word' id='word_1_330' title='bbox 708 2214 929 2241; x_wconf 88' lang='lat' dir='ltr'><strong>communionem</strong></span> <span class='ocrx_word' id='word_1_331' title='bbox 949 2216 985 2242; x_wconf 83' lang='lat' dir='ltr'><strong>&#39;ac</strong></span> 
     </span>
    </p>
   </div>
   <div class='ocr_carea' id='block_1_50' title="bbox 195 2258 983 2292">
    <p class='ocr_par' dir='ltr' id='par_1_50' title="bbox 195 2258 983 2292">
     <span class='ocr_line' id='line_1_50' title="bbox 195 2258 983 2292; baseline 0.003 -7"><span class='ocrx_word' id='word_1_332' title='bbox 195 2258 343 2285; x_wconf 75' lang='lat' dir='ltr'><strong>bonitatem</strong></span> <span class='ocrx_word' id='word_1_333' title='bbox 369 2258 525 2292; x_wconf 81' lang='lat' dir='ltr'><strong>repudiarit,</strong></span> <span class='ocrx_word' id='word_1_334' title='bbox 550 2263 678 2292; x_wconf 89' lang='lat' dir='ltr'><strong>tanquam</strong></span> <span class='ocrx_word' id='word_1_335' title='bbox 697 2259 824 2291; x_wconf 83' lang='lat' dir='ltr'><strong>alienam,</strong></span> <span class='ocrx_word' id='word_1_336' title='bbox 843 2263 870 2287; x_wconf 90' lang='lat' dir='ltr'><strong>ct</strong></span> <span class='ocrx_word' id='word_1_337' title='bbox 887 2260 913 2287; x_wconf 93' lang='lat' dir='ltr'><strong>in</strong></span> <span class='ocrx_word' id='word_1_338' title='bbox 933 2268 983 2287; x_wconf 89' lang='lat' dir='ltr'><strong>no-</strong></span> 
     </span>
    </p>
   </div>
   <div class='ocr_carea' id='block_1_51' title="bbox 196 2302 985 2338">
    <p class='ocr_par' dir='ltr' id='par_1_51' title="bbox 196 2302 985 2338">
     <span class='ocr_line' id='line_1_51' title="bbox 196 2302 985 2338; baseline 0.005 -9"><span class='ocrx_word' id='word_1_339' title='bbox 196 2303 268 2331; x_wconf 91' lang='lat' dir='ltr'><strong>mine</strong></span> <span class='ocrx_word' id='word_1_340' title='bbox 294 2302 375 2338; x_wconf 78' lang='lat'><strong>293</strong></span> <span class='ocrx_word' id='word_1_341' title='bbox 402 2302 521 2330; x_wconf 86' lang='lat' dir='ltr'><strong>Sabaoth</strong></span> <span class='ocrx_word' id='word_1_342' title='bbox 544 2307 691 2338; x_wconf 87' lang='lat' dir='ltr'><strong>repertam.</strong></span> <span class='ocrx_word' id='word_1_343' title='bbox 708 2303 787 2331; x_wconf 85' lang='lat' dir='ltr'><strong>llunc</strong></span> <span class='ocrx_word' id='word_1_344' title='bbox 804 2305 887 2338; x_wconf 88' lang='lat' dir='ltr'><strong>enim,</strong></span> <span class='ocrx_word' id='word_1_345' title='bbox 905 2309 933 2332; x_wconf 90' lang='lat' dir='ltr'><strong>ut</strong></span> <span class='ocrx_word' id='word_1_346' title='bbox 958 2311 985 2333; x_wconf 87' lang='lat' dir='ltr'><strong>et</strong></span> 
     </span>
    </p>
   </div>
   <div class='ocr_carea' id='block_1_52' title="bbox 196 2349 984 2383">
    <p class='ocr_par' dir='ltr' id='par_1_52' title="bbox 196 2349 984 2383">
     <span class='ocr_line' id='line_1_52' title="bbox 196 2349 984 2383; baseline 0.004 -8"><span class='ocrx_word' id='word_1_347' title='bbox 196 2349 256 2376; x_wconf 61' lang='lat' dir='ltr'><strong>alia:</strong></span> <span class='ocrx_word' id='word_1_348' title='bbox 280 2350 403 2383; x_wconf 67' lang='lat' dir='ltr'><strong>quaedam</strong></span> <span class='ocrx_word' id='word_1_349' title='bbox 420 2349 548 2380; x_wconf 82' lang='lat' dir='ltr'><strong>haereses,</strong></span> <span class='ocrx_word' id='word_1_350' title='bbox 567 2349 683 2383; x_wconf 84' lang='lat' dir='ltr'><strong>septimo</strong></span> <span class='ocrx_word' id='word_1_351' title='bbox 699 2349 726 2376; x_wconf 89' lang='lat' dir='ltr'><strong>in</strong></span> <span class='ocrx_word' id='word_1_352' title='bbox 741 2349 807 2377; x_wconf 90' lang='lat' dir='ltr'><strong>orbe</strong></span> <span class='ocrx_word' id='word_1_353' title='bbox 821 2351 934 2383; x_wconf 82' lang='lat' dir='ltr'><strong>versari,</strong></span> <span class='ocrx_word' id='word_1_354' title='bbox 953 2358 984 2378; x_wconf 89' lang='lat' dir='ltr'><strong>ac</strong></span> 
     </span>
    </p>
   </div>
   <div class='ocr_carea' id='block_1_53' title="bbox 197 2393 985 2430">
    <p class='ocr_par' dir='ltr' id='par_1_53' title="bbox 197 2393 985 2430">
     <span class='ocr_line' id='line_1_53' title="bbox 197 2393 985 2430; baseline 0.005 -11"><span class='ocrx_word' id='word_1_355' title='bbox 197 2393 368 2428; x_wconf 84' lang='lat' dir='ltr'><strong>tyrannidem</strong></span> <span class='ocrx_word' id='word_1_356' title='bbox 394 2401 522 2421; x_wconf 84' lang='lat' dir='ltr'><strong>exercere</strong></span> <span class='ocrx_word' id='word_1_357' title='bbox 550 2394 712 2429; x_wconf 61' lang='lat' dir='ltr'><strong>pradicant,</strong></span> <span class='ocrx_word' id='word_1_358' title='bbox 734 2399 903 2430; x_wconf 73' lang='lat' dir='ltr'><strong>czeterosque</strong></span> <span class='ocrx_word' id='word_1_359' title='bbox 927 2396 985 2423; x_wconf 84' lang='lat' dir='ltr'><strong>vio-</strong></span> 
     </span>
    </p>
   </div>
   <div class='ocr_carea' id='block_1_54' title="bbox 197 2439 984 2477">
    <p class='ocr_par' dir='ltr' id='par_1_54' title="bbox 197 2439 984 2477">
     <span class='ocr_line' id='line_1_54' title="bbox 197 2439 984 2477; baseline 0.005 -12"><span class='ocrx_word' id='word_1_360' title='bbox 197 2439 282 2466; x_wconf 86' lang='lat' dir='ltr'><strong>lenter</strong></span> <span class='ocrx_word' id='word_1_361' title='bbox 297 2439 461 2474; x_wconf 89' lang='lat' dir='ltr'><strong>opprimere.</strong></span> <span class='ocrx_word' id='word_1_362' title='bbox 482 2439 689 2475; x_wconf 88' lang='lat' dir='ltr'><strong>Principatuum</strong></span> <span class='ocrx_word' id='word_1_363' title='bbox 710 2445 932 2477; x_wconf 86' lang='lat' dir='ltr'><strong>potestatumque</strong></span> <span class='ocrx_word' id='word_1_364' title='bbox 945 2443 984 2469; x_wconf 90' lang='lat' dir='ltr'><strong>ci-</strong></span> 
     </span>
    </p>
   </div>
   <div class='ocr_carea' id='block_1_55' title="bbox 197 2485 984 2522">
    <p class='ocr_par' dir='ltr' id='par_1_55' title="bbox 197 2485 984 2522">
     <span class='ocr_line' id='line_1_55' title="bbox 197 2485 984 2522; baseline 0.006 -11"><span class='ocrx_word' id='word_1_365' title='bbox 197 2485 260 2512; x_wconf 91' lang='lat' dir='ltr'><strong>bum</strong></span> <span class='ocrx_word' id='word_1_366' title='bbox 284 2485 403 2512; x_wconf 91' lang='lat' dir='ltr'><strong>animam</strong></span> <span class='ocrx_word' id='word_1_367' title='bbox 423 2487 573 2520; x_wconf 86' lang='lat' dir='ltr'><strong>appellant,</strong></span> <span class='ocrx_word' id='word_1_368' title='bbox 590 2487 650 2514; x_wconf 85' lang='lat' dir='ltr'><strong>sine</strong></span> <span class='ocrx_word' id='word_1_369' title='bbox 666 2495 719 2522; x_wconf 91' lang='lat' dir='ltr'><strong>qua</strong></span> <span class='ocrx_word' id='word_1_370' title='bbox 735 2488 826 2516; x_wconf 88' lang='lat' dir='ltr'><strong>vivere</strong></span> <span class='ocrx_word' id='word_1_371' title='bbox 849 2489 910 2516; x_wconf 88' lang='lat' dir='ltr'><strong>illos</strong></span> <span class='ocrx_word' id='word_1_372' title='bbox 929 2497 984 2516; x_wconf 92' lang='lat' dir='ltr'><strong>non</strong></span> 
     </span>
    </p>
   </div>
   <div class='ocr_carea' id='block_1_56' title="bbox 196 2531 984 2569">
    <p class='ocr_par' dir='ltr' id='par_1_56' title="bbox 196 2531 984 2569">
     <span class='ocr_line' id='line_1_56' title="bbox 196 2531 984 2569; baseline 0.008 -13"><span class='ocrx_word' id='word_1_373' title='bbox 196 2537 287 2565; x_wconf 89' lang='lat' dir='ltr'><strong>posse,</strong></span> <span class='ocrx_word' id='word_1_374' title='bbox 303 2531 376 2565; x_wconf 90' lang='lat' dir='ltr'><strong>quod</strong></span> <span class='ocrx_word' id='word_1_375' title='bbox 396 2539 411 2557; x_wconf 86' lang='lat' dir='ltr'><strong>a</strong></span> <span class='ocrx_word' id='word_1_376' title='bbox 429 2532 534 2559; x_wconf 67' lang='lat' dir='ltr'><strong>caelesti</strong></span> <span class='ocrx_word' id='word_1_377' title='bbox 557 2540 618 2560; x_wconf 84' lang='lat' dir='ltr'><strong>rore</strong></span> <span class='ocrx_word' id='word_1_378' title='bbox 638 2538 779 2568; x_wconf 86' lang='lat' dir='ltr'><strong>procreata</strong></span> <span class='ocrx_word' id='word_1_379' title='bbox 800 2539 905 2569; x_wconf 78' lang='lat' dir='ltr'><strong>vegetet</strong></span> <span class='ocrx_word' id='word_1_380' title='bbox 923 2535 984 2563; x_wconf 92' lang='lat' dir='ltr'><strong>illos</strong></span> 
     </span>
    </p>
   </div>
   <div class='ocr_carea' id='block_1_57' title="bbox 197 2576 986 2614">
    <p class='ocr_par' dir='ltr' id='par_1_57' title="bbox 197 2576 986 2614">
     <span class='ocr_line' id='line_1_57' title="bbox 197 2576 986 2614; baseline 0.005 -10"><span class='ocrx_word' id='word_1_381' title='bbox 197 2583 228 2604; x_wconf 48' lang='lat' dir='ltr'><strong>ac</strong></span> <span class='ocrx_word' id='word_1_382' title='bbox 242 2576 341 2604; x_wconf 75' lang='lat' dir='ltr'><strong>foveat.</strong></span> <span class='ocrx_word' id='word_1_383' title='bbox 356 2577 421 2610; x_wconf 68' lang='lat' dir='ltr'><strong>Qum</strong></span> <span class='ocrx_word' id='word_1_384' title='bbox 436 2585 497 2604; x_wconf 90' lang='lat' dir='ltr'><strong>cum</strong></span> <span class='ocrx_word' id='word_1_385' title='bbox 517 2577 550 2604; x_wconf 91' lang='lat' dir='ltr'><strong>ad</strong></span> <span class='ocrx_word' id='word_1_386' title='bbox 566 2579 749 2613; x_wconf 86' lang='lat' dir='ltr'><strong>cognitionem</strong></span> <span class='ocrx_word' id='word_1_387' title='bbox 767 2581 932 2614; x_wconf 86' lang='lat' dir='ltr'><strong>pervenerit,</strong></span> <span class='ocrx_word' id='word_1_388' title='bbox 953 2587 986 2607; x_wconf 85' lang='lat' dir='ltr'><strong>ac</strong></span> 
     </span>
    </p>
   </div>
   <div class='ocr_carea' id='block_1_58' title="bbox 197 2622 986 2660">
    <p class='ocr_par' dir='ltr' id='par_1_58' title="bbox 197 2622 986 2660">
     <span class='ocr_line' id='line_1_58' title="bbox 197 2622 986 2660; baseline 0.005 -11"><span class='ocrx_word' id='word_1_389' title='bbox 197 2622 363 2658; x_wconf 85' lang='lat' dir='ltr'><strong>baptismum</strong></span> <span class='ocrx_word' id='word_1_390' title='bbox 390 2622 517 2650; x_wconf 63' lang='lat' dir='ltr'><strong>Ecclesiae</strong></span> <span class='ocrx_word' id='word_1_391' title='bbox 541 2632 696 2660; x_wconf 81' lang='lat' dir='ltr'><strong>nomenque</strong></span> <span class='ocrx_word' id='word_1_392' title='bbox 717 2624 848 2658; x_wconf 84' lang='lat' dir='ltr'><strong>Sabaoth,</strong></span> <span class='ocrx_word' id='word_1_393' title='bbox 872 2626 918 2660; x_wconf 87' lang='lat' dir='ltr'><strong>qui</strong></span> <span class='ocrx_word' id='word_1_394' title='bbox 936 2634 986 2653; x_wconf 90' lang='lat' dir='ltr'><strong>au-</strong></span> 
     </span>
    </p>
   </div>
   <div class='ocr_carea' id='block_1_59' title="bbox 195 2669 986 2707">
    <p class='ocr_par' dir='ltr' id='par_1_59' title="bbox 195 2669 986 2707">
     <span class='ocr_line' id='line_1_59' title="bbox 195 2669 986 2707; baseline 0.005 -11"><span class='ocrx_word' id='word_1_395' title='bbox 195 2675 256 2696; x_wconf 68' lang='lat' dir='ltr'><strong>otcr</strong></span> <span class='ocrx_word' id='word_1_396' title='bbox 281 2669 349 2705; x_wconf 79' lang='lat' dir='ltr'><strong>legis</strong></span> <span class='ocrx_word' id='word_1_397' title='bbox 371 2674 424 2703; x_wconf 86' lang='lat' dir='ltr'><strong>est,</strong></span> <span class='ocrx_word' id='word_1_398' title='bbox 451 2670 586 2705; x_wconf 79' lang='lat' dir='ltr'><strong>effugerit,</strong></span> <span class='ocrx_word' id='word_1_399' title='bbox 603 2671 636 2698; x_wconf 83' lang='lat' dir='ltr'><strong>ad</strong></span> <span class='ocrx_word' id='word_1_400' title='bbox 661 2672 783 2707; x_wconf 77' lang='lat' dir='ltr'><strong>singulos</strong></span> <span class='ocrx_word' id='word_1_401' title='bbox 801 2672 910 2700; x_wconf 81' lang='lat' dir='ltr'><strong>evolare</strong></span> <span class='ocrx_word' id='word_1_402' title='bbox 932 2680 986 2700; x_wconf 77' lang='lat' dir='ltr'><strong>cce-</strong></span> 
     </span>
    </p>
   </div>
   <div class='ocr_carea' id='block_1_60' title="bbox 233 2759 734 2798">
    <p class='ocr_par' dir='ltr' id='par_1_60' title="bbox 233 2759 734 2798">
     <span class='ocr_line' id='line_1_60' title="bbox 233 2759 734 2798; baseline 0.006 -12"><span class='ocrx_word' id='word_1_403' title='bbox 233 2761 242 2776; x_wconf 88' lang='grc'>¹</span> <span class='ocrx_word' id='word_1_404' title='bbox 255 2759 284 2787; x_wconf 76' lang='lat' dir='ltr'><strong>F.</strong></span> <span class='ocrx_word' id='word_1_405' title='bbox 299 2759 424 2795; x_wconf 82' lang='grc' dir='ltr'>βεϐαίων.</span> <span class='ocrx_word' id='word_1_406' title='bbox 464 2761 475 2777; x_wconf 88' lang='grc'><strong>¹</strong></span> <span class='ocrx_word' id='word_1_407' title='bbox 490 2760 520 2788; x_wconf 83' lang='lat' dir='ltr'><strong>F.</strong></span> <span class='ocrx_word' id='word_1_408' title='bbox 535 2762 734 2798; x_wconf 78' lang='grc' dir='ltr'>κεχραμμένοι.</span> 
     </span>
    </p>
   </div>
   <div class='ocr_carea' id='block_1_61' title="bbox 234 2847 847 2880">
    <p class='ocr_par' dir='ltr' id='par_1_61' title="bbox 234 2847 847 2880">
     <span class='ocr_line' id='line_1_61' title="bbox 234 2847 847 2880; baseline 0.002 -2"><span class='ocrx_word' id='word_1_409' title='bbox 234 2847 291 2878; x_wconf 72' lang='grc'><strong>(55)</strong></span> <span class='ocrx_word' id='word_1_410' title='bbox 304 2849 353 2876; x_wconf 72' lang='grc' dir='ltr'><strong>Είὶ</strong></span> <span class='ocrx_word' id='word_1_411' title='bbox 358 2849 422 2878; x_wconf 80' lang='grc' dir='ltr'>έναι</span> <span class='ocrx_word' id='word_1_412' title='bbox 436 2850 470 2877; x_wconf 78' lang='grc' dir='ltr'><strong>δὲ</strong></span> <span class='ocrx_word' id='word_1_413' title='bbox 483 2850 548 2879; x_wconf 74' lang='grc' dir='ltr'>καθ’</span> <span class='ocrx_word' id='word_1_414' title='bbox 564 2850 704 2880; x_wconf 68' lang='grc' dir='ltr'>ἕκαστον.</span> <span class='ocrx_word' id='word_1_415' title='bbox 721 2851 750 2879; x_wconf 84' lang='lat' dir='ltr'><strong>F.</strong></span> <span class='ocrx_word' id='word_1_416' title='bbox 767 2860 847 2879; x_wconf 83' lang='grc' dir='ltr'>ειναι.</span> 
     </span>
    </p>
   </div>
   <div class='ocr_carea' id='block_1_62' title="bbox 1034 237 1827 274">
    <p class='ocr_par' dir='ltr' id='par_1_62' title="bbox 1034 237 1827 274">
     <span class='ocr_line' id='line_1_62' title="bbox 1034 237 1827 274; baseline -0.004 -8"><span class='ocrx_word' id='word_1_417' title='bbox 1034 239 1097 274; x_wconf 80' lang='grc' dir='ltr'>σθη,</span> <span class='ocrx_word' id='word_1_418' title='bbox 1110 239 1156 265; x_wconf 75' lang='grc' dir='ltr'><strong>καὶ</strong></span> <span class='ocrx_word' id='word_1_419' title='bbox 1170 239 1330 274; x_wconf 78' lang='grc' dir='ltr'>ἐλήλεγκται</span> <span class='ocrx_word' id='word_1_420' title='bbox 1346 237 1390 265; x_wconf 80' lang='grc' dir='ltr'>διὰ</span> <span class='ocrx_word' id='word_1_421' title='bbox 1406 238 1457 273; x_wconf 83' lang='grc' dir='ltr'>τῆς</span> <span class='ocrx_word' id='word_1_422' title='bbox 1471 237 1551 273; x_wconf 78' lang='grc' dir='ltr'>ήμῶν</span> <span class='ocrx_word' id='word_1_423' title='bbox 1565 237 1743 273; x_wconf 80' lang='grc' dir='ltr'>βραχύτητος.</span> <span class='ocrx_word' id='word_1_424' title='bbox 1767 238 1827 264; x_wconf 69' lang='grc' dir='ltr'><strong>Καὶ</strong></span> 
     </span>
    </p>
   </div>
   <div class='ocr_carea' id='block_1_63' title="bbox 1033 280 1828 320">
    <p class='ocr_par' dir='ltr' id='par_1_63' title="bbox 1033 280 1828 320">
     <span class='ocr_line' id='line_1_63' title="bbox 1033 280 1828 320; baseline -0.004 -8"><span class='ocrx_word' id='word_1_425' title='bbox 1033 280 1159 312; x_wconf 75' lang='grc' dir='ltr'>ἐκάθισεν</span> <span class='ocrx_word' id='word_1_426' title='bbox 1177 286 1205 312; x_wconf 77' lang='grc' dir='ltr'>ἐν</span> <span class='ocrx_word' id='word_1_427' title='bbox 1218 284 1256 320; x_wconf 86' lang='grc' dir='ltr'>τῷ</span> <span class='ocrx_word' id='word_1_428' title='bbox 1270 284 1393 320; x_wconf 77' lang='grc' dir='ltr'><strong>σπηλαίῳ</strong></span> <span class='ocrx_word' id='word_1_429' title='bbox 1408 284 1500 310; x_wconf 70' lang='grc' dir='ltr'>λοιπὸν</span> <span class='ocrx_word' id='word_1_430' title='bbox 1515 283 1669 318; x_wconf 69' lang='grc' dir='ltr'><strong>βδελυχθεὶς</strong></span> <span class='ocrx_word' id='word_1_431' title='bbox 1684 283 1736 309; x_wconf 82' lang='grc' dir='ltr'><strong>ὑπὸ</strong></span> <span class='ocrx_word' id='word_1_432' title='bbox 1756 282 1828 309; x_wconf 86' lang='grc' dir='ltr'>πάν-</span> 
     </span>
    </p>
   </div>
   <div class='ocr_carea' id='block_1_64' title="bbox 1033 329 1827 368">
    <p class='ocr_par' dir='ltr' id='par_1_64' title="bbox 1033 329 1827 368">
     <span class='ocr_line' id='line_1_64' title="bbox 1033 329 1827 368; baseline -0.005 -9"><span class='ocrx_word' id='word_1_433' title='bbox 1033 341 1097 365; x_wconf 85' lang='grc' dir='ltr'>των,</span> <span class='ocrx_word' id='word_1_434' title='bbox 1120 332 1167 359; x_wconf 71' lang='grc' dir='ltr'>καὶ</span> <span class='ocrx_word' id='word_1_435' title='bbox 1191 332 1322 368; x_wconf 78' lang='grc' dir='ltr'><strong>μονωθεὶς</strong></span> <span class='ocrx_word' id='word_1_436' title='bbox 1344 332 1398 358; x_wconf 81' lang='grc' dir='ltr'><strong>ἀπὸ</strong></span> <span class='ocrx_word' id='word_1_437' title='bbox 1416 331 1466 366; x_wconf 82' lang='grc' dir='ltr'>τῆς</span> <span class='ocrx_word' id='word_1_438' title='bbox 1485 330 1682 365; x_wconf 75' lang='grc' dir='ltr'>ἀδελφότητος,</span> <span class='ocrx_word' id='word_1_439' title='bbox 1700 330 1748 356; x_wconf 74' lang='grc' dir='ltr'>καὶ</span> <span class='ocrx_word' id='word_1_440' title='bbox 1769 329 1827 356; x_wconf 77' lang='grc' dir='ltr'><strong>ἀπδ</strong></span> 
     </span>
    </p>
   </div>
   <div class='ocr_carea' id='block_1_65' title="bbox 1034 376 1825 412">
    <p class='ocr_par' dir='ltr' id='par_1_65' title="bbox 1034 376 1825 412">
     <span class='ocr_line' id='line_1_65' title="bbox 1034 376 1825 412; baseline -0.003 -8"><span class='ocrx_word' id='word_1_441' title='bbox 1034 378 1167 404; x_wconf 73' lang='grc' dir='ltr'><strong>πλείστων</strong></span> <span class='ocrx_word' id='word_1_442' title='bbox 1197 378 1251 404; x_wconf 86' lang='grc' dir='ltr'><strong>τῶν</strong></span> <span class='ocrx_word' id='word_1_443' title='bbox 1277 377 1327 412; x_wconf 82' lang='grc' dir='ltr'>τῆς</span> <span class='ocrx_word' id='word_1_444' title='bbox 1352 377 1424 412; x_wconf 77' lang='grc' dir='ltr'>ζωῆς</span> <span class='ocrx_word' id='word_1_445' title='bbox 1457 376 1561 403; x_wconf 77' lang='grc' dir='ltr'><strong>ἑαυτῶν</strong></span> <span class='ocrx_word' id='word_1_446' title='bbox 1590 376 1825 411; x_wconf 73' lang='grc' dir='ltr'>ἐπιμελουμένων.</span> 
     </span>
    </p>
   </div>
   <div class='ocr_carea' id='block_1_66' title="bbox 1034 422 1826 459">
    <p class='ocr_par' dir='ltr' id='par_1_66' title="bbox 1034 422 1826 459">
     <span class='ocr_line' id='line_1_66' title="bbox 1034 422 1826 459; baseline -0.001 -10"><span class='ocrx_word' id='word_1_447' title='bbox 1034 423 1106 459; x_wconf 66' lang='grc' dir='ltr'>Πρδς</span> <span class='ocrx_word' id='word_1_448' title='bbox 1121 422 1214 450; x_wconf 77' lang='grc' dir='ltr'>τοῦτον</span> <span class='ocrx_word' id='word_1_449' title='bbox 1231 422 1275 449; x_wconf 81' lang='grc' dir='ltr'>τὸν</span> <span class='ocrx_word' id='word_1_450' title='bbox 1296 423 1410 458; x_wconf 79' lang='grc' dir='ltr'>γέροντα</span> <span class='ocrx_word' id='word_1_451' title='bbox 1428 422 1574 457; x_wconf 74' lang='grc' dir='ltr'>καταχθεὶς</span> <span class='ocrx_word' id='word_1_452' title='bbox 1592 423 1606 449; x_wconf 83' lang='grc' dir='ltr'>ὁ</span> <span class='ocrx_word' id='word_1_453' title='bbox 1623 422 1826 458; x_wconf 71' lang='grc' dir='ltr'><strong>προειρημένος</strong></span> 
     </span>
    </p>
   </div>
   <div class='ocr_carea' id='block_1_67' title="bbox 1034 466 1825 503">
    <p class='ocr_par' dir='ltr' id='par_1_67' title="bbox 1034 466 1825 503">
     <span class='ocr_line' id='line_1_67' title="bbox 1034 466 1825 503; baseline 0.001 -10"><span class='ocrx_word' id='word_1_454' title='bbox 1034 466 1181 499; x_wconf 78' lang='grc' dir='ltr'>Εὖτακτος,</span> <span class='ocrx_word' id='word_1_455' title='bbox 1195 467 1252 501; x_wconf 83' lang='grc' dir='ltr'>εἴγε</span> <span class='ocrx_word' id='word_1_456' title='bbox 1270 466 1416 499; x_wconf 82' lang='grc' dir='ltr'>Εὖτακτος,</span> <span class='ocrx_word' id='word_1_457' title='bbox 1431 467 1484 494; x_wconf 74' lang='grc' dir='ltr'>ἀπὸ</span> <span class='ocrx_word' id='word_1_458' title='bbox 1498 468 1547 503; x_wconf 79' lang='grc' dir='ltr'>τῆς</span> <span class='ocrx_word' id='word_1_459' title='bbox 1568 467 1705 502; x_wconf 80' lang='grc' dir='ltr'><strong>Αἰγύπτου</strong></span> <span class='ocrx_word' id='word_1_460' title='bbox 1719 467 1825 503; x_wconf 79' lang='grc' dir='ltr'>διερχό-</span> 
     </span>
    </p>
   </div>
   <div class='ocr_carea' id='block_1_68' title="bbox 1036 513 1826 549">
    <p class='ocr_par' dir='ltr' id='par_1_68' title="bbox 1036 513 1826 549">
     <span class='ocr_line' id='line_1_68' title="bbox 1036 513 1826 549; baseline 0.001 -10"><span class='ocrx_word' id='word_1_461' title='bbox 1036 522 1125 548; x_wconf 80' lang='grc' dir='ltr'>μενος,</span> <span class='ocrx_word' id='word_1_462' title='bbox 1137 513 1184 540; x_wconf 79' lang='grc' dir='ltr'>καὶ</span> <span class='ocrx_word' id='word_1_463' title='bbox 1196 513 1356 548; x_wconf 76' lang='grc' dir='ltr'>μεταλαϐὼν</span> <span class='ocrx_word' id='word_1_464' title='bbox 1367 515 1415 549; x_wconf 84' lang='grc' dir='ltr'>τῆς</span> <span class='ocrx_word' id='word_1_465' title='bbox 1428 513 1475 540; x_wconf 83' lang='grc' dir='ltr'>τοῦ</span> <span class='ocrx_word' id='word_1_466' title='bbox 1487 513 1614 548; x_wconf 82' lang='grc' dir='ltr'>γέροντος</span> <span class='ocrx_word' id='word_1_467' title='bbox 1626 514 1826 540; x_wconf 75' lang='grc' dir='ltr'>κακοδιδασκα-</span> 
     </span>
    </p>
   </div>
   <div class='ocr_carea' id='block_1_69' title="bbox 1034 558 1826 594">
    <p class='ocr_par' dir='ltr' id='par_1_69' title="bbox 1034 558 1826 594">
     <span class='ocr_line' id='line_1_69' title="bbox 1034 558 1826 594; baseline 0.004 -11"><span class='ocrx_word' id='word_1_468' title='bbox 1034 558 1103 590; x_wconf 80' lang='grc' dir='ltr'>λίας,</span> <span class='ocrx_word' id='word_1_469' title='bbox 1121 558 1159 590; x_wconf 88' lang='grc' dir='ltr'>ὼς</span> <span class='ocrx_word' id='word_1_470' title='bbox 1177 558 1299 593; x_wconf 80' lang='grc' dir='ltr'>μεγάλην</span> <span class='ocrx_word' id='word_1_471' title='bbox 1312 559 1447 594; x_wconf 80' lang='grc' dir='ltr'>ἐμπορίαν</span> <span class='ocrx_word' id='word_1_472' title='bbox 1457 559 1488 585; x_wconf 83' lang='grc' dir='ltr'>τὸ</span> <span class='ocrx_word' id='word_1_473' title='bbox 1506 559 1667 594; x_wconf 80' lang='grc' dir='ltr'><strong>δηλητήριον</strong></span> <span class='ocrx_word' id='word_1_474' title='bbox 1681 559 1758 586; x_wconf 79' lang='grc' dir='ltr'>τοῦτο</span> <span class='ocrx_word' id='word_1_475' title='bbox 1776 559 1826 586; x_wconf 87' lang='grc' dir='ltr'>λα-</span> 
     </span>
    </p>
   </div>
   <div class='ocr_carea' id='block_1_70' title="bbox 1034 603 1826 640">
    <p class='ocr_par' dir='ltr' id='par_1_70' title="bbox 1034 603 1826 640">
     <span class='ocr_line' id='line_1_70' title="bbox 1034 603 1826 640; baseline 0.001 -10"><span class='ocrx_word' id='word_1_476' title='bbox 1034 603 1099 636; x_wconf 86' lang='grc' dir='ltr'>ϐὼν,</span> <span class='ocrx_word' id='word_1_477' title='bbox 1108 605 1148 635; x_wconf 86' lang='grc' dir='ltr'>εἰς</span> <span class='ocrx_word' id='word_1_478' title='bbox 1160 604 1208 639; x_wconf 80' lang='grc' dir='ltr'><strong>τὴν</strong></span> <span class='ocrx_word' id='word_1_479' title='bbox 1218 604 1314 631; x_wconf 77' lang='grc' dir='ltr'>ἑαυτοῦ</span> <span class='ocrx_word' id='word_1_480' title='bbox 1321 606 1443 640; x_wconf 82' lang='grc' dir='ltr'><strong>’πατρίδα</strong></span> <span class='ocrx_word' id='word_1_481' title='bbox 1453 605 1631 640; x_wconf 79' lang='grc' dir='ltr'>ἀπεκόμισεν.</span> <span class='ocrx_word' id='word_1_482' title='bbox 1641 603 1694 631; x_wconf 83' lang='grc' dir='ltr'><strong>’Ἦν</strong></span> <span class='ocrx_word' id='word_1_483' title='bbox 1704 605 1759 640; x_wconf 70' lang='grc' dir='ltr'><strong>γὰρ</strong></span> <span class='ocrx_word' id='word_1_484' title='bbox 1769 606 1826 632; x_wconf 72' lang='grc' dir='ltr'><strong>ἀπὸ</strong></span> 
     </span>
    </p>
   </div>
   <div class='ocr_carea' id='block_1_71' title="bbox 1033 651 1826 687">
    <p class='ocr_par' dir='ltr' id='par_1_71' title="bbox 1033 651 1826 687">
     <span class='ocr_line' id='line_1_71' title="bbox 1033 651 1826 687; baseline 0.001 -10"><span class='ocrx_word' id='word_1_485' title='bbox 1033 652 1082 687; x_wconf 79' lang='grc' dir='ltr'>τῆς</span> <span class='ocrx_word' id='word_1_486' title='bbox 1092 652 1193 686; x_wconf 78' lang='grc' dir='ltr'>μικρᾶς</span> <span class='ocrx_word' id='word_1_487' title='bbox 1205 651 1362 687; x_wconf 79' lang='grc' dir='ltr'><strong>Ἀρμενίας,</strong></span> <span class='ocrx_word' id='word_1_488' title='bbox 1375 651 1412 684; x_wconf 82' lang='grc' dir='ltr'>ὡς</span> <span class='ocrx_word' id='word_1_489' title='bbox 1429 651 1507 687; x_wconf 72' lang='grc' dir='ltr'>ἔφην,</span> <span class='ocrx_word' id='word_1_490' title='bbox 1525 651 1694 687; x_wconf 80' lang='grc' dir='ltr'>ὁρμώμενος,</span> <span class='ocrx_word' id='word_1_491' title='bbox 1706 651 1760 678; x_wconf 84' lang='grc' dir='ltr'>τῶν</span> <span class='ocrx_word' id='word_1_492' title='bbox 1772 653 1826 678; x_wconf 83' lang='grc' dir='ltr'><strong>Σα-</strong></span> 
     </span>
    </p>
   </div>
   <div class='ocr_carea' id='block_1_72' title="bbox 1033 691 1824 733">
    <p class='ocr_par' dir='ltr' id='par_1_72' title="bbox 1033 691 1824 733">
     <span class='ocr_line' id='line_1_72' title="bbox 1033 691 1824 733; baseline 0.003 -11"><span class='ocrx_word' id='word_1_493' title='bbox 1033 697 1117 732; x_wconf 80' lang='grc' dir='ltr'>τὰλης</span> <span class='ocrx_word' id='word_1_494' title='bbox 1141 691 1254 733; x_wconf 64' lang='grc' dir='ltr'>πλησῖον</span> <span class='ocrx_word' id='word_1_495' title='bbox 1282 698 1383 724; x_wconf 85' lang='grc' dir='ltr'>τόπων.</span> <span class='ocrx_word' id='word_1_496' title='bbox 1404 697 1575 724; x_wconf 80' lang='grc' dir='ltr'>Ἐπανελθὼν</span> <span class='ocrx_word' id='word_1_497' title='bbox 1596 698 1637 729; x_wconf 86' lang='grc' dir='ltr'>είς</span> <span class='ocrx_word' id='word_1_498' title='bbox 1657 699 1708 733; x_wconf 87' lang='grc' dir='ltr'><strong>τὴν</strong></span> <span class='ocrx_word' id='word_1_499' title='bbox 1725 697 1824 724; x_wconf 78' lang='grc' dir='ltr'>ἑαυτοῦ</span> 
     </span>
    </p>
   </div>
   <div class='ocr_carea' id='block_1_73' title="bbox 1035 743 1825 780">
    <p class='ocr_par' dir='ltr' id='par_1_73' title="bbox 1035 743 1825 780">
     <span class='ocr_line' id='line_1_73' title="bbox 1035 743 1825 780; baseline 0 -10"><span class='ocrx_word' id='word_1_500' title='bbox 1035 744 1162 779; x_wconf 79' lang='grc' dir='ltr'><strong>πατρίδα,</strong></span> <span class='ocrx_word' id='word_1_501' title='bbox 1180 743 1293 776; x_wconf 75' lang='grc' dir='ltr'>πολλοὺς</span> <span class='ocrx_word' id='word_1_502' title='bbox 1311 743 1408 780; x_wconf 75' lang='grc' dir='ltr'>ἔχρανε</span> <span class='ocrx_word' id='word_1_503' title='bbox 1428 743 1478 779; x_wconf 77' lang='grc' dir='ltr'>τῆς</span> <span class='ocrx_word' id='word_1_504' title='bbox 1498 744 1582 779; x_wconf 81' lang='grc' dir='ltr'>αὐτῆς</span> <span class='ocrx_word' id='word_1_505' title='bbox 1600 745 1701 779; x_wconf 84' lang='grc' dir='ltr'>μικρᾶς</span> <span class='ocrx_word' id='word_1_506' title='bbox 1721 745 1825 780; x_wconf 83' lang='grc' dir='ltr'>Ἀρμε-</span> 
     </span>
    </p>
   </div>
   <div class='ocr_carea' id='block_1_74' title="bbox 1034 789 1825 826">
    <p class='ocr_par' dir='ltr' id='par_1_74' title="bbox 1034 789 1825 826">
     <span class='ocr_line' id='line_1_74' title="bbox 1034 789 1825 826; baseline 0.001 -10"><span class='ocrx_word' id='word_1_507' title='bbox 1034 789 1102 822; x_wconf 80' lang='grc' dir='ltr'>νίας,</span> <span class='ocrx_word' id='word_1_508' title='bbox 1120 790 1305 826; x_wconf 63' lang='grc' dir='ltr'>προσφθαρείς</span> <span class='ocrx_word' id='word_1_509' title='bbox 1316 799 1370 817; x_wconf 73' lang='grc' dir='ltr'>τισι</span> <span class='ocrx_word' id='word_1_510' title='bbox 1383 790 1530 821; x_wconf 81' lang='grc' dir='ltr'>πλουσίοις,</span> <span class='ocrx_word' id='word_1_511' title='bbox 1545 790 1712 826; x_wconf 79' lang='grc' dir='ltr'>συγκλητικῇ</span> <span class='ocrx_word' id='word_1_512' title='bbox 1729 791 1759 817; x_wconf 81' lang='grc' dir='ltr'><strong>τέ</strong></span> <span class='ocrx_word' id='word_1_513' title='bbox 1769 799 1825 817; x_wconf 87' lang='grc' dir='ltr'>τινι</span> 
     </span>
    </p>
   </div>
   <div class='ocr_carea' id='block_1_75' title="bbox 1036 833 1825 873">
    <p class='ocr_par' dir='ltr' id='par_1_75' title="bbox 1036 833 1825 873">
     <span class='ocr_line' id='line_1_75' title="bbox 1036 833 1825 873; baseline 0 -11"><span class='ocrx_word' id='word_1_514' title='bbox 1036 837 1082 862; x_wconf 77' lang='grc' dir='ltr'><strong>καὶ</strong></span> <span class='ocrx_word' id='word_1_515' title='bbox 1109 836 1200 868; x_wconf 84' lang='grc' dir='ltr'>ἄλλοις</span> <span class='ocrx_word' id='word_1_516' title='bbox 1225 836 1430 873; x_wconf 83' lang='grc' dir='ltr'>περιϐλέπτοις,</span> <span class='ocrx_word' id='word_1_517' title='bbox 1451 836 1484 863; x_wconf 85' lang='grc' dir='ltr'>δι’</span> <span class='ocrx_word' id='word_1_518' title='bbox 1506 833 1543 863; x_wconf 84' lang='grc' dir='ltr'><strong>ὧν</strong></span> <span class='ocrx_word' id='word_1_519' title='bbox 1565 835 1700 870; x_wconf 83' lang='grc' dir='ltr'>διαφανῶν</span> <span class='ocrx_word' id='word_1_520' title='bbox 1719 836 1825 871; x_wconf 78' lang='grc' dir='ltr'>ἀνδρῶν</span> 
     </span>
    </p>
   </div>
   <div class='ocr_carea' id='block_1_76' title="bbox 1035 881 1824 918">
    <p class='ocr_par' dir='ltr' id='par_1_76' title="bbox 1035 881 1824 918">
     <span class='ocr_line' id='line_1_76' title="bbox 1035 881 1824 918; baseline 0.001 -11"><span class='ocrx_word' id='word_1_521' title='bbox 1035 881 1150 914; x_wconf 79' lang='grc' dir='ltr'>πολλοὺς</span> <span class='ocrx_word' id='word_1_522' title='bbox 1168 883 1257 908; x_wconf 75' lang='grc' dir='ltr'>ἐκεῖσε</span> <span class='ocrx_word' id='word_1_523' title='bbox 1282 883 1417 909; x_wconf 83' lang='grc' dir='ltr'>ἀπώλεσε.</span> <span class='ocrx_word' id='word_1_524' title='bbox 1429 883 1528 917; x_wconf 87' lang='grc' dir='ltr'>Τάχιον</span> <span class='ocrx_word' id='word_1_525' title='bbox 1547 882 1576 908; x_wconf 83' lang='grc' dir='ltr'><strong>δὲ</strong></span> <span class='ocrx_word' id='word_1_526' title='bbox 1595 883 1675 908; x_wconf 78' lang='grc' dir='ltr'>αὐτὸν</span> <span class='ocrx_word' id='word_1_527' title='bbox 1687 883 1701 908; x_wconf 84' lang='grc' dir='ltr'>ὁ</span> <span class='ocrx_word' id='word_1_528' title='bbox 1721 882 1824 918; x_wconf 77' lang='grc' dir='ltr'>Κύριος</span> 
     </span>
    </p>
   </div>
   <div class='ocr_carea' id='block_1_77' title="bbox 1034 926 1827 963">
    <p class='ocr_par' dir='ltr' id='par_1_77' title="bbox 1034 926 1827 963">
     <span class='ocr_line' id='line_1_77' title="bbox 1034 926 1827 963; baseline 0.003 -11"><span class='ocrx_word' id='word_1_529' title='bbox 1034 926 1081 952; x_wconf 77' lang='grc' dir='ltr'>τοῦ</span> <span class='ocrx_word' id='word_1_530' title='bbox 1099 926 1156 962; x_wconf 84' lang='grc' dir='ltr'>βίου</span> <span class='ocrx_word' id='word_1_531' title='bbox 1169 927 1303 962; x_wconf 72' lang='grc' dir='ltr'>ἐξήλειψε,</span> <span class='ocrx_word' id='word_1_532' title='bbox 1320 927 1389 963; x_wconf 74' lang='grc' dir='ltr'>πλὴν</span> <span class='ocrx_word' id='word_1_533' title='bbox 1406 928 1446 954; x_wconf 79' lang='grc' dir='ltr'><strong>ὅτι</strong></span> <span class='ocrx_word' id='word_1_534' title='bbox 1463 927 1573 962; x_wconf 75' lang='grc' dir='ltr'><strong>ἔσπειρε</strong></span> <span class='ocrx_word' id='word_1_535' title='bbox 1588 927 1618 954; x_wconf 82' lang='grc' dir='ltr'><strong>τὸ</strong></span> <span class='ocrx_word' id='word_1_536' title='bbox 1631 927 1729 954; x_wconf 81' lang='grc' dir='ltr'>ἑαυτοῦ</span> <span class='ocrx_word' id='word_1_537' title='bbox 1750 927 1827 959; x_wconf 79' lang='grc' dir='ltr'>ζιζά-</span> 
     </span>
    </p>
   </div>
   <div class='ocr_carea' id='block_1_78' title="bbox 1035 980 1100 999">
    <p class='ocr_par' dir='ltr' id='par_1_78' title="bbox 1035 980 1100 999">
     <span class='ocr_line' id='line_1_78' title="bbox 1035 980 1100 999; baseline 0.015 -1"><span class='ocrx_word' id='word_1_538' title='bbox 1035 980 1100 999; x_wconf 89' lang='grc' dir='ltr'>νιον.</span> 
     </span>
    </p>
   </div>
   <div class='ocr_carea' id='block_1_79' title="bbox 1070 1014 1825 1054">
    <p class='ocr_par' dir='ltr' id='par_1_79' title="bbox 1070 1014 1825 1054">
     <span class='ocr_line' id='line_1_79' title="bbox 1070 1014 1825 1054; baseline 0.003 -11"><span class='ocrx_word' id='word_1_539' title='bbox 1070 1017 1108 1044; x_wconf 90' lang='lat' dir='ltr'><strong>B&#39;.</strong></span> <span class='ocrx_word' id='word_1_540' title='bbox 1122 1017 1178 1044; x_wconf 75' lang='grc' dir='ltr'><strong>Καὶ</strong></span> <span class='ocrx_word' id='word_1_541' title='bbox 1192 1014 1264 1045; x_wconf 71' lang='grc' dir='ltr'>οὗτοι</span> <span class='ocrx_word' id='word_1_542' title='bbox 1287 1018 1314 1044; x_wconf 79' lang='grc' dir='ltr'>δὲ</span> <span class='ocrx_word' id='word_1_543' title='bbox 1341 1019 1416 1054; x_wconf 84' lang='grc' dir='ltr'>ὅμως</span> <span class='ocrx_word' id='word_1_544' title='bbox 1437 1018 1543 1053; x_wconf 83' lang='grc' dir='ltr'>βίϐλους</span> <span class='ocrx_word' id='word_1_545' title='bbox 1563 1019 1669 1050; x_wconf 80' lang='grc' dir='ltr'>ἑαυτοῖς</span> <span class='ocrx_word' id='word_1_546' title='bbox 1691 1017 1825 1045; x_wconf 84' lang='grc' dir='ltr'>ὲπλαστο-</span> 
     </span>
    </p>
   </div>
   <div class='ocr_carea' id='block_1_80' title="bbox 1035 1060 1825 1100">
    <p class='ocr_par' dir='ltr' id='par_1_80' title="bbox 1035 1060 1825 1100">
     <span class='ocr_line' id='line_1_80' title="bbox 1035 1060 1825 1100; baseline 0 -11"><span class='ocrx_word' id='word_1_547' title='bbox 1035 1064 1180 1099; x_wconf 75' lang='grc' dir='ltr'>γράφησάν</span> <span class='ocrx_word' id='word_1_548' title='bbox 1205 1072 1281 1095; x_wconf 86' lang='grc' dir='ltr'>τινας</span> <span class='ocrx_word' id='word_1_549' title='bbox 1302 1063 1488 1100; x_wconf 76' lang='grc' dir='ltr'>ἀποκρύφους,</span> <span class='ocrx_word' id='word_1_550' title='bbox 1504 1060 1541 1091; x_wconf 84' lang='grc' dir='ltr'>ὧν</span> <span class='ocrx_word' id='word_1_551' title='bbox 1561 1063 1596 1090; x_wconf 79' lang='grc' dir='ltr'><strong>τὰ</strong></span> <span class='ocrx_word' id='word_1_552' title='bbox 1620 1064 1741 1098; x_wconf 80' lang='grc' dir='ltr'>ὀνόματά</span> <span class='ocrx_word' id='word_1_553' title='bbox 1765 1064 1825 1090; x_wconf 76' lang='grc' dir='ltr'>ἐστι</span> 
     </span>
    </p>
   </div>
   <div class='ocr_carea' id='block_1_81' title="bbox 1035 1109 1824 1146">
    <p class='ocr_par' dir='ltr' id='par_1_81' title="bbox 1035 1109 1824 1146">
     <span class='ocr_line' id='line_1_81' title="bbox 1035 1109 1824 1146; baseline 0.001 -11"><span class='ocrx_word' id='word_1_554' title='bbox 1035 1109 1130 1136; x_wconf 83' lang='grc' dir='ltr'>ταῦτα.</span> <span class='ocrx_word' id='word_1_555' title='bbox 1141 1110 1161 1136; x_wconf 87' lang='grc' dir='ltr'>Τ</span> <span class='ocrx_word' id='word_1_556' title='bbox 1164 1110 1177 1136; x_wconf 86' lang='grc' dir='ltr'>ὺ</span> <span class='ocrx_word' id='word_1_557' title='bbox 1191 1111 1239 1145; x_wconf 77' lang='grc' dir='ltr'><strong>μὲν</strong></span> <span class='ocrx_word' id='word_1_558' title='bbox 1255 1110 1310 1146; x_wconf 70' lang='grc' dir='ltr'><strong>γὰρ</strong></span> <span class='ocrx_word' id='word_1_559' title='bbox 1325 1111 1513 1145; x_wconf 69' lang='grc' dir='ltr'><strong>Συμερωνίίιν,</strong></span> <span class='ocrx_word' id='word_1_560' title='bbox 1525 1110 1621 1146; x_wconf 83' lang='grc' dir='ltr'>μικρὸν</span> <span class='ocrx_word' id='word_1_561' title='bbox 1630 1110 1710 1145; x_wconf 75' lang='grc' dir='ltr'>δῆθεν</span> <span class='ocrx_word' id='word_1_562' title='bbox 1723 1110 1824 1145; x_wconf 81' lang='grc' dir='ltr'>βιϐλίον</span> 
     </span>
    </p>
   </div>
   <div class='ocr_carea' id='block_1_82' title="bbox 1035 1153 1825 1190">
    <p class='ocr_par' dir='ltr' id='par_1_82' title="bbox 1035 1153 1825 1190">
     <span class='ocr_line' id='line_1_82' title="bbox 1035 1153 1825 1190; baseline 0.003 -10"><span class='ocrx_word' id='word_1_563' title='bbox 1035 1153 1159 1187; x_wconf 71' lang='grc' dir='ltr'>καλοῦσι,</span> <span class='ocrx_word' id='word_1_564' title='bbox 1172 1154 1202 1180; x_wconf 68' lang='grc' dir='ltr'><strong>τὸ</strong></span> <span class='ocrx_word' id='word_1_565' title='bbox 1217 1155 1245 1180; x_wconf 79' lang='grc' dir='ltr'>δὲ</span> <span class='ocrx_word' id='word_1_566' title='bbox 1261 1155 1333 1190; x_wconf 83' lang='grc' dir='ltr'>μέγα</span> <span class='ocrx_word' id='word_1_567' title='bbox 1344 1155 1516 1190; x_wconf 77' lang='grc' dir='ltr'>Συμφωνίαν.</span> <span class='ocrx_word' id='word_1_568' title='bbox 1530 1155 1611 1181; x_wconf 78' lang='grc' dir='ltr'>Ἀλλὰ</span> <span class='ocrx_word' id='word_1_569' title='bbox 1622 1155 1669 1181; x_wconf 73' lang='grc' dir='ltr'><strong>καὶ</strong></span> <span class='ocrx_word' id='word_1_570' title='bbox 1681 1155 1748 1182; x_wconf 81' lang='grc' dir='ltr'>ἄλλα</span> <span class='ocrx_word' id='word_1_571' title='bbox 1763 1155 1825 1182; x_wconf 77' lang='grc' dir='ltr'>τινὰ</span> 
     </span>
    </p>
   </div>
   <div class='ocr_carea' id='block_1_83' title="bbox 1036 1198 1823 1235">
    <p class='ocr_par' dir='ltr' id='par_1_83' title="bbox 1036 1198 1823 1235">
     <span class='ocr_line' id='line_1_83' title="bbox 1036 1198 1823 1235; baseline 0.001 -9"><span class='ocrx_word' id='word_1_572' title='bbox 1036 1200 1126 1235; x_wconf 85' lang='grc' dir='ltr'>βιϐλία</span> <span class='ocrx_word' id='word_1_573' title='bbox 1142 1201 1248 1232; x_wconf 79' lang='grc' dir='ltr'>ἑαυτοῖς</span> <span class='ocrx_word' id='word_1_574' title='bbox 1271 1200 1496 1235; x_wconf 83' lang='grc' dir='ltr'>ὲπισωρεύουσιν,</span> <span class='ocrx_word' id='word_1_575' title='bbox 1514 1198 1555 1232; x_wconf 79' lang='grc' dir='ltr'>οἷς</span> <span class='ocrx_word' id='word_1_576' title='bbox 1573 1201 1622 1228; x_wconf 79' lang='grc' dir='ltr'>ἐὰν</span> <span class='ocrx_word' id='word_1_577' title='bbox 1646 1201 1823 1234; x_wconf 80' lang='grc' dir='ltr'>συντύχωσιν,</span> 
     </span>
    </p>
   </div>
   <div class='ocr_carea' id='block_1_84' title="bbox 1037 1246 1822 1282">
    <p class='ocr_par' dir='ltr' id='par_1_84' title="bbox 1037 1246 1822 1282">
     <span class='ocr_line' id='line_1_84' title="bbox 1037 1246 1822 1282; baseline 0.001 -10"><span class='ocrx_word' id='word_1_578' title='bbox 1037 1247 1080 1273; x_wconf 77' lang='grc' dir='ltr'><strong>ἵνα</strong></span> <span class='ocrx_word' id='word_1_579' title='bbox 1095 1246 1190 1279; x_wconf 77' lang='grc' dir='ltr'>δόξωσι</span> <span class='ocrx_word' id='word_1_580' title='bbox 1207 1247 1256 1282; x_wconf 87' lang='grc' dir='ltr'>τὴν</span> <span class='ocrx_word' id='word_1_581' title='bbox 1268 1247 1371 1273; x_wconf 76' lang='grc' dir='ltr'>ἑαυτῶν</span> <span class='ocrx_word' id='word_1_582' title='bbox 1382 1247 1486 1282; x_wconf 73' lang='grc' dir='ltr'>πλάνην</span> <span class='ocrx_word' id='word_1_583' title='bbox 1498 1246 1541 1273; x_wconf 80' lang='grc' dir='ltr'>διὰ</span> <span class='ocrx_word' id='word_1_584' title='bbox 1560 1247 1664 1274; x_wconf 81' lang='grc' dir='ltr'>πολλῶν</span> <span class='ocrx_word' id='word_1_585' title='bbox 1679 1246 1804 1282; x_wconf 76' lang='grc' dir='ltr'>βεϐαιοῦν</span> <span class='ocrx_word' id='word_1_586' title='bbox 1814 1248 1822 1263; x_wconf 88' lang='grc'>¹</span> 
     </span>
    </p>
   </div>
   <div class='ocr_carea' id='block_1_85' title="bbox 1037 1292 1824 1330">
    <p class='ocr_par' dir='ltr' id='par_1_85' title="bbox 1037 1292 1824 1330">
     <span class='ocr_line' id='line_1_85' title="bbox 1037 1292 1824 1330; baseline 0.003 -12"><span class='ocrx_word' id='word_1_587' title='bbox 1037 1292 1323 1330; x_wconf 77' lang='grc' dir='ltr'>ἐπισυνεισφέρεσθαι.</span> <span class='ocrx_word' id='word_1_588' title='bbox 1342 1293 1412 1327; x_wconf 81' lang='grc' dir='ltr'><strong>Ἤδη</strong></span> <span class='ocrx_word' id='word_1_589' title='bbox 1437 1293 1465 1319; x_wconf 80' lang='grc' dir='ltr'>δὲ</span> <span class='ocrx_word' id='word_1_590' title='bbox 1487 1294 1533 1319; x_wconf 85' lang='grc' dir='ltr'>καὶ</span> <span class='ocrx_word' id='word_1_591' title='bbox 1556 1295 1611 1325; x_wconf 80' lang='grc' dir='ltr'>τοῖς</span> <span class='ocrx_word' id='word_1_592' title='bbox 1629 1294 1824 1328; x_wconf 67' lang='grc' dir='ltr'>Ἀλλογενέσι</span> 
     </span>
    </p>
   </div>
   <div class='ocr_carea' id='block_1_86' title="bbox 1035 1338 1825 1375">
    <p class='ocr_par' dir='ltr' id='par_1_86' title="bbox 1035 1338 1825 1375">
     <span class='ocr_line' id='line_1_86' title="bbox 1035 1338 1825 1375; baseline 0.003 -11"><span class='ocrx_word' id='word_1_593' title='bbox 1035 1338 1212 1372; x_wconf 84' lang='grc' dir='ltr'>καλουμένοις</span> <span class='ocrx_word' id='word_1_594' title='bbox 1232 1338 1393 1373; x_wconf 78' lang='grc' dir='ltr'>κέχρηνται·</span> <span class='ocrx_word' id='word_1_595' title='bbox 1422 1338 1507 1373; x_wconf 83' lang='grc' dir='ltr'>βίϐλοι</span> <span class='ocrx_word' id='word_1_596' title='bbox 1527 1339 1581 1375; x_wconf 82' lang='grc' dir='ltr'><strong>γάρ</strong></span> <span class='ocrx_word' id='word_1_597' title='bbox 1599 1341 1667 1366; x_wconf 82' lang='grc' dir='ltr'>εἰσιν</span> <span class='ocrx_word' id='word_1_598' title='bbox 1686 1339 1757 1366; x_wconf 80' lang='grc' dir='ltr'>οὕτω</span> <span class='ocrx_word' id='word_1_599' title='bbox 1775 1348 1825 1366; x_wconf 82' lang='grc' dir='ltr'>κα-</span> 
     </span>
    </p>
   </div>
   <div class='ocr_carea' id='block_1_87' title="bbox 1035 1384 1823 1420">
    <p class='ocr_par' dir='ltr' id='par_1_87' title="bbox 1035 1384 1823 1420">
     <span class='ocr_line' id='line_1_87' title="bbox 1035 1384 1823 1420; baseline 0.003 -10"><span class='ocrx_word' id='word_1_600' title='bbox 1035 1384 1173 1419; x_wconf 78' lang='grc' dir='ltr'>λούμεναι.</span> <span class='ocrx_word' id='word_1_601' title='bbox 1185 1385 1361 1420; x_wconf 78' lang='grc' dir='ltr'>Λαμϐάνουσι</span> <span class='ocrx_word' id='word_1_602' title='bbox 1379 1385 1406 1412; x_wconf 85' lang='grc' dir='ltr'><strong>δὲ</strong></span> <span class='ocrx_word' id='word_1_603' title='bbox 1425 1386 1508 1417; x_wconf 80' lang='grc' dir='ltr'>λαϐὰς</span> <span class='ocrx_word' id='word_1_604' title='bbox 1521 1386 1574 1412; x_wconf 72' lang='grc' dir='ltr'><strong>ἀπὸ</strong></span> <span class='ocrx_word' id='word_1_605' title='bbox 1587 1386 1634 1412; x_wconf 84' lang='grc' dir='ltr'>τοῦ</span> <span class='ocrx_word' id='word_1_606' title='bbox 1646 1386 1823 1412; x_wconf 80' lang='grc' dir='ltr'>Ἀναϐατικοῦ</span> 
     </span>
    </p>
   </div>
   <div class='ocr_carea' id='block_1_88' title="bbox 1042 1430 1824 1468">
    <p class='ocr_par' dir='ltr' id='par_1_88' title="bbox 1042 1430 1824 1468">
     <span class='ocr_line' id='line_1_88' title="bbox 1042 1430 1824 1468; baseline 0.003 -12"><span class='ocrx_word' id='word_1_607' title='bbox 1042 1431 1153 1457; x_wconf 79' lang='grc' dir='ltr'>Ἡσαΐου</span> <span class='ocrx_word' id='word_1_608' title='bbox 1163 1439 1170 1446; x_wconf 89' lang='grc'><strong>·</strong></span> <span class='ocrx_word' id='word_1_609' title='bbox 1187 1430 1227 1457; x_wconf 76' lang='grc' dir='ltr'>ἔτι</span> <span class='ocrx_word' id='word_1_610' title='bbox 1241 1431 1268 1457; x_wconf 79' lang='grc' dir='ltr'><strong>δὲ</strong></span> <span class='ocrx_word' id='word_1_611' title='bbox 1284 1432 1331 1457; x_wconf 76' lang='grc' dir='ltr'><strong>καὶ</strong></span> <span class='ocrx_word' id='word_1_612' title='bbox 1344 1431 1432 1458; x_wconf 78' lang='grc' dir='ltr'>ἄλλων</span> <span class='ocrx_word' id='word_1_613' title='bbox 1453 1431 1534 1459; x_wconf 81' lang='grc' dir='ltr'>τινῶν</span> <span class='ocrx_word' id='word_1_614' title='bbox 1549 1433 1715 1468; x_wconf 75' lang='grc' dir='ltr'>ἀποκρύφων</span> <span class='ocrx_word' id='word_1_615' title='bbox 1726 1442 1732 1448; x_wconf 89' lang='grc'><strong>·</strong></span> <span class='ocrx_word' id='word_1_616' title='bbox 1746 1433 1777 1459; x_wconf 81' lang='grc' dir='ltr'>τὸ</span> <span class='ocrx_word' id='word_1_617' title='bbox 1795 1433 1824 1458; x_wconf 73' lang='grc' dir='ltr'><strong>δὲ</strong></span> 
     </span>
    </p>
   </div>
   <div class='ocr_carea' id='block_1_89' title="bbox 1036 1476 1825 1513">
    <p class='ocr_par' dir='ltr' id='par_1_89' title="bbox 1036 1476 1825 1513">
     <span class='ocr_line' id='line_1_89' title="bbox 1036 1476 1825 1513; baseline 0.001 -9"><span class='ocrx_word' id='word_1_618' title='bbox 1036 1478 1090 1504; x_wconf 79' lang='grc' dir='ltr'>πᾶν</span> <span class='ocrx_word' id='word_1_619' title='bbox 1110 1479 1142 1504; x_wconf 79' lang='grc' dir='ltr'>ἐκ</span> <span class='ocrx_word' id='word_1_620' title='bbox 1167 1477 1213 1504; x_wconf 81' lang='grc' dir='ltr'>τοῦ</span> <span class='ocrx_word' id='word_1_621' title='bbox 1232 1478 1393 1512; x_wconf 67' lang='grc' dir='ltr'><strong>Συμφωνία</strong></span> <span class='ocrx_word' id='word_1_622' title='bbox 1414 1477 1581 1513; x_wconf 82' lang='grc' dir='ltr'>καλουμένου</span> <span class='ocrx_word' id='word_1_623' title='bbox 1608 1479 1727 1513; x_wconf 83' lang='grc' dir='ltr'>βιϐλίου·</span> <span class='ocrx_word' id='word_1_624' title='bbox 1753 1479 1782 1505; x_wconf 80' lang='grc' dir='ltr'>ἐν</span> <span class='ocrx_word' id='word_1_625' title='bbox 1802 1476 1825 1512; x_wconf 86' lang='grc' dir='ltr'>ᾧ</span> 
     </span>
    </p>
   </div>
   <div class='ocr_carea' id='block_1_90' title="bbox 1036 1522 1821 1561">
    <p class='ocr_par' dir='ltr' id='par_1_90' title="bbox 1036 1522 1821 1561">
     <span class='ocr_line' id='line_1_90' title="bbox 1036 1522 1821 1561; baseline 0.004 -12"><span class='ocrx_word' id='word_1_626' title='bbox 1036 1524 1149 1557; x_wconf 82' lang='grc' dir='ltr'><strong>ὀγδοάδα</strong></span> <span class='ocrx_word' id='word_1_627' title='bbox 1176 1523 1238 1550; x_wconf 82' lang='grc' dir='ltr'>τινὰ</span> <span class='ocrx_word' id='word_1_628' title='bbox 1254 1523 1379 1558; x_wconf 85' lang='grc' dir='ltr'>λέγουσιν</span> <span class='ocrx_word' id='word_1_629' title='bbox 1390 1522 1461 1551; x_wconf 74' lang='grc' dir='ltr'>εἶναι</span> <span class='ocrx_word' id='word_1_630' title='bbox 1476 1525 1599 1561; x_wconf 79' lang='grc' dir='ltr'>οὐρανὸν,</span> <span class='ocrx_word' id='word_1_631' title='bbox 1614 1525 1661 1552; x_wconf 68' lang='grc' dir='ltr'>καὶ</span> <span class='ocrx_word' id='word_1_632' title='bbox 1677 1525 1821 1560; x_wconf 77' lang='grc' dir='ltr'>ἑϐδομάδα.</span> 
     </span>
    </p>
   </div>
   <div class='ocr_carea' id='block_1_91' title="bbox 1036 1570 1824 1606">
    <p class='ocr_par' dir='ltr' id='par_1_91' title="bbox 1036 1570 1824 1606">
     <span class='ocr_line' id='line_1_91' title="bbox 1036 1570 1824 1606; baseline 0.003 -11"><span class='ocrx_word' id='word_1_633' title='bbox 1036 1570 1140 1596; x_wconf 80' lang='grc' dir='ltr'>Είὸἐναι</span> <span class='ocrx_word' id='word_1_634' title='bbox 1154 1570 1182 1596; x_wconf 74' lang='grc' dir='ltr'><strong>δὲ</strong></span> <span class='ocrx_word' id='word_1_635' title='bbox 1197 1570 1258 1596; x_wconf 73' lang='grc' dir='ltr'>καθ’</span> <span class='ocrx_word' id='word_1_636' title='bbox 1271 1570 1387 1597; x_wconf 72' lang='grc' dir='ltr'>ἕκαστον</span> <span class='ocrx_word' id='word_1_637' title='bbox 1402 1571 1457 1606; x_wconf 83' lang='grc'><strong>(55)</strong></span> <span class='ocrx_word' id='word_1_638' title='bbox 1473 1571 1586 1606; x_wconf 71' lang='grc' dir='ltr'>οὐρανὸν</span> <span class='ocrx_word' id='word_1_639' title='bbox 1607 1572 1756 1606; x_wconf 78' lang='grc' dir='ltr'><strong>ὀίρχοντας⁶</strong></span> <span class='ocrx_word' id='word_1_640' title='bbox 1778 1571 1824 1598; x_wconf 80' lang='grc' dir='ltr'><strong>καὶ</strong></span> 
     </span>
    </p>
   </div>
   <div class='ocr_carea' id='block_1_92' title="bbox 1035 1614 1824 1653">
    <p class='ocr_par' dir='ltr' id='par_1_92' title="bbox 1035 1614 1824 1653">
     <span class='ocr_line' id='line_1_92' title="bbox 1035 1614 1824 1653; baseline 0.003 -11"><span class='ocrx_word' id='word_1_641' title='bbox 1035 1617 1098 1647; x_wconf 79' lang='grc' dir='ltr'>τους</span> <span class='ocrx_word' id='word_1_642' title='bbox 1117 1616 1166 1651; x_wconf 77' lang='grc' dir='ltr'><strong>μὲν</strong></span> <span class='ocrx_word' id='word_1_643' title='bbox 1178 1614 1248 1642; x_wconf 85' lang='grc' dir='ltr'>εἶναι</span> <span class='ocrx_word' id='word_1_644' title='bbox 1259 1617 1322 1648; x_wconf 72' lang='grc' dir='ltr'>τοὺς</span> <span class='ocrx_word' id='word_1_645' title='bbox 1339 1617 1408 1643; x_wconf 76' lang='grc' dir='ltr'>ἑπτὰ</span> <span class='ocrx_word' id='word_1_646' title='bbox 1420 1617 1562 1652; x_wconf 74' lang='grc' dir='ltr'>οὐρανοὺς,</span> <span class='ocrx_word' id='word_1_647' title='bbox 1577 1618 1636 1644; x_wconf 74' lang='grc' dir='ltr'>καθ’</span> <span class='ocrx_word' id='word_1_648' title='bbox 1652 1618 1699 1644; x_wconf 76' lang='grc' dir='ltr'>ἕνα</span> <span class='ocrx_word' id='word_1_649' title='bbox 1710 1619 1824 1653; x_wconf 72' lang='grc' dir='ltr'>οὐρανὸν</span> 
     </span>
    </p>
   </div>
   <div class='ocr_carea' id='block_1_93' title="bbox 1034 1661 1825 1699">
    <p class='ocr_par' dir='ltr' id='par_1_93' title="bbox 1034 1661 1825 1699">
     <span class='ocr_line' id='line_1_93' title="bbox 1034 1661 1825 1699; baseline 0.004 -11"><span class='ocrx_word' id='word_1_650' title='bbox 1034 1661 1081 1688; x_wconf 77' lang='grc' dir='ltr'><strong>ἕνα</strong></span> <span class='ocrx_word' id='word_1_651' title='bbox 1097 1663 1231 1698; x_wconf 83' lang='grc' dir='ltr'>ἄρχοντα·</span> <span class='ocrx_word' id='word_1_652' title='bbox 1254 1661 1344 1694; x_wconf 77' lang='grc' dir='ltr'>τάξεις</span> <span class='ocrx_word' id='word_1_653' title='bbox 1362 1662 1390 1689; x_wconf 76' lang='grc' dir='ltr'><strong>δὲ</strong></span> <span class='ocrx_word' id='word_1_654' title='bbox 1406 1661 1476 1690; x_wconf 81' lang='grc' dir='ltr'>εἶναι</span> <span class='ocrx_word' id='word_1_655' title='bbox 1498 1663 1605 1698; x_wconf 70' lang='grc' dir='ltr'>ἑκάστῳ</span> <span class='ocrx_word' id='word_1_656' title='bbox 1625 1664 1744 1699; x_wconf 84' lang='grc' dir='ltr'>ἄρχοντι.</span> <span class='ocrx_word' id='word_1_657' title='bbox 1770 1665 1825 1694; x_wconf 73' lang='grc' dir='ltr'><strong>Καὶ</strong></span> 
     </span>
    </p>
   </div>
   <div class='ocr_carea' id='block_1_94' title="bbox 1034 1708 1825 1746">
    <p class='ocr_par' dir='ltr' id='par_1_94' title="bbox 1034 1708 1825 1746">
     <span class='ocr_line' id='line_1_94' title="bbox 1034 1708 1825 1746; baseline 0.005 -13"><span class='ocrx_word' id='word_1_658' title='bbox 1034 1708 1083 1743; x_wconf 80' lang='grc' dir='ltr'>τὴν</span> <span class='ocrx_word' id='word_1_659' title='bbox 1102 1709 1216 1744; x_wconf 82' lang='grc' dir='ltr'>Μητέρα</span> <span class='ocrx_word' id='word_1_660' title='bbox 1235 1708 1284 1744; x_wconf 83' lang='grc' dir='ltr'>τὴν</span> <span class='ocrx_word' id='word_1_661' title='bbox 1310 1710 1445 1745; x_wconf 79' lang='grc' dir='ltr'><strong>φωτεινὴν</strong></span> <span class='ocrx_word' id='word_1_662' title='bbox 1470 1709 1601 1736; x_wconf 81' lang='grc' dir='ltr'><strong>ἀνωτάτω</strong></span> <span class='ocrx_word' id='word_1_663' title='bbox 1622 1712 1651 1737; x_wconf 76' lang='grc' dir='ltr'>ἐν</span> <span class='ocrx_word' id='word_1_664' title='bbox 1675 1710 1714 1746; x_wconf 87' lang='grc' dir='ltr'>τῷ</span> <span class='ocrx_word' id='word_1_665' title='bbox 1739 1710 1825 1746; x_wconf 75' lang='grc' dir='ltr'>ὀγδόῳ</span> 
     </span>
    </p>
   </div>
   <div class='ocr_carea' id='block_1_95' title="bbox 1035 1751 1824 1792">
    <p class='ocr_par' dir='ltr' id='par_1_95' title="bbox 1035 1751 1824 1792">
     <span class='ocr_line' id='line_1_95' title="bbox 1035 1751 1824 1792; baseline 0.004 -12"><span class='ocrx_word' id='word_1_666' title='bbox 1035 1751 1123 1787; x_wconf 75' lang='grc' dir='ltr'>εἶναι,</span> <span class='ocrx_word' id='word_1_667' title='bbox 1146 1755 1272 1790; x_wconf 84' lang='grc' dir='ltr'>καθάπερ</span> <span class='ocrx_word' id='word_1_668' title='bbox 1290 1755 1318 1781; x_wconf 87' lang='grc' dir='ltr'>αἱ</span> <span class='ocrx_word' id='word_1_669' title='bbox 1343 1755 1422 1781; x_wconf 79' lang='grc' dir='ltr'>ἄλλαι</span> <span class='ocrx_word' id='word_1_670' title='bbox 1446 1755 1574 1792; x_wconf 78' lang='grc' dir='ltr'>αἱρέσεις.</span> <span class='ocrx_word' id='word_1_671' title='bbox 1601 1757 1655 1783; x_wconf 73' lang='grc' dir='ltr'>Καὶ</span> <span class='ocrx_word' id='word_1_672' title='bbox 1682 1757 1754 1788; x_wconf 81' lang='grc' dir='ltr'>τινὲς</span> <span class='ocrx_word' id='word_1_673' title='bbox 1776 1758 1824 1792; x_wconf 74' lang='grc' dir='ltr'>μὲν</span> 
     </span>
    </p>
   </div>
   <div class='ocr_carea' id='block_1_96' title="bbox 1035 1800 1825 1839">
    <p class='ocr_par' dir='ltr' id='par_1_96' title="bbox 1035 1800 1825 1839">
     <span class='ocr_line' id='line_1_96' title="bbox 1035 1800 1825 1839; baseline 0.003 -13"><span class='ocrx_word' id='word_1_674' title='bbox 1035 1800 1125 1827; x_wconf 78' lang='grc' dir='ltr'>αὐτῶν</span> <span class='ocrx_word' id='word_1_675' title='bbox 1149 1800 1219 1827; x_wconf 73' lang='grc' dir='ltr'>κατὰ</span> <span class='ocrx_word' id='word_1_676' title='bbox 1249 1801 1284 1827; x_wconf 86' lang='grc' dir='ltr'>τὰ</span> <span class='ocrx_word' id='word_1_677' title='bbox 1309 1801 1424 1836; x_wconf 86' lang='grc' dir='ltr'>σώματα</span> <span class='ocrx_word' id='word_1_678' title='bbox 1452 1803 1670 1838; x_wconf 68' lang='grc' dir='ltr'>κεχραμμένωνί</span> <span class='ocrx_word' id='word_1_679' title='bbox 1696 1803 1825 1839; x_wconf 69' lang='grc' dir='ltr'>ἀσελγείᾳ.</span> 
     </span>
    </p>
   </div>
   <div class='ocr_carea' id='block_1_97' title="bbox 1036 1847 1824 1884">
    <p class='ocr_par' dir='ltr' id='par_1_97' title="bbox 1036 1847 1824 1884">
     <span class='ocr_line' id='line_1_97' title="bbox 1036 1847 1824 1884; baseline 0.004 -12"><span class='ocrx_word' id='word_1_680' title='bbox 1036 1848 1232 1881; x_wconf 82' lang='grc' dir='ltr'>τυγχάνουσιν·</span> <span class='ocrx_word' id='word_1_681' title='bbox 1251 1847 1324 1873; x_wconf 79' lang='grc' dir='ltr'>ἄλλοι</span> <span class='ocrx_word' id='word_1_682' title='bbox 1348 1847 1376 1873; x_wconf 78' lang='grc' dir='ltr'><strong>δὲ</strong></span> <span class='ocrx_word' id='word_1_683' title='bbox 1391 1847 1471 1882; x_wconf 73' lang='grc' dir='ltr'>δῆθεν</span> <span class='ocrx_word' id='word_1_684' title='bbox 1489 1849 1676 1884; x_wconf 78' lang='grc' dir='ltr'>προσποιητὴν</span> <span class='ocrx_word' id='word_1_685' title='bbox 1697 1849 1824 1884; x_wconf 83' lang='grc' dir='ltr'>νηστείαν</span> 
     </span>
    </p>
   </div>
   <div class='ocr_carea' id='block_1_98' title="bbox 1035 1893 1824 1930">
    <p class='ocr_par' dir='ltr' id='par_1_98' title="bbox 1035 1893 1824 1930">
     <span class='ocr_line' id='line_1_98' title="bbox 1035 1893 1824 1930; baseline 0.004 -11"><span class='ocrx_word' id='word_1_686' title='bbox 1035 1893 1244 1928; x_wconf 73' lang='grc' dir='ltr'>ὑποκρίνονταισ</span> <span class='ocrx_word' id='word_1_687' title='bbox 1265 1893 1391 1919; x_wconf 75' lang='grc' dir='ltr'>ἀπατῶσι</span> <span class='ocrx_word' id='word_1_688' title='bbox 1411 1894 1439 1919; x_wconf 79' lang='grc' dir='ltr'><strong>δὲ</strong></span> <span class='ocrx_word' id='word_1_689' title='bbox 1463 1894 1527 1925; x_wconf 78' lang='grc' dir='ltr'>τοὺς</span> <span class='ocrx_word' id='word_1_690' title='bbox 1552 1894 1748 1930; x_wconf 76' lang='grc' dir='ltr'>ἀφελεστὲρους</span> <span class='ocrx_word' id='word_1_691' title='bbox 1777 1895 1824 1922; x_wconf 79' lang='grc' dir='ltr'><strong>ἀν-</strong></span> 
     </span>
    </p>
   </div>
   <div class='ocr_carea' id='block_1_99' title="bbox 1036 1937 1826 1974">
    <p class='ocr_par' dir='ltr' id='par_1_99' title="bbox 1036 1937 1826 1974">
     <span class='ocr_line' id='line_1_99' title="bbox 1036 1937 1826 1974; baseline 0.005 -11"><span class='ocrx_word' id='word_1_692' title='bbox 1036 1937 1163 1974; x_wconf 84' lang='grc' dir='ltr'>θρώπους</span> <span class='ocrx_word' id='word_1_693' title='bbox 1189 1939 1363 1974; x_wconf 85' lang='grc' dir='ltr'>προσχήματι</span> <span class='ocrx_word' id='word_1_694' title='bbox 1382 1939 1569 1973; x_wconf 73' lang='grc' dir='ltr'>μοναζόντων,</span> <span class='ocrx_word' id='word_1_695' title='bbox 1592 1940 1742 1973; x_wconf 79' lang='grc' dir='ltr'>ἀποταξίαν</span> <span class='ocrx_word' id='word_1_696' title='bbox 1764 1940 1826 1967; x_wconf 75' lang='grc' dir='ltr'>τινὰ</span> 
     </span>
    </p>
   </div>
   <div class='ocr_carea' id='block_1_100' title="bbox 1037 1983 1823 2022">
    <p class='ocr_par' dir='ltr' id='par_1_100' title="bbox 1037 1983 1823 2022">
     <span class='ocr_line' id='line_1_100' title="bbox 1037 1983 1823 2022; baseline 0.005 -13"><span class='ocrx_word' id='word_1_697' title='bbox 1037 1984 1240 2019; x_wconf 87' lang='grc' dir='ltr'>σεμνυνόμενοι.</span> <span class='ocrx_word' id='word_1_698' title='bbox 1260 1984 1329 2010; x_wconf 71' lang='grc' dir='ltr'>Φασὶ</span> <span class='ocrx_word' id='word_1_699' title='bbox 1352 1985 1380 2010; x_wconf 78' lang='grc' dir='ltr'><strong>δὲ</strong></span> <span class='ocrx_word' id='word_1_700' title='bbox 1397 1983 1466 2011; x_wconf 75' lang='grc' dir='ltr'>εἶναι</span> <span class='ocrx_word' id='word_1_701' title='bbox 1486 1986 1546 2012; x_wconf 75' lang='grc' dir='ltr'>καθ’</span> <span class='ocrx_word' id='word_1_702' title='bbox 1563 1986 1677 2012; x_wconf 75' lang='grc' dir='ltr'>ἕκαστον</span> <span class='ocrx_word' id='word_1_703' title='bbox 1700 1987 1823 2022; x_wconf 78' lang='grc' dir='ltr'>οὐρανὸν,</span> 
     </span>
    </p>
   </div>
   <div class='ocr_carea' id='block_1_101' title="bbox 1036 2030 1825 2068">
    <p class='ocr_par' dir='ltr' id='par_1_101' title="bbox 1036 2030 1825 2068">
     <span class='ocr_line' id='line_1_101' title="bbox 1036 2030 1825 2068; baseline 0.006 -13"><span class='ocrx_word' id='word_1_704' title='bbox 1036 2030 1074 2062; x_wconf 65' lang='grc' dir='ltr'>ὡς</span> <span class='ocrx_word' id='word_1_705' title='bbox 1091 2031 1239 2065; x_wconf 79' lang='grc' dir='ltr'>προεῖπον,</span> <span class='ocrx_word' id='word_1_706' title='bbox 1265 2030 1353 2066; x_wconf 78' lang='grc' dir='ltr'>ἀρχὴν</span> <span class='ocrx_word' id='word_1_707' title='bbox 1376 2031 1423 2057; x_wconf 63' lang='grc' dir='ltr'>καὶ</span> <span class='ocrx_word' id='word_1_708' title='bbox 1451 2030 1590 2064; x_wconf 77' lang='grc' dir='ltr'>ἐξουσίαν,</span> <span class='ocrx_word' id='word_1_709' title='bbox 1607 2033 1654 2059; x_wconf 79' lang='grc' dir='ltr'>καὶ</span> <span class='ocrx_word' id='word_1_710' title='bbox 1678 2033 1825 2068; x_wconf 82' lang='grc' dir='ltr'>ἁγγελικάς</span> 
     </span>
    </p>
   </div>
   <div class='ocr_carea' id='block_1_102' title="bbox 1036 2076 1826 2115">
    <p class='ocr_par' dir='ltr' id='par_1_102' title="bbox 1036 2076 1826 2115">
     <span class='ocr_line' id='line_1_102' title="bbox 1036 2076 1826 2115; baseline 0.004 -14"><span class='ocrx_word' id='word_1_711' title='bbox 1036 2084 1112 2107; x_wconf 84' lang='grc' dir='ltr'>τινας</span> <span class='ocrx_word' id='word_1_712' title='bbox 1129 2076 1294 2112; x_wconf 81' lang='grc' dir='ltr'>ὑπηρεσίας,</span> <span class='ocrx_word' id='word_1_713' title='bbox 1308 2077 1423 2103; x_wconf 82' lang='grc' dir='ltr'>ἑκάστου</span> <span class='ocrx_word' id='word_1_714' title='bbox 1439 2076 1569 2112; x_wconf 83' lang='grc' dir='ltr'>ἄρχοντος</span> <span class='ocrx_word' id='word_1_715' title='bbox 1588 2077 1676 2113; x_wconf 78' lang='grc' dir='ltr'>ἑαυτῷ</span> <span class='ocrx_word' id='word_1_716' title='bbox 1696 2087 1826 2115; x_wconf 82' lang='grc' dir='ltr'>γεγεννη-</span> 
     </span>
    </p>
   </div>
   <div class='ocr_carea' id='block_1_103' title="bbox 1037 2122 1826 2161">
    <p class='ocr_par' dir='ltr' id='par_1_103' title="bbox 1037 2122 1826 2161">
     <span class='ocr_line' id='line_1_103' title="bbox 1037 2122 1826 2161; baseline 0.006 -14"><span class='ocrx_word' id='word_1_717' title='bbox 1037 2122 1115 2153; x_wconf 83' lang='grc' dir='ltr'>κότος</span> <span class='ocrx_word' id='word_1_718' title='bbox 1131 2122 1177 2148; x_wconf 69' lang='grc' dir='ltr'>κα¹ι</span> <span class='ocrx_word' id='word_1_719' title='bbox 1193 2122 1373 2158; x_wconf 78' lang='grc' dir='ltr'>πεποιηκότος</span> <span class='ocrx_word' id='word_1_720' title='bbox 1393 2123 1556 2159; x_wconf 82' lang='grc' dir='ltr'>ὑπηρεσίαν.</span> <span class='ocrx_word' id='word_1_721' title='bbox 1572 2124 1617 2160; x_wconf 84' lang='grc' dir='ltr'>Μὴ</span> <span class='ocrx_word' id='word_1_722' title='bbox 1632 2123 1700 2151; x_wconf 78' lang='grc' dir='ltr'>εἶναι</span> <span class='ocrx_word' id='word_1_723' title='bbox 1717 2125 1745 2152; x_wconf 82' lang='grc' dir='ltr'><strong>δὲ</strong></span> <span class='ocrx_word' id='word_1_724' title='bbox 1761 2134 1826 2161; x_wconf 87' lang='grc' dir='ltr'>σαρ-</span> 
     </span>
    </p>
   </div>
   <div class='ocr_carea' id='block_1_104' title="bbox 1037 2168 1825 2207">
    <p class='ocr_par' dir='ltr' id='par_1_104' title="bbox 1037 2168 1825 2207">
     <span class='ocr_line' id='line_1_104' title="bbox 1037 2168 1825 2207; baseline 0.006 -13"><span class='ocrx_word' id='word_1_725' title='bbox 1037 2168 1084 2200; x_wconf 76' lang='grc' dir='ltr'>κὸς</span> <span class='ocrx_word' id='word_1_726' title='bbox 1104 2169 1262 2201; x_wconf 79' lang='grc' dir='ltr'>ἀνάστασιν,</span> <span class='ocrx_word' id='word_1_727' title='bbox 1285 2169 1352 2196; x_wconf 83' lang='grc' dir='ltr'>ἀλλὰ</span> <span class='ocrx_word' id='word_1_728' title='bbox 1369 2169 1448 2205; x_wconf 86' lang='grc' dir='ltr'>μόνον</span> <span class='ocrx_word' id='word_1_729' title='bbox 1469 2170 1567 2206; x_wconf 69' lang='grc' dir='ltr'>ψυχῆς.</span> <span class='ocrx_word' id='word_1_730' title='bbox 1583 2171 1825 2207; x_wconf 78' lang='grc' dir='ltr'>Ἀναθεματὶζουσί</span> 
     </span>
    </p>
   </div>
   <div class='ocr_carea' id='block_1_105' title="bbox 1036 2214 1824 2254">
    <p class='ocr_par' dir='ltr' id='par_1_105' title="bbox 1036 2214 1824 2254">
     <span class='ocr_line' id='line_1_105' title="bbox 1036 2214 1824 2254; baseline 0.005 -13"><span class='ocrx_word' id='word_1_731' title='bbox 1036 2223 1067 2241; x_wconf 79' lang='grc' dir='ltr'><strong>τε</strong></span> <span class='ocrx_word' id='word_1_732' title='bbox 1083 2214 1114 2241; x_wconf 79' lang='grc' dir='ltr'>τὸ</span> <span class='ocrx_word' id='word_1_733' title='bbox 1129 2214 1250 2250; x_wconf 71' lang='grc' dir='ltr'>λουτρὸν,</span> <span class='ocrx_word' id='word_1_734' title='bbox 1265 2216 1316 2242; x_wconf 78' lang='grc' dir='ltr'><strong>κᾶν</strong></span> <span class='ocrx_word' id='word_1_735' title='bbox 1329 2224 1357 2242; x_wconf 90' lang='grc' dir='ltr'><strong>τε</strong></span> <span class='ocrx_word' id='word_1_736' title='bbox 1375 2214 1431 2242; x_wconf 79' lang='grc' dir='ltr'>εἶέν</span> <span class='ocrx_word' id='word_1_737' title='bbox 1446 2225 1516 2248; x_wconf 85' lang='grc' dir='ltr'>τινες</span> <span class='ocrx_word' id='word_1_738' title='bbox 1527 2217 1555 2244; x_wconf 82' lang='grc' dir='ltr'>ὲν</span> <span class='ocrx_word' id='word_1_739' title='bbox 1569 2217 1660 2250; x_wconf 74' lang='grc' dir='ltr'>αὐτοῖς</span> <span class='ocrx_word' id='word_1_740' title='bbox 1675 2218 1824 2254; x_wconf 82' lang='grc' dir='ltr'>προειλημ-</span> 
     </span>
    </p>
   </div>
   <div class='ocr_carea' id='block_1_106' title="bbox 1039 2259 1826 2300">
    <p class='ocr_par' dir='ltr' id='par_1_106' title="bbox 1039 2259 1826 2300">
     <span class='ocr_line' id='line_1_106' title="bbox 1039 2259 1826 2300; baseline 0.008 -15"><span class='ocrx_word' id='word_1_741' title='bbox 1039 2259 1114 2294; x_wconf 79' lang='grc' dir='ltr'>μένοι</span> <span class='ocrx_word' id='word_1_742' title='bbox 1141 2261 1189 2286; x_wconf 77' lang='grc' dir='ltr'>καὶ</span> <span class='ocrx_word' id='word_1_743' title='bbox 1213 2260 1431 2297; x_wconf 83' lang='grc' dir='ltr'>βεϐαπτισμένοι.</span> <span class='ocrx_word' id='word_1_744' title='bbox 1453 2262 1509 2298; x_wconf 82' lang='grc' dir='ltr'><strong>Τήν</strong></span> <span class='ocrx_word' id='word_1_745' title='bbox 1532 2271 1562 2289; x_wconf 84' lang='grc' dir='ltr'><strong>τε</strong></span> <span class='ocrx_word' id='word_1_746' title='bbox 1588 2263 1642 2290; x_wconf 80' lang='grc' dir='ltr'>τῶν</span> <span class='ocrx_word' id='word_1_747' title='bbox 1669 2265 1826 2300; x_wconf 75' lang='grc' dir='ltr'>μυστηρίων</span> 
     </span>
    </p>
   </div>
   <div class='ocr_carea' id='block_1_107' title="bbox 1041 2307 1825 2346">
    <p class='ocr_par' dir='ltr' id='par_1_107' title="bbox 1041 2307 1825 2346">
     <span class='ocr_line' id='line_1_107' title="bbox 1041 2307 1825 2346; baseline 0.006 -14"><span class='ocrx_word' id='word_1_748' title='bbox 1041 2307 1158 2342; x_wconf 79' lang='grc' dir='ltr'>μετοχὴν</span> <span class='ocrx_word' id='word_1_749' title='bbox 1183 2308 1229 2334; x_wconf 80' lang='grc' dir='ltr'>καὶ</span> <span class='ocrx_word' id='word_1_750' title='bbox 1255 2307 1412 2344; x_wconf 74' lang='grc' dir='ltr'>ἀγαθότητα</span> <span class='ocrx_word' id='word_1_751' title='bbox 1438 2308 1597 2342; x_wconf 80' lang='grc' dir='ltr'>ἀθετοῦσιν,</span> <span class='ocrx_word' id='word_1_752' title='bbox 1617 2310 1656 2342; x_wconf 83' lang='grc' dir='ltr'>ὡς</span> <span class='ocrx_word' id='word_1_753' title='bbox 1683 2311 1825 2346; x_wconf 83' lang='grc' dir='ltr'>ἀλλοτρίαν</span> 
     </span>
    </p>
   </div>
   <div class='ocr_carea' id='block_1_108' title="bbox 1036 2351 1825 2392">
    <p class='ocr_par' dir='ltr' id='par_1_108' title="bbox 1036 2351 1825 2392">
     <span class='ocr_line' id='line_1_108' title="bbox 1036 2351 1825 2392; baseline 0.005 -13"><span class='ocrx_word' id='word_1_754' title='bbox 1036 2351 1129 2386; x_wconf 76' lang='grc' dir='ltr'>οὖσαν,</span> <span class='ocrx_word' id='word_1_755' title='bbox 1149 2354 1196 2380; x_wconf 76' lang='grc' dir='ltr'><strong>καὶ</strong></span> <span class='ocrx_word' id='word_1_756' title='bbox 1219 2354 1259 2386; x_wconf 81' lang='grc' dir='ltr'><strong>είς</strong></span> <span class='ocrx_word' id='word_1_757' title='bbox 1276 2354 1361 2390; x_wconf 76' lang='grc' dir='ltr'>ὄνομα</span> <span class='ocrx_word' id='word_1_758' title='bbox 1381 2355 1494 2382; x_wconf 85' lang='grc' dir='ltr'>Σαϐαὼθ</span> <span class='ocrx_word' id='word_1_759' title='bbox 1509 2357 1709 2392; x_wconf 77' lang='grc' dir='ltr'>γεγενημένην·</span> <span class='ocrx_word' id='word_1_760' title='bbox 1732 2357 1825 2384; x_wconf 75' lang='grc' dir='ltr'>τοῦτον</span> 
     </span>
    </p>
   </div>
   <div class='ocr_carea' id='block_1_109' title="bbox 1038 2398 1826 2439">
    <p class='ocr_par' dir='ltr' id='par_1_109' title="bbox 1038 2398 1826 2439">
     <span class='ocr_line' id='line_1_109' title="bbox 1038 2398 1826 2439; baseline 0.008 -15"><span class='ocrx_word' id='word_1_761' title='bbox 1038 2398 1092 2434; x_wconf 81' lang='grc' dir='ltr'>γὰρ</span> <span class='ocrx_word' id='word_1_762' title='bbox 1106 2399 1228 2426; x_wconf 81' lang='grc' dir='ltr'>θέλουσιν</span> <span class='ocrx_word' id='word_1_763' title='bbox 1248 2398 1317 2427; x_wconf 77' lang='grc' dir='ltr'>εἶναι</span> <span class='ocrx_word' id='word_1_764' title='bbox 1333 2401 1404 2427; x_wconf 84' lang='grc' dir='ltr'>κατά</span> <span class='ocrx_word' id='word_1_765' title='bbox 1423 2411 1498 2433; x_wconf 81' lang='grc' dir='ltr'>τινας</span> <span class='ocrx_word' id='word_1_766' title='bbox 1513 2402 1566 2429; x_wconf 86' lang='grc' dir='ltr'>τῶν</span> <span class='ocrx_word' id='word_1_767' title='bbox 1586 2402 1674 2430; x_wconf 81' lang='grc' dir='ltr'>ἄλλων</span> <span class='ocrx_word' id='word_1_768' title='bbox 1695 2403 1826 2439; x_wconf 73' lang='grc' dir='ltr'>αἱρέσεων</span> 
     </span>
    </p>
   </div>
   <div class='ocr_carea' id='block_1_110' title="bbox 1039 2444 1826 2482">
    <p class='ocr_par' dir='ltr' id='par_1_110' title="bbox 1039 2444 1826 2482">
     <span class='ocr_line' id='line_1_110' title="bbox 1039 2444 1826 2482; baseline 0.009 -13"><span class='ocrx_word' id='word_1_769' title='bbox 1039 2444 1068 2470; x_wconf 84' lang='grc' dir='ltr'>ὲν</span> <span class='ocrx_word' id='word_1_770' title='bbox 1085 2444 1122 2479; x_wconf 82' lang='grc' dir='ltr'><strong>τῷ</strong></span> <span class='ocrx_word' id='word_1_771' title='bbox 1135 2444 1241 2480; x_wconf 81' lang='grc' dir='ltr'>ἑϐδόμῳ</span> <span class='ocrx_word' id='word_1_772' title='bbox 1267 2445 1373 2481; x_wconf 67' lang='grc' dir='ltr'>οὐρανῷ</span> <span class='ocrx_word' id='word_1_773' title='bbox 1392 2447 1575 2482; x_wconf 80' lang='grc' dir='ltr'>τυραννοῦντα</span> <span class='ocrx_word' id='word_1_774' title='bbox 1587 2468 1594 2481; x_wconf 92' lang='grc'><strong>,</strong></span> <span class='ocrx_word' id='word_1_775' title='bbox 1611 2449 1658 2474; x_wconf 72' lang='grc' dir='ltr'><strong>καὶ</strong></span> <span class='ocrx_word' id='word_1_776' title='bbox 1681 2449 1752 2476; x_wconf 84' lang='grc' dir='ltr'>κατὰ</span> <span class='ocrx_word' id='word_1_777' title='bbox 1772 2449 1826 2476; x_wconf 86' lang='grc' dir='ltr'>τῶν</span> 
     </span>
    </p>
   </div>
   <div class='ocr_carea' id='block_1_111' title="bbox 1037 2489 1826 2529">
    <p class='ocr_par' dir='ltr' id='par_1_111' title="bbox 1037 2489 1826 2529">
     <span class='ocr_line' id='line_1_111' title="bbox 1037 2489 1826 2529; baseline 0.008 -14"><span class='ocrx_word' id='word_1_778' title='bbox 1037 2489 1123 2516; x_wconf 86' lang='grc' dir='ltr'>ἄλλων</span> <span class='ocrx_word' id='word_1_779' title='bbox 1138 2490 1327 2525; x_wconf 84' lang='grc' dir='ltr'>κατισχύοντα.</span> <span class='ocrx_word' id='word_1_780' title='bbox 1341 2491 1444 2528; x_wconf 87' lang='grc' dir='ltr'>Βρῶμα</span> <span class='ocrx_word' id='word_1_781' title='bbox 1458 2493 1487 2519; x_wconf 77' lang='grc' dir='ltr'><strong>δὲ</strong></span> <span class='ocrx_word' id='word_1_782' title='bbox 1507 2493 1630 2528; x_wconf 82' lang='grc' dir='ltr'>λέγουσιν</span> <span class='ocrx_word' id='word_1_783' title='bbox 1645 2492 1713 2520; x_wconf 77' lang='grc' dir='ltr'>εἶναι</span> <span class='ocrx_word' id='word_1_784' title='bbox 1733 2495 1826 2529; x_wconf 81' lang='grc' dir='ltr'>ἀρχῶν</span> 
     </span>
    </p>
   </div>
   <div class='ocr_carea' id='block_1_112' title="bbox 1037 2534 1826 2576">
    <p class='ocr_par' dir='ltr' id='par_1_112' title="bbox 1037 2534 1826 2576">
     <span class='ocr_line' id='line_1_112' title="bbox 1037 2534 1826 2576; baseline 0.01 -16"><span class='ocrx_word' id='word_1_785' title='bbox 1037 2535 1084 2561; x_wconf 72' lang='grc' dir='ltr'>καὶ</span> <span class='ocrx_word' id='word_1_786' title='bbox 1096 2534 1224 2567; x_wconf 80' lang='grc' dir='ltr'>ἐξουσιῶν</span> <span class='ocrx_word' id='word_1_787' title='bbox 1233 2537 1283 2572; x_wconf 83' lang='grc' dir='ltr'>τὴν</span> <span class='ocrx_word' id='word_1_788' title='bbox 1297 2538 1397 2573; x_wconf 82' lang='grc' dir='ltr'>ψυχήν.</span> <span class='ocrx_word' id='word_1_789' title='bbox 1411 2539 1491 2565; x_wconf 76' lang='grc' dir='ltr'>’Ᾱνευ</span> <span class='ocrx_word' id='word_1_790' title='bbox 1505 2539 1534 2566; x_wconf 84' lang='grc' dir='ltr'><strong>δὲ</strong></span> <span class='ocrx_word' id='word_1_791' title='bbox 1548 2540 1630 2566; x_wconf 77' lang='grc' dir='ltr'>αὐτοῦ</span> <span class='ocrx_word' id='word_1_792' title='bbox 1646 2541 1684 2576; x_wconf 86' lang='grc' dir='ltr'><strong>μὴ</strong></span> <span class='ocrx_word' id='word_1_793' title='bbox 1696 2540 1826 2568; x_wconf 70' lang='grc' dir='ltr'>δύνασθαι</span> 
     </span>
    </p>
   </div>
   <div class='ocr_carea' id='block_1_113' title="bbox 1036 2581 1826 2622">
    <p class='ocr_par' dir='ltr' id='par_1_113' title="bbox 1036 2581 1826 2622">
     <span class='ocr_line' id='line_1_113' title="bbox 1036 2581 1826 2622; baseline 0.009 -16"><span class='ocrx_word' id='word_1_794' title='bbox 1036 2581 1134 2612; x_wconf 75' lang='grc' dir='ltr'>αὐτοὺς</span> <span class='ocrx_word' id='word_1_795' title='bbox 1148 2582 1207 2617; x_wconf 82' lang='grc' dir='ltr'>ζῇν.</span> <span class='ocrx_word' id='word_1_796' title='bbox 1224 2582 1267 2609; x_wconf 76' lang='grc' dir='ltr'>διὰ</span> <span class='ocrx_word' id='word_1_797' title='bbox 1285 2583 1314 2610; x_wconf 80' lang='grc' dir='ltr'>τὸ</span> <span class='ocrx_word' id='word_1_798' title='bbox 1338 2585 1392 2611; x_wconf 79' lang='grc' dir='ltr'><strong>ἀπὸ</strong></span> <span class='ocrx_word' id='word_1_799' title='bbox 1413 2585 1462 2620; x_wconf 81' lang='grc' dir='ltr'>τῆς</span> <span class='ocrx_word' id='word_1_800' title='bbox 1483 2586 1586 2612; x_wconf 79' lang='grc' dir='ltr'>ἄνωθεν</span> <span class='ocrx_word' id='word_1_801' title='bbox 1608 2586 1721 2621; x_wconf 78' lang='grc' dir='ltr'>ἰκμάδος</span> <span class='ocrx_word' id='word_1_802' title='bbox 1740 2587 1826 2622; x_wconf 81' lang='grc' dir='ltr'>αὐτὴν</span> 
     </span>
    </p>
   </div>
   <div class='ocr_carea' id='block_1_114' title="bbox 1039 2626 1859 2668">
    <p class='ocr_par' dir='ltr' id='par_1_114' title="bbox 1039 2626 1859 2668">
     <span class='ocr_line' id='line_1_114' title="bbox 1039 2626 1859 2668; baseline 0.009 -15"><span class='ocrx_word' id='word_1_803' title='bbox 1039 2626 1118 2660; x_wconf 80' lang='grc' dir='ltr'>εἶναι,</span> <span class='ocrx_word' id='word_1_804' title='bbox 1133 2629 1180 2654; x_wconf 77' lang='grc' dir='ltr'><strong>καὶ</strong></span> <span class='ocrx_word' id='word_1_805' title='bbox 1202 2628 1316 2665; x_wconf 87' lang='grc' dir='ltr'>δύναμιν</span> <span class='ocrx_word' id='word_1_806' title='bbox 1337 2631 1429 2664; x_wconf 81' lang='grc' dir='ltr'>αὐτοῖς</span> <span class='ocrx_word' id='word_1_807' title='bbox 1447 2633 1588 2668; x_wconf 56' lang='grc' dir='ltr'>παρέχειν.</span> <span class='ocrx_word' id='word_1_808' title='bbox 1612 2633 1656 2659; x_wconf 85' lang='grc' dir='ltr'>Ἐν</span> <span class='ocrx_word' id='word_1_809' title='bbox 1675 2632 1776 2667; x_wconf 87' lang='grc' dir='ltr'>γνώσει</span> <span class='ocrx_word' id='word_1_810' title='bbox 1799 2634 1826 2660; x_wconf 71' lang='grc' dir='ltr'><strong>δὲ</strong></span> <span class='ocrx_word' id='word_1_811' title='bbox 1857 2632 1859 2634; x_wconf 73' lang='grc'><em>’</em></span> 
     </span>
    </p>
   </div>
   <div class='ocr_carea' id='block_1_115' title="bbox 1038 2672 1826 2715">
    <p class='ocr_par' dir='ltr' id='par_1_115' title="bbox 1038 2672 1826 2715">
     <span class='ocr_line' id='line_1_115' title="bbox 1038 2672 1826 2715; baseline 0.01 -16"><span class='ocrx_word' id='word_1_812' title='bbox 1038 2672 1140 2707; x_wconf 76' lang='grc' dir='ltr'>ταύτην</span> <span class='ocrx_word' id='word_1_813' title='bbox 1153 2675 1311 2711; x_wconf 80' lang='grc' dir='ltr'>γενομένην,</span> <span class='ocrx_word' id='word_1_814' title='bbox 1336 2678 1384 2704; x_wconf 77' lang='grc' dir='ltr'>καὶ</span> <span class='ocrx_word' id='word_1_815' title='bbox 1405 2678 1544 2713; x_wconf 77' lang='grc' dir='ltr'>φυγοῦσαν</span> <span class='ocrx_word' id='word_1_816' title='bbox 1563 2679 1592 2706; x_wconf 85' lang='grc' dir='ltr'><strong>τὺ</strong></span> <span class='ocrx_word' id='word_1_817' title='bbox 1617 2678 1758 2715; x_wconf 77' lang='grc' dir='ltr'>Βάπτισμα</span> <span class='ocrx_word' id='word_1_818' title='bbox 1780 2680 1826 2715; x_wconf 76' lang='grc' dir='ltr'>τῆς</span> 
     </span>
    </p>
   </div>
  </div>
