1952 3045
229 160 283 189 (ῖὲὸ

229 219 371 255 quodlibet
389 229 502 257 regnum
513 221 608 257 plures
617 222 700 251 habet
714 222 886 258 principatus
901 222 948 248 uni
964 220 1021 255 regi
1038 224 1061 249 Δ

230 266 380 300 subjectos.
392 267 458 300 Qua:
471 268 540 295 enim
553 273 694 302 potestates
709 273 781 299 sunt,
792 277 808 295 α
822 267 875 295 Deo
890 266 1022 294 ordinatw

230 316 302 342 sunt,
316 312 353 338 ait
361 312 508 346 Apostolus
517 313 536 340 ‘.
547 312 640 348 Itaque
653 313 697 348 qui
710 313 836 348 potestati
851 312 962 342 resistit,
975 311 1023 337 Dei

230 356 396 384 ordinationi
413 359 522 385 resistit.
542 358 613 385 Nam
633 359 764 394 principes
782 367 834 385 non
856 362 916 385 sunt
932 361 1023 384 contra

231 402 338 436 bonum,
358 404 402 430 sed
415 413 463 439 pro
482 404 547 432 bona
558 413 567 431 :
584 414 664 440 neque
681 410 741 431 sunt
761 410 854 432 contra
876 404 1021 434 veritatem,

232 448 278 475 sed
292 457 340 482 pro
357 450 474 476 veritate.
499 449 541 476 Vis
557 455 643 476 autem
666 459 717 477 non
743 451 830 477 timere
848 450 1023 484 potestatem?

233 495 337 522 Battum
354 496 408 530 fac.
420 501 444 522 et
459 496 565 523 habebis
578 496 684 523 Iaudem
697 504 730 522 ex
744 496 802 522 illa.
816 495 877 522 Non
889 496 958 522 enim
968 495 1024 522 sine

233 549 315 568 causa
323 540 441 576 gladium
451 547 549 576 portat.
562 542 610 569 Dei
622 543 691 569 enim
703 543 822 568 minister
833 541 867 568 ad
878 541 925 568 hoc
938 542 1023 575 ipsum

233 586 357 614 adversus
368 587 492 614 scelerate
504 587 638 620 quidpiam
654 592 785 622 gerentem
801 595 816 613 ιι
828 586 883 613 Deo
898 586 1025 612 constitu-

233 637 286 659 tus.
304 631 423 660 Videsne
437 637 465 659 ut
480 633 536 660 lnrc
552 633 644 660 mundi
661 637 783 668 potestas
799 639 813 658 a
832 632 885 658 Deo
902 630 1024 658 stabilita

233 679 278 710 sit,
296 678 433 713 gladiique
446 679 493 713 jus
509 679 650 706 obtineat?
664 678 756 713 Neque
772 685 837 705 vero
860 676 887 703 id
902 675 1023 706 aliunde.

233 733 313 760 quam
330 733 343 751 a
361 725 416 752 Deo
431 725 462 751 ad
480 726 673 752 vindicandum
687 725 794 758 accipit.
804 723 938 750 Caeterum
951 721 1025 758 quod

233 771 367 806 ejusmodi
392 771 447 798 sint
468 773 494 797 iu
515 771 616 798 tnundo
632 770 800 806 principatus
816 777 847 797 ac
863 773 1024 804 potestates,

233 825 314 844 nemo
330 817 438 844 illorttm
457 825 546 852 regem
562 820 704 851 propterea
721 824 810 851 regem
829 823 891 843 esse
909 823 1025 850 negave-

233 864 287 896 rit;
306 863 352 891 sed
365 864 401 890 ita
417 863 587 898 principatus
602 863 664 891 illos
680 870 711 890 ac
724 866 874 898 potestates
885 863 912 889 in
925 861 1026 888 mundo

233 916 294 936 esse
308 909 448 940 latebitur,
466 914 495 936 ut
510 910 618 937 interim
637 910 746 936 illorum
760 916 821 936 esse
836 916 926 944 regem
944 915 1028 943 agno-
1044 898 1064 928 Β

233 959 302 982 seat.
319 955 403 990 Igitur
415 955 466 982 hoc
485 955 584 990 ipsum,
602 955 675 990 quod
700 955 727 982 in
755 955 835 982 terris
850 954 961 985 accidit,
979 954 1026 981 de-

233 1001 463 1033 monstravimus;
476 1008 530 1027 non
541 1008 602 1028 esse
613 1002 667 1036 regi
681 1001 850 1036 principatus
860 1000 1025 1032 contrarios,

233 1047 281 1075 sed
302 1047 336 1073 ad
363 1047 468 1082 imperii
494 1048 578 1074 totius
604 1047 868 1075 administrationem
892 1051 1026 1081 terraeque

234 1093 447 1119 moderationem
476 1092 635 1126 subjectos;
654 1093 699 1119 ubi
727 1092 817 1120 caules
843 1092 970 1119 videlicet
995 1099 1027 1118 ac

234 1137 326 1174 praelia
344 1139 409 1169 sint,
423 1138 638 1173 ignorantimque
654 1132 686 1164 ac
700 1138 861 1173 disciplinae,
872 1137 1026 1164 observatio

233 1185 351 1219 denique
369 1185 457 1220 legum
476 1192 509 1211 ac
523 1185 715 1220 transgressio.
725 1185 811 1220 Cujus
824 1185 861 1211 rei
876 1184 963 1219 gratia
977 1192 1027 1219 po-

234 1235 345 1258 testates
364 1231 496 1258 institutze
523 1236 598 1263 sunt,
614 1235 644 1257 ut
666 1231 699 1258 ad
727 1234 815 1265 aptam
844 1230 928 1257 totius
950 1230 1026 1256 orbis

234 1278 467 1311 compositumque
481 1277 707 1312 gubernationem
725 1276 856 1311 praeclare
867 1283 881 1302 a
894 1277 948 1303 Deo
959 1283 1026 1302 con-

234 1322 384 1350 stituantur
411 1331 443 1349 ac
465 1327 595 1357 regantur
615 1323 752 1350 universa.
771 1321 843 1349 Idem
860 1326 887 1349 et
908 1322 937 1349 in
957 1322 1026 1348 coelo

235 1375 343 1403 quoque
367 1368 526 1404 contingere
547 1376 660 1396 necesse
675 1373 716 1395 est
731 1376 820 1402 eoque
838 1368 936 1403 magis,
954 1367 1027 1402 quod

235 1415 291 1441 illic
309 1422 358 1440 nec
374 1414 486 1446 invidisti,
505 1422 553 1442 nec
568 1414 720 1447 aemulatio,
738 1422 825 1449 neque
840 1414 928 1450 legum
946 1414 1029 1441 viola-

235 1460 284 1491 tio,
302 1467 351 1487 nec
376 1459 475 1487 seditio
499 1460 552 1486 ulla
575 1460 627 1493 sit;
653 1468 707 1488 non
732 1460 941 1495 jusjurandum,
968 1467 1026 1487 non

234 1504 316 1540 295
332 1505 438 1539 rapina,
455 1513 508 1531 non
525 1505 626 1540 aliqttid
645 1505 790 1539 ejusmodi.
809 1506 899 1538 Quare
913 1505 1027 1532 alterius

235 1550 335 1584 negotii
362 1557 444 1577 causa
470 1554 617 1584 potestates
641 1551 767 1578 stabilita:
784 1555 858 1579 sunt.
877 1550 1026 1585 Cujusnam

235 1596 318 1623 vero?
334 1595 467 1622 Nimirum
486 1601 595 1630 propter
610 1596 764 1624 divinarum
782 1597 891 1623 laudum
910 1603 1028 1623 concert-

237 1647 304 1673 tum,
323 1646 350 1669 et
364 1642 545 1668 immortalem
562 1642 636 1669 illam
652 1643 774 1670 numinis
796 1643 1028 1678 praedicationem.

236 1688 320 1723 Cujus
342 1687 430 1722 gratia
449 1695 574 1715 summus
591 1687 636 1715 ille
654 1689 724 1716 Deus
741 1697 772 1715 ac
789 1689 916 1724 princeps
940 1689 1030 1716 omnis

236 1740 333 1767 expers
346 1733 452 1759 invidiae
462 1740 541 1760 suum
557 1733 656 1768 cuique
672 1734 791 1765 illorum,
805 1742 874 1769 quos
889 1735 1028 1769 produxit,

236 1781 427 1805 ornamentum
460 1785 492 1804 ac
521 1778 606 1806 decus
636 1779 772 1812 attribuit,
792 1784 820 1806 ut
850 1780 957 1814 imperii
985 1781 1030 1809 sui

237 1824 376 1859 splendor.
393 1828 474 1858 atque
492 1825 657 1859 sempiterna
673 1825 802 1860 dignitas,
812 1831 942 1860 perpetuo
959 1827 1030 1854 cele—

235 1869 340 1897 bretur.
356 1869 490 1902 Quocirca
520 1870 694 1897 vehementer
709 1876 811 1903 ,errant
832 1873 887 1903 isti,
913 1873 960 1906 qui
981 1871 1029 1900 Dei

237 1916 354 1951 gratiam
374 1916 512 1950 ignorant.

273 1960 304 1988 Υ.
330 1961 395 1988 Illud
410 1969 474 1988 vero
491 1962 603 1997 insuper
619 1961 763 1993 aﬂirmant,
781 1962 853 1996 quod
868 1971 882 1989 a
895 1971 938 1991 me
949 1968 1028 1992 antea

236 2007 340 2034 dictum
365 2010 417 2038 est,
433 2007 572 2034 diabolum
596 2008 719 2042 septima:
742 2008 895 2043 potestatis.
915 2009 966 2036 hoc
988 2014 1030 2037 est

238 2054 368 2085 Sabaoth,
385 2061 448 2080 esse
462 2053 556 2080 liliutn.
568 2053 688 2081 Sabaoth
703 2062 785 2089 porro
797 2053 953 2082 Judworum
969 2064 1029 2084 esse

237 2099 334 2132 Deum,
351 2099 430 2133 cujus
445 2100 532 2126 malus
547 2099 618 2127 ﬁlius
633 2100 669 2126 sit
684 2099 809 2127 diabolus
824 2110 830 2127 τ
848 2101 895 2136 qui
912 2102 940 2129 in
956 2105 1028 2129 terra

238 2145 393 2172 consistens
414 2144 527 2171 Parenti
553 2152 603 2172 suo
631 2145 789 2172 reluctetur.
809 2145 940 2174 Eumdem
965 2155 1028 2174 vero

238 2183 382 2219 I’arentem
407 2199 495 2226 neque
518 2191 664 2225 ejusmodi,
681 2191 732 2218 hoc
757 2197 798 2219 est
823 2193 936 2224 malum,
955 2201 1026 2226 esse,

239 2244 327 2272 neque
352 2236 434 2263 Deum
457 2241 546 2263 tamen
572 2237 647 2263 illum
673 2245 742 2268 esse.
762 2238 807 2272 qui
833 2239 1027 2273 comprehendi
1043 2254 1066 2282 ι)

240 2286 367 2317 nequeat.
394 2282 446 2309 Sed
472 2283 506 2310 ad
530 2282 670 2310 sinistram
692 2287 855 2316 potestatem
881 2285 1026 2319 pertinere.

240 2329 351 2355 Addunt
378 2332 405 2355 et
428 2329 507 2355 aliain
522 2328 676 2356 istiusmodi
693 2329 823 2356 fabulam.
838 2329 980 2357 Diabolum
995 2331 1029 2357 ad

241 2373 324 2400 Evam
341 2375 513 2402 accedentem
530 2382 592 2401 eum
610 2383 641 2402 ea
662 2376 773 2410 perinde
790 2383 822 2403 ac
839 2376 879 2403 vir
897 2385 958 2404 cum
974 2386 1030 2405 mu-

240 2419 308 2447 liere
326 2421 404 2451 solet,
419 2421 645 2448 consuetudinem
667 2421 797 2449 habuisse
817 2423 905 2458 deque
919 2431 950 2450 ea
967 2424 1030 2452 Cai-

241 2474 306 2492 uum
329 2470 356 2493 et
377 2467 490 2494 Abelutn
515 2468 680 2503 suscepisse.
699 2467 738 2495 Ex
756 2477 810 2503 quo
832 2469 934 2497 factum
951 2479 1029 2499 asse-

241 2516 315 2542 runt,
334 2515 363 2538 ut
378 2511 404 2538 in
421 2513 537 2540 alterum
554 2522 624 2541 unus
637 2514 800 2549 insurgeret,
820 2524 868 2550 pro
883 2524 914 2544 ea
933 2517 1028 2544 videli-

241 2562 285 2584 cet
302 2557 414 2588 invidia,
424 2566 478 2592 qua
496 2559 523 2585 in
540 2567 570 2586 se
584 2563 679 2587 mutuo
692 2562 917 2588 coneitabantur:
928 2570 959 2590 ac
974 2572 1028 2590 non

241 2604 303 2631 ideo
320 2604 391 2638 quod
409 2604 509 2632 Λιιθιιις
532 2604 587 2632 Deo
611 2611 685 2634 esset
706 2609 859 2641 acceptior;
885 2609 924 2635 uti
940 2616 969 2636 se
982 2617 1028 2637 res

239 2649 338 2681 habet;
354 2651 401 2677 sed
418 2657 489 2676 novo
505 2651 623 2685 quodam
635 2652 776 2679 mendacio
791 2654 930 2681 veritatem
944 2654 1028 2682 dissi-

241 2697 355 2723 mulant.
366 2697 466 2724 Ambos
481 2698 552 2724 enim
569 2697 645 2724 aiunt
660 2699 765 2726 sororis
778 2707 871 2726 artiore
884 2699 1024 2736 ﬂagrasse.

239 2741 303 2770 Ideo
317 2742 433 2769 Cainutn
457 2743 484 2770 in
508 2743 622 2771 Abelum
639 2744 806 2771 concitatum
823 2745 910 2780 ipsum
925 2747 1026 2774 intere-

277 2832 286 2847 ι
300 2831 380 2868 Βοιη,
400 2839 462 2866 xui,
479 2832 492 2861 1
506 2839 567 2868 sqq.

241 2863 320 2894 Carr.
346 2867 408 2902 γῆς.

232 2909 238 2922 Ι

933 160 962 188 S.
982 156 1155 188 EPIPHANII

610 2834 621 2849 '
638 2832 700 2861 Vat.
715 2832 746 2859 τὸ
760 2833 843 2861 καλόν
893 2834 903 2850 ³
924 2833 973 2862 Vet
998 2834 1129 2864 δέδεικται
1148 2838 1211 2873 γάρ.

1813 161 1873 190 θοι

1079 221 1147 248 ἀλλὰ
1166 221 1218 248 ὑπὸ
1238 222 1287 249 ἕνα
1308 221 1429 258 βασιλέα.
1445 223 1479 249 At
1503 222 1558 257 γὰρ
1572 219 1663 250 οὖσαι
1683 221 1819 254 ἐξουσίαι
1834 222 1873 248 ἐκ

1076 267 1151 294 Θεοῦ
1173 267 1348 302 τεταγμέναι
1361 288 1368 300 ,
1386 267 1424 299 ὡς
1445 267 1521 302 λέγει
1545 269 1559 294 ὁ
1583 267 1752 298 Ἀπόστολος.
1779 267 1874 293 Ὥστε

1076 309 1133 339 οὖν
1155 314 1172 340 ό
1188 313 1407 348 ἀνθιστάμενος
1431 313 1468 348 τῇ
1494 314 1636 347 ἐξουσίᾳ,
1661 313 1699 347 τῇ
1721 312 1775 340 τοῦ
1793 312 1874 339 Θεοῦ

1076 359 1202 395 διαταγῇ
1218 360 1414 393 ἀνθέστηκεν.
1440 361 1473 387 Οἱ
1490 361 1544 395 γὰρ
1561 360 1706 394 ἄρχοντες
1729 360 1785 386 οὐκ
1808 357 1873 384 εἱσι

1076 405 1151 433 κατὰ
1178 406 1231 433 τοῦ
1248 406 1377 440 ἀγαθοῦ,
1403 406 1472 433 ἀλλ’
1494 406 1569 440 ὑπὲρ
1593 405 1646 432 τοῦ
1665 404 1778 440 ἀγαθοῦ
1792 413 1800 420 ·
1819 404 1873 430 καὶ

1075 452 1131 478 οὐκ
1149 451 1210 478 εἰσὶ
1226 451 1301 478 κατὰ
1317 451 1372 486 τῆς
1386 453 1530 487 ἀληθείας
1539 472 1547 485 ,
1559 453 1628 480 ἀλλ’
1642 451 1719 485 ὑπὲρ
1730 450 1785 485 τῆς
1795 451 1875 483 ἁλη-

1076 498 1168 530 θείας.
1188 497 1290 530 Θέλεις
1304 498 1338 524 δὲ
1350 519 1357 529 ,
1375 498 1442 533 φησὶ
1454 518 1462 530 ,
1482 498 1541 532 τὴν
1553 498 1699 530 ἐξουσίαν
1710 495 1753 531 μὴ
1769 494 1872 530 φοϐεῖ-

1076 545 1164 574 σθαι;
1184 544 1218 570 Τὸ
1235 543 1348 577 ἀγαθὸν
1364 545 1374 559 ⁸
1394 544 1492 576 ποίει,
1523 543 1572 570 καὶ
1592 543 1671 575 ἕξεις
1689 542 1815 569 ἔπαινον
1835 540 1873 573 ἐξ

1075 590 1181 622 αὐτῆς.
1204 590 1245 616 οὺ
1263 589 1317 624 γὰρ
1336 589 1401 623 εικῆ
1415 589 1502 623 φορεῖ
1515 589 1572 623 τὴν
1586 588 1746 623 μάχαιραν.
1764 586 1872 613 Διακο-

1076 643 1129 665 νος
1145 634 1200 668 γάρ
1214 635 1301 661 ἐστιν
1321 636 1365 667 εἰς
1376 635 1454 661 ἀὐτὸ
1477 634 1564 661 τοῦτο
1583 635 1617 660 ὲκ
1637 633 1711 660 Θεοῦ
1731 631 1873 666 τεταγμέ-

1076 690 1129 714 νος
1143 680 1184 713 τῷ
1197 681 1229 708 τὸ
1243 681 1337 708 κακὸν
1353 680 1521 714 πράττοντι.
1539 680 1593 707 Καὶ
1604 680 1670 715 ὁρᾷς
1683 700 1691 712 ,
1708 679 1746 710 ὡς
1759 680 1775 714 ὴ
1791 678 1873 710 ἐξου-

1078 728 1123 754 σία
1139 727 1208 762 αὕτη
1226 729 1241 760 ὴ
1260 728 1379 764 κοσμικὴ
1395 729 1426 755 ἐκ
1441 728 1507 755 Θεοῦ
1518 727 1657 758 τέτακται,
1672 726 1718 753 καὶ
1731 725 1873 761 μαχαίρας

1076 772 1156 799 ἔλαϐε
1173 773 1222 808 τὴν
1239 772 1378 806 ἐξουσίαν;
1400 773 1457 799 Οὐκ
1472 771 1618 807 ἀλλαχόθεν
1640 770 1669 797 δέ
1691 770 1772 796 ποθεν
1785 789 1793 801 ,
1811 768 1873 796 ἀλλ’

1078 819 1109 845 ὲκ
1129 817 1215 850 Θεοῦ,
1241 819 1280 850 εἰς
1307 819 1456 854 ἐκδίκησιν.
1474 818 1528 844 Καὶ
1552 818 1582 843 οὐ
1603 815 1741 851 δυνάμεθα
1765 815 1872 849 λέγειν,

1078 865 1120 891 διὰ
1134 865 1164 891 τὺ
1175 864 1245 892 εἶναι
1262 865 1348 901 ἀρχὰς
1360 865 1407 891 καὶ
1424 864 1546 896 ἐξουσίας
1560 864 1587 890 ἐν
1605 863 1715 898 κόσμῳ,
1731 862 1776 888 τὸν
1793 861 1875 896 βασι-

1079 911 1126 937 λέα
1139 911 1240 938 τούτων
1262 911 1299 946 μὴ
1316 909 1386 937 εἶναι
1403 911 1533 946 βασιλέα·
1551 910 1619 937 ἀλλὰ
1633 908 1702 936 εἶναι
1719 908 1769 940 τὰς
1782 907 1874 943 ἀρχὰς

1080 957 1186 988 καὶτὰς
1200 957 1323 989 ἐξουσίας
1339 958 1367 983 ἐν
1387 957 1481 993 κόσμῳ
1491 978 1498 989 ,
1516 954 1585 983 εἶναι
1599 956 1628 983 δὲ
1646 956 1692 982 καὶ
1710 955 1754 982 τὸν
1767 954 1873 981 τούτων

1078 1002 1199 1038 βασιλέα.
1221 1003 1264 1034 Ὠς
1289 1001 1335 1029 οὖν
1351 1004 1397 1030 ἐπὶ
1424 1004 1475 1038 γῆς
1499 1003 1606 1038 ὁρῶμεν
1628 1002 1780 1037 (δέδεικται
1795 1001 1806 1016 ²
1819 1001 1874 1027 οὐκ

1077 1048 1202 1080 ἐναντίας
1217 1049 1266 1081 τὰς
1293 1049 1379 1085 ἀρχὰς
1394 1049 1433 1084 τῷ
1458 1048 1581 1084 βασιλεῖ,
1609 1049 1667 1075 ἀλλ’
1682 1047 1872 1082 ὑποτεταγμέ-

1077 1103 1126 1126 νας
1139 1095 1178 1126 εἰς
1190 1095 1322 1129 διοίκησιν
1336 1095 1437 1126 παντὸς
1451 1094 1498 1120 τοῦ
1514 1093 1646 1129 βασιλείου
1657 1113 1664 1125 ,
1679 1093 1726 1120 καὶ
1739 1093 1779 1124 εὶς
1791 1092 1873 1118 εὐτα-

1079 1140 1138 1173 ξίαν
1149 1141 1200 1176 γῆς
1210 1149 1216 1155 ·
1235 1140 1299 1167 ἔνθα
1315 1141 1390 1175 φόνοι
1403 1161 1410 1172 ,
1426 1141 1473 1168 καὶ
1487 1141 1572 1176 μάχαι
1585 1160 1592 1172 ,
1606 1139 1711 1174 ἄγνοιαι
1726 1148 1756 1166 τε
1771 1139 1818 1166 καὶ
1830 1138 1873 1165 δι-

1077 1187 1220 1214 δασκαλίαι
1234 1206 1241 1218 ,
1255 1186 1379 1222 εὐνομίαι
1396 1195 1425 1213 τε
1441 1186 1488 1212 καὶ
1503 1185 1689 1222 παρανομίαι·
1706 1185 1753 1212 καὶ
1773 1185 1872 1211 τούτου

1078 1233 1156 1268 χάριν
1172 1233 1241 1261 εἰσὶν
1255 1233 1392 1266 ἐξουσίαι,
1412 1233 1456 1260 ἵνα
1473 1233 1513 1264 εἰς
1532 1232 1661 1259 εὓτακτον
1677 1231 1802 1265 σύνταξιν
1819 1231 1873 1266 τῆς

1077 1279 1124 1306 τοῦ
1139 1280 1240 1311 παντὸς
1251 1280 1354 1314 κόσμου
1367 1278 1527 1314 διοικήσεως
1542 1278 1577 1304 τὰ
1592 1278 1681 1305 πάντα
1695 1279 1727 1304 ἐκ
1739 1277 1806 1304 Θεοῦ
1825 1285 1873 1303 κα-

1077 1326 1131 1357 λῶς
1144 1325 1300 1361 καταταχθῇ
1313 1325 1361 1352 καὶ
1381 1325 1546 1360 οἰκονομηθῇ
1557 1325 1565 1359 )
1575 1345 1583 1356 ,
1597 1324 1668 1351 οὕτω
1688 1323 1734 1350 καὶ
1745 1324 1774 1349 ὲν
1786 1323 1872 1358 οὐρα-

1078 1371 1115 1406 νῷ
1128 1391 1134 1403 ,
1151 1371 1268 1406 μάλιστα
1285 1371 1314 1397 δὲ
1330 1370 1477 1405 ἐξαιρέτως
1495 1371 1571 1396 ἐκεῖ·
1587 1369 1651 1396 ἔνθα
1662 1369 1692 1395 οὑ
1706 1369 1802 1404 φθόνος
1814 1389 1820 1399 ,
1839 1369 1871 1394 οὐ

1078 1416 1158 1453 ζῆλος
1170 1438 1177 1449 ,
1196 1418 1225 1443 οὐ
1243 1416 1401 1453 παρανομία
1414 1437 1421 1448 ,
1439 1416 1489 1442 οὐκ
1515 1416 1669 1450 ἐναντιότης
1682 1434 1689 1445 ,
1711 1415 1741 1441 οὐ
1762 1414 1870 1446 στάσις,

1078 1463 1126 1498 οὐχ
1138 1463 1231 1498 ὅρκος,
1247 1463 1296 1497 οὐχ
1310 1462 1422 1498 ἁρπαγὴ
1432 1483 1438 1494 ,
1453 1462 1512 1488 οὐδέ
1523 1471 1548 1488 τι
1560 1461 1653 1497 ἓτερον
1664 1461 1717 1487 τῶν
1729 1460 1871 1491 τοιούτων,

1078 1509 1197 1542 ἐξουσίαι
1224 1509 1390 1544 τεταγμέναι
1417 1509 1470 1534 εἰσὶ
1494 1508 1526 1535 δι’
1554 1508 1637 1542 ἄλλην
1667 1506 1870 1542 πραγματείαν.

1079 1555 1163 1581 Ποίαν
1188 1555 1216 1581 δέ
1244 1563 1331 1590 φημι,
1348 1555 1404 1581 ἀλλ’
1425 1554 1442 1590 ἢ
1459 1554 1503 1581 διὰ
1521 1553 1565 1580 τὸν
1580 1553 1682 1589 ῥυθμὸν
1708 1551 1754 1579 τοῦ
1772 1551 1870 1587 ὕμνου,

1081 1601 1125 1628 διὰ
1139 1601 1188 1635 τὴν
1206 1601 1262 1628 ἄνω
1277 1601 1415 1636 ἀκήρατον
1428 1599 1581 1634 δοξολογίαν
1592 1619 1600 1631 ,
1615 1599 1647 1626 δι’
1665 1599 1697 1635 ἣν
1711 1598 1845 1634 ἠθέλησεν
1855 1598 1872 1623 ὁ

1081 1648 1195 1683 ἄφθονος
1207 1648 1285 1683 ἡμῶν
1299 1647 1365 1679 Θεὸς
1383 1647 1430 1674 καὶ
1443 1647 1571 1682 βασιλεὺς
1583 1646 1748 1683 χαρίσασθαι
1762 1646 1871 1680 ἑκάστῳ

1081 1695 1135 1721 τῶν
1159 1694 1205 1721 ὑπ’
1233 1693 1314 1720 αὑτοῦ
1339 1693 1545 1729 γεγεννημένων
1561 1692 1638 1726 δόξαν
1661 1693 1869 1728 προσήκουςαψ

1081 1740 1124 1766 ἵνα
1141 1740 1189 1775 τῆς
1206 1739 1288 1766 αὐτοῦ
1303 1738 1442 1774 βασιλείας
1459 1738 1490 1765 τὸ
1503 1738 1615 1774 φαιδρὸν
1635 1737 1683 1764 καὶ
1708 1737 1870 1772 ἀκατάπλη-

1080 1796 1145 1814 κτον
1167 1787 1178 1802 ¹⁸
1194 1787 1238 1813 ἀεὶ
1255 1785 1418 1821 δοξάζηται;
1435 1785 1531 1820 Σαῳῶς
1547 1785 1636 1812 τοίνυν
1652 1786 1750 1812 ἐκεῖνοι
1767 1784 1872 1812 πεπλά-

1079 1841 1184 1868 νηνται,
1200 1832 1249 1859 τὴν
1264 1832 1344 1866 χάριν
1361 1831 1407 1858 τοῦ
1420 1830 1487 1857 Θεοῦ
1501 1831 1693 1865 ἀγνοήσαντες.

1114 1973 1153 2001 Ε’.
1172 1974 1240 2001 Φασὶ
1262 1972 1290 2000 δὲ
1303 1971 1373 2001 οὗτοι
1383 1996 1390 2007 ,
1406 1974 1444 2006 ὡς
1460 1973 1506 2000 καὶ
1519 1974 1575 2000 ἅνω
1592 1981 1636 2008 μοι
1657 1972 1870 2008 προδεοηλωται,

1079 2025 1125 2052 τὸν
1141 2025 1262 2051 διάϐολον
1277 2023 1348 2051 εἶναι
1369 2024 1425 2051 υἱὸν
1444 2025 1492 2060 τῆς
1507 2023 1623 2059 ἑϐδόμης
1637 2023 1761 2055 ἐξουσίας
1772 2044 1779 2055 ,
1793 2031 1872 2049 τουτ-

1080 2071 1135 2098 έστι
1162 2070 1208 2097 τοῦ
1234 2070 1358 2097 Σαϐαώθ.
1384 2068 1460 2097 Εἶναι
1486 2069 1515 2096 δὲ
1538 2069 1582 2096 τὸν
1600 2068 1714 2096 Σαϐαὼθ
1731 2068 1785 2095 τῶν
1806 2069 1870 2094 ’Ῑουε

1079 2124 1161 2150 δαίων
1172 2132 1178 2138 ·
1198 2123 1244 2150 τὸν
1258 2123 1285 2150 δὲ
1299 2123 1420 2150 διάϐολον
1438 2122 1557 2158 πονηρὸν
1573 2122 1656 2149 αὑτοῦ
1673 2121 1744 2148 υἱόν·
1762 2121 1828 2148 ὅντα
1842 2121 1871 2148 δὲ

1079 2175 1125 2202 ἐπὶ
1139 2177 1189 2211 τῆς
1205 2176 1215 2191 ⁵
1241 2174 1429 2202 ἐναντιοῦσθαι
1444 2173 1483 2209 τῷ
1499 2174 1555 2209 ἰδίῳ
1574 2173 1671 2209 Πατρί.
1688 2173 1742 2200 Καὶ
1763 2173 1808 2200 τὸν
1822 2173 1871 2200 αὐ-

1079 2227 1126 2254 τοῦ
1146 2227 1255 2262 Πατέρα
1272 2228 1340 2263 μήτε
1359 2226 1478 2253 τοιοῦτον
1500 2224 1569 2253 εῖναι
1583 2247 1591 2259 ,
1613 2227 1683 2263 μήτε
1698 2227 1779 2253 πάλιν
1801 2225 1870 2253 εἶναι

1080 2273 1125 2300 τὸν
1138 2274 1328 2309 ἀκατάληπτον
1342 2273 1419 2304 Θεὸν,
1434 2273 1463 2299 ὂν
1479 2273 1588 2309 Πατέρα
1607 2273 1688 2307 φασιν
1701 2281 1707 2288 ·
1723 2273 1791 2300 ἀλλὰ
1811 2274 1871 2309 ἀρι-

1081 2320 1179 2354 στερᾶς
1197 2317 1265 2345 εἶναι
1279 2318 1412 2350 ἐξουσίας.
1427 2318 1538 2353 Ἕτερον
1552 2319 1580 2344 δὲ
1593 2318 1673 2344 πάλιν
1684 2318 1766 2353 μῦθον
1776 2318 1871 2352 λέγου-

1082 2373 1123 2390 σιν
1141 2365 1166 2390 οἱ
1195 2364 1329 2391 τοιοῦτοι·
1352 2365 1413 2390 Ὂτι
1426 2383 1434 2395 ,
1464 2365 1547 2400 φησὶν
1560 2385 1567 2397 ,
1587 2365 1600 2390 ὀ
1625 2364 1760 2396 διάϐολος,
1787 2363 1870 2390 ἐλθὼν

1082 2409 1150 2446 πρὸς
1173 2410 1221 2445 τὴν
1239 2410 1330 2442 Εὕαν,
1351 2410 1472 2446 συνήφθη
1495 2411 1563 2446 αὐτῇ
1591 2411 1628 2442 ὡς
1653 2411 1721 2446 ἀνὴρ
1750 2411 1869 2445 γυναικὶ,

1082 2456 1130 2482 καὶ
1145 2456 1288 2491 ἐγέννησεν
1303 2455 1333 2488 ἐξ
1358 2457 1441 2483 αὐτοῦ
1457 2457 1503 2483 τόν
1519 2465 1548 2482 τε
1565 2456 1632 2482 Κὰῖν
1649 2457 1696 2482 καὶ
1708 2457 1754 2482 τὸν
1777 2457 1868 2484 Ἅϐελ.

1082 2502 1127 2529 Διδ
1147 2502 1285 2538 ἐπανέστη
1301 2504 1315 2528 ὁ
1332 2500 1372 2534 εἷς
1388 2502 1427 2538 τῷ
1442 2503 1481 2530 ἐνὶ
1502 2502 1545 2529 διὰ
1565 2502 1645 2538 ζῆλον
1664 2503 1694 2529 ὃν
1711 2501 1782 2538 εἶχον
1804 2503 1870 2539 πρὸς

1081 2553 1212 2589 ἀλλήλους
1224 2574 1231 2586 ,
1244 2554 1304 2589 οὐχ).
1319 2554 1363 2581 διὰ
1376 2555 1407 2581 τὸ
1423 2555 1484 2592 [ὡς]
1499 2556 1714 2592 εὑηρεστηκέναι
1730 2557 1775 2583 τὸν
1789 2556 1870 2583 Ἀϐελ

1080 2599 1156 2635 Θεῷ,
1175 2600 1212 2632 ὡς
1235 2601 1326 2636 ἕχειὴ
1349 2601 1478 2637 ἀλήθεια,
1494 2602 1562 2628 ἀλλὰ
1586 2602 1679 2637 ἕτερον
1703 2602 1868 2638 πλαζόμενον

1080 2643 1158 2678 λόγον
1171 2644 1302 2679 λέγουσιν.
1325 2646 1448 2681 Ἐπειδὴ,
1466 2647 1546 2681 φασιν
1559 2667 1566 2678 ,
1591 2647 1708 2682 ἐρῶντες
1729 2646 1799 2683 ἦσαν
1818 2650 1870 2685 ἁμα

1080 2696 1188 2731 φότεροι
1205 2696 1254 2732 τῆς
1271 2696 1389 2732 ἀδελφῆς
1403 2697 1494 2724 αὐτῶν
1512 2698 1562 2733 τῆς
1579 2699 1665 2731 ἰδίας,
1681 2700 1776 2726 τούτου
1792 2701 1869 2736 χάριν

1080 2749 1215 2785 ἐπανέστη
1231 2751 1244 2776 ὁ
1259 2750 1329 2777 Κάῖν
1344 2750 1383 2785 τῷ
1408 2750 1491 2776 ’Ἅϐελ
1503 2771 1510 2783 ,
1534 2752 1581 2778 καὶ
1602 2751 1762 2778 ἀπέκτεινεν
1779 2753 1867 2779 αὐτόν.

1267 2843 1277 2855 ⁸
1293 2838 1324 2867 F.
1341 2839 1539 2875 ἁκατάληκτον.
1581 2841 1592 2856 ⁵
1608 2840 1665 2868 Vet.
1685 2841 1729 2867 ἐπὶ
1743 2841 1793 2876 τῆς
1808 2841 1864 2875 σῆς,
