1952 3045
109 181 164 210 685

457 178 640 207 ADVERSUS
659 178 828 206 li/ERESES
848 178 910 205 LIB.
929 177 947 204 1.
967 177 1050 205 ΤΟΜ.
1070 177 1157 204 lli.——
1176 178 1311 207 IIASRES.
1331 178 1386 205 XL.

1681 177 1736 206 638

109 241 191 268 Φύσει
210 239 264 274 γὰρ
280 238 377 270 αὐτούς
391 247 471 273 φασιν
487 241 517 266 ὲκ
536 240 583 266 τοῦ
603 240 758 275 σπέρματος
775 238 822 265 τοῦ
842 238 900 265 δια-

955 238 1046 265 misse.
1064 237 1130 264 Nam
1147 242 1292 273 utrumque
1306 238 1406 266 diaboli
1424 245 1438 265 e
1453 238 1538 272 stirpe
1550 241 1735 274 procreatum,

109 286 188 313 δόλου
202 306 208 317 ,
225 285 262 315 ὡς
273 285 418 319 προεῖπον,
433 283 621 319 γεγεννῆσθαι.

144 331 260 366 Φέρουσι
283 329 312 356 δὲ
342 329 509 365 μαρτυρίας,
538 330 601 356 ὅταν
619 329 768 364 θελήσωσιν
793 330 899 365 ἀπατᾷν

109 386 186 408 τινας
197 396 203 408 ,
219 376 273 402 ἀπὸ
288 375 342 402 τιῖιν
358 375 436 402 θείων
450 375 560 410 βιϐλίων
574 396 581 409 ,
600 376 637 407 ὡς
659 376 706 402 καὶ
721 376 749 403 ὲν
769 376 835 412 ἄλλῃ
855 385 899 410 μοι

109 424 216 458 αἱρέσει
243 422 322 449 τοῦτο
348 422 473 458 εἴρηται·
495 423 509 448 ὁ
528 422 622 458 Σωτὴρ
649 423 716 457 πρὸς
740 423 803 454 τοὺς
835 423 902 448 ’1ου-

107 469 203 500 δαίους
219 469 311 503 ἔλεγεν
323 477 329 483 ·
353 468 446 503 Ὑμεῖς
468 468 502 494 ἐκ
525 468 578 494 τοῦ
592 467 710 495 Σατανᾶ
728 468 814 494 ἐστε·
841 468 897 498 καὶ,

110 515 202 541 Ὅταν
217 514 298 548 λαλῇ
315 514 347 540 τὸ
361 513 492 548 ψεῦδος,
510 514 543 540 ἐκ
560 513 620 540 τῶν
639 513 720 540 ἰδίων
734 512 837 539 λαλεῖ·
856 511 900 538 ὅτι

110 561 161 588 καὶ
176 562 192 588 d
206 561 303 595 πατὴρ
316 559 409 587 αὐτοῦ
423 560 560 594 ψεύστης
572 557 611 594 ἦν
620 568 627 574 ·
643 560 685 586 ἴνα
699 559 778 593 δῆθεν
791 558 899 590 εἴπωσι,

108 606 156 634 τὸν
181 607 302 633 διάϐολον
328 604 396 633 εἶναι
421 606 466 633 τὸν
493 606 575 632 Κάῖν·
597 605 689 640 ἐπειδὴ
715 606 842 641 εἴρηκεν.
859 605 899 630 ὅτι

117 652 176 679 Ἀπ’
187 651 284 686 ἀρχῆς
295 651 538 686 ἀνθρωποκτόνος
571 648 610 685 ἦν
620 658 626 665 ·
642 651 689 676 καὶ
706 650 749 676 ἵνα
760 649 834 686 δείξῃ
848 659 901 676 παι

109 698 179 733 τέρα
194 698 242 732 μὲν
261 696 342 724 αὐτοῦ
369 696 438 723 εἶναι
454 696 499 723 τὸν
517 695 638 722 διάϐολον
648 702 655 709 '
671 695 718 722 τοῦ
733 696 761 722 δὲ
777 696 899 722 διαϐόλου

110 741 182 771 εἶναι
199 745 304 780 πατέρα
319 744 364 770 τὸν
383 744 501 780 ἄρχοντα
513 743 558 769 τὸν
579 743 698 778 ψεύστην
712 763 719 774 ,
736 743 765 769 ὃν
781 743 900 778 βλασφη-

113 790 228 826 μοῦντες
241 789 312 816 κατὰ
331 790 380 825 τῆς
395 789 497 816 ἑαυτῶν
510 789 632 824 κεφαλῆς
643 810 649 821 ,
666 789 748 822 φασὶν
762 788 842 814 αὐτὸν
859 785 899 814 εἷ-

111 845 157 862 ναι
172 836 218 863 τὸν
231 835 343 862 Σαϐαὼθ
368 836 392 862 οἱ
412 835 520 871 ἀνόητοι
534 856 540 867 ,
558 834 714 870 νομίζοντες
730 834 815 869 ὅνομα
832 832 900 860 εἶναι

109 882 160 909 τοῦ
179 882 246 908 Θεοῦ
264 882 336 913 τινὲς
358 883 366 898 ¹
390 882 435 908 τὸν
460 881 574 909 Σαϐαὼθ
588 901 594 914 ,
609 881 646 912 ὡς
665 881 715 916 ἥδη
737 880 784 907 καὶ
798 881 826 906 ἐν
841 881 901 911 ταῖς

111 928 245 964 πρότερον
267 927 388 964 αἱρέσεσι
403 927 447 954 διὰ
463 927 581 960 πλάτους
595 929 661 964 ἡμῖν
686 926 900 962 πεπραγμάτευ-

110 983 158 1001 ται
173 974 236 1010 περὶ
252 974 397 1009 ἑρμηνείας
413 973 460 1000 τοῦ
476 973 587 1001 Σαϐαὼθ
600 994 608 1003 .
623 973 671 1000 καὶ
691 972 777 1000 ἄλλων
801 972 900 1007 ὀνομα-

112 1020 189 1051 σιῶν,
209 1019 255 1046 τοῦ
269 1028 298 1045 τε
318 1020 382 1047 Ἠλὶ
403 1020 507 1046 καὶτοῦ
524 1019 611 1046 Ἐλωῒ
623 1040 630 1052 ,
650 1018 697 1045 τοῦ
710 1027 740 1044 τε
765 1017 898 1052 Ἰσραὴλ,

108 1066 161 1093 καὶ
185 1065 231 1092 τοῦ
250 1065 358 1097 Σαδαῒ,
371 1064 417 1092 τοῦ
432 1074 461 1091 τε
478 1065 601 1092 Έλλιὼν
613 1084 620 1096 ,
642 1064 688 1091 τοῦ
701 1072 730 1090 τε
753 1063 899 1096 Ῥιιϐὅωνὶ,

108 1110 160 1137 τοῦ
173 1119 201 1137 τε
224 1111 271 1142 Ἰὰ,
288 1109 335 1136 τοῦ
349 1119 378 1137 τε
402 1110 522 1137 Ἄδων-αἴ
533 1130 540 1143 ,
559 1109 607 1136 τοῦ
623 1118 652 1136 τε
670 1108 740 1136 Ὶάϐε
759 1109 826 1144 (57).
858 1108 901 1140 Ὠς

110 1157 255 1192 ὀνομασίαι
279 1156 333 1183 εἰσὶ
360 1155 519 1190 δοξολογιῶν
546 1155 649 1182 ἅπασαι
674 1153 901 1190 ἐρμηνευὸμεναι,

112 1203 162 1230 καὶ
177 1203 228 1230 οὐκ
244 1202 366 1238 ὀνόματά
383 1202 443 1228 ἐστὶ
466 1201 547 1235 Οετὰ,
564 1201 601 1233 ὡς
620 1202 706 1228 εἰπεῖν
721 1221 728 1233 ,
747 1201 782 1236 τῇ
801 1199 903 1234 Θεότη-

111 1257 150 1275 τι.
171 1249 266 1275 ’Δτινα
279 1249 325 1275 καὶ
342 1248 466 1275 ἐνταυθοῖ
482 1247 730 1283 σπουδασθήσονται
742 1267 749 1281 ,
768 1247 902 1283 ἑρμηνευ-

112 1293 194 1320 θὲντα
210 1294 315 1321 κεῖσθαι
328 1302 335 1308 ·
352 1295 383 1321 τὸ
408 1294 528 1328 Ἰσραὴλ
551 1294 630 1325 Θεὸς,
646 1293 678 1320 τὸ
701 1293 823 1327 Ἐλωεὶμ
837 1293 904 1324 Θεὸς

112 1339 158 1366 ἀεὶ
171 1360 178 1372 ,
195 1340 225 1366 τὸ
248 1340 314 1367 Ἠλὶ
331 1340 398 1372 Θεὸς
420 1349 487 1376 μου,
515 1340 546 1367 τὸ
567 1339 678 1367 Σαδδαῒ
703 1339 717 1365 ὁ
736 1339 825 1371 ἱκανὸς
838 1359 846 1372 ,
873 1339 904 1366 τδ

119 1386 256 1413 Ῥαϐϐωνὶ
278 1387 292 1412 ὸ
311 1386 431 1422 Κύριος,
453 1387 484 1413 τὸ
504 1386 545 1413 ἰὰ
559 1386 676 1421 Κύριος,
699 1386 729 1412 τὸ
751 1385 874 1413 Ἀδωναῒ
890 1386 904 1412 ὁ

114 1431 152 1458 ὢν
168 1432 283 1467 Κύριος,
299 1433 329 1459 τὺ
352 1432 436 1465 Ἰάϐε,
453 1433 481 1464 ὃς
493 1430 527 1468 ἦν
541 1433 587 1459 καὶ
599 1432 655 1458 ἐστι
675 1432 722 1458 καὶ
734 1432 777 1458 ἀεὶ
795 1431 848 1458 ὧν·
867 1431 904 1463 ὡς

112 1479 262 1514 ὲρμηνεύει
279 1479 318 1514 τῷ
332 1480 435 1515 Μωῡσῇ
446 1500 453 1511 ,
481 1480 507 1506 '0
521 1478 564 1506 ὣν
579 1479 753 1506 ἁπέσταλκέ
760 1488 799 1513 με
809 1499 816 1510 .
828 1479 904 1514 ἐρεῖς

113 1526 190 1558 πρὸς
200 1526 310 1558 αὐτούς
321 1534 328 1540 ·
346 1526 393 1552 καὶ
412 1526 441 1552 τὸ
458 1525 585 1552 Ἐλλιὼν
604 1525 724 1560 ὕψιστος,
743 1526 789 1552 καὶ
805 1525 835 1552 τὸ
850 1527 905 1552 Σα-

112 1571 193 1617 ϐαὼθ
213 1570 353 1606 δυνάμεων
375 1571 565 1607 ἑρμηνεύεται.
579 1571 687 1605 Κύριος
705 1569 752 1598 οὖν
771 1571 901 1603 Σαϐαὼθ,
918 1590 939 1617 C

113 1616 216 1652 Κύριος
232 1616 286 1644 τῶν
302 1617 452 1652 δυνάμεων.
468 1617 553 1644 Παντὶ
568 1617 578 1632 ¹
595 1617 650 1653 γὰρ
663 1617 823 1652 πρόσκειται
837 1617 903 1643 ὅπου

113 1663 161 1690 τοῦ
177 1663 290 1690 Σαϐαὼθ
304 1664 389 1699 ὄνομα
401 1664 474 1698 λέγει
488 1665 504 1697 ἡ
521 1664 627 1699 Γραφή.
640 1663 678 1690 Οὺ
696 1663 775 1698 μόνον
792 1663 801 1678 ³
817 1664 905 1698 ἐκφω-

112 1711 155 1736 νεί
166 1710 282 1744 λέγουσα
292 1718 299 1725 ·
312 1708 379 1736 Εἶπὲ
396 1719 440 1745 μοι
451 1709 564 1736 Σαϐαὼθ
575 1718 582 1724 ·
596 1709 623 1743 ἦ,
642 1709 770 1744 Ἐλάλησε
781 1708 903 1735 Σαϐαὼθο

112 1755 172 1783 ἀλλ’
199 1755 279 1787 εὐθὺς
307 1755 401 1790 λέγει,
429 1755 530 1790 Κύριος
558 1753 682 1781 Σαϐαὼθ.
705 1753 783 1780 Οὕτω
804 1753 858 1789 γὰρ
887 1755 904 1789 ἡ

120 1800 230 1836 Ἑόραῖς
247 1800 363 1834 φάσκει·
390 1799 502 1826 Ἀδωναῖ
517 1798 630 1826 Σαϐαὼθ
645 1807 651 1813 ·
673 1799 742 1834 ὅπερ
758 1798 905 1834 ἑρμηνεύε-

112 1855 158 1875 ται
173 1841 274 1881 Κύριος
287 1845 341 1871 τῶν
354 1845 505 1879 δυνάμεων.

152 1894 197 1927 (τ’.
215 1892 270 1919 Καὶ
285 1892 354 1927 μετὰ
366 1891 414 1926 τὴν
425 1891 435 1906 ⁵
448 1892 511 1928 παρ’
528 1891 619 1923 αὐτοῖς
631 1900 660 1917 τε
673 1891 785 1923 καὶτοῖς
802 1890 904 1925 ὁμοίοις

93 1938 188 1968 δια-τὰ
209 1938 258 1974 τὴν
281 1937 418 1972 τύφλωσιν
437 1937 486 1972 τῆς
501 1937 621 1968 διανοίας
643 1937 733 1963 αὐτῶν
756 1936 791 1963 τὰ
813 1936 904 1968 καλῶς

115 1984 249 2020 εἰρημένα
260 1984 476 2018 συκοφαντεῖται.
496 1981 563 2009 Οὔτε
579 1982 632 2018 γὰρ
648 1983 712 2018 περὶ
728 1981 851 2009 διαὸόλου
866 1977 905 2018 τῷ

115 2031 224 2066 Σωτῆρι
246 2031 274 2056 ὲν
297 2030 336 2065 τῷ
360 2029 428 2065 πρὸς
455 2029 598 2060 Ἰουδαίους
623 2028 695 2064 λόγῳ
719 2028 846 2065 εἴρηται,
867 2029 905 2061 ὡς

115 2075 197 2102 παντί
220 2083 259 2110 τῳ
275 2075 359 2109 σαφὲς
375 2075 532 2110 εὑρίσκεται
554 2074 593 2109 τῷ
610 2075 642 2109 τῇ
656 2073 768 2110 ἀληθείᾳ
793 2074 905 2100 ἀκολου-

114 2120 221 2146 θοῦντι·
243 2119 310 2146 ἀλλὰ
331 2120 376 2146 διὰ
389 2119 434 2145 τὸν
455 2119 556 2146 Ἰούδαν
574 2119 664 2151 αὐτοῖς
680 2119 756 2154 ἔλεγε
771 2119 801 2146 τὸ
818 2120 902 2155 ῥῆμα.

115 2167 173 2193 Οὐκ
189 2164 258 2202 ἦσαν
272 2167 325 2202 γὰρ
336 2166 418 2192 τέκνα
431 2165 478 2192 τοῦ
502 2165 636 2201 Ἀϐραὰμ,
651 2164 697 2192 τοῦ
713 2165 794 2191 αὐτὸν
809 2166 905 2192 ἀποδε-

116 2213 233 2248 ξαμένου
254 2213 306 2239 ὑπὸ
322 2213 371 2247 τὴν
385 2212 450 2248 δρῦν
465 2212 514 2247 τὴν
529 2211 649 2247 Μαμϐρῆ
674 2211 727 2247 πρὸ
743 2211 792 2246 τῆς
807 2211 904 2247 ἐνσάρ-

953 287 982 310 ιιι
1003 284 1133 317 diximus,
1152 285 1296 312 aiiirmant.

987 328 1078 363 Neque
1092 329 1190 357 desum
1205 330 1257 356 illis
1268 330 1422 357 teslimonia
1436 330 1522 358 sacris
1538 337 1553 357 e
1566 329 1674 357 Litteris
1690 329 1736 355 de-

951 378 1087 409 prompta,
1109 376 1208 410 quibus
1224 376 1257 402 ad
1273 376 1425 403 illudendos
1442 377 1564 404 homines
1576 377 1735 404 abutuntur.

952 419 1111 454 (Zujusmodi
1129 421 1201 448 istud
1217 424 1259 449 est
1273 421 1299 448 in
1315 421 1367 448 alia
1381 429 1395 448 a
1410 429 1452 448 me
1463 422 1559 449 haeresi
1572 429 1737 449 commemo-

952 469 1051 496 ratum,
1070 467 1141 500 quod
1158 466 1259 494 Judzeis
1271 467 1395 494 Salvator
1413 467 1480 494 dixit
1499 476 1506 495 :
1530 467 1620 495 Vosea:
1632 467 1736 495 Satana

951 512 1013 538 estis
1030 512 1050 538 ⁸.
1070 512 1100 539 Et
1115 521 1121 539 :
1140 512 1251 545 Quando
1263 514 1378 548 loquitur
1390 514 1563 545 mendacium,
1579 522 1611 540 es:
1623 513 1737 548 propriis

953 557 1068 592 loquitur
1079 567 1088 585 :
1099 560 1223 593 quoniam
1235 564 1259 586 et
1274 565 1350 594 pater
1362 560 1418 594 ejus
1430 560 1546 587 mendax
1556 564 1594 587 est
1608 560 1628 588 ⁸.
1646 560 1682 588 Ut
1696 559 1739 586 ni-

952 604 1050 630 mirum
1068 605 1204 632 diabolum
1222 613 1283 633 esse
1296 606 1410 633 Cainum
1425 606 1555 639 elliciant;
1570 614 1601 633 ex
1619 613 1652 633 eo
1666 605 1739 641 quod

953 649 1052 678 dixerit
1064 660 1069 677 :
1080 651 1224 678 Homicida
1235 657 1272 678 est
1285 652 1317 678 ab
1331 653 1427 679 initio"
1443 662 1448 679 :
1467 656 1548 688 atque
1563 656 1665 687 patrem
1679 652 1738 687 ejus

953 704 1013 724 esse
1027 697 1164 725 diabolum
1177 699 1342 732 ostendant;
1358 699 1458 726 diaboli
1473 707 1535 727 vero
1550 704 1653 734 patrem
1668 707 1740 726 men-

952 742 1047 770 dacem
1058 743 1132 771 illum
1145 745 1306 780 principem,
1342 753 1422 780 quem
1438 745 1465 772 in
1482 749 1565 780 caput
1585 753 1664 773 suum
1680 745 1741 772 bla-

954 789 1127 824 sphemantes
1141 790 1228 826 ipsum
1246 799 1306 818 esse
1330 790 1449 818 Sabaoth
1465 791 1635 819 stolidissimi
1652 790 1740 818 homi-

953 842 1002 862 nes
1027 839 1138 869 putant;
1163 836 1235 871 quod
1258 844 1357 864 nomen
1376 836 1423 864 Dei
1440 837 1581 871 cujusdam
1597 836 1740 872 proprium

953 889 1014 909 esse
1028 882 1133 909 volunt.
1150 881 1187 910 De
1208 890 1261 918 qua
1285 890 1314 910 re
1331 883 1358 910 in
1375 883 1564 918 superioribus
1591 882 1741 910 haeresibus

952 926 1059 954 abunde
1067 927 1282 962 disputavimus;
1293 929 1337 956 ubi
1351 933 1377 956 et
1388 928 1508 956 Sabaoth
1517 929 1686 964 aliorumque
1694 936 1741 956 no-

950 972 1053 999 minum
1064 973 1314 1009 interpretationem
1326 975 1477 1006 attulimus,
1486 974 1558 1002 velut
1570 973 1624 1006 Eli,
1632 978 1659 1002 et
1668 973 1738 1005 Eloi,

951 1018 1034 1054 296
1047 1018 1141 1050 Israel,
1161 1019 1291 1050 Sadadai,
1308 1019 1408 1053 Ellion,
1421 1019 1551 1052 Rabboni,
1571 1019 1614 1052 la,
1627 1019 1740 1052 Adonei,

953 1061 1026 1090 Iube.
1042 1063 1116 1096 Quas
1137 1064 1246 1099 quidem
1272 1073 1354 1093 voces
1378 1065 1400 1092 si
1424 1069 1498 1093 recte
1517 1065 1737 1100 interpretemur,

952 1109 1043 1137 varias
1066 1109 1100 1136 ad
1126 1110 1327 1144 praedicandam
1344 1110 1391 1138 Dei
1410 1111 1525 1146 gloriam
1548 1111 1743 1146 appellationes

952 1161 1023 1186 esse.
1041 1163 1094 1182 non
1116 1155 1168 1190 ipsi
1185 1156 1320 1183 divinitati
1349 1156 1536 1192 signiﬁcanda:
1548 1157 1675 1192 imposita
1690 1163 1742 1184 no-
1757 1177 1766 1188 ,

953 1201 1028 1228 mina
1043 1201 1196 1229 docuimus.
1212 1202 1251 1230 Ae
1263 1210 1312 1230 nos
1327 1203 1388 1230 illas
1409 1203 1508 1230 iterum
1521 1203 1574 1231 hoc
1588 1203 1648 1230 loco
1662 1210 1743 1237 repe-

953 1248 1106 1274 temusJSst
1121 1247 1204 1282 igitur
1212 1246 1299 1274 Israel
1315 1247 1405 1275 Deus:
1418 1247 1515 1279 Eloim.
1529 1247 1601 1275 Deus
1615 1255 1722 1282 semper
1734 1256 1743 1275 τ

954 1289 1010 1323 Eli,
1022 1290 1093 1318 Deus
1105 1299 1181 1319 meus
1196 1301 1202 1319 ε
1220 1291 1332 1323 Saddai,
1345 1291 1484 1320 sufficiens
1500 1301 1506 1317 :
1520 1291 1638 1318 Rabbom‘
1652 1291 1745 1318 Domi.

955 1344 1008 1364 nus
1023 1345 1029 1364 :
1045 1336 1078 1364 Ia
1092 1337 1224 1365 Dominus
1239 1347 1244 1364 :
1262 1337 1365 1364 Adonai
1378 1337 1422 1372 qui
1441 1341 1483 1365 est
1501 1337 1633 1364 Dominus
1646 1346 1652 1364 :
1665 1336 1742 1369 labe,

956 1383 1002 1418 qui
1016 1386 1085 1415 erat,
1101 1388 1128 1411 et
1142 1387 1193 1416 est,
1211 1387 1238 1410 et
1251 1391 1357 1418 semper
1368 1383 1493 1416 exsistit;
1512 1382 1744 1418 quemadmodum

955 1428 1041 1464 Moysi
1057 1428 1114 1463 ipse
1132 1429 1252 1456 declarat
1269 1438 1275 1456 τ
1293 1429 1344 1462 Qui
1357 1434 1396 1456 est
1411 1430 1482 1456 misit
1497 1437 1537 1456 me
1553 1428 1587 1455 ad
1602 1437 1656 1460 vos,
1673 1428 1744 1456 dices

955 1474 990 1501 ad
1005 1474 1065 1501 illos
1078 1475 1088 1490 ⁸
1102 1484 1108 1501 :
1127 1474 1214 1502 Ellion
1233 1474 1396 1503 altissimum
1412 1478 1491 1501 sonat
1506 1483 1512 1501 :
1531 1473 1658 1514 Sabaotlx,
1670 1481 1744 1501 enr-

955 1522 1070 1549 cituum.
1089 1522 1179 1555 Quare
1202 1522 1330 1549 Dominus
1346 1522 1475 1553 Sabaoth,
1494 1522 1566 1549 idem
1581 1527 1624 1550 est
1645 1533 1676 1549 at:
1691 1521 1745 1549 Do-

957 1569 1047 1596 minus
1066 1568 1246 1596 exercituum.
1263 1568 1329 1602 Quaa
1345 1575 1397 1595 vox
1412 1568 1552 1601 Dominus,
1567 1568 1629 1595 addi
1648 1569 1746 1603 perpe-

954 1618 1003 1653 [luo
1026 1613 1104 1645 solet,
1119 1613 1274 1648 ubicunque
1298 1613 1417 1640 Sabaoth
1443 1621 1546 1640 nomen
1570 1613 1743 1646 exprimitur.

955 1657 1014 1685 Non
1038 1659 1109 1686 enim
1137 1658 1194 1686 sola
1210 1658 1330 1686 Sabaoth
1344 1658 1428 1685 dictio
1440 1658 1561 1693 ponitur,
1578 1663 1653 1694 puta,
1672 1659 1745 1686 Dixit

955 1705 1021 1732 mihi
1031 1705 1150 1732 Sabaoth
1164 1715 1170 1732 :
1189 1704 1368 1739 aut,Locutus
1383 1708 1424 1732 est
1438 1704 1571 1738 Sabaoth;
1590 1705 1637 1733 sed
1652 1705 1744 1733 statim

956 1751 1123 1786 adjungitur,
1140 1749 1270 1778 Dominus
1294 1750 1425 1778 Sabaoth.
1449 1749 1488 1777 Ita
1515 1750 1588 1778 enim
1614 1749 1746 1778 Hebraice

956 1795 1099 1832 scriptum,
1117 1795 1223 1823 Adonai
1242 1795 1372 1828 Sabaoth,
1393 1795 1445 1823 hoc
1469 1799 1512 1823 est
1539 1795 1669 1823 Dominus
1695 1795 1745 1822 Sa-

956 1842 1049 1869 baoth.

992 1887 1036 1914 Vl.
1059 1887 1111 1915 Sed
1126 1895 1186 1923 quae
1200 1888 1330 1922 praeclare
1344 1888 1456 1915 omnino
1471 1887 1543 1915 dicta
1555 1890 1629 1920 sunt,
1641 1886 1699 1914 haec
1711 1887 1746 1914 ab

957 1933 1021 1965 illis,
1033 1937 1060 1960 et
1074 1933 1182 1960 illorum
1194 1933 1331 1961 similibus
1343 1932 1446 1960 frustra
1458 1941 1514 1968 pne
1525 1933 1608 1960 animi
1623 1933 1746 1970 ets-citate
1783 1926 1805 1962 ,⁸

957 1988 1004 2015 per
1028 1979 1193 2006 calumniam
1220 1987 1253 2006 ac
1276 1979 1408 2006 malitiam
1432 1979 1626 2014 depravantur.
1639 1977 1763 2017 Etenim_

957 2025 1082 2052 Salvator
1095 2029 1188 2052 noster
1205 2025 1233 2052 in
1249 2032 1282 2053 eo
1301 2033 1383 2060 quem
1397 2025 1430 2051 ad
1445 2024 1554 2052 Judaeos
1571 2024 1667 2052 habuit
1686 2031 1745 2050 ser-
1801 2029 1804 2033 ’
1841 2029 1847 2036 ·

956 2079 1046 2104 mone,
1064 2078 1236 2106 nequaquam
1250 2070 1284 2098 de
1298 2070 1407 2097 diabolo
1424 2070 1531 2098 locutus
1548 2074 1601 2103 est,
1617 2073 1646 2096 ut
1664 2077 1746 2096 nemo

956 2126 1010 2146 non
1034 2122 1127 2153 aperte
1152 2118 1235 2150 videt,
1265 2118 1312 2153 qui
1330 2117 1464 2144 inhaerere
1486 2117 1595 2145 veritati
1618 2115 1745 2149 studeat;

956 2165 1003 2192 sed
1028 2169 1139 2200 propter
1162 2163 1259 2191 Judam
1285 2164 1312 2191 id
1336 2164 1370 2191 ab
1389 2172 1422 2191 eo
1441 2168 1604 2198 usurpatum
1621 2166 1674 2190 est.
1686 2161 1745 2189 Non

956 2212 1027 2239 enim
1048 2211 1195 2239 Abrahami
1205 2210 1251 2238 lilii
1266 2214 1354 2242 erant,
1368 2210 1413 2245 qui
1431 2217 1460 2237 se
1472 2213 1618 2244 antequam
1635 2216 1745 2236 carnem

115 2267 165 2285 κου
182 2259 263 2285 αὑτοῦ
275 2259 444 2293 παρουσίας·
461 2258 528 2284 ἀλλὰ
543 2258 617 2289 υἱοὺς
633 2258 745 2288 ἑαυτοὺς
760 2257 902 2284 κατεδίκα-

957 2258 1082 2285 indueret
1097 2258 1148 2285 sub
1169 2258 1215 2284 illa
1235 2256 1355 2284 Mambre
1378 2263 1480 2292 quercu
1502 2255 1567 2283 olim
1591 2259 1745 2290 exceperat,

117 2314 168 2332 σαν
182 2304 307 2339 γενέσθαι
321 2305 370 2340 τῆς
381 2303 428 2331 τοῦ
444 2304 529 2331 Ἰούδα
541 2303 686 2339 προδοσίας
696 2324 703 2335 ,
722 2303 769 2329 τοῦ
790 2304 842 2330 ὑπο
860 2303 906 2330 τοῦ

117 2351 219 2387 Κυρίου
234 2351 341 2377 Σατανᾶ
365 2350 412 2377 καὶ
428 2350 550 2377 διαϐόλου
573 2348 773 2384 ὀνομαζομένου
784 2370 790 2381 ,
811 2349 848 2381 ὡς
864 2349 907 2375 λέ-

115 2405 174 2430 γει’
193 2397 266 2431 Οὐχὶ
286 2396 400 2423 δώδεκα
416 2395 493 2431 ὑμᾶς
508 2395 711 2430 ἐξελεξάμην,
730 2395 778 2422 καὶ
803 2392 847 2428 εἷς
871 2395 906 2428 ἐξ

116 2441 201 2475 ὑμῶν
222 2442 288 2468 ἐστι
305 2441 462 2474 διάϐολος;
489 2441 544 2468 Καὶ
566 2441 662 2468 τούτου
690 2441 771 2468 ἓνεκα
798 2441 832 2467 τὰ
855 2441 905 2475 τῆς

117 2488 200 2514 αὑτοῦ
217 2488 400 2523 κακοτροπίας
417 2489 430 2515 ὁ
444 2487 545 2523 Κύριος
564 2487 722 2523 ἑρμηνεύων
739 2487 847 2521 ἔλεγεν,
863 2487 904 2514 ὅτι

117 2534 212 2560 “Orm-
227 2533 309 2568 λαλῇ
324 2534 356 2560 τὸ
371 2533 498 2568 ψεῦδος,
517 2534 551 2560 ἐκ
571 2533 630 2560 τῶν
645 2533 728 2560 ἰδίων
738 2533 845 2560 λαλεῖ·
866 2533 904 2564 ὡς

116 2579 165 2606 καὶ
188 2579 304 2615 ἀλλαχοῦ
332 2579 362 2605 τὸ
379 2579 542 2614 Εὐαγγέλιον
566 2579 658 2613 λέγει·
680 2579 745 2605 Ὀτι
771 2578 904 2612 κλέπτης

115 2624 174 2661 ἦν,
196 2626 245 2652 καὶ
265 2626 299 2652 τὸ
321 2626 538 2661 γλωσσόκομον
556 2625 647 2658 αὐτὸς
662 2623 832 2655 ἐϐάσταζεν.
851 2622 903 2651 Οὖ-

115 2680 163 2702 τος
174 2669 220 2698 οὖν
233 2672 248 2697 ὁ
260 2671 382 2703 διάὸολος
399 2670 508 2706 κληθεὶς
526 2670 626 2702 Ἰούδας
638 2691 645 2705 ,
659 2670 766 2705 πατέρα
780 2669 843 2706 ἔσχε
857 2670 903 2697 τὸν

163 2761 171 2776 ¹
185 2761 264 2788 Corr.
285 2761 365 2792 τινός.
413 2762 423 2776 ¹
442 2759 472 2786 F.
486 2760 585 2795 πάντη.

115 2795 130 2812 ⁸
142 2795 228 2824 Exod.
247 2804 288 2829 ιιι,
301 2797 327 2824 4.
364 2797 374 2812 ⁹
386 2795 464 2823 Joan.
478 2803 516 2828 vt,
533 2794 576 2822 7i.
617 2795 638 2811 ¹⁰
649 2794 792 2830 ,Ιοοιιζχιῃ
805 2794 822 2822 6

153 2875 210 2912 (5'1)
226 2876 282 2903 Τοῦ
294 2883 324 2903 τε
350 2875 433 2904 Ἰάόε.
447 2874 500 2903 Pro
511 2874 622 2903 Jehova.

653 2758 706 2797 ξιτ.
725 2760 743 2795 ἡ
757 2760 787 2786 οὐ
803 2768 857 2797 μοι.
904 2760 916 2777 ⁸
930 2760 1007 2790 Corr.
1025 2761 1126 2797 μάτην.

957 2304 1003 2331 sed
1021 2303 1140 2339 perﬁdia:
1160 2302 1236 2330 Juda:
1253 2302 1333 2335 ﬁlios,
1350 2306 1380 2330 ut
1402 2303 1439 2329 ita
1456 2302 1555 2334 dicam,
1569 2309 1619 2329 sua
1639 2309 1668 2329 se
1684 2309 1746 2328 sen-

957 2350 1039 2377 tentia
1062 2350 1277 2382 declaraverant,
1301 2356 1381 2384 quem
1405 2348 1537 2376 Dominus
1563 2348 1691 2375 Satanam
1713 2356 1746 2375 ac

955 2396 1093 2422 diabolum
1110 2396 1243 2428 nominat,
1260 2395 1303 2422 his
1319 2394 1429 2422 verbis:
1447 2393 1540 2421 Nonne
1553 2393 1689 2420 duodecim
1702 2402 1745 2422 vos

953 2441 1028 2476 elegi,
1043 2445 1067 2468 et
1091 2449 1158 2468 unus
1182 2448 1214 2467 e17
1235 2440 1307 2468 vobis
1329 2440 1450 2467 diabolus
1470 2439 1547 2467 est”?
1561 2439 1647 2474 Cujus
1663 2439 1745 2467 etiam

954 2488 991 2514 rei
1010 2494 1092 2514 causa
1114 2486 1252 2513 Dominus‘
1267 2486 1391 2521 ejusdem
1411 2485 1613 2521 improbitatem
1631 2492 1746 2521 exagge-

953 2539 1018 2558 rans
1032 2541 1038 2558 :
1052 2531 1118 2558 Cum
1136 2531 1260 2566 loquitur,
1275 2531 1374 2566 inquit,
1386 2530 1560 2563 mendacium,
1580 2530 1612 2557 de
1631 2531 1746 2564 propriis

953 2578 1079 2613 loquitur.
1095 2577 1155 2610 Quo
1169 2577 1286 2612 pertinet
1312 2577 1389 2610 illud,
1404 2576 1476 2612 quod
1492 2577 1520 2603 in
1537 2576 1590 2603 alio
1606 2576 1744 2611 Evangelii

953 2623 1013 2651 loco
1027 2623 1157 2658 scriptum
1176 2627 1228 2656 est,
1247 2623 1371 2657 quoniam
1388 2623 1433 2657 fur
1444 2626 1512 2655 erat,
1526 2626 1551 2648 et
1566 2622 1665 2649 loculos
1683 2629 1746 2656 por-

954 2670 1027 2697 tabat
1040 2671 1072 2698 ”.
1087 2668 1135 2698 llic
1150 2669 1232 2706 igitur
1247 2669 1347 2697 diaboli
1363 2669 1512 2705 insignitus
1529 2669 1640 2696 nomine
1659 2667 1744 2695 Judas

1648 2755 1658 2771 '
1675 2752 1740 2781 ibid.

1207 2760 1217 2777 '
1229 2759 1308 2789 Joan.
1325 2767 1385 2794 viil,
1402 2758 1447 2787 Η.
1509 2762 1519 2778 ι
1535 2756 1601 2785 ibid.
