1952 3045
227 146 278 174 687

939 146 968 173 S.
989 145 1158 175 EPlPllANII

1808 155 1863 184 £88

192 213 196 225 π
227 203 343 230 Cainum
366 206 469 237 patrem
495 201 598 235 habuit,
613 201 659 237 qui
677 201 791 229 Ahelum
807 202 918 229 fratrem
943 211 1016 230 men-

1071 204 1162 254 Ιξόιῖνκἶ
1175 204 1224 254 ,δι-ὰ
1235 205 1348 240 ψεύδους
1367 207 1546 243 ἀπατήσαντα
1571 209 1616 236 τὸν
1638 210 1751 246 ἀδελφὸν
1777 213 1862 241 αὑτοῦ
1875 234 1888 254 1.

227 244 371 276 dacio'suo
389 247 615 282 circumscripsit,
634 250 661 274 et
682 247 792 274 occidit.
809 246 861 280 Qui
876 248 958 274 etiam
974 247 1017 274 in-

227 293 376 328 terroganti
393 293 506 319 Domino
521 303 527 320 :
552 292 600 319 Ubi
616 297 655 319 est
671 292 734 319 Abel
748 292 831 327 frater
845 294 928 320 tuus?
942 300 1019 320 men-

228 339 295 365 titus
311 339 451 373 respondit
468 347 474 365 :
492 337 614 364 Nescio‘.
632 337 728 365 Merito
748 337 839 373 itaque
858 338 941 365 etiam
955 338 1016 370 iste,

228 385 273 420 qui
294 393 386 411 verum
410 385 548 412 diabolum
573 384 696 412 moribus
712 388 754 412 est
769 384 901 418 imitatus,
915 385 974 419 ejus
987 384 1019 411 ti-

228 429 281 456 lius
301 429 405 457 Domini
421 437 468 457 ore
483 430 686 465 pronuntiatur.
704 429 726 456 A
740 437 795 464 quo
813 429 885 457 enim
899 430 1018 465 quisque

229 479 373 510 superatus
398 481 449 506 est,
468 476 493 502 ei
511 479 538 501 ct
553 475 649 502 servit.
664 475 702 501 Ac
718 482 769 501 nos
785 475 853 502 adeo
873 475 1017 510 quodcun-

228 528 281 556 que
296 521 404 548 demum
421 521 567 555 egerimus,
586 528 633 547 eos
652 524 743 554 patres
758 520 931 552 habebimus,
948 528 1018 555 quo-

228 574 290 594 rum
302 566 424 600 exempla
438 565 534 593 iisdem
550 565 629 592 factis
644 565 931 600 expressimus.297
945 565 1018 598 Quo-

229 613 301 639 circa
317 612 460 647 perspicue
471 612 528 645 jam
550 611 595 637 illa
618 610 727 637 Domini
747 615 789 638 est
804 610 944 639 declarata
957 620 1020 639 sen-

228 659 331 686 tentia:
354 657 402 684 Vos
426 658 488 684 estis
511 657 562 692 ﬁlii
583 656 693 684 diaboli.
715 656 792 688 Item.
810 656 877 684 Cum
905 657 1020 692 loquitur

228 705 403 736 mendacium,
421 712 453 730 ex
467 704 578 738 propriis
594 703 718 738 loquitur,
730 704 852 738 quoniam
864 709 939 737 pater
962 703 1019 738 ejus

228 751 342 778 mendax
358 755 407 777 est.
424 750 529 783 Quibus
544 749 635 776 verbis
649 748 748 775 Judam
767 753 792 775 ct
807 748 922 775 Cainum
937 749 1019 776 intelo

228 796 297 831 ligit.
315 795 381 822 Illud
395 803 459 822 vero
475 805 481 822 :
501 794 572 821 Nam
588 799 612 821 et
627 800 702 828 pater
713 794 771 829 ejus
786 794 898 821 mendax
920 800 969 827 est,
985 796 1019 824 ad

228 842 364 869 diabolum
380 841 551 868 referendum
565 846 618 873 est,
630 841 703 875 quod
716 840 749 867 ad
765 841 826 874 ejus
840 841 1019 868 imitationem

229 888 262 914 ah
277 888 330 915 illis
353 888 409 915 sint
429 893 583 923 perpetrata
602 889 742 915 nonnulla.
764 895 907 924 Siquidem
925 897 971 923 per
986 895 1018 915 os

229 933 364 969 serpentis
387 934 525 968 inspirans
550 934 675 960 diabolus
701 933 767 961 falsa
797 935 887 962 omnia
911 934 1018 960 locutus

228 984 271 1007 est
285 989 292 1006 :
308 979 401 1014 sicque
415 983 481 1006 tunc
502 980 584 1006 Evam
600 979 705 1007 fefellit.
724 981 812 1016 Atque
826 981 899 1007 hunc
918 980 943 1006 in
960 987 1018 1006 mo-

228 1026 293 1053 dum
306 1031 364 1053 tota
377 1026 484 1054 abistis
501 1026 617 1053 conﬁcta
634 1026 725 1054 fabula
745 1027 852 1062 penitus
868 1026 1015 1054 evanescit.

227 1071 306 1105 Quod
324 1079 387 1099 vero
400 1071 434 1099 de
447 1071 533 1099 Caino
553 1071 694 1107 Scriptura
717 1077 843 1104 testatur,
862 1073 937 1100 illum
963 1072 1015 1099 fra-

227 1123 297 1145 trem
320 1118 456 1146 occidisse
482 1126 572 1150 suum.
591 1119 663 1154 quod
691 1125 764 1147 esset
790 1127 823 1147 ex
847 1119 965 1152 diabolo,
990 1120 1016 1147 id

227 1165 340 1192 omnino
365 1164 581 1192 demonstratum
607 1169 663 1198 est;
688 1174 741 1193 non
770 1174 801 1194 ex
828 1165 929 1193 diaboli
956 1171 1016 1193 satu

228 1215 389 1245 conceptum
401 1210 435 1237 ab
447 1211 501 1237 Eva
516 1210 601 1238 fuisse
615 1212 699 1239 fetum
716 1213 850 1247 aliquem;
867 1214 903 1239 ita
920 1217 949 1240 ut
962 1214 1016 1240 vel-

228 1259 258 1283 ut
273 1256 399 1290 conjugio
415 1255 533 1290 quodam
547 1258 703 1292 congressis
719 1258 908 1294 copulatisque
918 1266 1017 1294 corpo-

227 1303 304 1329 ribus
320 1302 434 1329 Cainum
453 1302 601 1331 etAbelum
616 1304 763 1338 pepererit,
781 1309 810 1331 ut
821 1305 882 1333 istis
898 1305 1015 1340 placuit;

228 1348 275 1375 sed
293 1348 328 1375 ob
342 1355 447 1374 morum
465 1347 684 1381 similitudinem,
702 1356 915 1384 expressamque
929 1350 1016 1377 imita-

228 1395 301 1421 tione
315 1393 416 1420 diaholi
432 1393 580 1428 nequitiam
600 1394 683 1421 tilium
701 1395 761 1429 ejus
776 1395 917 1430 appellari.

264 1439 320 1467 Vll.
341 1439 411 1473 Quin
428 1439 493 1466 illud
506 1439 587 1466 etiam
601 1440 636 1466 ab
653 1440 714 1467 istis
725 1441 867 1471 asseritur,
881 1440 1015 1467 Adamum

227 1494 259 1513 ex
279 1485 331 1512 Era
348 1486 464 1520 conjuge
480 1484 592 1512 Sethum
614 1493 771 1521 germanam
802 1487 957 1521 suscepisse
971 1495 1014 1514 so-

1069 249 1115 276 τὺν
1137 249 1219 276 Ἀϐελ
1231 271 1238 283 ,
1265 251 1311 277 καὶ
1325 252 1533 280 ἀποκτείναντα.
1555 254 1603 286 Ὃς
1618 255 1665 282 καὶ
1682 256 1863 292 ἐρωτώμενος
1877 249 1883 262 τ

1069 294 1121 321 ὑπὸ
1133 295 1180 321 τοῦ
1195 296 1298 331 Κυρίου
1316 306 1323 312 ’
1344 297 1405 324 Ποῦ
1423 297 1509 325 Ἅϐελ
1523 300 1540 325 ό
1554 299 1687 335 ἀδελφός
1702 309 1778 334 σου;
1794 301 1861 337 ψευ-

1068 341 1180 377 δόμενος
1200 342 1293 377 ἔλεγεν
1305 351 1312 358 θ
1333 345 1392 371 Οὐκ
1412 343 1487 371 οῖδα.
1509 345 1628 378 Εἰκότως
1645 345 1690 374 οὖν
1705 349 1750 374 καὶ
1771 345 1859 381 οὗτος,

1068 387 1114 413 τὸν
1138 388 1217 422 φύσει
1232 388 1354 415 διάϐολον
1371 390 1559 426 μιμησάμενος
1576 394 1631 424 τοίς
1649 393 1760 428 τρόποις
1773 415 1779 426 ,
1803 395 1862 427 υἱὸς

1070 431 1150 458 αὐτοῦ
1166 434 1226 460 κατ’
1242 433 1320 466 ἀξίαν
1342 435 1522 475 ἀνηγόρευται
1545 437 1597 463 ὑπὸ
1611 437 1658 464 τοῦ
1672 438 1806 474 Σωτῆρος.
1825 438 1861 476 Τῼ

1069 479 1123 513 γὰρ
1145 479 1259 514 ἥττηταί
1282 488 1323 512 τις
1334 501 1341 513 ,
1360 480 1448 516 τούτῳ
1464 482 1510 508 καὶ
1524 482 1694 511 δεδούλωται.
1714 486 1769 511 Καὶ
1782 486 1861 521 ἡμῶν

1069 524 1097 550 δὲ
1109 524 1238 557 ἕκαστος,
1254 526 1341 552 ὁτιοῦν
1357 526 1389 552 ἂν
1405 527 1547 564 ἐπιτελέσῃ
1560 550 1567 561 ,
1582 530 1644 561 τοὺς
1656 530 1737 557 τοῦτο
1757 540 1862 567 προτε-

1069 569 1212 602 τελεκότας
1225 571 1345 606 πατέρας
1366 571 1420 603 ἕξει
1445 573 1643 609 μιμησάμενος.
1659 575 1757 610 Σαφῶς
1770 577 1861 602 τοίνυν

1070 616 1102 650 ἐφ
1108 615 1218 651 ράσοηὴ
1233 617 1306 652 παρὰ
1313 617 1359 644 τοῦ
1365 618 1467 653 Κυρίου
1475 619 1600 654 λεχθεῖσα
1612 622 1700 656 ῥῆσις·
1712 622 1752 648 ὅτι
1768 622 1862 657 Ὑμεῖς

1070 661 1162 688 τέκνα
1178 661 1248 688 ἐστὲ
1265 663 1318 689 τοῦ
1334 662 1476 690 διαϐόλου
1490 674 1495 679 -
1513 665 1559 692 καὶ
1575 667 1655 693 πάλιν
1667 675 1674 682 ·
1696 667 1788 694 Ὅταν
1805 670 1861 695 ,ια-

1069 705 1110 740 λῇ
1124 707 1156 733 τὸ
1171 707 1300 741 ψεῦδος,
1316 708 1350 735 ἐκ
1370 708 1429 735 τῶν
1453 709 1535 736 ἰδίων
1548 711 1650 743 λαλεῖ·
1670 712 1714 738 ὅτι
1732 713 1748 739 d
1762 713 1862 748 πατὴρ

1070 753 1162 779 αὐτοῦ
1178 754 1314 787 ψεύστης
1327 754 1413 781 ἐστίν
1424 764 1430 770 ·
1447 756 1489 782 ἵνα
1502 757 1565 792 εἴπῃ
1587 757 1686 784 Ἰούδαν
1708 759 1754 785 καὶ
1767 759 1837 785 Κάῖν
1850 767 1857 773 “

1070 798 1145 830 εἶτα,
1167 801 1219 826 Καὶ
1233 801 1293 835 ’γὰρ
1319 803 1335 828 ό
1360 801 1458 835 πατὴρ
1479 803 1572 829 αὑτοῦ
1600 805 1738 838 ψεύστης
1762 805 1860 835 ἐστὶν.

1071 844 1115 871 ῖνα
1129 845 1192 880 εἴπῃ
1211 845 1291 871 αὐτὸν
1305 846 1350 873 τὸν
1374 846 1496 874 διάϐολον
1507 867 1513 876 ,
1529 848 1572 874 διὰ
1592 849 1626 874 τὰ
1641 849 1739 884 ὁμοίως
1754 859 1861 885 πεπρα-

1071 892 1249 926 γματευμένα
1262 893 1370 927 ἑκάστῳ
1384 893 1495 920 τούτων.
1506 894 1675 928 Ἐμπνεύσας
1688 896 1741 931 γὰρ
1756 897 1784 923 ἐν
1801 897 1862 923 στό-

1070 946 1134 971 ματι
1146 937 1191 963 τοῦ
1207 938 1294 973 ὄφεως
1307 959 1313 969 ,
1336 939 1420 975 ῲευδῆ
1436 940 1523 968 πάντα
1536 941 1683 978 λελάληκεν
1695 944 1710 969 ὁ
1725 943 1859 976 διάϐολοςδ

1068 984 1114 1010 καὶ
1131 984 1216 1015 οὕτως
1231 985 1289 1011 τότε
1310 986 1466 1021 ἐξηπάτησε
1485 988 1534 1023 τὴν
1549 987 1633 1015 Εὕαν.
1656 990 1711 1016 Καὶ
1724 990 1861 1026 ἀνῄρηται

1068 1029 1144 1064 παρὰ
1164 1030 1268 1062 τούτοις
1283 1032 1299 1066 ἡ
1323 1032 1516 1069 πεπλανημένη
1537 1034 1690 1069 μυθοποιία.
1707 1036 1767 1063 Κᾶν
1785 1036 1860 1070 λέγει

1067 1075 1083 1109 ή
1101 1075 1119 1100 Γ
1123 1075 1194 1111 ρειφὴ
1207 1096 1212 1106 ,
1227 1076 1264 1107 ὡς
1278 1078 1291 1103 ὁ
1314 1077 1383 1103 Κάἳν
1398 1079 1541 1106 ἀπέκτεινε
1559 1081 1603 1106 τὸν
1626 1081 1740 1116 ἀδελφὺν
1764 1082 1858 1115 αὐτοῦ,

1067 1120 1107 1146 ὅτι
1129 1121 1161 1146 ἐκ
1185 1122 1231 1147 τοῦ
1256 1122 1378 1149 διαϐόλου
1403 1123 1450 1160 ἦν·
1470 1126 1574 1161 ἐδείχθη
1596 1127 1651 1162 γὰρ
1675 1127 1858 1160 παντάπασιν,

1067 1166 1126 1200 οὐχὶ
1140 1166 1184 1193 διὰ
1200 1167 1230 1193 τὺ
1246 1168 1295 1203 τὴν
1309 1169 1380 1195 Εὔαν
1396 1171 1427 1196 ἐκ
1444 1171 1490 1197 τοῦ
1511 1172 1665 1207 σπέρματος
1676 1173 1723 1199 τοῦ
1736 1173 1859 1199 διαϐόλου

1068 1211 1274 1245 συλλαϐοῦσαν,
1299 1214 1337 1246 ὡς
1360 1215 1428 1242 κατὰ
1453 1216 1583 1251 συζυγίαν
1608 1219 1697 1254 γάμου
1722 1219 1770 1245 καὶ
1797 1228 1860 1245 συν-

1068 1257 1164 1291 άφειαν
1175 1258 1307 1293 σωμάτων
1314 1262 1506 1296 γεγεννηκέναι
1517 1264 1561 1289 τὸν
1571 1264 1639 1290 Κάῖν
1651 1264 1698 1290 καὶ
1709 1264 1755 1292 τὸν
1765 1264 1858 1298 ’Λϐελ,

1067 1304 1104 1335 ὡς
1120 1303 1223 1336 τούτοις
1239 1305 1326 1338 ἔδοξεν
1340 1315 1346 1321 ·
1375 1307 1442 1334 ἀλλά
1466 1309 1509 1336 διὰ
1526 1310 1556 1336 τὺ
1573 1311 1723 1346 ὁμότροπον
1739 1313 1786 1339 καὶ
1814 1313 1860 1347 μί-

1069 1359 1146 1385 μημα
1173 1351 1221 1385 τῆς
1249 1351 1296 1377 τοῦ
1325 1353 1448 1380 διαϐόλου
1481 1357 1664 1391 κακοτροπίας
1695 1358 1751 1390 υἱὸς
1777 1357 1858 1384 αὑτοῦ

1067 1395 1178 1429 ἤκουσε.

1096 1439 1132 1466 Z'.
1142 1440 1223 1467 Πάλιν
1231 1441 1258 1467 δὲ
1268 1441 1389 1476 λέγουσιν
1400 1444 1423 1468 οἱ
1433 1444 1518 1475 αὐτοὶ,
1527 1445 1573 1471 τὸν
1582 1446 1676 1481 Ἀδὰμ,
1691 1447 1861 1482 συναφθέντα

1067 1486 1100 1520 τῇ
1117 1485 1172 1521 Εὔα
1185 1488 1217 1521 τῇ
1233 1487 1285 1522 ἰδίᾳ
1299 1490 1416 1523 γαμετῇ,
1434 1490 1625 1526 γεγεννηκέναι
1636 1492 1682 1518 τὸν
1697 1491 1761 1528 Σὴθ,
1780 1493 1859 1526 φύσει

229 1531 326 1558 bulen].
345 1530 414 1556 Tum
432 1538 496 1557 vero
510 1538 664 1564 supremam
681 1531 754 1557 illam
771 1531 902 1558 virtutem
921 1531 1010 1558 ferunt

1071 1530 1136 1556 ἴδιον
1153 1532 1234 1558 αὑτοῦ
1252 1534 1318 1559 υἱόν.
1335 1535 1390 1560 Καὶ
1402 1536 1461 1561 τότε
1473 1536 1538 1569 φασὶ
1552 1537 1600 1571 τὴν
1612 1537 1667 1564 ἄνω
1682 1538 1797 1573 δύναμιν
1811 1539 1860 1565 σὺν

227 1585 289 1605 cum
320 1577 491 1604 administris
526 1576 570 1602 Dei
603 1577 724 1604 melioris
749 1578 853 1611 angelis
877 1578 1014 1612 delapsam

229 1622 340 1650 Sethnm
358 1623 445 1656 ipsum
461 1622 686 1656 rapuisse,quem
699 1626 725 1649 et
734 1622 875 1657 ἀλλογενῆ.
902 1623 953 1649 hoc
975 1628 1017 1650 est

228 1669 402 1702 alienigenam
418 1672 526 1695 vocant.
546 1667 630 1701 Quem
655 1675 717 1694 cum
736 1677 845 1695 sursum
862 1669 1016 1704 aliquemin

229 1715 318 1741 locmn
333 1713 501 1742 sustulisset.
527 1721 558 1740 ac
574 1714 705 1740 diuturno
734 1718 866 1747 tempore,
888 1724 922 1742 ne
947 1716 1017 1742 forte

229 1759 436 1791 interﬁceretur,
455 1760 578 1790 aluisset,
594 1760 673 1794 longo
692 1760 800 1787 demum
826 1760 969 1788 intervallo
987 1754 1027 1788 in.

229 1807 302 1834 hunc
315 1807 409 1834 orbein
435 1807 578 1836 intulisse.
601 1807 737 1842 simulque
767 1812 794 1835 et
817 1809 967 1842 spiritalem
991 1814 1018 1836 et

229 1861 391 1889 corporeum
422 1853 593 1883 reddidisse,
625 1861 658 1880 ne
689 1861 703 1879 a
725 1854 831 1886 Caino,
846 1855 888 1881 vel
910 1857 1017 1882 caeteris

227 1900 385 1927 Conditoris
413 1900 506 1926 nmndi
542 1900 723 1934 potestatibus
757 1908 789 1927 ac
820 1902 1017 1936 principatibus

229 1945 438 1980 opprimeretur.
470 1945 600 1973 Eutndem
634 1954 716 1981 porro
739 1946 897 1974 Creatorem
937 1953 1017 1982 atque

229 1990 359 2026 Opiticcm
377 1990 491 2019 desiisse
507 1993 641 2023 venerari,
655 1997 681 2019 et
702 1993 776 2019 illam
793 1994 938 2028 agnovisse
955 1993 1017 2020 Vir—

229 2039 326 2068 tutem,
342 2043 403 2070 qua
414 2035 489 2062 nullo
503 2036 698 2070 comprehendi
713 2037 824 2064 nomine
838 2041 927 2072 potest
941 2045 948 2064 :
967 2046 1017 2066 nec

228 2088 284 2107 non
299 2080 430 2108 adversus
450 2086 588 2109 auctorem
598 2082 701 2114 mundi,
712 2083 827 2118 ejusque
843 2084 1016 2119 principatus

228 2129 255 2151 ct
276 2129 425 2159 potestates
442 2125 569 2160 pleraque
585 2125 729 2153 detexisse.
750 2127 818 2154 lliuc
834 2128 915 2155 etiam
932 2129 1016 2155 libros

230 2171 333 2207 aliquot
354 2171 497 2199 ediderunt
527 2172 600 2199 Sethi
630 2173 739 2200 nomine
770 2174 928 2208 inscriptos,
947 2184 1016 2210 quos

1069 1579 1125 1609 τοῖς
1143 1578 1289 1613 ὐπουργοῖς
1306 1581 1351 1606 τοῦ
1367 1581 1469 1615 ἀγαθοῦ
1484 1583 1550 1608 Θεοῦ
1565 1584 1690 1618 ἀγγέλοις
1707 1585 1859 1620 καταόεϐη-

1069 1622 1156 1655 κέναι,
1170 1624 1218 1650 καὶ
1231 1625 1383 1660 ἡρπακέναι
1401 1627 1481 1653 αὑτὸν
1493 1628 1538 1654 τὸν
1549 1629 1611 1663 Σὴθ,
1624 1629 1653 1655 ὃν
1667 1630 1713 1656 καὶ
1726 1630 1858 1666 ἀλλογενῆ

1069 1668 1189 1695 καλοῦσι.
1212 1670 1266 1697 Καὶ
1282 1672 1470 1707 ἀνενηνοχεναι
1489 1675 1544 1700 ἂνω
1565 1684 1623 1707 που,
1647 1677 1692 1702 καὶ
1707 1676 1859 1712 ἀναθρέψαι

1069 1715 1156 1749 χρόνῳ
1179 1716 1271 1750 ἱκανῷ,
1291 1718 1333 1744 ἵνα
1350 1719 1387 1752 μὴ
1412 1720 1584 1755 ὀιποκτοινθῇ⁵
1605 1721 1652 1747 καὶ
1675 1722 1742 1756 μετὰ
1764 1723 1859 1758 χρόνον

1070 1760 1154 1787 πολὺν
1166 1764 1374 1797 κατενηνοχὲναι
1387 1765 1426 1796 εἰς
1441 1766 1513 1791 τόνδε
1530 1769 1574 1791 τὶν
1586 1767 1696 1801 κόσμον,
1717 1769 1763 1795 καὶ
1778 1777 1859 1795 πνευ-

1071 1807 1185 1840 ματικὸν
1207 1808 1416 1843 ἀπεργάσασθαι
1440 1812 1531 1840 αὑτὸν,
1557 1813 1602 1838 καὶ
1625 1814 1790 1848 σωματικὸν,
1819 1816 1859 1846 εἰς

1068 1851 1098 1877 τὺ
1113 1852 1149 1887 μὴ
1165 1854 1320 1888 κατισχύειν
1336 1855 1380 1881 τόν
1403 1864 1431 1882 τε
1445 1858 1504 1883 κατ’
1519 1857 1600 1883 αὑτοῦ
1613 1859 1633 1890 ³,
1649 1859 1695 1885 καὶ
1711 1859 1760 1890 τὰς
1776 1860 1860 1892 ἄλλας

1068 1896 1202 1929 ἐξουσίας,
1226 1900 1272 1925 καὶ
1293 1900 1380 1935 ἀρχὰς
1403 1901 1450 1927 τοῦ
1470 1903 1633 1937 κοσμοποιοῦ
1647 1904 1726 1931 Θεοῦ.
1750 1905 1858 1940 Μηκέτι

1068 1943 1096 1970 δὲ
1113 1945 1193 1972 αὐτόν
1216 1954 1280 1979 φασι
1296 1946 1503 1982 λελατρευκὲναι
1522 1949 1559 1983 τῷ
1575 1950 1678 1986 Ποιητῇ
1696 1959 1725 1977 τε
1744 1952 1791 1978 καὶ
1807 1953 1860 1987 Δη-

1070 1992 1200 2026 μιουργῷ,
1215 1994 1398 2026 ἐπεγνωκέναι
1409 1995 1437 2020 δὲ
1448 1995 1496 2030 τὴν
1507 1996 1725 2032 ἀκατονόμαστον
1733 1998 1858 2034 δύναμιν,

1070 2038 1116 2063 καὶ
1133 2037 1177 2063 τὸν
1190 2038 1246 2064 ἄνω
1260 2039 1360 2072 ἀγαθὸν
1377 2040 1457 2066 Θεόν·
1482 2041 1560 2068 τοῦτο
1573 2042 1790 2078 λελατρευκέναι,
1811 2045 1859 2071 καὶ

1069 2083 1139 2109 κατὰ
1155 2084 1199 2110 τοῦ
1218 2086 1328 2120 ποιητοῦ
1343 2086 1388 2112 τοῦ
1403 2087 1516 2122 κόσμου,
1532 2089 1578 2115 καὶ
1592 2090 1695 2125 ἀρχῶν,
1715 2091 1764 2117 καὶ
1780 2091 1858 2124 ἐξου-

1069 2130 1133 2155 σιῶν
1149 2131 1231 2157 πολλὰ
1245 2133 1491 2167 ἀποκεκαλυφέναι.
1513 2131 1547 2169 ’ᾮ
1557 2134 1587 2170 δὴ
1604 2137 1650 2162 καὶ
1665 2136 1772 2170 βίϐλους
1782 2138 1858 2169 τινὰς

1068 2176 1239 2208 sier-interm
1261 2179 1300 2209 εἰς
1314 2179 1399 2213 ὄνομα
1414 2180 1495 2206 αὑτοῦ
1517 2180 1563 2206 τοῦ
1579 2181 1632 2216 Σὴθ
1648 2182 1856 2218 γεγραμμένας,

229 2218 264 2244 ab
283 2225 315 2244 eo
334 2218 448 2245 traditos
460 2225 490 2244 ac
509 2219 618 2245 relictos
634 2218 854 2246 aliirmant.ltem
869 2221 937 2247 alios
953 2229 1013 2247 cum

1070 2224 1133 2258 παρ’
1149 2224 1229 2249 αὑτοῦ
1252 2224 1334 2255 αὑτὰς
1350 2225 1471 2252 δεδόσθαι
1492 2226 1626 2260 λέγοντες.
1655 2228 1753 2259 Ἀλλας
1769 2229 1798 2255 δὲ
1819 2230 1857 2260 εἰς

230 2263 320 2294 illius,
343 2266 401 2288 tum
420 2267 523 2297 septem
541 2263 600 2297 ejus
622 2262 772 2290 liberorum
802 2264 922 2291 nomine.
940 2264 1016 2291 Toli—

230 2309 290 2334 dem
309 2309 380 2335 enim
407 2308 440 2335 ab
471 2316 504 2335 eo
529 2313 686 2343 prorreatos
712 2309 823 2342 volunt,
849 2317 917 2344 quos
939 2310 1017 2337 ἀλλο-

229 2354 317 2386 γενεῖς
356 2355 507 2386 nominant,
529 2359 557 2380 ut
575 2354 600 2380 in
617 2354 678 2382 aliis
699 2354 850 2383 haarcsibus
866 2377 873 2389 ,
904 2356 1015 2383 Gnosti-

229 2408 325 2427 eorum
366 2401 488 2431 scilicet,
528 2407 559 2426 ae
585 2400 799 2433 Sethianorum,
833 2403 1015 2430 ostendimus.

229 2446 363 2472 Caeterum
378 2446 421 2472 isti
435 2446 580 2480 prophetas
595 2446 663 2474 alios
690 2453 918 2479 commemorant;
943 2448 1015 2475 Mar-

230 2489 430 2517 tiademnesuio
444 2496 574 2524 quem.et
591 2491 768 2523 Marsianum,
791 2501 860 2528 quos
877 2494 903 2520 in
915 2495 1014 2521 cmlum

229 2540 324 2570 raptos
339 2536 419 2562 tertio
441 2536 485 2563 die
513 2537 690 2565 descendisse
721 2539 834 2574 lingunt.
864 2539 973 2567 Addunt
989 2546 1014 2567 et

231 2582 298 2609 alias
314 2582 458 2616 plerasque
480 2584 682 2611 commentitias
697 2592 729 2612 ac
747 2585 878 2613 ridiculas
895 2585 1014 2620 fabulas,

229 2632 257 2656 et
274 2628 301 2655 in
316 2635 410 2654 verum
435 2632 516 2663 atque
530 2630 743 2663 omnipotentem
760 2631 844 2666 298
862 2631 947 2659 Deum
962 2633 1014 2660 Pa-

229 2679 299 2702 trem
326 2673 431 2701 Domini
459 2675 545 2702 nostri
576 2674 641 2703 Jesu
681 2675 784 2704 Christi
816 2679 1015 2707 contumeliose

230 2721 317 2748 multa
342 2721 480 2754 jaclitant.
500 2720 654 2756 Principem
686 2722 771 2756 hunc,
791 2727 819 2750 et
843 2724 1013 2752 inventorem

229 2768 319 2794 omnis
337 2775 397 2794 esse
417 2767 554 2801 nequitiae,
580 2771 610 2794 ut
631 2768 674 2796 vel
691 2769 749 2804 ipsa
775 2777 824 2797 sua
840 2770 1012 2800 confessione

230 2812 397 2847 iugulentur.
410 2822 415 2828 -

268 2868 277 2884 ¹
294 2867 360 2897 Gen.
375 2878 411 2902 tv,
426 2871 451 2897 9.
489 2870 498 2885 ²
510 2868 539 2895 F.
557 2869 635 2896 Κάῖν.

1069 2270 1154 2304 ὄνομα
1168 2270 1259 2300 αὑτοῦ,
1280 2271 1326 2297 καὶ
1347 2271 1400 2298 τῶν
1417 2273 1486 2298 ἑπτὰ
1504 2272 1569 2299 υἱῶν
1593 2273 1684 2301 αὐτοῦ.
1715 2274 1783 2301 Φασὶ
1804 2275 1858 2311 γὰρ

1069 2315 1149 2341 αὑτὸν
1180 2316 1370 2350 γεγεννηκέναι
1398 2318 1467 2344 ὲπτά
1490 2319 1642 2352 ἀλλογενεῖς
1664 2319 1857 2356 καλουμένους,

1069 2360 1105 2391 ὡς
1131 2361 1177 2387 καὶ
1197 2362 1225 2387 ὲν
1238 2361 1331 2394 ἄλλαις
1355 2363 1493 2398 αἱρέσεσιν
1514 2365 1674 2400 εἰρήκαμεν,
1697 2366 1857 2393 Γνωστικῶν

1070 2415 1141 2442 φημι
1156 2408 1202 2433 καὶ
1218 2408 1366 2444 Σηθιανῶν.
1395 2408 1473 2436 Οὗτοι
1487 2410 1515 2436 δὲ
1538 2411 1585 2437 καὶ
1600 2411 1696 2443 ἄλλους
1714 2413 1857 2448 προφήτας

1071 2453 1151 2486 φασὶν
1166 2453 1245 2486 εἶναι,
1262 2455 1421 2491 Μαρτιάδην
1438 2457 1508 2487 τινὰ,
1523 2456 1570 2483 καὶ
1585 2457 1752 2492 Μαρσιανὺν,
1769 2459 1857 2494 ἁρπα-

1069 2498 1167 2532 γέντας
1178 2500 1218 2530 εἰς
1231 2500 1293 2531 τοὺς
1301 2501 1441 2536 οὐρανοὺς,
1451 2503 1497 2528 καὶ
1507 2502 1551 2529 διὰ
1560 2503 1671 2538 ἡμερῶν
1678 2504 1762 2539 τριῶν
1772 2513 1857 2531 κατα-

1069 2544 1229 2580 ϐεϐηκότας.
1255 2546 1310 2572 Καὶ
1328 2545 1413 2573 πολλά
1431 2548 1503 2574 ἐστιν
1524 2549 1542 2575 ἃ
1567 2549 1775 2584 μυθοποιοῦντες
1795 2558 1856 2579 ma-

1071 2590 1140 2622 στῶς
1164 2591 1310 2618 ὲκτυποῦσι
1328 2591 1476 2629 βλάσφημά
1494 2603 1523 2621 τε
1547 2596 1710 2628 πλάττοντες
1727 2597 1799 2624 κατά
1812 2599 1857 2624 τοῦ

1069 2636 1144 2668 ὄντος
1157 2637 1223 2663 Θεοῦ
1239 2640 1467 2676 παντοκράτορος,
1483 2642 1589 2677 Πατρὺς
1600 2642 1645 2669 τοῦ
1661 2643 1765 2679 Κυρίου
1779 2645 1856 2680 ἡμῶν

1076 2681 1161 2717 Ἰησοῦ
1186 2683 1314 2719 Χριστοῦ,
1338 2685 1376 2717 ὡς
1398 2687 1526 2722 ἄρχοντος
1544 2688 1630 2722 ὄντος,
1655 2690 1702 2716 καὶ
1727 2692 1857 2726 πονηρίαι

1069 2728 1190 2763 εὑρετοῦ,
1211 2729 1248 2761 ὡς
1262 2730 1309 2756 ἀπ’
1325 2731 1414 2758 αὐτῶν
1434 2731 1489 2759 τῶν
1506 2735 1569 2768 παρ’
1589 2735 1680 2766 αὐτοῖς
1697 2734 1785 2769 λόγων
1797 2736 1856 2763 ἁλέ-

1070 2781 1186 2801 σκονται.
