1952 3045
112 120 171 148 689

474 123 657 151 ADVERSUS
674 120 845 150 ll/ERESES
865 121 928 148 LIB.
947 120 966 148 Ι.
984 121 1064 150 ΤΟΜ.
1086 122 1129 150 lll.
1148 140 1183 144 —
1202 123 1338 152 HERES.
1360 123 1414 152 XL.

1703 123 1754 151 G00

158 183 190 209 EE
203 182 257 219 γὰρ
270 183 398 219 πονηρῶν
412 184 484 210 ἐστιν
496 183 610 219 εὑρετὴς
623 183 671 210 καὶ
681 181 838 213 κακοποιὸς,
855 181 903 207 πῶι

1000 183 1067 211 Nam
1092 185 1114 211 si
1131 185 1264 211 malorum
1289 183 1415 211 inventor
1435 184 1459 212 is
1482 191 1513 211 ac
1539 183 1680 212 maleficus
1700 192 1753 215 est,

116 230 203 262 εὐθὺς
230 231 280 257 οὐκ
300 230 401 264 ἀγαθὸς
429 231 564 267 εὑρεθείη,
591 231 628 263 ὡς
640 231 687 257 καὶ
704 231 732 256 ἐν
745 231 805 261 ταῖς
818 229 910 259 ἄλλαις

114 276 257 311 αἱρέσεσιν
274 277 399 312 εἴπαμεν,
413 277 484 303 κατὰ
499 277 639 312 πορνείας,
655 276 702 303 καὶ
720 275 851 311 μοιχείας,
865 275 911 301 καὶ

115 322 260 358 ἁρπαγῆς,
285 322 332 349 καὶ
359 322 516 355 πλεονεξίας
543 323 742 358 νομοῦετήσαςς
772 322 837 348 Θεὸν
857 321 912 356 γὰρ

114 367 199 394 αὐτὸν
219 367 274 394 τῶν
295 367 430 394 Ἰουδαίων
452 368 498 395 καὶ
522 368 599 395 αὐτοὶ
620 368 738 402 λέγουσι.
765 368 827 399 Τοῖς
848 368 913 393 Ἰου-

115 414 205 446 δαίοις
222 414 250 441 δὲ
266 414 310 440 τὸν
330 414 411 450 νόμον
431 414 541 447 ἔδωκεν,
561 415 590 440 ἐν
601 411 624 449 ᾧ
644 416 732 441 πάντα
751 414 836 441 ταῦτα
857 415 911 440 ἀπ-

115 460 279 495 ηγὸρευσεν,
292 457 330 487 ὧν
347 461 460 496 εὑρετὴν
477 461 557 488 αὐτὸν
570 461 695 494 λέγουσιν
710 459 788 488 εἶναι.
807 460 868 492 Πῶς
883 461 911 486 δὲ

116 506 211 541 πατὴρ
226 507 272 533 τοῦ
283 507 390 533 Σατανᾶ
406 507 528 543 κληθείη,
545 509 559 534 ὁ
574 508 635 534 κατ’
650 507 731 534 αὐτοῦ
746 507 780 533 τὰ
794 507 912 533 τοσαῦτα

117 552 264 584 ὑποδείξας
281 553 327 579 καὶ
345 553 369 579 εἰ
384 553 522 589 ἀλλότριος
540 555 598 580 ἐστι
613 553 659 580 τοῦ
676 553 730 580 ἄνω
746 553 809 588 παρ’
822 554 912 584 αὐτοῖς

117 597 267 632 λεγομένου
279 598 357 630 Θεοῦ,
373 598 419 624 καὶ
433 599 483 625 οὐκ
495 598 576 630 αὑτός
592 599 665 625 ἐστιν
680 599 694 625 ὀ
706 598 771 630 Θεὸς
784 599 798 624 ὁ
814 606 912 624 παντο-

117 644 242 679 κράτωρ,
260 645 274 671 ὁ
291 644 416 679 βασιλεὺς
430 645 477 672 καὶ
488 645 590 680 Κύριος
603 645 682 680 ἡμῶν
704 644 824 680 [Ἰησοῦς
842 645 911 679 Χρι-

118 689 210 726 στὸς],
227 690 241 715 ὁ
255 690 283 716 έν
299 690 384 725 νόμῳ,
407 690 453 717 καὶ
473 690 502 716 ὲν
517 690 704 724 Εὑαγγελίοις,
728 689 775 716 καὶ¹
797 690 825 715 ἐν
844 697 911 724 προ-

115 736 228 771 φήταις,
243 736 290 762 καὶ
306 736 463 768 ἀποστόλοις
475 737 558 768 αὐτὸς
568 736 639 769 Θεὸς
648 737 763 770 Κύριος,
772 736 873 770 Πατὴρ
879 735 913 762 δὲ

120 782 289 816 τσῦΚυρίου
297 781 382 817 ἡμῶν
399 782 645 817 ἸησοῦΧρίστυῦ;
653 783 689 814 ὼς
701 783 780 815 αὐτὸς
793 783 912 810 διδάσκει

115 829 212 863 σαφῶς
226 830 300 865 ἡμᾶς
319 830 334 856 ὁ
348 829 450 865 Κύριος
465 830 493 856 ἐν
508 829 678 864 Εὐαγγελίῳ,
693 830 792 864 λέγων·
815 831 911 864 Εὐχα-

111 875 209 909 ριστῶ
229 883 288 908 σοι,
312 874 405 909 Πάτερ
438 876 524 909 Κύριε
545 874 682 909 οὐρανῶν
701 875 748 902 καὶ
767 875 838 910 γῆς·
868 876 911 902 ἵνα

114 920 191 956 δείξῃ
205 921 250 947 τὸν
264 920 346 948 αὑτοῦ
362 921 472 957 Πατέρα
489 921 554 948 Θεὸν
570 921 617 948 τὸν
632 922 750 948 πάντων.

152 966 192 993 Η’.
208 967 263 993 Καὶ
281 967 348 1002 περὶ
361 967 465 1002 νεκρῶν
481 967 655 999 ἀναστάσεως
677 967 834 1002 ὑποφαίνων
850 967 909 994 ἔσε-

116 1011 190 1044 σθαι,
212 1012 293 1039 πάλιν
317 1012 400 1048 φησι·
423 1013 542 1040 Λύσατε
564 1014 616 1039 τὸν
632 1012 707 1040 ναὸν
724 1013 841 1045 τοῦτον,
860 1013 907 1039 καί

113 1059 150 1086 ἐν
164 1059 264 1093 τρισὶν
280 1059 405 1093 ἡμέραις
426 1059 517 1094 ἐγερῶ
534 1059 636 1086 αὐτόν.
663 1059 736 1085 Ναὸν
751 1059 778 1085 δὲ
791 1060 866 1093 ἔλεγε
879 1059 909 1085 τὸ

114 1105 181 1132 ἴδιον
208 1105 297 1140 σῶμα,
315 1105 443 1140 λυόμενον
473 1105 523 1140 μὲν
547 1105 591 1132 διὰ
618 1105 719 1140 χειρῶν
745 1105 907 1140 ἀνθρώπων,

113 1151 254 1178 τουτέστιν
269 1151 507 1187 ἁποκτεινόμενον.
529 1150 565 1177 Τὸ
578 1151 605 1177 δὲ
627 1151 664 1186 μὴ
683 1150 712 1178 ὃν
735 1151 824 1186 σῶμα,
839 1151 907 1178 ἀλλὰ

113 1197 224 1233 δοκήσει
239 1197 410 1232 φαινόμενον,
425 1198 463 1230 ὡς
477 1195 549 1225 οὗτοι
566 1197 647 1225 πάλιν
660 1197 797 1231 λέγουσιν,
811 1199 861 1224 οὐκ
873 1198 906 1224 ἂν

113 1244 230 1278 ἠδύνατο
246 1245 285 1276 εἰς
300 1245 392 1279 χεῖρας
413 1243 551 1279 ἔρχεσθαι,
566 1243 719 1280 ἐγείρεσθαί
735 1252 764 1270 τε
779 1245 811 1279 τῇ
826 1244 906 1281 τρίτῃ

80 1289 83 1293 ”
112 1291 216 1326 ἡμέρᾳ,
236 1290 325 1322 καθὼς
343 1291 534 1325 ἐπηγγείλατο.
555 1291 694 1318 Δέδεικται
705 1291 793 1317 τοίνυν
811 1291 906 1326 σαφῶς

113 1336 158 1363 διὰ
173 1337 222 1372 τῆς
236 1337 363 1372 τοιαύτης
378 1337 534 1372 οἰκονομίας
549 1337 745 1373 ἀναντίρρητος
757 1339 773 1372 ἡ
792 1337 846 1363 τῶν
861 1346 904 1364 νε·-

113 1382 186 1417 κρῶν
197 1383 342 1414 ἀνάστασις
353 1390 359 1395 ’
378 1382 425 1409 καὶ
440 1382 502 1408 οὕτε
521 1382 599 1418 χρεία
619 1383 693 1409 ἐστὶν
710 1383 858 1417 ἀπολογίας
870 1385 904 1418 τῇ

112 1429 197 1464 ψυχῇ,
225 1429 267 1455 ἵνα
288 1428 392 1465 λαλήσῃ
415 1428 482 1463 πρὸς
504 1429 622 1464 ἑκάστην
647 1427 788 1461 ἐξουσίαν·
818 1429 904 1456 πλάτ-

111 1483 203 1501 τονται
216 1475 271 1510 γὰρ
281 1471 354 1502 οὗτοι
365 1476 413 1502 καὶ
424 1476 513 1507 τοῦτο,
527 1476 565 1508 ὡς
575 1476 698 1511 εἴρηται·
717 1475 784 1502 ἀλλὰ
797 1475 841 1502 διὰ
854 1475 904 1508 τῆς

966 238 1060 258 nonne
1076 231 1164 259 bonus
1186 231 1226 258 vel
1241 239 1274 258 eo
1290 231 1350 266 ipso
1375 230 1597 265 comprobabitnr
1610 250 1618 262 ,
1636 233 1667 257 ut
1691 229 1755 258 aliis

965 275 1118 302 lueresibus
1136 275 1299 310 objecimus,
1317 275 1390 310 quod
1407 279 1501 302 contra
1519 279 1625 310 stupra,
1646 274 1754 301 adulte-

965 321 1016 351 ria,
1027 322 1139 356 rapinas
1152 328 1183 348 ac
1199 321 1365 356 cupiditates
1375 325 1401 348 et
1411 321 1528 355 injurias
1539 321 1649 348 decreta
1668 321 1753 348 multa

966 367 1142 395 condiderit?
1155 367 1222 395 Nam
1239 367 1396 395 Judmorum
1417 367 1492 394 illum
1510 375 1571 395 esse
1585 367 1670 394 Deum
1685 374 1753 393 con-

968 415 1089 442 ﬁtentur.
1102 413 1204 441 Judzeis
1222 421 1303 449 porro
1326 413 1412 448 legem
1436 413 1509 440 illam
1527 414 1599 446 tulit,
1616 421 1670 448 qua
1688 418 1752 440 sunt

964 469 994 488 ea
1009 461 1100 488 omnia
1114 461 1262 495 prohibita,
1276 468 1391 496 quorum
1419 460 1545 488 inventor
1558 460 1591 487 ab
1604 460 1657 487 illis
1678 467 1752 486 assc-

970 506 1051 534 ritur.
1077 507 1183 535 Satanas
1211 516 1277 536 vero
1305 514 1384 545 pater
1405 509 1451 543 qui
1475 508 1583 535 demum
1620 505 1750 541 appellari

967 558 1066 587 potest,
1077 555 1122 589 qui
1137 560 1191 582 tam
1208 555 1292 582 multa
1308 556 1440 582 adversus
1457 555 1532 581 illum
1547 552 1704 584 ediderit,si
1717 551 1751 577 ab

968 599 1014 625 illo
1045 607 1164 632 summo,
1192 609 1273 635 quem
1299 601 1384 628 Deum
1402 600 1557 630 nominant,
1574 598 1679 626 alienus
1691 600 1750 628 est;

966 653 1016 672 nec
1035 646 1106 673 idem
1123 651 1163 673 est
1175 648 1348 682 omnipotens
1366 648 1411 675 ille
1428 647 1509 677 Deus,
1539 653 1588 673 rex
1611 649 1639 672 et
1657 643 1751 671 Domi-

965 699 1018 718 nus
1037 693 1196 727 noster,qu
1215 694 1240 720 in
1262 693 1328 728 lege.
1341 698 1368 721 et
1385 692 1539 728 Evangeliis
1554 699 1585 718 ac
1598 690 1750 726 prophetis,

964 743 991 764 et
1007 738 1041 765 ab
1055 739 1187 773 apostolis
1195 740 1358 772 celebratur,
1370 739 1495 766 Dominus
1527 737 1605 768 Deus.
1626 746 1657 764 ac
1670 736 1752 763 Pater

968 785 1077 813 Domini
1094 786 1178 813 nostri
1201 785 1265 813 Iesu
1281 786 1381 814 Christi
1393 786 1419 812 ‘?
1433 791 1462 813 tit
1482 785 1553 812 idem
1573 789 1665 819 aperte
1676 783 1752 810 (lliri-

963 837 1024 860 stus
1034 832 1061 859 in
1079 831 1225 867 Evangelio
1239 835 1356 859 testatur
1368 831 1411 859 his
1425 830 1533 858 verbis:
1547 829 1679 863 Conﬁteor
1692 830 1749 860 tibi,

963 877 1045 905 Pater
1066 877 1178 905 Domine
1190 877 1247 905 caeli
1261 885 1292 904 ac
1308 878 1414 907 κεῖναι,
1432 876 1532 911 quibus
1548 875 1654 902 Patrem
1670 883 1750 901 suum

963 923 1154 951 universorum
1171 923 1254 951 Deum
1267 930 1328 950 esse
1346 922 1493 958 signiﬁcat.

999 968 1065 996 Vill.
1090 968 1259 996 Mortuorum
1290 976 1355 996 vero
1387 967 1617 996 resurrectionem
1656 969 1750 1001 aperte

961 1015 1082 1043 futuram
1097 1016 1251 1048 denuntiat,
1272 1023 1334 1042 cum
1350 1015 1386 1041 ita
1401 1015 1542 1050 loquitur:
1558 1012 1656 1040 Solvite
1682 1017 1750 1039 τιήι-

960 1063 1034 1097 plum
1051 1063 1108 1095 hoc,
1124 1066 1148 1089 et
1169 1063 1196 1090 in
1212 1061 1296 1088 tribus
1312 1061 1402 1088 diebus
1416 1060 1536 1088 excitabo
1553 1059 1619 1086 illud
1632 1059 1652 1087 ³.
1667 1059 1749 1087 Τοηια

959 1110 1033 1145 plum
1049 1109 1121 1136 enim
1141 1115 1243 1143 corpus
1271 1115 1350 1135 suum
1378 1107 1502 1137 vocabat,
1518 1106 1590 1140 quod
1605 1105 1748 1132 hominum

960 1155 1086 1183 manibus
1102 1154 1288 1185 evertebatur,
1306 1153 1357 1180 hoc
1371 1157 1413 1180 est
1440 1151 1666 1179 inlerﬁciebaiur.
1681 1151 1748 1177 Nam

958 1203 1031 1237 quod
1048 1209 1141 1230 verum
1160 1209 1262 1236 corpus
1276 1208 1330 1228 non
1340 1204 1424 1232 esset,
1438 1199 1485 1226 sed
1504 1199 1596 1233 specie
1613 1199 1749 1225 duntaxat

958 1251 1112 1284 apparet-et,
1131 1247 1286 1282 eujusmodi
1307 1247 1347 1274 illi
1364 1246 1449 1274 fuisse
1481 1249 1618 1277 statuunt,
1645 1251 1749 1279 nequa-

957 1302 1039 1329 quam
1055 1294 1173 1321 liostiutn
1182 1294 1209 1320 in
1220 1301 1317 1320 manus
1328 1293 1431 1323 venire,
1440 1296 1498 1323 aut,
1508 1295 1539 1318 ut
1550 1291 1744 1326 pollicebatur,

957 1341 1072 1368 excitari
1087 1340 1132 1368 die
1147 1340 1226 1367 tertia
1247 1339 1391 1375 potuisset.
1416 1338 1480 1366 llaec
1494 1338 1578 1373 igitur
1592 1337 1640 1365 Dei
1656 1337 1746 1368 adrni-

955 1386 1084 1414 nistratio
1100 1386 1244 1420 perspicue
1260 1385 1524 1416 declarat.mortuos
1536 1383 1570 1411 ad
1587 1383 1670 1411 vitam
1684 1390 1744 1409 sine

956 1433 1010 1460 ulla
1040 1432 1232 1459 controversia
1249 1431 1377 1463 restitui;
1393 1438 1444 1457 nec
1464 1431 1562 1457 animae
1584 1429 1747 1465 purgatione

956 1479 1012 1505 ulla
1026 1485 1095 1513 opus
1109 1485 1180 1510 esse,
1194 1480 1241 1504 aut
1252 1476 1322 1512 apud
1332 1477 1455 1511 singulas
1469 1479 1617 1511 potestates
1632 1482 1745 1502 causam

111 1520 159 1547 τοῦ
177 1521 278 1557 Κυρίου
298 1522 458 1557 εὐεργεσίας
478 1523 526 1557 τῆς
546 1521 591 1548 διὰ
608 1522 662 1548 τῶν
677 1521 774 1556 ἔργων,
793 1521 903 1556 καὶτῆς

959 1525 996 1551 illi
1008 1531 1086 1552 suam
1108 1531 1170 1551 esse
1184 1523 1381 1559 perorandam:
1407 1521 1480 1557 quod
1508 1522 1565 1554 isti,
1582 1521 1621 1548 uti
1639 1521 1744 1548 dictum

112 1566 230 1598 πίστεως
241 1567 449 1602 συνισταμένης,
462 1568 499 1599 ὡς
513 1568 587 1602 λέγει
599 1569 613 1594 ὁ
625 1567 776 1602 ἀγιώτατος
788 1567 901 1599 Παῦλος,

112 1614 226 1649 γράφων
238 1614 362 1649 Τιμοθέῳ
378 1613 422 1640 διὰ
438 1613 538 1640 τούτων
553 1614 607 1640 τῶν
628 1614 715 1648 λόγων
727 1622 734 1628 ’
751 1614 846 1645 Ὅπως
861 1622 904 1648 γι-

111 1659 241 1692 νώσκοις
251 1659 313 1692 πῶς
323 1660 369 1692 δεῖ
379 1661 414 1686 ἐν
426 1661 498 1693 οἴκῳ
510 1661 622 1694 Κυρίου
636 1660 820 1694 περιπατεῖν,
837 1660 902 1694 ἢτις

110 1706 196 1733 ἐστίν
221 1707 382 1741 Ἐκκλησία
409 1707 482 1734 Θεοῦ
506 1707 558 1734 τοῦ
577 1706 696 1740 ζῶντος,
719 1708 833 1740 στύλος
853 1707 902 1733 καί

110 1753 257 1788 ἑδραίωμα
277 1753 334 1787 τῆς
353 1753 511 1787 ἀληθείας·
531 1753 571 1787 ἣν
589 1755 615 1780 οἱ
632 1754 740 1781 πολλοὶ
762 1754 901 1788 ἀφέντες,

111 1801 155 1833 εὶς
170 1800 302 1834 μύθους,
327 1800 375 1826 καὶ
399 1800 584 1835 μωρολογίας
609 1799 833 1834 ἐξετράπησαν,
858 1800 901 1835 μὴ

111 1845 253 1878 νοοῦντες
266 1845 343 1880 μήτε
356 1845 375 1872 ἁ
389 1845 526 1881 ⁸λέγουσι,
536 1845 612 1879 μήτε
624 1846 689 1880 περὶ
707 1849 796 1872 τίνων
805 1845 900 1873 διαϐε-

111 1891 279 1918 ϐαιοῦνταιθ
309 1888 352 1917 ὧν·
376 1891 442 1918 ἐστι
462 1892 615 1926 Φύτελλος
634 1892 683 1918 καὶ
711 1891 900 1926 Ἑρμογένης.

117 1936 195 1963 ’Δλλὰ
206 1937 253 1964 καὶ
267 1938 295 1963 ὲν
319 1938 351 1972 τῇ
374 1937 487 1973 δευτέρᾳ
512 1937 665 1973 Ἐπιστολῇ,
692 1938 834 1973 Ὑμέναιον
854 1939 901 1965 καὶ

110 1983 220 2018 Φιλητόν
233 1984 296 2019 περὶ
310 1984 358 2019 τὴν
369 1983 498 2019 ἀλήθειαν
509 1984 689 2020 ὴστοχηκέναι
699 1984 773 2019 λέγει
784 1994 789 2000 ·
803 1985 901 2017 οἵτινες

111 2029 157 2056 καὶ
168 2030 244 2056 αὐτοὶ
254 2031 286 2066 τῇ
303 2031 407 2064 αἱρέσει
421 2030 646 2066 ὲξηκολούθησαν,
658 2031 736 2058 ἄλλον
750 2031 816 2059 Θεὸν
833 2041 900 2059 κατ-

111 2075 287 2110 αγγέλλοντες
306 2077 352 2103 καὶ
364 2077 539 2110 γενεαλογίας
558 2078 737 2112 ἀπεράντους,
761 2077 807 2104 καὶ
829 2078 898 2104 λιτλόιὲ

111 2130 158 2156 νην
178 2122 383 2158 ἐπισπείροντες
404 2124 460 2153 τοῖς
479 2123 643 2159 ἀνθρώποις,
658 2124 705 2150 καὶ
720 2123 844 2158 λέγοντες
861 2125 898 2160 μὴ

112 2168 142 2193 ὲκ
157 2167 224 2194 Θεοῦ
240 2168 403 2203 γεγενῆσθαι
414 2169 459 2195 τὸν
470 2169 581 2204 κόσμον,
597 2169 665 2196 ἀλλὰ
679 2169 732 2196 ὑπὸ
745 2170 836 2206 ἀρχῶν
851 2171 898 2197 καὶ

111 2213 247 2246 ἐξουσιῶν.
269 2214 324 2250 Τὴν
337 2215 365 2241 δὲ
378 2215 525 2241 ἀνάστασιν
538 2216 588 2251 ἤδη
606 2215 769 2251 γεγενῆσθαι
789 2217 832 2243 διὰ
844 2217 898 2244 τῶν

111 2260 261 2295 γενομένων
273 2260 374 2287 τέκνων
389 2261 441 2287 ὑπὸ
455 2261 571 2288 ἑκάστου
587 2262 641 2288 τῶν
656 2262 821 2296 γεννώντων.
843 2263 897 2299 Τὴν

111 2305 139 2332 δὲ
151 2305 206 2332 τῶν
219 2306 322 2341 νεκρῶν
338 2306 368 2333 οὐ
380 2306 504 2341 λέγουσιν
519 2306 637 2334 ἔσεσθαι.
654 2308 708 2334 Καὶ
722 2309 812 2343 ὁρᾶτε,
822 2309 898 2336 ἁδελ-

111 2351 165 2385 φοῐ.
188 2351 234 2377 τὸν
250 2353 410 2388 χαρακτῆρα
431 2353 480 2388 τῆς
497 2353 636 2387 ἀληθείας,
656 2354 702 2380 καὶ
726 2354 771 2380 τὸν
788 2355 897 2390 ἔλεγχον

110 2397 157 2432 τῆς
168 2397 269 2424 τούτων
282 2399 464 2434 παρανομίας.

957 1574 1011 1602 est,
1027 1575 1128 1597 temere
1141 1569 1309 1604 pradicant;
1327 1569 1374 1597 sed
1393 1576 1447 1595 uno
1460 1568 1506 1594 Dei
1524 1567 1656 1595 beneﬁcio
1673 1567 1745 1594 dun-

956 1620 1031 1643 taxat
1041 1616 1173 1651 indigere,
1183 1623 1238 1650 quo
1251 1623 1312 1642 cum
1331 1615 1382 1642 [ide
1395 1620 1468 1641 recte
1487 1613 1556 1640 facta
1575 1613 1742 1648 coniungat:

956 1667 985 1689 ιιι
997 1663 1030 1689 ad
1043 1662 1217 1689 Timotheum
1242 1662 1368 1689 scribens
1389 1662 1537 1696 Apostolus
1558 1661 1633 1688 hisce
1652 1660 1745 1688 verbis

956 1712 1072 1736 testatur
1085 1718 1091 1735 :
1106 1707 1139 1735 Ut
1151 1709 1221 1735 scias
1238 1708 1369 1744 quomodo
1388 1712 1411 1734 te
1424 1712 1544 1741 oporteat
1561 1708 1588 1733 in
1604 1706 1682 1733 domo
1696 1706 1744 1733 Dei

955 1755 1102 1786 ambulare,
1127 1763 1185 1789 quae
1212 1759 1250 1781 est
1274 1754 1395 1782 Ecclesia
1422 1753 1471 1780 Dei
1498 1754 1558 1784 rivi.
1579 1753 1702 1780 columna
1719 1757 1745 1780 et

955 1801 1151 1835 ﬁrmamentum
1166 1799 1313 1827 veritutis‘:
1325 1807 1405 1834 quam
1421 1799 1497 1826 multi
1514 1799 1699 1833 relinquentes,
1710 1799 1744 1824 ad

953 1847 1060 1882 fabulas
1070 1852 1095 1874 et
1109 1847 1221 1882 ineptias
1233 1846 1411 1873 diuerterunta
1427 1855 1432 1872 :
1449 1854 1500 1872 non
1511 1845 1684 1880 intelligente;
1697 1853 1743 1871 nec

953 1902 1010 1929 quw
1027 1893 1128 1925 dicunt,
1143 1901 1190 1920 nec
1205 1893 1237 1920 de
1253 1893 1348 1928 quibus
1358 1891 1527 1927 afﬁrmant“;
1543 1898 1576 1918 επ
1589 1890 1684 1926 quibus
1703 1896 1742 1917 est

954 1939 1097 1976 Phygelltts
1110 1945 1134 1968 et
1152 1939 1358 1975 Hermogenes".
1377 1938 1430 1966 Sed
1445 1942 1473 1966 et
1491 1938 1519 1965 in
1539 1937 1660 1965 secunda
1680 1936 1743 1972 Epi-

954 1987 1023 2014 stola
1042 1986 1216 2022 Hymenaeum
1238 1994 1270 2013 ac
1292 1985 1428 2013 Philetum
1444 1985 1582 2013 excidisse
1594 1992 1610 2011 a
1625 1984 1742 2012 veritate

954 2033 1086 2060 scribit”:
1109 2032 1154 2067 qui
1181 2032 1292 2066 quidem
1308 2035 1335 2058 et
1352 2031 1404 2066 ipsi
1432 2031 1460 2057 in
1481 2030 1599 2058 liaresin
1618 2029 1739 2065 prolapsi

953 2084 1034 2112 sunt;
1051 2080 1133 2106 alium
1150 2078 1233 2113 299
1258 2078 1439 2112 przt-dicantes
1458 2076 1552 2109 Deum,
1570 2083 1603 2104 ac
1616 2075 1741 2110 genealo-

951 2127 1011 2161 gias
1036 2124 1280 2156 interminabiles’,
1308 2131 1484 2157 erroremque
1512 2123 1583 2149 inter
1615 2121 1740 2149 homines

951 2172 1162 2201 disseminantes
1177 2178 1239 2198 cum
1251 2177 1266 2197 a
1281 2170 1335 2198 Deo
1352 2173 1483 2206 negarent
1500 2169 1662 2196 fabricatum
1678 2176 1740 2195 esse

951 2219 1094 2250 mundum,
1111 2217 1157 2245 sed
1173 2223 1188 2243 a
1203 2215 1399 2251 principatibus
1410 2223 1442 2242 ac
1451 2215 1631 2250 potestatibus
1643 2213 1740 2240 condi-

952 2269 1009 2291 tum
1026 2267 1190 2291 assererent.
1209 2261 1450 2289 “esui-rectionem
1474 2260 1585 2301 demum
1603 2259 1739 2286 accidisse

949 2311 1006 2346 jam
1020 2309 1152 2340 dicerent,
1171 2308 1225 2335 illis
1251 2307 1320 2341 ipsis
1345 2301 1529 2342 producendls
1551 2305 1655 2337 liberis,
1668 2311 1738 2339 quos

952 2360 1097 2393 parentum
1117 2355 1234 2390 quisque
1249 2353 1404 2389 genuisset;
1421 2352 1484 2387 {nec
1514 2351 1596 2378 aliam
1614 2355 1738 2377 mortuo-

952 2412 1013 2432 rum
1028 2400 1241 2436 exspectandam
1253 2407 1316 2427 essc
1331 2396 1633 2427 resurrectionem.Vos
1646 2401 1737 2423 autent

112 2452 212 2479 ψιθεεοι
230 2445 339 2478 fratres,
356 2447 574 2481 ³ηίηι³άνθ¹¹ιῖῑθν
597 2448 753 2483 cuiusmOdi
774 2452 892 2486 propria
906 2453 943 2482 sit
955 2450 1082 2481 veritatis
1112 2454 1188 2480 nota.
1214 2453 1241 2476 et
1255 2447 1289 2474 ad
1308 2447 1418 2474 illorum
1441 2444 1659 2474 convincendum
1685 2444 1737 2471 ini—

86 2484 89 2486 ’
113 2491 272 2526 probitatem
283 2497 356 2519 certa
372 2494 450 2521 ratio.

150 2551 349 2587 Ὑπολαμϐάνω
358 2553 386 2580 δὲ
397 2554 445 2580 καὶ
457 2555 522 2589 περὶ
534 2555 636 2583 τούτων
648 2557 748 2589 ίκανῶς
761 2559 896 2595 εἰρῆσθαι.

111 2595 190 2622 Ὅθεν
206 2596 308 2632 ταύτην
326 2598 497 2633 παραλιπὼν,
515 2601 560 2626 ἐπὶ
576 2602 625 2632 τὰς
639 2601 703 2637 ἑξῆς
721 2603 771 2638 τὴν
787 2605 898 2640 πορείαν

111 2643 268 2677 ποιήσομαι.
279 2643 367 2670 ἐκεῖνο
379 2645 457 2679 μόνον
468 2645 563 2678 εἰπὼν,
576 2647 614 2679 ὡς
624 2648 694 2675 πάνυ
708 2649 831 2682 φαίνεται
846 2651 898 2678 ἐοι-

110 2688 170 2713 κυῖα
188 2687 257 2723 αὕτη
269 2689 312 2715 διὰ
323 2690 373 2725 τῆς
385 2690 561 2726 πολυωνύμου
575 2693 736 2729 ἅρχοντικῆς
751 2695 898 2730 ὀνομασίας

110 2734 140 2768 τῇ
170 2734 329 2771 πολυπλόκῳ
352 2737 490 2773 ὲρπετώδῃ
518 2738 673 2774 κοκοηθείςι.
708 2740 813 2775 Τρόπον
843 2742 896 2777 γάρ

145 2813 263 2854 ξεί-βοΐ.
278 2815 339 2854 t,__3.
379 2815 497 2854 fllatth.
515 2825 553 2848 xi,
567 2817 610 2854 25').
647 2819 656 2834 ³
668 2818 746 2854 Joan.
764 2827 803 2851 In,
821 2821 863 2848 l9.

959 2821 1026 2849 Tim.
1045 2829 1083 2854 tn,
1100 2821 1142 2849 l5.

111 2849 122 2866 "
136 2848 158 2878 ll
173 2847 244 2877 Tim.
263 2852 340 2882 1,15.
378 2851 388 2867 ⁸
404 2851 424 2877 ll
439 2850 508 2879 Tim.
522 2847 551 2885 ιι,
571 2853 612 2880 l7.
650 2855 660 2870 ⁸
677 2853 687 2879 ι
704 2853 774 2881 Tim.
792 2847 811 2887 ι’,
826 2847 852 2883 i.

985 2556 1119 2592 Equidem
1138 2555 1205 2582 satis
1217 2561 1356 2589 superque
1381 2552 1513 2580 adversus
1535 2551 1598 2578 illos
1612 2550 1736 2585 disputa-

947 2607 1005 2630 tum
1027 2611 1042 2630 ει
1072 2610 1115 2630 me
1128 2609 1189 2630 esse
1200 2601 1304 2635 judico.
1321 2600 1411 2633 Quare
1426 2599 1478 2626 hac
1492 2599 1595 2626 omissa
1617 2599 1737 2632 reliquas

948 2657 1108 2685 persequar,
1123 2652 1151 2676 et
1171 2648 1198 2675 id
1211 2655 1296 2674 unum
1307 2651 1437 2678 attexam,
1451 2645 1524 2672 illam
1542 2645 1607 2673 mihi
1621 2644 1736 2672 Incresin

946 2696 983 2723 ob
1001 2694 1178 2729 multiplicem
1193 2693 1418 2721 archonticorum
1431 2691 1639 2726 appellationem
1653 2690 1736 2716 varia:

947 2749 980 2769 ac
997 2741 1131 2776 perplexae
1152 2744 1309 2775 serpentum
1337 2738 1505 2774 improbitati
1529 2745 1610 2773 qnam
1631 2736 1737 2763 similli-

1191 2819 1240 2847 Ι11
1273 2819 1343 2847 ’lnn.
1371 2827 1408 2852 t\',
1434 2821 1459 2846 4.
1514 2819 1545 2844 ⁸1
1562 2817 1633 2843 Tim.
1664 2825 1683 2848 ι,
1708 2816 1734 2842 7.
