1952 3045
212 117 257 144 691
909 122 937 150 S.
959 122 1142 155 EPlPllANll,

1781 120 1836 149 ϐθέ

212 184 281 210 man)
295 177 392 205 videri.
415 177 513 206 Nescio
529 179 600 206 enim
629 187 683 214 quo
698 186 779 215 pacto
800 182 840 209 sic
863 187 992 217 tanquam

1053 194 1109 212 τινα
1124 187 1156 212 ἐκ
1172 185 1275 212 πολλῶν
1294 185 1415 221 ἑρπετῶν
1433 184 1532 220 ἀναμὶξ
1550 183 1599 219 τῆς
1613 181 1715 210 ἑαυτῶν
1729 181 1837 217 πλάνης

212 223 305 251 multis
320 231 353 250 ex
367 225 501 259 anguibus
510 224 669 253 conlusisin
683 235 767 254 unum
780 235 811 255 ac
820 229 994 263 promiscuis,

213 269 333 304 pestiferi
353 270 427 298 illius
444 272 548 299 erroris
564 280 668 299 venena
687 274 805 301 conﬂata
824 279 899 302 sunt.
919 275 953 302 Ut
968 275 994 302 in

213 315 266 343 illis
281 317 378 350 partim
394 317 522 346 draconis
547 319 612 346 insit
636 319 763 351 audacia,
779 322 877 355 partim
892 322 995 357 physali

216 362 358 394 calliditas,
375 364 473 397 partim
493 364 609 398 spiritus
621 373 682 399 quae
701 371 743 393 est
758 366 784 393 in
808 367 914 394 btetone
929 376 995 403 sup-

214 407 328 442 pressio,
346 409 444 443 partim
461 410 575 437 acontia:
600 411 719 446 agilitas,
737 412 834 447 partim
859 414 997 441 ostracitze

213 461 297 487 prona
313 454 464 481 lubricitas.
486 454 610 487 Quorum
625 457 747 484 omnium
764 458 832 485 eliso
846 459 944 494 capite,
964 468 996 487 ac

214 497 336 525 veritatis
359 498 482 526 doctrina
505 501 636 532 contrito,
660 502 692 528 ad
723 502 844 537 reliquas
866 505 993 532 transibi-

213 549 284 574 mus,
297 550 328 570 ac
340 543 508 578 singularum
528 544 674 574 falsitatem
691 554 805 582 arguere
824 547 880 576 Deo
903 549 997 584 opitu-

214 589 283 616 lante
295 589 465 616 conabimur.

379 644 564 673 ADVERSUS
575 646 829 682 CERDONIANOS,

356 702 422 734 Qua:
443 708 482 730 est
497 703 603 731 Ilwresis
626 704 695 732 XXI
718 707 756 732 vel
781 706 856 733 XLI.

247 757 266 783 Ι.
286 756 353 784 Tam
371 757 413 786 his
428 766 511 793 quam
527 759 688 788 lieracleoni
705 763 815 797 quidam
830 763 918 791 Cerdo
933 771 997 792 suc-

212 804 305 835 cessit,
324 804 358 831 ab
372 805 466 832 eadem
479 806 574 834 schola
590 807 742 842 profectus,
759 813 786 836 et
810 817 824 836 a
843 810 953 837 Simone
965 818 997 837 ac

1051 231 1208 266 συνηγμένη
1232 231 1304 256 ἐστὶν
1322 231 1339 266 ή
1362 231 1481 257 ἰοϐολία·
1506 227 1560 256 οἷον
1585 229 1615 254 τὸ
1637 228 1723 263 θρασὺ
1737 228 1838 262 ἔχουσα

1047 277 1094 303 τοῦ
1107 277 1262 312 δράκοντος,
1273 277 1305 303 τὸ
1316 277 1424 312 δολερὸν
1439 276 1485 303 τοῦ
1496 276 1625 311 φυσάλου,
1640 275 1689 310 τὴν
1705 274 1837 300 ἀνθέλκο-

1049 332 1091 350 σιν
1107 325 1155 359 τῆς
1171 324 1254 359 πνοῆς
1269 323 1315 350 τοῦ
1329 323 1466 358 βαίτωνος,
1480 323 1510 349 τὺ
1524 321 1624 357 γαῦρον
1635 321 1681 348 τοῦ
1698 321 1836 351 ἀκοντίου,

1047 370 1076 396 τὸ
1098 371 1231 406 προπετὲς
1245 370 1292 397 τοῦ
1312 370 1482 406 ὀστρακίτου.
1510 369 1615 395 Τούτων
1625 368 1654 394 δὲ
1665 368 1772 394 πάντων
1785 367 1836 401 τὴν

1049 416 1170 451 κεφαλὴν
1187 417 1427 452 καταπατήσαντες
1441 417 1474 451 τῇ
1487 416 1536 450 τῆς
1552 414 1677 450 ἀληθείας
1695 413 1836 444 ὖποθέεῖειν

1047 462 1094 488 ἐπὶ
1106 462 1157 493 τὰς
1179 462 1274 494 λοιπὰς
1293 461 1451 497 διέλθωμεν,
1470 461 1639 496 ὲπιπάϐητοι,
1652 459 1699 486 τὴν
1716 460 1835 493 ἑκάστης

1049 508 1151 543 πλάνην
1164 508 1335 542 ἀποκαλύψαι
1351 509 1379 534 ὲν
1393 507 1452 543 Θεῷ
1466 507 1640 542 πειρώμενοι.

1258 649 1351 675 ΚΑΤΑ
1374 649 1623 682 ΚΕΡΔΩΝΙΑΝΩΝ,

1089 706 1220 740 Εἰκοστὴ
1233 705 1333 740 πρώτη
1346 706 1364 739 ἡ
1380 706 1428 732 καὶ
1442 705 1670 739 τεσσαρακοστὴ
1682 705 1780 739 πρώτη

1084 765 1122 792 Α’.
1144 764 1253 800 Κέρδων
1265 773 1306 795 τις
1320 763 1431 796 τούτους
1447 765 1492 790 καὶ
1507 763 1552 790 τὸν
1565 763 1739 798 Ἡρακλέωνα
1750 762 1836 789 διαδέ-

1049 819 1135 845 χεται,
1153 811 1185 836 ὲκ
1201 811 1249 845 τῆς
1263 809 1350 836 αὐτῶν
1371 810 1466 845 σχολῆς
1479 809 1527 842 ὢν,
1541 809 1594 836 ἀπὸ
1609 809 1729 844 Σίμωνός
1740 817 1770 835 τε
1786 808 1835 835 καὶ

212 847 351 876 Saturnilo
377 850 478 877 erroris
505 856 603 879 nactus
618 852 707 880 initia.
739 853 865 887 Quicum
885 863 900 882 e
917 854 995 891 Syria

1053 856 1205 892 Σατορνίλου
1220 855 1309 882 λαϐὼν
1323 855 1371 887 τὰς
1384 856 1544 890 προφάσεις.
1561 852 1644 887 Οὗτος
1663 855 1834 890 μετανάστης

212 894 325 921 Romam
340 897 533 932 peregrinandi
559 905 643 926 causa
660 899 743 926 miser
759 901 933 934 accessisset,
953 902 996 928 sui

211 940 286 974 iuxta
313 949 346 969 ac
366 947 530 971 sectatorum
566 952 680 972 suorum
713 946 788 974 labes
813 947 937 981 quadam
965 955 997 974 ac

211 987 346 1021 pernicies
371 988 432 1016 fuit.
458 989 612 1017 Miserrima
640 992 741 1026 quippe
765 996 830 1019 tunc
845 996 888 1019 est
908 993 998 1019 homi-

211 1040 276 1059 num
292 1037 401 1065 natura,
418 1042 480 1061 cum
495 1034 541 1062 Dei
562 1035 633 1062 viam
649 1036 818 1071 relinquens,
839 1042 866 1064 et
878 1045 892 1064 a
905 1037 997 1064 divina

211 1085 240 1104 se
256 1079 401 1106 vocatione
424 1087 581 1115 segregans,
601 1081 710 1115 longius
740 1082 863 1110 aberrat.
890 1082 998 1116 Quibus

211 1123 277 1150 illud
287 1123 322 1151 de
336 1124 414 1152 canis
429 1125 520 1152 fabula
534 1126 678 1162 contingit,
696 1127 742 1161 qui
760 1127 787 1154 in
805 1129 865 1163 ejus
883 1129 955 1164 quod
971 1129 996 1156 in

211 1177 258 1197 ore
273 1170 397 1205 gestabat
411 1172 535 1198 umbram
555 1172 688 1204 intentus,
702 1177 730 1200 et
747 1174 774 1200 in
789 1182 888 1208 aquam
902 1175 997 1210 despi-

211 1215 297 1247 ciens,
319 1215 383 1242 dum
407 1216 502 1244 eodem
528 1217 590 1244 cibo
615 1226 696 1252 quem
729 1219 869 1247 mordicus
895 1220 998 1248 ferebat

211 1260 343 1294 majorem
368 1262 492 1289 umbram
510 1270 571 1290 esse
588 1264 754 1298 suspicatur,
781 1265 892 1292 diducto
921 1266 994 1293 rictu

211 1306 287 1333 illum
308 1307 398 1342 ipsum
410 1309 456 1343 qui
466 1316 547 1337 verus
563 1314 622 1337 erat
634 1310 761 1344 perdidit.
773 1310 819 1338 Sic
835 1312 874 1338 illi
890 1316 998 1347 reperta

211 1351 265 1382 via,
286 1352 351 1379 dum
371 1353 430 1388 ejus
455 1354 576 1387 umbrae,
599 1362 680 1389 quam
705 1356 733 1382 in
767 1355 837 1383 falsa
869 1357 998 1391 opinione

211 1397 408 1425 circumierunt
425 1403 564 1434 compotes
593 1399 651 1427 ﬁeri
687 1400 815 1433 student,
840 1409 895 1428 non
917 1402 998 1429 modo

210 1442 344 1472 divinitus
359 1452 523 1473 concessum
551 1446 629 1478 illud,
649 1446 723 1481 quod
743 1447 824 1482 300
845 1455 902 1480 ore,
915 1453 946 1475 ut
961 1449 997 1475 ita

211 1488 335 1523 dixerim,
350 1489 450 1523 ferunt,
466 1492 624 1519 alimentum
642 1493 804 1526 amiserunt,
820 1494 868 1521 sed
883 1494 997 1529 insuper

211 1535 324 1562 exitium
339 1535 392 1563 sibi
414 1531 655 1571 ipsis'attulerunt.

248 1579 336 1615 Igitur
348 1580 438 1608 Cerdo
451 1581 549 1617 Hygini
567 1591 643 1618 papae
653 1585 822 1619 temporibus
834 1585 894 1617 fuit,
905 1586 952 1620 qui
970 1586 997 1613 in

212 1627 399 1669 apostolorum
410 1627 518 1660 Jacobi,
530 1634 557 1656 et
575 1628 648 1656 Petri
673 1629 805 1665 Paulique
822 1631 998 1658 successione

211 1680 315 1700 nonum
341 1673 431 1700 locum
445 1675 563 1702 tenebat.
585 1675 670 1710 Cujus
689 1676 786 1710 dogma
800 1684 864 1703 cum
879 1677 999 1711 reliquo-

213 1725 285 1750 rum,
298 1725 368 1752 quos
382 1720 614 1752 enumeravimus,
631 1720 823 1748 haereticorum
836 1723 916 1756 nugis
936 1729 999 1749 con-

212 1764 334 1792 sentiens
347 1765 410 1792 licet
432 1765 505 1792 idem
527 1774 591 1793 esse
604 1766 741 1798 videatur,
759 1767 887 1794 nonnihil
907 1772 999 1795 tamen

211 1813 360 1847 discrepat,
372 1817 399 1841 et
417 1817 459 1841 est
475 1813 644 1848 hujusmodi.

247 1901 306 1929 Duo
322 1902 434 1937 perinde
450 1905 532 1937 atque
548 1902 593 1929 alii
611 1902 745 1938 principia
761 1904 867 1935 statuit,
888 1911 921 1930 ac
934 1903 1000 1931 deos

212 1947 338 1976 videlicet
358 1947 427 1975 duos
447 1957 452 1974 :
469 1948 568 1975 bonum
590 1948 717 1979 alterum,
733 1952 760 1975 et
775 1950 896 1983 ignotum
911 1950 1000 1975 omni-

215 1994 276 2025 bus,
297 2001 378 2028 quem
399 1997 427 2021 et
453 1993 562 2021 Patrem
589 1992 654 2021 Jesu
685 1993 864 2027 nominavit;,
882 1995 998 2022 alterum

214 2044 378 2072 creatorem,
393 2040 495 2066 malum
514 2044 541 2066 et
552 2039 707 2074 cognitum:
724 2040 770 2074 qui
787 2044 814 2067 et
834 2040 862 2066 in
883 2041 940 2075 lege
957 2041 998 2067 lo-

213 2091 304 2118 cutus,
316 2090 343 2113 et
354 2087 493 2121 prophetis
509 2087 646 2121 apparuit,
657 2093 689 2113 ac
703 2094 732 2113 se
749 2086 898 2113 videndum
912 2094 999 2121 saepe-

214 2139 328 2158 numero
345 2131 471 2166 praabuit.
487 2130 627 2159 Christum
642 2137 749 2167 negata
764 2132 849 2159 Maria
867 2133 1000 2167 genitum,

213 2183 260 2205 aut
280 2185 364 2205 carne
390 2184 484 2205 revera
506 2177 592 2204 fuisse
618 2178 756 2205 vestitum.
783 2177 836 2204 Sed
865 2177 1002 2211 ejusmodi

215 2223 306 2258 specie
332 2227 411 2251 tenus
441 2223 591 2255 exstitisse,
613 2228 640 2250 et
668 2224 830 2258 apparuisse
856 2224 937 2251 talem
969 2231 1000 2250 ac

215 2270 307 2304 specie
320 2270 377 2297 sola
393 2270 520 2297 universa
535 2269 645 2297 fecisse.
664 2269 736 2297 ldem
751 2277 898 2304 corporum
909 2277 1000 2296 resur-

214 2316 362 2344 rectionem
382 2316 524 2350 repudiat;
537 2314 620 2343 Vetus
634 2315 852 2347 Testamentum,
869 2315 941 2350 quod
952 2323 1000 2349 per

215 2362 339 2397 Moysen,
358 2369 390 2388 ac
401 2362 550 2396 prophetas
568 2362 698 2388 traditum
719 2365 777 2393 est,
792 2366 922 2396 tanquam
934 2362 1001 2389 alie-

216 2415 280 2434 num
306 2415 321 2434 a
350 2407 405 2434 Deo
421 2407 520 2441 rejieit.
543 2406 684 2434 Christum
709 2415 724 2434 e
744 2407 823 2439 coelo,
850 2411 932 2442 atque
960 2408 995 2434 ab

216 2455 308 2488 ignoto
324 2453 403 2480 Patre
417 2453 591 2481 descendisse
607 2454 667 2481 ideo
691 2458 785 2489 putat,
803 2458 833 2481 It
848 2454 891 2481 hic
908 2453 1001 2482 mundi

216 2499 368 2527 conditoris
389 2503 470 2534 atque
494 2500 600 2534 opiﬁcis
621 2500 764 2535 imperium
778 2508 810 2527 ac
827 2501 1001 2535 tyrannidem

214 2549 364 2574 everteret:
382 2545 409 2572 id
425 2545 497 2580 quod
525 2546 586 2573 alia:
599 2546 735 2582 pleraeque
760 2546 878 2574 haereses
903 2548 999 2576 existi-

251 2626 259 2640 ¹
274 2624 353 2652 Corr.
369 2623 472 2650 ἔνατον.

251 2685 307 2720 (58)
319 2684 488 2719 Συμὸέϐηκε
499 2684 552 2720 πξᾲρ
565 2686 697 2718 τούτους.
710 2685 837 2715 Irenaeus.
853 2686 870 2713 Ι.
882 2694 910 2716 Il.
923 2694 947 2713 ο.
959 2685 1004 2720 12,

215 2721 341 2748 eumdem
353 2720 499 2754 apologum
511 2719 711 2747 Valentinianis
723 2721 921 2747 accommodat.

251 2755 307 2788 (ὅθ)
326 2755 380 2781 Τοῦ
395 2755 450 2781 ἕνα
467 2754 519 2781 τὸν
535 2754 657 2788 κλῆρον.
674 2756 832 2783 Certissima
853 2760 893 2783 est
910 2764 1003 2783 emen-

215 2791 291 2816 datio
311 2794 415 2822 nostra,
437 2789 530 2822 ἔνατος
544 2798 593 2824 pro
609 2791 656 2816 ἕνα
668 2791 723 2817 τόν.
740 2790 834 2817 Nonus
849 2792 920 2818 enim
935 2799 1003 2825 pon-

217 2826 321 2852 tilicum
337 2826 523 2854 Romanorum
533 2825 629 2853 ordine
646 2825 697 2854 fuit
711 2825 841 2861 Hyginus,
859 2827 881 2854 si
898 2826 1003 2854 Cletum

1047 903 1151 936 γίνεται
1161 903 1215 929 ἀπὸ
1225 903 1274 937 τῆς
1283 902 1391 937 Συρίας,
1401 903 1448 928 καὶ
1457 903 1502 928 ἐπὶ
1509 901 1558 937 τὴν
1565 901 1674 936 Ῥώμην
1681 901 1776 933 ἐλθὼν,
1787 901 1835 927 λυ-

1049 948 1121 984 μεὼν
1131 957 1171 980 τις
1179 949 1300 984 πέφηνεν
1318 948 1405 983 ἑαυτῷ
1417 957 1447 975 τε
1456 949 1502 975 καὶ
1513 950 1569 980 τοῖς
1580 948 1653 983 αὑτῷ
1663 947 1835 980 πειθομένοις

1047 994 1254 1025 ὁὲλεεινότατος,
1263 993 1379 1028 Ἐλεεινὴ
1385 994 1438 1029 γὰρ
1445 995 1461 1028 ἠ
1470 994 1547 1028 φύσις
1552 992 1605 1019 τῶν
1612 992 1835 1028 ἀνθρώπωνιόων

1048 1039 1233 1074 καταλείψασα
1247 1039 1296 1075 τὴν
1306 1039 1351 1066 τοῦ
1359 1039 1425 1065 Θεοῦ
1438 1039 1496 1066 ὁδὸν
1505 1039 1648 1070 πλανᾶται,
1659 1039 1706 1065 καὶ
1719 1038 1773 1064 ἀπὸ
1786 1038 1836 1072 τῆς

1047 1085 1094 1112 τοῦ
1112 1085 1179 1112 Θεοῦ
1190 1085 1312 1120 κλήσεως
1324 1085 1422 1120 ἑαυτὴν
1433 1085 1594 1121 ἁφορίσασα.
1610 1084 1770 1119 Συμΰέΰηκε
1781 1084 1836 1118 γὰρ

1047 1132 1102 1163 τοίς
1114 1131 1308 1166 τοιούτοις(58)
1327 1133 1343 1166 ἠ
1357 1131 1404 1157 τοῦ
1416 1131 1496 1162 κυνὸς
1511 1129 1654 1166 παροιμία,
1677 1130 1705 1161 ὃς
1720 1131 1753 1165 τῇ
1771 1130 1835 1164 σκιᾷ

1048 1177 1192 1212 προσέχων
1206 1173 1236 1203 οὗ
1252 1178 1375 1211 κατεῖχεν
1397 1178 1425 1203 ἐν
1496 1176 1617 1211 στόματι,
1637 1175 1781 1210 ἐμϐλέπων
1795 1175 1835 1206 εὶς

1049 1223 1131 1259 ὕδωρ,
1149 1224 1195 1250 καὶ
1209 1223 1323 1258 νομίσας
1341 1222 1379 1257 τῷ
1394 1222 1469 1248 ὕδατι
1485 1222 1563 1249 σκιὰν
1580 1221 1688 1257 μείζονα
1705 1219 1774 1247 εἶναι
1786 1220 1835 1255 τῆς

1049 1269 1077 1294 ὲν
1090 1267 1129 1303 τῷ
1141 1268 1253 1303 στόματι
1275 1267 1356 1293 αὐτοῦ
1374 1267 1486 1301 ἐδωδῆς,
1509 1267 1617 1298 ἀνοίξας
1631 1266 1661 1292 τὸ
1675 1265 1771 1300 στόμα,
1789 1266 1836 1292 καὶ

1048 1314 1096 1348 τὴν
1114 1311 1195 1339 οὖσαν
1218 1312 1368 1339 ἀπώλεσεν.
1397 1313 1475 1339 Οὕτω
1491 1313 1538 1339 καλ⁸
1551 1311 1634 1342 οὗτοι,
1653 1312 1701 1347 τὴν
1717 1312 1775 1338 ὁδὸν
1789 1312 1836 1338 εὑ-

1051 1358 1150 1394 ρόντες,
1163 1358 1208 1384 καὶ
1224 1356 1379 1391 βουλόμενοι
1396 1357 1473 1387 σκιᾶς
1488 1355 1677 1391 περιγενέσθαι
1693 1355 1742 1389 τῆς
1759 1355 1787 1380 ὲν

1050 1403 1161 1438 ὑπονοίᾳ
1176 1403 1265 1429 αὐτῶν
1279 1403 1437 1437 γενομένης,
1455 1401 1503 1436 τὴν
1524 1399 1604 1427 οὖσαν
1619 1402 1648 1427 ἐν
1666 1400 1704 1435 τῷ
1722 1400 1837 1434 στόματι

1050 1446 1149 1478 αὐτῶν,
1167 1446 1204 1477 ὡς
1223 1447 1320 1478 εἰπεῖν,
1337 1447 1369 1472 ὲκ
1386 1445 1452 1472 Θεοῦ
1470 1446 1572 1480 τροφὴν
1589 1445 1790 1480 κεχαρισμένην
1804 1444 1836 1470 οὐ

1051 1491 1131 1526 μόνον
1144 1491 1298 1522 ἀπώλεσαν,
1315 1490 1382 1517 ἀλλὰ
1400 1491 1446 1516 καὶ
1467 1490 1576 1526 δλεϐρον
1591 1491 1696 1521 ἑαυτοῖς
1716 1489 1838 1516 ἐπεσπά-

1011 1527 1032 1555 c
1050 1545 1140 1563 σαν-το.

1084 1580 1167 1614 Οὗτος
1181 1582 1268 1609 τοίνυν
1286 1583 1299 1608 ὁ
1313 1582 1423 1618 Κέρδων
1437 1582 1465 1608 ἐν
1479 1582 1584 1618 χρόνοις
1606 1582 1713 1616 Ὑγίνου
1727 1582 1836 1616 γέγονεν

1049 1628 1207 1659 ἐπισκόπου,
1224 1627 1270 1654 τοῦ
1287 1628 1335 1654 ἕνα
1349 1627 1394 1654 τὸν
1404 1629 1411 1643 ¹
1425 1627 1584 1663 κλῆρον(59)
1601 1628 1713 1662 ἄγοντος
1725 1629 1777 1655 ἀπὸ
1789 1629 1838 1664 τῆς

1048 1673 1102 1699 τῶν
1116 1673 1180 1708 περὶ
1194 1672 1319 1699 Ἰάκωϐον
1333 1673 1379 1698 καὶ
1390 1673 1492 1708 Πέτρον
1503 1672 1550 1699 καὶ
1561 1673 1666 1701 Παῦλον
1681 1674 1838 1700 ἀποστόλων

1049 1719 1182 1753 διαδοχῆς.
1210 1718 1246 1744 Τὸ
1259 1718 1287 1744 δὲ
1303 1719 1433 1754 κήρυγμα
1452 1718 1545 1751 αὑτοῦ,
1561 1719 1609 1754 τῆς
1632 1719 1686 1745 τῶν
1707 1728 1837 1756 προειρη-

1052 1765 1138 1799 μένων
1160 1763 1341 1799 αἱρεσιαρχῶν
1362 1763 1495 1799 φλυαρίας
1515 1765 1639 1799 μετέχον,
1665 1764 1695 1791 τὺ
1713 1766 1778 1792 αὐτὸ
1790 1767 1839 1800 μὲν

1050 1808 1120 1836 εἶναι
1141 1810 1224 1842 δοκεῖ,
1244 1809 1433 1845 παρήλλακται
1448 1810 1475 1836 δὲ
1499 1810 1564 1846 παρ’
1583 1810 1657 1846 αὑτῷ
1670 1810 1762 1837 τοῦτον
1777 1811 1838 1846 ἕχον

1049 1854 1095 1880 τὸν
1108 1854 1218 1889 τρόπον.

1079 1899 1137 1935 ἓΔύο
1157 1900 1204 1926 καὶ
1219 1896 1296 1931 οὗτος
1311 1900 1397 1935 ἀρχὰς
1418 1901 1552 1936 κεκήρυχε
1572 1900 1612 1935 τῷ
1629 1901 1688 1936 βίῳ,
1703 1901 1749 1927 καὶ
1759 1901 1839 1936 δῆθεν

1052 1946 1129 1977 θεοὺς
1143 1945 1199 1977 δύο,
1213 1946 1259 1972 ἕνα
1275 1946 1385 1980 ἀγαθὸν,
1402 1946 1449 1972 καὶ
1465 1947 1512 1972 ’ένα
1525 1947 1663 1980 ἄγνωστον
1673 1948 1729 1978 τοῖς
1743 1948 1837 1979 πᾶσιν,

1051 1991 1080 2018 ὂν
1097 1991 1144 2018 καὶ
1158 1991 1268 2026 Πατέρα
1279 1991 1325 2018 τοῦ
1341 1991 1428 2027 Ἰησοῦ
1443 1992 1561 2026 κέκληκε
1571 2000 1578 2006 ·
1603 1992 1650 2018 καὶ
1663 1992 1711 2019 ἕνα
1725 1993 1769 2019 τὸν
1786 1995 1838 2028 Δη-

1054 2039 1182 2074 μιουργὸν
1203 2039 1320 2074 πονηρὸν
1345 2039 1409 2065 ὄντα
1430 2039 1477 2066 καὶ
1498 2040 1618 2073 γνωστὸν
1637 2039 1789 2075 λαλήσαντα
1811 2041 1840 2066 ἐν

1054 2085 1094 2121 τῷ
1111 2086 1197 2121 νόμῳ,
1210 2086 1256 2112 καὶ
1266 2086 1295 2112 ἐν
1309 2087 1364 2117 τοῖς
1377 2087 1529 2121 προφήταις
1541 2086 1669 2120 φανέντα.
1685 2087 1732 2113 καὶ
1744 2087 1841 2122 ὁρατὸν

1053 2131 1181 2163 πολλάκις
1194 2133 1347 2166 γενόμενον.
1357 2132 1402 2167 Μὴ
1414 2130 1481 2158 εἶναι
1495 2132 1524 2158 δὲ
1537 2132 1582 2159 τὸν
1590 2133 1706 2168 Χριστὸν
1714 2141 1839 2167 γεγεννη-

1056 2178 1134 2213 μένον
1146 2179 1177 2204 ὲκ
1192 2178 1310 2213 Μαρίας,
1328 2178 1395 2213 μηδὲ
1409 2179 1438 2204 ἐν
1451 2178 1533 2214 σαρκὶ
1547 2179 1706 2213 πεφηνέναι,
1720 2178 1786 2205 ἀλλὰ
1799 2179 1842 2205 δο-

1055 2225 1133 2259 κήσει
1148 2225 1223 2255 ὄντα,
1240 2224 1286 2250 καὶ
1301 2223 1408 2259 δοκήσει
1423 2224 1572 2258 πεφηνότα,
1584 2224 1692 2258 δοκήσει
1704 2224 1731 2250 δὲ
1744 2224 1841 2253 τὰ,ὂ).α

1055 2269 1233 2304 πεποιηκότα.
1249 2269 1304 2295 Καὶ
1316 2268 1396 2299 αὐτὸς
1409 2269 1510 2304 σαρκὸς
1520 2269 1666 2295 ἀνάστασιν
1680 2269 1841 2296 ἀπωθεῖται.

1054 2316 1176 2343 Παλαιὰν
1196 2316 1225 2342 δὲ
1242 2314 1407 2350 ἀπαγορεύει
1423 2315 1577 2349 Διαοήκην·
1599 2314 1647 2349 τὴν
1663 2314 1690 2339 δὲ
1703 2314 1746 2340 διὰ
1757 2315 1842 2340 Maii}-

1056 2364 1123 2394 σέως
1132 2362 1186 2397 (60)
1196 2362 1244 2388 καὶ
1255 2362 1308 2388 τῶν
1318 2360 1464 2396 προφητῶν
1474 2360 1511 2392 ὡς
1522 2359 1663 2395 ἀλλοτρίαν
1671 2357 1752 2385 οὖσαν
1762 2359 1841 2386 Θεοῦ.

1062 2407 1232 2442 Ἑληλυθέναι
1248 2406 1277 2432 δὲ
1296 2406 1342 2432 τὸν
1354 2406 1471 2441 Χριστὸν
1489 2405 1542 2432 ἀπὸ
1558 2405 1611 2431 τῶν
1631 2404 1732 2431 ἄνωθεν
1749 2405 1781 2431 ἐκ
1795 2405 1843 2431 τοῦ

1053 2454 1191 2488 ἀγνώστου
1212 2453 1329 2488 Πατρὺς,
1353 2453 1393 2484 εἰς
1407 2452 1535 2487 ἀθέτησιν
1550 2452 1598 2487 τῆς
1614 2452 1661 2478 τοῦ
1679 2452 1843 2486 κοσμοποιοῦ

1055 2500 1100 2526 καὶ
1108 2499 1278 2535 Δημιουργοῦ
1290 2498 1415 2531 ἐνταῦθα,
1429 2499 1504 2534 φησὶ,
1515 2499 1601 2534 ἀρχῆς
1612 2498 1660 2524 καὶ
1671 2498 1827 2533 τυραννίδος
1835 2507 1842 2513 “

1053 2546 1147 2582 ὥσπερ
1172 2546 1269 2582 ἀμέλει
1301 2545 1348 2572 καὶ
1371 2544 1467 2572 πολλαὶ
1490 2545 1544 2571 τῶν
1570 2543 1701 2580 αἱρέσεων
1723 2544 1844 2577 ὲξεῖπαν.

1057 2692 1195 2712 numeres.
1227 2684 1262 2710 At
1285 2683 1404 2720 lrenazus
1431 2679 1722 2720 llyginum_octav_um
1755 2679 1846 2720 Roma

1057 2721 1217 2761 episcopum
1245 2720 1369 2746 nominat
1391 2717 1410 2744 ι.
1431 2723 1473 2748 In,
1491 2723 1552 2750 cap.
1573 2715 1607 2749 4;
1632 2716 1680 2744 sed
1705 2715 1762 2745 haec
1783 2715 1845 2742 alibi

1056 2756 1269 2853 ἓιὲἓῗιῗδῆἶήνδε
1296 2788 1344 2816 διὰ
1370 2787 1528 2822 Μωϋσέως.
1554 2786 1618 2823 Leg.
1639 2786 1778 2822 Διαθήκην
1799 2783 1844 2820 τὴ,

1072 2835 1080 2853 ι
1103 2844 1111 2853 .
1127 2830 1180 2853 e'c.

1072 2830 1111 2859 ιὰ.
1127 2830 1180 2853 e'c.
