1952 3045
101 91 168 119 693

459 91 643 120 ADVERSUS
662 91 830 122 HERESES
849 93 913 122 LIB.
933 96 956 123 l.
976 95 1057 123 TUM.
1077 95 1121 122 ill.
1140 111 1175 116 —
1193 95 1329 124 HIERES.
1348 97 1415 124 XLI.

1689 99 1740 125 01M

108 151 222 185 ὐλὶγῳ
232 149 260 176 δὲ
271 150 309 184 τῷ
323 150 410 186 χρόνῳ
421 148 497 182 οὗτος
508 151 537 178 ὲν
550 151 646 189 Ῥώμῃ
656 153 810 189 γενόμενος,
825 163 903 190 μετα‹

956 158 1040 182 mant.
1053 154 1147 182 Romae
1163 156 1246 191 igitur
1261 156 1335 184 brevi
1353 156 1398 184 ille
1421 160 1542 192 tempore
1557 161 1741 193 commoratus

101 197 232 223 δέδωκεν
254 195 336 233 αἰετοῦ
360 195 406 222 τὸν
427 196 465 223 ἰὸν
487 197 640 233 Μαρκίωνι.
668 199 767 236 Διόπερ
785 200 877 227 τοῦτον
891 201 905 227 ὁ

102 241 250 277 Μαρκίων
264 241 408 273 διεδέξατο.

148 287 189 312 B'.
209 286 264 321 Τῆς
279 287 307 312 δὲ,
327 287 458 321 αἱρέσεως
473 287 604 320 ὡσαύτως
626 290 756 326 φωρατῆς
768 289 860 327 οὔσης,
875 292 905 318 ὲν

105 332 242 367 συντόμῳ
261 332 325 367 περὶ
347 332 448 368 ταύτης
471 333 536 368 ἡμῖν
553 333 628 361 ἔσται
641 334 728 370 λόγος.
756 335 906 371 ’Δρξόμεθα

104 378 139 404 δὲ
156 378 240 404 πάλιν
258 379 308 413 τῆς
328 379 389 405 κατ’
412 379 495 405 αὑτοῦ
511 379 665 416 ἀνατροπῆς
687 381 734 407 ἀπ’
748 382 836 408 αὐτῶν
851 382 905 410 τῶν

106 425 182 460 παρ’
198 424 279 450 αὑτοῦ
292 424 457 459 λεγομένων.
475 426 535 453 ’Ότι
547 426 596 461 μὲν
611 426 665 462 γὰρ
685 427 731 454 δύο
743 428 830 463 ἀρχὰς
846 429 905 455 ὲπι-

105 471 214 497 τοαυτὺ
227 469 296 497 εἶναι
304 471 441 504 ἀδύνατον,
453 472 542 508 δῆλον.
554 473 585 499 Et
598 473 606 488 ί
620 473 674 509 γὰρ
690 474 718 500 αἱ
732 474 778 501 δύο
794 475 826 501 ὲκ
839 476 905 510 μιᾶς

106 515 169 541 εἰσί
182 524 262 548 τινος.
281 516 327 552 ἣή
348 518 396 552 μὲν
416 517 474 544 ἐστι
490 518 613 554 δευτέρα,
629 519 645 553 ἡ
663 518 691 545 δὲ
713 519 764 554 τῆς
776 520 904 556 δευτέρας

103 559 189 586 αἰτία
205 561 252 587 καὶ
265 560 348 596 ἀρχή.
367 561 552 597 Ζητηθήσεται
565 560 610 589 οὖν
623 563 681 598 ἦτοι
695 563 768 590 αἰτία
778 564 832 591 τῶν
846 564 903 599 δύο,

103 606 125 642 ἢ
141 606 262 641 ὁποτέρα
286 607 388 634 τούτων
406 608 477 644 ἀρχὴ
494 607 560 636 οὖσα
581 609 630 646 τῆς
642 610 748 645 ἑτέρας,
764 610 802 641 ὡς
816 611 884 647 ἔφην
895 620 902 628 ·

104 653 159 679 καὶ
172 652 259 685 οὕτως
272 653 304 680 ἐκ
322 654 422 686 παντὸς
438 655 539 690 τρόπου
551 657 598 682 ἐπὶ
616 656 666 692 τὴν
693 657 757 692 μίαν
773 658 903 685 ἀνακτέον

103 699 161 735 τὴν
175 699 303 732 διάνοιαν,
321 701 369 736 τὴν
383 702 581 738 εὑρισκομένην
596 703 717 738 πρώτην,
730 704 759 737 ἐξ
770 702 804 740 ἦς
824 704 870 731 καὶ
884 705 901 740 ὴ

104 744 237 781 δευτέρα,
253 746 312 781 ἦτοι
325 746 491 782 ἀμφότεραι,
508 746 599 780 καθὼς
614 748 757 781 δέδεικται,
772 751 810 782 ὡς
823 750 900 786 ἔφην.

112 791 279 817 Ἐπιτοαυτὺ
287 791 316 818 δὲ
326 791 455 820 ἀδύνατον
465 793 514 825 τὰς
526 793 573 820 δύο
585 794 673 829 ἀρχὰς
683 794 816 830 ὑπάρχειν
823 804 830 811 ⁸
845 796 903 823 ἀλλ’

956 207 1034 227 suum
1051 199 1182 227 Marciani
1191 201 1266 229 virus
1279 201 1407 235 aspersit,
1424 208 1505 236 quem
1530 202 1611 229 etiam
1633 209 1740 230 succes-

956 254 1045 274 sorem
1062 246 1167 274 habuit.

991 290 1135 318 ll.Verum
1155 298 1216 319 cum
1240 299 1296 318 non
1327 291 1417 319 minus
1442 292 1547 319 caeteris
1562 293 1674 320 haeresis
1690 293 1740 321 ista

955 336 1122 371 deprehendi
1149 345 1181 365 ac
1204 337 1331 373 redargui
1347 337 1427 365 facile
1454 338 1551 372 possit,
1572 340 1667 373 paucis
1682 347 1740 374 qua'

955 381 989 408 ad
999 389 1058 408 eam
1073 382 1211 417 pertinent
1224 383 1400 418 complectar,
1413 382 1526 417 ejusque
1537 383 1691 411 refellenda:
1707 385 1740 412 ab

954 425 1083 462 ilisipsis
1098 434 1191 454 eorum
1206 427 1323 454 decretis
1352 427 1458 454 initium
1475 434 1621 454 arcessam.
1637 427 1739 455 Etenim

955 471 1009 499 dtto
1017 472 1099 499 simul
1113 480 1207 500 rerum
1223 480 1285 500 esse
1305 472 1440 507 principia
1456 480 1628 508 nequaquam
1657 481 1740 508 posse

954 518 1129 546 manifestum
1150 523 1202 546 est.
1224 518 1294 546 Nam
1314 522 1361 546 aut
1390 518 1446 546 duo
1464 519 1497 546 ab
1515 526 1569 546 uno
1596 523 1741 546 manarunt

954 564 1055 599 aliquo,
1073 568 1121 592 aut
1135 573 1220 592 unum
1246 564 1398 593 secundum
1420 569 1472 596 est,
1494 565 1609 592 alterum
1627 565 1739 593 secundi

954 616 1038 637 causa
1070 617 1166 637 rursus
1196 617 1228 636 ac
1259 609 1436 645 principium.
1457 608 1640 642 Quaerendum
1659 610 1741 644 igitur

953 658 1005 687 est,
1021 662 1144 690 quaenam
1163 655 1303 682 amborum
1321 663 1404 682 cattsa
1415 655 1461 687 sit,
1483 660 1530 682 attt
1545 655 1617 690 quod
1634 663 1667 683 ex
1687 655 1741 683 illis

954 700 1118 735 principium
1141 700 1177 728 sit
1208 700 1331 733 alterius,
1360 705 1391 727 ut
1415 700 1554 734 diximus;
1584 701 1680 736 sicque
1707 702 1740 728 ad

953 754 1038 773 unum
1051 747 1162 774 omnino
1184 746 1326 774 referenda
1354 747 1494 782 cogitatio,
1523 747 1596 783 quod
1621 747 1739 783 primum

953 792 1085 823 occurrit,
1098 800 1113 819 a
1128 800 1182 828 quo
1192 794 1355 829 secundum,
1371 798 1418 821 aut
1441 794 1522 822 ambo
1546 794 1592 821 illa
1605 794 1741 829 proﬁcisci

104 833 177 867 οὐδὲ,
192 833 366 870 διαφέρεσθαι
380 834 428 871 τὴν
452 835 516 870 μίαν
533 835 601 871 πρὸς
617 836 666 872 τὴν
685 836 768 872 ἄλλην
779 837 900 865 δυνατόν.

956 837 1211 866 demonstravimus.
1240 838 1299 866 Duo
1324 846 1407 874 porro
1437 839 1520 867 simul
1547 843 1577 866 ut
1606 839 1741 874 principia

106 881 142 907 El
154 881 210 917 γὰρ
223 880 410 918 διαφέρονται,
428 883 482 908 εἰσὶ
497 882 546 918 μὲν
558 882 615 909 δύο.
635 882 680 918 Τῷ
693 883 721 910 δὲ
735 882 782 910 δύο
794 883 903 919 ἀριθμῷ

106 927 314 963 εὑρισκόμεναι,
332 927 378 954 τὸν
403 928 451 954 ἕνα
473 927 590 964 ἀριθμὸν
611 928 827 964 ὑπερϐεϐήκασι.
850 929 902 956 Τοῦ

106 972 137 999 δὲ
158 973 218 1004 ἑνὸς
233 973 280 999 καὶ
298 972 407 1009 πρώτου
428 973 544 1009 ἀριθμοῦ
565 973 741 1010 ζητουμένου,
759 975 786 1001 αἱ
805 974 851 1002 δύο
864 974 903 1010 τῷ

107 1019 152 1045 ἑνὶ
165 1019 274 1055 ἁρθιθμῷ
293 1020 340 1046 καὶ
364 1019 493 1055 ἀνωτέρω
515 1020 674 1047 ὑπόκεινται
692 1020 731 1056 τῷ
753 1020 833 1056 αἰτίῳ
848 1021 902 1048 τῶν

107 1065 158 1092 δύο
172 1065 238 1092 δντι.
268 1065 304 1092 Οὐ
317 1065 372 1101 γὰρ
394 1066 421 1092 αῑ
437 1065 483 1092 δύο
497 1066 525 1092 αἱ
540 1066 609 1101 μετὰ
619 1066 668 1092 τὸν
681 1066 729 1093 ἕνα
740 1066 866 1102 ἀριθμὸν,
885 1067 902 1102 ἢ

107 1112 161 1146 τὴν
180 1112 244 1145 μίαν
258 1111 346 1148 ἀρχὴν
359 1112 406 1140 καὶ
420 1111 542 1148 πρώτην,
560 1112 644 1139 αἰτίαι
659 1113 762 1139 ἑαυτῶν
776 1113 902 1140 δύνανται

108 1157 197 1185 εἶναι·
221 1158 267 1185 τοῦ
280 1158 369 1185 ἑνικοῦ
393 1158 511 1194 ἀριθμοῦ
528 1158 575 1185 καὶ
591 1158 729 1186 ὰνωτάτου
748 1159 791 1185 ἀεὶ
806 1158 903 1194 ζητου-

111 1204 206 1240 μένου.
223 1205 254 1230 El
268 1204 321 1240 γὰρ
339 1205 367 1231 αἱ
384 1204 431 1231 δύο
445 1204 638 1240 εὑρεθήσονται
660 1205 724 1240 μιᾶς
738 1204 820 1240 οὔσης
835 1213 903 1238 συμ-

112 1249 227 1283 φωνίας,
249 1250 295 1276 καὶ
318 1250 523 1285 συγχαίρουσαι,
544 1251 591 1277 καὶ
611 1250 804 1285 συμφωνοῦσαι
820 1250 902 1286 ἀλλή-

110 1295 182 1327 λαις,
198 1297 226 1322 ὲν
240 1295 279 1331 τῷ
294 1297 344 1332 τὴν
361 1296 410 1331 μὲν
427 1296 490 1331 μίαν
503 1296 672 1332 παραμένειν
686 1296 734 1331 τῆς
751 1295 846 1331 ἑτέρας
859 1296 903 1322 εὐ-

110 1341 254 1376 δοκούσης,
272 1341 319 1367 καὶ
335 1342 384 1377 τῆς
404 1341 486 1376 ἄλλης
503 1341 531 1367 δὲ
554 1340 712 1376 χαιροὺσης,
733 1342 765 1376 τῇ
783 1341 832 1376 τῆς
846 1340 903 1366 ἐτέ-

111 1395 162 1422 ρας
170 1386 295 1422 συζυγίᾳ,
303 1388 319 1422 ή
331 1387 425 1418 στάσις
431 1387 473 1419 τις
483 1387 556 1414 ἐστιν
565 1385 701 1422 ἀναμέσον
709 1387 872 1422 ἀμφοτέρων
880 1388 900 1414 ³.

112 1433 144 1459 Et
169 1432 196 1459 δὲ
224 1433 396 1465 στασιάζουσι
427 1433 474 1460 καὶ
504 1433 640 1468 ἰσχύουσιν
666 1433 724 1468 ἅμα
749 1433 902 1468 ἀμφότεραι

111 1477 181 1514 πρλς
198 1479 314 1515 ἀλλήλας
332 1480 376 1506 ἐπ’
392 1479 462 1515 ῐσης,
485 1479 577 1506 οὐκέτι
594 1479 710 1515 Χριστὸς
727 1479 741 1504 ὁ
756 1478 839 1505 ὲλθὼν
858 1478 902 1505 διὰ

111 1525 162 1561 τὴν
177 1525 303 1561 ἀθέτησιν
316 1526 365 1561 τῆς
377 1527 441 1561 μιᾶς
455 1525 598 1561 δυνήσεται
615 1524 765 1552 καταλῦσαι
775 1524 824 1560 τὴν
838 1525 904 1550 ταύ-

112 1580 162 1606 την
172 1571 324 1608 τυραννίδα,
336 1571 420 1607 αὐτῆς
430 1571 605 1606 ἀντεχούσης,
618 1571 664 1597 καὶ
673 1570 825 1605 δυναμένης
836 1569 903 1606 πρὸς

112 1618 162 1652 τὴν
183 1617 238 1643 ἅνω
259 1617 373 1652 ἀόρατον
399 1618 446 1644 καὶ
467 1617 688 1652 ἀκατονόμαστον
710 1615 901 1650 ἀγωνίζεσθαι,

113 1663 235 1697 ἀντέχειν
253 1672 283 1689 τε
303 1664 350 1690 καὶ
367 1663 500 1699 μηδέποτε
519 1662 648 1689 δύνασθαι
664 1661 854 1689 καταλύεσοαι.

954 882 1019 915 sint,
1037 882 1095 910 ﬁeri
1113 885 1222 919 penitus
1239 891 1294 911 non
1306 888 1397 920 potest
1410 893 1417 918 ;
1430 885 1477 912 sed
1491 892 1542 912 nec
1557 892 1642 911 unum
1652 887 1742 919 potest

953 927 988 956 ab
1005 928 1089 956 altero
1105 928 1223 958 ditl‘erre.
1237 928 1264 956 Si
1282 930 1354 957 cnim
1368 929 1509 963 diﬂ'erunt,
1522 929 1577 958 duo
1589 930 1644 958 sint
1659 937 1743 965 opor-

953 976 1004 1000 tet.
1019 973 1079 1001 Duo
1090 981 1154 1002 vero
1168 975 1190 1002 si
1206 979 1393 1007 numerentur.
1415 976 1581 1011 singularem
1597 983 1740 1003 numerum

953 1020 1096 1047 excedunt.
1114 1021 1182 1048 Cum
1199 1026 1287 1049 autem
1299 1022 1399 1049 unicus
1413 1022 1464 1050 iste
1482 1029 1514 1049 ac
1524 1022 1629 1058 primus
1644 1030 1738 1050 nume-

952 1073 1000 1093 rtts
1016 1071 1164 1101 quaeratur,
1185 1067 1263 1102 301
1275 1068 1332 1096 duo
1348 1068 1394 1095 illa
1409 1068 1542 1104 principia
1568 1068 1616 1096 uni
1646 1075 1678 1096 ac
1693 1076 1742 1096 su-

952 1119 1046 1146 premo
1063 1113 1253 1147 subjicientur,
1268 1122 1283 1140 a
1301 1122 1355 1149 quo
1375 1115 1448 1142 velut
1468 1122 1483 1141 a
1500 1122 1585 1142 causa
1603 1114 1661 1141 duo
1674 1114 1739 1141 reli-

953 1165 1006 1193 qua
1018 1159 1164 1193 pendeant.
1178 1158 1352 1195 Nequeenim
1371 1160 1480 1188 duoilla
1496 1165 1558 1195 post
1576 1160 1741 1195 singularem

953 1212 1106 1236 numerum,
1125 1211 1206 1240 atque
1231 1207 1344 1233 unicum
1369 1207 1544 1241 primumque
1573 1206 1738 1241 principium

952 1250 995 1276 sui
1009 1257 1070 1277 esse
1089 1258 1171 1277 causa
1187 1256 1302 1286 possunt
1316 1251 1450 1286 ipsorutn,
1465 1259 1526 1278 cum
1542 1251 1689 1286 singularis
1709 1258 1741 1278 ac

953 1303 1098 1329 supremus
1107 1296 1287 1324 nihilominus
1305 1304 1435 1324 numerus
1458 1297 1622 1331 inquiratur.
1639 1295 1739 1331 Finga-

953 1341 1099 1368 ntusenim
1115 1341 1251 1376 ejusmodi
1279 1350 1343 1370 esse
1368 1342 1422 1370 duo
1438 1347 1469 1369 ut
1497 1342 1568 1370 inter
1594 1350 1654 1370 sese
1675 1350 1742 1370 con-

952 1387 1081 1417 sentiant,
1094 1394 1126 1414 ac
1142 1388 1323 1416 communiter
1339 1387 1485 1423 gaudeant,
1505 1388 1613 1422 sibique
1626 1395 1742 1415 consen-

953 1436 1032 1459 tanea
1059 1432 1114 1459 sint
1128 1433 1261 1461 invicem:
1276 1433 1314 1460 ita
1333 1437 1363 1460 ut
1378 1441 1432 1460 uno
1451 1433 1611 1460 volettte'ac
1635 1433 1738 1460 libente

954 1478 1089 1506 adhaereat
1108 1479 1223 1506 alterunt
1240 1489 1247 1512 ;
1269 1483 1296 1507 et
1306 1480 1395 1514 ipsum
1416 1488 1524 1515 quoque
1540 1480 1653 1507 alterius
1675 1487 1742 1506 con-

954 1525 1095 1559 junctione
1117 1525 1286 1557 delectetur,
1307 1533 1432 1560 quaenam
1462 1534 1523 1554 esse
1550 1530 1639 1561 potest
1671 1525 1743 1552 inter

958 1575 1102 1605 utrumque
1126 1571 1281 1598 dissensio?
1312 1571 1360 1598 Sin
1382 1576 1477 1598 mutuo
1499 1572 1685 1603 rcluctantttr,
1710 1578 1744 1599 ac

957 1617 1007 1644 sibi
1020 1617 1160 1652 aequaliter
1178 1617 1322 1650 resistunt,
1353 1625 1407 1645 non
1426 1618 1524 1652 poterit
1540 1617 1676 1649 Christus,
1692 1616 1747 1653 qui-

956 1663 1111 1698 adialterum
1119 1663 1345 1698 exstinguendum
1355 1663 1482 1694 accessit.
1492 1663 1663 1698 tyrannicum
1683 1663 1744 1698 ejus

114 1709 283 1735 dominatum
299 1714 437 1736 evertere:
451 1713 544 1743 utpote
561 1709 635 1744 quod
650 1709 751 1735 acriter
763 1708 890 1740 obsistat.
908 1712 935 1735 et
965 1708 1098 1736 adversus
1122 1717 1280 1744 supremum
1305 1709 1382 1742 illud,
1412 1709 1484 1744 quod
1507 1716 1556 1736 nec
1579 1709 1675 1741 videri,
1692 1716 1744 1737 nec

116 1757 250 1785 nominari
268 1760 368 1792 potest,
398 1757 438 1784 sic
462 1761 574 1792 pugnet,
588 1764 621 1784 ac
633 1756 796 1791 refragetur,
815 1755 890 1782 nulla
905 1761 933 1783 ut
945 1756 971 1783 vi
981 1756 1061 1791 dejici
1071 1764 1131 1784 sese
1148 1757 1274 1792 patiatur.

148 1805 183 1832 I".
207 1806 287 1840 Λέγει
309 1805 338 1831 δὲ
358 1805 373 1831 ὁ
397 1804 500 1840 ἠλίθιος
523 1805 570 1831 καὶ
593 1804 638 1831 τὸν
659 1805 740 1839 νόμον
770 1804 817 1830 καὶ
840 1803 904 1836 τοὺς

115 1853 255 1887 προφήτας
271 1851 320 1886 τῆς
337 1850 441 1885 φαύλης
460 1851 506 1876 καὶ
522 1849 645 1881 ἐναντίας
664 1846 733 1876 εῖναι
748 1849 844 1885 ἀρχῆς,
859 1849 904 1875 τὸν

115 1897 142 1925 δὲ
156 1897 270 1932 Χριστὸν
286 1897 335 1932 τῆς
359 1896 474 1931 ἀγαθῆς.
500 1896 584 1923 Πόθεν
606 1893 652 1922 οὖν
674 1895 699 1922 οἱ
720 1895 855 1931 προφῆται
871 1895 905 1922 τὰ

117 1944 156 1974 εἰς
169 1943 283 1978 Χριστὸν
297 1943 477 1978 τετυπωμένα
497 1941 740 1978 προανεφώνησαν,
760 1942 783 1967 εἰ
801 1941 838 1977 μὴ
855 1941 904 1976 μία

118 1986 151 2024 ἦν
167 1989 213 2015 καὶ
232 1990 248 2024 ὴ
273 1989 341 2024 αὺτὴ
362 1988 486 2023 δύναμις,
510 1989 526 2023 ἡ
545 1987 685 2023 λαλήσασα
708 1988 736 2014 ὲν
758 1987 833 2022 νόμῳ
857 1987 904 2013 καὶ

119 2035 147 2062 ὲν
172 2035 323 2070 προφήταις
346 2034 392 2060 καὶ
413 2033 604 2068 Εὐαγγελίοις;
629 2032 755 2068 καθάπερ
769 2032 856 2066 λέγει’
879 2031 905 2057 Ὀ

120 2080 219 2108 λαλῶν
238 2081 274 2107 ἐν
295 2080 358 2113 τοῖς
374 2081 539 2114 προφήταις
564 2079 628 2106 ὶδοὺ
649 2078 777 2112 πάρειμι,
802 2078 850 2105 καὶ
872 2077 907 2104 τὰ

121 2127 190 2162 ἑξῆς.
206 2126 290 2153 Πόθεν
308 2126 336 2153 δὲ
357 2125 404 2152 καὶ
420 2126 433 2152 ό
450 2124 550 2160 Κύριος
565 2125 593 2151 ὲν
611 2123 650 2159 τῷ
665 2123 821 2158 Εὑαγγελίῳ
839 2131 906 2158 προ-

993 1803 1037 1831 lll.
1058 1804 1136 1837 Quod
1164 1809 1255 1832 autem
1276 1804 1390 1831 insantts
1414 1804 1458 1830 ille
1484 1810 1567 1838 tegetn
1583 1811 1613 1830 ac
1627 1810 1744 1838 propne-

957 1855 1000 1878 tas
1021 1850 1158 1878 existimat
1179 1858 1195 1877 a
1216 1850 1345 1878 deteriori
1363 1858 1395 1877 ac
1410 1850 1552 1877 contrario
1568 1857 1629 1876 esse
1642 1850 1744 1883 princi-

957 1897 1014 1932 pio,
1031 1904 1046 1923 a
1063 1896 1175 1924 meliore
1199 1903 1265 1923 vero
1290 1896 1447 1928 Christum;
1479 1895 1500 1922 si
1525 1895 1550 1921 id
1575 1902 1669 1922 verum
1690 1899 1743 1926 est,

939 1943 1095 1982 'quomodo
1121 1950 1182 1977 qua:
1211 1943 1245 1969 ad
1269 1942 1407 1969 Christum
1436 1941 1586 1968 attinebant
1607 1941 1745 1975 prophetas

956 1989 1039 2015 certis
1059 1988 1208 2023 ﬁgurarum
1227 1987 1376 2015 involucris
1395 1987 1500 2014 obtecta
1515 1986 1651 2013 vaticinati
1668 1991 1743 2018 sunt,

959 2033 1013 2060 nisi
1033 2041 1086 2059 una
1109 2033 1260 2066 cadetttque
1279 2033 1320 2059 vis
1345 2036 1426 2063 esset,
1450 2040 1509 2065 qua:
1526 2032 1552 2058 itt
1570 2031 1626 2065 lcgc
1644 2031 1744 2065 pariter

960 2086 992 2106 ac
1014 2078 1169 2114 prophetis.
1196 2083 1276 2113 atque
1293 2076 1446 2112 Evangeliis
1464 2078 1554 2103 locuta
1569 2076 1623 2103 sit!
1641 2075 1742 2108 Quem—

959 2125 1105 2153 admodum
1133 2124 1220 2151 dicit:
1237 2123 1289 2156 Qui
1315 2123 1492 2164 ioqueburt‘in
1514 2122 1644 2156 prophetis
1658 2141 1665 2153 ,
1687 2129 1744 2149 ecca

122 2173 267 2207 ανεφώνει,
298 2172 403 2206 λέγων·
428 2172 462 2198 Et
490 2170 613 2197 Μωυσεῖ
639 2170 826 2201 ἐπιστεύετε,
858 2168 903 2195 καὶ

959 2170 1054 2198 adsum
1069 2170 1094 2203 ⁵,
1114 2174 1168 2197 etc.
1192 2169 1327 2196 Praeterea
1349 2177 1397 2196 cur
1412 2169 1543 2196 Dominus
1558 2169 1585 2195 in
1599 2167 1744 2202 Evangelia

121 2219 179 2254 ἐμοὶ
194 2218 232 2246 ἄν
244 2218 417 2246 ἐπιστεύετε
426 2225 433 2232 '
448 2217 562 2250 ἐκεῖνος
576 2218 631 2251 γὰρ
645 2216 711 2251 περὶ
733 2215 805 2250 ἐμοῦ
823 2215 907 2250 ἔτρω-

120 2266 175 2300 ιψε;
194 2264 247 2292 Καὶ
269 2264 355 2291 πολλά
383 2272 428 2299 μοι
456 2263 512 2290 ἐστι
539 2264 603 2298 περὶ
625 2261 782 2298 μαρτυριῶν
805 2261 905 2296 λέγειν,

121 2310 208 2343 καθὼς
236 2310 398 2346 συναγείρας
424 2309 522 2345 σχολὴν
548 2307 639 2343 ἑαυτῷ
664 2308 791 2343 ἐποίησεν
816 2309 830 2333 ὁ
861 2307 908 2334 ἐπὶ

123 2357 309 2392 συγκυρήματι
329 2355 440 2391 πονηρῷ
460 2355 498 2391 τῷ
518 2355 612 2390 κόσμῳ
629 2354 841 2389 ὲπιὸλαστήσας,
861 2353 908 2380 καὶ

124 2401 259 2436 πλανήσας
277 2401 339 2433 τοὺς
357 2401 401 2427 ὑπ’
422 2400 504 2427 αὑτοῦ
521 2399 755 2434 πεπλανημένους.
773 2397 909 2433 Παρελεύ-

126 2455 202 2482 σομαι
221 2447 249 2473 δὲ
274 2447 321 2474 καὶ
341 2446 453 2481 ταύτην,
466 2446 531 2472 ὡσεὶ
554 2445 675 2481 μέμυκος
692 2445 702 2460 ³
717 2444 763 2471 καὶ
781 2452 910 2479 πεμφρη-

125 2493 192 2524 δόνος
210 2492 266 2528 (61)
287 2492 341 2519 τῶν
364 2492 525 2519 όδυνοποιῶν
548 2493 580 2518 ἐκ
607 2491 738 2517 πετεινῶν
766 2489 908 2516 κνωδάλων

959 2216 1140 2252 praedicaret?
1157 2215 1187 2243 Si
1201 2214 1288 2250 Moysi
1307 2214 1456 2246 crederetis,
1472 2214 1613 2242 crederetis
1629 2214 1745 2248 forsitan

959 2267 983 2290 et
999 2262 1083 2290 mihi:
1099 2262 1131 2289 de
1143 2270 1185 2289 me
1196 2262 1265 2289 enim
1288 2261 1334 2288 ille
1355 2261 1460 2295 scripsit
1474 2261 1495 2288 ³.
1520 2260 1601 2288 Plura
1619 2261 1744 2295 equidem

960 2309 994 2337 de
1007 2308 1143 2344 ejusmodi
1159 2307 1324 2336 testimoniis
1337 2307 1365 2334 in
1377 2307 1496 2334 medium
1512 2307 1609 2334 alterre
1623 2313 1744 2342 possem,

960 2355 1059 2390 quibus
1083 2353 1262 2382 accumulatis
1277 2353 1398 2381 scholatn
1415 2352 1460 2380 ille
1476 2353 1528 2380 sibi
1543 2352 1680 2385 conﬂavit,
1697 2353 1745 2387 qui

961 2400 1063 2428 infelici
1091 2399 1212 2435 quodam
1237 2399 1293 2426 fato
1318 2406 1490 2426 communem
1515 2398 1548 2425 ad
1569 2399 1643 2426 orbis
1659 2399 1747 2434 perni-

960 2445 1029 2472 ciem
1045 2444 1172 2477 eiiloruit,
1199 2452 1231 2472 ac
1244 2448 1394 2472 sectatores
1416 2451 1481 2471 suos
1502 2444 1528 2470 itt
1548 2443 1670 2471 fraudem
1693 2444 1746 2470 im-

962 2491 1040 2526 pulit.
1067 2491 1121 2518 Sed
1136 2492 1207 2519 hanc
1229 2499 1280 2527 ego
1301 2498 1410 2526 quoque
1432 2491 1648 2526 przctermittmn,
1674 2496 1746 2526 post-

157 2561 166 2577 ¹
177 2559 208 2588 F.
225 2561 253 2596 ἦ.
291 2561 304 2576 ¹“
315 2559 383 2587 Cum
394 2560 606 2595 interrogatione
618 2560 668 2596 leg.
686 2559 863 2595 ἁμφοτέρων;
899 2558 903 2574 ¹

956 2580 959 2586 .
975 2560 1129 2595 μύρμηκος.
1168 2560 1180 2575 ⁸
1192 2558 1244 2588 lsa.
1263 2568 1311 2594 ιιι,
1324 2559 1350 2587 6.
1389 2560 1400 2575 '
1413 2558 1489 2586 Joan.
1506 2567 1532 2591 ν,
1550 2559 1594 2586 46.

158 2618 210 2652 (61)
234 2617 314 2645 Ὤσεὶ
334 2618 483 2653 μέμυκος,
508 2617 557 2644 καὶ
580 2617 799 2653 πεμφρηδόνος.
829 2615 906 2649 Quod

127 2654 217 2682 insecti
232 2661 319 2688 genus
342 2653 378 2680 sit
400 2652 489 2688 μέμυξ
505 2652 623 2679 viderint
645 2653 756 2680 eruditi.
778 2652 910 2688 Suspicor

127 2687 328 2729 leg..ﬂétt.6uxog
343 2696 350 2702 ·
368 2687 441 2750 quod
460 2688 620 2728 vocabulum
635 2696 697 2730 opm
711 2687 911 2723 pemphredonc

127 2727 264 2750 contumztt
281 2723 367 2750 Ntcan
386 2731 416 2750 er
433 2722 555 2750 Alextuh.
569 2731 596 2750 v.
613 2723 665 2750 18.)
681 2732 688 2750 :

127 2722 264 2759 coniungit
281 2722 416 2751 Nicander
433 2722 555 2757 Alexiph.
569 2731 596 2754 ν,
613 2723 665 2750 185
681 2732 688 2750 :

130 2803 318 2839 Πεμφρηδὼν,
333 2803 450 2839 σφῆχές
469 2812 500 2831 τε
520 2767 791 2836 καὶᾶῗέῖἕὲιαέῦκες
810 2802 910 2836 deum.

960 2616 1028 2645 Vide
1043 2616 1224 2644 Scholiastcn.
1239 2615 1291 2649 Qui
1308 2615 1432 2651 βέιιϐυκα
1446 2615 1604 2651 «emeras;
1620 2616 1746 2649 quiddam

960 2660 1021 2680 esse
1035 2652 1112 2683 dicit,
1127 2652 1210 2687 μέλαν
1225 2652 1295 2678 κατὰ
1309 2651 1358 2686 τὴν
1372 2652 1477 2687 χροιὰν,
1491 2651 1596 2686 κέντρῳ
1609 2651 1748 2687 χρώμενον

960 2688 998 2719 ὠς
1009 2688 1033 2713 οἱ
1048 2686 1161 2722 σφῆκες.
1180 2686 1231 2714 Sed
1251 2690 1278 2713 et
1291 2687 1341 2722 τὴν
1364 2686 1527 2722 τενορήνην,
1554 2687 1612 2722 siv_c
1636 2686 1748 2722 τενθρη-

960 2722 1057 2784 δόνῆιι
1072 2720 1219 2750 ⁷ιιόιιιιιιιιίε
1244 2720 1367 2758 βέμὸὺκα
1390 2720 1567 2750 νοέθιὶέΗίξο
1592 2720 1749 2755 Stephanus

962 2765 988 2784 Ill
1031 2765 1144 2784 tesuura.

961 2757 988 2785 in
1004 2758 1144 2786 Thesauro.
