1952 3045
179 82 230 110 695

886 80 914 107 S.
932 80 1111 109 EPlPllANll.

1754 81 1808 110 095

179 149 261 176 quam
285 148 343 168 eam
368 140 499 175 memycis
524 139 680 174 cujusdam,
700 147 732 167 ac
753 139 965 174 pemphredonés

1034 140 1185 176 ρμωμένων
1211 140 1262 167 ὑπὸ
1287 141 1351 176 μίαν
1368 141 1445 176 οῆξιν
1459 140 1681 167 ἐκπετασθέντων
1699 141 1748 176 τὴν
1764 142 1810 167 ὰν-

180 186 266 223 (quod
294 193 382 220 vespa:
403 193 489 220 genus
511 186 562 220 est)
588 186 685 219 instar,
705 193 765 221 quae
780 188 806 212 et
819 185 875 212 ictu
890 186 968 213 dolo—

182 241 237 260 rem
252 233 405 264 incutiunt,
417 236 443 258 et
453 239 486 259 ex
499 237 678 266 pennatorum
692 232 858 260 insectorum
870 239 968 267 genere

182 282 257 309 sunt,
280 285 334 304 uno
351 281 479 304 contactu
495 278 652 313 oblrituque
667 278 818 314 proﬂigavi,
836 278 968 306 eﬂicacis-

183 325 250 350 sima
267 323 312 351 Dei
329 323 380 350 fide
395 331 425 350 ac
443 324 557 350 salutari
572 323 680 351 Domini
701 325 787 352 nostri
806 325 871 352 Jesu
893 324 969 351 Chri-

183 370 368 413 sti.doctrina
395 370 538 403 subnixus,
567 370 614 405 qui
634 370 723 399 dixit:
747 370 834 398 Videte
854 379 884 398 ne
899 370 969 397 deci-

183 417 294 450 piamini
316 415 337 442 ¹.
364 415 445 442 Mulli
476 416 546 442 enim
577 417 678 443 venient
706 416 935 451 pwudopraphelw
946 417 967 441 ¹.

184 462 306 496 Cumque
322 465 347 489 et
363 462 509 496 Apostolus
531 461 564 489 de
585 462 682 489 iisdem
704 463 842 490 ementilis
856 462 969 489 christis

184 514 216 534 ac
233 508 380 542 magistris,
409 507 540 542 falsisque
558 507 689 534 fratribus
705 508 813 535 loculus
830 508 968 534 cautiores

184 560 236 580 nos
252 553 411 584 reddiderit,
431 553 463 580 ad
478 553 608 587 reliquas,
626 558 705 587 prout
720 553 816 580 ordine
832 561 891 581 sese
906 553 970 580 olfe-

184 602 259 630 runt,
276 598 466 626 transferenda
482 598 562 625 nobis
576 603 618 625 est
629 599 728 625 oratio.

321 664 543 700 aozcosmx
567 664 832 696 nancnoxusus,

292 721 358 754 Qum
387 726 424 748 est
455 721 562 748 ha'resis
596 719 682 746 XXII
707 721 746 747 vel
772 720 864 747 XLII.

221 776 242 803 I.
265 776 397 808 Marcion,
421 784 436 803 ιι
451 784 506 811 quo
529 776 712 803 Marcionislae
741 776 873 803 nominati
897 780 972 807 sunt,

187 831 202 849 a
215 823 337 850 Cerdone
351 823 396 850 illo
408 822 470 850 novi
485 822 623 857 dogmatis
639 823 812 850 occasionem
828 823 973 856 arripiens,

189 868 286 902 ingens
302 871 329 894 et
342 867 399 902 ipse
413 867 525 894 coluber
540 867 566 894 in
585 867 678 894 orbem
696 871 830 894 terrarum
852 867 975 894 invectus

188 915 242 939 est.
275 911 325 944 Qui
342 911 447 938 inﬁnita
463 912 603 939 hominum
621 912 796 939 multitudine
815 912 899 939 variis
915 913 977 938 arti-

189 957 241 985 bus
259 958 292 984 ad
317 957 368 984 hoc
393 965 481 992 usque
508 961 616 992 tempus
642 958 733 990 illusa,
758 958 851 985 ludum
873 959 976 985 erroris

189 1004 306 1038 aperuit.
323 1003 412 1039 Atque
428 1005 484 1031 haec
502 1004 615 1032 hieresis
629 1005 709 1032 hodie
721 1013 774 1032 non
790 1004 871 1031 modo
885 1005 977 1032 Romae

190 1054 217 1077 et
234 1051 260 1076 in
275 1049 352 1077 Italia
374 1051 521 1085 reperitur,
546 1052 594 1079 sed
610 1055 637 1079 et
651 1051 797 1087 Aigyptum
813 1060 845 1079 ac
859 1051 977 1079 I’aimsti-

189 1103 264 1128 nam.
286 1104 336 1125 nec
359 1105 412 1124 non
446 1098 572 1126 Arabiam
600 1106 632 1126 ac
656 1099 775 1135 Syriam,
806 1100 925 1135 Cyprum
945 1108 978 1128 ac

190 1141 368 1175 Thebaidem,
390 1143 446 1170 imo
466 1144 547 1171 etiam
564 1144 715 1177 Persidem,
742 1146 864 1180 aliasque
886 1147 976 1181 regio.

190 1196 240 1216 nes
266 1189 345 1223 longe
370 1193 414 1216 est
429 1190 538 1225 lateque
559 1196 713 1227 pervagata.
739 1192 844 1225 Quibus
866 1194 892 1220 in
910 1194 977 1221 locis

191 1234 337 1269 plurimum
360 1235 548 1270 nequissimus
571 1238 677 1265 daemon
695 1238 843 1266 calliditate
871 1247 920 1266 sua
947 1247 979 1266 ac

191 1280 378 1307 fraudulentia
394 1282 521 1316 profecit.

228 1335 289 1362 Fuit
304 1335 355 1364 iste
372 1344 470 1372 genere
483 1336 624 1370 Ponticus,
649 1347 680 1366 ex
697 1347 728 1366 ea
751 1343 828 1374 pat'le
846 1349 906 1375 qum
929 1341 980 1368 lle-

191 1381 356 1416 icnopontus
373 1382 485 1414 dicitur,
502 1385 603 1418 oppido
623 1384 734 1419 Sinope,
750 1386 978 1419 quemadmodum

192 1426 328 1462 frequenti
356 1428 390 1455 de
409 1436 441 1455 eo
465 1429 534 1456 fama
556 1431 723 1465 percrebuit.
750 1430 801 1464 Qui
826 1433 903 1458 initio
919 1433 980 1459 vita:

193 1474 297 1501 scilicet
317 1475 470 1502 castitatem
495 1483 549 1510 prae
565 1484 594 1503 se
612 1476 704 1504 ferens
726 1478 924 1514 monachorum
942 1479 981 1505 in-

194 1519 288 1546 stituta
300 1519 441 1553 professus
453 1525 505 1552 est,
522 1525 636 1555 parente
648 1526 728 1550 natus
746 1508 889 1551 eatlmlicai
906 1531 980 1551 com—
993 1508 1014 1536 C

195 1566 335 1593 munionis
360 1567 501 1601 episcopo.
527 1567 626 1595 Postea
650 1576 712 1595 cum
740 1569 872 1604 virginem
888 1578 981 1605 qnam-

194 1611 257 1637 dam
283 1611 450 1643 adamasset,
469 1619 500 1640 ac
529 1612 669 1641 fraudibus
692 1615 858 1648 pellexisset,
881 1616 915 1643 ab
935 1624 982 1649 spe

193 1656 257 1684 vitae
277 1657 399 1685 cmlestis
417 1658 491 1684 illam
504 1658 584 1692 juxta
610 1666 642 1685 ac
664 1659 843 1693 semetipsum
867 1660 977 1695 dejecit.

194 1701 236 1730 0b
253 1703 325 1730 hunc
343 1703 426 1738 igitur
442 1704 576 1731 incestum
594 1704 716 1732 Ecclesia
735 1706 770 1734 ab
790 1706 850 1741 ipso
871 1711 983 1742 parente

195 1749 292 1779 pulsus
313 1753 372 1782 est,
401 1751 459 1777 viro
477 1750 635 1785 comprimis
655 1751 795 1786 religioso,
812 1760 844 1779 ac
860 1754 982 1781 veritatis

196 1801 292 1822 amore
309 1794 533 1830 ﬂagrantissimo,
553 1802 580 1823 et
596 1795 622 1822 in
641 1796 692 1823 hac
709 1797 872 1833 episcopalis
890 1807 984 1825 mune-

195 1839 235 1866 ris
250 1839 489 1868 administratione
505 1841 658 1875 przestanti.
673 1841 722 1868 Cui
742 1850 804 1869 cum
822 1842 922 1870 Marcio
936 1844 983 1871 diu

197 1885 369 1919 multumque
385 1886 582 1920 supplicasset,
609 1893 641 1913 ac
669 1887 857 1920 paenitentiam
888 1893 983 1923 postn-

196 1931 301 1962 lasset,
335 1930 405 1958 hanc
433 1939 447 1958 a
473 1936 550 1965 patre
587 1932 715 1966 precibus
743 1933 824 1960 nullis
853 1934 980 1962 obtinuit.

198 1975 391 2004 Vehementem
411 1978 544 2012 siquidem
568 1986 601 2005 ex
620 1986 652 2006 ea
671 1987 701 2005 re
721 1978 842 2006 dolorem
863 1980 983 2014 optimus

198 2031 281 2050 senex
306 2027 333 2050 et
354 2023 500 2058 episcopus
523 2029 654 2059 coeperat,
670 2024 743 2059 quod
762 2032 816 2051 non
832 2025 878 2052 ille
893 2026 982 2053 solum

197 2069 363 2100 excidisset,
396 2068 443 2096 sed
469 2073 497 2096 et
523 2069 702 2104 ignominiam
728 2070 780 2098 sibi
807 2077 839 2097 ac
865 2069 984 2098 dedecus

197 2114 386 2149 imposuisset.
414 2114 485 2150 Ergo
505 2116 553 2143 ubi
577 2124 607 2143 se
621 2116 706 2144 nullis
725 2116 834 2144 artibus
848 2116 984 2144 eblandiri

197 2167 280 2194 posse
318 2160 391 2194 quod
422 2165 534 2195 cuperet
566 2162 780 2193 animadvertit,
809 2162 982 2196 popularium

198 2213 309 2234 suorum
327 2207 424 2241 probra
441 2214 473 2233 ac
488 2207 606 2234 ludibria
623 2215 678 2234 non
697 2207 848 2238 sustinens,
865 2208 934 2234 clam
950 2209 984 2235 ab

199 2251 299 2286 oppido
309 2252 432 2282 secessit,
449 2259 480 2278 ac
495 2251 607 2278 Romam
634 2256 695 2286 post
717 2251 814 2287 Hygini
833 2260 908 2287 papae
930 2253 986 2280 obi-

199 2300 256 2323 tum
283 2304 344 2324 sese
360 2297 488 2328 contulit,
505 2297 551 2331 qui
565 2304 580 2323 a
594 2296 675 2324 Petro
695 2296 835 2331 Pauloque
853 2296 985 2331 apostolis

200 2349 289 2368 nonus
308 2341 437 2370 Ecelesia:
463 2342 616 2377 praefuerat.
640 2342 678 2370 Eo
702 2343 795 2370 statim
811 2350 844 2369 ac
864 2342 985 2370 Marcion

199 2387 323 2422 pervenit
349 2387 382 2413 ad
409 2388 532 2416 seniores
557 2387 662 2421 adiens,
685 2387 733 2422 qui
749 2387 784 2414 ab
798 2387 984 2422 apostolorum

199 2433 342 2466 discipulis
362 2434 450 2460 edocti
474 2434 564 2461 adhuc
584 2438 755 2468 supererant,
774 2437 803 2460 ut
820 2433 849 2460 in
862 2441 986 2460 commu-

203 2478 313 2504 nionem
338 2477 525 2505 admitteretur
546 2479 580 2506 ab
601 2479 634 2506 iis
657 2479 759 2506 frustra
777 2479 865 2514 petiit.
882 2479 985 2511 Quaru-

198 2523 293 2551 obrem
308 2523 500 2552 exstimulatus
514 2524 615 2552 invidia
626 2546 633 2558 ,
659 2525 732 2559 quod
752 2533 808 2552 non
834 2524 986 2560 principem

237 2601 244 2616 ¹
261 2601 326 2628 Luc.
345 2608 402 2633 xxx,
415 2601 442 2629 8.
480 2603 490 2618 ¹
505 2601 587 2629 Marc.
604 2610 662 2635 xm,
675 2602 721 2630 22.

237 2689 292 2723 (69.)
312 2688 406 2723 Οὗτος
422 2691 456 2716 τὸ
472 2690 569 2725 γένος.
588 2691 716 2719 Ponticus
732 2699 830 2726 genere
854 2691 904 2717 fuit
920 2691 989 2718 Mar-

201 2725 284 2751 cion:
313 2733 393 2760 quem
411 2726 470 2752 ideo
492 2727 621 2753 Ποντικὸν
647 2725 828 2753 λύκονίνοοθι
855 2726 988 2754 Eusebius

203 2760 221 2785 Ι.
241 2768 256 2796 v
273 2759 355 2792 llisl.,
380 2769 405 2787 c.
425 2761 458 2796 ‘17?
483 2761 534 2788 hoc
560 2767 602 2789 est
625 2761 766 2788 Ponticum
796 2762 896 2796 lupum.
920 2761 988 2788 Male

202 2795 274 2822 enim
293 2796 426 2831 interpres
443 2795 581 2824 Ponticum
597 2798 694 2831 lycum.
710 2796 824 2832 Scripsit
841 2801 930 2825 autem
945 2795 988 2822 ad-

1018 187 1118 214 άλωσιν
1136 186 1316 221 ποιησάμενος
1330 187 1375 213 διὰ
1395 187 1445 221 τῆς
1464 186 1509 212 τοῦ
1529 186 1596 212 Θεοῦ
1611 186 1809 222 ἑνεργεστάτης

1019 232 1136 261 πίστεώς
1149 242 1178 259 τε
1196 234 1243 259 καί
1259 233 1444 268 σωτηριώδους
1457 233 1630 264 διδασκαλίας
1644 233 1690 259 τοῦ
1705 233 1810 268 Κυρίου

1019 279 1098 314 ἡμῶν
1117 278 1204 314 Ἰησοῦ
1235 278 1370 314 Χριστοῦ,
1395 278 1440 304 τοῦ
1462 278 1598 310 εἰπόντος·
1617 278 1748 304 Βλέπετε
1764 277 1810 312 μὴ

1020 324 1203 359 πλανηθῆτε.
1227 325 1338 351 Πολλοὶ
1366 324 1421 359 γὰρ
1445 324 1621 351 ἐλεύσονται
1642 323 1811 358 ⁴ψευδοπρο-

1020 371 1119 406 φῆται.
1136 372 1190 398 Καὶ
1207 371 1254 398 τοῦ
1275 370 1435 397 Ἀποστόλου
1453 371 1517 405 περὶ
1537 370 1590 396 τῶν
1605 370 1694 396 αὐτῶν
1712 370 1810 405 ψευδο-

1021 418 1147 453 χρὶστων,
1160 418 1206 444 καὶ
1218 416 1476 451 ψευδοδιδασκάλων,
1492 416 1538 442 καὶ
1552 416 1739 450 ψευδαδέλφων
1756 416 1810 450 φη-

1022 472 1128 496 σαντος,
1142 463 1188 489 καὶ
1199 463 1272 498 ἡμᾶς
1282 461 1513 497 ἁσφαλισαμένου,
1528 462 1574 487 ἐπὶ
1588 461 1637 492 τὰς
1652 461 1725 495 ἑξῆς,
1740 460 1812 486 κατὰ

1022 509 1069 543 τὴν
1087 508 1247 535 ἀκολουθίαν
1263 507 1462 543 προϐαινόντων
1481 508 1533 534 τῶν
1551 507 1646 539 ἄλλων,
1664 507 1813 541 ποιήσομαι

1021 555 1069 588 τὴν
1084 555 1230 589 ὑφήγησιν.

1226 666 1321 692 ΚΑΤΑ
1339 665 1611 695 ΜΑΡΚΙΩΝΙΣΤΩΝ,

1022 723 1153 757 Εἱκοστὶι
1171 723 1306 757 δευτέρα,
1324 723 1343 757 ἡ
1364 723 1412 749 καὶ
1433 721 1661 756 τεσσαρακοστῇ
1679 721 1814 755 δηντέρα.

1060 779 1099 805 A'.
1118 778 1259 814 Μαρκίων,
1280 778 1325 812 ἀφ’
1341 776 1426 813 οὗπερ
1438 776 1656 812 Μαρκιωνισταὶ,
1671 778 1702 803 ἐκ
1720 776 1817 803 τούτου

993 824 1013 850 Β
1026 824 1072 850 τοῦ
1088 825 1286 860 προειρημένου
1308 824 1446 860 Κέρόωνος
1463 824 1512 858 τὴν
1529 823 1664 858 πρόφασιν
1686 821 1816 857 εἰληφὼς,

1028 871 1075 898 καὶ
1089 871 1170 902 αὐτὸς
1185 871 1271 905 μέγας
1285 870 1346 906 ὄφις
1361 869 1481 905 προῆλθε
1495 869 1533 904 τῷ
1548 869 1607 904 βίῳ.
1624 869 1694 896 Πολὺ
1707 869 1736 895 δὲ
1748 868 1817 902 πλῆ-

1028 916 1072 947 θος
1092 916 1264 950 ἐξαπατήσας
1287 916 1327 942 ἔτι
1350 918 1390 947 εἰς
1409 915 1488 951 δεῦρο
1508 917 1547 946 εἰς
1568 915 1680 946 πολλοὺς
1700 914 1819 948 τρόπους

1028 962 1214 996 προεστήσατο
1228 961 1421 987 διδασκαλεῖον.
1439 961 1470 986 Ἠ
1483 960 1511 986 δὲ
1525 961 1629 995 αἵρεσις
1643 959 1682 985 ἔτι
1698 959 1744 985 καὶ
1758 958 1818 989 νῦν,

1028 1007 1056 1033 ἐν
1067 1016 1097 1033 τε
1117 1007 1210 1042 Ῥώμῃ
1231 1007 1278 1034 καὶ
1297 1008 1326 1033 ὲν
1347 1008 1378 1042 τῇ
1401 1007 1552 1042 Ἰταλία,ὲν
1568 1005 1697 1040 Αἰγύπτῳ
1714 1014 1744 1031 τε
1771 1004 1821 1031 καὶ

1028 1054 1057 1079 ὲν
1072 1053 1246 1088 Παλαιστίνῃ,
1270 1054 1299 1078 ἐν
1321 1052 1435 1088 Ἀραϐίᾳ
1452 1061 1482 1078 τε
1502 1051 1549 1078 καὶ
1575 1052 1603 1077 ὲν
1624 1052 1658 1086 τῇ
1678 1051 1771 1086 Συρίᾳ.
1790 1051 1820 1077 ἐν

1028 1098 1134 1134 Κύπρῳ
1149 1107 1179 1125 τε
1197 1099 1244 1125 καὶ
1259 1098 1381 1134 Θηϐαΐδι,
1397 1098 1427 1124 οὐ
1444 1098 1497 1134 μὴν
1512 1098 1579 1125 ἀλλὰ
1595 1098 1641 1124 καὶ
1662 1099 1689 1124 ἐν
1708 1098 1740 1132 τῇ
1754 1098 1822 1132 Περ-

1030 1145 1091 1175 σίδι.
1106 1145 1152 1171 καὶ
1167 1146 1195 1171 ὲν
1210 1144 1300 1175 ἄλλοις
1320 1144 1412 1176 τόποις
1426 1145 1593 1180 εὑρίσκεται.
1616 1143 1749 1178 Μεγάλως
1764 1142 1821 1178 γὰρ

1030 1192 1044 1216 ὁ
1060 1191 1175 1226 πονηρὸς
1192 1192 1220 1217 ἐν
1237 1191 1331 1221 αὐταῖς
1349 1190 1495 1226 κατίσχυσε
1512 1190 1561 1225 τὴν
1576 1190 1683 1225 ἀπάτην

1065 1331 1149 1366 Οὗτος
1173 1334 1203 1360 τὸ
1228 1333 1306 1368 γένος
1330 1333 1386 1368 (6‘2)
1408 1332 1537 1363 Ποντικὸς
1565 1331 1696 1366 ὑπῆρχεν,
1717 1330 1823 1356 Ἕλενο-

1032 1380 1130 1406 πόντου
1145 1380 1174 1406 δὲ
1188 1388 1270 1414 φημι,
1286 1379 1409 1413 Σινώπης
1426 1378 1454 1404 δὲ
1475 1378 1589 1409 πόλεως,
1603 1377 1641 1408 ὡς
1655 1376 1738 1408 πολὺς
1756 1376 1823 1410 περὶ

1031 1426 1113 1453 αὑτοῦ
1129 1427 1220 1462 ᾄδεται
1236 1425 1323 1459 λόγος.
1338 1425 1389 1451 Τὸν
1411 1425 1439 1451 δὲ
1461 1423 1568 1459 πρῶτον
1584 1422 1666 1450 αὐτοῦ
1680 1422 1735 1458 βίον
1749 1430 1819 1456 παρ-

1032 1473 1121 1500 θενίαν
1135 1473 1214 1508 δῆθεν
1237 1473 1332 1507 ἧσκει’
1351 1471 1473 1506 μονάζων
1496 1470 1550 1506 γὰρ
1571 1470 1686 1504 ὑπῆρχε,
1702 1469 1749 1494 καὶ
1765 1467 1824 1499 υἱὸς

1033 1519 1182 1546 ἐπισκόπου
1206 1517 1255 1552 τῆς
1281 1517 1416 1552 ἡμετέρας
1443 1516 1523 1550 ἁγίας
1545 1515 1689 1550 καθολικῆς
1706 1513 1824 1547 Ἐκκλη-

1033 1566 1102 1597 σίας.
1127 1564 1231 1600 Χρόνου
1254 1564 1282 1590 δὲ
1304 1563 1443 1598 προϊόντος
1466 1562 1677 1597 προσ-φθείρεται
1698 1561 1827 1596 παρθένῳ

1032 1611 1095 1644 τινὶ,
1115 1611 1161 1637 καὶ
1175 1610 1349 1645 ἐξαπατήσας
1365 1610 1413 1644 τὴν
1432 1609 1576 1644 παρθένον,
1591 1609 1645 1634 ἀπὺ
1658 1608 1706 1643 τῆς
1717 1607 1825 1637 ἐλπίδος

1033 1658 1119 1693 αὐτήν
1140 1665 1170 1683 τε
1192 1657 1239 1683 καὶ
1261 1657 1358 1683 ἑαυτὸν
1382 1655 1553 1682 κατέσπασε·
1582 1655 1629 1681 καὶ
1648 1654 1696 1689 τὴν
1721 1653 1824 1688 φθορὰν

1033 1702 1277 1738 ἀπεργασάμενος,
1303 1700 1424 1732 ἐξεοῠται
1446 1700 1495 1735 τῆς
1516 1699 1677 1734 Ἐκκλησίας
1702 1697 1754 1724 ὑπὸ
1776 1697 1824 1723 τοῦ

1035 1749 1099 1775 ἰδίου
1116 1748 1228 1783 πατρός.
1248 1745 1303 1773 Ἦν
1319 1747 1374 1781 γὰρ
1393 1746 1474 1773 αὐτοῦ
1491 1747 1504 1772 ὁ
1518 1745 1609 1781 πατὴρ
1625 1745 1657 1771 δι’
1672 1744 1825 1779 ὑπερϐολὴν

1034 1793 1176 1824 εὐλαϐείας
1191 1793 1244 1818 τῶν
1261 1791 1407 1826 διαφανῶν,
1432 1791 1480 1817 καὶ
1503 1791 1606 1825 σφόδρα
1628 1790 1676 1824 τῆς
1698 1790 1825 1824 ἀληῡείας

1034 1835 1247 1871 ἐπιμελομένων,
1259 1835 1416 1869 διαπρέπων
1435 1835 1464 1860 ὲν
1483 1835 1515 1869 τῇ
1538 1834 1588 1868 τῆς
1609 1833 1760 1868 ἐπισκοπῆς
1773 1833 1827 1859 λει-
1863 1840 1865 1842 ·

1033 1881 1157 1917 τουργίᾳ.
1174 1880 1262 1907 Πολλὰ
1276 1881 1355 1916 δῆθεν
1369 1882 1383 1907 ὁ
1401 1880 1536 1916 Μαρκίων
1558 1879 1762 1911 καθικετεύσας,
1780 1879 1827 1906 καὶ

1034 1929 1149 1964 αἰτήσας
1167 1927 1321 1963 μετάνοιαν,
1337 1927 1386 1954 οὑκ
1410 1927 1504 1962 εἴληφε
1529 1927 1603 1961 παρὰ
1624 1927 1670 1953 τοῦ
1693 1927 1757 1952 ἰδίου
1775 1935 1826 1953 πα-

1036 1974 1107 2010 τρός.
1135 1974 1218 2005 Πόνος
1243 1973 1297 2009 γὰρ
1319 1970 1376 2008 εἶχε
1404 1973 1449 1999 τὸν
1470 1972 1607 2006 ἀξιόλογον
1635 1973 1750 2009 γέροντα
1779 1973 1827 1999 καὶ

1035 2021 1193 2051 ἐπίσκοπον,
1209 2020 1250 2046 ὅτι
1272 2019 1302 2045 οὐ
1328 2019 1407 2054 μόνον
1430 2019 1558 2052 ἐξέπεσεν
1580 2019 1693 2050 ἐκεῖνος,
1708 2018 1766 2045 ἀλλ’
1785 2019 1827 2045 ὅτι

1036 2066 1083 2092 καὶ
1106 2064 1180 2100 αὑτῷ
1196 2065 1226 2091 τὸ
1250 2062 1343 2099 αἶσχος
1369 2064 1475 2099 ἔφερεν.
1498 2063 1541 2095 Ὠς
1564 2064 1653 2090 τοίνυν
1674 2064 1724 2090 οὐκ
1747 2063 1826 2100 {suis

1036 2112 1098 2146 παρ’
1113 2109 1195 2137 αὑτοῦ
1219 2110 1262 2136 διὰ,
1279 2110 1328 2145 τῆς
1353 2109 1497 2141 κολακείας
1512 2106 1549 2136 ὧν
1567 2109 1665 2142 ἐδέετο,
1682 2110 1719 2145 μὴ
1737 2110 1828 2144 φέρων

1037 2157 1084 2193 τὴν
1097 2157 1151 2184 ἀπὸ
1171 2157 1225 2183 τῶν
1247 2155 1352 2183 πολλῶν
1370 2156 1478 2192 χλεύην,
1504 2156 1697 2192 ἀποδιδράσκει
1715 2157 1764 2191 τῆς
1780 2157 1828 2183 πύ-

1037 2204 1105 2234 λεως
1119 2203 1169 2237 τῆς
1184 2203 1279 2238 αὐτῆς,
1292 2203 1339 2229 καὶ
1354 2203 1455 2230 ἄνεισιν
1475 2203 1516 2234 εἰς
1538 2203 1586 2238 τὴν
1606 2202 1713 2239 Ῥώμην
1731 2203 1828 2238 αὐτὴν,

1039 2248 1107 2284 μετὰ
1126 2248 1156 2274 τὸ
1176 2248 1335 2283 τελευτῆσαι
1354 2248 1460 2282 Ὑγῖνον
1480 2249 1526 2275 τὸν
1542 2249 1690 2274 ὲπὲσκοπον
1707 2248 1827 2284 Ῥώμης.

1038 2293 1122 2325 Οὗτος
1135 2294 1163 2320 δὲ
1180 2294 1272 2325 ἔνατος
1284 2292 1318 2329 ἦν
1333 2294 1386 2320 ἀπὸ
1399 2294 1502 2330 Πέτρου
1516 2295 1562 2321 καὶ
1577 2294 1682 2321 Παύλου
1696 2295 1749 2320 τῶν
1761 2295 1830 2320 ἀπο-

1040 2341 1154 2367 στόλων·
1169 2341 1215 2367 καὶ
1241 2343 1298 2373 τοῖς
1317 2341 1356 2367 ἔτι
1381 2341 1546 2378 πρεσϐύταις
1558 2341 1690 2377 περιοῦσι,
1712 2341 1758 2368 κού⁸
1775 2342 1831 2368 ἀπὸ

1038 2387 1092 2414 τῶν
1118 2387 1246 2423 μαθητῶν
1274 2387 1328 2414 τῶν
1350 2388 1505 2416 ἀποστόλων
1530 2388 1702 2424 ὁρμωμένοις
1724 2388 1830 2423 συμϐα-

1039 2433 1102 2464 λὼν,
1129 2433 1186 2468 ᾔτει
1215 2433 1396 2468 συναχθῆναι,
1416 2434 1463 2460 καὶ
1483 2434 1571 2465 οὐδεὶς
1591 2434 1666 2469 αὐτῷ
1695 2433 1831 2469 συγκεχὼ-

1041 2488 1124 2514 ρηκε”
1139 2480 1212 2515 ζήλῳ
1226 2479 1316 2507 λοιπὸν
1339 2479 1478 2515 ἐπαρθεὶς,
1499 2480 1536 2511 ὡς
1556 2480 1606 2506 οὐκ
1630 2479 1762 2514 ἀπείληφε
1780 2480 1830 2512 τὴν

1042 2526 1186 2561 προεδρίαν
1201 2535 1230 2553 τε
1248 2527 1303 2562 (65)
1321 2527 1368 2553 καὶ
1384 2527 1432 2562 τὴν
1449 2527 1566 2553 εἴσδυσιν
1587 2527 1636 2562 τῆς
1657 2527 1828 2562 Ἐκκλησὶας,

1042 2698 1137 2718 versus
1150 2691 1294 2719 nefandum
1318 2693 1390 2720 hunc
1417 2694 1572 2721 hmretieum
1592 2703 1607 2720 ν
1625 2695 1708 2722 libros
1722 2693 1828 2721 Tertnl.

1043 2726 1109 2788 l\z’iid‘e
1120 2734 1180 2786 quae
1193 2727 1226 2754 dc
1238 2727 1297 2761 ejus
1312 2733 1433 2764 tempore
1445 2730 1478 2756 ad
1494 2730 1558 2756 haer.
1572 2737 1642 2759 ml.
1658 2739 1684 2756 n.
1697 2730 1720 2761 l,
1733 2731 1828 2764 dispu-

1073 2770 1087 2787 11
1100 2770 1144 2788 ΙΙ..

1073 2770 1144 2790 "IIIS.

1078 2797 1132 2831 (65)
1149 2798 1196 2830 Ὧς
1219 2799 1274 2825 οὐκ
1296 2799 1445 2835 ἀπείληφε
1461 2800 1518 2834 τὴν
1532 2799 1691 2834 προεδρίαν
1704 2808 1746 2827 τε.
1759 2800 1829 2835 Προ-
