1952 3045
135 110 191 136 ΕΞΠ

477 109 660 137 ADVEMSUS
676 109 845 137 llz’ERESES
866 110 928 137 LIB.

992 110 1074 139 TOM.
1096 111 1139 139 111.
1159 127 1194 131 -
1212 110 1351 138 ΗΛΕΠΕΞ.
1373 110 1452 137 XLII.

1720 109 1775 137 698

137 170 244 195 ἐπινοεῖ
271 169 360 201 ἑαυτῷ
391 170 438 196 καὶ
461 170 629 205 προσφεύγει
650 172 682 205 τῇ
705 169 752 196 τοῦ
780 171 936 202 ἀπατεῶνος

991 171 1043 199 illic
1063 171 1165 204 locum,
1183 178 1215 198 ac
1233 179 1267 198 ne
1291 169 1419 197 Ecclesia:
1435 168 1545 204 quidem
1562 167 1666 194 aditum
1678 167 1773 203 impe-

138 214 284 250 képSmo;
296 215 411 251 αἱρέσει.

178 301 214 327 B'.
236 302 289 328 Καὶ
308 301 432 337 ἄρχεται,
449 302 486 334 ὡς
503 304 600 334 είπεῖν,
617 302 647 335 ἐξ
670 303 754 336 αὐτῆς
777 303 826 338 τῆς
847 303 936 338 ἀρχῆς

138 347 189 373 καὶ
208 347 246 378 ὡς
265 347 318 373 ἀπὸ
341 348 430 384 θυρῶν
448 347 501 374 τῶν
523 347 687 383 ζητημάτων
707 348 858 383 προτείνειν
880 348 935 378 τοῖς

138 394 202 419 κατ’
225 395 313 419 ἐκεῖνο
336 393 432 429 καιροῦ
454 393 650 429 πρεσϐυτέροις
673 393 752 420 τοῦτο
773 394 804 420 τὸ
825 393 935 429 ζήτημα

137 439 240 473 λέγων·
259 440 360 466 Εἴπατέ
380 449 434 474 μοι,
454 440 480 465 τί
503 441 561 466 ὲστι
580 439 624 472 τὸ,
645 441 685 466 Οὐ
701 440 878 472 ,βάλλουσιν
892 438 935 466 οἷ-

137 494 197 511 νον
212 485 284 512 νέον
304 486 348 518 εὶς
369 485 484 518 ἀσκοὺς
510 485 667 518 παλαιοὺς,
688 485 760 512 οὐδὲ
785 485 936 519 ἐπίϐλημα

136 535 254 569 ῥάκους
271 535 408 570 ἀγνάφου
427 535 475 562 ἐπὶ
491 536 593 569 ίματίῳ
608 534 740 567 παλαιῷ·
758 536 784 561 εί
800 534 833 560 δὲ
845 533 934 568 μήγε,

137 581 190 607 καὶ
212 581 247 607 τὸ
268 580 414 615 πλήρωμα
437 581 523 614 αἴρει,
543 580 592 607 καὶ
612 580 651 613 τῷ
670 579 786 612 παλαιῷ
806 580 841 606 οὐ
860 587 936 613 συμ-

135 625 283 660 φωνήσει.
304 625 408 655 Μεῖζον
426 625 480 660 γὰρ
496 625 654 660 γενήσεται
676 625 793 660 σχίσμα
803 633 812 656 ;
831 624 882 651 Καὶ
897 625 935 656 ὡς

135 671 219 698 τοῦτο
236 672 355 707 ἥκουσαν
378 672 402 698 οἱ
427 672 558 702 ἐπιεικεῖς
580 672 626 698 καὶ
647 671 775 705 πανάγιοι
789 671 839 706 τῆς
855 671 936 705 ἁγίας

136 717 187 744 τοῦ
210 717 277 744 Θεοῦ
303 717 466 752 Ἐκκλησίας
487 717 668 752 πρεσϐύτεροι
698 718 744 744 καὶ
769 716 933 748 διδάσκαλοι,

135 763 185 789 τὸν
203 763 253 798 τῆς
267 763 428 794 ἀκολουθίας
448 763 496 789 καὶ
512 762 643 798 ἁρμονίας
659 763 830 794 ἀποδιδόντες
844 762 934 796 λόγον,

136 809 186 836 καὶ
201 808 350 846 φράζοντες
363 808 436 844 αὑτῷ
453 808 522 844 μετὰ
538 809 696 841 ἐπιεικείας,
711 809 812 842 ἔλεγονπ
823 809 934 839 Τέκνον,

136 854 219 881 τοῦτό
239 856 314 882 ἐστιν
336 856 416 883 ἀσκοὶ
437 855 558 886 παλαιοὶ,
576 856 604 881 al
625 855 680 881 τῶν
695 855 850 888 Φαρισαίων
867 863 936 890 καρ-

138 902 193 928 Ξίαι
210 902 256 928 καὶ
275 902 474 937 γραμματέων,
493 901 686 928 παλαιωθεῖσαι
701 902 728 927 ὲν
743 901 934 936 ἁμαρτήμασι,

139 947 186 974 καὶ
206 947 242 983 μὴ
265 947 408 982 δεξάμεναι
425 948 456 974 τὸ
472 949 604 984 κήρυγμα
621 947 667 974 τοῦ
685 946 868 981 Εὑαγγελίου·
891 947 937 974 καὶ

142 993 168 1020 τὸ
187 993 293 1028 ἱμάτιον
315 993 346 1019 τὸ
371 994 504 1026 παλαιὸν,
531 994 570 1026 ὡς
590 993 638 1020 καὶ
656 994 670 1020 ὁ
693 993 793 1024 Ἰούδας
816 993 938 1019 παλαιω-

138 1038 197 1070 θεὶς
210 1040 239 1064 ἐν
256 1038 423 1074 φιλαργυρίᾳ
442 1039 492 1065 οὐκ
505 1038 613 1070 ἐδέξατο
627 1037 675 1065 τοῦ
686 1037 781 1065 καινοῦ
797 1038 843 1064 καὶ
859 1037 935 1072 ἁγίου

139 1085 186 1112 καὶ
203 1085 364 1120 ἐπουρανίου
384 1084 533 1120 μυστηρίου
549 1085 691 1120 κήρυγμα,
708 1084 738 1110 τὺ
753 1083 802 1118 τῆς
820 1083 935 1115 ἐλπίδος.

138 1130 236 1157 Καίτοι
249 1130 396 1164 συναφθεὶς
406 1131 462 1162 τοῖς
473 1130 569 1157 ἕνδεκα
583 1130 753 1162 ἀποστόλοις,
767 1130 813 1156 καὶ
827 1129 937 1164 κληθεὶς

138 1175 185 1201 ὕπ’
206 1175 289 1202 αὐτοῦ
315 1175 363 1202 τοῦ
386 1175 510 1211 Κυρίου,
533 1175 726 1211 περισσότερον
747 1175 850 1210 κτίσμα
874 1174 937 1210 ἔσχε

138 1221 172 1247 δι’
184 1221 294 1254 ἑαυτοῦ,
310 1221 424 1257 μηδενὸς
447 1221 522 1257 αὐτῷ
545 1222 634 1248 αἰτίου
660 1221 823 1256 γενομένου·
841 1221 936 1258 ἐπειδὴ

141 1268 156 1303 ἡ
172 1267 276 1294 διάνοια
292 1267 375 1294 αὑτοῦ
396 1267 427 1294 οὐ
446 1267 648 1303 συμπεφώνηκε
664 1268 696 1303 τῇ
715 1267 771 1294 ἄνω
786 1267 874 1293 ἐλπίδι
889 1268 936 1294 καὶ

138 1313 293 1349 ἐπουρανίῳ
309 1313 404 1349 κλήσει
427 1313 481 1340 τῶν
498 1313 648 1349 μελλόντων
666 1313 787 1347 ἀγαθῶν,
805 1313 865 1340 ἀντὶ
883 1313 936 1340 τῶν

139 1359 257 1386 ἐνταῦθα
272 1359 421 1395 χρημάτων
439 1368 469 1386 τε
493 1360 539 1385 καὶ
556 1359 674 1394 κόμπου,
688 1359 735 1386 καὶ
751 1359 841 1394 φιλίας
861 1368 935 1395 παρ-

139 1404 292 1439 ερχομένης
306 1404 411 1436 ἐλπίδος
423 1413 454 1430 τε
469 1404 516 1431 καὶ
529 1404 636 1440 ἡδονῆς.

230 1438 343 1486 δὲ,7οὑχ
367 1451 464 1482 οὕτως,
488 1438 581 1485 φησὶν,
598 1450 666 1477 ἀλλὰ
691 1450 758 1478 ἄλλα
782 1438 841 1477 ἐστί
861 1449 936 1485 παρὰ
971 1472 982 1485 ._

139 1497 237 1529 ταῦτα,
253 1497 402 1532 ἀντιλέγων
426 1498 440 1523 ὁ
464 1497 595 1532 Μαρκίων
606 1505 612 1511 ·
629 1497 723 1532 ἐπειδὴ
745 1497 782 1533 μὴ
800 1497 936 1532 ἠθέλησαν

139 1542 223 1569 αὑτὸν
248 1542 374 1575 δέξασθαι
403 1541 488 1569 Τοῦτο
511 1540 557 1569 οὖν
581 1542 705 1578 φανερῶς
724 1542 817 1573 αὐτοῖς
839 1542 933 1576 ἔλεγε⁸
949 1527 972 1558 c

140 1590 174 1617 Τί
189 1591 226 1626 μὴ
236 1591 386 1626 ἠθελήσατε
405 1599 437 1626 με
452 1590 648 1623 ὑποδέξασθαι;
663 1589 722 1616 Τῶν
740 1589 770 1615 δὲ
790 1589 935 1623 λεγόντων.

141 1636 183 1663 ὅτι
207 1637 244 1663 Ut)
270 1636 407 1671 δυνάμεθα
435 1637 499 1663 ἄνευ
523 1636 572 1671 τῆς
595 1635 748 1671 ἐπιτροπῆς
775 1635 821 1661 τοῦ
846 1634 936 1670 τιμίου

144 1683 249 1718 πατρός
269 1691 315 1709 σου
332 1682 410 1709 τοῦτο
428 1683 549 1717 ποιῆσαι.
568 1681 626 1709 Μία
645 1682 700 1717 γάρ
712 1683 785 1708 ἐστιν
804 1682 820 1716 ἡ
836 1680 937 1712 πίστις.

144 1728 193 1754 καὶ
211 1728 260 1763 μία.
274 1728 396 1763 ὁμόνοια,
412 1728 458 1754 καὶ
482 1728 510 1754 οὐ
537 1727 674 1762 δυνάμεθα
686 1726 883 1761 ἐναντιωθῆναι
900 1726 938 1762 τῷ

144 1773 219 1808 καλῷ
236 1773 445 1810 συλλειτουργῷ,
467 1774 550 1810 πατρὶ
566 1773 594 1800 δὲ
616 1773 665 1809 σῷ.
685 1772 815 1807 Ζηλώσας
835 1772 937 1805 λοιπὸν,

144 1821 191 1847 καὶ
216 1820 256 1852 εἰς
283 1818 370 1855 μέγαν
394 1819 487 1855 ἀρθεὶς
507 1819 593 1854 θυμὸν
614 1818 661 1845 καὶ
684 1817 883 1853 ὑπερηφανίαν,
909 1817 940 1844 τὸ

127 1864 247 1899 σχίσμα
272 1862 418 1899 ἐργάζεται
445 1864 459 1888 ό
484 1862 622 1894 τοιοῦτος,
647 1861 737 1897 ἐαυτῷ
760 1862 810 1897 τὴν
833 1862 939 1898 αἵρεσιν

144 1910 379 1946 προστησάμενος,
391 1909 439 1936 καὶ
453 1908 547 1942 εἰπὼν,
558 1909 599 1935 ὅτι
618 1908 689 1942 Ἐγὼ
708 1908 792 1943 σχίσω
806 1908 856 1944 τὴν
877 1909 939 1935 Ἑκ-

145 1957 257 1993 κλησίαν
277 1957 367 1992 ὑμῶν,
385 1957 433 1983 καὶ
455 1956 529 1992 βαλῶ
557 1956 658 1992 σχίσμα
681 1957 710 1982 ὲν
738 1956 806 1991 αὐτῇ
829 1956 870 1987 είς
894 1955 939 1982 τὸν

145 2003 241 2030 αἰῶνα.
261 2003 305 2034 Ὠς
322 2001 427 2037 τάληθῆ
453 2001 502 2037 μὲν
525 2001 628 2040 σχίσμα
653 2000 749 2027 ἔϐαλεν
774 2001 804 2027 οὐ
831 2000 938 2036 μικρὸν,

145 2049 174 2075 οὐ
185 2048 234 2084 τὴν
253 2048 417 2084 Ἐκκλησίαν
432 2048 537 2083 σχίσας,
549 2047 606 2074 ἀλλ’
620 2047 716 2074 ἑαυτὸν
730 2047 777 2074 καὶ
790 2048 853 2079 τοὺς
866 2047 940 2082 αὐτῷ

145 2094 317 2126 πεισθέντας.

179 2141 216 2167 Γί.
235 2140 335 2167 Ἔλαὸε
350 2140 378 2166 δὲ
397 2139 446 2175 τὴν
462 2139 598 2175 πρόφασιν
620 2140 653 2165 ὲκ
673 2137 721 2165 τοῦ
739 2139 938 2175 προειρημένου

145 2185 294 2221 Κέρδωνος,
307 2186 404 2222 γόητος
416 2186 463 2212 καὶ
476 2184 626 2220 ἀπα-τηλοῦ.
648 2185 704 2212 Καὶ
723 2185 804 2216 αὐτὸς
822 2185 870 2220 μὲν
884 2185 939 2221 γὰρ

145 2231 191 2259 δύο
203 2231 332 2267 κηρύττει
345 2231 442 2266 ἀρχάς.
457 2230 589 2265 Προσοεὶς
606 2230 633 2256 δὲ
648 2231 728 2257 πάλιν
742 2230 849 2265 ἐκείνῳ,
867 2231 939 2265 φημὶ¹

146 2277 184 2313 τῷ
202 2278 334 2313 Κέρδωνι,
348 2277 440 2312 ἕτερόν
459 2286 486 2303 τι
508 2277 572 2312 παρ’
597 2277 702 2303 ἐκείνου
719 2277 727 2292 ¹
743 2276 873 2309 δείκνυσι,
896 2276 940 2303 λέ-

146 2331 201 2357 γων
215 2325 289 2359 τρεῖς
304 2321 372 2350 εἶναι
392 2323 479 2359 ἀρχάς
490 2343 498 2355 ,
515 2323 579 2358 μίαν
593 2322 642 2358 μὲν
662 2323 711 2358 τὴν
730 2323 787 2350 ἄνω
809 2323 940 2351 ἀκατονό-

148 2377 249 2404 μαστον
263 2370 311 2395 καὶ
328 2369 459 2404 ἀόρατον,
485 2369 518 2403 ἣν
539 2369 587 2395 καὶ
606 2369 708 2403 ἀγαθὸν
731 2369 797 2396 Θεὸν
817 2369 959 2405 βούλεται’

146 2413 245 2448 λέγειν,
262 2414 344 2449 μηδὲν
363 2414 391 2441 δὲ
408 2414 461 2441 τῶν
476 2415 505 2441 ὲν
525 2415 564 2449 τῷ
577 2415 672 2450 κόσμῳ
685 2415 826 2443 κτίσασαν.
845 2415 941 2442 ’Δλλον

146 2460 175 2486 δὲ
195 2458 265 2487 εἶναι
281 2460 378 2496 ὁρατὸν
391 2461 466 2493 Θεὸν,
488 2461 534 2487 καὶ
560 2461 681 2497 κτίστην,
701 2462 748 2488 καὶ
763 2462 940 2498 δημιουργόν.

148 2506 274 2533 Διάϐολον
295 2507 324 2533 δὲ
343 2507 444 2541 τρίτον,
463 2507 500 2538 ὡ,
524 2508 623 2540 εἰπεῖν,
648 2508 695 2534 καὶ
720 2508 802 2543 μέσον
822 2509 876 2534 τῶν
897 2509 943 2535 δύο

148 2553 260 2585 τούτων,
287 2552 335 2580 τοῦ
357 2561 387 2579 τε
415 2553 514 2588 ὁρατοῦ
539 2554 586 2580 καὶ
612 2553 659 2580 τοῦ
679 2553 815 2589 ἀοράτου.
839 2555 891 2580 Τὸν
914 2555 941 2581 δὲ

147 2599 259 2635 κτίστην
277 2600 323 2626 καὶ
339 2599 503 2634 δημιουργὸν
523 2600 570 2626 καὶ
593 2600 701 2635 ὁρατὸν,
722 2600 789 2627 Θεὸν
801 2598 871 2627 εῖναι
888 2601 942 2627 τῶν

153 2642 381 2677 Ἶουδαίων,εἷναι
396 2643 425 2670 δὲ
446 2644 527 2670 αὑτὸν
551 2645 654 2680 κριτήν.
677 2645 746 2680 Παρ¹
766 2646 840 2681 αὐτῷ
858 2646 886 2672 δὲ
903 2646 941 2681 τῷ

182 2721 192 2738 ⁹
209 2720 238 2748 F.
251 2722 365 2749 ἐκεῖνον.
404 2723 414 2738 ⁸
438 2721 533 2748 Matth.
548 2730 584 2754 Ix,
608 2723 649 2754 lli,
671 2723 710 2749 l7.

144 2798 239 2840 εδρίιιν
263 2800 296 2827 ad
313 2800 533 2840 communionem
561 2801 724 2840 clericorum
757 2799 856 2840 refero.
882 2806 942 2831 quae

149 2834 225 2863 hiem
255 2836 411 2871 opponitur,
424 2845 484 2871 quae
502 2840 530 2862 ut
544 2837 580 2863 ait
602 2837 726 2863 lialsamu
744 2836 776 2862 ad
799 2843 860 2862 ean.
888 2841 940 2861 ιιι

985 220 1097 250 trasset,
1115 217 1149 244 ad
1164 216 1244 252 303
1260 215 1420 250 impostoris
1434 213 1568 242 Cerdonis
1584 213 1701 241 haeresin
1712 221 1776 241 con-

986 263 1080 299 fugere
1095 264 1122 291 in
1139 264 1261 290 animum
1282 262 1401 290 induxit.

1024 309 1057 336 Il.
1078 309 1149 336 Tum
1167 309 1201 336 ab
1221 309 1280 344 ipso
1297 308 1433 343 principio
1446 307 1579 342 ipsisque,
1598 311 1629 333 ut
1645 307 1681 334 ita
1696 306 1774 333 dixe-

987 355 1049 387 rim,
1067 354 1251 390 quaestionum
1270 353 1378 380 foribus
1394 360 1520 382 exorsus.
1538 353 1715 388 presbyteris,
1729 353 1775 387 qui

987 405 1050 426 tunc
1073 399 1204 434 temporis
1217 402 1296 426 erant
1314 394 1397 434 coepit
1418 398 1471 426 ista
1496 405 1669 433 proponere:
1691 397 1775 429 Cedo,

985 447 1087 481 inquit,
1100 446 1165 481 quid
1185 446 1238 473 hoc
1260 445 1311 472 sibi
1332 445 1389 472 vult
1406 455 1412 472 :
1431 444 1491 472 Non
1508 445 1613 471 mittunt
1627 444 1714 471 vinum
1729 452 1777 470 no-

986 502 1046 520 eum
1062 493 1089 519 in
1104 497 1176 519 utres
1193 497 1291 519 υεῑετεε
1312 500 1392 527 neque
1411 491 1612 518 canmtissuram
1633 490 1714 524 panni
1731 498 1778 516 ru-

986 539 1028 565 dis
1054 539 1080 565 in
1103 539 1286 565 vestimentum
1311 542 1395 569 vetus,
1412 537 1514 571 alioqui
1543 536 1611 563 tollit
1632 534 1778 570 plenitudi-

986 592 1056 615 nem,
1080 592 1160 618 neque
1183 583 1263 611 veteri
1282 586 1408 617 congruet
1427 591 1435 609 :
1457 582 1545 616 major
1571 581 1641 608 enim
1660 581 1778 607 scissura

986 631 1016 664 ﬁt
1031 630 1060 656 ’Τ
1077 630 1149 665 quod
1177 629 1286 656 candidi
1303 629 1341 656 illi
1353 637 1385 656 ac
1399 627 1569 656 sanctissimi
1585 627 1631 654 Dei
1649 626 1779 654 Ecclesiae

986 675 1140 711 presbyteri
1163 682 1196 702 ac
1211 675 1339 702 doctores
1360 674 1514 705 audientes,
1533 673 1607 700 hunc
1623 673 1650 699 in
1667 672 1778 699 modum

987 721 1189 757 respondebam
1205 730 1211 748 :
1227 721 1290 754 Fili,
1314 724 1420 748 veteres
1447 720 1486 747 illi
1507 723 1583 746 utres
1611 719 1678 746 nihil
1705 718 1778 745 aliud

986 772 1060 800 sunt,
1082 775 1162 802 quatn
1192 766 1406 797 Pharisaeorum,
1436 765 1654 799 Scribarumque
1680 763 1774 796 corda,

987 821 1048 849 qua:
1064 813 1186 848 peccatis
1210 813 1442 844 inveteraverant,
1457 818 1507 838 nec
1521 810 1662 845 Evangelii
1675 809 1779 836 doctri-

988 868 1049 887 nam
1067 860 1247 886 admiserant.
1265 858 1422 892 Eodemque
1438 861 1518 884 vetus
1539 856 1606 883 illud
1630 856 1778 883 vestimen-

987 910 1043 932 tum
1068 906 1197 939 pertinet.
1234 904 1395 940 tlujusmodi
1417 903 1503 930 Judas
1530 902 1647 934 exstitit,
1673 902 1720 937 qui
1749 901 1778 928 in

987 951 1109 978 avaritiae
1134 955 1266 985 tanquam
1288 953 1425 978 vetustate
1446 949 1564 984 quadam
1588 947 1778 980 obsoleverat;

987 1003 1077 1030 neque
1097 995 1162 1022 novi
1188 1002 1220 1022 ac
1243 993 1411 1022 sanctissimi
1449 992 1626 1026 cmlestisque
1654 991 1779 1026 mysterii

988 1041 1208 1077 praedicationem
1231 1040 1354 1075 accepit;
1373 1039 1483 1067 tametsi
1506 1038 1538 1066 ad
1562 1038 1688 1065 undecim
1711 1044 1779 1072 apo-

988 1088 1075 1115 stolos
1100 1090 1175 1115 esset
1199 1091 1374 1122 aggregatus,
1393 1090 1421 1112 et
1441 1085 1475 1112 ab
1489 1085 1549 1120 ipso
1566 1084 1682 1111 Domino
1698 1090 1781 1110 voca-

988 1138 1050 1165 tus,
1080 1140 1113 1160 ex
1139 1141 1193 1168 quo
1219 1132 1350 1167 majorem
1371 1132 1523 1160 scissuram
1547 1138 1602 1158 non
1628 1130 1683 1157 alio
1698 1136 1780 1164 quam

988 1180 1105 1215 ipsomet
1133 1179 1186 1207 sibi
1216 1183 1329 1206 auctore
1360 1177 1674 1212 conscivit:pr0pterca
1705 1174 1780 1210 quod

988 1226 1048 1261 ejus
1068 1225 1179 1252 animus
1201 1224 1314 1251 caducis
1330 1224 1373 1251 his
1387 1223 1486 1258 opibus
1503 1230 1536 1250 ac
1553 1222 1637 1254 fastu,
1653 1220 1782 1255 ﬂuxaque

988 1271 1130 1299 hominum
1142 1270 1275 1303 amicitia,
1290 1278 1322 1298 ac
1336 1278 1384 1305 spe
1396 1270 1592 1304 voluptateqne
1605 1267 1781 1302 contemptis,

987 1325 1162 1354 nequaquam
1188 1325 1218 1345 se
1242 1317 1384 1344 caelestem
1401 1316 1434 1342 ad
1459 1322 1548 1350 spem,
1573 1322 1605 1342 ac
1624 1314 1781 1341 futurorum

987 1365 1123 1392 bonorum
1153 1362 1326 1391 vocationem
1344 1360 1613 1389 accommodaverat.

1026 1454 1066 1482 Ad
1090 1454 1149 1481 haec
1170 1452 1363 1481 contradicere
1386 1450 1522 1483 Marcion,
1547 1457 1580 1477 ac
1603 1449 1685 1484 longe
1700 1456 1782 1476 secus

989 1501 1016 1530 id
1043 1501 1145 1528 habere
1168 1507 1198 1527 se
1222 1499 1325 1531 dicere,
1348 1505 1399 1533 pro
1421 1505 1454 1525 eo
1474 1496 1549 1532 quod
1561 1496 1705 1523 admittere
1721 1503 1784 1523 sese

987 1548 1196 1575 detrectassent.
1208 1544 1299 1578 Quare
1311 1544 1401 1579 palam
1412 1550 1460 1571 eos
1477 1543 1620 1578 alloquens
1633 1551 1639 1568 ε
1655 1541 1712 1568 Cur
1726 1548 1781 1573 me,

988 1594 1088 1630 inquit,
1112 1593 1236 1628 recipere
1252 1590 1401 1619 noluistis?
1416 1589 1629 1625 Responderunt
1650 1588 1689 1616 illi
1703 1597 1710 1615 :
1729 1587 1785 1615 No-

987 1642 1030 1669 bis
1050 1640 1158 1676 injussu
1181 1638 1330 1667 venerandi
1353 1637 1441 1673 patris
1469 1637 1510 1664 tui
1534 1637 1626 1664 facere
1639 1633 1712 1663 istud
1728 1641 1785 1662 non

989 1689 1063 1715 licet.
1089 1686 1149 1714 Una
1174 1685 1311 1722 siquidem
1337 1684 1406 1712 ﬁdes
1427 1686 1480 1716 est,
1502 1687 1530 1710 et
1553 1682 1709 1709 animorum
1729 1688 1784 1707 una

989 1734 1150 1766 consensio,
1171 1740 1261 1768 neque
1275 1735 1372 1759 contra
1393 1728 1628 1766 spectatissimum
1650 1727 1784 1761 collegam

990 1784 1095 1816 patrem
1122 1784 1198 1806 tuum
1219 1777 1311 1805 moliri
1332 1775 1472 1812 quidpiam
1496 1781 1656 1810 possumus.
1681 1772 1716 1799 At
1739 1771 1785 1799 ille

991 1823 1181 1852 vehementius
1205 1821 1430 1852 excaudescens,
1454 1826 1487 1846 ac
1512 1818 1641 1854 superbia
1665 1816 1784 1844 invidia-

990 1878 1044 1906 que
1057 1870 1180 1905 percitus
1194 1868 1314 1896 schisma
1328 1864 1468 1898 conﬂavit,
1482 1871 1515 1891 ac
1527 1863 1656 1899 privatim
1667 1861 1784 1889 haeresin

991 1916 1186 1943 architectatus
1210 1917 1272 1941 est:
1288 1916 1315 1941 et
1336 1911 1499 1942 Ecclesiam,
1521 1909 1571 1940 ait,
1593 1911 1712 1935 vestram
1733 1913 1784 1940 ego

991 1961 1161 1993 dissociabo,
1185 1959 1213 1986 in
1229 1965 1346 1993 eamque
1368 1957 1487 1985 schisma
1511 1954 1708 1989 sempiternum
1730 1951 1784 1978 im-

992 2008 1110 2034 mittam.
1137 2004 1217 2038 Quod
1248 2004 1293 2031 ille
1315 2010 1411 2030 revera
1435 2008 1488 2028 nec
1511 1999 1650 2027 mediocre
1673 1996 1784 2032 quidem

991 2052 1086 2087 injecit
1100 2061 1106 2079 :
1122 2058 1177 2078 non
1192 2050 1230 2077 ita
1246 2053 1339 2075 tamen
1357 2051 1386 2075 ut
1400 2046 1563 2076 Ecclesium,
1581 2043 1630 2071 sed
1646 2047 1675 2070 ut
1687 2049 1718 2070 se
1732 2048 1784 2076 po-

992 2099 1048 2125 tius
1064 2105 1096 2125 ac
1107 2105 1173 2124 suos
1187 2094 1365 2123 discinderet.

1030 2141 1076 2168 lll.
1097 2141 1185 2176 Cujus
1199 2140 1224 2168 ei
1241 2138 1400 2168 schismatis
1416 2138 1608 2172 argumentum
1624 2132 1726 2160 nebulo
1738 2131 1785 2159 ille

995 2192 1022 2216 et
1041 2189 1173 2223 impostor
1187 2185 1276 2214 Cerdo
1287 2183 1414 2220 praebuit.
1429 2181 1497 2209 Nam
1514 2185 1540 2208 et
1552 2179 1608 2207 duo
1630 2179 1690 2214 ipse
1709 2178 1785 2213 prin-

994 2234 1068 2270 cipia
1083 2232 1239 2261 constituit.
1256 2231 1292 2257 At
1305 2229 1387 2266 305.
1402 2228 1505 2256 Marcio
1522 2226 1633 2254 tertium
1653 2224 1687 2251 ad
1710 2223 1784 2250 illius

993 2280 1092 2314 dogma
1119 2277 1284 2314 principium
1307 2275 1425 2310 adjecit,
1453 2277 1484 2300 ut
1511 2271 1625 2299 omnino
1649 2270 1702 2297 tria
1718 2269 1783 2301 sint,

991 2332 1109 2360 quorum
1125 2331 1210 2350 unum
1230 2322 1265 2350 sit
1283 2327 1453 2356 supremum,
1475 2319 1548 2354 quod
1568 2324 1657 2352 neque
1673 2316 1785 2343 nomine

991 2369 1205 2405 comprehendi,
1232 2375 1321 2403 neque
1342 2367 1403 2394 visu
1426 2365 1529 2401 percipi
1549 2363 1648 2399 possit,
1662 2369 1743 2398 quem
1758 2365 1783 2390 et

991 2416 1092 2444 bonum
1109 2416 1192 2442 Deum
1214 2414 1345 2449 appellat,
1365 2419 1380 2439 a
1394 2419 1450 2447 quo
1465 2410 1533 2438 nihil
1550 2409 1588 2437 sit
1606 2415 1702 2436 eorum
1725 2414 1785 2441 quae

993 2462 1021 2488 in
1038 2460 1143 2489 mundo
1158 2465 1222 2488 sunt
1233 2458 1386 2486 conditum.
1401 2458 1525 2484 Alterum
1541 2462 1608 2482 vero
1624 2453 1708 2482 Deum
1724 2460 1786 2480 esse

993 2506 1060 2533 dicit
1082 2505 1277 2540 aspectabilem
1293 2510 1326 2529 ac
1341 2506 1508 2529 creatorem.
1525 2499 1649 2527 Tertium
1664 2498 1785 2532 denique

991 2551 1132 2580 diabolum
1152 2550 1224 2578 inter
1246 2549 1343 2576 ambos
1365 2548 1440 2579 illos,
1456 2545 1651 2582 aspectabilem
1669 2543 1784 2574 scilicet,

990 2604 1017 2627 et
1038 2605 1101 2626 eum
1124 2597 1171 2633 qui
1199 2596 1285 2631 aspici
1308 2595 1404 2630 nequit
1427 2594 1612 2628 interjectum.
1631 2590 1670 2618 Ex
1692 2590 1725 2617 iis
1740 2589 1784 2624 qui

990 2651 1100 2673 creator
1109 2649 1151 2672 est
1159 2647 1186 2671 et
1196 2643 1286 2678 opifex
1300 2642 1440 2676 viderique
1448 2643 1549 2675 potest,
1557 2637 1713 2665 Judzeorum
1725 2644 1785 2663 esse

995 2796 1100 2827 Basilii.
1117 2796 1232 2823 dabatur
1259 2795 1336 2823 laicis
1355 2795 1434 2826 ὲκτδς
1444 2795 1494 2821 τοῦ
1509 2795 1640 2829 βήματος.
1661 2792 1705 2829 illa
1720 2799 1785 2829 vero

997 2832 1081 2864 ἐντός.
1089 2832 1226 2861 Credibile
1234 2835 1274 2860 est
1288 2832 1360 2860 enim
1373 2827 1676 2858 litarcione‘m‘elericum
1688 2827 1784 2855 fuisse.
