1952 3045
195 108 248 137 69‘.)

894 108 924 136 S.
945 107 1124 138 ΕΡΙΡΗΑΝΙΙ,

1781 106 1844 136 700

194 163 292 197 Deum,
308 163 489 199 eumdemque
502 164 635 199 judicem.
654 163 789 192 Cazterum
806 163 951 199 virginitas
969 172 984 191 a

1050 163 1181 200 ίαρκίωνι
1196 163 1243 190 καὶ
1256 162 1390 199 παρθενία
1401 161 1578 198 κηρύσσεται.
1592 163 1728 200 Νηστεῐαν
1741 164 1770 191 δὲ
1787 166 1842 191 καὶ

195 209 334 238 Marcione
356 210 531 245 praedicatur.
550 209 688 244 Jejunium
700 214 728 238 et
743 210 863 237 Sabbato
886 210 984 238 obser-

195 256 254 283 vari
267 255 401 290 praecipit.
428 254 557 290 Mysteria
579 255 783 282 catechumenis
807 255 984 282 cernentibus

196 301 270 336 apud
300 300 376 327 illum
406 300 589 327 celebrantur.
617 300 657 328 Ad
683 301 741 327 haec
769 308 832 328 vero
856 301 984 336 mysteria

197 355 296 382 aquam
318 347 438 373 adhibet.
463 346 583 374 Sabbato
599 346 636 374 ob
651 354 711 374 eam
726 354 837 374 causam
850 347 983 382 jejunium

197 393 297 421 sanxit.
323 392 390 420 Cum
409 393 492 424 enim,
513 393 562 424 ait,
584 392 740 420 Judteorum
767 393 825 424 Dei,
845 393 892 428 qui
911 393 984 420 lumc

197 440 330 467 mundum
356 438 510 472 fabricavit,
538 439 584 465 illa
600 439 635 466 sit
657 439 778 474 requies,
801 446 863 466 cum
888 439 931 466 die
946 446 984 466 vn

198 485 374 521 requieverit,
391 485 484 512 eadem
513 492 564 512 nos
591 485 714 520 iejunare
739 485 920 516 instituimus,
952 492 986 511 ne

198 530 356 558 Iudaeorum
374 529 421 558 Dei
443 530 541 557 ritibus
556 530 595 557 uti
610 530 761 558 videamur.
775 530 890 558 Carnem
906 533 986 565 negat

197 583 354 611 resurgere,
376 575 458 610 idque
480 575 562 602 habet
590 575 728 612 plerisque
751 583 812 602 cum
836 575 986 602 hmresibus

198 629 352 649 commune.
368 622 473 648 Anima:
501 621 635 649 duntaxat
656 623 884 650 resurrectionem
898 629 930 649 ac
946 623 987 649 vi-

198 672 253 695 tam
269 667 352 695 unius
362 672 390 694 et
409 667 525 695 salutem
541 668 649 695 asserit.

234 713 373 749 Baptismo
390 722 444 741 non
455 714 550 746 semel,
564 714 611 742 sed
624 715 705 742 tertio
717 714 788 750 apud
804 714 865 742 illos
877 714 987 742 initian-

199 764 254 787 tur.
272 759 349 792 Quod
362 759 419 786 fieri
431 759 534 787 idcirco
556 760 704 793 concessit,
727 761 799 795 quod
816 768 830 787 a
845 760 987 795 discipulis

199 806 268 838 suis,
289 806 389 840 quibus
410 805 499 832 fuerat
514 806 652 841 cognitus,
668 806 703 833 ob
716 806 845 834 delictum
864 806 941 838 illud,
956 814 988 833 ac

1037 209 1068 237 τὸ
1085 209 1222 236 Σάϐϐατόν
1237 208 1291 244 (64)
1305 208 1443 244 κηρύττει.
1460 209 1605 244 Μυστήρια
1627 209 1655 236 δὲ
1671 210 1750 246 δῆθεν
1766 212 1843 247 παρ’

1037 255 1113 290 αύτῷ
1146 254 1330 287 ἐπιτελεῖται,
1360 254 1414 280 τῶν
1449 254 1661 290 κατηχουμὲνων
1695 255 1842 290 ὁρώντων.

1039 301 1136 327 ’Υδατι
1155 300 1184 326 δὲ
1209 297 1286 331 οὗτος
1312 301 1340 326 ὲν
1365 301 1421 331 τοῖς
1442 300 1602 335 μυστηρίοις
1621 300 1729 335 χρῆται.
1750 301 1788 326 Τὸ
1808 301 1841 327 δὲ

1039 347 1178 374 Σάϐϐατον
1210 346 1335 381 νηστεύει
1364 346 1408 373 διὰ
1431 345 1559 381 τοιαύτην
1590 346 1689 373 αἰτίαν.
1710 345 1841 382 Ἐπειδὴ,

1039 394 1115 428 φησι,
1127 393 1174 419 τοῦ
1188 393 1255 420 Θεοῦ
1269 393 1324 419 τῶν
1341 392 1476 419 Ἰουδαίων
1491 392 1564 418 ἐστὶν
1615 392 1768 423 ἀνάπαυσις
1785 390 1842 417 τοῦ

1039 439 1219 474 πεποιηκότος
1239 439 1285 465 τὸν
1308 439 1420 474 κόσμον,
1442 438 1490 464 καὶ
1506 439 1535 464 ὲν
1556 439 1589 473 τῇ
1615 437 1714 472 ἐϐδόμῃ
1738 437 1842 472 ἡμέρᾳ

1040 485 1280 520 ἀναπαυσαμένου,
1295 485 1375 520 ἡμεῖς
1394 483 1586 520 νηστεύσωμεν
1603 482 1716 518 ταύτην,
1733 483 1777 509 ἴνα
1797 481 1840 517 μὴ

1039 531 1070 557 τὸ
1096 531 1215 567 καθῆκον
1241 531 1287 558 τοῦ
1312 531 1379 557 Θεοῦ
1408 531 1461 557 τῶν
1480 530 1614 557 Ἰουδαίων
1638 529 1839 565 ἐργαζώμεθα.

1039 577 1096 613 τὴν
1111 579 1161 613 τῆς
1177 577 1276 613 σαρκός
1293 576 1322 603 δὲ
1339 577 1429 604 ἀθετεῖ
1444 576 1600 605 ἀνάστασιν,
1618 575 1744 610 καθάπερ
1767 574 1840 601 πολ-

1039 623 1084 651 λαὶ
1096 623 1150 650 τῶν
1165 623 1305 658 αἱρέσεων.
1325 622 1421 658 Ψυχῆς
1440 622 1469 649 δὲ
1494 622 1643 649 ἀνάστασιν
1663 619 1733 647 εἶναι
1749 620 1838 655 λέγει,

1041 670 1088 696 καὶ
1101 669 1175 704 ζωὴν
1191 669 1238 695 καὶ
1253 668 1389 703 σωτηρίαν
1402 668 1496 703 μόνης.

1077 716 1114 742 Οὺ
1132 715 1211 751 μόνον
1232 715 1260 742 δὲ
1278 715 1340 750 παρ’
1361 714 1435 749 αὺτῴ
1454 713 1482 740 ἓν
1503 713 1614 749 λουτρὸν
1636 712 1747 740 δίδοται.
1765 711 1841 738 ἀλλὰ

1041 763 1089 789 καὶ
1102 761 1154 792 ἕως
1171 760 1253 796 τριῶν
1269 759 1398 795 λουτρῶν,
1413 759 1460 786 καὶ
1482 759 1609 785 ἐπέκεινα
1626 757 1713 790 ἔξεστι
1733 756 1840 783 διδόναι

1042 808 1107 843 παρ’
1124 808 1215 838 αὐτοῖς
1232 805 1271 841 τῷ
1289 805 1450 841 βουλομένῳ,
1473 805 1511 836 ὼς
1536 805 1612 840 παρὰ
1639 803 1742 830 πολλῶν
1762 803 1838 838 ἀκή-

198 851 312 886 virginis
327 855 464 886 stuprum,
482 851 601 878 ludibrio
616 855 690 878 esset
704 851 825 879 habitus.
843 851 910 878 Nam
924 860 987 878 cum

1050 863 1103 881 ιοα.
1121 853 1283 889 Συμϐέϐηκε
1297 852 1324 879 δὲ
1338 852 1417 878 τοῦτο
1430 851 1555 885 γενέσθαι
1569 850 1655 885 αὐτῷ,
1667 850 1697 876 τὸ
1711 849 1840 884 ἐφίεσθαι

198 895 330 930 virginem
363 895 390 920 in
426 895 515 929 patria
548 898 775 930 constuprasset,
807 899 834 922 et
867 895 986 929 ingentis

199 939 292 974 ﬂagitii
324 939 467 966 convictus
510 939 682 974 aufugisset,
711 940 825 967 alterum
852 940 902 967 sibi
930 940 985 967 cir-

198 985 394 1013 Cmnforaueus
433 986 484 1013 iste
527 986 692 1021 baptismum
739 986 858 1020 ascivit;
905 986 987 1013 licere

200 1033 384 1066 pronuntians
400 1037 440 1058 ιρι·
451 1033 564 1059 omnino
585 1033 686 1067 aliquis
706 1033 771 1064 elui,
793 1040 824 1060 ac
850 1033 987 1068 baptismo

201 1082 375 1111 peccatorum
399 1078 430 1103 ad
450 1078 678 1105 contionationem
704 1079 807 1113 expiari
823 1089 829 1106 :
845 1083 873 1105 ut
887 1079 908 1105 si
925 1080 987 1113 quis

201 1127 262 1156 post
288 1128 448 1156 usurpatum
468 1124 585 1158 priorem
603 1125 770 1158 peCcaverit,
787 1124 819 1150 ad
837 1126 986 1152 secundum

200 1175 261 1195 cum
280 1169 438 1202 pmnitentia
456 1170 604 1203 confugiat,
624 1169 802 1204 similiterque
824 1171 944 1201 tertium,
965 1171 987 1197 si

202 1219 263 1250 post
302 1215 452 1242 secundum
484 1215 581 1242 iterum
609 1223 639 1242 se
661 1215 768 1242 delictis
801 1216 987 1244 obstrinxerit.

201 1260 278 1292 Quod
300 1260 333 1286 ad
357 1259 475 1286 infamite
501 1268 557 1287 sum
576 1260 725 1287 remedium
746 1261 920 1294 excogitavit,
936 1269 990 1295 quo

201 1313 231 1332 se
244 1313 353 1332 rursum
378 1310 440 1340 post
454 1305 561 1333 facinus
585 1309 741 1340 purgatum.
766 1310 794 1333 ct
819 1307 889 1333 inter
910 1306 987 1333 inno~

202 1356 296 1379 centes
316 1352 517 1379 numerandum
543 1359 604 1379 esse
631 1353 819 1386 persuaderet.
852 1353 892 1379 Ad
919 1353 990 1389 quod

202 1398 285 1424 etiam
317 1396 385 1424 faISu
414 1397 602 1424 testimonium
629 1398 764 1432 quoddam
793 1400 990 1432 accommodat,

203 1443 275 1477 quod
291 1443 382 1477 specie
399 1443 458 1478 ipsa
487 1443 628 1478 probabile
644 1444 732 1479 possit
749 1444 834 1471 videri
853 1454 859 1472 :
874 1446 924 1472 etsi
937 1453 993 1474 non

203 1496 236 1516 eo
259 1496 314 1523 quo
339 1489 395 1516 vult
408 1490 542 1524 pertineat
557 1499 564 1516 :
580 1490 620 1516 sic
634 1490 706 1517 enim
718 1490 834 1518 asserit:
849 1489 991 1518 Dominum

203 1537 347 1567 postquam
366 1541 381 1559 a
392 1532 498 1560 Joanne
519 1533 675 1568 baptizatus
691 1537 743 1564 est.
756 1533 860 1560 dixisse
871 1534 992 1568 discipu-

1050 1541 1108 1575 ιτερὶ
1131 1540 1226 1567 τούτου
1247 1539 1424 1575 ψευδηγορῶν

205 1577 240 1604 lis
254 1587 260 1604 :
274 1577 413 1611 Baptisma
440 1577 522 1604 habeo
547 1578 688 1612 baptizari,
706 1582 730 1604 et
752 1578 815 1612 quid
832 1578 890 1605 volo
903 1579 996 1604 nisiut

205 1625 341 1660 perﬁciant
361 1625 482 1658 ipsum“?
602 1624 641 1650 At:
663 1631 770 1651 rursum
786 1634 792 1651 :
812 1623 927 1651 Calicem
949 1624 997 1650 ha-

207 1671 253 1697 beo
277 1671 382 1697 bibere:
399 1675 424 1697 et
449 1670 512 1698 auid
528 1671 595 1700 volo,
627 1670 678 1696 nisi
702 1674 732 1697 ut
761 1671 882 1704 impleam
900 1670 998 1698 illum?

207 1715 286 1743 Unde
306 1716 399 1751 plures
413 1715 474 1743 illos
492 1715 641 1750 baptismos
657 1721 830 1743 commentus
846 1719 899 1743 est.

1039 900 1101 936 τρία
1121 899 1220 936 λουτρά
1243 898 1371 929 δίδοσθαι,
1392 898 1425 924 δι’
1451 898 1484 932 ἣν
1509 897 1603 931 ὑπεῖχε
1629 895 1729 931 χλεύην
1758 895 1839 930 παρὰ

1039 946 1093 973 τῶν
1113 946 1192 972 αὑτὸν
1214 945 1371 979 ἐγνωκότων
1389 943 1517 979 μαθητῶν
1532 941 1615 968 αὑτοῦ
1633 943 1665 968 ὲκ
1681 940 1838 976 παραπτώ-

1042 992 1126 1028 ματός
1140 1000 1170 1017 τε
1186 991 1231 1017 καὶ
1249 990 1350 1026 φθορᾶς
1361 989 1411 1024 τῆς
1421 990 1461 1020 εἰς
1475 989 1522 1022 τὴν
1535 988 1669 1023 παρθένον
1682 986 1838 1021 γεγενημέ-

1041 1047 1099 1073 νης.
1119 1037 1226 1071 Ἐπειδὴ
1251 1036 1364 1070 φθεῖρας
1383 1036 1412 1061 ἐν
1430 1036 1462 1070 τῇ
1477 1034 1575 1060 ἑαυτοῦ
1598 1033 1674 1060 πόλει
1694 1033 1744 1068 τὴν
1764 1040 1838 1067 παρ-

1041 1084 1127 1114 θένον,
1142 1083 1188 1110 καὶ
1208 1082 1363 1117 ἀποδράσας
1379 1081 1428 1116 μὲν
1452 1082 1480 1107 ὲν
1502 1079 1704 1116 παραπτώματι
1723 1078 1837 1114 μεγάλῳ

1042 1130 1151 1165 εὑρέθη,
1173 1129 1317 1164 ἐπενόησεν
1338 1129 1352 1154 ὁ
1371 1127 1492 1164 ἀγύρτης
1514 1126 1603 1162 ἐαυτῷ
1623 1126 1747 1161 δεύτερον
1771 1125 1837 1151 λου-

1041 1176 1115 1211 τρὸν,
1132 1176 1230 1209 φήσας,
1246 1174 1286 1200 ὅτι
1307 1173 1430 1205 Ἔξεστιν
1450 1172 1502 1203 ἕως
1516 1171 1597 1207 τριῶν
1612 1170 1741 1206 λουτρῶν,
1757 1178 1838 1196 τουτ-

1043 1221 1100 1248 ἐστι
1117 1220 1199 1256 τριῶν
1227 1218 1399 1254 βαπτισμῶν,
1423 1219 1463 1250 εἰς
1483 1219 1577 1252 ἄφεσιν
1602 1216 1742 1252 ἁμαρτιῶν
1766 1215 1837 1241 δίδο-

1044 1268 1106 1294 σθαι
1118 1275 1124 1281 '
1142 1267 1174 1293 ἶν’
1190 1267 1215 1293 εἴ
1226 1275 1267 1298 τις
1282 1266 1435 1301 παρέπεσεν
1453 1266 1492 1295 εἰς
1506 1264 1536 1290 τὺ
1552 1264 1668 1298 πρῶτον,
1681 1262 1752 1298 λάὁῃ
1771 1260 1835 1288 δεύ-

1043 1322 1121 1348 τερον
1137 1313 1313 1348 μετανοήσας,
1326 1312 1373 1338 καὶ
1387 1311 1477 1346 τρίτον
1491 1309 1630 1341 ὡσαύτως,
1645 1308 1691 1335 ἐὰν
1703 1309 1732 1334 ἐν
1745 1315 1838 1343 παρα-

1045 1358 1172 1393 πτώματι
1197 1358 1265 1392 μετὰ
1285 1357 1314 1384 τὸ
1334 1357 1460 1392 δεύτερον
1477 1356 1598 1390 γένηται.
1612 1354 1690 1390 Φέρει
1706 1354 1734 1380 δὲ
1745 1353 1837 1389 δῆθεν,

1046 1404 1089 1429 ἵνα
1105 1403 1152 1438 τὴν
1168 1402 1264 1429 ἑαυτοῦ
1283 1401 1382 1437 χλεύην
1402 1400 1530 1436 ἀνασώσῃ
1547 1402 1586 1431 είς
1602 1400 1774 1436 παράστασιν
1792 1398 1839 1425 αὐ-

1045 1448 1092 1476 τοῦ
1101 1456 1108 1463 ·
1129 1450 1169 1475 ὅτι
1181 1449 1210 1474 τὸ
1226 1448 1293 1483 μετά
1307 1448 1336 1474 τὺ
1357 1447 1439 1474 αὐτοῦ
1453 1446 1629 1482 παράπτωμα
1643 1445 1725 1471 πάλιν
1737 1443 1840 1471 ἐκαθα-

1049 1495 1138 1530 ρίσθη,
1162 1495 1210 1521 καὶ
1232 1494 1324 1520 λοιπὸν
1347 1494 1376 1520 ἐν
1401 1492 1500 1523 ἀθώοις
1522 1491 1654 1527 ὑπάρχει,
1687 1489 1841 1526 μαρτυρίαν

1444 1559 1451 1571 ,
1476 1538 1514 1570 ὠς
1536 1537 1665 1572 πιθανὴν,
1689 1535 1842 1570 δυναμένην

1050 1586 1231 1621 ἐξαπατῆσαι,
1244 1586 1275 1612 οὐ
1286 1584 1364 1611 τοῦτο
1375 1584 1402 1610 δὲ
1416 1583 1612 1619 σημαίνουσαν,
1628 1582 1642 1608 ὃ
1653 1581 1734 1612 αὐτὸς
1755 1581 1839 1614 λέγει,

1050 1633 1090 1659 ὅτι
1112 1631 1193 1667 φησί’
1218 1631 1380 1662 Βαπτισθεὶς
1403 1631 1417 1656 ὁ
1440 1629 1540 1664 Κύριος
1567 1628 1620 1655 ὑπὸ
1642 1627 1688 1654 τοῦ
1708 1627 1842 1658 Ἰωάννου,

1051 1678 1127 1712 ἔλεγε
1141 1679 1197 1709 τοῖς
1213 1676 1359 1712 μαθηταῖς·
1377 1675 1535 1709 Βάπτισμα
1549 1675 1607 1708 ἔχω
1616 1671 1838 1706 ,βαπτισθῆναν

1055 1724 1103 1751 καὶ
1128 1724 1157 1750 τι
1177 1722 1254 1750 θέλω
1273 1724 1298 1749 ει
1321 1722 1380 1756 ἤδη
1402 1721 1543 1748 τετέλεκα
1567 1719 1656 1751 abrd;
1679 1719 1726 1745 καὶ
1745 1717 1843 1745 πάλιν·

207 1766 354 1801 Ποτήριον
367 1767 426 1801 ἔχω
444 1767 536 1794 πιεῖν-
559 1767 609 1794 καὶ
632 1767 661 1794 τί
680 1767 755 1795 θέλω
772 1767 830 1802 ἤδη
850 1767 999 1802 πληρώσω
1018 1770 1114 1802 αὐτό;
1130 1770 1176 1796 καὶ
1209 1769 1281 1796 οὕτω
1299 1769 1331 1795 τὸ
1367 1768 1466 1795 διδόναι
1488 1767 1573 1793 πλείω
1596 1765 1770 1801 βαπτίσματα
1790 1763 1844 1790 ἐδο-

207 1813 351 1848 γμάτισεν.

245 1857 290 1885 ιν.
306 1856 442 1884 Praeterea
455 1857 540 1892 legem
559 1864 590 1884 ac
619 1857 766 1892 prophetas
782 1865 878 1886 omnes
891 1858 1000 1893 abjicit;

209 1910 281 1939 quos
300 1903 433 1938 principis
454 1903 526 1930 illius
543 1903 646 1935 alIlatu,
665 1905 710 1938 qui
731 1904 804 1930 hunc
824 1904 918 1931 orbem
936 1911 1003 1931 con-

211 1951 291 1984 didit,
308 1951 473 1978 vaticinatos
487 1951 637 1978 existimat.
653 1951 795 1978 Christum
813 1959 878 1978 vero
893 1951 954 1978 ideo
970 1952 1004 1979 de

210 1997 281 2024 coelo
310 1996 451 2031 delapsum
474 1996 520 2023 illo
538 2003 552 2022 a
570 1995 696 2028 Parente,
713 1997 760 2031 qui
776 2003 826 2023 nec
845 1996 931 2023 videri
955 2004 1006 2023 nec

210 2042 349 2069 nominari
364 2045 465 2076 potest,
482 2046 510 2068 ut
526 2046 552 2068 et
567 2042 674 2069 animas
692 2042 832 2075 liberaret,
850 2047 877 2070 et
893 2042 1004 2070 Judzeo-

210 2096 273 2115 rum
297 2095 329 2115 ac
352 2087 429 2123 legis,
455 2091 483 2115 et
508 2088 715 2122 prophetarum,
742 2092 824 2123 atque
848 2088 1004 2116 istiusmodi

212 2138 373 2161 caeterorum
388 2133 471 2161 Deum
483 2133 674 2169 redargueret.
689 2133 744 2161 luto
754 2135 785 2161 ad
803 2134 904 2162 inferos
918 2143 1004 2170 usque

1091 1861 1128 1887 Δ¹.
1141 1861 1178 1888 Οὐ
1191 1861 1269 1896 μόνον
1284 1861 1312 1887 δὲ
1319 1859 1478 1892 τοῦτο,ἀλλά
1492 1858 1539 1885 καὶ
1546 1857 1590 1884 τὸν
1602 1857 1682 1892 νόμον
1690 1854 1843 1886 ἀποϐάλλει,

1054 1907 1102 1933 καὶ
1117 1907 1219 1938 πάντας
1249 1906 1399 1941 προφήτας,
1421 1905 1508 1938 λέγων
1527 1904 1559 1929 ὲκ
1576 1902 1624 1929 τοῦ
1654 1902 1781 1936 ἄρχοντος
1800 1899 1844 1926 τοῦ

1056 1952 1101 1979 τὸν
1120 1953 1222 1987 κόσμον
1237 1951 1416 1986 πεποιηκότος
1430 1951 1493 1981 τοὺς
1504 1949 1642 1980 τοιούτους
1659 1955 1832 1983 προπεφητευ

1057 1997 1145 2024 κέναι.
1163 1996 1280 2031 Χριστὸν
1294 1996 1322 2022 δὲ
1340 1995 1413 2029 λέγει
1429 1993 1531 2022 ἄνωθεν
1547 1993 1600 2019 ἀπὺ
1612 1992 1660 2018 τοῦ
1675 1992 1790 2028 ἀοράτου
1801 1991 1844 2018 καὶ

1059 2042 1279 2078 ἀκατονομάστου
1304 2041 1410 2076 Πατρδς
1426 2039 1645 2075 καταϐεϐηκέναι
1667 2039 1714 2065 ἐπὶ
1730 2037 1845 2073 σωτηρίᾳ

1056 2089 1110 2115 τῶν
1124 2088 1226 2124 ψυχῶν,
1239 2088 1346 2121 καὶέπὶ
1361 2086 1464 2121 ἐλέγχῳ
1476 2085 1522 2112 τοῦ
1539 2085 1606 2111 Θεοῦ
1623 2084 1677 2111 τῶν
1704 2083 1844 2114 Ἰουδαίων,

1057 2134 1219 2171 καὶ-νόμουκ
1228 2133 1274 2160 καὶ
1293 2132 1449 2169 προφητῶν,
1457 2132 1504 2158 καὶ
1511 2131 1565 2157 τῶν
1573 2130 1711 2156 τοιούτων.
1722 2129 1776 2156 Καὶ
1786 2128 1844 2164 ἄχρι

212 2179 388 2207 descendisse
406 2179 562 2210 Dominum,
577 2183 606 2206 ut
621 2184 648 2206 et
659 2178 756 2211 Caino,
771 2184 797 2206 et
811 2179 890 2211 (lore,
904 2187 935 2207 ac
951 2179 994 2206 Da-

1054 2180 1117 2215 ᾅδου
1133 2178 1351 2213 καταϐεϐηκὲναι
1369 2177 1415 2203 τὸν
1432 2177 1544 2212 Κύριον,
1561 2176 1604 2202 ῖνα
1614 2175 1688 2210 σώσῃ
1702 2175 1764 2205 τοὺς
1787 2173 1844 2207 περὶ

212 2225 302 2256 thani,
324 2228 352 2252 et
371 2224 496 2256 Abironi,
519 2232 569 2252 nec
594 2232 649 2252 non
674 2224 766 2258 Esau,
790 2233 823 2253 ac
845 2227 1005 2254 nationibus

213 2269 353 2301 omnibus,
371 2269 474 2304 quibus
499 2269 656 2297 Judzeorum
681 2269 754 2298 Deus
775 2270 864 2298 fuerat
884 2271 1004 2306 ignotus,

213 2316 331 2344 salutem
344 2315 462 2343 aﬂerret.
476 2316 592 2344 Abelum
609 2324 684 2349 vero,
695 2316 849 2349 Enochum,
862 2317 1005 2350 Noemum,

214 2361 411 2394 Abrahamum,
424 2362 557 2395 lsaacum,
569 2362 712 2396 Jacobum,
730 2362 861 2398 Moysem,
877 2363 1006 2390 Davidem

215 2415 248 2435 ac
270 2407 443 2435 Salomonem
467 2408 524 2436 illic
546 2409 675 2444 relictos;
703 2411 831 2445 quoniam
851 2410 1007 2438 Judzeorum

216 2453 315 2486 Deum,
330 2453 470 2488 inquiunt,
487 2460 669 2490 agnoverunt,
685 2457 731 2491 qui
744 2456 931 2484 universitatis
942 2464 1009 2483 con-
1025 2479 1027 2481 .

216 2499 290 2527 ditor
305 2506 338 2526 ac
355 2499 508 2527 fabricator
529 2506 583 2534 est,
600 2502 717 2537 ejusque
741 2503 814 2537 leges
832 2506 860 2530 et
885 2503 1010 2530 instituta

217 2545 307 2574 secuti
323 2549 405 2573 sunt:
422 2552 455 2572 ac
476 2553 530 2573 non
553 2555 583 2574 se
598 2549 688 2582 potius
712 2548 790 2576 alteri
814 2549 854 2576 illi
874 2549 939 2580 Deo.
964 2548 1011 2583 qui

217 2590 304 2618 videri
327 2590 416 2618 oculis
435 2592 542 2626 nequit,
565 2593 739 2622 addixerunt.
763 2594 823 2621 .lam
843 2594 1012 2622 mulierculis

219 2636 378 2672 baptizandi
401 2641 566 2672 potestatem
592 2639 667 2667 facit.
690 2640 763 2668 Nihil
780 2645 822 2669 est
846 2641 919 2669 enim
940 2641 1014 2677 apud

257 2714 267 2731 ¹
281 2714 349 2743 Luc.
369 2722 419 2748 xu,
432 2714 476 2743 50.

1060 2225 1192 2257 Κάῐν,καὶ
1204 2223 1339 2259 Κορὲ,καὶ
1353 2222 1505 2254 Δαοὰν,καὶ
1516 2219 1743 2257 Ἀὃηρὼν,Ἦσαῦ
1752 2228 1780 2246 τε
1801 2218 1844 2245 καὶ

1060 2272 1149 2299 πάντα
1164 2271 1198 2298 τὰ
1217 2270 1280 2304 ἔθνη
1296 2270 1330 2296 τὰ
1346 2269 1383 2305 μὴ
1396 2268 1570 2303 ὲπεγνωκότα
1581 2268 1626 2294 τὸν
1638 2267 1704 2293 Θεὸν
1716 2265 1769 2292 τῶν
1786 2266 1833 2292 Ίου

1060 2317 1153 2344 δαίων.
1166 2317 1235 2348 Τοὺς
1246 2316 1273 2342 δὲ
1289 2316 1353 2351 περὶ
1367 2314 1460 2346 Ἀϐελ,
1478 2314 1525 2340 καὶ
1543 2313 1639 2348 Ἑνὼχ,
1657 2312 1703 2339 καὶ
1718 2311 1789 2343 Νῶε,
1803 2310 1843 2337 καὶ

1067 2362 1202 2400 Ἀἧραὰμ,
1216 2362 1263 2388 καὶ
1281 2361 1382 2393 Ἰσαὰκ,
1401 2361 1448 2387 καὶ
1465 2359 1574 2391 Ἰακὼΰ,
1593 2359 1640 2385 καὶ
1653 2357 1781 2390 Μωῦσέα,
1795 2357 1843 2382 Δα-

1062 2410 1105 2436 6ίδ
1127 2418 1157 2435 τε
1183 2407 1400 2443 καὶλΣαλομῶνα
1429 2406 1487 2432 ἐκεῖ
1517 2403 1758 2432 καταλελοιπέναν
1785 2402 1843 2429 διότι

1062 2455 1230 2489 ἐπέγνωσαν,
1258 2454 1334 2488 φησὶ,
1367 2453 1412 2479 τὸν
1437 2452 1503 2479 Θεὺν
1531 2451 1586 2478 τῶν
1624 2449 1767 2481 Ἰουδαίων,
1789 2449 1843 2475 avra

1064 2501 1179 2536 ποιητὴν
1204 2499 1250 2527 καὶ
1272 2499 1395 2534 κτίστην,
1414 2498 1463 2525 καὶ
1486 2497 1521 2524 τά
1537 2497 1693 2532 καθήκοντα
1707 2494 1789 2522 αὐτοῦ
1801 2503 1832 2521 πε

1065 2549 1195 2582 ποιὴκασι
1210 2546 1256 2572 καὶ
1272 2545 1332 2580 οὐχὶ
1346 2544 1384 2580 τῷ
1397 2544 1456 2580 Θεῷ
1472 2543 1512 2579 τῷ
1523 2543 1630 2579 ἀοράτῳ
1641 2541 1756 2572 ἑαυτοὺς
1770 2549 1843 2576 προσ-

1065 2593 1201 2620 ανέθεντο.
1229 2592 1325 2619 Δίδωσι
1349 2592 1395 2618 καὶ
1412 2590 1564 2627 ἐπιτροπὴν
1583 2587 1691 2623 γυναιξὶ
1712 2587 1845 2622 βάπτισμα

1066 2640 1176 2667 διδόναι.
1196 2638 1265 2674 Παρ¹
1283 2638 1374 2669 αὐτοῖς
1390 2637 1445 2672 γὰρ
1458 2637 1547 2665 πάντα
1563 2634 1662 2671 χλεύης
1675 2633 1792 2669 ἔμπλεα,
1805 2632 1845 2659 καὶ

241 2828 247 2833 _
259 2792 316 2827 (64)
334 2793 485 2833 Νηστείαγ
498 2792 609 2833 διδ-’καὶ⁸
624 2792 657 2820 τὸ
670 2792 833 2821 Σάϐϐατον.
851 2792 914 2829 Leg.
940 2799 990 2819 κατ

1050 2803 1051 2807 η
1065 2791 1131 2821 Σάό,
1147 2791 1214 2820 Nam
1231 2792 1353 2820 Sabbato
1367 2791 1486 2828 icjunari
1501 2794 1595 2820 contra
1607 2789 1754 2818 Orientalis
1766 2787 1843 2816 Eccle-

225 2828 274 2857 Iia
287 2835 388 2857 morem
401 2828 516 2864 iubebat
528 2827 639 2856 Marcio.
