  <div class='ocr_page' id='page_1' title='image "/cluster/home/n/w/nwhite01/storage/ocr_20150623/41/njp.32101007805813/376.png"; bbox 0 0 1952 3045; ppageno 0'>
   <div class='ocr_carea' id='block_1_1' title="bbox 108 132 161 161">
    <p class='ocr_par' dir='ltr' id='par_1_1' title="bbox 108 132 161 161">
     <span class='ocr_line' id='line_1_1' title="bbox 108 132 161 161; baseline 0.019 -1"><span class='ocrx_word' id='word_1_1' title='bbox 108 132 161 161; x_wconf 81' lang='grc'><strong>’101</strong></span> 
     </span>
    </p>
   </div>
   <div class='ocr_carea' id='block_1_2' title="bbox 434 133 1419 163">
    <p class='ocr_par' dir='ltr' id='par_1_2' title="bbox 434 133 1419 163">
     <span class='ocr_line' id='line_1_2' title="bbox 434 133 1419 163; baseline -0.001 -1"><span class='ocrx_word' id='word_1_2' title='bbox 434 134 618 163; x_wconf 79' lang='lat' dir='ltr'><strong>ADVERSUS</strong></span> <span class='ocrx_word' id='word_1_3' title='bbox 637 134 809 163; x_wconf 71' lang='lat' dir='ltr'><strong>lhEBl-ISES</strong></span> <span class='ocrx_word' id='word_1_4' title='bbox 828 135 890 162; x_wconf 88' lang='lat' dir='ltr'><strong>LIB.</strong></span> <span class='ocrx_word' id='word_1_5' title='bbox 916 135 936 162; x_wconf 93' lang='lat' dir='ltr'><strong>l.</strong></span> <span class='ocrx_word' id='word_1_6' title='bbox 958 134 1040 163; x_wconf 85' lang='lat' dir='ltr'><strong>TOM.</strong></span> <span class='ocrx_word' id='word_1_7' title='bbox 1063 134 1108 162; x_wconf 92' lang='lat' dir='ltr'><strong>Ill.</strong></span> <span class='ocrx_word' id='word_1_8' title='bbox 1128 150 1164 155; x_wconf 91' lang='lat'><strong>—</strong></span> <span class='ocrx_word' id='word_1_9' title='bbox 1182 133 1321 162; x_wconf 65' lang='lat' dir='ltr'><strong>HERES.</strong></span> <span class='ocrx_word' id='word_1_10' title='bbox 1339 133 1419 162; x_wconf 78' lang='lat' dir='ltr'><strong>XLII.</strong></span> 
     </span>
    </p>
   </div>
   <div class='ocr_carea' id='block_1_3' title="bbox 1687 135 1743 164">
    <p class='ocr_par' dir='ltr' id='par_1_3' title="bbox 1687 135 1743 164">
     <span class='ocr_line' id='line_1_3' title="bbox 1687 135 1743 164; baseline 0 -1"><span class='ocrx_word' id='word_1_11' title='bbox 1687 135 1743 164; x_wconf 70' lang='lat'><strong>702</strong></span> 
     </span>
    </p>
   </div>
   <div class='ocr_carea' id='block_1_4' title="bbox 106 191 891 230">
    <p class='ocr_par' dir='ltr' id='par_1_4' title="bbox 106 191 891 228">
     <span class='ocr_line' id='line_1_4' title="bbox 106 191 891 228; baseline 0 -8"><span class='ocrx_word' id='word_1_12' title='bbox 106 193 187 220; x_wconf 79' lang='grc' dir='ltr'>οὐδὲν</span> <span class='ocrx_word' id='word_1_13' title='bbox 198 193 290 228; x_wconf 68' lang='grc' dir='ltr'>ἕτερον</span> <span class='ocrx_word' id='word_1_14' title='bbox 303 200 309 207; x_wconf 81' lang='lat'>&#39;</span> <span class='ocrx_word' id='word_1_15' title='bbox 325 191 404 218; x_wconf 80' lang='grc' dir='ltr'>ὁπότε</span> <span class='ocrx_word' id='word_1_16' title='bbox 423 193 471 219; x_wconf 62' lang='grc' dir='ltr'>καὶ</span> <span class='ocrx_word' id='word_1_17' title='bbox 489 193 522 219; x_wconf 74' lang='grc' dir='ltr'>τὰ</span> <span class='ocrx_word' id='word_1_18' title='bbox 545 193 683 228; x_wconf 73' lang='grc' dir='ltr'><strong>μυστήρια</strong></span> <span class='ocrx_word' id='word_1_19' title='bbox 701 193 815 220; x_wconf 79' lang='grc' dir='ltr'><strong>ἐνώπιον</strong></span> <span class='ocrx_word' id='word_1_20' title='bbox 835 203 891 220; x_wconf 61' lang='grc' dir='ltr'>κατη</span> 
     </span>
    </p>
   </div>
   <div class='ocr_carea' id='block_1_5' title="bbox 946 191 1744 230">
    <p class='ocr_par' dir='ltr' id='par_1_5' title="bbox 953 193 1744 230">
     <span class='ocr_line' id='line_1_5' title="bbox 953 193 1744 230; baseline 0.004 -9"><span class='ocrx_word' id='word_1_21' title='bbox 953 194 1015 222; x_wconf 85' lang='lat' dir='ltr'><strong>illos</strong></span> <span class='ocrx_word' id='word_1_22' title='bbox 1039 193 1093 222; x_wconf 86' lang='lat' dir='ltr'><strong>nisi</strong></span> <span class='ocrx_word' id='word_1_23' title='bbox 1115 194 1234 222; x_wconf 93' lang='lat' dir='ltr'><strong>ludibrio</strong></span> <span class='ocrx_word' id='word_1_24' title='bbox 1257 202 1290 221; x_wconf 90' lang='lat' dir='ltr'><strong>ac</strong></span> <span class='ocrx_word' id='word_1_25' title='bbox 1312 194 1371 222; x_wconf 89' lang='lat' dir='ltr'><strong>risu</strong></span> <span class='ocrx_word' id='word_1_26' title='bbox 1392 193 1598 230; x_wconf 77' lang='lat' dir='ltr'><strong>dignissimum,</strong></span> <span class='ocrx_word' id='word_1_27' title='bbox 1622 202 1684 223; x_wconf 88' lang='lat' dir='ltr'><strong>eum</strong></span> <span class='ocrx_word' id='word_1_28' title='bbox 1700 196 1744 224; x_wconf 86' lang='lat' dir='ltr'><strong>vel</strong></span> 
     </span>
    </p>
   </div>
   <div class='ocr_carea' id='block_1_6' title="bbox 95 238 901 275">
    <p class='ocr_par' dir='ltr' id='par_1_6' title="bbox 95 238 901 275">
     <span class='ocr_line' id='line_1_6' title="bbox 95 238 901 275; baseline -0.001 -8"><span class='ocrx_word' id='word_1_29' title='bbox 95 247 271 275; x_wconf 63' lang='lat' dir='ltr'><strong>~-t&#39;~,xov.ip.evmv</strong></span> <span class='ocrx_word' id='word_1_30' title='bbox 297 238 431 264; x_wconf 80' lang='grc' dir='ltr'>ἐπιτελεῖν</span> <span class='ocrx_word' id='word_1_31' title='bbox 447 238 593 274; x_wconf 81' lang='grc' dir='ltr'><strong>τολμῶσιν.</strong></span> <span class='ocrx_word' id='word_1_32' title='bbox 624 238 784 266; x_wconf 83' lang='grc' dir='ltr'>’Λνάστασιν</span> <span class='ocrx_word' id='word_1_33' title='bbox 799 239 842 272; x_wconf 81' lang='grc' dir='ltr'><strong>δὲ,</strong></span> <span class='ocrx_word' id='word_1_34' title='bbox 864 239 901 271; x_wconf 83' lang='grc' dir='ltr'>ὡς</span> 
     </span>
    </p>
   </div>
   <div class='ocr_carea' id='block_1_7' title="bbox 105 282 901 320">
    <p class='ocr_par' dir='ltr' id='par_1_7' title="bbox 105 282 901 320">
     <span class='ocr_line' id='line_1_7' title="bbox 105 282 901 320; baseline -0.001 -7"><span class='ocrx_word' id='word_1_35' title='bbox 105 286 197 318; x_wconf 79' lang='grc' dir='ltr'>εἷπον,</span> <span class='ocrx_word' id='word_1_36' title='bbox 215 282 292 316; x_wconf 71' lang='grc' dir='ltr'>οὗτος</span> <span class='ocrx_word' id='word_1_37' title='bbox 317 284 391 318; x_wconf 82' lang='grc' dir='ltr'>λέγει</span> <span class='ocrx_word' id='word_1_38' title='bbox 409 285 469 319; x_wconf 69' lang='grc' dir='ltr'>οὐχ).</span> <span class='ocrx_word' id='word_1_39' title='bbox 486 285 630 320; x_wconf 83' lang='grc' dir='ltr'>σωμάτων,</span> <span class='ocrx_word' id='word_1_40' title='bbox 646 285 713 312; x_wconf 80' lang='grc' dir='ltr'><strong>ἀλλὰ</strong></span> <span class='ocrx_word' id='word_1_41' title='bbox 729 285 822 320; x_wconf 75' lang='grc' dir='ltr'>ψυχῶν</span> <span class='ocrx_word' id='word_1_42' title='bbox 833 295 840 302; x_wconf 87' lang='grc'>·</span> <span class='ocrx_word' id='word_1_43' title='bbox 854 286 901 313; x_wconf 79' lang='grc' dir='ltr'>καὶ</span> 
     </span>
    </p>
   </div>
   <div class='ocr_carea' id='block_1_8' title="bbox 107 329 902 366">
    <p class='ocr_par' dir='ltr' id='par_1_8' title="bbox 107 329 902 366">
     <span class='ocr_line' id='line_1_8' title="bbox 107 329 902 366; baseline 0.001 -10"><span class='ocrx_word' id='word_1_44' title='bbox 107 330 248 365; x_wconf 81' lang='grc' dir='ltr'><strong>σωτηρίαν</strong></span> <span class='ocrx_word' id='word_1_45' title='bbox 273 329 385 361; x_wconf 82' lang='grc' dir='ltr'><strong>ταύταις</strong></span> <span class='ocrx_word' id='word_1_46' title='bbox 414 329 545 365; x_wconf 75' lang='grc' dir='ltr'>ὁρίζεται,</span> <span class='ocrx_word' id='word_1_47' title='bbox 567 330 627 365; x_wconf 80' lang='grc' dir='ltr'>οὐχὶ</span> <span class='ocrx_word' id='word_1_48' title='bbox 641 331 697 362; x_wconf 86' lang='grc' dir='ltr'><strong>τοῖς</strong></span> <span class='ocrx_word' id='word_1_49' title='bbox 711 330 827 366; x_wconf 82' lang='grc' dir='ltr'>σώμασι.</span> <span class='ocrx_word' id='word_1_50' title='bbox 847 331 902 357; x_wconf 76' lang='grc' dir='ltr'><strong>Καὶ</strong></span> 
     </span>
    </p>
   </div>
   <div class='ocr_carea' id='block_1_9' title="bbox 107 373 901 410">
    <p class='ocr_par' dir='ltr' id='par_1_9' title="bbox 107 373 901 410">
     <span class='ocr_line' id='line_1_9' title="bbox 107 373 901 410; baseline 0.005 -12"><span class='ocrx_word' id='word_1_51' title='bbox 107 374 315 408; x_wconf 77' lang='grc' dir='ltr'>μεταγγισμοὺς</span> <span class='ocrx_word' id='word_1_52' title='bbox 344 374 444 408; x_wconf 76' lang='grc' dir='ltr'><strong>ὁμοίιος</strong></span> <span class='ocrx_word' id='word_1_53' title='bbox 461 373 515 399; x_wconf 83' lang='grc' dir='ltr'><strong>τῶν</strong></span> <span class='ocrx_word' id='word_1_54' title='bbox 536 373 640 409; x_wconf 71' lang='grc' dir='ltr'>ψυχῶν,</span> <span class='ocrx_word' id='word_1_55' title='bbox 656 375 703 400; x_wconf 74' lang='grc' dir='ltr'><strong>καὶ</strong></span> <span class='ocrx_word' id='word_1_56' title='bbox 726 383 901 410; x_wconf 83' lang='grc' dir='ltr'>μετενσωμα-</span> 
     </span>
    </p>
   </div>
   <div class='ocr_carea' id='block_1_10' title="bbox 104 417 736 455">
    <p class='ocr_par' dir='ltr' id='par_1_10' title="bbox 104 417 736 455">
     <span class='ocr_line' id='line_1_10' title="bbox 104 417 736 455; baseline 0.003 -10"><span class='ocrx_word' id='word_1_57' title='bbox 104 417 205 450; x_wconf 67' lang='grc' dir='ltr'><strong>τώς-εις</strong></span> <span class='ocrx_word' id='word_1_58' title='bbox 224 419 278 445; x_wconf 75' lang='grc' dir='ltr'><strong>ἀπὸ</strong></span> <span class='ocrx_word' id='word_1_59' title='bbox 291 419 426 454; x_wconf 80' lang='grc' dir='ltr'>σωμάτων</span> <span class='ocrx_word' id='word_1_60' title='bbox 441 420 481 451; x_wconf 83' lang='grc' dir='ltr'><strong>είς</strong></span> <span class='ocrx_word' id='word_1_61' title='bbox 497 419 609 455; x_wconf 72' lang='grc' dir='ltr'>σώματα</span> <span class='ocrx_word' id='word_1_62' title='bbox 627 421 736 454; x_wconf 78' lang='grc' dir='ltr'>φάσκει.</span> 
     </span>
    </p>
   </div>
   <div class='ocr_carea' id='block_1_11' title="bbox 141 506 899 543">
    <p class='ocr_par' dir='ltr' id='par_1_11' title="bbox 141 506 899 543">
     <span class='ocr_line' id='line_1_11' title="bbox 141 506 899 543; baseline 0.003 -10"><span class='ocrx_word' id='word_1_63' title='bbox 141 506 182 533; x_wconf 85' lang='grc' dir='ltr'><strong>Ε’.</strong></span> <span class='ocrx_word' id='word_1_64' title='bbox 199 506 372 541; x_wconf 80' lang='grc' dir='ltr'><strong>Πανταχόθεν</strong></span> <span class='ocrx_word' id='word_1_65' title='bbox 399 507 428 533; x_wconf 77' lang='grc' dir='ltr'><strong>δὲ</strong></span> <span class='ocrx_word' id='word_1_66' title='bbox 452 506 545 533; x_wconf 81' lang='grc' dir='ltr'>πίπτει</span> <span class='ocrx_word' id='word_1_67' title='bbox 559 508 575 542; x_wconf 83' lang='grc' dir='ltr'>ὴ</span> <span class='ocrx_word' id='word_1_68' title='bbox 591 507 672 534; x_wconf 79' lang='grc' dir='ltr'>αὐτοῦ</span> <span class='ocrx_word' id='word_1_69' title='bbox 700 508 803 543; x_wconf 82' lang='grc' dir='ltr'>ματαία</span> <span class='ocrx_word' id='word_1_70' title='bbox 821 517 899 535; x_wconf 84' lang='grc' dir='ltr'>κενο-</span> 
     </span>
    </p>
   </div>
   <div class='ocr_carea' id='block_1_12' title="bbox 103 551 898 590">
    <p class='ocr_par' dir='ltr' id='par_1_12' title="bbox 103 551 898 590">
     <span class='ocr_line' id='line_1_12' title="bbox 103 551 898 590; baseline 0.004 -12"><span class='ocrx_word' id='word_1_71' title='bbox 103 551 207 586; x_wconf 80' lang='grc' dir='ltr'>φωνία,</span> <span class='ocrx_word' id='word_1_72' title='bbox 221 551 258 583; x_wconf 83' lang='grc' dir='ltr'>ὡς</span> <span class='ocrx_word' id='word_1_73' title='bbox 277 552 326 588; x_wconf 79' lang='grc' dir='ltr'><strong>ἠδη</strong></span> <span class='ocrx_word' id='word_1_74' title='bbox 350 561 394 587; x_wconf 89' lang='grc' dir='ltr'><strong>μοι</strong></span> <span class='ocrx_word' id='word_1_75' title='bbox 416 554 446 579; x_wconf 83' lang='grc' dir='ltr'><strong>ὲν</strong></span> <span class='ocrx_word' id='word_1_76' title='bbox 466 553 559 584; x_wconf 79' lang='grc' dir='ltr'>ἄλλαις</span> <span class='ocrx_word' id='word_1_77' title='bbox 582 553 704 588; x_wconf 83' lang='grc' dir='ltr'>αἱρέσεσι</span> <span class='ocrx_word' id='word_1_78' title='bbox 733 555 898 590; x_wconf 80' lang='grc' dir='ltr'>πεπραγμά-</span> 
     </span>
    </p>
   </div>
   <div class='ocr_carea' id='block_1_13' title="bbox 102 598 896 636">
    <p class='ocr_par' dir='ltr' id='par_1_13' title="bbox 102 598 896 636">
     <span class='ocr_line' id='line_1_13' title="bbox 102 598 896 636; baseline 0.003 -12"><span class='ocrx_word' id='word_1_79' title='bbox 102 606 209 625; x_wconf 81' lang='grc' dir='ltr'>τευται.</span> <span class='ocrx_word' id='word_1_80' title='bbox 227 598 288 630; x_wconf 85' lang='grc' dir='ltr'><strong>Πῶς</strong></span> <span class='ocrx_word' id='word_1_81' title='bbox 297 598 350 633; x_wconf 73' lang='grc' dir='ltr'>γὰρ</span> <span class='ocrx_word' id='word_1_82' title='bbox 364 599 546 634; x_wconf 74' lang='grc' dir='ltr'><strong>ἀναστήσεται</strong></span> <span class='ocrx_word' id='word_1_83' title='bbox 561 600 576 634; x_wconf 84' lang='grc' dir='ltr'>ἡ</span> <span class='ocrx_word' id='word_1_84' title='bbox 593 599 630 635; x_wconf 81' lang='grc' dir='ltr'>μὴ</span> <span class='ocrx_word' id='word_1_85' title='bbox 643 602 802 627; x_wconf 74' lang='grc' dir='ltr'>πεπτωκυῐα</span> <span class='ocrx_word' id='word_1_86' title='bbox 809 601 896 636; x_wconf 45' lang='grc' dir='ltr'>ψυχῇ</span> 
     </span>
    </p>
   </div>
   <div class='ocr_carea' id='block_1_14' title="bbox 110 642 899 682">
    <p class='ocr_par' dir='ltr' id='par_1_14' title="bbox 110 642 899 682">
     <span class='ocr_line' id='line_1_14' title="bbox 110 642 899 682; baseline 0.005 -14"><span class='ocrx_word' id='word_1_87' title='bbox 110 642 272 674; x_wconf 78' lang='grc' dir='ltr'>Ἀνάστασις</span> <span class='ocrx_word' id='word_1_88' title='bbox 286 644 314 670; x_wconf 80' lang='grc' dir='ltr'><strong>δὲ</strong></span> <span class='ocrx_word' id='word_1_89' title='bbox 338 644 396 676; x_wconf 82' lang='grc' dir='ltr'><strong>πῶς</strong></span> <span class='ocrx_word' id='word_1_90' title='bbox 418 645 502 680; x_wconf 73' lang='grc' dir='ltr'>αὐτῆς</span> <span class='ocrx_word' id='word_1_91' title='bbox 527 645 703 680; x_wconf 80' lang='grc' dir='ltr'>κληθήσεται,</span> <span class='ocrx_word' id='word_1_92' title='bbox 714 646 764 680; x_wconf 82' lang='grc' dir='ltr'><strong>τῆς</strong></span> <span class='ocrx_word' id='word_1_93' title='bbox 791 646 828 682; x_wconf 82' lang='grc' dir='ltr'>μὴ</span> <span class='ocrx_word' id='word_1_94' title='bbox 851 655 899 674; x_wconf 85' lang='grc' dir='ltr'><strong>πε-</strong></span> 
     </span>
    </p>
   </div>
   <div class='ocr_carea' id='block_1_15' title="bbox 104 689 897 726">
    <p class='ocr_par' dir='ltr' id='par_1_15' title="bbox 104 689 897 726">
     <span class='ocr_line' id='line_1_15' title="bbox 104 689 897 726; baseline 0.006 -11"><span class='ocrx_word' id='word_1_95' title='bbox 104 689 208 725; x_wconf 87' lang='grc' dir='ltr'>σούσης</span> <span class='ocrx_word' id='word_1_96' title='bbox 218 689 326 724; x_wconf 75' lang='grc' dir='ltr'>ψυχῆςς</span> <span class='ocrx_word' id='word_1_97' title='bbox 351 691 408 716; x_wconf 72' lang='grc' dir='ltr'><strong>Πᾶν</strong></span> <span class='ocrx_word' id='word_1_98' title='bbox 424 691 478 726; x_wconf 87' lang='grc' dir='ltr'><strong>γὰρ</strong></span> <span class='ocrx_word' id='word_1_99' title='bbox 495 691 524 717; x_wconf 66' lang='grc' dir='ltr'><strong>τὺ</strong></span> <span class='ocrx_word' id='word_1_100' title='bbox 539 692 637 717; x_wconf 82' lang='grc' dir='ltr'>πίπτον</span> <span class='ocrx_word' id='word_1_101' title='bbox 653 691 827 724; x_wconf 75' lang='grc' dir='ltr'><strong>ἀναστάσεως</strong></span> <span class='ocrx_word' id='word_1_102' title='bbox 843 692 897 720; x_wconf 80' lang='grc' dir='ltr'>δεῖ-</span> 
     </span>
    </p>
   </div>
   <div class='ocr_carea' id='block_1_16' title="bbox 101 735 898 774">
    <p class='ocr_par' dir='ltr' id='par_1_16' title="bbox 101 735 898 774">
     <span class='ocr_line' id='line_1_16' title="bbox 101 735 898 774; baseline 0.006 -13"><span class='ocrx_word' id='word_1_103' title='bbox 101 743 161 761; x_wconf 81' lang='grc' dir='ltr'>ται.</span> <span class='ocrx_word' id='word_1_104' title='bbox 182 735 279 762; x_wconf 86' lang='grc' dir='ltr'>Πίπτει</span> <span class='ocrx_word' id='word_1_105' title='bbox 298 735 326 761; x_wconf 81' lang='grc' dir='ltr'><strong>δὲ</strong></span> <span class='ocrx_word' id='word_1_106' title='bbox 340 735 389 771; x_wconf 84' lang='grc' dir='ltr'>οὐχ</span> <span class='ocrx_word' id='word_1_107' title='bbox 401 737 417 771; x_wconf 85' lang='grc' dir='ltr'><strong>ἡ</strong></span> <span class='ocrx_word' id='word_1_108' title='bbox 431 737 516 772; x_wconf 70' lang='grc' dir='ltr'>ψυχὴ,</span> <span class='ocrx_word' id='word_1_109' title='bbox 540 735 608 763; x_wconf 78' lang='grc' dir='ltr'>ἀλλὰ</span> <span class='ocrx_word' id='word_1_110' title='bbox 635 737 724 774; x_wconf 83' lang='grc' dir='ltr'>σῶμα.</span> <span class='ocrx_word' id='word_1_111' title='bbox 742 738 823 765; x_wconf 84' lang='grc' dir='ltr'>Ὅθεν</span> <span class='ocrx_word' id='word_1_112' title='bbox 851 739 898 766; x_wconf 72' lang='grc' dir='ltr'>καὶ</span> 
     </span>
    </p>
   </div>
   <div class='ocr_carea' id='block_1_17' title="bbox 101 780 897 818">
    <p class='ocr_par' dir='ltr' id='par_1_17' title="bbox 101 780 897 818">
     <span class='ocr_line' id='line_1_17' title="bbox 101 780 897 818; baseline 0.006 -12"><span class='ocrx_word' id='word_1_113' title='bbox 101 780 216 812; x_wconf 84' lang='grc' dir='ltr'><strong>δικαίως</strong></span> <span class='ocrx_word' id='word_1_114' title='bbox 233 780 333 816; x_wconf 82' lang='grc' dir='ltr'>πτῶμα</span> <span class='ocrx_word' id='word_1_115' title='bbox 353 781 449 817; x_wconf 81' lang='grc' dir='ltr'>αὑτὸὴ</span> <span class='ocrx_word' id='word_1_116' title='bbox 469 783 597 818; x_wconf 84' lang='grc' dir='ltr'>συνήθεια</span> <span class='ocrx_word' id='word_1_117' title='bbox 620 785 700 811; x_wconf 77' lang='grc' dir='ltr'>εἴωθε</span> <span class='ocrx_word' id='word_1_118' title='bbox 723 784 825 818; x_wconf 84' lang='grc' dir='ltr'>καλεῖν,</span> <span class='ocrx_word' id='word_1_119' title='bbox 850 785 897 812; x_wconf 68' lang='grc' dir='ltr'><strong>καὶ</strong></span> 
     </span>
    </p>
   </div>
   <div class='ocr_carea' id='block_1_18' title="bbox 101 826 899 865">
    <p class='ocr_par' dir='ltr' id='par_1_18' title="bbox 101 826 899 865">
     <span class='ocr_line' id='line_1_18' title="bbox 101 826 899 865; baseline 0.008 -13"><span class='ocrx_word' id='word_1_120' title='bbox 101 826 185 858; x_wconf 76' lang='grc' dir='ltr'>αὐτὸς</span> <span class='ocrx_word' id='word_1_121' title='bbox 208 827 223 852; x_wconf 85' lang='grc' dir='ltr'><strong>ὁ</strong></span> <span class='ocrx_word' id='word_1_122' title='bbox 241 827 342 861; x_wconf 79' lang='grc' dir='ltr'>Κύριος</span> <span class='ocrx_word' id='word_1_123' title='bbox 362 828 456 860; x_wconf 75' lang='grc' dir='ltr'>εἰπὼν,</span> <span class='ocrx_word' id='word_1_124' title='bbox 479 829 628 857; x_wconf 82' lang='grc' dir='ltr'><strong>ὄτιὊπου</strong></span> <span class='ocrx_word' id='word_1_125' title='bbox 642 831 676 857; x_wconf 84' lang='grc' dir='ltr'><strong>τὸ</strong></span> <span class='ocrx_word' id='word_1_126' title='bbox 698 830 812 865; x_wconf 79' lang='grc' dir='ltr'>πτῶμα,</span> <span class='ocrx_word' id='word_1_127' title='bbox 835 831 899 858; x_wconf 74' lang='grc' dir='ltr'>ἐκεῖ</span> 
     </span>
    </p>
   </div>
   <div class='ocr_carea' id='block_1_19' title="bbox 955 240 1744 277">
    <p class='ocr_par' dir='ltr' id='par_1_19' title="bbox 955 240 1744 277">
     <span class='ocr_line' id='line_1_19' title="bbox 955 240 1744 277; baseline 0.003 -10"><span class='ocrx_word' id='word_1_128' title='bbox 955 240 1094 275; x_wconf 73' lang='lat' dir='ltr'><strong>mysteriis</strong></span> <span class='ocrx_word' id='word_1_129' title='bbox 1119 241 1186 275; x_wconf 83' lang='lat' dir='ltr'><strong>ipsis</strong></span> <span class='ocrx_word' id='word_1_130' title='bbox 1211 241 1367 269; x_wconf 71' lang='lat' dir='ltr'><strong>astantibus</strong></span> <span class='ocrx_word' id='word_1_131' title='bbox 1394 241 1609 273; x_wconf 84' lang='lat' dir='ltr'><strong>catechumenis,</strong></span> <span class='ocrx_word' id='word_1_132' title='bbox 1635 242 1744 277; x_wconf 86' lang='lat' dir='ltr'><strong>operari</strong></span> 
     </span>
    </p>
   </div>
   <div class='ocr_carea' id='block_1_20' title="bbox 954 285 1743 320">
    <p class='ocr_par' dir='ltr' id='par_1_20' title="bbox 954 285 1743 320">
     <span class='ocr_line' id='line_1_20' title="bbox 954 285 1743 320; baseline 0.005 -9"><span class='ocrx_word' id='word_1_133' title='bbox 954 293 1009 312; x_wconf 89' lang='lat' dir='ltr'><strong>non</strong></span> <span class='ocrx_word' id='word_1_134' title='bbox 1021 285 1157 312; x_wconf 88' lang='lat' dir='ltr'><strong>dubitent.</strong></span> <span class='ocrx_word' id='word_1_135' title='bbox 1171 285 1249 318; x_wconf 84' lang='lat' dir='ltr'><strong>Quod</strong></span> <span class='ocrx_word' id='word_1_136' title='bbox 1264 285 1297 312; x_wconf 92' lang='lat' dir='ltr'><strong>ad</strong></span> <span class='ocrx_word' id='word_1_137' title='bbox 1309 286 1537 314; x_wconf 77' lang='lat' dir='ltr'><strong>resurrectionem</strong></span> <span class='ocrx_word' id='word_1_138' title='bbox 1549 287 1656 320; x_wconf 90' lang='lat' dir='ltr'><strong>attinet,</strong></span> <span class='ocrx_word' id='word_1_139' title='bbox 1672 288 1743 316; x_wconf 85' lang='lat' dir='ltr'><strong>hanc</strong></span> 
     </span>
    </p>
   </div>
   <div class='ocr_carea' id='block_1_21' title="bbox 955 331 1743 366">
    <p class='ocr_par' dir='ltr' id='par_1_21' title="bbox 955 331 1743 366">
     <span class='ocr_line' id='line_1_21' title="bbox 955 331 1743 366; baseline 0.005 -9"><span class='ocrx_word' id='word_1_140' title='bbox 955 331 1001 357; x_wconf 91' lang='lat' dir='ltr'><strong>ille</strong></span> <span class='ocrx_word' id='word_1_141' title='bbox 1016 338 1164 365; x_wconf 86' lang='lat' dir='ltr'><strong>cerporum</strong></span> <span class='ocrx_word' id='word_1_142' title='bbox 1185 339 1246 359; x_wconf 88' lang='lat' dir='ltr'><strong>esse</strong></span> <span class='ocrx_word' id='word_1_143' title='bbox 1263 336 1354 366; x_wconf 82' lang='lat' dir='ltr'><strong>negat,</strong></span> <span class='ocrx_word' id='word_1_144' title='bbox 1379 331 1418 358; x_wconf 91' lang='lat' dir='ltr'><strong>uti</strong></span> <span class='ocrx_word' id='word_1_145' title='bbox 1442 332 1618 360; x_wconf 86' lang='lat' dir='ltr'><strong>monuimus:</strong></span> <span class='ocrx_word' id='word_1_146' title='bbox 1635 334 1743 361; x_wconf 82' lang='lat' dir='ltr'><strong>anima-</strong></span> 
     </span>
    </p>
   </div>
   <div class='ocr_carea' id='block_1_22' title="bbox 955 376 1743 412">
    <p class='ocr_par' dir='ltr' id='par_1_22' title="bbox 955 376 1743 412">
     <span class='ocr_line' id='line_1_22' title="bbox 955 376 1743 412; baseline 0.009 -10"><span class='ocrx_word' id='word_1_147' title='bbox 955 383 1014 403; x_wconf 91' lang='lat' dir='ltr'><strong>rum</strong></span> <span class='ocrx_word' id='word_1_148' title='bbox 1030 376 1166 408; x_wconf 87' lang='lat' dir='ltr'><strong>concedit,</strong></span> <span class='ocrx_word' id='word_1_149' title='bbox 1184 377 1285 412; x_wconf 86' lang='lat' dir='ltr'><strong>quibus</strong></span> <span class='ocrx_word' id='word_1_150' title='bbox 1300 377 1367 405; x_wconf 85' lang='lat' dir='ltr'><strong>solis</strong></span> <span class='ocrx_word' id='word_1_151' title='bbox 1386 378 1511 410; x_wconf 85' lang='lat' dir='ltr'><strong>salutem,</strong></span> <span class='ocrx_word' id='word_1_152' title='bbox 1531 387 1584 407; x_wconf 88' lang='lat' dir='ltr'><strong>non</strong></span> <span class='ocrx_word' id='word_1_153' title='bbox 1602 380 1665 408; x_wconf 83' lang='lat' dir='ltr'><strong>item</strong></span> <span class='ocrx_word' id='word_1_154' title='bbox 1681 389 1743 408; x_wconf 89' lang='lat' dir='ltr'><strong>cor-</strong></span> 
     </span>
    </p>
   </div>
   <div class='ocr_carea' id='block_1_23' title="bbox 954 423 1741 460">
    <p class='ocr_par' dir='ltr' id='par_1_23' title="bbox 954 423 1741 460">
     <span class='ocr_line' id='line_1_23' title="bbox 954 423 1741 460; baseline 0.008 -11"><span class='ocrx_word' id='word_1_155' title='bbox 954 423 1068 457; x_wconf 87' lang='lat' dir='ltr'><strong>poribus</strong></span> <span class='ocrx_word' id='word_1_156' title='bbox 1085 423 1299 451; x_wconf 84' lang='lat' dir='ltr'><strong>circumscribit.</strong></span> <span class='ocrx_word' id='word_1_157' title='bbox 1318 423 1478 450; x_wconf 86' lang='lat' dir='ltr'><strong>Animarum</strong></span> <span class='ocrx_word' id='word_1_158' title='bbox 1497 424 1614 460; x_wconf 91' lang='lat' dir='ltr'><strong>denique</strong></span> <span class='ocrx_word' id='word_1_159' title='bbox 1630 427 1664 454; x_wconf 89' lang='lat' dir='ltr'><strong>ab</strong></span> <span class='ocrx_word' id='word_1_160' title='bbox 1680 427 1741 456; x_wconf 86' lang='lat' dir='ltr'><strong>aliis</strong></span> 
     </span>
    </p>
   </div>
   <div class='ocr_carea' id='block_1_24' title="bbox 954 467 1697 504">
    <p class='ocr_par' dir='ltr' id='par_1_24' title="bbox 954 467 1697 504">
     <span class='ocr_line' id='line_1_24' title="bbox 954 467 1697 504; baseline 0.005 -10"><span class='ocrx_word' id='word_1_161' title='bbox 954 467 980 494; x_wconf 91' lang='lat' dir='ltr'><strong>in</strong></span> <span class='ocrx_word' id='word_1_162' title='bbox 999 468 1050 494; x_wconf 88' lang='lat' dir='ltr'><strong>alia</strong></span> <span class='ocrx_word' id='word_1_163' title='bbox 1069 475 1185 503; x_wconf 89' lang='lat' dir='ltr'><strong>corpora</strong></span> <span class='ocrx_word' id='word_1_164' title='bbox 1199 468 1377 504; x_wconf 74' lang='lat' dir='ltr'><strong>migrationes</strong></span> <span class='ocrx_word' id='word_1_165' title='bbox 1391 475 1422 495; x_wconf 90' lang='lat' dir='ltr'><strong>ac</strong></span> <span class='ocrx_word' id='word_1_166' title='bbox 1438 469 1571 497; x_wconf 85' lang='lat' dir='ltr'><strong>transitus</strong></span> <span class='ocrx_word' id='word_1_167' title='bbox 1591 471 1697 498; x_wconf 85' lang='lat' dir='ltr'><strong>statuit.</strong></span> 
     </span>
    </p>
   </div>
   <div class='ocr_carea' id='block_1_25' title="bbox 989 511 1741 547">
    <p class='ocr_par' dir='ltr' id='par_1_25' title="bbox 989 511 1741 547">
     <span class='ocr_line' id='line_1_25' title="bbox 989 511 1741 547; baseline 0.004 -9"><span class='ocrx_word' id='word_1_168' title='bbox 989 511 1021 538; x_wconf 85' lang='lat' dir='ltr'><strong>V.</strong></span> <span class='ocrx_word' id='word_1_169' title='bbox 1031 511 1130 539; x_wconf 77' lang='lat' dir='ltr'><strong>Verum</strong></span> <span class='ocrx_word' id='word_1_170' title='bbox 1152 512 1243 538; x_wconf 88' lang='lat' dir='ltr'><strong>inanis</strong></span> <span class='ocrx_word' id='word_1_171' title='bbox 1261 519 1293 539; x_wconf 90' lang='lat' dir='ltr'><strong>ac</strong></span> <span class='ocrx_word' id='word_1_172' title='bbox 1308 511 1424 539; x_wconf 89' lang='lat' dir='ltr'><strong>ridicula</strong></span> <span class='ocrx_word' id='word_1_173' title='bbox 1439 511 1497 539; x_wconf 80' lang='lat' dir='ltr'><strong>haec</strong></span> <span class='ocrx_word' id='word_1_174' title='bbox 1512 512 1605 547; x_wconf 90' lang='lat' dir='ltr'><strong>opinio</strong></span> <span class='ocrx_word' id='word_1_175' title='bbox 1618 514 1692 541; x_wconf 91' lang='lat' dir='ltr'><strong>omni</strong></span> <span class='ocrx_word' id='word_1_176' title='bbox 1707 521 1741 541; x_wconf 77' lang='lat' dir='ltr'><strong>cx</strong></span> 
     </span>
    </p>
   </div>
   <div class='ocr_carea' id='block_1_26' title="bbox 954 556 1742 592">
    <p class='ocr_par' dir='ltr' id='par_1_26' title="bbox 954 556 1742 592">
     <span class='ocr_line' id='line_1_26' title="bbox 954 556 1742 592; baseline 0.004 -8"><span class='ocrx_word' id='word_1_177' title='bbox 954 561 1030 592; x_wconf 85' lang='lat' dir='ltr'><strong>parte</strong></span> <span class='ocrx_word' id='word_1_178' title='bbox 1051 556 1182 589; x_wconf 88' lang='lat' dir='ltr'><strong>concidit,</strong></span> <span class='ocrx_word' id='word_1_179' title='bbox 1200 560 1230 583; x_wconf 88' lang='lat' dir='ltr'><strong>ut</strong></span> <span class='ocrx_word' id='word_1_180' title='bbox 1247 556 1274 583; x_wconf 92' lang='lat' dir='ltr'><strong>in</strong></span> <span class='ocrx_word' id='word_1_181' title='bbox 1295 557 1357 584; x_wconf 86' lang='lat' dir='ltr'><strong>aliis</strong></span> <span class='ocrx_word' id='word_1_182' title='bbox 1375 557 1526 585; x_wconf 76' lang='lat' dir='ltr'><strong>lueresibus</strong></span> <span class='ocrx_word' id='word_1_183' title='bbox 1547 562 1628 586; x_wconf 87' lang='lat' dir='ltr'><strong>antea</strong></span> <span class='ocrx_word' id='word_1_184' title='bbox 1647 559 1742 587; x_wconf 88' lang='lat' dir='ltr'><strong>docui-</strong></span> 
     </span>
    </p>
   </div>
   <div class='ocr_carea' id='block_1_27' title="bbox 953 603 1742 641">
    <p class='ocr_par' dir='ltr' id='par_1_27' title="bbox 953 603 1742 641">
     <span class='ocr_line' id='line_1_27' title="bbox 953 603 1742 641; baseline 0.005 -12"><span class='ocrx_word' id='word_1_185' title='bbox 953 611 1024 630; x_wconf 88' lang='lat' dir='ltr'><strong>mus.</strong></span> <span class='ocrx_word' id='word_1_186' title='bbox 1042 603 1094 636; x_wconf 86' lang='lat' dir='ltr'><strong>Qui</strong></span> <span class='ocrx_word' id='word_1_187' title='bbox 1110 603 1183 631; x_wconf 92' lang='lat' dir='ltr'><strong>enim</strong></span> <span class='ocrx_word' id='word_1_188' title='bbox 1206 610 1351 638; x_wconf 78' lang='lat' dir='ltr'><strong>resurgere</strong></span> <span class='ocrx_word' id='word_1_189' title='bbox 1376 603 1466 630; x_wconf 89' lang='lat' dir='ltr'><strong>anima</strong></span> <span class='ocrx_word' id='word_1_190' title='bbox 1490 604 1535 631; x_wconf 89' lang='lat' dir='ltr'><strong>illa</strong></span> <span class='ocrx_word' id='word_1_191' title='bbox 1558 608 1658 639; x_wconf 83' lang='lat' dir='ltr'><strong>potest,</strong></span> <span class='ocrx_word' id='word_1_192' title='bbox 1680 613 1742 641; x_wconf 74' lang='lat' dir='ltr'><strong>quae</strong></span> 
     </span>
    </p>
   </div>
   <div class='ocr_carea' id='block_1_28' title="bbox 952 647 1740 684">
    <p class='ocr_par' dir='ltr' id='par_1_28' title="bbox 952 647 1740 684">
     <span class='ocr_line' id='line_1_28' title="bbox 952 647 1740 684; baseline 0.004 -9"><span class='ocrx_word' id='word_1_193' title='bbox 952 657 1091 683; x_wconf 82' lang='lat' dir='ltr'><strong>nunquam</strong></span> <span class='ocrx_word' id='word_1_194' title='bbox 1108 647 1228 676; x_wconf 76' lang='lat' dir='ltr'><strong>corruit?</strong></span> <span class='ocrx_word' id='word_1_195' title='bbox 1243 647 1396 681; x_wconf 80' lang='lat' dir='ltr'><strong>Quomodo,</strong></span> <span class='ocrx_word' id='word_1_196' title='bbox 1414 648 1524 682; x_wconf 86' lang='lat' dir='ltr'><strong>inquam</strong></span> <span class='ocrx_word' id='word_1_197' title='bbox 1537 669 1544 681; x_wconf 91' lang='lat'><strong>,</strong></span> <span class='ocrx_word' id='word_1_198' title='bbox 1561 650 1597 682; x_wconf 89' lang='lat' dir='ltr'><strong>ei,</strong></span> <span class='ocrx_word' id='word_1_199' title='bbox 1610 658 1670 684; x_wconf 75' lang='lat' dir='ltr'><strong>quze</strong></span> <span class='ocrx_word' id='word_1_200' title='bbox 1685 659 1740 680; x_wconf 92' lang='lat' dir='ltr'><strong>non</strong></span> 
     </span>
    </p>
   </div>
   <div class='ocr_carea' id='block_1_29' title="bbox 952 693 1738 728">
    <p class='ocr_par' dir='ltr' id='par_1_29' title="bbox 952 693 1738 728">
     <span class='ocr_line' id='line_1_29' title="bbox 952 693 1738 728; baseline 0.001 -7"><span class='ocrx_word' id='word_1_201' title='bbox 952 695 1061 726; x_wconf 85' lang='lat' dir='ltr'><strong>cecidit,</strong></span> <span class='ocrx_word' id='word_1_202' title='bbox 1080 694 1246 722; x_wconf 87' lang='lat' dir='ltr'><strong>resurrectio</strong></span> <span class='ocrx_word' id='word_1_203' title='bbox 1257 694 1404 721; x_wconf 84' lang='lat' dir='ltr'><strong>tribuetur?</strong></span> <span class='ocrx_word' id='word_1_204' title='bbox 1415 693 1552 728; x_wconf 84' lang='lat' dir='ltr'><strong>Quidquid</strong></span> <span class='ocrx_word' id='word_1_205' title='bbox 1566 695 1638 722; x_wconf 91' lang='lat' dir='ltr'><strong>enim</strong></span> <span class='ocrx_word' id='word_1_206' title='bbox 1654 696 1738 727; x_wconf 77' lang='lat' dir='ltr'><strong>cadit,</strong></span> 
     </span>
    </p>
   </div>
   <div class='ocr_carea' id='block_1_30' title="bbox 952 736 1739 774">
    <p class='ocr_par' dir='ltr' id='par_1_30' title="bbox 952 736 1739 774">
     <span class='ocr_line' id='line_1_30' title="bbox 952 736 1739 774; baseline -0.003 -7"><span class='ocrx_word' id='word_1_207' title='bbox 952 740 1156 767; x_wconf 88' lang='lat' dir='ltr'><strong>resurrectione</strong></span> <span class='ocrx_word' id='word_1_208' title='bbox 1169 746 1239 774; x_wconf 91' lang='lat' dir='ltr'><strong>opus</strong></span> <span class='ocrx_word' id='word_1_209' title='bbox 1252 738 1344 765; x_wconf 87' lang='lat' dir='ltr'><strong>habet.</strong></span> <span class='ocrx_word' id='word_1_210' title='bbox 1362 736 1442 765; x_wconf 86' lang='lat' dir='ltr'><strong>Cadit</strong></span> <span class='ocrx_word' id='word_1_211' title='bbox 1457 742 1549 765; x_wconf 84' lang='lat' dir='ltr'><strong>autem</strong></span> <span class='ocrx_word' id='word_1_212' title='bbox 1568 746 1623 765; x_wconf 92' lang='lat' dir='ltr'><strong>non</strong></span> <span class='ocrx_word' id='word_1_213' title='bbox 1638 739 1739 772; x_wconf 85' lang='lat' dir='ltr'><strong>anima,</strong></span> 
     </span>
    </p>
   </div>
   <div class='ocr_carea' id='block_1_31' title="bbox 952 784 1739 820">
    <p class='ocr_par' dir='ltr' id='par_1_31' title="bbox 952 784 1739 820">
     <span class='ocr_line' id='line_1_31' title="bbox 952 784 1739 820; baseline 0.001 -9"><span class='ocrx_word' id='word_1_214' title='bbox 952 786 999 814; x_wconf 83' lang='lat' dir='ltr'><strong>sed</strong></span> <span class='ocrx_word' id='word_1_215' title='bbox 1019 793 1128 820; x_wconf 85' lang='lat' dir='ltr'><strong>corpus.</strong></span> <span class='ocrx_word' id='word_1_216' title='bbox 1154 784 1231 818; x_wconf 86' lang='lat' dir='ltr'><strong>Quod</strong></span> <span class='ocrx_word' id='word_1_217' title='bbox 1250 785 1351 812; x_wconf 90' lang='lat' dir='ltr'><strong>idcirco</strong></span> <span class='ocrx_word' id='word_1_218' title='bbox 1365 784 1474 820; x_wconf 83' lang='grc' dir='ltr'>πτῶμα.</span> <span class='ocrx_word' id='word_1_219' title='bbox 1489 784 1541 812; x_wconf 90' lang='lat' dir='ltr'><strong>hoc</strong></span> <span class='ocrx_word' id='word_1_220' title='bbox 1559 790 1600 813; x_wconf 87' lang='lat' dir='ltr'><strong>est</strong></span> <span class='ocrx_word' id='word_1_221' title='bbox 1615 785 1739 819; x_wconf 83' lang='lat' dir='ltr'><strong>cadaver,</strong></span> 
     </span>
    </p>
   </div>
   <div class='ocr_carea' id='block_1_32' title="bbox 957 830 1739 866">
    <p class='ocr_par' dir='ltr' id='par_1_32' title="bbox 957 830 1739 866">
     <span class='ocr_line' id='line_1_32' title="bbox 957 830 1739 866; baseline 0.001 -8"><span class='ocrx_word' id='word_1_222' title='bbox 957 831 1125 858; x_wconf 85' lang='lat' dir='ltr'><strong>consuetudo</strong></span> <span class='ocrx_word' id='word_1_223' title='bbox 1145 830 1299 857; x_wconf 77' lang='lat' dir='ltr'><strong>communis</strong></span> <span class='ocrx_word' id='word_1_224' title='bbox 1323 831 1450 865; x_wconf 77' lang='lat' dir='ltr'><strong>appellat,</strong></span> <span class='ocrx_word' id='word_1_225' title='bbox 1467 831 1589 866; x_wconf 80' lang='lat' dir='ltr'><strong>adeoque</strong></span> <span class='ocrx_word' id='word_1_226' title='bbox 1607 831 1739 859; x_wconf 88' lang='lat' dir='ltr'><strong>Dominus</strong></span> 
     </span>
    </p>
   </div>
   <div class='ocr_carea' id='block_1_33' title="bbox 101 872 891 912">
    <p class='ocr_par' dir='ltr' id='par_1_33' title="bbox 101 872 891 911">
     <span class='ocr_line' id='line_1_33' title="bbox 101 872 891 911; baseline 0.006 -13"><span class='ocrx_word' id='word_1_227' title='bbox 101 872 351 907; x_wconf 70' lang='grc' dir='ltr'><strong>συναχθήσονται</strong></span> <span class='ocrx_word' id='word_1_228' title='bbox 379 873 429 900; x_wconf 76' lang='grc' dir='ltr'>καὶ</span> <span class='ocrx_word' id='word_1_229' title='bbox 460 876 488 901; x_wconf 81' lang='grc' dir='ltr'>οὶ</span> <span class='ocrx_word' id='word_1_230' title='bbox 507 875 598 902; x_wconf 82' lang='grc' dir='ltr'>ἀετοί.</span> <span class='ocrx_word' id='word_1_231' title='bbox 629 876 684 902; x_wconf 85' lang='grc' dir='ltr'>Καί</span> <span class='ocrx_word' id='word_1_232' title='bbox 711 875 765 911; x_wconf 81' lang='grc' dir='ltr'>γὰρ</span> <span class='ocrx_word' id='word_1_233' title='bbox 785 877 814 902; x_wconf 84' lang='grc' dir='ltr'>ἐν</span> <span class='ocrx_word' id='word_1_234' title='bbox 842 878 891 908; x_wconf 70' lang='grc' dir='ltr'><strong>τοῖς</strong></span> 
     </span>
    </p>
   </div>
   <div class='ocr_carea' id='block_1_34' title="bbox 946 872 1739 912">
    <p class='ocr_par' dir='ltr' id='par_1_34' title="bbox 952 874 1739 912">
     <span class='ocr_line' id='line_1_34' title="bbox 952 874 1739 912; baseline 0.001 -9"><span class='ocrx_word' id='word_1_235' title='bbox 952 877 1020 912; x_wconf 87' lang='lat' dir='ltr'><strong>ipse,</strong></span> <span class='ocrx_word' id='word_1_236' title='bbox 1037 885 1099 904; x_wconf 88' lang='lat' dir='ltr'><strong>cum</strong></span> <span class='ocrx_word' id='word_1_237' title='bbox 1118 877 1158 904; x_wconf 84' lang='lat' dir='ltr'><strong>sic</strong></span> <span class='ocrx_word' id='word_1_238' title='bbox 1183 877 1322 911; x_wconf 88' lang='lat' dir='ltr'><strong>loquitur:</strong></span> <span class='ocrx_word' id='word_1_239' title='bbox 1342 874 1494 911; x_wconf 79' lang='lat' dir='ltr'><strong>Ubicunque</strong></span> <span class='ocrx_word' id='word_1_240' title='bbox 1517 880 1555 903; x_wconf 77' lang='lat' dir='ltr'><strong>est</strong></span> <span class='ocrx_word' id='word_1_241' title='bbox 1577 876 1688 912; x_wconf 80' lang='grc' dir='ltr'>πτῶμα,</span> <span class='ocrx_word' id='word_1_242' title='bbox 1711 876 1739 904; x_wconf 84' lang='lat' dir='ltr'><strong>id</strong></span> 
     </span>
    </p>
   </div>
   <div class='ocr_carea' id='block_1_35' title="bbox 103 919 896 957">
    <p class='ocr_par' dir='ltr' id='par_1_35' title="bbox 103 919 896 957">
     <span class='ocr_line' id='line_1_35' title="bbox 103 919 896 957; baseline 0.005 -13"><span class='ocrx_word' id='word_1_243' title='bbox 103 919 244 954; x_wconf 79' lang='grc' dir='ltr'><strong>μνήμασιν</strong></span> <span class='ocrx_word' id='word_1_244' title='bbox 258 919 287 945; x_wconf 85' lang='grc' dir='ltr'>οὺ</span> <span class='ocrx_word' id='word_1_245' title='bbox 300 919 499 956; x_wconf 75' lang='grc' dir='ltr'>κατακλείομεν</span> <span class='ocrx_word' id='word_1_246' title='bbox 514 921 603 956; x_wconf 77' lang='grc' dir='ltr'>ψυχὰς</span> <span class='ocrx_word' id='word_1_247' title='bbox 616 921 684 956; x_wconf 76' lang='grc'>(65),</span> <span class='ocrx_word' id='word_1_248' title='bbox 700 921 768 948; x_wconf 87' lang='grc' dir='ltr'>ἀλλὰ</span> <span class='ocrx_word' id='word_1_249' title='bbox 783 921 896 957; x_wconf 85' lang='grc' dir='ltr'>σώματα</span> 
     </span>
    </p>
   </div>
   <div class='ocr_carea' id='block_1_36' title="bbox 101 963 896 1002">
    <p class='ocr_par' dir='ltr' id='par_1_36' title="bbox 101 963 896 1002">
     <span class='ocr_line' id='line_1_36' title="bbox 101 963 896 1002; baseline 0.001 -11"><span class='ocrx_word' id='word_1_250' title='bbox 101 965 315 1001; x_wconf 81' lang='grc' dir='ltr'>κατατιθέαμεν,</span> <span class='ocrx_word' id='word_1_251' title='bbox 331 966 360 992; x_wconf 83' lang='grc' dir='ltr'><strong>ὲν</strong></span> <span class='ocrx_word' id='word_1_252' title='bbox 373 967 408 1001; x_wconf 78' lang='grc' dir='ltr'>γῇ</span> <span class='ocrx_word' id='word_1_253' title='bbox 431 966 649 1002; x_wconf 79' lang='grc' dir='ltr'>καταχώσαντες,</span> <span class='ocrx_word' id='word_1_254' title='bbox 662 963 699 994; x_wconf 85' lang='grc' dir='ltr'><strong>ὧν</strong></span> <span class='ocrx_word' id='word_1_255' title='bbox 718 969 734 1001; x_wconf 85' lang='grc' dir='ltr'>ἡ</span> <span class='ocrx_word' id='word_1_256' title='bbox 749 967 896 999; x_wconf 74' lang='grc' dir='ltr'>ἀνάστασις</span> 
     </span>
    </p>
   </div>
   <div class='ocr_carea' id='block_1_37' title="bbox 99 1010 894 1048">
    <p class='ocr_par' dir='ltr' id='par_1_37' title="bbox 99 1010 894 1048">
     <span class='ocr_line' id='line_1_37' title="bbox 99 1010 894 1048; baseline 0.004 -12"><span class='ocrx_word' id='word_1_257' title='bbox 99 1010 143 1042; x_wconf 73' lang='grc' dir='ltr'><strong>εἰς</strong></span> <span class='ocrx_word' id='word_1_258' title='bbox 162 1010 257 1039; x_wconf 75' lang='grc' dir='ltr'>ἐλπίδα</span> <span class='ocrx_word' id='word_1_259' title='bbox 282 1011 338 1047; x_wconf 73' lang='grc' dir='ltr'>ἔχει</span> <span class='ocrx_word' id='word_1_260' title='bbox 365 1011 396 1040; x_wconf 74' lang='grc' dir='ltr'><strong>τὸ</strong></span> <span class='ocrx_word' id='word_1_261' title='bbox 408 1013 549 1047; x_wconf 84' lang='grc' dir='ltr'>κήρυγμα,</span> <span class='ocrx_word' id='word_1_262' title='bbox 569 1013 694 1048; x_wconf 78' lang='grc' dir='ltr'>καθάπερ</span> <span class='ocrx_word' id='word_1_263' title='bbox 712 1013 726 1039; x_wconf 87' lang='lat'><strong>6</strong></span> <span class='ocrx_word' id='word_1_264' title='bbox 742 1012 788 1039; x_wconf 81' lang='grc' dir='ltr'><strong>τοῦ</strong></span> <span class='ocrx_word' id='word_1_265' title='bbox 822 1013 894 1039; x_wconf 80' lang='grc' dir='ltr'>σίτου</span> 
     </span>
    </p>
   </div>
   <div class='ocr_carea' id='block_1_38' title="bbox 100 1057 895 1094">
    <p class='ocr_par' dir='ltr' id='par_1_38' title="bbox 100 1057 895 1094">
     <span class='ocr_line' id='line_1_38' title="bbox 100 1057 895 1094; baseline 0.003 -11"><span class='ocrx_word' id='word_1_266' title='bbox 100 1057 218 1089; x_wconf 73' lang='grc' dir='ltr'>κόκκος·</span> <span class='ocrx_word' id='word_1_267' title='bbox 243 1058 281 1089; x_wconf 80' lang='grc' dir='ltr'>ὡς</span> <span class='ocrx_word' id='word_1_268' title='bbox 296 1059 343 1084; x_wconf 75' lang='grc' dir='ltr'>καὶ</span> <span class='ocrx_word' id='word_1_269' title='bbox 364 1059 378 1085; x_wconf 94' lang='lat'><strong>6</strong></span> <span class='ocrx_word' id='word_1_270' title='bbox 403 1058 482 1092; x_wconf 81' lang='grc' dir='ltr'><strong>ἅγιος</strong></span> <span class='ocrx_word' id='word_1_271' title='bbox 503 1058 662 1090; x_wconf 80' lang='grc' dir='ltr'>Ἀπόστολος</span> <span class='ocrx_word' id='word_1_272' title='bbox 677 1059 725 1094; x_wconf 83' lang='grc' dir='ltr'>τὴν</span> <span class='ocrx_word' id='word_1_273' title='bbox 744 1059 895 1094; x_wconf 79' lang='grc' dir='ltr'>μαρτυρίαν</span> 
     </span>
    </p>
   </div>
   <div class='ocr_carea' id='block_1_39' title="bbox 100 1103 896 1140">
    <p class='ocr_par' dir='ltr' id='par_1_39' title="bbox 100 1103 896 1140">
     <span class='ocr_line' id='line_1_39' title="bbox 100 1103 896 1140; baseline 0.003 -11"><span class='ocrx_word' id='word_1_274' title='bbox 100 1103 202 1138; x_wconf 76' lang='grc' dir='ltr'>ἧνεγκε</span> <span class='ocrx_word' id='word_1_275' title='bbox 211 1104 276 1139; x_wconf 73' lang='grc' dir='ltr'>περὶ</span> <span class='ocrx_word' id='word_1_276' title='bbox 283 1103 329 1130; x_wconf 79' lang='grc' dir='ltr'><strong>τοῦ</strong></span> <span class='ocrx_word' id='word_1_277' title='bbox 339 1104 440 1131; x_wconf 86' lang='grc' dir='ltr'>κόκκου</span> <span class='ocrx_word' id='word_1_278' title='bbox 451 1104 497 1130; x_wconf 79' lang='grc' dir='ltr'><strong>τοῦ</strong></span> <span class='ocrx_word' id='word_1_279' title='bbox 510 1105 581 1131; x_wconf 77' lang='grc' dir='ltr'>σίτου</span> <span class='ocrx_word' id='word_1_280' title='bbox 591 1105 637 1131; x_wconf 77' lang='grc' dir='ltr'>καὶ</span> <span class='ocrx_word' id='word_1_281' title='bbox 651 1104 704 1132; x_wconf 85' lang='grc' dir='ltr'><strong>τῶν</strong></span> <span class='ocrx_word' id='word_1_282' title='bbox 719 1104 805 1132; x_wconf 82' lang='grc' dir='ltr'>ἄλλων</span> <span class='ocrx_word' id='word_1_283' title='bbox 816 1113 896 1140; x_wconf 81' lang='grc' dir='ltr'>σπερ-</span> 
     </span>
    </p>
   </div>
   <div class='ocr_carea' id='block_1_40' title="bbox 102 1149 894 1186">
    <p class='ocr_par' dir='ltr' id='par_1_40' title="bbox 102 1149 894 1186">
     <span class='ocr_line' id='line_1_40' title="bbox 102 1149 894 1186; baseline 0.001 -10"><span class='ocrx_word' id='word_1_284' title='bbox 102 1149 210 1180; x_wconf 82' lang='grc' dir='ltr'><strong>μάτων·</strong></span> <span class='ocrx_word' id='word_1_285' title='bbox 231 1149 278 1176; x_wconf 75' lang='grc' dir='ltr'><strong>καὶ</strong></span> <span class='ocrx_word' id='word_1_286' title='bbox 295 1150 376 1182; x_wconf 80' lang='grc' dir='ltr'>αὐτὸς</span> <span class='ocrx_word' id='word_1_287' title='bbox 387 1150 416 1176; x_wconf 82' lang='grc' dir='ltr'><strong>δὲ</strong></span> <span class='ocrx_word' id='word_1_288' title='bbox 434 1152 448 1177; x_wconf 97' lang='lat'><strong>6</strong></span> <span class='ocrx_word' id='word_1_289' title='bbox 460 1150 561 1186; x_wconf 84' lang='grc' dir='ltr'>Κύριος</span> <span class='ocrx_word' id='word_1_290' title='bbox 574 1151 602 1176; x_wconf 84' lang='grc' dir='ltr'><strong>ὲν</strong></span> <span class='ocrx_word' id='word_1_291' title='bbox 614 1150 652 1186; x_wconf 84' lang='grc' dir='ltr'>τῷ</span> <span class='ocrx_word' id='word_1_292' title='bbox 666 1151 824 1186; x_wconf 83' lang='grc' dir='ltr'>Εὑαγγελίῳ</span> <span class='ocrx_word' id='word_1_293' title='bbox 833 1159 840 1166; x_wconf 86' lang='grc'><strong>·</strong></span> <span class='ocrx_word' id='word_1_294' title='bbox 853 1152 894 1178; x_wconf 81' lang='grc' dir='ltr'><strong>ὅτι</strong></span> 
     </span>
    </p>
   </div>
   <div class='ocr_carea' id='block_1_41' title="bbox 107 1195 894 1232">
    <p class='ocr_par' dir='ltr' id='par_1_41' title="bbox 107 1195 894 1232">
     <span class='ocr_line' id='line_1_41' title="bbox 107 1195 894 1232; baseline 0.003 -10"><span class='ocrx_word' id='word_1_295' title='bbox 107 1195 178 1222; x_wconf 82' lang='grc' dir='ltr'><em>Ἐὰν</em></span> <span class='ocrx_word' id='word_1_296' title='bbox 193 1195 297 1223; x_wconf 77' lang='grc' dir='ltr'>πεσὼν</span> <span class='ocrx_word' id='word_1_297' title='bbox 314 1197 331 1222; x_wconf 86' lang='grc' dir='ltr'><em>ὁ</em></span> <span class='ocrx_word' id='word_1_298' title='bbox 346 1197 457 1230; x_wconf 74' lang='grc' dir='ltr'>κόκκος</span> <span class='ocrx_word' id='word_1_299' title='bbox 469 1197 523 1223; x_wconf 84' lang='grc' dir='ltr'><strong>τοῦ</strong></span> <span class='ocrx_word' id='word_1_300' title='bbox 538 1197 625 1224; x_wconf 80' lang='grc' dir='ltr'>σίτου</span> <span class='ocrx_word' id='word_1_301' title='bbox 638 1196 786 1231; x_wconf 77' lang='grc' dir='ltr'><strong>ἀποθάνῃ.</strong></span> <span class='ocrx_word' id='word_1_302' title='bbox 799 1198 894 1232; x_wconf 79' lang='grc' dir='ltr'><em>μόνος</em></span> 
     </span>
    </p>
   </div>
   <div class='ocr_carea' id='block_1_42' title="bbox 96 1241 894 1278">
    <p class='ocr_par' dir='ltr' id='par_1_42' title="bbox 96 1241 894 1278">
     <span class='ocr_line' id='line_1_42' title="bbox 96 1241 894 1278; baseline 0.004 -11"><span class='ocrx_word' id='word_1_303' title='bbox 96 1241 192 1276; x_wconf 76' lang='grc' dir='ltr'>μένει.</span> <span class='ocrx_word' id='word_1_304' title='bbox 212 1241 241 1268; x_wconf 91' lang='lat'><strong>&#39;0</strong></span> <span class='ocrx_word' id='word_1_305' title='bbox 262 1242 291 1268; x_wconf 75' lang='grc' dir='ltr'><strong>δὲ</strong></span> <span class='ocrx_word' id='word_1_306' title='bbox 319 1241 397 1276; x_wconf 74' lang='grc' dir='ltr'>ἅγιος</span> <span class='ocrx_word' id='word_1_307' title='bbox 421 1243 583 1274; x_wconf 77' lang='grc' dir='ltr'>Ἀπόστολός</span> <span class='ocrx_word' id='word_1_308' title='bbox 591 1251 691 1278; x_wconf 75' lang='grc' dir='ltr'>φησιν’</span> <span class='ocrx_word' id='word_1_309' title='bbox 717 1243 822 1278; x_wconf 72' lang='grc' dir='ltr'>ἄφρονα</span> <span class='ocrx_word' id='word_1_310' title='bbox 840 1243 894 1278; x_wconf 77' lang='grc' dir='ltr'><strong>γὰρ</strong></span> 
     </span>
    </p>
   </div>
   <div class='ocr_carea' id='block_1_43' title="bbox 100 1287 892 1324">
    <p class='ocr_par' dir='ltr' id='par_1_43' title="bbox 100 1287 892 1324">
     <span class='ocr_line' id='line_1_43' title="bbox 100 1287 892 1324; baseline 0 -10"><span class='ocrx_word' id='word_1_311' title='bbox 100 1287 178 1314; x_wconf 80' lang='grc' dir='ltr'>καλεῖ</span> <span class='ocrx_word' id='word_1_312' title='bbox 189 1287 234 1314; x_wconf 82' lang='grc' dir='ltr'>τὸν</span> <span class='ocrx_word' id='word_1_313' title='bbox 252 1287 365 1315; x_wconf 80' lang='grc' dir='ltr'>ἄπιστον</span> <span class='ocrx_word' id='word_1_314' title='bbox 387 1289 434 1314; x_wconf 80' lang='grc' dir='ltr'>τὸν</span> <span class='ocrx_word' id='word_1_315' title='bbox 451 1288 520 1320; x_wconf 81' lang='grc' dir='ltr'><strong>ὅλως</strong></span> <span class='ocrx_word' id='word_1_316' title='bbox 550 1288 767 1324; x_wconf 72' lang='grc' dir='ltr'>ἀμφιϐάλλοντα,</span> <span class='ocrx_word' id='word_1_317' title='bbox 788 1289 835 1315; x_wconf 77' lang='grc' dir='ltr'><strong>καὶ</strong></span> <span class='ocrx_word' id='word_1_318' title='bbox 847 1288 892 1314; x_wconf 85' lang='grc' dir='ltr'>λέ-</span> 
     </span>
    </p>
   </div>
   <div class='ocr_carea' id='block_1_44' title="bbox 99 1333 894 1368">
    <p class='ocr_par' dir='ltr' id='par_1_44' title="bbox 99 1333 894 1368">
     <span class='ocr_line' id='line_1_44' title="bbox 99 1333 894 1368; baseline 0.001 -9"><span class='ocrx_word' id='word_1_319' title='bbox 99 1341 198 1367; x_wconf 63' lang='grc' dir='ltr'><strong>γοκτα³</strong></span> <span class='ocrx_word' id='word_1_320' title='bbox 229 1333 295 1366; x_wconf 85' lang='grc' dir='ltr'><strong>Πῶς</strong></span> <span class='ocrx_word' id='word_1_321' title='bbox 313 1334 331 1368; x_wconf 77' lang='grc' dir='ltr'><strong><em>ἠ</em></strong></span> <span class='ocrx_word' id='word_1_322' title='bbox 355 1333 525 1367; x_wconf 78' lang='grc' dir='ltr'>ἀνάστασις</span> <span class='ocrx_word' id='word_1_323' title='bbox 542 1335 672 1368; x_wconf 76' lang='grc' dir='ltr'>τίνεται;</span> <span class='ocrx_word' id='word_1_324' title='bbox 694 1335 768 1367; x_wconf 82' lang='grc' dir='ltr'><strong>ποίῳ</strong></span> <span class='ocrx_word' id='word_1_325' title='bbox 787 1334 820 1360; x_wconf 78' lang='grc' dir='ltr'><strong>δὲ</strong></span> <span class='ocrx_word' id='word_1_326' title='bbox 840 1333 894 1361; x_wconf 87' lang='grc' dir='ltr'><strong>σώ-</strong></span> 
     </span>
    </p>
   </div>
   <div class='ocr_carea' id='block_1_45' title="bbox 99 1379 893 1416">
    <p class='ocr_par' dir='ltr' id='par_1_45' title="bbox 99 1379 893 1416">
     <span class='ocr_line' id='line_1_45' title="bbox 99 1379 893 1416; baseline 0.001 -11"><span class='ocrx_word' id='word_1_327' title='bbox 99 1387 168 1408; x_wconf 80' lang='grc' dir='ltr'>ματι</span> <span class='ocrx_word' id='word_1_328' title='bbox 181 1379 319 1413; x_wconf 70' lang='grc' dir='ltr'>ἔρχονται</span> <span class='ocrx_word' id='word_1_329' title='bbox 333 1388 342 1411; x_wconf 85' lang='grc'><em>;</em></span> <span class='ocrx_word' id='word_1_330' title='bbox 361 1380 414 1406; x_wconf 75' lang='grc' dir='ltr'>Καὶ</span> <span class='ocrx_word' id='word_1_331' title='bbox 432 1380 513 1412; x_wconf 73' lang='grc' dir='ltr'>εὐθὺς</span> <span class='ocrx_word' id='word_1_332' title='bbox 528 1380 596 1416; x_wconf 69' lang='grc' dir='ltr'><strong>πρὸς</strong></span> <span class='ocrx_word' id='word_1_333' title='bbox 612 1381 675 1412; x_wconf 81' lang='grc' dir='ltr'>τοὺς</span> <span class='ocrx_word' id='word_1_334' title='bbox 689 1380 825 1412; x_wconf 80' lang='grc' dir='ltr'><strong>τοιούτους</strong></span> <span class='ocrx_word' id='word_1_335' title='bbox 842 1389 893 1416; x_wconf 84' lang='grc' dir='ltr'><strong>φη-</strong></span> 
     </span>
    </p>
   </div>
   <div class='ocr_carea' id='block_1_46' title="bbox 100 1425 891 1460">
    <p class='ocr_par' dir='ltr' id='par_1_46' title="bbox 100 1425 891 1460">
     <span class='ocr_line' id='line_1_46' title="bbox 100 1425 891 1460; baseline 0.003 -10"><span class='ocrx_word' id='word_1_336' title='bbox 100 1425 142 1450; x_wconf 82' lang='grc' dir='ltr'><strong>σίν</strong></span> <span class='ocrx_word' id='word_1_337' title='bbox 150 1433 156 1439; x_wconf 88' lang='grc'><strong>·</strong></span> <span class='ocrx_word' id='word_1_338' title='bbox 178 1426 301 1459; x_wconf 67' lang='grc' dir='ltr'>Ἄφρων.</span> <span class='ocrx_word' id='word_1_339' title='bbox 315 1426 355 1452; x_wconf 85' lang='grc' dir='ltr'>σὺ</span> <span class='ocrx_word' id='word_1_340' title='bbox 367 1425 382 1451; x_wconf 76' lang='grc' dir='ltr'>ὃ</span> <span class='ocrx_word' id='word_1_341' title='bbox 395 1426 531 1460; x_wconf 60' lang='grc' dir='ltr'>σπείρεις</span> <span class='ocrx_word' id='word_1_342' title='bbox 541 1427 577 1452; x_wconf 81' lang='grc' dir='ltr'>οὺ</span> <span class='ocrx_word' id='word_1_343' title='bbox 589 1425 781 1460; x_wconf 56' lang='grc' dir='ltr'><strong>ζωογονεῖται,</strong></span> <span class='ocrx_word' id='word_1_344' title='bbox 790 1425 891 1460; x_wconf 73' lang='grc' dir='ltr'>ἐὰνμὴ</span> 
     </span>
    </p>
   </div>
   <div class='ocr_carea' id='block_1_47' title="bbox 99 1471 891 1507">
    <p class='ocr_par' dir='ltr' id='par_1_47' title="bbox 99 1471 891 1507">
     <span class='ocr_line' id='line_1_47' title="bbox 99 1471 891 1507; baseline 0 -10"><span class='ocrx_word' id='word_1_345' title='bbox 99 1471 247 1504; x_wconf 71' lang='grc' dir='ltr'><strong>ἀποθάνῃ.</strong></span> <span class='ocrx_word' id='word_1_346' title='bbox 281 1472 334 1498; x_wconf 75' lang='grc' dir='ltr'>Καὶ</span> <span class='ocrx_word' id='word_1_347' title='bbox 369 1472 520 1504; x_wconf 76' lang='grc' dir='ltr'><strong>ἐξὰπαντος</strong></span> <span class='ocrx_word' id='word_1_348' title='bbox 550 1472 649 1505; x_wconf 73' lang='grc' dir='ltr'>ἔδειξεν</span> <span class='ocrx_word' id='word_1_349' title='bbox 676 1473 692 1507; x_wconf 86' lang='grc' dir='ltr'>ή</span> <span class='ocrx_word' id='word_1_350' title='bbox 721 1471 816 1506; x_wconf 74' lang='grc' dir='ltr'>Γραφὴ</span> <span class='ocrx_word' id='word_1_351' title='bbox 844 1471 891 1497; x_wconf 84' lang='grc' dir='ltr'><strong>τοῦ</strong></span> 
     </span>
    </p>
   </div>
   <div class='ocr_carea' id='block_1_48' title="bbox 98 1517 891 1553">
    <p class='ocr_par' dir='ltr' id='par_1_48' title="bbox 98 1517 891 1553">
     <span class='ocr_line' id='line_1_48' title="bbox 98 1517 891 1553; baseline 0.003 -11"><span class='ocrx_word' id='word_1_352' title='bbox 98 1517 274 1548; x_wconf 65' lang='grc' dir='ltr'><strong>πεπτωκότος</strong></span> <span class='ocrx_word' id='word_1_353' title='bbox 300 1517 412 1549; x_wconf 62' lang='grc' dir='ltr'>κόκκοδ,</span> <span class='ocrx_word' id='word_1_354' title='bbox 431 1518 553 1544; x_wconf 76' lang='grc' dir='ltr'><strong>τουτέστι</strong></span> <span class='ocrx_word' id='word_1_355' title='bbox 570 1518 616 1544; x_wconf 76' lang='grc' dir='ltr'><strong>τοῦ</strong></span> <span class='ocrx_word' id='word_1_356' title='bbox 645 1517 771 1553; x_wconf 78' lang='grc' dir='ltr'>σώματος</span> <span class='ocrx_word' id='word_1_357' title='bbox 782 1517 828 1544; x_wconf 78' lang='grc' dir='ltr'><strong>τοῦ</strong></span> <span class='ocrx_word' id='word_1_358' title='bbox 843 1517 891 1544; x_wconf 84' lang='grc' dir='ltr'><strong>θα-</strong></span> 
     </span>
    </p>
   </div>
   <div class='ocr_carea' id='block_1_49' title="bbox 948 920 1738 957">
    <p class='ocr_par' dir='ltr' id='par_1_49' title="bbox 948 920 1738 957">
     <span class='ocr_line' id='line_1_49' title="bbox 948 920 1738 957; baseline -0.004 -7"><span class='ocrx_word' id='word_1_359' title='bbox 948 927 990 950; x_wconf 84' lang='lat' dir='ltr'><strong>est</strong></span> <span class='ocrx_word' id='word_1_360' title='bbox 1007 931 1112 957; x_wconf 81' lang='lat' dir='ltr'><strong>corpus,</strong></span> <span class='ocrx_word' id='word_1_361' title='bbox 1134 922 1189 948; x_wconf 81' lang='lat' dir='ltr'><strong>illic</strong></span> <span class='ocrx_word' id='word_1_362' title='bbox 1209 921 1437 955; x_wconf 74' lang='lat' dir='ltr'><strong>congregabantur</strong></span> <span class='ocrx_word' id='word_1_363' title='bbox 1454 926 1479 947; x_wconf 85' lang='lat' dir='ltr'><strong>et</strong></span> <span class='ocrx_word' id='word_1_364' title='bbox 1499 921 1596 955; x_wconf 73' lang='lat' dir='ltr'><strong>aquila:</strong></span> <span class='ocrx_word' id='word_1_365' title='bbox 1610 922 1628 947; x_wconf 86' lang='lat'><strong>&#39;.</strong></span> <span class='ocrx_word' id='word_1_366' title='bbox 1645 920 1738 955; x_wconf 83' lang='lat' dir='ltr'><strong>Neque</strong></span> 
     </span>
    </p>
   </div>
   <div class='ocr_carea' id='block_1_50' title="bbox 946 965 1738 1002">
    <p class='ocr_par' dir='ltr' id='par_1_50' title="bbox 946 965 1738 1002">
     <span class='ocr_line' id='line_1_50' title="bbox 946 965 1738 1002; baseline -0.001 -9"><span class='ocrx_word' id='word_1_367' title='bbox 946 967 1019 993; x_wconf 75' lang='lat' dir='ltr'><strong>enim</strong></span> <span class='ocrx_word' id='word_1_368' title='bbox 1047 966 1182 1002; x_wconf 60' lang='lat' dir='ltr'><strong>svpulcris</strong></span> <span class='ocrx_word' id='word_1_369' title='bbox 1210 966 1319 993; x_wconf 86' lang='lat' dir='ltr'><strong>animas</strong></span> <span class='ocrx_word' id='word_1_370' title='bbox 1347 965 1524 998; x_wconf 86' lang='lat' dir='ltr'><strong>includimus,</strong></span> <span class='ocrx_word' id='word_1_371' title='bbox 1551 965 1598 992; x_wconf 89' lang='lat' dir='ltr'><strong>sed</strong></span> <span class='ocrx_word' id='word_1_372' title='bbox 1622 973 1738 1000; x_wconf 87' lang='lat' dir='ltr'><strong>corpora</strong></span> 
     </span>
    </p>
   </div>
   <div class='ocr_carea' id='block_1_51' title="bbox 946 1010 1738 1046">
    <p class='ocr_par' dir='ltr' id='par_1_51' title="bbox 946 1010 1738 1046">
     <span class='ocr_line' id='line_1_51' title="bbox 946 1010 1738 1046; baseline -0.001 -8"><span class='ocrx_word' id='word_1_373' title='bbox 946 1011 1022 1038; x_wconf 80' lang='lat' dir='ltr'><strong>humi</strong></span> <span class='ocrx_word' id='word_1_374' title='bbox 1050 1012 1159 1039; x_wconf 78' lang='lat' dir='ltr'><strong>defossa</strong></span> <span class='ocrx_word' id='word_1_375' title='bbox 1179 1011 1370 1046; x_wconf 89' lang='lat' dir='ltr'><strong>componimus</strong></span> <span class='ocrx_word' id='word_1_376' title='bbox 1392 1019 1398 1037; x_wconf 76' lang='grc' dir='ltr'>ε</span> <span class='ocrx_word' id='word_1_377' title='bbox 1418 1011 1518 1045; x_wconf 82' lang='lat' dir='ltr'><strong>quibus</strong></span> <span class='ocrx_word' id='word_1_378' title='bbox 1536 1010 1620 1037; x_wconf 89' lang='lat' dir='ltr'><strong>divini</strong></span> <span class='ocrx_word' id='word_1_379' title='bbox 1640 1011 1738 1044; x_wconf 51' lang='lat' dir='ltr'><strong>praedi-</strong></span> 
     </span>
    </p>
   </div>
   <div class='ocr_carea' id='block_1_52' title="bbox 945 1057 1739 1092">
    <p class='ocr_par' dir='ltr' id='par_1_52' title="bbox 945 1057 1739 1092">
     <span class='ocr_line' id='line_1_52' title="bbox 945 1057 1739 1092; baseline -0.004 -7"><span class='ocrx_word' id='word_1_380' title='bbox 945 1059 1053 1085; x_wconf 75' lang='lat' dir='ltr'><strong>catione</strong></span> <span class='ocrx_word' id='word_1_381' title='bbox 1064 1058 1139 1085; x_wconf 87' lang='lat' dir='ltr'><strong>verbi</strong></span> <span class='ocrx_word' id='word_1_382' title='bbox 1152 1065 1214 1092; x_wconf 84' lang='lat' dir='ltr'><strong>spes</strong></span> <span class='ocrx_word' id='word_1_383' title='bbox 1229 1057 1442 1084; x_wconf 85' lang='lat' dir='ltr'><strong>resurrectionis</strong></span> <span class='ocrx_word' id='word_1_384' title='bbox 1454 1057 1626 1084; x_wconf 78' lang='lat' dir='ltr'><strong>ostenditur:</strong></span> <span class='ocrx_word' id='word_1_385' title='bbox 1644 1064 1739 1090; x_wconf 36' lang='lat' dir='ltr'><strong>quon;</strong></span> 
     </span>
    </p>
   </div>
   <div class='ocr_carea' id='block_1_53' title="bbox 945 1104 1737 1138">
    <p class='ocr_par' dir='ltr' id='par_1_53' title="bbox 945 1104 1737 1138">
     <span class='ocr_line' id='line_1_53' title="bbox 945 1104 1737 1138; baseline -0.001 -6"><span class='ocrx_word' id='word_1_386' title='bbox 945 1105 1092 1132; x_wconf 80' lang='lat' dir='ltr'><strong>admodum</strong></span> <span class='ocrx_word' id='word_1_387' title='bbox 1111 1105 1137 1131; x_wconf 95' lang='lat' dir='ltr'><strong>in</strong></span> <span class='ocrx_word' id='word_1_388' title='bbox 1155 1104 1284 1131; x_wconf 80' lang='lat' dir='ltr'><strong>frumenti</strong></span> <span class='ocrx_word' id='word_1_389' title='bbox 1296 1111 1393 1138; x_wconf 81' lang='lat' dir='ltr'><strong>grano,</strong></span> <span class='ocrx_word' id='word_1_390' title='bbox 1410 1104 1571 1138; x_wconf 65' lang='lat' dir='ltr'><strong>ueterisque</strong></span> <span class='ocrx_word' id='word_1_391' title='bbox 1587 1104 1737 1131; x_wconf 78' lang='lat' dir='ltr'><strong>seminibus</strong></span> 
     </span>
    </p>
   </div>
   <div class='ocr_carea' id='block_1_54' title="bbox 945 1148 1784 1185">
    <p class='ocr_par' dir='ltr' id='par_1_54' title="bbox 945 1148 1784 1185">
     <span class='ocr_line' id='line_1_54' title="bbox 945 1148 1784 1185; baseline -0.004 -7"><span class='ocrx_word' id='word_1_392' title='bbox 945 1151 1066 1178; x_wconf 85' lang='lat' dir='ltr'><strong>accidit:</strong></span> <span class='ocrx_word' id='word_1_393' title='bbox 1084 1158 1116 1177; x_wconf 78' lang='lat' dir='ltr'><strong>ex</strong></span> <span class='ocrx_word' id='word_1_394' title='bbox 1142 1150 1242 1185; x_wconf 87' lang='lat' dir='ltr'><strong>quibus</strong></span> <span class='ocrx_word' id='word_1_395' title='bbox 1260 1148 1408 1184; x_wconf 78' lang='lat' dir='ltr'><strong>Apostolus</strong></span> <span class='ocrx_word' id='word_1_396' title='bbox 1431 1150 1463 1176; x_wconf 92' lang='lat' dir='ltr'><strong>ad</strong></span> <span class='ocrx_word' id='word_1_397' title='bbox 1485 1149 1564 1176; x_wconf 84' lang='lat' dir='ltr'><strong>ﬁdem</strong></span> <span class='ocrx_word' id='word_1_398' title='bbox 1585 1148 1737 1176; x_wconf 78' lang='lat' dir='ltr'><strong>faciendam</strong></span> <span class='ocrx_word' id='word_1_399' title='bbox 1779 1176 1784 1184; x_wconf 82' lang='lat'>_</span> 
     </span>
    </p>
   </div>
   <div class='ocr_carea' id='block_1_55' title="bbox 945 1195 1738 1231">
    <p class='ocr_par' dir='ltr' id='par_1_55' title="bbox 945 1195 1738 1231">
     <span class='ocr_line' id='line_1_55' title="bbox 945 1195 1738 1231; baseline 0 -8"><span class='ocrx_word' id='word_1_400' title='bbox 945 1196 1067 1231; x_wconf 86' lang='lat' dir='ltr'><strong>exempla</strong></span> <span class='ocrx_word' id='word_1_401' title='bbox 1085 1195 1220 1230; x_wconf 89' lang='lat' dir='ltr'><strong>producit,</strong></span> <span class='ocrx_word' id='word_1_402' title='bbox 1245 1200 1274 1222; x_wconf 93' lang='lat' dir='ltr'><strong>ut</strong></span> <span class='ocrx_word' id='word_1_403' title='bbox 1289 1200 1315 1223; x_wconf 90' lang='lat' dir='ltr'><strong>et</strong></span> <span class='ocrx_word' id='word_1_404' title='bbox 1333 1195 1446 1230; x_wconf 84' lang='lat' dir='ltr'><strong>ipsemet</strong></span> <span class='ocrx_word' id='word_1_405' title='bbox 1470 1196 1497 1222; x_wconf 90' lang='lat' dir='ltr'><strong>in</strong></span> <span class='ocrx_word' id='word_1_406' title='bbox 1517 1195 1663 1230; x_wconf 77' lang='lat' dir='ltr'><strong>Evangelio</strong></span> <span class='ocrx_word' id='word_1_407' title='bbox 1683 1196 1738 1223; x_wconf 90' lang='lat' dir='ltr'><strong>Do-</strong></span> 
     </span>
    </p>
   </div>
   <div class='ocr_carea' id='block_1_56' title="bbox 945 1241 1739 1277">
    <p class='ocr_par' dir='ltr' id='par_1_56' title="bbox 945 1241 1739 1277">
     <span class='ocr_line' id='line_1_56' title="bbox 945 1241 1739 1277; baseline -0.001 -8"><span class='ocrx_word' id='word_1_408' title='bbox 945 1243 1035 1269; x_wconf 81' lang='lat' dir='ltr'><strong>minus</strong></span> <span class='ocrx_word' id='word_1_409' title='bbox 1052 1252 1058 1269; x_wconf 91' lang='lat'>:</span> <span class='ocrx_word' id='word_1_410' title='bbox 1076 1241 1148 1274; x_wconf 76' lang='lat' dir='ltr'><strong>Nisi,</strong></span> <span class='ocrx_word' id='word_1_411' title='bbox 1162 1242 1261 1277; x_wconf 88' lang='lat' dir='ltr'><strong>inquit,</strong></span> <span class='ocrx_word' id='word_1_412' title='bbox 1277 1250 1389 1276; x_wconf 82' lang='lat' dir='ltr'><strong>granum</strong></span> <span class='ocrx_word' id='word_1_413' title='bbox 1402 1241 1527 1275; x_wconf 78' lang='lat' dir='ltr'><strong>frumenti</strong></span> <span class='ocrx_word' id='word_1_414' title='bbox 1540 1241 1635 1268; x_wconf 79' lang='lat' dir='ltr'><strong>cadens</strong></span> <span class='ocrx_word' id='word_1_415' title='bbox 1651 1242 1677 1268; x_wconf 85' lang='lat' dir='ltr'><strong>in</strong></span> <span class='ocrx_word' id='word_1_416' title='bbox 1690 1246 1739 1268; x_wconf 65' lang='grc' dir='ltr'>ιρι-η</span> 
     </span>
    </p>
   </div>
   <div class='ocr_carea' id='block_1_57' title="bbox 944 1289 1738 1324">
    <p class='ocr_par' dir='ltr' id='par_1_57' title="bbox 944 1289 1738 1324">
     <span class='ocr_line' id='line_1_57' title="bbox 944 1289 1738 1324; baseline 0 -9"><span class='ocrx_word' id='word_1_417' title='bbox 944 1297 1002 1316; x_wconf 74' lang='lat' dir='ltr'><strong>ram</strong></span> <span class='ocrx_word' id='word_1_418' title='bbox 1017 1293 1147 1314; x_wconf 80' lang='lat' dir='ltr'><strong>mortuum</strong></span> <span class='ocrx_word' id='word_1_419' title='bbox 1159 1289 1249 1322; x_wconf 78' lang='lat' dir='ltr'><strong>fuerit,</strong></span> <span class='ocrx_word' id='word_1_420' title='bbox 1264 1289 1349 1322; x_wconf 77' lang='lat' dir='ltr'><strong>ipsum</strong></span> <span class='ocrx_word' id='word_1_421' title='bbox 1369 1289 1454 1315; x_wconf 68' lang='lat' dir='ltr'><strong>solun:</strong></span> <span class='ocrx_word' id='word_1_422' title='bbox 1472 1293 1558 1315; x_wconf 80' lang='lat' dir='ltr'><strong>nzanet</strong></span> <span class='ocrx_word' id='word_1_423' title='bbox 1571 1289 1590 1315; x_wconf 85' lang='grc'><strong>².</strong></span> <span class='ocrx_word' id='word_1_424' title='bbox 1604 1289 1685 1324; x_wconf 73' lang='lat'><strong>306</strong></span> <span class='ocrx_word' id='word_1_425' title='bbox 1705 1290 1738 1316; x_wconf 78' lang='lat' dir='ltr'><strong>At</strong></span> 
     </span>
    </p>
   </div>
   <div class='ocr_carea' id='block_1_58' title="bbox 944 1334 1739 1369">
    <p class='ocr_par' dir='ltr' id='par_1_58' title="bbox 944 1334 1739 1369">
     <span class='ocr_line' id='line_1_58' title="bbox 944 1334 1739 1369; baseline -0.001 -8"><span class='ocrx_word' id='word_1_426' title='bbox 944 1334 1094 1369; x_wconf 79' lang='lat' dir='ltr'><strong>Apostolus</strong></span> <span class='ocrx_word' id='word_1_427' title='bbox 1111 1342 1173 1361; x_wconf 91' lang='lat' dir='ltr'><strong>cum</strong></span> <span class='ocrx_word' id='word_1_428' title='bbox 1192 1334 1262 1361; x_wconf 89' lang='lat' dir='ltr'><strong>idem</strong></span> <span class='ocrx_word' id='word_1_429' title='bbox 1282 1338 1473 1368; x_wconf 69' lang='lat' dir='ltr'><strong>argumentum</strong></span> <span class='ocrx_word' id='word_1_430' title='bbox 1492 1338 1651 1368; x_wconf 80' lang='lat' dir='ltr'><strong>pertractat,</strong></span> <span class='ocrx_word' id='word_1_431' title='bbox 1670 1335 1739 1361; x_wconf 85' lang='lat' dir='ltr'><strong>insi-</strong></span> 
     </span>
    </p>
   </div>
   <div class='ocr_carea' id='block_1_59' title="bbox 944 1380 1738 1415">
    <p class='ocr_par' dir='ltr' id='par_1_59' title="bbox 944 1380 1738 1415">
     <span class='ocr_line' id='line_1_59' title="bbox 944 1380 1738 1415; baseline 0 -9"><span class='ocrx_word' id='word_1_432' title='bbox 944 1380 1061 1415; x_wconf 89' lang='lat' dir='ltr'><strong>pientem</strong></span> <span class='ocrx_word' id='word_1_433' title='bbox 1080 1388 1143 1406; x_wconf 88' lang='lat' dir='ltr'><strong>eum</strong></span> <span class='ocrx_word' id='word_1_434' title='bbox 1160 1380 1286 1414; x_wconf 87' lang='lat' dir='ltr'><strong>appellat,</strong></span> <span class='ocrx_word' id='word_1_435' title='bbox 1306 1380 1352 1414; x_wconf 89' lang='lat' dir='ltr'><strong>qui</strong></span> <span class='ocrx_word' id='word_1_436' title='bbox 1373 1387 1426 1406; x_wconf 93' lang='lat' dir='ltr'><strong>non</strong></span> <span class='ocrx_word' id='word_1_437' title='bbox 1447 1380 1544 1411; x_wconf 87' lang='lat' dir='ltr'><strong>credit,</strong></span> <span class='ocrx_word' id='word_1_438' title='bbox 1563 1384 1610 1406; x_wconf 87' lang='lat' dir='ltr'><strong>aut</strong></span> <span class='ocrx_word' id='word_1_439' title='bbox 1626 1381 1738 1407; x_wconf 87' lang='lat' dir='ltr'><strong>omnino</strong></span> 
     </span>
    </p>
   </div>
   <div class='ocr_carea' id='block_1_60' title="bbox 944 1425 1738 1460">
    <p class='ocr_par' dir='ltr' id='par_1_60' title="bbox 944 1425 1738 1460">
     <span class='ocr_line' id='line_1_60' title="bbox 944 1425 1738 1460; baseline 0 -8"><span class='ocrx_word' id='word_1_440' title='bbox 944 1426 1074 1452; x_wconf 69' lang='lat' dir='ltr'><strong>haesitans</strong></span> <span class='ocrx_word' id='word_1_441' title='bbox 1089 1425 1255 1460; x_wconf 73' lang='lat' dir='ltr'><strong>interrogat:</strong></span> <span class='ocrx_word' id='word_1_442' title='bbox 1273 1425 1410 1458; x_wconf 83' lang='lat' dir='ltr'><strong>Quomodo</strong></span> <span class='ocrx_word' id='word_1_443' title='bbox 1426 1425 1456 1459; x_wconf 85' lang='lat' dir='ltr'><strong>ﬁt</strong></span> <span class='ocrx_word' id='word_1_444' title='bbox 1474 1426 1738 1460; x_wconf 77' lang='lat' dir='ltr'><strong>resurrectio?quali</strong></span> 
     </span>
    </p>
   </div>
   <div class='ocr_carea' id='block_1_61' title="bbox 943 1471 1737 1504">
    <p class='ocr_par' dir='ltr' id='par_1_61' title="bbox 943 1471 1737 1504">
     <span class='ocr_line' id='line_1_61' title="bbox 943 1471 1737 1504; baseline 0 -6"><span class='ocrx_word' id='word_1_445' title='bbox 943 1477 1031 1498; x_wconf 81' lang='lat' dir='ltr'><strong>autem</strong></span> <span class='ocrx_word' id='word_1_446' title='bbox 1050 1479 1157 1504; x_wconf 83' lang='lat' dir='ltr'><strong>corpore</strong></span> <span class='ocrx_word' id='word_1_447' title='bbox 1180 1471 1302 1498; x_wconf 73' lang='lat' dir='ltr'><strong>venient?</strong></span> <span class='ocrx_word' id='word_1_448' title='bbox 1319 1471 1357 1497; x_wconf 76' lang='lat' dir='ltr'><strong>Ac</strong></span> <span class='ocrx_word' id='word_1_449' title='bbox 1379 1471 1471 1497; x_wconf 83' lang='lat' dir='ltr'><strong>statim</strong></span> <span class='ocrx_word' id='word_1_450' title='bbox 1497 1475 1592 1498; x_wconf 84' lang='lat' dir='ltr'><strong>contra</strong></span> <span class='ocrx_word' id='word_1_451' title='bbox 1620 1472 1680 1498; x_wconf 79' lang='lat' dir='ltr'><strong>il!o.s</strong></span> <span class='ocrx_word' id='word_1_452' title='bbox 1697 1472 1737 1498; x_wconf 87' lang='lat' dir='ltr'><strong>sic</strong></span> 
     </span>
    </p>
   </div>
   <div class='ocr_carea' id='block_1_62' title="bbox 943 1516 1735 1552">
    <p class='ocr_par' dir='ltr' id='par_1_62' title="bbox 943 1516 1735 1552">
     <span class='ocr_line' id='line_1_62' title="bbox 943 1516 1735 1552; baseline -0.001 -8"><span class='ocrx_word' id='word_1_453' title='bbox 943 1517 1082 1552; x_wconf 65' lang='lat' dir='ltr'><strong>disputat:</strong></span> <span class='ocrx_word' id='word_1_454' title='bbox 1103 1516 1244 1551; x_wconf 72' lang='lat' dir='ltr'><strong>Insipiens,</strong></span> <span class='ocrx_word' id='word_1_455' title='bbox 1262 1522 1289 1543; x_wconf 87' lang='lat' dir='ltr'><strong>tu</strong></span> <span class='ocrx_word' id='word_1_456' title='bbox 1304 1518 1373 1551; x_wconf 82' lang='lat' dir='ltr'><strong>quod</strong></span> <span class='ocrx_word' id='word_1_457' title='bbox 1387 1517 1501 1543; x_wconf 72' lang='lat' dir='ltr'><strong>seminus</strong></span> <span class='ocrx_word' id='word_1_458' title='bbox 1513 1525 1564 1543; x_wconf 84' lang='lat' dir='ltr'><strong>non</strong></span> <span class='ocrx_word' id='word_1_459' title='bbox 1577 1517 1735 1551; x_wconf 60' lang='lat' dir='ltr'><strong>rivi/iculum</strong></span> 
     </span>
    </p>
   </div>
   <div class='ocr_carea' id='block_1_63' title="bbox 98 1561 891 1610">
    <p class='ocr_par' dir='ltr' id='par_1_63' title="bbox 98 1563 890 1598">
     <span class='ocr_line' id='line_1_63' title="bbox 98 1563 890 1598; baseline 0.001 -10"><span class='ocrx_word' id='word_1_460' title='bbox 98 1563 244 1597; x_wconf 76' lang='grc' dir='ltr'>πτομένου,</span> <span class='ocrx_word' id='word_1_461' title='bbox 273 1563 319 1590; x_wconf 75' lang='grc' dir='ltr'>καὶ</span> <span class='ocrx_word' id='word_1_462' title='bbox 352 1564 382 1590; x_wconf 81' lang='grc' dir='ltr'>οὐ</span> <span class='ocrx_word' id='word_1_463' title='bbox 402 1563 490 1598; x_wconf 65' lang='grc' dir='ltr'>ψυχῆς</span> <span class='ocrx_word' id='word_1_464' title='bbox 512 1564 560 1598; x_wconf 85' lang='grc' dir='ltr'><strong>τὴν</strong></span> <span class='ocrx_word' id='word_1_465' title='bbox 585 1564 733 1591; x_wconf 76' lang='grc' dir='ltr'>ἀνάστασιν</span> <span class='ocrx_word' id='word_1_466' title='bbox 758 1563 890 1598; x_wconf 80' lang='grc' dir='ltr'>γίνεσθαι.</span> 
     </span>
    </p>
   </div>
   <div class='ocr_carea' id='block_1_64' title="bbox 946 1561 1737 1610">
    <p class='ocr_par' dir='ltr' id='par_1_64' title="bbox 946 1561 1737 1596">
     <span class='ocr_line' id='line_1_64' title="bbox 946 1561 1737 1596; baseline 0.004 -9"><span class='ocrx_word' id='word_1_467' title='bbox 946 1562 993 1589; x_wconf 73' lang='lat' dir='ltr'><strong>nisi</strong></span> <span class='ocrx_word' id='word_1_468' title='bbox 1003 1562 1077 1595; x_wconf 82' lang='lat' dir='ltr'><strong>prius</strong></span> <span class='ocrx_word' id='word_1_469' title='bbox 1092 1563 1223 1588; x_wconf 83' lang='lat' dir='ltr'><strong>moriatur</strong></span> <span class='ocrx_word' id='word_1_470' title='bbox 1235 1562 1258 1588; x_wconf 87' lang='grc'><strong>³.</strong></span> <span class='ocrx_word' id='word_1_471' title='bbox 1277 1561 1336 1594; x_wconf 87' lang='lat' dir='ltr'><strong>Qua</strong></span> <span class='ocrx_word' id='word_1_472' title='bbox 1353 1569 1386 1588; x_wconf 85' lang='lat' dir='ltr'><strong>ex</strong></span> <span class='ocrx_word' id='word_1_473' title='bbox 1407 1561 1557 1596; x_wconf 70' lang='lat' dir='ltr'><strong>Scriptura:</strong></span> <span class='ocrx_word' id='word_1_474' title='bbox 1574 1567 1737 1590; x_wconf 82' lang='lat' dir='ltr'><strong>auctoritate</strong></span> 
     </span>
    </p>
   </div>
   <div class='ocr_carea' id='block_1_65' title="bbox 98 1609 890 1645">
    <p class='ocr_par' dir='ltr' id='par_1_65' title="bbox 98 1609 890 1645">
     <span class='ocr_line' id='line_1_65' title="bbox 98 1609 890 1645; baseline -0.001 -9"><span class='ocrx_word' id='word_1_475' title='bbox 98 1609 160 1640; x_wconf 79' lang='grc' dir='ltr'>Πῶς</span> <span class='ocrx_word' id='word_1_476' title='bbox 185 1609 213 1635; x_wconf 82' lang='grc' dir='ltr'><strong>δὲ</strong></span> <span class='ocrx_word' id='word_1_477' title='bbox 240 1609 312 1644; x_wconf 70' lang='grc' dir='ltr'>ψυχὴ</span> <span class='ocrx_word' id='word_1_478' title='bbox 341 1609 481 1636; x_wconf 78' lang='grc' dir='ltr'>ἐλεύσεται</span> <span class='ocrx_word' id='word_1_479' title='bbox 511 1611 593 1645; x_wconf 64' lang='lat' dir='ltr'><strong>prim;</strong></span> <span class='ocrx_word' id='word_1_480' title='bbox 617 1610 675 1642; x_wconf 77' lang='grc' dir='ltr'>πῶς</span> <span class='ocrx_word' id='word_1_481' title='bbox 691 1610 720 1636; x_wconf 71' lang='grc' dir='ltr'><strong>δὲ</strong></span> <span class='ocrx_word' id='word_1_482' title='bbox 737 1609 890 1644; x_wconf 82' lang='grc' dir='ltr'><strong>βασιλεύσει</strong></span> 
     </span>
    </p>
   </div>
   <div class='ocr_carea' id='block_1_66' title="bbox 99 1654 889 1690">
    <p class='ocr_par' dir='ltr' id='par_1_66' title="bbox 99 1654 889 1690">
     <span class='ocr_line' id='line_1_66' title="bbox 99 1654 889 1690; baseline 0.001 -10"><span class='ocrx_word' id='word_1_483' title='bbox 99 1655 166 1690; x_wconf 82' lang='grc' dir='ltr'>μόνη</span> <span class='ocrx_word' id='word_1_484' title='bbox 177 1656 194 1690; x_wconf 83' lang='grc' dir='ltr'><strong>ἡ</strong></span> <span class='ocrx_word' id='word_1_485' title='bbox 208 1655 274 1690; x_wconf 76' lang='grc' dir='ltr'>ὁμοῦ</span> <span class='ocrx_word' id='word_1_486' title='bbox 290 1656 337 1681; x_wconf 76' lang='grc' dir='ltr'><strong>σὺν</strong></span> <span class='ocrx_word' id='word_1_487' title='bbox 350 1654 455 1690; x_wconf 78' lang='grc' dir='ltr'>σώματι</span> <span class='ocrx_word' id='word_1_488' title='bbox 470 1655 645 1690; x_wconf 76' lang='grc' dir='ltr'>ἐργασαμένη</span> <span class='ocrx_word' id='word_1_489' title='bbox 657 1655 686 1681; x_wconf 79' lang='grc' dir='ltr'>τὸ</span> <span class='ocrx_word' id='word_1_490' title='bbox 699 1655 802 1681; x_wconf 82' lang='grc' dir='ltr'>δίκαιον</span> <span class='ocrx_word' id='word_1_491' title='bbox 826 1654 841 1689; x_wconf 79' lang='grc' dir='ltr'>ἦ</span> <span class='ocrx_word' id='word_1_492' title='bbox 859 1654 889 1680; x_wconf 83' lang='grc' dir='ltr'>τὸ</span> 
     </span>
    </p>
   </div>
   <div class='ocr_carea' id='block_1_67' title="bbox 97 1700 886 1736">
    <p class='ocr_par' dir='ltr' id='par_1_67' title="bbox 97 1700 886 1736">
     <span class='ocr_line' id='line_1_67' title="bbox 97 1700 886 1736; baseline 0.001 -10"><span class='ocrx_word' id='word_1_493' title='bbox 97 1700 214 1734; x_wconf 78' lang='grc' dir='ltr'>φαῦλονς</span> <span class='ocrx_word' id='word_1_494' title='bbox 231 1700 307 1726; x_wconf 72' lang='grc' dir='ltr'>ἔσται</span> <span class='ocrx_word' id='word_1_495' title='bbox 321 1701 376 1736; x_wconf 74' lang='grc' dir='ltr'>γὰρ</span> <span class='ocrx_word' id='word_1_496' title='bbox 393 1701 503 1727; x_wconf 76' lang='grc' dir='ltr'>ἐναντία</span> <span class='ocrx_word' id='word_1_497' title='bbox 519 1701 566 1727; x_wconf 71' lang='grc' dir='ltr'><strong>καὶ</strong></span> <span class='ocrx_word' id='word_1_498' title='bbox 581 1701 612 1727; x_wconf 77' lang='grc' dir='ltr'>οὐ</span> <span class='ocrx_word' id='word_1_499' title='bbox 629 1701 723 1727; x_wconf 73' lang='grc' dir='ltr'>δικαία</span> <span class='ocrx_word' id='word_1_500' title='bbox 748 1702 764 1736; x_wconf 88' lang='grc' dir='ltr'><strong>ή</strong></span> <span class='ocrx_word' id='word_1_501' title='bbox 785 1701 886 1736; x_wconf 77' lang='grc' dir='ltr'>κρίσις.</span> 
     </span>
    </p>
   </div>
   <div class='ocr_carea' id='block_1_68' title="bbox 945 1607 1736 1643">
    <p class='ocr_par' dir='ltr' id='par_1_68' title="bbox 945 1607 1736 1643">
     <span class='ocr_line' id='line_1_68' title="bbox 945 1607 1736 1643; baseline 0.003 -10"><span class='ocrx_word' id='word_1_502' title='bbox 945 1607 1023 1642; x_wconf 86' lang='lat' dir='ltr'><strong>plane</strong></span> <span class='ocrx_word' id='word_1_503' title='bbox 1050 1607 1117 1634; x_wconf 91' lang='lat' dir='ltr'><strong>illud</strong></span> <span class='ocrx_word' id='word_1_504' title='bbox 1144 1607 1335 1642; x_wconf 80' lang='lat' dir='ltr'><strong>intelligimus,</strong></span> <span class='ocrx_word' id='word_1_505' title='bbox 1357 1614 1443 1642; x_wconf 80' lang='lat' dir='ltr'><strong>grano</strong></span> <span class='ocrx_word' id='word_1_506' title='bbox 1469 1607 1508 1634; x_wconf 91' lang='lat' dir='ltr'><strong>illi</strong></span> <span class='ocrx_word' id='word_1_507' title='bbox 1528 1608 1603 1643; x_wconf 93' lang='lat' dir='ltr'><strong>quod</strong></span> <span class='ocrx_word' id='word_1_508' title='bbox 1625 1608 1736 1640; x_wconf 85' lang='lat' dir='ltr'><strong>cecidit,</strong></span> 
     </span>
    </p>
   </div>
   <div class='ocr_carea' id='block_1_69' title="bbox 944 1653 1736 1688">
    <p class='ocr_par' dir='ltr' id='par_1_69' title="bbox 944 1653 1736 1688">
     <span class='ocr_line' id='line_1_69' title="bbox 944 1653 1736 1688; baseline 0.003 -9"><span class='ocrx_word' id='word_1_509' title='bbox 944 1653 995 1679; x_wconf 88' lang='lat' dir='ltr'><strong>hoc</strong></span> <span class='ocrx_word' id='word_1_510' title='bbox 1010 1657 1052 1680; x_wconf 81' lang='lat' dir='ltr'><strong>est.</strong></span> <span class='ocrx_word' id='word_1_511' title='bbox 1069 1653 1231 1687; x_wconf 88' lang='lat' dir='ltr'><strong>conscpulto</strong></span> <span class='ocrx_word' id='word_1_512' title='bbox 1249 1654 1369 1688; x_wconf 85' lang='lat' dir='ltr'><strong>corpori,</strong></span> <span class='ocrx_word' id='word_1_513' title='bbox 1395 1661 1448 1680; x_wconf 85' lang='lat' dir='ltr'><strong>non</strong></span> <span class='ocrx_word' id='word_1_514' title='bbox 1476 1654 1584 1685; x_wconf 65' lang='lat' dir='ltr'><strong>animm,</strong></span> <span class='ocrx_word' id='word_1_515' title='bbox 1612 1662 1736 1682; x_wconf 84' lang='lat' dir='ltr'><strong>resurre-</strong></span> 
     </span>
    </p>
   </div>
   <div class='ocr_carea' id='block_1_70' title="bbox 943 1699 1736 1737">
    <p class='ocr_par' dir='ltr' id='par_1_70' title="bbox 943 1699 1736 1737">
     <span class='ocr_line' id='line_1_70' title="bbox 943 1699 1736 1737; baseline 0.003 -12"><span class='ocrx_word' id='word_1_516' title='bbox 943 1699 1060 1737; x_wconf 83' lang='lat' dir='ltr'><strong>ctionem</strong></span> <span class='ocrx_word' id='word_1_517' title='bbox 1077 1707 1138 1726; x_wconf 85' lang='lat' dir='ltr'><strong>esse</strong></span> <span class='ocrx_word' id='word_1_518' title='bbox 1152 1699 1358 1727; x_wconf 79' lang='lat' dir='ltr'><strong>vindicandam.</strong></span> <span class='ocrx_word' id='word_1_519' title='bbox 1374 1699 1480 1727; x_wconf 86' lang='lat' dir='ltr'><strong>Etenim</strong></span> <span class='ocrx_word' id='word_1_520' title='bbox 1493 1699 1630 1734; x_wconf 88' lang='lat' dir='ltr'><strong>quomodo</strong></span> <span class='ocrx_word' id='word_1_521' title='bbox 1645 1700 1736 1727; x_wconf 88' lang='lat' dir='ltr'><strong>anima</strong></span> 
     </span>
    </p>
   </div>
   <div class='ocr_carea' id='block_1_71' title="bbox 96 1747 1737 1784">
    <p class='ocr_par' dir='ltr' id='par_1_71' title="bbox 96 1747 1737 1784">
     <span class='ocr_line' id='line_1_71' title="bbox 96 1747 1737 1784; baseline 0.001 -10"><span class='ocrx_word' id='word_1_522' title='bbox 96 1748 154 1774; x_wconf 78' lang='lat' dir='ltr'><strong>sola</strong></span> <span class='ocrx_word' id='word_1_523' title='bbox 172 1748 286 1778; x_wconf 87' lang='lat' dir='ltr'><strong>veniret,</strong></span> <span class='ocrx_word' id='word_1_524' title='bbox 311 1752 358 1774; x_wconf 91' lang='lat' dir='ltr'><strong>aut</strong></span> <span class='ocrx_word' id='word_1_525' title='bbox 384 1755 498 1782; x_wconf 79' lang='lat' dir='ltr'><strong>regnare</strong></span> <span class='ocrx_word' id='word_1_526' title='bbox 526 1748 583 1775; x_wconf 87' lang='lat' dir='ltr'><strong>sola</strong></span> <span class='ocrx_word' id='word_1_527' title='bbox 611 1752 715 1783; x_wconf 86' lang='lat' dir='ltr'><strong>posset,</strong></span> <span class='ocrx_word' id='word_1_528' title='bbox 743 1756 804 1784; x_wconf 68' lang='lat' dir='ltr'><strong>qua:</strong></span> <span class='ocrx_word' id='word_1_529' title='bbox 839 1756 901 1775; x_wconf 92' lang='lat' dir='ltr'><strong>cum</strong></span> <span class='ocrx_word' id='word_1_530' title='bbox 922 1754 1039 1782; x_wconf 88' lang='lat' dir='ltr'><strong>corpore</strong></span> <span class='ocrx_word' id='word_1_531' title='bbox 1058 1747 1131 1781; x_wconf 90' lang='lat' dir='ltr'><strong>quod</strong></span> <span class='ocrx_word' id='word_1_532' title='bbox 1149 1747 1253 1782; x_wconf 89' lang='lat' dir='ltr'><strong>justum</strong></span> <span class='ocrx_word' id='word_1_533' title='bbox 1271 1747 1319 1782; x_wconf 40' lang='lat' dir='ltr'><strong>,vcl</strong></span> <span class='ocrx_word' id='word_1_534' title='bbox 1344 1747 1445 1775; x_wconf 85' lang='lat' dir='ltr'><strong>malum</strong></span> <span class='ocrx_word' id='word_1_535' title='bbox 1473 1751 1516 1775; x_wconf 85' lang='lat' dir='ltr'><strong>est</strong></span> <span class='ocrx_word' id='word_1_536' title='bbox 1554 1748 1737 1775; x_wconf 89' lang='lat' dir='ltr'><strong>communiter</strong></span> 
     </span>
    </p>
   </div>
   <div class='ocr_carea' id='block_1_72' title="bbox 95 1795 1152 1830">
    <p class='ocr_par' dir='ltr' id='par_1_72' title="bbox 95 1795 1152 1830">
     <span class='ocr_line' id='line_1_72' title="bbox 95 1795 1152 1830; baseline 0 -8"><span class='ocrx_word' id='word_1_537' title='bbox 95 1796 235 1822; x_wconf 76' lang='lat' dir='ltr'><strong>exercuit?</strong></span> <span class='ocrx_word' id='word_1_538' title='bbox 257 1795 336 1822; x_wconf 85' lang='lat' dir='ltr'><strong>Esset</strong></span> <span class='ocrx_word' id='word_1_539' title='bbox 355 1796 456 1830; x_wconf 85' lang='lat' dir='ltr'><strong>quippe</strong></span> <span class='ocrx_word' id='word_1_540' title='bbox 477 1796 592 1830; x_wconf 77' lang='lat' dir='ltr'><strong>justitiae</strong></span> <span class='ocrx_word' id='word_1_541' title='bbox 615 1796 728 1824; x_wconf 91' lang='lat' dir='ltr'><strong>minime</strong></span> <span class='ocrx_word' id='word_1_542' title='bbox 742 1801 958 1824; x_wconf 80' lang='lat' dir='ltr'><strong>consentaneum</strong></span> <span class='ocrx_word' id='word_1_543' title='bbox 977 1799 1005 1821; x_wconf 75' lang='lat' dir='ltr'><strong>rt.</strong></span> <span class='ocrx_word' id='word_1_544' title='bbox 1020 1795 1152 1822; x_wconf 88' lang='lat' dir='ltr'><strong>alienum.</strong></span> 
     </span>
    </p>
   </div>
   <div class='ocr_carea' id='block_1_73' title="bbox 132 1843 887 1880">
    <p class='ocr_par' dir='ltr' id='par_1_73' title="bbox 132 1843 887 1880">
     <span class='ocr_line' id='line_1_73' title="bbox 132 1843 887 1880; baseline 0.001 -11"><span class='ocrx_word' id='word_1_545' title='bbox 132 1844 178 1876; x_wconf 75' lang='grc' dir='ltr'><strong>ς’.</strong></span> <span class='ocrx_word' id='word_1_546' title='bbox 194 1843 256 1876; x_wconf 81' lang='grc' dir='ltr'><strong>Πῶς</strong></span> <span class='ocrx_word' id='word_1_547' title='bbox 271 1843 299 1869; x_wconf 78' lang='grc' dir='ltr'>δὲ</span> <span class='ocrx_word' id='word_1_548' title='bbox 315 1843 513 1879; x_wconf 74' lang='grc' dir='ltr'>συσταθήσεται</span> <span class='ocrx_word' id='word_1_549' title='bbox 529 1845 544 1870; x_wconf 94' lang='lat'><strong>6</strong></span> <span class='ocrx_word' id='word_1_550' title='bbox 559 1845 622 1879; x_wconf 77' lang='grc' dir='ltr'>παρ’</span> <span class='ocrx_word' id='word_1_551' title='bbox 648 1844 722 1880; x_wconf 82' lang='grc' dir='ltr'><strong>αὑτῷ</strong></span> <span class='ocrx_word' id='word_1_552' title='bbox 744 1844 887 1879; x_wconf 82' lang='grc' dir='ltr'>Μαρκίωνι</span> 
     </span>
    </p>
   </div>
   <div class='ocr_carea' id='block_1_74' title="bbox 95 1888 887 1926">
    <p class='ocr_par' dir='ltr' id='par_1_74' title="bbox 95 1888 887 1926">
     <span class='ocr_line' id='line_1_74' title="bbox 95 1888 887 1926; baseline 0.001 -12"><span class='ocrx_word' id='word_1_553' title='bbox 95 1888 180 1923; x_wconf 79' lang='grc' dir='ltr'>τριῶν</span> <span class='ocrx_word' id='word_1_554' title='bbox 199 1888 290 1924; x_wconf 82' lang='grc' dir='ltr'>ἀρχῶν</span> <span class='ocrx_word' id='word_1_555' title='bbox 305 1889 400 1923; x_wconf 81' lang='grc' dir='ltr'><strong>λόγος;</strong></span> <span class='ocrx_word' id='word_1_556' title='bbox 433 1889 495 1921; x_wconf 87' lang='grc' dir='ltr'><strong>Πῶς</strong></span> <span class='ocrx_word' id='word_1_557' title='bbox 516 1889 544 1916; x_wconf 79' lang='grc' dir='ltr'><strong>δὲ</strong></span> <span class='ocrx_word' id='word_1_558' title='bbox 562 1891 576 1916; x_wconf 87' lang='lat'><strong>6</strong></span> <span class='ocrx_word' id='word_1_559' title='bbox 591 1889 692 1924; x_wconf 81' lang='grc' dir='ltr'>ἀγαθὸς</span> <span class='ocrx_word' id='word_1_560' title='bbox 710 1889 887 1926; x_wconf 81' lang='grc' dir='ltr'>εὑρεθήσεται</span> 
     </span>
    </p>
   </div>
   <div class='ocr_carea' id='block_1_75' title="bbox 97 1934 886 1972">
    <p class='ocr_par' dir='ltr' id='par_1_75' title="bbox 97 1934 886 1972">
     <span class='ocr_line' id='line_1_75' title="bbox 97 1934 886 1972; baseline 0.003 -11"><span class='ocrx_word' id='word_1_561' title='bbox 97 1936 125 1961; x_wconf 80' lang='grc' dir='ltr'>ὲν</span> <span class='ocrx_word' id='word_1_562' title='bbox 142 1936 198 1966; x_wconf 83' lang='grc' dir='ltr'>τοῖς</span> <span class='ocrx_word' id='word_1_563' title='bbox 208 1934 255 1962; x_wconf 78' lang='grc' dir='ltr'><strong>τοῦ</strong></span> <span class='ocrx_word' id='word_1_564' title='bbox 276 1935 378 1970; x_wconf 69' lang='grc' dir='ltr'>φαύλου</span> <span class='ocrx_word' id='word_1_565' title='bbox 396 1936 505 1972; x_wconf 83' lang='grc' dir='ltr'>μέρεσιν</span> <span class='ocrx_word' id='word_1_566' title='bbox 527 1936 607 1972; x_wconf 75' lang='grc' dir='ltr'>ἔργον</span> <span class='ocrx_word' id='word_1_567' title='bbox 619 1937 750 1964; x_wconf 79' lang='grc' dir='ltr'>ἐπιτελῶν</span> <span class='ocrx_word' id='word_1_568' title='bbox 766 1937 782 1972; x_wconf 86' lang='grc' dir='ltr'>ἦ</span> <span class='ocrx_word' id='word_1_569' title='bbox 798 1946 886 1972; x_wconf 83' lang='grc' dir='ltr'>σωτη-</span> 
     </span>
    </p>
   </div>
   <div class='ocr_carea' id='block_1_76' title="bbox 98 1981 888 2019">
    <p class='ocr_par' dir='ltr' id='par_1_76' title="bbox 98 1981 888 2019">
     <span class='ocr_line' id='line_1_76' title="bbox 98 1981 888 2019; baseline 0.005 -13"><span class='ocrx_word' id='word_1_570' title='bbox 98 1981 168 2017; x_wconf 82' lang='grc' dir='ltr'>ρίας,</span> <span class='ocrx_word' id='word_1_571' title='bbox 185 1981 202 2016; x_wconf 89' lang='grc' dir='ltr'>ἢ</span> <span class='ocrx_word' id='word_1_572' title='bbox 228 1981 284 2008; x_wconf 84' lang='grc' dir='ltr'>τῶν</span> <span class='ocrx_word' id='word_1_573' title='bbox 310 1982 417 2015; x_wconf 84' lang='grc' dir='ltr'><strong>ἄλλων;</strong></span> <span class='ocrx_word' id='word_1_574' title='bbox 433 1983 464 2009; x_wconf 79' lang='lat' dir='ltr'><strong>El</strong></span> <span class='ocrx_word' id='word_1_575' title='bbox 486 1983 540 2018; x_wconf 80' lang='grc' dir='ltr'><strong>γὰρ</strong></span> <span class='ocrx_word' id='word_1_576' title='bbox 553 1983 604 2009; x_wconf 80' lang='grc' dir='ltr'>οὐκ</span> <span class='ocrx_word' id='word_1_577' title='bbox 629 1983 711 2010; x_wconf 85' lang='grc' dir='ltr'>αὑτοῦ</span> <span class='ocrx_word' id='word_1_578' title='bbox 725 1984 855 2019; x_wconf 84' lang='grc' dir='ltr'>τυγχάνει</span> <span class='ocrx_word' id='word_1_579' title='bbox 873 1983 888 2009; x_wconf 80' lang='grc' dir='ltr'><strong>ὸ</strong></span> 
     </span>
    </p>
   </div>
   <div class='ocr_carea' id='block_1_77' title="bbox 96 2028 886 2065">
    <p class='ocr_par' dir='ltr' id='par_1_77' title="bbox 96 2028 886 2065">
     <span class='ocr_line' id='line_1_77' title="bbox 96 2028 886 2065; baseline 0.004 -11"><span class='ocrx_word' id='word_1_580' title='bbox 96 2028 207 2063; x_wconf 79' lang='grc' dir='ltr'>κόσμος,</span> <span class='ocrx_word' id='word_1_581' title='bbox 229 2028 373 2055; x_wconf 82' lang='grc' dir='ltr'>ἀπέστειλε</span> <span class='ocrx_word' id='word_1_582' title='bbox 405 2029 433 2055; x_wconf 81' lang='grc' dir='ltr'>δέ</span> <span class='ocrx_word' id='word_1_583' title='bbox 459 2029 542 2057; x_wconf 75' lang='grc' dir='ltr'><strong>αὖτοῦ</strong></span> <span class='ocrx_word' id='word_1_584' title='bbox 566 2030 612 2056; x_wconf 78' lang='grc' dir='ltr'><strong>τὸν</strong></span> <span class='ocrx_word' id='word_1_585' title='bbox 632 2029 772 2065; x_wconf 84' lang='grc' dir='ltr'><strong>Μονογενῆ</strong></span> <span class='ocrx_word' id='word_1_586' title='bbox 785 2031 825 2062; x_wconf 79' lang='grc' dir='ltr'><strong>εἰς</strong></span> <span class='ocrx_word' id='word_1_587' title='bbox 840 2030 886 2057; x_wconf 83' lang='grc' dir='ltr'>τὸν</span> 
     </span>
    </p>
   </div>
   <div class='ocr_carea' id='block_1_78' title="bbox 95 2074 886 2110">
    <p class='ocr_par' dir='ltr' id='par_1_78' title="bbox 95 2074 886 2110">
     <span class='ocr_line' id='line_1_78' title="bbox 95 2074 886 2110; baseline 0.003 -10"><span class='ocrx_word' id='word_1_588' title='bbox 95 2074 197 2109; x_wconf 81' lang='grc' dir='ltr'>κόσμον</span> <span class='ocrx_word' id='word_1_589' title='bbox 203 2074 297 2100; x_wconf 73' lang='grc' dir='ltr'>λαϐεῖν</span> <span class='ocrx_word' id='word_1_590' title='bbox 306 2075 337 2101; x_wconf 79' lang='grc' dir='ltr'>ὲκ</span> <span class='ocrx_word' id='word_1_591' title='bbox 346 2074 392 2101; x_wconf 82' lang='grc' dir='ltr'><strong>τοῦ</strong></span> <span class='ocrx_word' id='word_1_592' title='bbox 404 2074 507 2110; x_wconf 78' lang='grc' dir='ltr'>κόσμου</span> <span class='ocrx_word' id='word_1_593' title='bbox 514 2074 561 2101; x_wconf 83' lang='grc' dir='ltr'>τοῦ</span> <span class='ocrx_word' id='word_1_594' title='bbox 570 2075 721 2110; x_wconf 85' lang='grc' dir='ltr'>ἀλλοτρίου,</span> <span class='ocrx_word' id='word_1_595' title='bbox 732 2075 751 2102; x_wconf 78' lang='grc' dir='ltr'><strong>ἃ.</strong></span> <span class='ocrx_word' id='word_1_596' title='bbox 760 2075 797 2110; x_wconf 81' lang='grc' dir='ltr'>μὴ</span> <span class='ocrx_word' id='word_1_597' title='bbox 805 2075 886 2107; x_wconf 79' lang='grc' dir='ltr'>αὐτὸς</span> 
     </span>
    </p>
   </div>
   <div class='ocr_carea' id='block_1_79' title="bbox 95 2120 886 2158">
    <p class='ocr_par' dir='ltr' id='par_1_79' title="bbox 95 2120 886 2158">
     <span class='ocr_line' id='line_1_79' title="bbox 95 2120 886 2158; baseline 0.003 -12"><span class='ocrx_word' id='word_1_598' title='bbox 95 2121 216 2156; x_wconf 75' lang='grc' dir='ltr'>ἔσπειρε,</span> <span class='ocrx_word' id='word_1_599' title='bbox 231 2121 298 2155; x_wconf 82' lang='grc' dir='ltr'>μηδὲ</span> <span class='ocrx_word' id='word_1_600' title='bbox 311 2120 447 2156; x_wconf 76' lang='grc' dir='ltr'>ἐποίησεν·</span> <span class='ocrx_word' id='word_1_601' title='bbox 461 2121 662 2157; x_wconf 80' lang='grc' dir='ltr'>εὑρεθήσεταιῆ</span> <span class='ocrx_word' id='word_1_602' title='bbox 673 2122 727 2148; x_wconf 87' lang='grc' dir='ltr'><strong>τῶν</strong></span> <span class='ocrx_word' id='word_1_603' title='bbox 739 2121 886 2158; x_wconf 84' lang='grc' dir='ltr'>ἀλλοτρίων</span> 
     </span>
    </p>
   </div>
   <div class='ocr_carea' id='block_1_80' title="bbox 96 2167 884 2204">
    <p class='ocr_par' dir='ltr' id='par_1_80' title="bbox 96 2167 884 2204">
     <span class='ocr_line' id='line_1_80' title="bbox 96 2167 884 2204; baseline 0.004 -12"><span class='ocrx_word' id='word_1_604' title='bbox 96 2167 273 2202; x_wconf 71' lang='grc' dir='ltr'><strong>ἔφιέμενος.ῆ</strong></span> <span class='ocrx_word' id='word_1_605' title='bbox 288 2167 384 2193; x_wconf 82' lang='grc' dir='ltr'>πενίαν</span> <span class='ocrx_word' id='word_1_606' title='bbox 399 2167 593 2202; x_wconf 74' lang='grc' dir='ltr'><strong>ὑφιστάμενος,</strong></span> <span class='ocrx_word' id='word_1_607' title='bbox 613 2169 660 2194; x_wconf 79' lang='grc' dir='ltr'><strong>καὶ</strong></span> <span class='ocrx_word' id='word_1_608' title='bbox 675 2168 728 2194; x_wconf 84' lang='grc' dir='ltr'>ἴδια</span> <span class='ocrx_word' id='word_1_609' title='bbox 750 2168 786 2204; x_wconf 81' lang='grc' dir='ltr'>μὴ</span> <span class='ocrx_word' id='word_1_610' title='bbox 804 2168 884 2203; x_wconf 79' lang='grc' dir='ltr'>ἔχων,</span> 
     </span>
    </p>
   </div>
   <div class='ocr_carea' id='block_1_81' title="bbox 95 2212 887 2249">
    <p class='ocr_par' dir='ltr' id='par_1_81' title="bbox 95 2212 887 2249">
     <span class='ocr_line' id='line_1_81' title="bbox 95 2212 887 2249; baseline 0.003 -11"><span class='ocrx_word' id='word_1_611' title='bbox 95 2212 142 2239; x_wconf 74' lang='grc' dir='ltr'><strong>ἐπὶ</strong></span> <span class='ocrx_word' id='word_1_612' title='bbox 157 2212 192 2238; x_wconf 83' lang='grc' dir='ltr'>τὰ</span> <span class='ocrx_word' id='word_1_613' title='bbox 208 2212 336 2248; x_wconf 80' lang='grc' dir='ltr'>ἀλλότρια</span> <span class='ocrx_word' id='word_1_614' title='bbox 347 2212 443 2239; x_wconf 78' lang='grc' dir='ltr'>ἑαυτὸν</span> <span class='ocrx_word' id='word_1_615' title='bbox 458 2213 601 2244; x_wconf 78' lang='grc' dir='ltr'><strong>ἐπιδιδοὺς,</strong></span> <span class='ocrx_word' id='word_1_616' title='bbox 614 2214 688 2245; x_wconf 79' lang='grc' dir='ltr'><strong>ὅπως</strong></span> <span class='ocrx_word' id='word_1_617' title='bbox 700 2213 789 2248; x_wconf 76' lang='grc' dir='ltr'>ἑαυτῷ</span> <span class='ocrx_word' id='word_1_618' title='bbox 804 2222 887 2249; x_wconf 75' lang='grc' dir='ltr'>προσ-</span> 
     </span>
    </p>
   </div>
   <div class='ocr_carea' id='block_1_82' title="bbox 978 1841 1734 1878">
    <p class='ocr_par' dir='ltr' id='par_1_82' title="bbox 978 1841 1734 1878">
     <span class='ocr_line' id='line_1_82' title="bbox 978 1841 1734 1878; baseline 0.001 -9"><span class='ocrx_word' id='word_1_619' title='bbox 978 1841 1023 1869; x_wconf 76' lang='lat' dir='ltr'><strong>Vl.</strong></span> <span class='ocrx_word' id='word_1_620' title='bbox 1047 1842 1116 1869; x_wconf 89' lang='lat' dir='ltr'><strong>Nam</strong></span> <span class='ocrx_word' id='word_1_621' title='bbox 1139 1843 1237 1878; x_wconf 85' lang='lat' dir='ltr'><strong>triplex</strong></span> <span class='ocrx_word' id='word_1_622' title='bbox 1259 1843 1325 1870; x_wconf 92' lang='lat' dir='ltr'><strong>illud</strong></span> <span class='ocrx_word' id='word_1_623' title='bbox 1348 1842 1494 1870; x_wconf 82' lang='lat' dir='ltr'><strong>Marcmnis</strong></span> <span class='ocrx_word' id='word_1_624' title='bbox 1509 1843 1672 1878; x_wconf 88' lang='lat' dir='ltr'><strong>principium</strong></span> <span class='ocrx_word' id='word_1_625' title='bbox 1688 1850 1734 1870; x_wconf 92' lang='lat' dir='ltr'><strong>co-</strong></span> 
     </span>
    </p>
   </div>
   <div class='ocr_carea' id='block_1_83' title="bbox 942 1886 1734 1922">
    <p class='ocr_par' dir='ltr' id='par_1_83' title="bbox 942 1886 1734 1922">
     <span class='ocr_line' id='line_1_83' title="bbox 942 1886 1734 1922; baseline 0 -8"><span class='ocrx_word' id='word_1_626' title='bbox 942 1887 1046 1915; x_wconf 57' lang='lat' dir='ltr'><strong>haerere</strong></span> <span class='ocrx_word' id='word_1_627' title='bbox 1063 1895 1118 1922; x_wconf 91' lang='lat' dir='ltr'><strong>quo</strong></span> <span class='ocrx_word' id='word_1_628' title='bbox 1132 1888 1242 1915; x_wconf 85' lang='lat' dir='ltr'><strong>demum</strong></span> <span class='ocrx_word' id='word_1_629' title='bbox 1260 1891 1341 1922; x_wconf 88' lang='lat' dir='ltr'><strong>pacto</strong></span> <span class='ocrx_word' id='word_1_630' title='bbox 1358 1887 1476 1921; x_wconf 83' lang='lat' dir='ltr'><strong>poterit?</strong></span> <span class='ocrx_word' id='word_1_631' title='bbox 1493 1886 1546 1919; x_wconf 90' lang='lat' dir='ltr'><strong>Qui</strong></span> <span class='ocrx_word' id='word_1_632' title='bbox 1568 1892 1658 1914; x_wconf 90' lang='lat' dir='ltr'><strong>autem</strong></span> <span class='ocrx_word' id='word_1_633' title='bbox 1677 1887 1734 1914; x_wconf 84' lang='lat' dir='ltr'><strong>licri</strong></span> 
     </span>
    </p>
   </div>
   <div class='ocr_carea' id='block_1_84' title="bbox 942 1933 1734 1968">
    <p class='ocr_par' dir='ltr' id='par_1_84' title="bbox 942 1933 1734 1968">
     <span class='ocr_line' id='line_1_84' title="bbox 942 1933 1734 1968; baseline 0.001 -9"><span class='ocrx_word' id='word_1_634' title='bbox 942 1936 1043 1968; x_wconf 89' lang='lat' dir='ltr'><strong>potest,</strong></span> <span class='ocrx_word' id='word_1_635' title='bbox 1059 1937 1089 1960; x_wconf 93' lang='lat' dir='ltr'><strong>ut</strong></span> <span class='ocrx_word' id='word_1_636' title='bbox 1101 1934 1150 1968; x_wconf 90' lang='lat' dir='ltr'><strong>qui</strong></span> <span class='ocrx_word' id='word_1_637' title='bbox 1166 1933 1254 1960; x_wconf 90' lang='lat' dir='ltr'><strong>bonus</strong></span> <span class='ocrx_word' id='word_1_638' title='bbox 1270 1933 1316 1965; x_wconf 89' lang='lat' dir='ltr'><strong>sit,</strong></span> <span class='ocrx_word' id='word_1_639' title='bbox 1333 1933 1360 1959; x_wconf 93' lang='lat' dir='ltr'><strong>in</strong></span> <span class='ocrx_word' id='word_1_640' title='bbox 1372 1933 1517 1960; x_wconf 79' lang='lat' dir='ltr'><strong>deterioris</strong></span> <span class='ocrx_word' id='word_1_641' title='bbox 1529 1933 1652 1968; x_wconf 89' lang='lat' dir='ltr'><strong>partibus</strong></span> <span class='ocrx_word' id='word_1_642' title='bbox 1664 1940 1734 1967; x_wconf 89' lang='lat' dir='ltr'><strong>opus</strong></span> 
     </span>
    </p>
   </div>
   <div class='ocr_carea' id='block_1_85' title="bbox 941 1979 1734 2014">
    <p class='ocr_par' dir='ltr' id='par_1_85' title="bbox 941 1979 1734 2014">
     <span class='ocr_line' id='line_1_85' title="bbox 941 1979 1734 2014; baseline 0.001 -9"><span class='ocrx_word' id='word_1_643' title='bbox 941 1979 1070 2006; x_wconf 87' lang='lat' dir='ltr'><strong>moliatur</strong></span> <span class='ocrx_word' id='word_1_644' title='bbox 1085 1980 1181 2012; x_wconf 88' lang='lat' dir='ltr'><strong>ullum,</strong></span> <span class='ocrx_word' id='word_1_645' title='bbox 1201 1980 1274 2014; x_wconf 87' lang='lat' dir='ltr'><strong>quod</strong></span> <span class='ocrx_word' id='word_1_646' title='bbox 1291 1980 1324 2006; x_wconf 88' lang='lat' dir='ltr'><strong>ad</strong></span> <span class='ocrx_word' id='word_1_647' title='bbox 1343 1980 1459 2006; x_wconf 84' lang='lat' dir='ltr'><strong>salutem</strong></span> <span class='ocrx_word' id='word_1_648' title='bbox 1481 1984 1508 2006; x_wconf 87' lang='lat' dir='ltr'><strong>et</strong></span> <span class='ocrx_word' id='word_1_649' title='bbox 1527 1979 1553 2006; x_wconf 90' lang='lat' dir='ltr'><strong>id</strong></span> <span class='ocrx_word' id='word_1_650' title='bbox 1580 1987 1666 2014; x_wconf 80' lang='lat' dir='ltr'><strong>genus</strong></span> <span class='ocrx_word' id='word_1_651' title='bbox 1680 1979 1734 2006; x_wconf 86' lang='lat' dir='ltr'><strong>alia</strong></span> 
     </span>
    </p>
   </div>
   <div class='ocr_carea' id='block_1_86' title="bbox 940 2023 1733 2059">
    <p class='ocr_par' dir='ltr' id='par_1_86' title="bbox 940 2023 1733 2059">
     <span class='ocr_line' id='line_1_86' title="bbox 940 2023 1733 2059; baseline 0.001 -9"><span class='ocrx_word' id='word_1_652' title='bbox 940 2024 1093 2058; x_wconf 78' lang='lat' dir='ltr'><strong>pertineat?</strong></span> <span class='ocrx_word' id='word_1_653' title='bbox 1114 2024 1143 2051; x_wconf 91' lang='lat' dir='ltr'><strong>Si</strong></span> <span class='ocrx_word' id='word_1_654' title='bbox 1160 2024 1232 2051; x_wconf 89' lang='lat' dir='ltr'><strong>enim</strong></span> <span class='ocrx_word' id='word_1_655' title='bbox 1251 2032 1307 2051; x_wconf 89' lang='lat' dir='ltr'><strong>non</strong></span> <span class='ocrx_word' id='word_1_656' title='bbox 1325 2024 1412 2059; x_wconf 88' lang='lat' dir='ltr'><strong>ipsius</strong></span> <span class='ocrx_word' id='word_1_657' title='bbox 1428 2023 1576 2058; x_wconf 82' lang='lat' dir='ltr'><strong>peculiaris</strong></span> <span class='ocrx_word' id='word_1_658' title='bbox 1593 2028 1633 2052; x_wconf 72' lang='lat' dir='ltr'><strong>est</strong></span> <span class='ocrx_word' id='word_1_659' title='bbox 1651 2032 1733 2051; x_wconf 90' lang='lat' dir='ltr'><strong>mun-</strong></span> 
     </span>
    </p>
   </div>
   <div class='ocr_carea' id='block_1_87' title="bbox 940 2070 1733 2104">
    <p class='ocr_par' dir='ltr' id='par_1_87' title="bbox 940 2070 1733 2104">
     <span class='ocr_line' id='line_1_87' title="bbox 940 2070 1733 2104; baseline -0.001 -7"><span class='ocrx_word' id='word_1_660' title='bbox 940 2070 1003 2102; x_wconf 88' lang='lat' dir='ltr'><strong>dus,</strong></span> <span class='ocrx_word' id='word_1_661' title='bbox 1019 2075 1045 2098; x_wconf 85' lang='lat' dir='ltr'><strong>et</strong></span> <span class='ocrx_word' id='word_1_662' title='bbox 1060 2071 1086 2097; x_wconf 94' lang='lat' dir='ltr'><strong>in</strong></span> <span class='ocrx_word' id='word_1_663' title='bbox 1100 2071 1226 2098; x_wconf 87' lang='lat' dir='ltr'><strong>eumdem</strong></span> <span class='ocrx_word' id='word_1_664' title='bbox 1241 2070 1386 2104; x_wconf 84' lang='lat' dir='ltr'><strong>unigenain</strong></span> <span class='ocrx_word' id='word_1_665' title='bbox 1395 2078 1474 2098; x_wconf 90' lang='lat' dir='ltr'><strong>suum</strong></span> <span class='ocrx_word' id='word_1_666' title='bbox 1490 2070 1668 2097; x_wconf 84' lang='lat' dir='ltr'><strong>nihilominus</strong></span> <span class='ocrx_word' id='word_1_667' title='bbox 1682 2071 1733 2097; x_wconf 79' lang='lat' dir='ltr'><strong>im—</strong></span> 
     </span>
    </p>
   </div>
   <div class='ocr_carea' id='block_1_88' title="bbox 940 2116 1733 2151">
    <p class='ocr_par' dir='ltr' id='par_1_88' title="bbox 940 2116 1733 2151">
     <span class='ocr_line' id='line_1_88' title="bbox 940 2116 1733 2151; baseline 0.004 -8"><span class='ocrx_word' id='word_1_668' title='bbox 940 2117 1026 2148; x_wconf 85' lang='lat' dir='ltr'><strong>misit,</strong></span> <span class='ocrx_word' id='word_1_669' title='bbox 1045 2121 1075 2144; x_wconf 93' lang='lat' dir='ltr'><strong>ut</strong></span> <span class='ocrx_word' id='word_1_670' title='bbox 1092 2124 1125 2144; x_wconf 84' lang='lat' dir='ltr'><strong>ex</strong></span> <span class='ocrx_word' id='word_1_671' title='bbox 1148 2117 1236 2144; x_wconf 87' lang='lat' dir='ltr'><strong>alieno</strong></span> <span class='ocrx_word' id='word_1_672' title='bbox 1260 2116 1362 2143; x_wconf 93' lang='lat' dir='ltr'><strong>mundo</strong></span> <span class='ocrx_word' id='word_1_673' title='bbox 1385 2116 1457 2151; x_wconf 87' lang='lat' dir='ltr'><strong>quod</strong></span> <span class='ocrx_word' id='word_1_674' title='bbox 1482 2125 1531 2144; x_wconf 85' lang='lat' dir='ltr'><strong>nec</strong></span> <span class='ocrx_word' id='word_1_675' title='bbox 1547 2122 1663 2150; x_wconf 82' lang='lat' dir='ltr'><strong>several,</strong></span> <span class='ocrx_word' id='word_1_676' title='bbox 1682 2126 1733 2146; x_wconf 87' lang='lat' dir='ltr'><strong>nec</strong></span> 
     </span>
    </p>
   </div>
   <div class='ocr_carea' id='block_1_89' title="bbox 940 2162 1732 2194">
    <p class='ocr_par' dir='ltr' id='par_1_89' title="bbox 940 2162 1732 2194">
     <span class='ocr_line' id='line_1_89' title="bbox 940 2162 1732 2194; baseline 0.003 -5"><span class='ocrx_word' id='word_1_677' title='bbox 940 2162 1053 2194; x_wconf 82' lang='lat' dir='ltr'><strong>fecerat,</strong></span> <span class='ocrx_word' id='word_1_678' title='bbox 1071 2163 1192 2190; x_wconf 76' lang='lat' dir='ltr'><strong>auferret</strong></span> <span class='ocrx_word' id='word_1_679' title='bbox 1208 2173 1214 2191; x_wconf 89' lang='lat'>:</span> <span class='ocrx_word' id='word_1_680' title='bbox 1234 2170 1349 2191; x_wconf 84' lang='lat' dir='ltr'><strong>necesse</strong></span> <span class='ocrx_word' id='word_1_681' title='bbox 1367 2167 1409 2190; x_wconf 86' lang='lat' dir='ltr'><strong>est</strong></span> <span class='ocrx_word' id='word_1_682' title='bbox 1427 2163 1502 2190; x_wconf 94' lang='lat' dir='ltr'><strong>illum</strong></span> <span class='ocrx_word' id='word_1_683' title='bbox 1521 2164 1563 2191; x_wconf 89' lang='lat' dir='ltr'><strong>vel</strong></span> <span class='ocrx_word' id='word_1_684' title='bbox 1579 2165 1732 2191; x_wconf 87' lang='lat' dir='ltr'><strong>alienorum</strong></span> 
     </span>
    </p>
   </div>
   <div class='ocr_carea' id='block_1_90' title="bbox 939 2209 1731 2245">
    <p class='ocr_par' dir='ltr' id='par_1_90' title="bbox 939 2209 1731 2245">
     <span class='ocr_line' id='line_1_90' title="bbox 939 2209 1731 2245; baseline 0.003 -9"><span class='ocrx_word' id='word_1_685' title='bbox 939 2209 1097 2244; x_wconf 88' lang='lat' dir='ltr'><strong>cupiditate,</strong></span> <span class='ocrx_word' id='word_1_686' title='bbox 1119 2210 1162 2237; x_wconf 86' lang='lat' dir='ltr'><strong>vel</strong></span> <span class='ocrx_word' id='word_1_687' title='bbox 1184 2210 1298 2245; x_wconf 88' lang='lat' dir='ltr'><strong>penuria</strong></span> <span class='ocrx_word' id='word_1_688' title='bbox 1318 2210 1444 2237; x_wconf 85' lang='lat' dir='ltr'><strong>laborare</strong></span> <span class='ocrx_word' id='word_1_689' title='bbox 1461 2220 1468 2237; x_wconf 89' lang='lat'><strong>:</strong></span> <span class='ocrx_word' id='word_1_690' title='bbox 1489 2215 1518 2236; x_wconf 89' lang='lat' dir='ltr'><strong>ut</strong></span> <span class='ocrx_word' id='word_1_691' title='bbox 1535 2218 1597 2237; x_wconf 90' lang='lat' dir='ltr'><strong>cum</strong></span> <span class='ocrx_word' id='word_1_692' title='bbox 1613 2210 1731 2245; x_wconf 89' lang='lat' dir='ltr'><strong>propriis</strong></span> 
     </span>
    </p>
   </div>
   <div class='ocr_carea' id='block_1_91' title="bbox 95 2254 891 2296">
    <p class='ocr_par' dir='ltr' id='par_1_91' title="bbox 95 2260 888 2296">
     <span class='ocr_line' id='line_1_91' title="bbox 95 2260 888 2296; baseline -0.001 -9"><span class='ocrx_word' id='word_1_693' title='bbox 95 2260 241 2295; x_wconf 63' lang='grc' dir='ltr'>πορίσηται</span> <span class='ocrx_word' id='word_1_694' title='bbox 249 2260 266 2287; x_wconf 76' lang='grc' dir='ltr'>ἃ</span> <span class='ocrx_word' id='word_1_695' title='bbox 276 2261 312 2296; x_wconf 83' lang='grc' dir='ltr'><strong>μὴ</strong></span> <span class='ocrx_word' id='word_1_696' title='bbox 322 2260 454 2296; x_wconf 73' lang='grc' dir='ltr'>πρότερον</span> <span class='ocrx_word' id='word_1_697' title='bbox 463 2260 529 2296; x_wconf 78' lang='grc' dir='ltr'>ἔχει.</span> <span class='ocrx_word' id='word_1_698' title='bbox 542 2260 603 2293; x_wconf 88' lang='grc' dir='ltr'>Πῶς</span> <span class='ocrx_word' id='word_1_699' title='bbox 611 2261 638 2287; x_wconf 81' lang='grc' dir='ltr'><strong>δὲ</strong></span> <span class='ocrx_word' id='word_1_700' title='bbox 651 2261 747 2296; x_wconf 81' lang='grc' dir='ltr'>κριτὴς</span> <span class='ocrx_word' id='word_1_701' title='bbox 752 2260 888 2295; x_wconf 83' lang='grc' dir='ltr'>ἀναμέσον</span> 
     </span>
    </p>
   </div>
   <div class='ocr_carea' id='block_1_92' title="bbox 946 2254 1730 2296">
    <p class='ocr_par' dir='ltr' id='par_1_92' title="bbox 946 2256 1730 2291">
     <span class='ocr_line' id='line_1_92' title="bbox 946 2256 1730 2291; baseline 0 -9"><span class='ocrx_word' id='word_1_702' title='bbox 946 2260 1043 2288; x_wconf 86' lang='lat' dir='ltr'><strong>:areat,</strong></span> <span class='ocrx_word' id='word_1_703' title='bbox 1066 2257 1093 2283; x_wconf 91' lang='lat' dir='ltr'><strong>in</strong></span> <span class='ocrx_word' id='word_1_704' title='bbox 1108 2263 1140 2284; x_wconf 87' lang='lat' dir='ltr'><strong>ea</strong></span> <span class='ocrx_word' id='word_1_705' title='bbox 1155 2263 1217 2291; x_wconf 71' lang='lat' dir='ltr'><strong>quae</strong></span> <span class='ocrx_word' id='word_1_706' title='bbox 1235 2256 1348 2284; x_wconf 89' lang='lat' dir='ltr'><strong>alterius</strong></span> <span class='ocrx_word' id='word_1_707' title='bbox 1370 2261 1446 2288; x_wconf 90' lang='lat' dir='ltr'><strong>sunt,</strong></span> <span class='ocrx_word' id='word_1_708' title='bbox 1469 2263 1566 2284; x_wconf 91' lang='lat' dir='ltr'><strong>manus</strong></span> <span class='ocrx_word' id='word_1_709' title='bbox 1590 2256 1730 2288; x_wconf 88' lang='lat' dir='ltr'><strong>immittat,</strong></span> 
     </span>
    </p>
   </div>
   <div class='ocr_carea' id='block_1_93' title="bbox 95 2304 887 2343">
    <p class='ocr_par' dir='ltr' id='par_1_93' title="bbox 95 2304 887 2343">
     <span class='ocr_line' id='line_1_93' title="bbox 95 2304 887 2343; baseline -0.001 -10"><span class='ocrx_word' id='word_1_710' title='bbox 95 2307 256 2342; x_wconf 83' lang='grc' dir='ltr'>ἀμφοτέρων</span> <span class='ocrx_word' id='word_1_711' title='bbox 269 2308 413 2342; x_wconf 82' lang='grc' dir='ltr'>γενήσεται</span> <span class='ocrx_word' id='word_1_712' title='bbox 426 2308 440 2334; x_wconf 92' lang='lat'><strong>6</strong></span> <span class='ocrx_word' id='word_1_713' title='bbox 455 2307 639 2343; x_wconf 81' lang='grc' dir='ltr'>Δημιουργός;</span> <span class='ocrx_word' id='word_1_714' title='bbox 654 2304 721 2333; x_wconf 82' lang='grc' dir='ltr'>Εἶτα</span> <span class='ocrx_word' id='word_1_715' title='bbox 740 2306 814 2338; x_wconf 87' lang='grc' dir='ltr'>τίνας</span> <span class='ocrx_word' id='word_1_716' title='bbox 831 2306 887 2341; x_wconf 85' lang='grc' dir='ltr'>ἔχει</span> 
     </span>
    </p>
   </div>
   <div class='ocr_carea' id='block_1_94' title="bbox 95 2352 886 2388">
    <p class='ocr_par' dir='ltr' id='par_1_94' title="bbox 95 2352 886 2388">
     <span class='ocr_line' id='line_1_94' title="bbox 95 2352 886 2388; baseline 0 -10"><span class='ocrx_word' id='word_1_717' title='bbox 95 2354 203 2388; x_wconf 80' lang='grc' dir='ltr'>κρῖναι;</span> <span class='ocrx_word' id='word_1_718' title='bbox 219 2353 250 2379; x_wconf 85' lang='lat' dir='ltr'><strong>E!</strong></span> <span class='ocrx_word' id='word_1_719' title='bbox 267 2353 321 2388; x_wconf 80' lang='grc' dir='ltr'>γὰρ</span> <span class='ocrx_word' id='word_1_720' title='bbox 346 2353 400 2380; x_wconf 83' lang='grc' dir='ltr'><strong>τῶν</strong></span> <span class='ocrx_word' id='word_1_721' title='bbox 414 2353 469 2380; x_wconf 74' lang='grc' dir='ltr'>ἀπὸ</span> <span class='ocrx_word' id='word_1_722' title='bbox 491 2353 538 2380; x_wconf 84' lang='grc' dir='ltr'><strong>τοῦ</strong></span> <span class='ocrx_word' id='word_1_723' title='bbox 559 2353 615 2380; x_wconf 80' lang='grc' dir='ltr'><strong>ἅνω</strong></span> <span class='ocrx_word' id='word_1_724' title='bbox 639 2352 743 2380; x_wconf 84' lang='grc' dir='ltr'>σκευῶν</span> <span class='ocrx_word' id='word_1_725' title='bbox 757 2352 886 2387; x_wconf 79' lang='grc' dir='ltr'>δικαστὴς</span> 
     </span>
    </p>
   </div>
   <div class='ocr_carea' id='block_1_95' title="bbox 95 2398 886 2435">
    <p class='ocr_par' dir='ltr' id='par_1_95' title="bbox 95 2398 886 2435">
     <span class='ocr_line' id='line_1_95' title="bbox 95 2398 886 2435; baseline -0.001 -9"><span class='ocrx_word' id='word_1_726' title='bbox 95 2399 303 2434; x_wconf 80' lang='grc' dir='ltr'>προκαθέζεται,</span> <span class='ocrx_word' id='word_1_727' title='bbox 321 2400 407 2434; x_wconf 77' lang='grc' dir='ltr'>ἰσχύει</span> <span class='ocrx_word' id='word_1_728' title='bbox 418 2400 488 2435; x_wconf 75' lang='grc' dir='ltr'>ὑπὲρ</span> <span class='ocrx_word' id='word_1_729' title='bbox 502 2400 547 2426; x_wconf 83' lang='grc' dir='ltr'>τὸν</span> <span class='ocrx_word' id='word_1_730' title='bbox 558 2400 630 2426; x_wconf 86' lang='grc' dir='ltr'><strong>ἄνω·</strong></span> <span class='ocrx_word' id='word_1_731' title='bbox 642 2399 735 2435; x_wconf 79' lang='grc' dir='ltr'>ἐπειδὴ</span> <span class='ocrx_word' id='word_1_732' title='bbox 752 2398 830 2435; x_wconf 82' lang='grc' dir='ltr'>φέρει</span> <span class='ocrx_word' id='word_1_733' title='bbox 845 2400 886 2431; x_wconf 84' lang='grc' dir='ltr'>είς</span> 
     </span>
    </p>
   </div>
   <div class='ocr_carea' id='block_1_96' title="bbox 96 2444 882 2480">
    <p class='ocr_par' dir='ltr' id='par_1_96' title="bbox 96 2444 882 2480">
     <span class='ocr_line' id='line_1_96' title="bbox 96 2444 882 2480; baseline 0.001 -10"><span class='ocrx_word' id='word_1_734' title='bbox 96 2444 177 2479; x_wconf 77' lang='grc' dir='ltr'>μέσον</span> <span class='ocrx_word' id='word_1_735' title='bbox 190 2444 245 2470; x_wconf 88' lang='grc' dir='ltr'><strong>τῶν</strong></span> <span class='ocrx_word' id='word_1_736' title='bbox 262 2444 345 2471; x_wconf 79' lang='grc' dir='ltr'>αὑτοῦ</span> <span class='ocrx_word' id='word_1_737' title='bbox 361 2445 510 2480; x_wconf 80' lang='grc' dir='ltr'>κριτηρίων</span> <span class='ocrx_word' id='word_1_738' title='bbox 521 2445 557 2471; x_wconf 85' lang='grc' dir='ltr'>τὰ</span> <span class='ocrx_word' id='word_1_739' title='bbox 572 2445 621 2471; x_wconf 77' lang='grc' dir='ltr'><strong>τοῦ</strong></span> <span class='ocrx_word' id='word_1_740' title='bbox 642 2445 699 2472; x_wconf 77' lang='grc' dir='ltr'><strong>ἄνω</strong></span> <span class='ocrx_word' id='word_1_741' title='bbox 713 2444 882 2479; x_wconf 78' lang='grc' dir='ltr'>ὑπάρχοντα,</span> 
     </span>
    </p>
   </div>
   <div class='ocr_carea' id='block_1_97' title="bbox 93 2488 883 2525">
    <p class='ocr_par' dir='ltr' id='par_1_97' title="bbox 93 2488 883 2525">
     <span class='ocr_line' id='line_1_97' title="bbox 93 2488 883 2525; baseline 0.003 -11"><span class='ocrx_word' id='word_1_742' title='bbox 93 2488 129 2520; x_wconf 81' lang='grc' dir='ltr'><strong>ὡς</strong></span> <span class='ocrx_word' id='word_1_743' title='bbox 150 2488 189 2523; x_wconf 85' lang='grc' dir='ltr'>τῷ</span> <span class='ocrx_word' id='word_1_744' title='bbox 210 2489 354 2524; x_wconf 81' lang='grc' dir='ltr'>Μαρκίωνι</span> <span class='ocrx_word' id='word_1_745' title='bbox 374 2489 458 2522; x_wconf 72' lang='grc' dir='ltr'>εδοξε.</span> <span class='ocrx_word' id='word_1_746' title='bbox 474 2490 529 2516; x_wconf 74' lang='grc' dir='ltr'>Καὶ</span> <span class='ocrx_word' id='word_1_747' title='bbox 549 2491 572 2515; x_wconf 71' lang='grc' dir='ltr'>εἰ</span> <span class='ocrx_word' id='word_1_748' title='bbox 589 2489 657 2521; x_wconf 73' lang='grc' dir='ltr'><strong>ὅλως</strong></span> <span class='ocrx_word' id='word_1_749' title='bbox 671 2490 767 2525; x_wconf 85' lang='grc' dir='ltr'>κριτὴς</span> <span class='ocrx_word' id='word_1_750' title='bbox 782 2489 883 2524; x_wconf 84' lang='grc' dir='ltr'>τυγχά-</span> 
     </span>
    </p>
   </div>
   <div class='ocr_carea' id='block_1_98' title="bbox 93 2534 884 2570">
    <p class='ocr_par' dir='ltr' id='par_1_98' title="bbox 93 2534 884 2570">
     <span class='ocr_line' id='line_1_98' title="bbox 93 2534 884 2570; baseline 0.003 -10"><span class='ocrx_word' id='word_1_751' title='bbox 93 2542 144 2565; x_wconf 77' lang='grc' dir='ltr'>νει,</span> <span class='ocrx_word' id='word_1_752' title='bbox 159 2534 261 2566; x_wconf 82' lang='grc' dir='ltr'><strong>δίκαιός</strong></span> <span class='ocrx_word' id='word_1_753' title='bbox 277 2535 344 2562; x_wconf 75' lang='grc' dir='ltr'>ἐστι.</span> <span class='ocrx_word' id='word_1_754' title='bbox 358 2535 495 2570; x_wconf 85' lang='grc' dir='ltr'>Δείξωμεν</span> <span class='ocrx_word' id='word_1_755' title='bbox 505 2535 533 2561; x_wconf 81' lang='grc' dir='ltr'><strong>δὲ</strong></span> <span class='ocrx_word' id='word_1_756' title='bbox 547 2535 654 2562; x_wconf 78' lang='grc' dir='ltr'><strong>ἀπὸτοῦ</strong></span> <span class='ocrx_word' id='word_1_757' title='bbox 669 2535 773 2562; x_wconf 82' lang='grc' dir='ltr'>δικαίου</span> <span class='ocrx_word' id='word_1_758' title='bbox 785 2534 884 2570; x_wconf 71' lang='grc' dir='ltr'>ὀνόμασ</span> 
     </span>
    </p>
   </div>
   <div class='ocr_carea' id='block_1_99' title="bbox 92 2580 884 2616">
    <p class='ocr_par' dir='ltr' id='par_1_99' title="bbox 92 2580 884 2616">
     <span class='ocr_line' id='line_1_99' title="bbox 92 2580 884 2616; baseline 0.003 -10"><span class='ocrx_word' id='word_1_759' title='bbox 92 2589 148 2612; x_wconf 79' lang='grc' dir='ltr'>τος,</span> <span class='ocrx_word' id='word_1_760' title='bbox 163 2581 204 2607; x_wconf 82' lang='grc' dir='ltr'><strong>ὅτι</strong></span> <span class='ocrx_word' id='word_1_761' title='bbox 215 2581 312 2608; x_wconf 85' lang='grc' dir='ltr'>ταυτόν</span> <span class='ocrx_word' id='word_1_762' title='bbox 320 2581 379 2608; x_wconf 74' lang='grc' dir='ltr'>ἐστι</span> <span class='ocrx_word' id='word_1_763' title='bbox 390 2581 420 2608; x_wconf 83' lang='grc' dir='ltr'>τὸ</span> <span class='ocrx_word' id='word_1_764' title='bbox 433 2581 534 2615; x_wconf 81' lang='grc' dir='ltr'><strong>ἀγαθὸν</strong></span> <span class='ocrx_word' id='word_1_765' title='bbox 544 2582 590 2608; x_wconf 78' lang='grc' dir='ltr'>καὶ</span> <span class='ocrx_word' id='word_1_766' title='bbox 605 2581 636 2608; x_wconf 80' lang='grc' dir='ltr'>τὸ</span> <span class='ocrx_word' id='word_1_767' title='bbox 643 2582 755 2608; x_wconf 80' lang='grc' dir='ltr'>δίκαιον.</span> <span class='ocrx_word' id='word_1_768' title='bbox 764 2581 822 2607; x_wconf 83' lang='grc' dir='ltr'><strong>Πᾶν</strong></span> <span class='ocrx_word' id='word_1_769' title='bbox 831 2580 884 2616; x_wconf 74' lang='grc' dir='ltr'><strong>γὰρ</strong></span> 
     </span>
    </p>
   </div>
   <div class='ocr_carea' id='block_1_100' title="bbox 92 2625 885 2662">
    <p class='ocr_par' dir='ltr' id='par_1_100' title="bbox 92 2625 885 2662">
     <span class='ocr_line' id='line_1_100' title="bbox 92 2625 885 2662; baseline 0 -10"><span class='ocrx_word' id='word_1_770' title='bbox 92 2625 108 2652; x_wconf 69' lang='grc' dir='ltr'><strong>ὃ</strong></span> <span class='ocrx_word' id='word_1_771' title='bbox 118 2625 221 2652; x_wconf 79' lang='grc' dir='ltr'>δίκαιόν</span> <span class='ocrx_word' id='word_1_772' title='bbox 231 2627 298 2657; x_wconf 78' lang='grc' dir='ltr'>ἐστι,</span> <span class='ocrx_word' id='word_1_773' title='bbox 312 2625 392 2652; x_wconf 79' lang='grc' dir='ltr'>τοῦτο</span> <span class='ocrx_word' id='word_1_774' title='bbox 408 2626 455 2653; x_wconf 73' lang='grc' dir='ltr'><strong>κα)⁸</strong></span> <span class='ocrx_word' id='word_1_775' title='bbox 474 2626 589 2660; x_wconf 79' lang='grc' dir='ltr'>ἀγαθόν.</span> <span class='ocrx_word' id='word_1_776' title='bbox 615 2626 682 2653; x_wconf 79' lang='grc' dir='ltr'><strong>Ἀπὸ</strong></span> <span class='ocrx_word' id='word_1_777' title='bbox 693 2626 801 2662; x_wconf 75' lang='grc' dir='ltr'>γὰρτοῠ</span> <span class='ocrx_word' id='word_1_778' title='bbox 816 2626 885 2659; x_wconf 83' lang='grc' dir='ltr'><strong>ἀγα-</strong></span> 
     </span>
    </p>
   </div>
   <div class='ocr_carea' id='block_1_101' title="bbox 94 2669 884 2708">
    <p class='ocr_par' dir='ltr' id='par_1_101' title="bbox 94 2669 884 2708">
     <span class='ocr_line' id='line_1_101' title="bbox 94 2669 884 2708; baseline 0.001 -11"><span class='ocrx_word' id='word_1_779' title='bbox 94 2670 139 2697; x_wconf 82' lang='grc' dir='ltr'><strong>θὸν</strong></span> <span class='ocrx_word' id='word_1_780' title='bbox 164 2669 234 2698; x_wconf 73' lang='grc' dir='ltr'>εἶναι</span> <span class='ocrx_word' id='word_1_781' title='bbox 257 2672 287 2698; x_wconf 76' lang='grc' dir='ltr'>τὸ</span> <span class='ocrx_word' id='word_1_782' title='bbox 298 2671 400 2706; x_wconf 79' lang='grc' dir='ltr'>ἀγαθὸν</span> <span class='ocrx_word' id='word_1_783' title='bbox 420 2671 562 2708; x_wconf 77' lang='grc' dir='ltr'>χαρίζεται</span> <span class='ocrx_word' id='word_1_784' title='bbox 583 2672 696 2704; x_wconf 84' lang='grc' dir='ltr'><strong>δικαίως</strong></span> <span class='ocrx_word' id='word_1_785' title='bbox 723 2672 792 2708; x_wconf 79' lang='grc' dir='ltr'>μετὰ</span> <span class='ocrx_word' id='word_1_786' title='bbox 818 2672 884 2708; x_wconf 84' lang='grc' dir='ltr'>ἅλη-</span> 
     </span>
    </p>
   </div>
   <div class='ocr_carea' id='block_1_102' title="bbox 131 2728 652 2762">
    <p class='ocr_par' dir='ltr' id='par_1_102' title="bbox 131 2728 652 2762">
     <span class='ocr_line' id='line_1_102' title="bbox 131 2728 652 2762; baseline 0.004 -7"><span class='ocrx_word' id='word_1_787' title='bbox 131 2729 138 2744; x_wconf 86' lang='grc'>¹</span> <span class='ocrx_word' id='word_1_788' title='bbox 170 2728 237 2756; x_wconf 87' lang='lat' dir='ltr'><strong>Luc.</strong></span> <span class='ocrx_word' id='word_1_789' title='bbox 257 2736 324 2762; x_wconf 76' lang='lat' dir='ltr'><strong>xvn,</strong></span> <span class='ocrx_word' id='word_1_790' title='bbox 338 2730 384 2757; x_wconf 80' lang='lat'><strong>57.</strong></span> <span class='ocrx_word' id='word_1_791' title='bbox 423 2731 433 2746; x_wconf 85' lang='lat'><strong>’</strong></span> <span class='ocrx_word' id='word_1_792' title='bbox 447 2728 527 2758; x_wconf 83' lang='lat' dir='ltr'><strong>Joan.</strong></span> <span class='ocrx_word' id='word_1_793' title='bbox 544 2738 591 2762; x_wconf 85' lang='lat' dir='ltr'><strong>xtl,</strong></span> <span class='ocrx_word' id='word_1_794' title='bbox 606 2729 652 2758; x_wconf 71' lang='grc'><strong>24.</strong></span> 
     </span>
    </p>
   </div>
   <div class='ocr_carea' id='block_1_103' title="bbox 939 2302 1732 2337">
    <p class='ocr_par' dir='ltr' id='par_1_103' title="bbox 939 2302 1732 2337">
     <span class='ocr_line' id='line_1_103' title="bbox 939 2302 1732 2337; baseline 0 -8"><span class='ocrx_word' id='word_1_795' title='bbox 939 2310 995 2337; x_wconf 87' lang='lat' dir='ltr'><strong>quo</strong></span> <span class='ocrx_word' id='word_1_796' title='bbox 1011 2302 1062 2330; x_wconf 89' lang='lat' dir='ltr'><strong>sibi</strong></span> <span class='ocrx_word' id='word_1_797' title='bbox 1079 2309 1140 2337; x_wconf 60' lang='lat' dir='ltr'><strong>qua</strong></span> <span class='ocrx_word' id='word_1_798' title='bbox 1157 2307 1238 2330; x_wconf 84' lang='lat' dir='ltr'><strong>antea</strong></span> <span class='ocrx_word' id='word_1_799' title='bbox 1254 2310 1309 2330; x_wconf 92' lang='lat' dir='ltr'><strong>non</strong></span> <span class='ocrx_word' id='word_1_800' title='bbox 1326 2302 1444 2330; x_wconf 87' lang='lat' dir='ltr'><strong>habebat</strong></span> <span class='ocrx_word' id='word_1_801' title='bbox 1457 2307 1584 2337; x_wconf 87' lang='lat' dir='ltr'><strong>usurpet.</strong></span> <span class='ocrx_word' id='word_1_802' title='bbox 1598 2303 1732 2330; x_wconf 91' lang='lat' dir='ltr'><strong>Conditor</strong></span> 
     </span>
    </p>
   </div>
   <div class='ocr_carea' id='block_1_104' title="bbox 938 2349 1732 2385">
    <p class='ocr_par' dir='ltr' id='par_1_104' title="bbox 938 2349 1732 2385">
     <span class='ocr_line' id='line_1_104' title="bbox 938 2349 1732 2385; baseline -0.001 -8"><span class='ocrx_word' id='word_1_803' title='bbox 938 2357 1020 2385; x_wconf 91' lang='lat' dir='ltr'><strong>porro</strong></span> <span class='ocrx_word' id='word_1_804' title='bbox 1038 2350 1176 2384; x_wconf 90' lang='lat' dir='ltr'><strong>quomodo</strong></span> <span class='ocrx_word' id='word_1_805' title='bbox 1195 2350 1269 2377; x_wconf 89' lang='lat' dir='ltr'><strong>inter</strong></span> <span class='ocrx_word' id='word_1_806' title='bbox 1288 2353 1419 2385; x_wconf 89' lang='lat' dir='ltr'><strong>utrosque</strong></span> <span class='ocrx_word' id='word_1_807' title='bbox 1436 2349 1582 2384; x_wconf 73' lang='lat' dir='ltr'><strong>iudicabit,</strong></span> <span class='ocrx_word' id='word_1_808' title='bbox 1599 2354 1646 2376; x_wconf 89' lang='lat' dir='ltr'><strong>aut</strong></span> <span class='ocrx_word' id='word_1_809' title='bbox 1662 2357 1732 2381; x_wconf 85' lang='lat' dir='ltr'><strong>quo-</strong></span> 
     </span>
    </p>
   </div>
   <div class='ocr_carea' id='block_1_105' title="bbox 937 2394 1729 2429">
    <p class='ocr_par' dir='ltr' id='par_1_105' title="bbox 937 2394 1729 2429">
     <span class='ocr_line' id='line_1_105' title="bbox 937 2394 1729 2429; baseline 0 -7"><span class='ocrx_word' id='word_1_810' title='bbox 937 2402 998 2422; x_wconf 90' lang='lat' dir='ltr'><strong>rum</strong></span> <span class='ocrx_word' id='word_1_811' title='bbox 1021 2394 1134 2421; x_wconf 86' lang='lat' dir='ltr'><strong>omnino</strong></span> <span class='ocrx_word' id='word_1_812' title='bbox 1153 2401 1264 2422; x_wconf 85' lang='lat' dir='ltr'><strong>causam</strong></span> <span class='ocrx_word' id='word_1_813' title='bbox 1287 2394 1471 2429; x_wconf 82' lang='lat' dir='ltr'><strong>disceptabit?</strong></span> <span class='ocrx_word' id='word_1_814' title='bbox 1495 2394 1525 2421; x_wconf 89' lang='lat' dir='ltr'><strong>Si</strong></span> <span class='ocrx_word' id='word_1_815' title='bbox 1547 2394 1620 2421; x_wconf 85' lang='lat' dir='ltr'><strong>enim</strong></span> <span class='ocrx_word' id='word_1_816' title='bbox 1635 2394 1669 2422; x_wconf 88' lang='lat' dir='ltr'><strong>de</strong></span> <span class='ocrx_word' id='word_1_817' title='bbox 1684 2395 1729 2427; x_wconf 90' lang='lat' dir='ltr'><strong>iis,</strong></span> 
     </span>
    </p>
   </div>
   <div class='ocr_carea' id='block_1_106' title="bbox 937 2440 1730 2476">
    <p class='ocr_par' dir='ltr' id='par_1_106' title="bbox 937 2440 1730 2476">
     <span class='ocr_line' id='line_1_106' title="bbox 937 2440 1730 2476; baseline 0 -8"><span class='ocrx_word' id='word_1_818' title='bbox 937 2448 998 2475; x_wconf 71' lang='lat' dir='ltr'><strong>quae</strong></span> <span class='ocrx_word' id='word_1_819' title='bbox 1013 2440 1040 2467; x_wconf 91' lang='lat' dir='ltr'><strong>in</strong></span> <span class='ocrx_word' id='word_1_820' title='bbox 1058 2440 1181 2475; x_wconf 89' lang='lat' dir='ltr'><strong>supremi</strong></span> <span class='ocrx_word' id='word_1_821' title='bbox 1204 2440 1280 2467; x_wconf 92' lang='lat' dir='ltr'><strong>illius</strong></span> <span class='ocrx_word' id='word_1_822' title='bbox 1301 2440 1476 2476; x_wconf 85' lang='lat' dir='ltr'><strong>possessione</strong></span> <span class='ocrx_word' id='word_1_823' title='bbox 1498 2444 1573 2472; x_wconf 88' lang='lat' dir='ltr'><strong>sunt.</strong></span> <span class='ocrx_word' id='word_1_824' title='bbox 1595 2440 1730 2473; x_wconf 88' lang='lat' dir='ltr'><strong>judicium</strong></span> 
     </span>
    </p>
   </div>
   <div class='ocr_carea' id='block_1_107' title="bbox 937 2485 1730 2522">
    <p class='ocr_par' dir='ltr' id='par_1_107' title="bbox 937 2485 1730 2522">
     <span class='ocr_line' id='line_1_107' title="bbox 937 2485 1730 2522; baseline 0.001 -9"><span class='ocrx_word' id='word_1_825' title='bbox 937 2491 1074 2517; x_wconf 78' lang='lat' dir='ltr'><strong>exerceat,</strong></span> <span class='ocrx_word' id='word_1_826' title='bbox 1090 2486 1143 2513; x_wconf 90' lang='lat' dir='ltr'><strong>erit</strong></span> <span class='ocrx_word' id='word_1_827' title='bbox 1160 2493 1288 2520; x_wconf 88' lang='lat' dir='ltr'><strong>supremo</strong></span> <span class='ocrx_word' id='word_1_828' title='bbox 1312 2486 1360 2513; x_wconf 88' lang='lat' dir='ltr'><strong>illo</strong></span> <span class='ocrx_word' id='word_1_829' title='bbox 1381 2485 1540 2520; x_wconf 85' lang='lat' dir='ltr'><strong>potentior:</strong></span> <span class='ocrx_word' id='word_1_830' title='bbox 1562 2490 1657 2521; x_wconf 88' lang='lat' dir='ltr'><strong>utpote</strong></span> <span class='ocrx_word' id='word_1_831' title='bbox 1683 2486 1730 2522; x_wconf 89' lang='lat' dir='ltr'><strong>qui</strong></span> 
     </span>
    </p>
   </div>
   <div class='ocr_carea' id='block_1_108' title="bbox 937 2531 1731 2568">
    <p class='ocr_par' dir='ltr' id='par_1_108' title="bbox 937 2531 1731 2568">
     <span class='ocr_line' id='line_1_108' title="bbox 937 2531 1731 2568; baseline 0.001 -9"><span class='ocrx_word' id='word_1_832' title='bbox 937 2540 998 2568; x_wconf 66' lang='lat' dir='ltr'><strong>quae</strong></span> <span class='ocrx_word' id='word_1_833' title='bbox 1015 2531 1075 2566; x_wconf 86' lang='lat' dir='ltr'><strong>ejus</strong></span> <span class='ocrx_word' id='word_1_834' title='bbox 1096 2536 1161 2560; x_wconf 90' lang='lat' dir='ltr'><strong>sunt</strong></span> <span class='ocrx_word' id='word_1_835' title='bbox 1180 2540 1262 2559; x_wconf 89' lang='lat' dir='ltr'><strong>suum</strong></span> <span class='ocrx_word' id='word_1_836' title='bbox 1285 2532 1318 2559; x_wconf 84' lang='lat' dir='ltr'><strong>ad</strong></span> <span class='ocrx_word' id='word_1_837' title='bbox 1344 2531 1466 2559; x_wconf 83' lang='lat' dir='ltr'><strong>tribunal</strong></span> <span class='ocrx_word' id='word_1_838' title='bbox 1491 2532 1731 2568; x_wconf 72' lang='lat' dir='ltr'><strong>cognitionemque</strong></span> 
     </span>
    </p>
   </div>
   <div class='ocr_carea' id='block_1_109' title="bbox 939 2577 1729 2614">
    <p class='ocr_par' dir='ltr' id='par_1_109' title="bbox 939 2577 1729 2614">
     <span class='ocr_line' id='line_1_109' title="bbox 939 2577 1729 2614; baseline -0.003 -8"><span class='ocrx_word' id='word_1_839' title='bbox 939 2578 1101 2611; x_wconf 72' lang='lat' dir='ltr'><strong>transferat,</strong></span> <span class='ocrx_word' id='word_1_840' title='bbox 1126 2583 1156 2606; x_wconf 92' lang='lat' dir='ltr'><strong>ut</strong></span> <span class='ocrx_word' id='word_1_841' title='bbox 1174 2578 1284 2614; x_wconf 90' lang='lat' dir='ltr'><strong>quidem</strong></span> <span class='ocrx_word' id='word_1_842' title='bbox 1310 2578 1443 2607; x_wconf 81' lang='lat' dir='ltr'><strong>Marciani</strong></span> <span class='ocrx_word' id='word_1_843' title='bbox 1468 2579 1584 2606; x_wconf 90' lang='lat' dir='ltr'><strong>videtur.</strong></span> <span class='ocrx_word' id='word_1_844' title='bbox 1607 2577 1686 2611; x_wconf 90' lang='lat' dir='ltr'><strong>Quod</strong></span> <span class='ocrx_word' id='word_1_845' title='bbox 1706 2577 1729 2605; x_wconf 89' lang='lat' dir='ltr'><strong>si</strong></span> 
     </span>
    </p>
   </div>
   <div class='ocr_carea' id='block_1_110' title="bbox 936 2623 1728 2661">
    <p class='ocr_par' dir='ltr' id='par_1_110' title="bbox 936 2623 1728 2661">
     <span class='ocr_line' id='line_1_110' title="bbox 936 2623 1728 2661; baseline -0.005 -8"><span class='ocrx_word' id='word_1_846' title='bbox 936 2625 1021 2660; x_wconf 81' lang='lat' dir='ltr'><strong>judcx</strong></span> <span class='ocrx_word' id='word_1_847' title='bbox 1035 2629 1088 2657; x_wconf 81' lang='lat' dir='ltr'><strong>est,</strong></span> <span class='ocrx_word' id='word_1_848' title='bbox 1105 2625 1219 2653; x_wconf 88' lang='lat' dir='ltr'><strong>omnino</strong></span> <span class='ocrx_word' id='word_1_849' title='bbox 1235 2625 1327 2661; x_wconf 88' lang='lat' dir='ltr'><strong>justus</strong></span> <span class='ocrx_word' id='word_1_850' title='bbox 1344 2625 1440 2653; x_wconf 86' lang='lat' dir='ltr'><strong>itidem</strong></span> <span class='ocrx_word' id='word_1_851' title='bbox 1459 2625 1495 2653; x_wconf 84' lang='lat' dir='ltr'><strong>sit</strong></span> <span class='ocrx_word' id='word_1_852' title='bbox 1509 2628 1626 2660; x_wconf 88' lang='lat' dir='ltr'><strong>oportet.</strong></span> <span class='ocrx_word' id='word_1_853' title='bbox 1644 2623 1728 2658; x_wconf 81' lang='lat' dir='ltr'><strong>Atqui</strong></span> 
     </span>
    </p>
   </div>
   <div class='ocr_carea' id='block_1_111' title="bbox 938 2670 1730 2707">
    <p class='ocr_par' dir='ltr' id='par_1_111' title="bbox 938 2670 1730 2707">
     <span class='ocr_line' id='line_1_111' title="bbox 938 2670 1730 2707; baseline 0 -9"><span class='ocrx_word' id='word_1_854' title='bbox 938 2679 972 2699; x_wconf 80' lang='lat' dir='ltr'><strong>ex</strong></span> <span class='ocrx_word' id='word_1_855' title='bbox 993 2672 1054 2707; x_wconf 87' lang='lat' dir='ltr'><strong>ipso</strong></span> <span class='ocrx_word' id='word_1_856' title='bbox 1072 2671 1141 2707; x_wconf 81' lang='lat' dir='ltr'><strong>justi</strong></span> <span class='ocrx_word' id='word_1_857' title='bbox 1163 2672 1273 2700; x_wconf 85' lang='lat' dir='ltr'><strong>nomine</strong></span> <span class='ocrx_word' id='word_1_858' title='bbox 1289 2672 1391 2700; x_wconf 87' lang='lat' dir='ltr'><strong>bonum</strong></span> <span class='ocrx_word' id='word_1_859' title='bbox 1407 2679 1440 2700; x_wconf 86' lang='lat' dir='ltr'><strong>ac</strong></span> <span class='ocrx_word' id='word_1_860' title='bbox 1452 2671 1558 2707; x_wconf 82' lang='lat' dir='ltr'><strong>justum</strong></span> <span class='ocrx_word' id='word_1_861' title='bbox 1576 2670 1650 2699; x_wconf 87' lang='lat' dir='ltr'><strong>idem</strong></span> <span class='ocrx_word' id='word_1_862' title='bbox 1668 2677 1730 2698; x_wconf 77' lang='lat' dir='ltr'><strong>csso</strong></span> 
     </span>
    </p>
   </div>
   <div class='ocr_carea' id='block_1_112' title="bbox 690 2729 980 2763">
    <p class='ocr_par' dir='ltr' id='par_1_112' title="bbox 690 2729 980 2763">
     <span class='ocr_line' id='line_1_112' title="bbox 690 2729 980 2763; baseline 0.003 -6"><span class='ocrx_word' id='word_1_863' title='bbox 690 2729 701 2746; x_wconf 88' lang='grc'>³</span> <span class='ocrx_word' id='word_1_864' title='bbox 712 2729 722 2757; x_wconf 91' lang='grc'><strong>1</strong></span> <span class='ocrx_word' id='word_1_865' title='bbox 734 2729 797 2758; x_wconf 80' lang='lat' dir='ltr'><strong>Cor.</strong></span> <span class='ocrx_word' id='word_1_866' title='bbox 812 2737 857 2763; x_wconf 80' lang='lat' dir='ltr'><strong>xv,</strong></span> <span class='ocrx_word' id='word_1_867' title='bbox 874 2729 921 2762; x_wconf 76' lang='lat'><strong>35,</strong></span> <span class='ocrx_word' id='word_1_868' title='bbox 936 2730 980 2759; x_wconf 81' lang='lat'><strong>36.</strong></span> 
     </span>
    </p>
   </div>
   <div class='ocr_carea' id='block_1_113' title="bbox 130 2785 891 2822">
    <p class='ocr_par' dir='ltr' id='par_1_113' title="bbox 130 2785 891 2822">
     <span class='ocr_line' id='line_1_113' title="bbox 130 2785 891 2822; baseline 0 -9"><span class='ocrx_word' id='word_1_869' title='bbox 130 2785 187 2822; x_wconf 75' lang='lat'><strong>(65)</strong></span> <span class='ocrx_word' id='word_1_870' title='bbox 207 2787 248 2814; x_wconf 84' lang='grc' dir='ltr'><strong>Οὐ</strong></span> <span class='ocrx_word' id='word_1_871' title='bbox 261 2786 477 2822; x_wconf 75' lang='grc' dir='ltr'>κατακλείομεν</span> <span class='ocrx_word' id='word_1_872' title='bbox 489 2786 600 2822; x_wconf 75' lang='grc' dir='ltr'><strong>ψυχάς.</strong></span> <span class='ocrx_word' id='word_1_873' title='bbox 618 2786 696 2820; x_wconf 87' lang='lat' dir='ltr'><strong>Quod</strong></span> <span class='ocrx_word' id='word_1_874' title='bbox 707 2786 809 2815; x_wconf 80' lang='lat' dir='ltr'><strong>ethnici</strong></span> <span class='ocrx_word' id='word_1_875' title='bbox 827 2786 891 2814; x_wconf 82' lang='lat' dir='ltr'><strong>certi</strong></span> 
     </span>
    </p>
   </div>
   <div class='ocr_carea' id='block_1_114' title="bbox 946 2785 1464 2822">
    <p class='ocr_par' dir='ltr' id='par_1_114' title="bbox 946 2785 1464 2815">
     <span class='ocr_line' id='line_1_114' title="bbox 946 2785 1464 2815; baseline 0 -2"><span class='ocrx_word' id='word_1_876' title='bbox 946 2786 1027 2815; x_wconf 85' lang='lat' dir='ltr'><strong>ilibus</strong></span> <span class='ocrx_word' id='word_1_877' title='bbox 1040 2787 1186 2815; x_wconf 71' lang='lat' dir='ltr'><strong>faciebant.</strong></span> <span class='ocrx_word' id='word_1_878' title='bbox 1203 2786 1271 2815; x_wconf 86' lang='lat' dir='ltr'><strong>llinc</strong></span> <span class='ocrx_word' id='word_1_879' title='bbox 1289 2794 1318 2815; x_wconf 87' lang='grc' dir='ltr'><strong>ιιι</strong></span> <span class='ocrx_word' id='word_1_880' title='bbox 1332 2785 1442 2814; x_wconf 64' lang='lat' dir='ltr'><strong>Eneid.</strong></span> <span class='ocrx_word' id='word_1_881' title='bbox 1456 2805 1464 2814; x_wconf 87' lang='lat'><strong>.</strong></span> 
     </span>
    </p>
   </div>
   <div class='ocr_carea' id='block_1_115' title="bbox 885 2830 1200 2868">
    <p class='ocr_par' dir='ltr' id='par_1_115' title="bbox 885 2830 1200 2868">
     <span class='ocr_line' id='line_1_115' title="bbox 885 2830 1200 2868; baseline 0.003 -10"><span class='ocrx_word' id='word_1_882' title='bbox 885 2830 1059 2868; x_wconf 79' lang='lat' dir='ltr'><strong>Animamth</strong></span> <span class='ocrx_word' id='word_1_883' title='bbox 1080 2832 1200 2860; x_wconf 73' lang='lat' dir='ltr'><strong>mut/cro</strong></span> 
     </span>
    </p>
   </div>
   <div class='ocr_carea' id='block_1_116' title="bbox 677 2865 827 2893">
    <p class='ocr_par' dir='ltr' id='par_1_116' title="bbox 677 2865 827 2893">
     <span class='ocr_line' id='line_1_116' title="bbox 677 2865 827 2893; baseline -0.007 0"><span class='ocrx_word' id='word_1_884' title='bbox 677 2865 827 2893; x_wconf 71' lang='grc' dir='ltr'><strong>Ουιισίίιηιισ.</strong></span> 
     </span>
    </p>
   </div>
  </div>
