1952 3045
228 143 280 171 7θῦ

939 142 968 170 S.
991 143 1162 170 EPIPHANil

1810 141 1867 169 ’104

228 200 490 229 demonstrabimus.
521 200 657 235 Quidquid
685 199 756 227 enim
779 201 884 235 justum
913 206 964 233 est,
993 202 1014 228 io‘

1073 201 1147 232 θείας
1159 200 1198 236 τῷ
1213 199 1303 234 ἀγαθὰ
1317 200 1447 236 δράσαντι
1457 209 1463 215 ·
1485 201 1533 226 καὶ
1549 199 1640 226 οὑκέτι
1653 198 1728 225 ἔσται
1753 199 1823 234 πρὸς
1833 197 1867 225 τὸ

228 248 310 274 etiam
331 251 374 274 est
389 247 502 274 bonum.
523 246 561 273 Ex
584 253 618 274 eo
634 246 735 281 quippe
757 247 828 280 quod
854 247 955 274 bonum
975 248 1020 281 sit,

229 293 280 319 hoc
299 293 390 325 habet,
411 297 440 320 nt
463 293 487 320 ei
506 293 552 327 qui
573 292 644 319 bona
668 291 775 323 fecerit,
790 293 864 327 jnste
884 300 916 319 ac
932 294 1021 328 reipsa

227 339 330 365 bonum
347 338 486 374 rependat.
500 338 590 371 Quare
605 338 677 373 quod
691 338 793 364 bonum
809 342 850 365 est
868 338 938 365 bono
954 346 1020 365 con-

228 385 343 411 tlarium
360 392 415 411 non
431 385 499 418 erit;
517 384 583 411 illud
599 385 716 417 scilicet,
742 385 813 418 quod
837 388 864 411 et
881 384 953 411 bono
973 385 1020 411 bo-

229 438 292 456 mnn
307 438 339 456 ex
359 430 465 464 justitia
491 430 606 461 tribuat,
625 435 650 457 et
670 430 741 456 malo
754 429 861 457 debitas
876 437 970 464 pwnas
987 437 1020 456 ac.

228 476 362 511 supplicia
387 477 545 504 constituat.
572 475 700 504 Vicissim
718 483 783 502 vero
801 483 850 503 nec
869 476 913 503 ille
932 476 1019 504 bonus

227 523 290 551 erit.
310 522 355 555 qni
373 530 435 548 eum
456 522 501 556 qui
521 522 610 549 malus
626 521 662 549 sit
677 522 703 548 in
719 521 772 548 line
789 521 908 556 praemiis
926 521 1017 554 allicit,

227 568 280 595 nisi
296 567 365 594 forte
383 568 546 602 resipuerit;
563 568 689 602 quamvis
709 568 790 594 modo
804 576 882 601 super
895 567 975 595 bonos
989 576 1019 594 ac

227 614 312 640 malos
329 614 394 640 oriri
410 614 491 640 solent
515 622 591 639 suum
609 614 702 648 facint,
717 619 794 648 alque
813 614 922 640 imbrem
942 621 1017 640 suum

227 659 358 694 largiatur
376 661 383 675 ‘
405 669 411 687 :
427 663 540 695 propter
556 668 615 686 eam
633 667 694 694 qtne
712 660 737 686 in
759 659 838 686 malis
857 659 969 694 perinde
987 667 1018 686 ac

226 706 308 733 bonis
320 707 442 734 cernitur
455 706 562 732 arbitrii
576 705 742 732 libertatem.
757 705 850 739 Neque
863 706 933 732 cnim
947 705 1018 732 bona

225 752 286 787 ejus
299 761 360 780 esse
376 757 474 779 natura
490 756 590 786 potest,
606 752 652 786 qui
669 752 696 778 in
712 752 804 778 l‘utnro
819 751 918 778 s:ecnlo
932 751 1018 778 saele-

224 803 286 826 rato
302 799 420 833 cuipiam
437 798 590 824 mercedem
608 798 705 824 salutis
720 798 855 826 conferat.
874 805 923 824 nec
939 798 1017 832 quid-

225 844 291 880 quid
307 844 405 871 malum
421 847 463 871 est
481 843 572 877 potius
591 847 758 870 exsecretur.
780 842 848 869 Nam
867 842 948 877 307
964 846 1018 868 ter-

1074 247 1177 281 ἀγαθὸν
1201 247 1329 278 έ¹¹⁵ιντίως
1360 246 1400 282 τῷ
1422 246 1527 281 ἀγαθῷ.
1546 246 1616 272 κατὰ
1639 245 1813 279 δικαιοσύνην
1835 245 1867 271 τὸ

1074 292 1177 326 ἀγαθὸν
1190 291 1230 326 τῷ
1247 291 1340 326 ἀγαθῴ
1355 291 1494 327 παρέχων,
1517 292 1563 318 καὶ
1582 291 1621 326 τῷ
1636 290 1730 325 φαύλῳ
1743 290 1792 325 τὴν
1803 290 1866 315 ἐςτι-

1073 337 1168 372 τιμίαν
1194 337 1243 372 τῆς
1273 336 1419 371 τιμωρίας.
1441 336 1509 362 Οὐδὲ
1535 335 1615 362 πάλιν
1631 334 1730 368 ἀγαθὸς
1745 334 1778 360 ἂν
1791 335 1835 367 εἴη
1851 335 1865 360 ὁ

1071 382 1114 418 τῷ
1138 382 1248 418 πονηρῷ
1264 382 1309 408 τὸν
1329 382 1432 415 ἀγαθὸν
1451 381 1545 417 μισθὸν
1567 382 1613 407 ἐπὶ
1629 381 1668 416 τῷ
1682 380 1752 407 τέλει
1768 380 1866 407 ἀποδι-

1071 428 1143 460 δοὺς,
1161 429 1197 463 μὴ
1212 428 1386 462 μετανοοῦντι
1397 437 1404 443 ·
1425 429 1449 454 εἰ
1463 428 1510 455 καὶ
1526 430 1554 454 ἐν
1565 427 1602 462 τῷ
1615 427 1726 461 παρόντι
1739 425 1867 452 ἀνατέλ-

1070 476 1117 501 λοι
1141 474 1232 501 αὐτοῦ
1254 475 1308 501 τεν
1324 475 1412 507 ἣλιον
1433 475 1481 501 ἐπὶ
1504 474 1634 509 ἀγαθοὺς
1649 473 1695 499 καὶ
1713 473 1864 507 φαύλους,

1071 520 1119 546 καὶ
1146 520 1197 546 τὸν
1218 521 1306 547 ὑετὸν
1316 522 1408 547 αὑτοῦ
1421 521 1556 556 παρέχοι,
1573 521 1615 547 διὰ
1627 521 1656 546 τὸ
1669 520 1715 546 νῦν
1732 519 1864 551 αὑτεξοὺ-

1071 575 1138 596 σιον.
1152 568 1209 598 τοῖς
1222 575 1251 593 τε
1263 568 1391 602 πονηροῖς
1403 568 1448 593 καὶ
1461 567 1571 600 ἀγαθοῖς
1583 566 1744 601 ἀνθρώποις.
1761 566 1864 601 Ἀγυιθὴ

1070 612 1124 648 γὰρ
1134 612 1224 639 οὐκέτι
1238 613 1314 639 ἔσται
1323 613 1414 647 φύσις,
1425 615 1471 640 καὶ
1479 613 1570 640 δικαία
1578 613 1625 639 τοῦ
1636 613 1674 648 τῷ
1685 613 1795 647 πονηρῷ
1814 622 1862 647 μι-

1071 659 1133 685 σθὸν
1148 661 1176 685 ὲν
1194 659 1231 694 τῷ
1250 659 1373 695 μέλλοντι
1384 660 1461 686 αἰῶνι
1477 660 1612 695 σωτηρίας
1624 659 1799 694 παρέχοντος,
1813 660 1863 686 καὶ

1069 705 1099 731 οὑ
1119 705 1219 740 μᾶλλον
1243 706 1387 740 μισοῦντες
1410 707 1439 732 τὸ
1455 706 1573 741 πονηρὴν
1593 706 1639 731 καὶ
1656 705 1767 740 φαῦλον.
1788 705 1816 731 '0
1832 705 1863 732 δὲ

1069 751 1160 786 τρίτος
1173 752 1367 787 εὑρισκόμενος
1384 754 1447 788 παρ’
1460 752 1534 787 αὑτῴ
1556 752 1683 787 πονηρὸς,
1699 752 1723 777 εἰ
1740 752 1796 786 ἔχει
1810 751 1862 786 τὴν

1071 798 1194 831 ἐξουσίαν
1209 798 1242 825 τὲ
1262 799 1368 834 πονηρὰ
1384 799 1559 834 ἐργάζεσθαι.
1573 799 1619 824 καὶ
1636 797 1792 833 κατισχύειν
1805 798 1862 824 τῶν

1070 844 1098 869 ἐν
1126 843 1165 878 τῷ
1193 844 1299 879 κόσμῳ,
1316 845 1332 879 ἢ
1348 844 1402 870 τῶν
1416 844 1520 870 ἄνωθεν
1536 843 1656 877 ἀγαθῶν,
1681 844 1697 878 ἢ
1713 843 1759 869 τοῦ
1775 843 1861 878 μέσον

226 891 283 917 tius
308 890 364 922 ille,
389 889 435 924 qui
460 896 474 915 a
500 887 638 915 Marcione
656 888 767 922 ponitur
787 887 886 920 malus,
908 888 929 915 si
949 888 1014 914 male

1069 889 1184 918 δικαίου,
1200 889 1377 924 εὑρεθήσεται
1394 890 1567 924 ἰσχυρότερος
1579 886 1655 919 οὗτος
1668 888 1714 914 δύο
1731 888 1862 914 θεῶντῶν

227 935 326 970 agendi
345 939 481 970 potestate
508 934 639 969 praeditus
665 939 716 965 est,
743 937 825 968 atque
850 942 897 961 eos
921 934 967 968 qui
990 934 1017 960 in

226 981 329 1008 mundo
344 986 418 1012 sunt,
441 984 488 1007 aut
504 988 520 1007 e
535 981 607 1007 coelo
626 981 731 1015 delapsi
757 984 829 1012 sunt,
858 981 955 1012 b0nos,
971 985 1018 1007 aut

225 1028 392 1055 mediocrem
408 1027 513 1061 justum
532 1034 690 1062 expugnare
711 1030 810 1060 potest,
830 1026 938 1054 duobus
954 1028 1018 1053 reli-

224 1075 286 1108 quis
304 1073 357 1100 diis
375 1073 427 1100 erit
446 1073 593 1107 potentior,
612 1072 713 1107 quippe
732 1073 778 1107 qui
794 1072 882 1099 aliena
899 1080 946 1107 per
962 1073 1016 1098 vim

224 1119 309 1154 p05sit
319 1118 438 1152 eripere.
457 1118 502 1145 Isti
525 1125 599 1148 vero,
621 1118 644 1144 si
667 1125 729 1145 cum
749 1117 795 1144 illo
811 1122 1014 1152 comparentur,

1069 936 1143 970 παρὰ
1167 935 1309 970 Μαρκίωνι
1332 935 1504 970 λεγομένων·
1525 935 1618 969 ἐπειδὴ
1639 934 1790 967 ἐξουσιάζει
1813 935 1862 969 ἁρ-

1069 982 1164 1013 πάζειν
1179 981 1212 1007 τὰ
1233 981 1370 1017 ἀλλότρια.
1391 982 1445 1008 Καὶ
1461 982 1586 1016 ἀδρανεῖς
1601 980 1692 1007 λοιπὸν
1702 980 1861 1014 καταψηφι-

1069 1026 1211 1061 σθήσονται
1228 1027 1251 1052 σί
1269 1026 1315 1052 δύο
1331 1026 1405 1062 παρὰ
1427 1026 1473 1052 τὸν
1485 1026 1533 1052 ἓνα
1551 1025 1679 1060 πονηρὸν,
1693 1025 1718 1051 οἱ
1732 1024 1769 1060 μὴ
1779 1024 1862 1051 δυνά-

1068 1081 1143 1108 μενοι
1171 1072 1304 1108 ἀντέχειν,
1331 1073 1378 1098 καὶ
1401 1071 1513 1108 ῥύεσθαι
1536 1071 1590 1098 ἀπὸ
1616 1070 1662 1097 τοῦ
1688 1069 1860 1106 ἁρπάζοντος

1065 1118 1099 1143 τὰ
1121 1118 1210 1144 αὐτῶν
1222 1118 1297 1148 ὅντα,
1311 1119 1357 1144 καὶ
1372 1118 1411 1149 εἰς
1426 1117 1558 1152 πονηρίαν
1573 1116 1788 1152 μεταϐάλλοντος

223 1166 314 1200 ignavi
328 1169 355 1192 et
371 1165 652 1193 imbecilles-habendi
669 1170 754 1192 sunt:
772 1166 819 1200 qui
837 1166 946 1200 quidem
965 1167 1094 1193 resistere
1121 1170 1268 1200 nequeant,
1297 1174 1401 1200 suaque
1429 1166 1462 1193 ab
1478 1166 1560 1199 illius,
1582 1165 1629 1200 qui
1652 1172 1685 1192 ea
1707 1165 1811 1200 rapiat.
1832 1169 1860 1192 et

223 1211 306 1239 insita
326 1212 377 1239 sibi
393 1212 526 1246 pravitate
539 1217 708 1246 corrumpat,
725 1212 826 1246 injuria
841 1211 993 1239 vindicare.

259 1257 315 1284 VII.
334 1256 434 1284 Verum
451 1262 480 1284 ut
496 1257 613 1292 improbi
628 1258 774 1285 nebulonis
788 1258 884 1284 inanes
901 1265 932 1284 ac
948 1258 1015 1284 ridi-

222 1306 300 1333 cnlas
315 1305 421 1333 fabulas
436 1306 522 1340 magis
536 1306 678 1341 magisque
689 1306 857 1338 refellamus,
872 1306 924 1333 alia
940 1305 1012 1332 istud

221 1353 330 1380 ratione
340 1353 572 1380 considerandum
585 1358 637 1380 est.
651 1352 757 1379 Etenim
772 1352 795 1380 si
807 1353 895 1380 malus
908 1353 952 1380 ille
967 1360 1013 1387 pe—

221 1400 297 1427 nitus
315 1399 402 1426 malus
415 1405 467 1432 est,
485 1404 512 1426 et
531 1407 545 1425 ει
564 1399 635 1425 bono
658 1398 838 1426 nihilominus
862 1399 947 1426 bonos
963 1407 1013 1426 au-

221 1445 302 1477 ferat,
322 1446 412 1480 justos
433 1454 448 1472 a
476 1446 563 1480 justo,
582 1445 655 1472 solos
673 1445 715 1472 sui
739 1445 842 1472 similes
864 1445 1012 1480 relinquat,

222 1493 316 1526 utique
330 1492 418 1518 malus
433 1499 494 1518 esse
510 1491 627 1522 desinet,
645 1491 691 1526 qui
713 1491 802 1518 malus
821 1491 933 1523 dicitur,
951 1499 1012 1518 cum

221 1537 356 1564 bonorum
374 1537 512 1564 desiderio
529 1541 665 1568 teneatur,
683 1536 850 1572 eosdemque
864 1537 915 1564 sibi
935 1537 1014 1572 quasi
1029 1525 1049 1552 (ἶ

222 1584 350 1610 meliores
369 1591 495 1610 as~erere
513 1583 634 1610 studeat.
658 1582 707 1609 Sin
723 1582 756 1609 de
771 1583 830 1610 suis
844 1589 954 1617 quoque
970 1582 1015 1617 ju-

222 1629 326 1655 dicitnn
348 1628 485 1659 instituat,
511 1628 546 1656 ab
569 1628 658 1663 iisque
682 1627 728 1662 qui
751 1627 881 1662 injuriam
903 1627 1015 1655 fecerint

221 1683 318 1711 poenas
334 1675 434 1710 exigat,
447 1684 503 1702 non
518 1675 574 1710 jam
594 1676 684 1703 malus
701 1676 754 1703 erit
769 1680 864 1711 utpote
879 1676 1014 1703 malorum

219 1722 304 1757 judex
323 1731 329 1749 :
347 1725 429 1756 atque
452 1722 504 1749 ltoc
528 1722 611 1749 modo
636 1726 694 1748 tota
719 1722 793 1750 illius
816 1722 942 1749 doctrina
967 1729 1015 1757 per

222 1774 281 1794 sese
306 1767 416 1801 penitus
440 1766 575 1794 labefacta
598 1767 734 1794 concidet.
757 1767 833 1795 Nunc
852 1767 918 1795 illud
933 1768 1013 1795 velim

222 1812 289 1840 mihi
310 1812 489 1848 respondeas,
511 1813 584 1840 unde
602 1814 654 1840 tria
672 1814 717 1840 illa
738 1813 873 1849 principia
894 1814 1013 1849 idipsum

222 1858 295 1893 quod
310 1863 374 1886 sunt
388 1859 557 1885 obtinuerint
570 1867 575 1884 :
589 1863 636 1885 aut
648 1860 710 1893 quis
724 1859 830 1894 singula
843 1859 900 1886 suis
915 1859 1014 1887 ﬁnibus

223 1912 256 1932 ac
270 1905 431 1940 regionibus
445 1904 633 1939 descripserit.
648 1904 714 1932 Nam
727 1904 749 1933 si
769 1905 881 1932 deorum
902 1906 1015 1940 quilibet

223 1958 274 1979 suo
294 1952 355 1978 loco
374 1951 514 1984 delinitur,
536 1944 591 1978 non
616 1951 733 1986 amplius
750 1951 870 1986 perfecta
894 1952 939 1978 illa
962 1952 1014 1978 tria

223 2001 381 2030 censentur,
392 2005 453 2031 qua
464 1998 548 2025 certis
564 1997 762 2032 comprehensa
775 2001 838 2025 sunt
851 2005 883 2025 ac
899 1998 1017 2025 circnm-

223 2043 325 2078 scripta
347 2043 444 2078 spatiis
461 2052 468 2070 :
484 2048 582 2078 estque
603 2044 722 2078 idipsum
747 2043 820 2078 quod
841 2044 963 2070 continet
982 2052 1014 2071 eo

222 2090 294 2124 quod
307 2090 463 2118 continetur
471 2090 576 2125 majus;
588 2090 756 2125 nequequod
767 2090 900 2124 ejusmodi
911 2090 1013 2117 ambitu

222 2136 351 2170 cingitur,
376 2136 423 2163 Dei
445 2136 656 2171 appellationem
676 2139 807 2167 meretur,
829 2134 876 2162 sed
894 2135 1013 2170 spatium

222 2181 402 2216 illudntique,
416 2189 470 2216 quo
486 2183 545 2209 suis
558 2183 648 2217 ipsum
665 2181 799 2208 limitibus
810 2180 1011 2215 complectitur.

220 2227 255 2254 At
264 2229 335 2255 enim
347 2236 409 2255 cum
419 2229 445 2255 in
460 2237 543 2256 unum
556 2227 819 2262 coiissent,separati
829 2232 922 2262 postea
933 2227 1011 2255 sedes

220 2281 285 2301 suas
301 2279 484 2309 occuparunt,
501 2283 532 2301 ac
545 2275 655 2310 propria
671 2274 789 2309 quisque.
804 2277 951 2301 contentus
963 2281 1012 2300 ne-

219 2326 357 2353 quaquam
387 2320 495 2347 ἱιινοιίίι
516 2320 542 2346 in
568 2320 696 2350 alterum,
726 2323 773 2345 aut
802 2318 1011 2353 impressionem

220 2363 296 2390 facit.
318 2363 402 2399 Igitur
424 2372 480 2391 non
504 2364 622 2398 amplius
639 2363 778 2390 contraria
797 2362 914 2390 invicem
931 2365 1013 2389 erunt

221 2409 266 2435 illa
284 2410 430 2444 principia,
445 2417 496 2437 nec
511 2409 595 2436 ullum
619 2417 681 2436 esse
703 2408 803 2435 malum
822 2408 932 2443 poterit,
948 2415 1010 2435 cum

219 2461 285 2480 suas
302 2461 346 2481 res
360 2453 474 2480 comiter
487 2462 520 2481 CX
536 2461 614 2488 :Ilqllo
628 2454 755 2489 bonoque
775 2461 807 2480 ac
822 2461 928 2480 summa
942 2459 1010 2480 (20n-

220 2497 320 2523 stantia
338 2497 506 2529 moderetur,
537 2506 588 2525 nec
605 2498 676 2525 ultra
690 2498 815 2534 progredi
828 2505 908 2533 quam
922 2497 962 2525 fas
974 2497 1010 2525 sit

219 2546 339 2576 appetat.
360 2542 413 2569 Sed
435 2543 458 2570 si
479 2543 568 2570 malus
584 2551 599 2570 a
617 2551 746 2578 supremo
760 2543 892 2575 vincitur,
906 2550 938 2570 ac
949 2543 1009 2571 vio-

220 2586 308 2614 lenter
322 2588 503 2622 opprimitur;
530 2596 592 2615 curn
613 2593 640 2616 et
656 2589 691 2616 ab
710 2597 743 2617 eo
762 2589 904 2624 sejunctns
920 2589 966 2621 sit,
981 2593 1009 2617 et

219 2631 358 2667 propriam
371 2634 462 2661 sedem
477 2634 610 2668 obtineat,
625 2643 686 2669 qua:
701 2635 765 2662 boni
780 2635 854 2663 illius
869 2642 900 2662 ae
916 2642 1009 2670 supre-

221 2677 258 2704 mi
282 2678 350 2705 ni‘i'
374 2679 492 2712 intersit,
518 2688 607 2716 neque
628 2681 778 2717 quidquam
798 2682 826 2709 in
848 2689 878 2708 ea
898 2689 959 2717 quae
980 2682 1007 2709 in

1106 1253 1142 1280 Z’.
1157 1254 1262 1286 ’Δλλως
1274 1254 1301 1281 δὲ
1317 1254 1397 1281 πάλιν
1411 1255 1562 1290 νοήσωμεν,
1576 1254 1620 1281 ἵνα
1632 1255 1682 1290 τὴν
1701 1254 1800 1290 χλεύην
1811 1254 1859 1281 τοῦ

1069 1300 1189 1335 ἀγύρτου
1210 1301 1381 1336 φωράσωμεν
1402 1301 1452 1335 τῆς
1482 1300 1728 1336 ματαιοφροσὺνης.
1755 1302 1786 1327 Εἰ
1803 1301 1859 1337 γὰρ

1067 1346 1135 1377 ὅλως
1155 1348 1169 1372 ὁ
1187 1346 1303 1382 πονηρὸς
1329 1347 1456 1382 ὑπάρχει,
1479 1347 1596 1382 ἁρπάζει
1615 1347 1643 1373 δὲ
1663 1348 1725 1376 τοὺς
1740 1347 1860 1381 ἀγαθοὺς

1067 1392 1123 1419 ἀπὸ
1144 1392 1191 1418 τοῦ
1209 1392 1324 1426 ἀγαθοῦ,
1341 1393 1387 1419 καὶ
1402 1393 1465 1424 τοὺς
1476 1393 1597 1424 δικαίους
1613 1393 1667 1420 ἀπὸ
1680 1393 1727 1420 τοῦ
1741 1393 1857 1424 δικαίου,

1070 1439 1149 1470 ἰδίους
1161 1439 1189 1465 δὲ
1201 1439 1250 1474 οὑχ
1263 1438 1379 1474 ἁρπάζει
1393 1439 1489 1474 μόνους
1501 1447 1507 1454 ·
1521 1439 1698 1474 εὑρεθήσεται
1713 1439 1728 1465 ὁ
1740 1439 1859 1475 πονηρὸς

1067 1484 1158 1510 οὐκέτι
1178 1485 1304 1520 πονηρὸς,
1324 1485 1378 1511 τῶν
1401 1484 1511 1519 ἀγαθῶν
1526 1485 1700 1520 ὀρεγόμενος,
1731 1486 1778 1512 καὶ
1797 1486 1859 1511 ἐπι-

1067 1530 1244 1565 διχαζὸμενος
1271 1531 1309 1561 ὡς
1345 1530 1498 1565 βελτιόνων.
1522 1530 1554 1556 Εἰ
1579 1531 1670 1557 δὲκαὶ
1690 1531 1753 1562 τοὺς
1776 1530 1858 1562 ἰδίους

1067 1577 1165 1611 κρίνει,
1179 1577 1313 1611 τιμωρίαν
1319 1576 1346 1602 δὲ
1357 1577 1421 1608 τοὺς
1431 1570 1615 1611 ἀδικήσαντας
1622 1577 1745 1603 ἀπαιτεῖ·
1761 1576 1857 1603 οὐκέτι

1067 1622 1184 1658 πονηρὸς
1210 1622 1286 1648 ἔσται
1308 1623 1322 1648 ό
1342 1621 1468 1657 πονηρῶν
1488 1622 1618 1657 δικαστὴς
1638 1623 1784 1658 ὑπάρχων·
1809 1623 1856 1649 καὶ

1066 1668 1242 1704 εὑρεθήσεται
1267 1668 1338 1694 κατὰ
1361 1668 1450 1695 πάντα
1474 1669 1573 1704 τρόπον
1590 1669 1606 1703 ή
1624 1668 1707 1694 αὑτοῦ
1727 1667 1857 1700 ὑπόθεσις

1066 1713 1166 1748 ἑαυτὴν
1184 1713 1383 1750 ἀνατρέπουσα.
1400 1714 1487 1740 Πόθεν
1506 1714 1534 1741 δὲ
1549 1714 1675 1749 εἰλήφασι
1691 1714 1721 1740 τὸ
1740 1711 1810 1740 εἶναι
1826 1714 1857 1742 αἱ

1066 1762 1139 1794 τρεῖς
1165 1760 1258 1795 ἀρχαὶ,
1284 1760 1364 1786 πάλιν
1386 1760 1448 1794 λέγε
1461 1769 1468 1776 ⁸
1488 1760 1531 1792 τίς
1545 1760 1573 1787 δὲ
1587 1761 1601 1786 ὁ
1615 1760 1726 1791 ταύταις
1741 1761 1855 1796 ὁρισμὸν

1066 1804 1285 1839 συστησάμενος;
1307 1805 1336 1830 Εἰ
1351 1804 1399 1840 μὲν
1415 1806 1469 1841 γὰρ
1483 1805 1597 1837 ἕκαστος
1610 1805 1639 1831 ὲν
1655 1805 1694 1840 τῷ
1709 1805 1766 1841 ἰδίῳ
1780 1807 1855 1841 τόπῳ

1066 1849 1263 1885 περιορίζεται,
1278 1850 1468 1877 οὑκέτιτέλεια
1484 1851 1519 1877 τὰ
1533 1851 1595 1887 τρία
1611 1850 1787 1886 εὑρεθήσεται
1799 1852 1851 1887 ὁρι-

1067 1895 1178 1930 ζόμενος
1193 1895 1202 1910 ¹
1228 1895 1256 1922 ἕν
1276 1905 1331 1922 τισι
1350 1898 1535 1931 περιεκτικοῖς
1553 1897 1662 1928 τόποις·
1676 1896 1855 1932 εὑρεθήσεται

1065 1940 1093 1967 δὲ
1114 1941 1144 1967 τὸ
1175 1941 1349 1977 περιεκτικὸν
1380 1942 1473 1977 μεῖζον
1494 1941 1541 1968 τοῦ
1572 1942 1784 1978 περιεχομένου·
1809 1943 1854 1969 καὶ

1065 1986 1156 2013 οὐκέτι
1166 1987 1196 2013 τὸ
1213 1987 1408 2023 περιεχόμενον
1416 1987 1482 2019 Θεὸς
1497 1987 1530 2014 ἂν
1541 1988 1664 2024 κληθείη,
1676 1988 1743 2015 ἀλλὰ
1757 1988 1855 2024 μᾶλλον

1070 2034 1086 2069 η
1102 2034 1262 2070 περιεκτικὴ
1274 2034 1409 2070 ὁροθεσία.
1425 2035 1457 2061 Εἰ
1469 2035 1498 2061 δὲ
1513 2036 1559 2061 καὶ
1571 2036 1611 2067 εἰς
1622 2036 1720 2062 ταυτὸν
1731 2035 1855 2071 ἀλλήλοις

1065 2080 1206 2116 γενόμενοι
1234 2081 1348 2112 ἕκαστος
1364 2081 1435 2108 κατὰ
1461 2081 1545 2108 δίεσιν
1565 2081 1611 2108 τὸν
1629 2081 1696 2108 ἴδιον
1712 2081 1852 2118 ἐκληρώθτ

1064 2127 1157 2158 τόπον,
1179 2127 1228 2153 καὶ
1251 2127 1377 2158 ἕκαστος,
1397 2127 1426 2153 ὲν
1451 2127 1490 2161 τῷ
1507 2127 1563 2162 ἰδίῳ
1585 2127 1633 2158 ὢν,
1651 2127 1690 2162 τῷ
1705 2127 1790 2164 ἑτέρῳ
1805 2128 1855 2154 οὑν

1067 2172 1230 2207 ὲντρίὸεται.
1257 2172 1316 2198 οὐδὲ
1338 2171 1499 2207 ἐπέρχεται·
1516 2172 1609 2198 οὐκέτι
1625 2172 1653 2198 αἱ
1670 2173 1752 2207 ἀρχαὶ
1771 2173 1855 2208 ἀλλή-

1066 2217 1126 2248 λαις
1146 2218 1279 2250 ἐναντίαι,
1306 2218 1366 2244 οίιδέ
1389 2226 1432 2249 τις
1450 2218 1539 2244 αὐτῶν
1561 2218 1650 2253 φαύλη
1667 2218 1855 2254 εὑρεθήσεται,

1065 2262 1108 2288 διὰ
1131 2262 1162 2288 τὸ
1181 2262 1252 2289 κατὰ
1270 2262 1300 2289 τὸ
1324 2263 1438 2294 δίκαιον,
1467 2263 1514 2290 καὶ
1528 2263 1640 2298 ἥσυχον,
1656 2265 1703 2290 καὶ
1724 2264 1856 2296 εὐσταθὲς

1065 2309 1118 2335 τῶν
1145 2309 1216 2335 ἰδίων
1241 2309 1427 2344 ἐπιμέλεσθαι,
1446 2309 1492 2336 καὶ
1516 2310 1552 2346 μὴ
1573 2310 1729 2346 περαιτέρω
1753 2310 1855 2346 βαίνειν

1065 2355 1288 2390 ἐπιϐαλλόμενον.
1314 2356 1345 2382 El
1374 2355 1403 2382 δὲ
1417 2356 1431 2382 ό
1449 2356 1499 2391 μὲν
1524 2356 1641 2392 πονηρὸς
1657 2357 1710 2383 ὑπὸ
1733 2357 1780 2384 τοῦ
1799 2357 1856 2384 ἄνω

1065 2399 1252 2435 κατισχύεται,
1278 2401 1326 2427 καὶ
1339 2400 1471 2436 βιάζεται,
1490 2403 1537 2428 καὶ
1553 2403 1744 2429 καταπονεῖται
1768 2411 1855 2438 μεμε-

1066 2445 1192 2480 ρισμένος
1216 2445 1265 2479 ὢν,
1285 2446 1332 2473 καὶ
1357 2447 1385 2473 ἐν
1402 2446 1459 2481 ἰδίῳ
1472 2447 1548 2482 τόπῳ
1564 2446 1704 2482 ὑπάρχων,
1722 2442 1753 2473 οὗ
1771 2447 1854 2474 τόπου

1063 2491 1102 2526 τῷ
1131 2492 1187 2518 ἄνω
1215 2492 1310 2527 ἀγαθῷ
1336 2492 1409 2519 οὐδὲν
1424 2493 1568 2528 προσήκει,
1588 2492 1648 2519 οὑδέ
1665 2501 1692 2520 τι
1709 2493 1756 2520 ὑπ’
1772 2494 1855 2521 αὑτοῦ

1063 2537 1212 2573 κεκτῆσθαι
1243 2538 1297 2564 τῶν
1325 2537 1443 2565 ἐνταῦθα
1466 2538 1538 2573 λέγω
1560 2539 1589 2566 ὲν
1602 2538 1642 2574 τῷ
1660 2539 1708 2566 τοῦ
1735 2541 1854 2576 πονηροῦ

1062 2582 1155 2618 τόπῳ’
1176 2582 1410 2618 τυραννικώτερος
1432 2583 1532 2618 μᾶλλον
1552 2583 1729 2620 εὑρεθήσεται
1757 2586 1771 2612 δ
1788 2586 1854 2617 ἄνω,

1062 2628 1108 2655 καὶ
1121 2627 1211 2654 οὐκέτι
1220 2628 1331 2662 ἀγαθὸς,
1339 2628 1384 2656 τὸν
1392 2629 1456 2656 ἴδιον
1467 2629 1541 2663 Υἱὺν,
1549 2630 1637 2657 εἵτουν
1646 2630 1776 2666 Χριστὸν,
1793 2632 1855 2658 ἀπο-

1063 2674 1182 2706 οιι;ίλας,
1196 2674 1240 2700 ἵνα
1250 2673 1285 2701 τὰ
1293 2674 1422 2710 ἀλλότρια
1439 2674 1518 2711 )ά6ῃ.

220 2725 284 2752 mali
302 2726 445 2754 domicilio
460 2732 534 2762 sunt,
547 2728 619 2763 juris
637 2729 746 2762 habeat,
779 2731 930 2765 tyrannieis
959 2732 1047 2767 magis
1066 2733 1119 2760 erit
1130 2732 1254 2761 moribus
1270 2740 1415 2768 supremus
1433 2733 1478 2761 ille
1497 2733 1664 2768 minimeque
1684 2733 1785 2765 bonus,
1808 2735 1853 2768 qui

218 2772 317 2800 Filium
331 2781 422 2808 suum,
436 2782 533 2810 nempe
544 2775 684 2803 Christum
697 2776 846 2809 miserit,ut
865 2778 1109 2813 usurparetaliena.

255 2871 265 2888 ¹
281 2871 377 2900 Matth.
391 2882 417 2908 ν,
433 2874 475 2903 45.
515 2876 525 2891 ¹
540 2875 571 2903 F.
589 2875 743 2912 όριζόμενα,
