1952 3045
103 153 157 182 705

440 153 506 181 Αυν
512 153 622 181 ERSUS
641 154 811 182 “IERESES
825 155 888 182 LIB.

952 155 1035 184 TOM.
1056 155 1144 183 lll.—
1163 155 1302 184 ΗΑΞΗΕΞ.
1324 156 1404 184 XLII.

1675 160 1728 186 700

138 212 193 238 Καὶ
206 212 258 238 ποῦ
275 212 289 238 ὁ
303 212 365 248 ὅρος
386 212 400 238 δ
414 212 539 248 διορίζων
560 212 610 244 τὰς
630 214 704 248 τρεῖς
721 214 806 250 ἀρχὰς
822 215 888 241 κατὰ

975 215 1058 250 308
1080 214 1140 248 Quo
1162 215 1270 249 quidem
1295 215 1455 247 constituto,
1473 215 1518 243 ubi
1534 215 1578 243 ille
1594 216 1728 246 terminus

103 259 147 285 τὸν
163 257 211 284 τοῦ
227 258 345 293 ἀγύρτου
364 258 414 293 τῆς
426 258 579 290 ὑποθέσεως
593 258 687 293 λόγον;
702 260 888 296 Ζητηθήσεται

108 303 158 338 γὰρ
176 303 305 338 τέταρτος
316 311 358 334 τις
376 303 588 336 ἐπιεικέστατος,
610 304 726 331 καὶτῶν
739 304 822 340 τριῶν
844 313 889 331 σο-

104 348 235 384 φώτερος,
248 348 422 384 ὁριογνώμων
432 358 461 375 τε
469 349 692 385 καὶὲπιστήμων,
709 350 737 382 ὃς
753 351 788 377 τὰ
803 351 889 385 μέτρα

105 395 212 430 ἑκάστῳ
241 394 358 430 διένειμέ
387 404 415 422 τε
433 397 479 423 καὶ
497 397 560 428 τοὺς
581 397 655 432 τρεῖς
671 398 887 433 είρηνοποίησεν.

105 440 136 466 ΕΞ
150 440 178 466 δὲ
205 440 242 475 μὴ
257 441 265 455 ¹
282 440 456 468 στασιάσαιεν
478 442 545 478 πρὸς
568 443 710 478 ἀλλήλους,
729 443 795 478 μηδὲ
806 444 846 475 είς
855 444 889 470 τὰ

103 485 184 511 ἄλλον
197 485 276 517 ἄλλος
300 486 468 513 ἀποστέλλει.
484 488 538 513 Καὶ
554 485 630 519 οὗτος
646 488 707 523 μὲν,
729 489 824 520 πείσας
841 488 889 520 τὰς

104 531 178 565 τρεῖς
205 531 301 566 ἀρχὰς,
323 531 499 567 εὑρεθήσεται
518 533 646 568 τέταρτος
663 534 709 560 καὶ
726 533 888 569 σοφώτερος,

103 576 151 602 καὶ
166 576 367 612 ἐπιεικέστερος
378 585 384 592 '
403 578 450 604 καὶ
462 578 542 609 αὐτὸς
558 578 586 604 δὲ
608 580 636 604 ἐν
651 578 707 614 ἰδίῳ
723 579 798 614 τόπῳ
810 579 889 605 πάλιν

104 620 308 655 ζητηθήσεται,
326 621 372 656 ἀφ’
389 619 474 657 οὗπερ
486 623 524 654 είς
541 622 622 657 μέσον
647 620 711 658 ἦλθε
726 623 779 649 τῶν
794 624 887 658 τριῶν,

104 667 151 692 καὶ
172 666 279 702 ἑκάστῳ
302 667 333 693 τὸ
360 667 441 703 μέρος
467 668 557 702 σοφῶς
581 667 715 704 διώρισεν,
731 669 775 696 ἵνα
794 669 831 705 μὴ
850 671 889 701 εἰς

103 713 235 748 ἀλλήλους
258 713 383 740 ἀδικοῖεν.
402 715 433 740 Ei
454 714 482 740 δὲ
510 715 538 740 ὲν
551 715 606 746 τοῖς
621 715 668 741 τοῦ
683 715 753 747 ἑνὸς,
774 715 845 749 λέγω
857 715 889 750 δὴ

103 759 152 785 τοῦ
166 758 343 794 δημιουργοῦ,
359 759 386 785 αί
397 759 443 785 δύο
456 759 538 794 ἀρχαί
552 759 620 786 εἰσιν
634 760 888 795 ὲμπολιτευόμεναι,

103 804 118 830 ὅ
134 813 164 830 τε
187 804 302 839 πονηρὸς
318 805 347 831 ὲν
360 806 417 836 τοῖς
431 804 478 831 τοῦ
498 804 662 840 δημιουργοῦ
679 805 782 841 χώραις
797 814 825 832 τε
844 806 890 832 καὶ

103 849 213 885 χώροις,
243 849 290 876 καὶ
316 851 330 876 ὁ
356 850 402 876 τοῦ
430 850 531 884 ἀγαθοῦ
559 850 675 886 Χριστὸς
702 851 886 887 ἐπιδημήσας·

940 261 993 287 erit
1007 269 1022 287 a
1038 269 1094 296 quo
1110 269 1143 288 ex
1167 261 1326 295 impostoris
1342 261 1415 288 illius
1439 262 1568 297 opinione
1591 263 1643 288 tria
1663 267 1728 290 sunt

941 307 986 334 illa
1012 307 1146 342 principia
1173 307 1318 342 separata?
1345 308 1514 340 Quzerendus
1531 308 1659 335 nimirum
1675 309 1729 336 erit

941 357 1055 386 quartus
1079 352 1178 387 aliquis
1200 353 1386 387 aequissimus,
1415 361 1447 381 ac
1463 354 1551 381 tribus
1567 354 1727 389 sapientior,

940 400 1014 426 velut
1034 399 1150 426 limitum
1176 398 1327 434 finiumque
1349 400 1530 435 regendorum
1549 402 1663 435 peritus,
1680 401 1727 436 qui

941 452 1020 470 suutu
1037 444 1137 478 cuique
1152 445 1262 470 modum
1280 445 1415 476 attribuit,
1431 452 1463 472 ac
1476 453 1569 480 pacem
1583 446 1653 472 inter
1666 446 1727 474 illos

941 489 1084 522 stabilivit,
1112 492 1141 515 ut.
1165 497 1199 516 ne
1221 489 1339 524 amplius
1357 497 1371 516 a
1392 497 1422 518 se
1437 494 1532 517 mutuo
1550 490 1727 524 dissidcrcnt,

941 538 987 560 aut
1005 535 1074 561 alter
1093 535 1227 562 satellites
1244 542 1309 562 suos
1323 535 1351 562 in
1367 535 1513 563 stationem
1538 535 1652 563 alterius
1677 537 1728 563 im-

939 581 1059 607 mittet-ct
1073 590 1079 608 ;
1093 585 1174 615 atque
1187 580 1231 608 ille
1244 580 1354 616 quidem
1370 588 1436 615 pace
1449 581 1520 608 inter
1532 582 1584 608 tria
1596 582 1728 617 principia

940 626 1090 652 constituta
1104 630 1219 660 quartus
1234 626 1432 657 numerabitur,
1449 628 1556 655 cmteris
1570 629 1728 663 prudentior

940 679 972 698 ac
989 671 1108 706 justior;
1124 675 1151 699 et
1165 672 1237 699 idem
1255 677 1346 698 tamen
1366 672 1425 706 ipse
1441 673 1552 707 proprio
1563 679 1598 699 ac
1612 678 1686 700 certo
1700 674 1743 703 in.

940 718 1001 744 loco
1017 718 1179 752 quaerendus
1197 721 1250 747 est.
1269 725 1284 744 a
1300 725 1354 752 quo
1370 718 1453 744 trium
1477 718 1504 744 in
1524 718 1642 745 medium
1661 726 1727 752 pro-

940 770 1051 798 gressus
1068 763 1218 798 unicuique
1232 768 1336 798 partem
1353 771 1430 790 suam
1451 763 1519 790 scite
1534 771 1565 790 ac
1578 764 1664 798 perite
1678 764 1728 791 tri-

940 808 1040 839 buerit,
1062 815 1095 835 ne
1112 811 1206 834 tntttuo
1225 807 1276 835 sibi
1301 807 1430 842 iniuriam
1454 807 1644 843 importarent.
1667 807 1727 834 Jam

941 861 1004 880 vero
1027 852 1049 880 si
1075 852 1102 879 in
1126 853 1207 879 unius
1231 856 1295 887 puta
1319 853 1453 880 creatoris
1477 853 1651 887 possessione
1673 853 1728 880 duo

103 896 196 922 οὐκέτι
205 896 256 929 ἄρα
273 895 368 932 κριτὴς
376 897 423 922 καὶ
435 896 598 932 δημιουργὸς
611 897 687 933 μόνον
701 898 887 933 εὑρεθήσεται.

941 897 1073 931 principia
1088 900 1252 930 versentur;
1271 897 1358 924 malus
1376 897 1516 928 nimirum,
1537 898 1582 932 qui
1601 898 1627 924 in
1644 897 1726 932 hujus

103 942 172 968 ἀλλὰ
201 942 247 968 καὶ
273 942 384 976 ἀγαθὸς,
409 943 557 978 συγχωρῶν
573 945 628 974 τοῖς
643 943 717 969 δυσὶν
730 944 770 974 εἰς
783 943 817 969 τὰ
835 943 889 970 ἴδια

104 988 193 1013 ποιεῖν
209 987 222 1012 ὃ
244 986 396 1020 βούλονται’
413 986 429 1021 ἢ
451 987 569 1022 ἀδρανὴς
585 987 771 1022 εὑρεθήσεται,
791 989 838 1013 καὶ
852 987 889 1023 μὴ

104 1032 206 1067 ἰσχύων
223 1031 341 1059 κωλῦσαι
359 1032 412 1058 τῶν
428 1032 498 1058 ἰδίων
508 1033 569 1064 τοὺς
581 1032 736 1067 ἀλλοτρίους
751 1033 887 1068 ἆρπαγας.

104 1080 136 1106 Εἰ
145 1080 171 1106 δὲ
186 1080 232 1106 καὶ
244 1079 335 1114 ἥσσων
344 1080 377 1114 τῇ
390 1079 502 1114 δυνάμει
515 1079 598 1110 ἐστὶν,
608 1079 698 1105 οὐκέτι
712 1079 888 1115 εὑρεθήσεται

105 1126 122 1160 ἡ
146 1125 309 1160 δημιουργία
343 1124 515 1150 συνεστῶσα·
540 1123 597 1150 ἀλλ’
627 1123 748 1156 ἐξέλιπεν
773 1123 889 1150 ἔκπαλαι

105 1170 318 1206 ἀναρπαζομένη
345 1170 405 1196 καθ’
437 1169 554 1204 ἑκάστην
579 1169 686 1204 ἡμέραν
710 1169 761 1195 ὑπό
784 1178 813 1195 τε
842 1169 888 1195 τοῦ

105 1215 225 1251 πονηροῦ
247 1216 286 1246 εἰς
301 1214 331 1240 τὸ
354 1214 418 1240 ἴδιον
433 1214 528 1249 μέρος,
543 1214 591 1240 καὶ
606 1214 658 1240 ὑπὸ
668 1212 715 1240 τοῦ
733 1213 834 1246 ἀγαθοῦ
850 1214 888 1244 εἰς

105 1261 139 1287 τὰ
155 1261 219 1287 ἄνω.
242 1261 297 1287 Καὶ
320 1259 370 1286 ποῦ
385 1259 425 1285 ἑτι
438 1260 455 1294 ἡ
472 1258 638 1294 δημιουργία
663 1258 840 1294 σταθήσεται;
859 1259 889 1285 Εἰ

105 1307 134 1333 δὲ
149 1307 189 1333 ὅτι
206 1306 293 1341 χρόνῳ
309 1305 394 1340 λήξει,
406 1305 505 1339 λέγεις,
523 1305 570 1330 καὶ
583 1304 696 1331 δυνατὸν
709 1304 810 1340 ταύτην
822 1304 889 1336 ὅλως

105 1351 198 1386 λήγειν
212 1352 255 1377 διὰ,
284 1351 333 1386 τῆς
354 1350 399 1377 τοῦ
421 1349 522 1384 ἀγαθοῦ
546 1349 719 1384 ὲπιμελείας’
751 1350 846 1376 οὐκοῦν
875 1351 889 1376 ό

105 1398 207 1432 ὰγαθὺς
222 1398 305 1429 αἴτιος
316 1397 364 1432 τῆς
381 1396 481 1431 βλάϐης
493 1395 569 1422 ἔσται
584 1396 598 1421 ὁ
611 1395 647 1431 μὴ
660 1395 744 1422 παλαι
760 1396 887 1431 ποιήσας,

105 1445 172 1478 ὅπερ
200 1444 310 1479 ὕστερον
342 1443 442 1477 ἀγαθὸν
468 1442 556 1476 ἔδοξεν
584 1442 726 1474 ἐπιτελεῖν,
746 1442 813 1477 μήτε
837 1441 889 1477 μὴν

105 1489 263 1523 πεποιηκὼς
286 1489 340 1516 ἀπὸ
359 1489 412 1515 τῶν
439 1489 581 1520 ἀνέκαθεν,
595 1489 688 1524 πρὶνῆ
706 1489 768 1520 τοὺς
782 1488 889 1520 πλείους

105 1534 276 1569 ἀδικηθῆναι,
304 1534 350 1560 καὶ
381 1533 522 1567 ἐγκαθέξῖι
546 1535 556 1549 ¹
584 1534 682 1566 αὐτοὺς
701 1533 825 1568 γενέσθαι
842 1534 888 1560 τοῦ

105 1579 211 1614 κριτοῦ,
230 1579 277 1605 καὶ
292 1579 365 1605 κάτω
385 1579 576 1613 μεμενηκέναι.

941 941 1100 976 regionibus
1114 941 1235 976 locisque
1253 941 1380 974 resideat,
1402 947 1429 969 et
1443 950 1457 969 a
1471 943 1542 969 bono
1559 943 1657 970 missus
1672 943 1725 970 ibi-

939 987 1056 1022 demque
1069 995 1244 1015 commorans
1262 987 1404 1020 Christus;
1420 996 1590 1022 consequens
1605 992 1657 1020 est,
1672 996 1726 1015 non

940 1032 1015 1059 illum
1031 1032 1112 1059 modo
1127 1032 1248 1066 judicent
1265 1040 1296 1059 ac
1314 1033 1494 1066 conditorem,
1512 1034 1559 1060 sed
1579 1038 1606 1061 et
1626 1034 1726 1060 bonum

939 1085 1010 1110 esse,
1028 1078 1075 1113 qui
1093 1078 1226 1105 ambobus
1249 1078 1434 1114 quodcunque
1455 1079 1528 1114 apud
1550 1087 1580 1106 se
1597 1083 1727 1113 cuperent

940 1131 1019 1159 agere
1030 1125 1204 1159 permiserit;
1217 1128 1264 1151 aut
1279 1132 1344 1152 sane
1355 1132 1485 1159 perquam
1498 1125 1550 1152 erit
1561 1125 1726 1158 imbecillus,

940 1169 987 1204 qui
1008 1169 1159 1196 alienorum
1180 1169 1333 1204 direptores
1351 1177 1479 1197 coercere
1496 1171 1660 1205 nequiverit.
1677 1170 1728 1205 lgi-

940 1219 985 1242 tur
1007 1215 1103 1243 demus
1126 1215 1202 1242 illurn
1225 1215 1332 1242 viribus
1351 1217 1482 1251 imparem
1499 1225 1569 1249 esse,
1592 1225 1727 1251 nusquam

939 1260 1102 1287 fabricatum
1121 1267 1190 1294 opus
1210 1260 1244 1287 ab
1268 1268 1300 1287 eo
1317 1265 1447 1288 constare
1464 1262 1580 1296 poterit;
1598 1261 1645 1289 sed
1658 1262 1729 1296 jam-

940 1305 1046 1340 pridem
1071 1305 1240 1332 ittterciderit
1267 1309 1385 1340 oportet,
1411 1313 1472 1332 eum
1495 1305 1591 1333 diebus
1614 1306 1729 1342 singulis

940 1351 1097 1385 decerptum
1111 1350 1229 1383 indidem
1244 1351 1346 1385 aliquid
1364 1351 1463 1385 partim
1480 1359 1495 1378 a
1509 1353 1578 1379 malo
1590 1353 1728 1387 propriam

940 1398 968 1424 in
983 1398 1133 1432 regionem.
1151 1397 1250 1431 partim
1269 1404 1282 1422 a
1311 1397 1382 1423 bono
1409 1397 1435 1423 in
1454 1397 1596 1431 superiora
1612 1398 1730 1425 transfe-

939 1447 1027 1470 ratur.
1054 1441 1169 1469 Ubinam
1193 1449 1258 1477 ergo
1273 1442 1382 1468 demum
1399 1442 1464 1468 illud
1480 1443 1618 1477 opificium
1632 1443 1727 1470 consi-

940 1489 1010 1516 stet?
1025 1488 1053 1515 Si
1069 1488 1198 1523 paulatim
1225 1488 1378 1515 desiturqu
1404 1487 1582 1522 respondeas,
1608 1495 1640 1515 ac
1665 1489 1729 1516 boui

940 1542 1006 1562 cura
1033 1534 1179 1568 studioque
1208 1534 1288 1561 ﬁnem
1319 1534 1468 1569 aliquando
1497 1538 1730 1569 consecuturum;

903 1576 926 1605 C
942 1586 1033 1606 nonne
1048 1578 1115 1606 illati
1134 1578 1225 1606 damni
1246 1579 1353 1614 culpam
1371 1579 1461 1606 bonus
1484 1579 1535 1607 iste
1561 1580 1730 1607 sustinebit:

105 1628 152 1662 qui
175 1628 246 1662 quod
271 1627 335 1654 horti
362 1626 460 1653 fecisse
483 1630 576 1661 postea
599 1626 674 1653 visus
696 1630 749 1656 est,
770 1633 825 1652 non
840 1625 884 1652 diu
906 1631 977 1657 ante,
1006 1626 1129 1660 adeoque
1149 1625 1226 1652 initio
1246 1625 1402 1660 perfecerit,
1431 1630 1577 1661 antequam
1610 1627 1733 1662 plerique

105 1674 235 1708 injuriam
252 1673 416 1707 acciperent,
432 1677 456 1698 et
473 1672 498 1698 in
509 1671 609 1706 judicis
624 1677 757 1706 potestate
773 1672 886 1701 dett-mi.
908 1671 1039 1699 inferiore
1056 1671 1116 1698 loco
1133 1672 1322 1699 remanerent?

141 1717 183 1745 H'.
194 1718 277 1745 Πάλιν
291 1718 318 1744 δὲ
330 1718 364 1744 τὰ
380 1718 429 1752 τῆς
445 1717 519 1749 θείας
536 1718 647 1753 Γραφῆς
660 1718 710 1744 οὐκ
723 1717 810 1752 ὀρθῶς
824 1717 890 1743 νοῶν

105 1765 249 1801 προςςέρει,
278 1765 324 1790 καί
340 1763 402 1795 τοὺς
425 1764 570 1799 ἀκεραίους
583 1762 705 1799 ἐξαπατᾷ
723 1764 890 1799 διαστρέφων

104 1810 135 1836 τὸ
151 1810 197 1836 τοῦ
222 1809 382 1836 ’Δποστόλον
410 1809 506 1845 ῥητὸν,
537 1809 577 1835 ὅτι
601 1809 729 1842 Χριστὸς
744 1808 823 1842 ἡμᾶς
839 1808 888 1840 ἐξ·

104 1857 256 1891 ηγόρασεν
270 1856 304 1882 ἐκ
321 1855 374 1889 τῆς
389 1854 518 1889 κατάρας
535 1854 588 1881 τοῦ
607 1855 711 1888 νόμου,
731 1856 890 1889 γενόμενος

104 1902 181 1936 ὑπὲρ
195 1900 280 1935 ἡμῶν
294 1901 416 1935 κατάρα.
429 1900 483 1927 Καί
498 1909 578 1935 φησιν
587 1909 595 1915 ·
605 1901 637 1926 Εἰ
650 1897 719 1935 ἦμεν
737 1899 829 1931 αὑτοῦ,
838 1901 888 1926 οὐκ

104 1947 139 1973 ἂν
162 1946 192 1972 τὸ
208 1946 304 1973 ἑαυτοῦ
329 1946 474 1981 ἠγόραζεν.
497 1945 646 1980 Ἀγοράσας
658 1945 685 1971 δὲ
698 1945 737 1976 είς
751 1945 888 1980 ἀλλότριον

104 1993 206 2027 κόσμον
221 1991 302 2027 ἦλθεν
315 1993 387 2027 ἡμᾶς
408 1991 540 2027 ἀγοράσαι
557 1991 620 2021 τοὺς
637 1990 687 2016 οὐκ
701 1990 780 2021 ὄντας
794 1989 886 2016 αὑτοῦ.

105 2039 213 2073 Ποίημα
225 2038 278 2072 γὰρ
292 2035 362 2072 ἦμεν
377 2037 480 2072 ἐτέρου,
498 2037 544 2063 καὶ
559 2036 602 2062 διὰ
620 2035 698 2062 τοῦτο
713 2036 787 2070 ἡμᾶς
802 2036 891 2068 αὐτὸς,

105 2083 238 2117 ἠγόραζεν
268 2083 306 2114 εἰς
332 2082 380 2117 τὴν
408 2081 505 2108 ἑαυτοῦ
525 2081 608 2116 ζωήν.
626 2081 730 2115 ’Λγνοεί
746 2081 773 2107 δὲ
791 2082 857 2113 ὅλως
876 2083 891 2108 ὁ

105 2129 223 2164 ἠλίθιος,
236 2130 277 2155 ὅτι
287 2128 348 2155 οὔτε
360 2128 475 2164 Χριστὸς
482 2129 604 2164 κατάραν
616 2128 666 2163 τὴν
681 2127 724 2154 διὰ
734 2129 783 2162 τῆς
799 2128 889 2163 ἀμαρ-

105 2175 164 2207 τίας
197 2175 272 2210 ήμῶν
287 2174 404 2209 ἀφεῖλεν,
434 2174 527 2201 ἑαυτὸν
556 2174 726 2209 σταυρώσας,
747 2174 794 2200 καὶ
815 2174 890 2208 γενο-

107 2229 186 2256 μενος
209 2221 322 2252 θάνατος
340 2220 447 2255 θανάτῳ
461 2220 506 2246 διὰ
523 2220 572 2251 τὰς
588 2220 723 2255 ἁμαρτίας
737 2219 825 2255 ἡμῶν,
841 2219 889 2246 καὶ

983 1715 1050 1743 Vill.
1068 1716 1127 1743 1am
1156 1717 1230 1750 quod
1256 1725 1271 1744 e
1295 1717 1383 1744 sacris
1412 1717 1603 1752 deprontptutu
1620 1716 1732 1745 Litteris

944 1762 1032 1794 all'ert,
1047 1770 1080 1790 eo
1097 1770 1240 1797 perperam
1259 1762 1410 1796 intellecto,
1432 1766 1514 1798 atque
1538 1763 1662 1798 Apostoli
1685 1763 1733 1791 de-

941 1814 1054 1843 pravata
1075 1810 1222 1841 sententia,
1244 1809 1404 1836 rudioribus
1422 1809 1514 1836 fucum
1533 1809 1628 1844 objicit
1646 1819 1653 1836 :
1669 1817 1732 1836 cum

941 1855 979 1882 ita
999 1855 1122 1890 loquitur
1145 1855 1293 1890 Apostolus
1312 1863 1318 1881 :
1339 1854 1460 1882 Christus
1484 1862 1531 1881 nos
1554 1862 1570 1880 a
1592 1853 1731 1880 maledicto

941 1900 1059 1932 redemit,
1072 1908 1119 1934 pro
1134 1900 1207 1927 nobis
1221 1901 1308 1935 factus
1325 1899 1525 1926 maledictum‘.
1540 1899 1578 1925 Ex
1593 1906 1647 1934 quo
1659 1899 1732 1926 istud

942 1946 1059 1980 colligit;
1078 1946 1100 1973 si
1119 1946 1204 1980 ipsius
1231 1953 1367 1975 essetuus,
1393 1952 1446 1971 non
1471 1944 1564 1978 utique
1585 1943 1657 1978 quod
1674 1943 1731 1978 jam

941 1996 1096 2019 suumerat
1112 1991 1317 2025 rudcutptztt‘ttttt
1339 1990 1434 2017 fuisse.
1457 1989 1526 2016 Cum
1548 1989 1632 2024 igitur
1652 1990 1732 2017 rede-

939 2039 1022 2066 misse
1038 2038 1156 2069 dicatur,
1173 2045 1285 2063 neevsse
1301 2041 1343 2063 cst
1356 2037 1474 2062 alienum
1492 2036 1519 2063 in
1535 2037 1667 2062 mundum
1684 2043 1732 2071 pc—

943 2084 1003 2111 dem
1019 2083 1154 2118 posuisse,
1172 2087 1201 2108 ut
1217 2090 1267 2110 nos
1283 2083 1329 2116 qui
1346 2082 1417 2109 illius
1435 2089 1487 2108 non
1505 2089 1639 2114 essemus,
1660 2081 1732 2108 redi-

943 2134 1038 2156 mcret.
1059 2128 1135 2164 Opus
1160 2129 1232 2155 enim
1258 2136 1369 2155 eramus
1396 2128 1521 2159 alterius,
1548 2127 1664 2162 ideoque
1682 2134 1733 2154 nos

941 2176 1023 2202 vitam
1036 2176 1069 2202 ad
1081 2182 1157 2202 suam
1167 2173 1394 2208 transportandos
1411 2173 1533 2200 redemit.
1550 2172 1649 2200 Verum
1665 2173 1732 2199 illud

941 2221 1081 2248 hominum
1106 2219 1304 2248 stolidissimos
1328 2220 1445 2254 ignorat,
1467 2227 1638 2254 nequaquam
1654 2219 1733 2245 tlhri-

105 2265 212 2300 κατὰρα
237 2265 319 2296 αὐτὸς
341 2266 373 2300 τῇ
396 2265 502 2300 κατάρᾳ
527 2265 680 2299 γενόμενος.
703 2265 747 2290 Διὸ
767 2265 817 2291 οὐκ
832 2265 888 2292 ἔστι

943 2271 1014 2293 stum
1031 2265 1205 2292 maledictum
1225 2265 1321 2296 fuisse,
1335 2265 1406 2293 absit
1419 2269 1448 2292 ut
1459 2265 1592 2299 ejusmodi
1603 2258 1732 2300 quiddam

105 2311 222 2346 Χριστὸς
250 2311 366 2346 κατάρα,
385 2310 452 2337 ἀλλὰ
462 2311 511 2346 ’τῆς
531 2312 653 2346 κατάρας
675 2311 765 2342 λύσις-
780 2311 888 2345 εὐλογία

104 2357 133 2383 δὲ
147 2358 213 2383 πᾶσι
232 2359 287 2389 τοῖς
301 2358 340 2389 εἰς
359 2358 438 2384 αὑτὸν
451 2358 557 2393 ἀληθῶς
577 2359 794 2385 πεπιστευκόσιν.
811 2359 888 2386 Οὕτω

109 2403 157 2430 καὶ
167 2403 206 2434 τὸ,
220 2403 414 2438 ἐξηγόρασεν,
428 2405 476 2430 οὐκ
485 2402 570 2436 εἶπεν,
585 2405 748 2438 ἠγόρασεν.
758 2404 825 2431 Οὖτε
834 2406 888 2440 γὰρ

105 2450 146 2481 είς
173 2449 309 2485 ἀλλότριον
329 2448 408 2484 ἦλθεν
435 2451 554 2486 ἁρπάσαι
574 2451 590 2485 ἢ
614 2451 758 2485 ἀγοράσαι.
779 2451 810 2477 Εἰ
835 2451 888 2486 γὰρ

103 2496 250 2531 ἠγόρασεν,
267 2495 304 2530 μὴ
331 2496 399 2530 ἔχων
418 2497 550 2531 ἠγόρασε,
575 2496 622 2522 καὶ
643 2496 680 2527 ὡς
696 2497 801 2531 πτωχὸς
814 2496 832 2523 ἃ
851 2497 888 2532 μὴ

104 2539 178 2576 εἶχεν
190 2542 333 2576 ἐκτήσατο.
357 2542 410 2568 Καὶ
421 2542 436 2567 ὃ
445 2542 454 2558 ³
469 2542 635 2577 κεκτημένος
647 2543 721 2577 ἡμᾶς
735 2543 886 2577 πέπρακεν,

104 2586 246 2620 ἀπορήσας
259 2585 410 2621 πέπρακεν,
426 2586 479 2612 ἀπό
493 2595 565 2618 τινος
586 2587 639 2621 ἄρα
655 2587 793 2613 δανειστοῦ
811 2586 890 2613 ελαυι

106 2632 229 2666 νόμενος,
239 2632 308 2658 Ἀλλ’
322 2633 371 2658 οὐκ
384 2631 440 2667 ἔχει
454 2631 550 2662 οὓτως.
566 2631 633 2658 Οὔτε
651 2632 704 2668 γὰρ
713 2631 801 2673 εἶτῖεν,
822 2632 887 2666 ἠγό-

105 2686 199 2712 ρασεν,
217 2677 285 2708 ἀλλ’,
303 2678 497 2712 ἐξηγόρασεν.
517 2677 628 2711 Ὅμοιον
639 2677 667 2704 δὲ
678 2677 764 2713 τούτῳ
779 2678 793 2703 ὁ
807 2678 888 2709 αὐτὸς

104 2723 182 2756 ἆγιος
214 2723 372 2755 Ἀπόστολός
404 2731 508 2758 φησιν·
549 2722 809 2758 Ἐξαγοραζόμενοι
834 2724 888 2750 τὸν

104 2767 219 2799 καιρόν,
235 2766 279 2793 ὅτι
292 2768 321 2794 αι
336 2766 440 2801 ἡμέραι
459 2768 586 2801 πονηραί
602 2768 671 2794 εἱσι.
686 2768 741 2801 Καὶ
754 2768 803 2803 οὐχ
816 2769 885 2804 ήμέ-

941 2312 1123 2344 arbitrcmur;
1143 2311 1189 2338 sed
1213 2319 1276 2338 cum
1294 2311 1366 2338 ultro
1389 2319 1495 2338 crucem
1515 2311 1653 2342 subiisset,
1668 2317 1734 2337 eon-

943 2362 1058 2384 traetum
1074 2364 1088 2384 a
1109 2358 1187 2384 nobis
1202 2365 1234 2384 ex
1255 2361 1367 2392 peccato
1383 2357 1556 2383 maledictum
1575 2356 1732 2386 abstulisse,

941 2403 1023 2438 309
1038 2408 1066 2429 ut
1083 2411 1156 2430 ntors
1171 2403 1371 2438 quodaminodo
1388 2403 1484 2429 mortis
1500 2406 1573 2429 esset
1591 2402 1670 2435 culpa
1683 2409 1733 2429 no-

942 2456 998 2476 sxra
1026 2455 1174 2484 susceptae,
1209 2449 1349 2484 ipsiusque
1382 2449 1518 2476 maledicti
1546 2448 1731 2475 maledictum.

943 2494 1032 2527 Quare
1048 2495 1222 2522 maledictum
1237 2495 1363 2522 Christus
1379 2502 1433 2521 n0n
1453 2500 1504 2527 est,
1522 2494 1569 2522 sed
1589 2494 1732 2522 dissolutio

942 2539 1095 2573 maledicti;
1121 2544 1216 2567 contra
1242 2548 1307 2568 vero
1332 2540 1484 2567 benedictio
1505 2540 1631 2568 omnibus
1646 2544 1687 2568 est
1705 2540 1732 2567 iu

941 2593 1003 2612 eum
1024 2593 1085 2612 vere
1100 2593 1132 2612 ac
1153 2586 1259 2614 sincere
1280 2587 1465 2613 credentibus.
1488 2585 1565 2613 Unde
1579 2590 1606 2613 ct
1623 2587 1731 2612 redemit

941 2631 1072 2666 scriptum
1100 2636 1162 2664 est,
1188 2640 1242 2659 non
1264 2634 1336 2660 emit.
1364 2631 1456 2666 Neque
1472 2632 1543 2659 enini
1563 2632 1591 2659 in
1615 2632 1731 2659 alienant

941 2679 1142 2713 possessionem
1171 2679 1315 2714 diripientli
1345 2681 1387 2708 vel
1415 2681 1521 2708 emendi
1546 2679 1632 2715 gratia
1646 2679 1730 2706 venit.

941 2723 1008 2751 Nam
1024 2725 1047 2752 si
1064 2731 1175 2758 emeret,
1196 2725 1268 2761 quod
1287 2729 1350 2754 ante
1365 2734 1418 2754 non
1437 2726 1564 2758 habebat,
1575 2729 1686 2756 emeret,
1699 2731 1731 2751 ac

942 2770 1058 2798 mendici
1087 2771 1174 2799 instar
1196 2771 1296 2808 quibus
1319 2777 1445 2801 caruerat
1471 2773 1523 2800 sibi
1550 2775 1729 2806 compararet.

127 2836 150 2858 ’⁸
167 2840 196 2868 F.
212 2841 254 2867 ἴνα
271 2842 317 2876 μή.
356 2842 366 2858 ¹
382 2841 412 2869 F.
426 2843 454 2869 ὲν
472 2841 589 2873 καθέξει.
627 2841 710 2871 'Cor.
727 2843 768 2874 ὅς.
806 2842 818 2859 ⁸
832 2843 888 2871 Gal:

941 2848 979 2877 In,
998 2845 1040 2872 15.
