1952 3045
218 166 270 196 ’μη

916 163 945 192 S.
965 161 1133 190 EPll’llANll

1794 160 1855 189 708

217 224 303 258 Cujus
321 227 410 250 autem
435 223 462 250 in
487 223 595 258 peculio
611 229 732 254 eramus,
757 222 869 250 omnino
887 227 1008 257 egestate

1063 233 1109 260 ρας
1126 222 1310 258 ἀγοράζομεν,
1327 221 1386 249 οὐδὲ
1404 220 1485 257 τιμὴν
1505 220 1616 257 ήμερῶν
1637 220 1759 256 δίδομεν·
1778 221 1855 247 ἀλλὰ

217 277 269 297 nos
284 276 432 304 oppressus
448 269 539 304 aliqua
553 268 734 300 vendidisset;
749 267 828 302 quasi
842 275 856 293 a
870 268 1007 295 creditore

218 315 346 350 quopiam
362 319 485 342 coactus.
503 314 596 349 Longe
612 321 677 341 vero
694 321 754 341 sese
767 313 846 340 aliter
858 321 902 340 res
915 313 1005 341 habet.

219 360 276 387 Non
298 360 371 387 enim
391 360 497 387 emendi
514 359 596 387 verbo
620 366 686 386 usus
702 362 754 390 est,
772 358 819 385 sed
844 358 1006 385 redimendi.

219 406 270 433 Cui
288 406 378 433 simile
391 411 432 433 est
447 405 525 437 illud,
541 405 615 440 quod
630 405 701 432 idem
721 405 867 440 Apostolus
881 406 933 432 alio
949 406 1007 432 loco

219 452 303 478 dixit:
322 451 486 478 Redimenles
500 456 611 486 tempus,
626 451 751 486 quoniam
765 451 820 478 die:
835 451 900 478 mali
915 453 1006 479 sunt‘.

220 497 301 531 Atqui
319 505 408 532 neque
431 498 490 525 dies
515 501 645 524 emuntur
667 505 683 524 a
706 497 796 530 nobis,
815 505 864 525 nec
881 505 930 532 pro
955 498 1008 525 illis

220 543 337 578 pretium
353 543 437 570 ullum
452 543 642 577 persolvimus,
663 543 711 570 sed
731 543 764 569 ad
785 543 955 578 patientiam,
977 551 1009 571 ac

222 590 403 621 tolerantiam,
432 589 570 624 animique
597 590 777 616 constantiam
802 589 1006 624 exprimendam

220 642 280 662 eam
305 635 433 670 loquendi
461 635 594 662 rationem
617 634 750 662 adhibuit.
777 633 911 666 Quocirca
934 635 1007 662 redi-

220 680 311 707 mendi
329 679 439 706 verbum
455 683 540 706 totum
559 679 624 706 illud
642 679 762 714 suscepti
781 687 829 714 pro
852 680 938 706 salute
956 687 1008 707 no-

221 730 277 752 stra
303 726 437 760 corporis,
466 725 655 760 adventusque
687 725 824 760 negotium
854 725 1007 760 significat;

220 779 275 806 quo
294 771 402 806 quidem
428 772 482 806 pati
504 775 598 799 nostra
620 779 704 799 causa
723 771 851 806 dignatus
866 776 908 799 est
924 771 1006 804 Deus,

220 818 268 852 qui
286 819 341 853 pati
357 818 425 844 nihil
441 817 542 852 alioqui
563 821 679 852 poterat,
704 825 766 844 cum
781 817 809 844 in
823 818 918 845 eodem
934 822 1006 845 statu

1058 269 1088 296 τὸ
1103 269 1137 296 δι’
1160 268 1308 306 ὑπομονὴν,
1324 269 1370 294 καὶ
1384 268 1414 294 τὸ
1427 267 1586 303 μελλητικόν
1604 276 1634 293 τε
1650 266 1851 302 μακροθυμίας

1059 315 1208 351 σημαίνων,
1218 314 1297 340 τοῦτο
1305 313 1367 348 ἔφη.
1377 314 1457 340 Ὥστε
1476 313 1516 345 τὸ,
1537 312 1711 347 ἑξηγόρασε,
1723 312 1772 347 τὴν
1782 312 1855 339 ὑπ),-

1058 360 1133 386 θεσιν
1160 360 1281 394 ἀπέφηνε
1296 359 1345 394 τῆς
1364 358 1433 394 ὑπὲρ
1452 356 1530 393 ἡμῶν
1550 357 1681 393 ἀναδοχῆς
1700 358 1728 383 ἐν
1750 357 1855 392 κόσμῳ

1058 406 1190 441 ὲνσάρκου
1201 405 1365 440 παρουσίας·
1377 401 1412 440 ἧς
1422 404 1565 438 ἀνεδέξατο
1578 404 1648 440 ὑπὲρ
1657 404 1734 439 ἡμῶν
1750 403 1855 430 παθεῖν

1058 453 1072 479 6
1095 451 1202 487 ἀπαθὴς
1224 451 1261 478 ὢν
1284 451 1360 482 Θεὸς,
1385 451 1472 486 μένων
1493 451 1520 478 ὲν
1540 452 1572 486 τῇ
1594 450 1646 486 ἰδίᾳ
1663 449 1783 485 ἀπαθείᾳ
1798 449 1854 484 τῆς

1059 498 1143 524 αὐτοῦ
1169 498 1307 533 θεότητος·
1329 497 1376 524 καὶ
1400 497 1467 523 αὐτὸ
1484 496 1498 523 ὃ
1520 496 1662 528 ἀνεδέξατο
1682 495 1751 530 ὑπὲρ
1767 495 1854 530 ἡμῶν

1060 543 1166 576 παθεῖν,
1183 543 1232 570 οὐκ
1246 542 1388 578 ἀγοράζων
1401 543 1474 578 ἡμᾶς
1486 542 1533 569 ἀπ’
1549 542 1706 577 ἀλλοτρίων,
1720 540 1789 567 ἀλλά
1799 541 1854 575 τὴν

1061 588 1188 615 ὑπόθεσιν
1211 589 1281 624 ὑπὲρ
1309 589 1388 624 ἡμῶν
1420 587 1467 614 τοῦ
1501 587 1618 623 σταυροῦ
1650 586 1856 621 ἀναδεξάμενος

1062 636 1230 670 προαιρέσει,
1249 636 1296 662 καὶ
1321 635 1351 661 οὺ
1366 635 1423 669 μετ’
1438 635 1569 669 ἀνάγκης.
1585 633 1666 660 ’Ὀθεν
1684 632 1854 667 ὲλήλεγκται

1062 681 1134 708 κατὰ
1144 681 1231 707 πάντα
1242 681 1288 707 τοῦ
1307 681 1469 717 Μαρκίωνος
1490 682 1504 707 ὁ
1521 681 1607 714 λόγος.
1622 679 1678 706 Καὶ
1690 678 1775 705 πολλά
1790 679 1855 704 ἐστι

1063 726 1097 753 τὰ
1122 727 1190 762 πρὸς
1207 727 1363 762 ἀνατροπὴν
1386 726 1433 761 τῆς
1450 725 1545 752 τούτου
1565 725 1687 760 μηχανῆς
1705 723 1751 750 καὶ
1763 731 1855 758 τραγ-

1061 773 1142 808 ῳδίας
1153 793 1160 805 ,
1174 772 1204 804 ἐξ
1221 772 1349 804 εὐσεϐοῦς
1361 771 1491 807 λογισμοῦ
1512 771 1558 798 καὶ
1577 770 1686 804 εὐλόγου
1699 768 1854 805 ὁρμώμενα

1061 817 1205 853 ἐμφάσεως
1217 819 1245 844 ἐν
1260 819 1293 853 τῇ
1307 818 1374 854 πρὸς
1389 817 1469 844 αὑτὸν
1488 817 1646 852 ἁντιῤῥήσει

220 866 385 898 divinitatis,
398 866 517 901 patiendi
535 866 671 897 videlicet,
688 865 868 894 nihilominus
879 865 1048 900 persisteret.
1061 866 1140 899 Quod
1154 873 1218 894 vero
1245 866 1351 901 perpeti
1365 865 1468 900 aliquid
1496 873 1546 900 pro
1572 865 1652 892 nobis
1675 863 1772 894 voluit,
1794 870 1853 889 non

225 913 252 940 id
264 912 371 940 emendi
386 912 471 939 nostri
485 912 572 947 gratia
586 912 722 946 praestitit,
736 912 816 947 quasi
832 912 921 939 alieno
947 913 1084 947 mancipio
1098 917 1268 945 teneremur;
1283 912 1330 939 Sed
1347 920 1401 939 uno
1427 913 1558 939 duntaxat
1590 910 1677 938 nostri
1707 908 1800 936 studio
1825 907 1856 935 el

221 966 314 986 amore
346 958 445 984 ductus
468 958 560 984 crucis
583 957 748 992 supplicium
775 964 830 984 non
856 958 1019 984 necessitate
1044 958 1109 989 ulla,
1135 958 1183 985 sed
1210 957 1348 984 voluntate
1376 957 1516 985 sustinuit.
1544 956 1584 983 Ex
1619 964 1672 992 quo
1699 955 1850 982 Marcionis

220 1009 278 1031 tota
303 1004 347 1031 illa
370 1004 439 1030 ratio
459 1003 580 1030 funditus
601 1003 792 1030 labefactatur.
816 1003 868 1030 Sed
892 1004 926 1030 ad
950 1004 1010 1039 ejus
1025 1005 1178 1032 machinam
1191 1012 1298 1032 omnem
1313 1012 1345 1032 ac
1374 1004 1535 1040 tragtediam
1558 1003 1744 1034 evertendam,
1764 1002 1854 1028 multa

222 1056 286 1078 sunt
298 1059 312 1078 a
327 1051 406 1078 nobis
419 1051 445 1077 in
462 1051 535 1077 illius
547 1050 739 1078 refutationem
752 1055 891 1086 congesta,
904 1051 1054 1087 eademque
1069 1053 1197 1088 religiosa
1206 1061 1239 1080 ex
1254 1057 1355 1085 mente,
1368 1053 1507 1087 animique
1518 1055 1592 1079 recta
1616 1052 1722 1078 ratione
1745 1050 1854 1085 prtediti

222 1099 420 1134 significatione
437 1097 568 1132 profecta.

258 1145 304 1172 IX.
324 1144 383 1171 .lam
403 1146 475 1172 enim
491 1145 524 1171 ad
541 1145 600 1178 ejus
618 1145 736 1179 scripta,
754 1145 797 1172 vel
816 1145 908 1180 potius
921 1145 1008 1172 scele-

1097 1143 1135 1170 8’.
1155 1143 1316 1179 Ἐλεύσομαι
1337 1143 1365 1169 δὲ
1382 1144 1421 1175 εἰς
1444 1143 1478 1170 τὰ
1503 1143 1548 1169 ὑπ’
1563 1143 1644 1170 αὐτοῦ
1659 1145 1853 1181 γεγραμμέναι

223 1197 282 1219 rate
297 1191 443 1218 commissa
455 1211 461 1223 ,
479 1199 521 1217 me
536 1191 658 1217 confero.
676 1190 743 1217 Nam
762 1192 812 1218 iste
825 1191 914 1218 solum
932 1191 1011 1217 Luca:

223 1238 398 1273 Evangelium
420 1236 610 1271 amplectitur,
622 1242 764 1271 amputato
779 1240 870 1273 tamen
881 1236 942 1272 ejus
959 1236 1012 1263 ini—

222 1284 271 1314 tio.
290 1272 361 1318 quod
379 1282 416 1309 ibi
432 1281 581 1309 Salvatoris
605 1281 633 1308 in
655 1285 732 1309 utero
750 1272 971 1317 generationem,
985 1285 1013 1309 et

221 1329 344 1363 ejusdem
359 1327 503 1354 adventum
517 1335 578 1353 cum
595 1334 710 1361 corpore
726 1328 871 1362 perspicue
891 1335 1012 1355 commc-

223 1379 319 1403 maret.
341 1374 395 1402 Nec
416 1374 523 1400 initium
549 1373 629 1400 modo
653 1373 870 1409 circumscripsit
898 1374 943 1401 ille
970 1374 1013 1401 sui

223 1422 315 1456 potius
329 1428 409 1455 quam
432 1419 568 1454 Evangelii
587 1423 745 1454 corruptor;
763 1419 811 1447 sed
836 1423 863 1446 et
884 1427 918 1446 ex
935 1419 1013 1446 initio

224 1467 325 1503 pariter
339 1474 371 1493 ac
388 1466 476 1493 medio
493 1466 637 1500 plerasque
651 1465 775 1493 veritatis
787 1467 936 1493 sententias
951 1474 1014 1493 sus-

223 1513 302 1545 tulit,
337 1512 459 1547 aliasque
484 1519 533 1546 pro
561 1512 614 1539 illis
641 1511 794 1539 substituit.
829 1511 905 1539 llane
932 1520 1013 1538 unam

223 1567 306 1595 porro
323 1558 459 1592 Evangelii
484 1557 617 1590 fortnam,
641 1558 714 1592 quod
743 1566 758 1584 a
786 1557 859 1585 Luca
881 1558 1013 1592 scriptum

224 1605 352 1631 admittit.
371 1603 507 1638 Epistolas
522 1607 652 1638 pra-terea
667 1603 744 1630 Pauli
768 1604 883 1638 apostoli
902 1604 994 1631 decem
1006 1623 1013 1636 ,

223 1650 323 1686 quibus
343 1649 410 1677 solis
438 1649 532 1681 utitur,
558 1658 609 1677 nec
634 1650 668 1677 iis
688 1650 797 1684 quidem
819 1651 949 1686 integris.
968 1650 1014 1677 sed

223 1695 323 1730 aliarex
339 1694 393 1721 illis
415 1693 505 1728 capita
521 1694 656 1726 detrahit,
674 1695 726 1721 alia
741 1699 902 1721 commutat.
926 1696 1016 1730 Atque

224 1729 286 1769 hos.
303 1740 372 1767 duos
397 1740 480 1767 libros
508 1739 639 1767 duntaxat
659 1748 708 1775 pro
735 1740 880 1767 canonicis
905 1740 985 1767 habet
1007 1750 1013 1767 :

223 1791 321 1824 praeter
337 1794 405 1822 quos
418 1786 470 1813 alia
488 1786 599 1820 insuper
612 1793 627 1812 a
642 1793 671 1813 se
699 1786 858 1813 elucubrata
874 1786 1014 1812 volumina

224 1833 327 1861 erroris
343 1832 424 1868 310
441 1831 483 1858 sui
501 1832 633 1859 studiosis
654 1832 781 1859 obtrusit.
798 1831 925 1866 Epistulie
938 1839 1012 1864 vero,

224 1887 285 1914 quze
294 1879 328 1906 ab
336 1878 381 1905 illo
391 1878 551 1913 probantur,
559 1877 672 1905 hsesunt
682 1888 688 1904 :
699 1877 783 1912 prima
793 1882 835 1904 est
846 1877 879 1904 ad
888 1877 1013 1910 Galatas;

226 1933 245 1952 ιι
261 1924 295 1951 ad
312 1924 470 1952 Corinthios
486 1923 591 1958 prima;
612 1931 641 1950 ιιι
653 1923 685 1950 ad
705 1923 862 1950 Corinthios
878 1923 1013 1956 secunda;

227 1980 253 1999 Iv
266 1971 299 1998 ad
308 1969 446 1997 Romanos
455 1979 462 2003 ;
471 1978 487 1996 v
500 1969 536 1996 ad
548 1969 809 1997 Thessalonicenses
822 1969 906 2003 prima
918 1977 924 2002 ;
941 1977 967 1995 vl
980 1968 1014 1995 ad

225 2006 640 2047 Thcssalonicences'secunda;
657 2023 694 2042 vn
710 2014 741 2042 ad
758 2015 907 2050 Ephesios;
920 2023 967 2042 vui
980 2015 1014 2042 ad

226 2063 417 2096 Colossenses;
443 2070 470 2089 Ix
490 2061 523 2088 ad
537 2061 738 2094 Philemonem;
765 2069 780 2087 x
796 2061 830 2088 ad
855 2060 1014 2096 Philippen-

227 2117 281 2137 ses.
300 2108 387 2135 Habet
407 2112 434 2135 et
458 2108 491 2135 ad
514 2106 695 2135 Laodicenscs
716 2107 845 2142 Epistolze
865 2107 1014 2142 particulas

227 2154 340 2188 aliquot.
366 2152 425 2185 Qua
447 2160 480 2180 ex
507 2152 583 2187 ipsa,
612 2159 693 2186 quam
723 2152 841 2184 retinet,
858 2151 1013 2187 Evangelii,

227 2197 464 2233 Epistolarumque
487 2196 592 2229 forma,
615 2197 726 2231 planum
750 2197 823 2225 hunc
836 2201 864 2225 ct
884 2198 1014 2233 impastu-

227 2255 284 2274 rem
310 2254 372 2274 esse
391 2247 580 2273 demonstrare
598 2245 653 2272 Deo
672 2245 822 2280 opitulante
847 2253 1012 2280 possumus,

227 2293 440 2328 plcnissimcque
455 2291 588 2319 refellere.
611 2291 717 2318 Etenim
733 2299 766 2318 ex
786 2291 820 2318 iis
836 2291 903 2326 ipsis
918 2292 1013 2324 libris,

226 2347 296 2374 quos
321 2345 464 2373 germanos
488 2345 549 2364 esse
576 2337 731 2368 confitetur,
752 2337 948 2370 proculdubio
971 2346 1014 2365 rc-

227 2385 384 2418 darguetur.
409 2383 446 2409 Es
469 2382 503 2409 iis
520 2383 630 2417 inquam
645 2390 713 2416 quas
725 2382 854 2409 adsciscit
876 2390 907 2409 ac
924 2387 1014 2411 servat

227 2429 378 2464 Evangelii,
396 2428 634 2464 Epistolaruinqne
648 2428 782 2462 reliquiis,
797 2429 868 2463 apud
882 2436 930 2456 eos
952 2429 1014 2464 qui—

1064 1188 1162 1224 μᾶλλον
1178 1189 1205 1215 δὲ
1220 1189 1480 1226 ἐρρᾳδιουργημένα.
1497 1187 1580 1221 Οὗτος
1594 1191 1648 1226 γὰρ
1660 1191 1716 1226 ἔχει
1729 1192 1841 1226 Εὐαγγὲ

1063 1235 1118 1261 λιον
1134 1235 1213 1270 μόνον
1227 1235 1257 1262 τὸ
1271 1236 1341 1262 κατὰ
1357 1237 1475 1268 Λουκᾶν,
1490 1237 1725 1272 περικεκομμένον
1737 1237 1791 1264 ἀπὸ
1804 1238 1853 1273 τῆς

1063 1281 1150 1316 ἀρχῆς
1163 1281 1207 1307 διὰ
1222 1282 1271 1316 τὴν
1287 1281 1334 1307 τοῦ
1351 1282 1474 1318 Σωτῆρος
1491 1281 1620 1316 σύλληψιν
1638 1283 1683 1308 καὶ
1694 1283 1743 1318 τὴν
1756 1283 1841 1319 ἔνσαρ

1064 1335 1110 1352 κον
1120 1327 1201 1369 αὑτοῦ
1213 1328 1376 1362 παρουσίαν.
1394 1329 1430 1354 υὺ
1450 1329 1529 1363 μόνον
1543 1329 1570 1355 δὲ
1583 1329 1630 1365 τὴν
1648 1330 1733 1366 ἀρχὴν
1748 1331 1846 1357 ἀπέτε-

1065 1382 1115 1408 μεν
1130 1374 1144 1398 ὁ
1155 1373 1345 1409 λυμηνάμενος
1359 1374 1453 1400 ἑαυτὸν
1467 1375 1537 1410 ἥπερ
1551 1374 1580 1400 τὸ
1592 1375 1754 1410 Εὑαγγέλιον
1765 1385 1771 1391 '
1784 1377 1852 1403 ἀλλὰ

1064 1420 1110 1446 καὶ
1127 1420 1172 1446 τοῦ
1187 1420 1280 1451 τέλους
1295 1420 1407 1446 καὶτῶν
1423 1422 1513 1456 μέσων
1536 1421 1621 1448 πολλὰ
1637 1423 1783 1458 περιέκοψε
1797 1424 1855 1451 τῶν

1063 1466 1113 1500 τῆς
1130 1465 1256 1500 ἀληθείας
1273 1466 1375 1500 λόγων·
1389 1467 1455 1494 ἄλλα
1476 1467 1504 1494 δὲ
1529 1467 1605 1503 παρὰ
1625 1468 1660 1495 τὰ
1673 1471 1854 1505 γεγραμμένα

1065 1511 1250 1547 προστέθεικε.
1265 1512 1346 1546 Μὸνῳ
1359 1513 1386 1538 δὲ
1399 1513 1530 1548 κέχρηται
1544 1513 1630 1548 τούτῳ
1645 1514 1684 1549 τῷ
1698 1517 1853 1551 χαρακτῆρι

1065 1558 1103 1592 τῷ
1120 1557 1188 1584 κατὰ
1206 1559 1311 1585 Λουκᾶν
1327 1559 1612 1595 Εὑαγγελίῳ.Ἔχειδὲ
1625 1561 1673 1588 καὶ
1695 1562 1854 1594 Ἐπιπολὰς

1066 1603 1130 1639 παρ’
1147 1604 1220 1639 αὐτῷ
1244 1604 1291 1630 τοῦ
1314 1605 1391 1638 ἁγίου
1414 1605 1575 1632 Ἀποστόλου
1600 1606 1675 1639 δέκα,
1688 1604 1733 1638 αἷς
1758 1607 1853 1641 μόναις

1066 1650 1208 1684 κέχρηται,
1222 1651 1252 1676 οὐ
1273 1652 1338 1677 πᾶσι
1358 1651 1387 1677 δὲ
1409 1653 1463 1683 τοῖς
1484 1652 1512 1678 ἐν
1533 1652 1627 1685 αὐταῖς
1640 1654 1852 1688 γεγραμμένοις,

1066 1694 1134 1721 ἀλλά
1147 1703 1207 1722 τινα
1221 1696 1309 1722 αὐτῶν
1324 1696 1503 1732 περιτέμνων,
1523 1698 1583 1724 τινὰ
1597 1699 1625 1725 δὲ
1640 1698 1787 1730 ἀλλοιώσας
1808 1708 1852 1725 κε-

1067 1740 1176 1774 φάλαια.
1189 1742 1308 1773 Ταύταις
1322 1742 1350 1768 δὲ
1362 1744 1422 1774 ταῖς
1435 1743 1495 1769 δυσὶ
1507 1743 1607 1778 βίϐλοις
1622 1744 1853 1780 κέχρηται.”Αλλα

1066 1785 1094 1812 δὲ
1115 1787 1290 1822 συντάγματα
1314 1788 1360 1823 ἀφ’
1373 1789 1468 1815 ἑαυτοῦ
1488 1790 1614 1822 συνέταξε
1635 1792 1691 1822 τοῖς
1709 1791 1755 1817 ἀπ’
1771 1791 1852 1817 αὑτοῦ

1067 1832 1261 1867 πλανωμένοις.
1274 1834 1307 1860 Αἱ
1320 1834 1348 1860 δὲ
1366 1835 1520 1862 Ἐπιστολαὶ
1535 1837 1562 1862 αἱ
1579 1837 1643 1872 παρ’
1658 1837 1732 1872 αὐτῷ
1745 1837 1852 1872 λεγόμε-

1066 1877 1110 1904 ναι
1140 1879 1211 1905 εἰσι·
1238 1879 1333 1916 πρώτη
1357 1880 1406 1916 μὲν
1431 1882 1499 1916 πρὸς
1532 1882 1665 1914 Γαλάτας,
1689 1883 1801 1918 δευτέρα
1825 1884 1852 1910 δὲ

1067 1923 1134 1958 πρὸς
1156 1924 1324 1960 Κορινθίους,
1360 1926 1437 1962 τρίτη
1460 1927 1525 1962 πρὸς
1553 1928 1711 1963 Κορινθίους
1726 1929 1847 1964 δευτέρα,

1067 1969 1181 2005 τετάρτη
1212 1970 1279 2006 πρὸς
1308 1971 1459 2006 Ῥωμαίους
1474 1991 1481 2003 ,
1510 1972 1622 2008 πέμπτη
1651 1974 1719 2008 πρὸς
1749 1974 1850 2001 Θεσσαη

1061 2013 1191 2048 λονικεῖς,
1220 2016 1285 2053 ἕκτη
1299 2037 1306 2050 ,
1329 2019 1397 2054 πρὸς
1419 2019 1627 2050 Θεσσαλονικεῖς
1643 2019 1765 2055 δευτέρα,
1780 2020 1850 2047 ἑϐδό-

1068 2063 1180 2099 μηπρὺς
1205 2064 1364 2098 Ἐφεσίους,
1403 2066 1483 2100 ὀγδόη
1517 2066 1584 2102 πρὸς
1615 2067 1784 2100 Κολωσσεῖς,
1809 2069 1849 2097 ὲν-

1066 2111 1132 2146 νάτη
1155 2110 1222 2146 πρὸς
1247 2111 1394 2146 Φιλήμονα,
1420 2111 1520 2147 δεκάτη
1549 2111 1617 2147 πρὸς
1643 2112 1846 2149 Φιλιππησίονς.

1068 2156 1144 2192 Ἔχει
1160 2156 1188 2182 δὲ
1211 2157 1258 2183 καὶ
1274 2157 1324 2191 τῆς
1339 2157 1406 2192 πρὸς
1427 2158 1586 2190 Λαοδικείας
1605 2159 1754 2195 λεγομένης
1770 2160 1848 2196 μέρη.

1072 2203 1117 2235 Ἐξ
1137 2199 1222 2238 οὗπερ
1237 2203 1409 2238 χαρακτῆρος
1432 2203 1478 2230 τοῦ
1504 2204 1568 2238 παρ’
1583 2204 1664 2230 αὑτοῦ
1687 2204 1848 2240 σωζομένου,

1065 2248 1111 2275 τοῦ
1125 2257 1154 2274 τε
1170 2248 1344 2282 Εὑαγγελίου,
1360 2248 1407 2274 καὶ
1423 2248 1477 2274 τῶν
1491 2248 1655 2275 Ἐπιστολῶν
1665 2250 1711 2276 τοῦ
1725 2251 1850 2277 Ἀποστόε

1065 2294 1122 2326 λου,
1141 2294 1225 2325 δείξαι
1238 2293 1317 2319 αὑτὸν
1337 2294 1365 2319 ὲν
1387 2293 1445 2328 Θεῷ
1469 2293 1566 2328 ἔχομεν
1585 2294 1730 2320 ἀπατεῶνα
1744 2295 1791 2321 καὶ
1807 2303 1848 2321 πε-

1066 2339 1245 2374 πλανημένον,
1261 2340 1308 2365 καὶ
1326 2339 1464 2374 ἀκρότατα
1484 2339 1627 2374 διελέγξαι.
1637 2339 1680 2373 Ἐξ
1693 2341 1781 2367 αὐτῶν
1797 2342 1847 2376 γὰρ

1065 2386 1255 2421 ἀναμφιϐόλως
1269 2385 1323 2412 τῶν
1334 2386 1399 2420 παρ’
1411 2385 1492 2412 αὐτοῦ
1503 2386 1725 2422 ὁμολογουμένων
1739 2387 1848 2422 ἀνατρα-

1066 2432 1249 2469 πήσεται.¹Εκ
1269 2432 1322 2468 γὰρ
1345 2432 1398 2458 τῶν
1423 2432 1512 2459 αὐτῶν
1530 2432 1569 2459 ἔτι
1587 2433 1650 2468 παρ’
1664 2432 1747 2459 αὑτοῦ
1762 2432 1847 2467 λειψά-

227 2475 305 2505 dem,
327 2474 373 2508 qui
392 2473 531 2508 sapientiae
545 2473 684 2507 paululum
710 2473 846 2506 habeant,
871 2474 1011 2502 manifeste

1066 2487 1129 2511 νων,
1143 2478 1189 2505 τοῦ
1204 2488 1234 2505 τε
1246 2478 1412 2513 Εὑαγγελίου
1424 2479 1470 2505 καὶ
1484 2478 1537 2504 τῶν
1551 2478 1718 2505 Ἐπιστολῶν
1731 2479 1846 2514 εὑρισκο-

227 2519 425 2554 probabimus,
457 2525 628 2553 nequaquam
658 2525 674 2544 a
707 2518 804 2545 Vetere
840 2517 1015 2546 Testamento

227 2566 383 2596 Christum,
400 2568 446 2590 aut
462 2564 494 2590 ab
507 2571 540 2591 eo
557 2571 619 2590 cum
637 2571 718 2591 carne
734 2565 859 2591 veniente
871 2564 1016 2598 prophetas

227 2612 386 2638 abhorrere.
397 2608 467 2641 Quin
476 2609 557 2635 etiam
568 2609 794 2636 resurrectionem
817 2616 962 2643 corporum
981 2609 1016 2636 ab

227 2655 356 2691 Apostolo
372 2654 514 2689 [medicari
525 2674 532 2686 ,
548 2658 575 2681 et
589 2655 616 2681 in
639 2662 734 2682 eorum
751 2654 798 2689 qui
814 2654 929 2681 salutem
947 2662 1015 2681 con-

227 2704 379 2736 sequuntur
403 2708 547 2727 numerum
579 2700 764 2727 Abrahamum
794 2700 828 2727 ab
859 2701 953 2727 eodem
986 2705 1013 2727 et

226 2748 348 2775 lsaacum
363 2746 549 2781 Jacobumque
563 2747 678 2780 referri;
701 2754 752 2774 nec
768 2754 822 2774 non
840 2747 944 2781 reliqua
963 2746 1011 2774 de-

227 2792 452 2820 monstrabunlur
482 2792 584 2826 omnia,
611 2800 671 2828 quae
692 2795 786 2820 sancta
815 2791 861 2820 Dei
890 2791 1010 2820 Ecclesia

267 2870 274 2885 '
292 2869 394 2903 Ephes.
410 2876 436 2902 v,
453 2869 498 2896 16.

1066 2523 1163 2558 μένων,
1180 2523 1349 2559 δειχθήσεται
1365 2525 1380 2550 ὁ
1395 2524 1510 2559 Χριστὸς
1524 2525 1580 2555 τοῖς
1592 2525 1712 2555 συνετοῖς
1728 2524 1764 2560 μὴ
1779 2525 1846 2551 ἀλλύ-

1064 2576 1139 2602 τριος
1158 2566 1228 2595 εἶναι
1251 2568 1373 2600 Παλαιᾶς
1386 2569 1533 2604 Διαθήκης,
1549 2569 1595 2595 καὶ
1612 2570 1636 2595 οἱ
1652 2570 1789 2604 προφῆται
1804 2568 1845 2596 οὖν

1064 2612 1113 2638 οὐκ
1124 2611 1256 2646 ἀλλότριοι
1272 2612 1348 2643 ὄντες
1363 2613 1412 2647 τῆς
1426 2613 1472 2639 τοῦ
1488 2613 1587 2649 Κυρίου
1601 2613 1740 2648 ἐνδημίας,
1752 2614 1798 2639 καὶ
1808 2615 1845 2640 ὁτι

1064 2656 1210 2683 ἀνάστασιν
1220 2657 1320 2692 σαρκὸς
1330 2658 1344 2683 ὁ
1353 2657 1512 2689 ’Λπόστολος
1524 2657 1663 2692 κηρύττει,
1673 2658 1719 2684 καὶ
1731 2658 1844 2689 δικαίους

1064 2702 1128 2733 τοὺς
1142 2703 1284 2737 προφήτας
1293 2702 1429 2737 ὀνομάζει,
1446 2703 1491 2730 καὶ
1504 2704 1531 2729 ἐν
1547 2702 1710 2738 σωζομένοις
1721 2704 1844 2739 ὑπάρχον-

1064 2757 1114 2780 τας
1132 2749 1193 2780 τοὺς
1211 2749 1273 2783 περὶ
1287 2748 1422 2783 Ἀϐραὰμ,
1436 2750 1483 2776 καὶ
1499 2749 1601 2781 Ἰσαὰκ,
1620 2749 1667 2776 καὶ
1683 2749 1789 2782 Ἰακὼβ,
1801 2749 1844 2776 καὶ

1065 2793 1153 2820 πάντα
1168 2795 1218 2820 ὅσα
1232 2794 1289 2821 ἐστὶ
1305 2793 1353 2828 τῆς
1372 2793 1452 2827 ἁγίας
1470 2794 1515 2821 τοῦ
1535 2794 1603 2821 Θεοῦ
1620 2794 1783 2830 Ἐκκλησίας
1796 2794 1842 2830 (τε)
