1952 3045
63 167 118 194 'i'l'l

66 272 143 300 ἰδεῖν
155 273 229 307 μίαν
246 271 305 299 τῶν
321 271 440 307 ἡμερῶν
455 272 508 299 τοῦ
531 271 600 298 Υίοῦ
615 271 667 298 τοῦ
690 271 858 306 ἀνθρώπου.

102 322 135 346 ν’.
151 317 221 345 Εῐπέ
247 327 290 350 τις
316 318 385 354 πρὸς
410 318 504 345 αὐτόν·
527 318 693 345 Διδάσκαλε
715 317 816 353 ἀγαθὲ.
833 318 862 344 τί

67 364 200 398 ποιήσας
216 364 293 399 (win-
308 364 429 391 αἰώνιον
446 365 683 400 κληρονομήσω;
697 365 744 399 Μή
755 373 793 399 με
811 363 861 391 λέ-

67 419 135 444 γετε
149 409 270 445 ἀγαθόν.
288 407 341 443 Εἷς
354 410 440 436 ἐστιν
455 411 574 444 ἀγαθός.
590 410 748 445 Προσὲθηχε
763 410 804 441 τὸ,
820 410 861 436 ὅτι

68 457 85 482 ό
100 455 210 490 Πατήρ.
227 455 281 482 Καὶ
298 455 358 482 ἀντὶ
377 455 436 488 τοῦ,
455 456 510 489 Τὰς
526 455 651 489 ἐντολὰς
669 454 762 488 οἶδας,
777 455 860 490 λέγει,

70 503 128 533 Τὰς
140 501 266 534 ἐντολὰς
278 499 353 528 οἶδα.

105 551 154 574 να¹.
174 548 310 582 Ἐγένετο
322 546 356 573 δὲ
364 547 407 582 εέν
425 546 465 580 τῷ
480 545 604 582 ἐγγίζειν
618 546 655 582 τῇ
673 546 794 582 ’1εριχὼ,
814 555 862 573 tv-

68 593 148 627 φλὸς
171 593 259 620 Mdu“
281 593 384 628 Ἰησοῦ
400 592 446 620 υιὲ
469 593 566 626 Δαόὶδ,
588 594 718 627 ἐλέησόν
736 601 783 628 με.
807 593 861 620 Kal

69 639 120 666 ὅτε
136 638 212 674 ἰάθη,
229 639 325 674 φησιν
335 647 342 654 ·
366 639 398 668 Ἡ
410 639 512 673 πίστις
526 647 585 666 σου
601 639 719 667 σέσωκέ
732 647 778 666 σε.

105 728 156 763 νβ’.
171 727 314 764 Παρέκοψε
331 727 376 754 τό·
389 727 574 762 Παραλαϐὼν
588 727 660 761 τοὺς
673 727 787 756 δώδεκα
801 728 862 755 ἕλε-

68 780 134 810 τέν·
157 774 235 801 Ἰδοὺ
252 774 453 809 ἀναϐαίνομεν
471 775 514 807 εὶς
532 775 732 809 Ἱεροσόλυμα,
749 774 798 801 καὶ
814 783 860 801 τε·

68 821 253 854 λεσθήσεται
271 820 371 848 πάντα
388 820 425 847 τὰ
448 821 636 856 γεγραμμένα
657 821 692 847 ἐν
711 820 773 853 τοῖς
790 829 861 854 προ-

69 867 179 902 φήταις
195 866 260 900 περὶ
278 867 332 894 τοῦ
350 866 418 894 Υἰοῦ
432 867 487 894 τοῦ
504 866 661 900 ἀνθρώπου
672 875 678 882 ·
695 866 863 901 παραδοθήο

384 162 567 192 ADVERSUS
584 162 757 191 HERESES
775 162 840 191 LIB.
862 163 883 190 1.
904 162 987 191 ΤΟΜ.
1007 162 1052 190 Ill.
1072 179 1107 186 —
1126 162 1263 190 IIASRES.
1284 163 1363 190 XLII.

103 227 158 262 μθ¹.
186 227 378 253 Ἐλεύσονται
404 225 528 260 ἡμέραι,
557 225 629 252 ὅταν
655 225 860 260 ἐπιθιψήσητε

946 224 990 252 49.
1018 224 1124 251 Venient
1153 225 1228 255 dies,

1647 164 1702 193 ’118

1267 224 1372 256 quando
1403 223 1585 252 desiderabitis
1614 226 1701 254 uidere

912 279 994 297 unum
1014 279 1046 298 ex
1065 270 1157 297 diebus
1180 270 1245 296 Filii
1264 270 1379 297 hominis
1399 270 1419 296 '.

949 317 992 344 50.
1010 316 1084 343 Dixit
1102 317 1125 343 ei
1141 316 1248 351 quidam
1266 324 1274 343 :
1292 315 1422 350 Magister
1436 316 1510 349 bone,
1523 316 1586 352 quid
1599 316 1701 352 faciens

912 363 992 389 vitam
1007 369 1133 390 (uernam
1147 362 1306 397 possidebo?
1323 361 1412 388 Nolite
1429 371 1469 389 me
1485 362 1570 389 dicere
1591 363 1698 389 bonum.

915 406 988 434 Unus
1006 413 1045 434 est
1063 407 1145 434 bonus
1162 408 1184 434 ³.
1201 407 1308 442 Adjecit
1326 415 1406 438 vero.
1425 407 1516 434 Pater.
1532 407 1583 434 Sed
1608 411 1635 434 et
1650 415 1700 441 pro

912 462 944 482 co
964 454 1035 489 quod
1051 459 1093 482 est.
1107 463 1114 481 :
1129 453 1261 481 Mandata
1277 454 1348 480 nosti
1360 454 1386 487 ⁸;
1407 454 1518 489 scripsit
1545 454 1600 485 ille,
1619 453 1700 480 Man-

912 501 978 528 data
995 502 1064 528 novi.

947 547 993 575 51.
1011 545 1124 573 Factum
1149 550 1235 572 autem
1257 550 1296 572 est
1311 553 1370 572 cum
1386 546 1608 580 appropinquaret
1630 545 1702 572 leri—

912 592 978 626 cho,
1002 601 1088 620 ctzcus
1115 591 1275 619 clamabat:
1294 591 1359 619 Jesu
1380 592 1422 626 [ili
1446 591 1548 624 David,
1578 592 1701 618 miserere

913 640 974 666 mei.
991 639 1026 666 Et
1040 647 1102 666 cum
1115 643 1224 666 curatus
1243 643 1310 666 esset
1326 639 1365 665 ait
1379 647 1389 668 :
1402 637 1483 665 Fides
1502 643 1547 665 tua
1560 643 1584 665 te
1598 638 1701 665 salvum

912 686 974 721 fecit
991 686 1012 712 ⁵.

948 731 993 758 52.
1007 730 1140 757 Mutilavit
1154 730 1207 757 ista
1222 737 1228 754 :
1241 729 1390 763 Assumptis
1402 728 1540 755 duodecim
1556 728 1594 755 ait
1608 736 1617 756 :
1635 727 1704 755 Ecce

914 776 1078 804 ascendimus
1093 775 1318 811 Hierosolymam,
1333 779 1358 802 et
1374 774 1627 802 consumnlabuntur
1644 782 1702 801 ont-

913 824 959 850 nia
979 831 1037 858 qua
1059 823 1159 857 scripta
1177 826 1238 849 sunt
1253 829 1298 856 per
1319 821 1457 856 prophetas
1478 821 1510 847 de
1535 820 1606 848 Filio
1618 821 1705 848 homi-

912 869 954 895 nis
974 868 1134 900 :tradetur,
1158 868 1306 901 occidetur,
1329 872 1354 895 et
1377 868 1456 894 tertia
1479 867 1522 894 die
1544 871 1658 902 resurget
1680 867 1702 895 '.

69 899 171 945 eam,
184 899 453 945 ἀποκτανθήσεται,
468 911 516 938 καὶ
533 899 571 946 τῆ
589 911 670 946 τρίτῃ
686 899 780 946 ἡμέρᾳ
791 911 861 939 ἁνα-

930 913 977 942 Ιωο
993 914 1085 942 omnia
1101 914 1220 942 Sustulit.

68 957 226 991 στήσεται.
245 957 315 985 "Olet
331 958 417 985 ταῦτα
435 957 583 993 παρέκυψε.

107 1007 156 1038 νγ’.
175 1003 318 1039 Παρέκοψε
341 1004 372 1030 τὸ
396 1003 542 1038 κεφάλαιον
566 1004 615 1038 τῆς
629 1003 702 1036 ὄνου,
727 1004 774 1030 καὶ
791 1003 861 1039 Βηθ-

70 1048 156 1084 φαγὴ,
178 1049 225 1075 καὶ
246 1049 278 1076 τὸ
299 1049 362 1084 περὶ
376 1050 426 1085 τῆς
446 1049 559 1081 πόλεως,
575 1048 622 1075 καὶ
637 1048 685 1075 τοῦ
702 1048 785 1084 ἱεροῦ·
801 1049 862 1076 Ὅτι

69 1095 276 1130 γεγραμμένον
290 1093 332 1130 ἦν
341 1104 348 1111 ο
368 1095 395 1121 '0
411 1095 494 1128 οἶκός
506 1104 564 1130 μου
578 1092 663 1128 οἶκος
676 1095 860 1130 προσευχῆς·

70 1141 121 1167 καὶ
139 1140 249 1167 ποιεῖτε
263 1141 357 1168 αὐτὸν
370 1140 523 1174 σπήλαιον
537 1139 671 1175 λῃστῶν.

107 1186 154 1213 νδ¹.
170 1186 225 1213 Kal
239 1186 388 1220 ἐζῆτησαν
402 1186 556 1214 ἐπιϐαλεῖν
570 1186 616 1212 ἐπ’
630 1185 725 1213 αὐτὸν
739 1187 794 1220 τὰς
808 1186 864 1222 χεῖ-

67 1241 136 1267 ρας,
154 1232 202 1258 καὶ
211 1233 421 1273 ⁵ἐφοϐήθησαν.

107 1282 154 1305 va’.
171 1279 254 1306 Πάλιν
273 1279 397 1314 ἀπέκοψε
412 1279 460 1315 τὴν
483 1280 529 1307 τοῦ
551 1281 712 1316 ἀμπελῶνος
733 1281 742 1297 ¹
756 1281 804 1308 τοῦ
819 1283 864 1308 ὲκ-

71 1325 213 1360 δεδομὲνου
223 1327 365 1361 γεωργοῖς.
385 1327 440 1353 Καὶ
452 1327 482 1352 τὸ
491 1346 499 1358 ,
516 1327 546 1354 Τί
562 1326 619 1354 οὖν
633 1327 698 1354 ἐστι
711 1328 745 1354 τό
754 1336 761 1343 ·
774 1328 864 1355 Λίθον

71 1371 110 1398 ὃν
125 1372 355 1407 ἀπεδοκίμασαν
368 1374 395 1399 οἱ
408 1372 653 1407 οὶκοδομοῦντες;

109 1421 162 1450 vg’.
185 1419 318 1453 Ἀπέκοψε
335 1419 380 1445 τό·
398 1419 458 1445 Ὅτι
476 1419 510 1445 δὲ
532 1419 695 1454 ἐγείρονται
710 1422 737 1447 οἱ
752 1420 862 1454 νεκροὶ,

72 1463 355 1499 Μωῦσῆςιέμήνυσε
376 1465 442 1499 περὶ
459 1464 515 1499 τῆς
528 1465 636 1497 βάτου,
652 1466 749 1499 καθὼς
765 1465 863 1500 λέγει’

75 1509 186 1543 Κύριον
201 1511 252 1537 τὸν
266 1511 340 1537 Θεὸν
353 1511 492 1545 Ἀϐραὰμ,
508 1510 557 1537 καὶ
574 1510 678 1538 Ἰσαὰκ
691 1511 739 1538 καὶ
755 1511 861 1538 Ἰακώϐ.

74 1557 148 1589 Θεὸς
163 1556 196 1584 δέ
211 1557 277 1584 ἐστι
291 1557 415 1589 ζώντων,
429 1557 479 1584 καὶ
494 1557 562 1591 οὐχὶ
579 1556 702 1591 νεκρῶν.

109 1601 158 1634 νζκ
175 1603 232 1629 Οὐκ
253 1600 311 1637 εἶχε
335 1602 438 1628 ταῦτα·
454 1602 515 1629 Ὅτι
535 1601 570 1629 δὲ
589 1602 752 1638 ἐγείρονται
774 1603 801 1628 οἱ
817 1610 864 1629 νε-

73 1646 215 1680 κροὶνκαὶ
231 1647 362 1681 Μωῡσῆς
373 1647 517 1682 ἐμήνυσε,
530 1646 628 1683 λέγων
643 1649 716 1675 Θεὸν
731 1649 864 1683 Ἀϐραὰμ,

72 1691 123 1718 καὶ
141 1691 216 1718 Θεὸν
234 1693 346 1724 Ἰσαὰκ,
361 1693 411 1720 καὶ
427 1693 502 1720 Θεὸν
523 1692 634 1724 Ἰακὼϐ,
652 1694 726 1720 Θεὸν
739 1693 863 1723 ζώντων.

109 1739 161 1774 vn’.
179 1739 264 1766 Πάλιν
288 1738 427 1774 παρέκυψε
448 1739 494 1765 τό·
511 1738 581 1773 Θρὶξ
597 1739 632 1766 ὲκ
652 1737 707 1773 τῆς
729 1739 865 1774 κεφαλῆς

72 1783 159 1818 ὑμῶν
171 1785 207 1811 οὐ
216 1784 259 1818 μὴ
277 1785 435 1818 ἀπόληται.

110 1829 158 1856 v0’.
175 1830 259 1856 Πάλιν
275 1829 413 1865 παρέκυψε
432 1829 534 1856 ταῦτα’
551 1829 620 1856 Τότε
640 1831 666 1856 cl
683 1829 718 1856 ὲν
736 1829 774 1863 τῇ
793 1829 866 1857 Ἰου-

72 1873 144 1907 δαίᾳ
157 1873 351 1909 φευγέτωσαν
364 1875 408 1907 εἰς
425 1875 461 1901 τὰ
477 1874 545 1908 ὄρη,
562 1874 608 1900 καὶ
630 1874 664 1901 τὰ
683 1875 746 1909 ἑξῆς
757 1883 763 1890 ·
779 1875 822 1902 διὰ
835 1875 866 1901 τὸ

73 1919 280 1955 ἐπιφερόμενον·
292 1921 347 1953 ἕως
358 1920 501 1954 πληρωθῇ
513 1920 611 1947 πάντα
622 1921 658 1947 τὰ
669 1921 864 1956 γεγραμμένα.

110 1965 141 1998 ξ’.
159 1965 356 1999 Συνελάλησε
375 1966 437 1998 τοῖς
461 1965 648 2001 στρατηγοῖς.
669 1967 724 1992 Καὶ
744 1966 784 1998 τὸ,
799 1966 866 1999 Πῶς

73 2010 168 2037 αὑτὸν
182 2010 304 2045 παραδῷ
319 2011 430 2043 αὐτοῖς.

111 2055 161 2087 ξω.
177 2057 230 2083 Kal
244 2054 309 2083 εἷπε
321 2057 361 2089 τῷ
376 2057 476 2091 Πέτρῳ
489 2058 538 2084 καὶ
550 2057 614 2090 τοῖς
625 2057 754 2090 λοιποῖς·
770 2057 867 2085 Ἀπελ-

74 2102 180 2135 θόντες
194 2103 380 2137 ἑτοιμάσατε,
398 2103 448 2130 ἵνα
464 2103 604 2138 φάγωμεν
619 2103 651 2130 τὸ
664 2103 779 2137 πάσχα.

111 2147 159 2182 ξβ’.
175 2148 229 2175 Kal
243 2149 383 2181 ἀνέπεσε,
397 2149 447 2176 καὶ
460 2151 487 2176 οί
502 2149 614 2176 δώδεκα
626 2149 790 2176 ἀπόστολοι
804 2149 867 2176 σὺν

73 2192 164 2225 αὐτῷ’
182 2193 230 2220 καὶ
246 2192 342 2221 εἶπεν·
365 2195 521 2229 Ἐπιθυμίᾳ
537 2195 712 2230 ἐπεθύμησα
727 2195 815 2222 τοῦτο
832 2195 865 2222 τὸ

74 2239 180 2273 πάσχα
198 2240 304 2275 φαγεῖν
316 2242 380 2275 μεθ’
393 2240 486 2276 ὑμῶν,
503 2241 558 2275 πρὸ
575 2241 627 2267 τοῦ
639 2249 678 2275 με
694 2240 808 2268 παθεῖν.

111 2286 160 2321 ξγ’.
179 2287 320 2322 Παρέκοψε
334 2288 381 2314 τό⁶
395 2287 477 2323 Λέγω
493 2288 548 2322 γὰρ
570 2287 651 2322 ὑμῖν,
668 2289 709 2314 οὺ
723 2287 766 2322 μὴ
781 2287 864 2322 φάγω

74 2333 149 2359 αὐτὸ
166 2333 214 2359 ἀπ’
230 2333 305 2367 ἄρτι,
319 2333 374 2367 ἕως
390 2333 532 2368 πληρωθῇ
549 2334 584 2360 ὲν
597 2333 634 2368 τῇ
647 2334 793 2368 ,βασιλείᾳ
811 2333 864 2360 τοῦ

75 2379 162 2406 Θεοῦ.

111 2424 158 2458 ξδ’.
174 2425 316 2460 Παρέκαξιε
332 2425 372 2452 τό·
388 2426 456 2452 Ὅτε
472 2426 638 2453 ἀπέστειλα
658 2425 752 2460 ὑμᾶς,
765 2425 808 2460 μή
825 2434 866 2453 τι·

74 2478 128 2502 νος
142 2470 348 2504 ὑστερήσατε;
363 2472 410 2498 καὶ
424 2471 458 2498 τὰ
479 2471 558 2506 ὲξῆςσ
573 2471 617 2498 διὰ
632 2472 663 2498 τό
675 2480 682 2488 ·
704 2471 759 2498 Kal
778 2471 867 2498 τοῦτο

74 2516 108 2543 τὸ
133 2516 336 2551 γεγραμμένον
362 2516 409 2543 δεῖ
427 2516 618 2550 τελεσθῆναι,
644 2517 686 2548 τὸ,
712 2516 767 2544 Kal
790 2516 867 2551 μετὰ

73 2563 194 2597 ἀνόμων
207 2562 422 2597 σω·ελογι’σθη.

110 2608 156 2641 ξεν.
176 2608 368 2643 Ἀπεσπάσθη
389 2609 439 2635 ἀπ’
454 2608 554 2635 αὐτῶν
568 2607 641 2635 ὠσει
664 2608 752 2636 λίθου
769 2607 864 2642 βολὴ,

74 2654 125 2681 καὶ
142 2653 204 2687 θεὶς
217 2654 253 2680 τὰ
268 2654 381 2689 γόνατα
395 2656 600 2688 προσηύχετο.

111 2700 165 2734 Eg’.
181 2701 236 2728 Kal
250 2701 356 2737 ἥγνισε
370 2701 574 2736 καταφιλῆσαι
588 2701 690 2736 αὑτὸν,
705 2701 754 2728 καὶ
768 2699 864 2729 εἶπεν,

113 2823 121 2838 ί
135 2821 198 2849 For.
214 2822 248 2848 τὰ
259 2821 306 2849 τοῦ
321 2822 392 2858 ἀμπ.

78 2866 134 2889 xix,
149 2858 184 2885 29
199 2865 280 2893 εψικν
313 2858 331 2893 Α·
348 2858 414 2885 Luc.
429 2857 532 2888 xx..l9.

78 2901 144 2927 “ll,
155 2892 190 2919 ⁸4.
223 2891 252 2909 ’⁵⁸
263 2891 330 2920 ibid.
347 2893 375 2920 8.
415 2894 436 2910 "
451 2893 516 2922 ibid.
532 2893 574 2921 15.

591 2858 602 2873 ⁶
620 2857 686 2885 ibid.
700 2856 727 2884 9.

441 2822 452 2837 ’
463 2821 529 2849 Luc.
546 2830 613 2851 xv".
631 2822 677 2850 22.
694 2844 698 2848 ν
728 2822 738 2838 ³
752 2820 818 2849 Luc.
836 2829 914 2853 mu.
931 2821 974 2848 18.
1011 2821 1036 2847 1⁸
1051 2821 1117 2849 ibid.
1131 2821 1176 2849 20.
1222 2822 1233 2838 '
1249 2822 1314 2851 ibid.
1327 2823 1372 2850 35.

441 2857 532 2883 :x..l9.
591 2858 602 2873 '
620 2857 686 2883 ibid.
700 2856 727 2883 9.
789 2857 812 2872 '°
828 2857 893 2883 ibid.
912 2857 956 2883 37.
1005 2857 1025 2872 ¹¹
1043 2856 1108 2883 Luc.
1125 2865 1182 2883 χχι.
1195 2857 1248 2883 18]
1317 2859 1338 2874 ¹²
1358 2859 1372 2883 il

828 2865 893 2884 ιιηίι.
912 2865 929 2883 ι’)
936 2865 956 2882 Ι.

615 2894 637 2909 ¹⁶
652 2892 718 2921 ibid.
734 2892 777 2920 16.
816 2892 835 2908 ¹⁷
852 2892 917 2920 ibid.
933 2891 977 2919 55.

1439 967 1445 981 ί

949 1001 993 1028 53.
1009 1000 1147 1036 Expunxit
1162 1004 1189 1028 et
1209 1005 1290 1036 caput
1301 1001 1366 1028 illud
1383 1001 1416 1028 de
1431 1001 1518 1034 asino,
1535 1000 1703 1037 Bethpbage,

913 1051 941 1073 et
963 1047 1043 1080 urbe,
1059 1055 1091 1074 ac
1106 1047 1207 1082 templo
1220 1055 1227 1073 ε
1239 1044 1320 1082 316
1345 1046 1476 1080 Quoniam
1491 1046 1618 1082 scriptum
1640 1051 1678 1074 est
1693 1054 1704 1074 :

915 1091 1015 1119 Domus
1028 1101 1084 1119 mea
1097 1092 1191 1119 domus
1204 1092 1332 1119 orationis
1347 1092 1497 1125 vocabitur;
1511 1097 1536 1119 et
1548 1093 1636 1127 facitis
1646 1100 1705 1120 eam

915 1139 1065 1173 speluncam
1081 1139 1212 1165 latronum
1225 1139 1246 1165 ".

949 1185 994 1212 54.
1011 1183 1045 1210 Ει
1061 1184 1221 1219 ιμιιεδίεηιηι
1239 1184 1347 1218 injicere
1368 1192 1461 1210 manus
1481 1184 1508 1210 in
1529 1183 1616 1218 illum,
1630 1189 1656 1212 et
1672 1185 1707 1212 ti-

915 1235 1038 1257 muerunt
1052 1230 1073 1256 ⁸.

950 1277 995 1304 55.
1013 1276 1077 1304 Item
1103 1276 1179 1304 illum
1205 1276 1312 1304 induxit
1338 1276 1438 1308 locum.
1461 1284 1516 1311 quo
1536 1277 1570 1304 de
1587 1277 1643 1303 vite
1659 1277 1705 1303 illa

915 1322 1004 1357 agitur
1030 1322 1158 1357 agricolis
1182 1321 1282 1349 locata.
1304 1322 1394 1356 Atque
1417 1322 1468 1348 hoc
1483 1322 1594 1357 insuper
1611 1331 1618 1349 :
1635 1322 1706 1356 Quid

914 1373 952 1394 est
962 1368 1043 1403 igitur
1053 1375 1063 1394 .'
1073 1367 1199 1402 Lapidem
1210 1376 1285 1403 quem
1297 1367 1499 1402 reproboverunt
1507 1367 1670 1402 ludiﬁcantes
1678 1370 1688 1385 '
1695 1369 1708 1396 '.’

951 1415 996 1442 56.
1019 1414 1124 1442 Delevit
1147 1415 1211 1442 illud
1230 1423 1237 1441 :
1255 1414 1326 1447 Quia
1349 1423 1409 1441 vero
1434 1415 1532 1441 mortui
1553 1419 1705 1450 resurgunt,

915 1458 1021 1494 Moyses
1036 1459 1150 1486 ostendit
1169 1467 1242 1486 secus
1265 1459 1359 1486 rubum
1369 1479 1376 1491 ,
1392 1459 1460 1486 sicut
1474 1459 1549 1492 dicit,
1562 1459 1706 1487 Dominum

915 1505 999 1532 Deum
1014 1506 1161 1537 Abraham,
1178 1511 1202 1532 et
1219 1505 1307 1538 Isaac,
1324 1511 1348 1533 et
1363 1505 1457 1533 Iacob.
1474 1505 1545 1533 Deus
1565 1511 1653 1534 autem
1667 1511 1706 1535 est

915 1552 1041 1583 vivorum,
1058 1560 1109 1578 non
1125 1557 1287 1578 mortuorum
1303 1552 1335 1579 ¹⁹.

951 1598 995 1625 57.
1010 1598 1062 1626 Ista
1077 1605 1185 1633 quoque
1199 1599 1373 1633 praetermisit
1388 1607 1395 1625 :
1411 1599 1482 1632 Quia
1493 1608 1554 1627 vero
1570 1605 1707 1636 resurgant

916 1645 1023 1677 mortui,
1041 1650 1065 1672 et
1086 1644 1190 1680 Moyses
1208 1645 1331 1678 ostendit,
1347 1645 1435 1672 dicens
1455 1645 1538 1673 Deum
1560 1647 1707 1679 Abraham,

915 1695 940 1718 et
951 1690 1034 1717 Deum
1050 1690 1141 1724 Isaac,
1153 1695 1179 1718 et
1195 1690 1280 1717 Deum
1294 1689 1388 1722 Iacob,
1403 1690 1487 1718 Deum
1502 1692 1628 1719 vicorum.

951 1737 993 1764 58.
1008 1737 1076 1764 lllud
1091 1737 1203 1772 insuper
1217 1736 1330 1764 omisit:
1345 1732 1464 1771 Capillus
1479 1737 1511 1765 de
1526 1739 1611 1773 capite
1621 1743 1708 1766 vestro

915 1791 967 1810 non
982 1782 1076 1817 peribit
1092 1783 1123 1809 ¹¹.

951 1829 996 1856 59.
1019 1831 1119 1857 lterum
1142 1831 1200 1856 haec
1213 1830 1382 1865 amputavit:
1400 1829 1475 1857 Tunc
1496 1831 1541 1865 qui
1562 1831 1590 1857 in
1609 1830 1707 1859 Iudam

916 1879 987 1906 sunt,
1005 1874 1109 1909 fugiant
1130 1874 1164 1900 ad
1187 1879 1302 1907 momes,
1318 1879 1384 1906 etc..
1403 1875 1438 1902 ob
1454 1882 1486 1902 ea
1503 1882 1563 1910 qua
1585 1883 1706 1911 sequun-

917 1924 971 1953 tur,
991 1920 1072 1947 donec
1085 1926 1299 1948 consummentur
1311 1921 1400 1948 omnia
1414 1929 1472 1956 quin
1484 1922 1584 1956 scripta
1599 1926 1661 1949 sunt
1673 1923 1706 1949 ".

951 1966 996 1993 60.
1011 1966 1125 1993 Locutus
1133 1970 1171 1993 est
1185 1974 1244 1992 cum
1259 1966 1518 2002 magistratibusﬁet,
1536 1967 1707 2003 quemadmo-

916 2011 979 2038 dum
990 2011 1065 2038 illum
1080 2011 1194 2039 traderet
1210 2012 1243 2043 ¹³,
1256 2016 1308 2039 etc.

950 2058 995 2085 61.
1011 2057 1046 2085 Ει
1060 2058 1129 2085 dixit
1146 2058 1226 2086 Petro
1240 2062 1265 2086 et
1278 2059 1384 2094 reliquis
1397 2067 1406 2086 :
1426 2059 1527 2087 Euntes
1547 2065 1705 2095 pra-parate,

915 2109 944 2130 ut
958 2104 1145 2131 manducemus
1162 2105 1262 2139 pascha
1277 2104 1308 2131 ν’.

952 2149 996 2176 62.
1013 2149 1048 2176 Et
1072 2149 1201 2182 recubuit,
1222 2154 1248 2177 et
1269 2149 1405 2177 duodecim
1429 2151 1543 2186 apostoli
1559 2159 1620 2178 cum
1633 2151 1678 2179 illo
1697 2160 1706 2177 .-

916 2199 941 2223 et
961 2195 1051 2222 dixit:
1076 2195 1211 2223 Desiderio
1236 2195 1383 2223 desideravi
1406 2196 1454 2224 hoc
1473 2197 1572 2232 pascha
1593 2197 1706 2224 "tandu-

879 2239 902 2266 D
916 2249 976 2267 care
988 2240 1132 2272 vobiscum.
1147 2246 1287 2276 antequam
1303 2242 1393 2276 patiar
1407 2243 1439 2268 ¹⁸.

952 2287 996 2314 65.
1015 2287 1147 2316 Prwterea
1162 2289 1220 2316 huic
1236 2289 1271 2316 ab
1286 2297 1319 2316 eo
1331 2290 1451 2318 detracta
1467 2289 1623 2317 sunt:Dico
1636 2291 1706 2317 enim

917 2332 999 2367 vobis,
1013 2333 1075 2360 Non
1096 2334 1173 2361 edant
1186 2334 1254 2361 illud
1274 2336 1388 2370 amplius
1409 2336 1490 2362 donec
1514 2336 1656 2370 impleatur
1679 2337 1706 2364 in

918 2387 996 2414 regno
1010 2379 1101 2406 Patris
1113 2381 1164 2407 mei
1178 2380 1212 2408 “.

954 2425 999 2452 64.
1014 2425 1081 2452 item
1099 2425 1163 2452 illud
1180 2433 1188 2452 :
1205 2426 1318 2459 Quando
1339 2426 1401 2454 misi
1422 2435 1477 2458 vos.
1493 2427 1610 2462 nunquid
1623 2428 1707 2463 defuit

920 2471 1011 2499 vobis?
1026 2475 1080 2499 etc.
1097 2471 1138 2499 0b
1156 2479 1188 2499 ea
1211 2480 1271 2508 qua:
1300 2477 1453 2508 sequuntur
1476 2482 1483 2500 :
1503 2473 1538 2500 Et
1562 2474 1609 2500 hoc
1637 2475 1706 2510 quod

919 2516 1045 2550 scriptum
1065 2521 1103 2543 est
1122 2521 1221 2550 oportet
1243 2517 1347 2551 impleri
1363 2511 1373 2544 Ξ
1391 2517 1423 2544 Et
1436 2526 1495 2545 cum
1509 2519 1604 2554 iniquis
1623 2519 1706 2554 depu-

920 2567 990 2589 tatus
1003 2567 1041 2590 est
1053 2562 1086 2590 ".

954 2609 999 2637 65.
1018 2609 1132 2636 Avulsus
1149 2614 1187 2636 est
1202 2609 1234 2636 ab
1250 2609 1316 2643 illis,
1333 2615 1461 2645 quantum
1474 2611 1566 2646 jactus
1582 2616 1621 2639 est
1638 2611 1707 2646 lapi-

919 2654 960 2682 dis
975 2664 984 2683 :
1000 2654 1036 2682 Et
1048 2656 1142 2690 positis
1160 2656 1268 2691 genibus
1286 2656 1380 2683 orabat
1394 2657 1425 2684 ".

953 2700 997 2728 66.
1013 2700 1048 2727 Et
1065 2702 1186 2734 accessit,
1201 2706 1230 2728 ut
1247 2701 1413 2729 oscularetur
1429 2711 1500 2737 eum,
1512 2707 1538 2730 et
1551 2702 1619 2730 dixit
1633 2703 1666 2730 ".

1421 2824 1431 2839 ‘
1447 2823 1514 2851 ibid.
1530 2823 1575 2851 3L
1612 2824 1622 2839 '
1639 2822 1706 2851 hic.

1005 2856 1108 2895 ’_‘AL_u_c_.
1125 2857 1268 2895 “1.1871,;
1280 2892 1286 2895 _
1298 2892 1305 2895 _
1317 2859 1425 2895 ητριιίιί.
1440 2859 1471 2886 61
1491 2866 1566 2894 βψω
1588 2892 1594 2895 _
1604 2858 1625 2874 "
1638 2857 1707 2887 Luc.

1016 2892 1037 2908 ¹⁸
1048 2892 1113 2920 ibid.
1129 2892 1174 2920 Η.
1199 2893 1236 2931 _"
1251 2892 1316 2921 ibid.
1334 2893 1378 2921 47.
