1952 3045
241 129 292 156 725

950 135 979 162 S.
997 134 1167 162 EPIPIIANII

1825 134 1880 161 ’ΞΔ

277 187 303 214 ὅ.
322 186 415 215 Omnis
433 189 502 216 enim
517 189 560 216 lea;
584 190 654 220 vobis
671 191 805 226 impletur.
824 192 924 228 Diliges
938 194 1016 229 promi

1118 198 1149 221 ε’.
1174 194 1200 220 '0
1223 194 1277 229 γὰρ
1299 193 1358 227 πᾶς
1374 194 1465 228 νόμος
1481 193 1550 228 ὑμῖν
1568 192 1767 226 πεπλήρωται.
1795 192 1881 228 Ἀγα-

243 239 314 260 mum
329 237 404 260 tuum
417 235 485 261 sicut
498 236 608 269 leipsum
621 237 641 264 '.

277 278 304 305 6.
321 278 467 314 Manifesta
495 287 556 309 sunt
579 288 667 310 autent
687 292 766 318 opera
779 285 878 318 carnis,
893 294 951 321 quw
970 292 1030 313 sunt

241 323 396 358 fornicatio,
412 327 593 361 immunditia,
618 329 736 362 luxuria,
761 331 893 358 idolorum
908 332 1030 364 servitus,

241 371 376 405 veneﬁcia,
390 372 547 407 inimicitite,
563 377 751 408 contentiones,
764 378 958 411 temulationes,
972 379 1030 412 irw,

241 416 318 448 fine,
344 417 531 451 dissensiones,
547 425 634 452 sectte,
648 421 803 455 homicidia,
821 423 970 457 ebrietates,
987 432 1030 451 co-

242 464 424 496 messationes,
446 473 504 500 qua:
521 466 637 500 prtcdico
658 468 730 495 vobis
747 470 815 496 sicut
829 471 953 504 praedixi,
967 479 1031 506 quo-

241 508 314 535 niam
328 510 374 544 qui
389 511 456 538 talia
470 517 563 547 agunt.
580 521 687 549 regnum
698 514 747 542 Dei
761 524 813 543 non
828 516 1028 551 possidebunt‘.

275 598 302 625 7.
324 598 377 632 Qui
399 605 486 629 autem
500 601 612 635 Christi.
630 612 736 632 carnem
759 606 948 640 cruciﬁxerunt
971 614 1030 633 cum

239 644 308 672 vitiis
324 650 349 672 et
367 649 583 682 concupiscentiis
600 651 621 677 ³.

274 691 300 718 8.
320 691 410 728 Neque
430 695 499 721 enim
520 695 565 730 qui
577 696 811 732 circumciduntur,
840 699 920 734 legem
942 703 1030 727 custo-

237 737 314 764 diunt
326 738 348 766 δ.

237 793 320 829 320
329 793 370 821 Ad
389 794 550 824 Corinthios
561 796 581 829 1,
595 805 657 836 quin
676 799 808 836 est__apud
821 799 987 829 Marcionem
999 805 1029 829 ut

520 836 547 860 et
560 834 631 868 apud
648 841 700 862 nos
714 833 747 863 ΙΙ.

1082 238 1191 272 πήσεις
1209 240 1263 265 τὸν
1279 239 1414 273 πλησίον
1432 246 1490 266 σου
1503 239 1543 271 ὡς
1557 239 1698 266 σεαυτόν.

1119 288 1155 317 ς’.
1170 285 1287 319 Φανερὰ
1308 284 1342 311 δέ
1358 285 1424 312 ἐστι
1440 285 1476 312 τὰ
1489 285 1560 320 ἔργα
1576 284 1629 319 τῆς
1644 286 1769 320 σαρκὸς,
1786 285 1877 313 ἅτινά

1081 331 1147 358 ἐστι
1169 331 1302 366 πορνεία,
1328 331 1508 366 ἀκαθαρσία,
1535 332 1687 366 ἀσέλγεια,
1711 332 1876 359 εἰδωλολα-

1081 377 1172 410 τρεία,
1195 377 1372 412 φαρμακεία,
1398 378 1511 412 ἔχθραι,
1537 378 1624 412 ἕρεις,
1654 377 1747 412 ζῆλοι,
1774 377 1876 412 θυμοὶ,

1081 423 1218 457 ἐριθείαι,
1241 423 1448 458 διχοστασίαι,
1474 424 1620 458 αΙρέσεις,
1647 425 1750 459 φόνοι,
1776 424 1874 459 μέθαι,

1080 469 1181 504 κῶμοι,
1199 469 1218 496 ἃ
1234 470 1369 506 προλέγω
1383 470 1465 505 ὑμῖν,
1480 470 1576 504 καθὼς
1593 471 1641 498 καὶ
1656 470 1810 505 προεῖπον,
1828 470 1876 497 ὅτι

1080 517 1109 542 ol
1135 516 1171 542 τὰ
1195 516 1316 543 τοιαῦτα
1342 516 1535 550 πράσσοντες
1552 517 1717 549 ,βασιλείαν
1735 516 1810 543 Θεοῦ
1836 518 1875 544 οὑ

1080 562 1377 597 κληρονομήσουσιν.

1116 607 1148 640 ζ’.
1168 610 1201 635 οι
1212 609 1247 635 δὲ
1258 609 1312 636 τοῦ
1326 610 1466 644 Χριστοῦ,
1482 610 1540 644 τὴν
1556 609 1657 644 σάρκα
1674 610 1876 645 ἐσταύρωσαν

1079 655 1140 682 σὺν
1155 655 1216 688 τοῖς
1230 655 1385 690 παθήμασι
1397 657 1446 683 καὶ
1458 657 1523 690 ταῖς
1539 657 1717 692 ἐπιθυμίαις.

1116 701 1151 737 η’.
1161 702 1236 729 Οὔτε
1247 702 1302 738 γὰρ
1315 704 1343 730 οι
1355 704 1595 739 περιτεμνόμνοι
1608 704 1693 732 αὐτοὶ
1708 704 1802 740 νόμον
1815 713 1873 739 59v-

1078 749 1245 778 λάσσουσι.

1079 806 1151 841 Πρὸς
1167 807 1328 842 Κορινθίους
1344 807 1384 838 A'.
1400 809 1469 878 παρῆ
1479 808 1595 869 agni);sz
1614 808 1758 844 Μαρκίωνι
1771 807 1808 838 B'.
1821 806 1876 833 καὶ

1372 852 1429 878 παρ
1475 853 1519 878 μιν
1560 847 1577 870 ’.

1372 847 1437 879 παρ’
1454 847 1519 879 ἡμῖν
1540 847 1577 870 B’.

273 885 299 912 ί.
314 885 448 922 Scriptum
458 894 498 916 est
514 890 584 917 enim
595 890 727 918 :Perdam
750 893 908 926 sapientiam
925 894 1024 929 sapien-

1115 902 1151 925 α’.
1169 898 1337 934 Γέγραπται
1364 899 1433 935 γάρ·
1459 900 1576 926 Ἀπολῶ
1599 900 1657 934 τὴν
1683 899 1796 934 σοφίαν
1810 897 1873 925 τῶν

236 932 313 963 tium.
329 941 355 960 et
371 935 539 968 prudentiam
557 937 725 970 prudentium
742 940 886 972 reprobabo
898 941 918 968 '.

271 979 298 1006 2.
319 979 364 1012 Ut,
380 982 601 1015 quemadmodum
614 985 742 1020 scriptum
761 990 810 1018 est,
832 988 877 1021 qui
895 987 1028 1022 gloriatur

236 1025 263 1051 in
280 1025 392 1054 Domino
405 1028 532 1063 glorietur
547 1030 566 1057 ‘.

271 1072 298 1099 5.
317 1071 471 1108 Principum
487 1075 566 1110 hujus
583 1078 684 1109 swculi,
698 1079 743 1113 qui
755 1085 918 1107 evacuantur
934 1081 955 1108 ⁷.

270 1159 296 1186 4.
315 1159 447 1194 Scriptum
478 1167 518 1189 est
540 1164 608 1190 enim
631 1172 640 1190 .'
652 1165 879 1200 Comprehendam
896 1169 1025 1202 sapientes

234 1206 261 1232 in
281 1208 381 1234 astutia
395 1216 485 1234 eorum
500 1209 519 1236 ⁸³.
538 1210 572 1237 Ει
586 1211 684 1239 iterum
698 1221 705 1239 :
723 1212 852 1241 Dominus
867 1215 938 1241 nouit
953 1216 1026 1250 cogi-

235 1253 347 1280 tationes
359 1253 505 1289 hominum,
523 1257 585 1292 quia
605 1266 680 1285 vana:
691 1264 752 1286 sunt
767 1260 787 1286 ⁹.

269 1341 296 1369 5.
313 1341 418 1369 Etenim
441 1344 541 1378 pascha
570 1351 690 1373 nostrum
713 1348 868 1377 immolatus
891 1355 930 1377 est
952 1351 1028 1380 Chri-

233 1393 290 1416 stus
305 1389 338 1415 ¹⁶.

268 1435 295 1462 6.
313 1434 430 1463 Nescitis
456 1437 525 1471 quod
551 1439 596 1473 qui
621 1439 737 1467 adliceret
767 1444 911 1475 meretrici,
944 1453 1025 1472 unum

233 1489 327 1516 corpus
354 1484 415 1510 est?
441 1482 528 1511 Erunt
555 1485 636 1518 enim,
668 1487 767 1522 inquit,
797 1489 849 1515 duo
872 1490 899 1517 in
919 1499 1025 1519 carnem

232 1534 313 1553 unam
323 1527 355 1554 “.

1078 944 1194 979 σοφῶν,
1206 946 1256 973 καὶ
1276 946 1333 980 τὴν
1351 947 1481 973 σύνεσιν
1491 945 1550 972 τῶν
1566 945 1702 973 συνετῶν
1721 944 1870 977 ἀθετήσω.

1116 991 1148 1026 β’.
1167 993 1243 1025 Ἵνα,
1264 993 1362 1026 καθὼς
1385 993 1555 1028 γέγραπται,
1579 995 1596 1020 ό
1622 991 1815 1027 καυχώμενος
1835 991 1872 1018 ἐν

1077 1028 1175 1062 Κυρίῳ
1191 1028 1365 1063 καυχάσθω.

1111 1073 1213 1108 γ’.Τῶν
1225 1075 1380 1109 ἀρχόντων
1392 1074 1444 1103 τοῦ
1455 1075 1561 1108 αἰῶνος
1571 1074 1679 1101 τούτου
1691 1073 1750 1101 τῶν
1762 1081 1872 1107 καταρ-

1077 1120 1241 1155 γουμένων.

1112 1167 1144 1194 δ’.
1163 1166 1331 1202 Γέγραπται
1353 1167 1426 1203 γάρ’
1451 1168 1483 1195 '0
1504 1167 1712 1202 δρασσόμενος
1731 1166 1801 1199 τοὺς
1815 1173 1870 1193 σο-

1076 1211 1153 1245 φοὺς
1167 1211 1202 1238 ἐν
1220 1211 1257 1246 τῇ
1271 1214 1438 1248 πανουργίᾳ
1453 1214 1553 1241 αὐτῶν
1563 1222 1569 1229 ·
1586 1213 1632 1240 καὶ
1648 1213 1742 1240 πάλιν·
1761 1213 1870 1246 Κύριος

1076 1257 1215 1292 γινώσκει
1233 1259 1305 1292 τοὺς
1321 1259 1537 1295 διαλογισμοὺς
1553 1260 1614 1287 τῶν
1634 1259 1806 1294 ἀνθρώπων,
1823 1259 1870 1286 ὅτι

1075 1303 1134 1330 εισὶ
1148 1303 1277 1338 μάταιοι.

1111 1353 1142 1377 ε’.
1157 1350 1212 1377 Καὶ
1226 1350 1282 1385 γὰρ
1296 1351 1329 1378 τὸ
1347 1352 1452 1387 πάσχα
1467 1352 1551 1386 ἡμῶν
1564 1352 1653 1386 ἐτύθη
1670 1351 1807 1386 Χριστός.

1112 1445 1149 1474 ς’.
1160 1442 1221 1468 Οὐκ
1233 1441 1344 1473 οἴδατε,
1359 1442 1403 1468 ὅτι
1416 1443 1433 1469 ὁ
1449 1442 1640 1477 κολλώμενος
1655 1441 1692 1476 τῇ
1708 1442 1817 1475 πιῖρνῃ,
1835 1439 1872 1468 ἐν

1075 1488 1162 1523 σῶμά
1183 1488 1286 1520 ἐστιν;
1316 1489 1456 1516 Ἔσονται
1482 1489 1547 1524 γὰρ,
1575 1488 1667 1524 φησὶν,
1692 1489 1719 1514 οὶ
1746 1487 1801 1514 δύο
1825 1489 1870 1520 εἰς

1075 1535 1173 1569 σάρκα
1182 1536 1266 1570 μίαν.

269 1573 294 1601 7.
311 1573 433 1602 Mutatus
445 1580 489 1603 est
508 1576 595 1609 locus.
611 1585 673 1605 nam
699 1587 747 1614 pro
766 1588 799 1608 co
818 1582 890 1616 quod
907 1587 969 1611 est:
987 1583 1022 1610 Et

1110 1580 1143 1613 ζ’.
1160 1580 1406 1617 Μετηλλαγμένος·
1427 1581 1487 1608 ἀντὶ
1511 1581 1565 1617 γὰρ
1584 1579 1642 1612 τοῦ,
1660 1580 1714 1607 Καὶ
1738 1582 1754 1607 ό
1776 1580 1869 1614 νόμος

233 1617 275 1645 lea;
290 1618 345 1646 haec
364 1628 416 1646 non
431 1620 506 1652 dicit,
524 1621 605 1649 habet
620 1623 704 1655 "ille,
724 1623 783 1652 Etsi
801 1625 843 1652 lea:
851 1625 950 1662 Moysis
969 1627 1024 1656 lucc

231 1671 284 1692 non
303 1665 377 1692 dicit.

267 1710 294 1737 8.
314 1710 441 1745 Nunquid
454 1711 485 1739 de
499 1712 580 1739 bobus
597 1722 661 1741 cura
677 1719 716 1742 est
736 1716 789 1744 Deo
806 1718 848 1744 "?

266 1755 293 1782 9.
312 1755 383 1784 Nolo
393 1758 462 1784 enim
477 1767 520 1785 vos
536 1759 668 1794 ignorare.
681 1762 923 1799 fratres,quoniam
934 1771 1023 1800 patres

231 1802 316 1828 nostri
326 1802 373 1828 sub
391 1803 457 1830 nube
482 1804 599 1838 fuerunt,
619 1811 643 1833 et
660 1816 748 1834 omnes
761 1817 833 1836 mare
850 1812 1023 1846 transierunt,

229 1852 255 1875 et
269 1855 356 1875 omnes
379 1850 497 1877 eamdem
518 1859 605 1878 escam
627 1854 774 1887 spiritalem
788 1856 1021 1885 manducaverunt.

232 1893 360 1920 Bibebant
385 1895 455 1921 enim
479 1895 511 1922 de
538 1898 654 1931 spiritali
676 1906 845 1935 consequente
868 1910 911 1928 eos
928 1908 1023 1937 petra;

1074 1626 1168 1654 ταῦτα
1180 1628 1216 1654 οὐ
1229 1627 1320 1662 λέγει,
1335 1627 1401 1663 φησὶ
1411 1628 1523 1660 ἐκεῖνος,
1540 1628 1583 1655 ‘El
1595 1627 1643 1654 καὶ
1657 1627 1772 1662 ὀνόμος
1785 1628 1870 1654 lile-

1074 1672 1152 1706 σέως
1171 1673 1267 1700 ταῦτα
1283 1674 1319 1701 οὺ
1332 1673 1424 1709 λέγει.

1109 1719 1145 1755 η’.
1162 1720 1214 1754 Μὴ
1229 1720 1288 1747 τῶν
1302 1720 1387 1754 ,ϐοῶν
1396 1720 1481 1756 μέλει
1495 1720 1535 1753 τῷ
1550 1720 1631 1754 Θεῷ;

1110 1767 1143 1794 θ’.
1164 1769 1204 1795 Οὐ
1220 1768 1296 1795 θέλω
1317 1767 1372 1802 γὰρ
1387 1767 1465 1802 ὑμᾶς
1480 1767 1611 1803 ἀγνοεῖν,
1625 1767 1761 1801 ἀδελφοὶ,
1781 1767 1825 1793 ὅτι
1840 1767 1868 1793 οι

1073 1814 1198 1848 πατέρες
1208 1814 1294 1849 ἡμῶν
1306 1815 1365 1842 ὑπὸ
1376 1814 1433 1849 τὴν
1446 1814 1580 1849 νεφέλην
1591 1812 1682 1849 ἦσαν,
1693 1814 1741 1841 καὶ
1756 1813 1868 1846 πάντες

1072 1860 1122 1888 διὰ
1135 1861 1190 1895 τῆς
1204 1861 1365 1895 θαλάσσης
1390 1861 1525 1895 διῆλθον,
1545 1861 1595 1888 καὶ
1615 1860 1725 1894 πάντες
1746 1860 1779 1887 τὸ
1792 1860 1868 1887 αὺτύ

1073 1906 1277 1940 πνευματικὸν
1287 1907 1400 1941 ἔφαγον
1411 1906 1526 1941 βρῶμα.
1539 1907 1666 1933 Ἐπινον
1676 1905 1731 1941 γὰρ
1739 1905 1772 1931 ἐκ
1780 1912 1868 1932 strav-

230 1945 306 1975 pctra
320 1945 409 1968 autem
417 1947 474 1969 erat
489 1943 620 1972 Christus.
637 1944 688 1972 Sed
701 1954 751 1973 non
761 1947 787 1973 in
800 1948 920 1981 pluribus
930 1958 1022 1977 eorum

1091 1951 1200 1985 εατικῆς
1216 1953 1445 1985 ἀκολουθούσης
1461 1952 1571 1986 πέτρας
1581 1960 1587 1967 ι
1602 1952 1621 1985 ἡ
1638 1950 1672 1977 δὲ
1687 1951 1780 1984 πέτρα
1795 1949 1835 1985 ἦν
1850 1952 1868 1978 ὁ

231 1987 422 2022 beneplacitum
454 1994 493 2016 est
516 1989 582 2020 Deo.
599 1991 663 2019 Ila'c
687 1998 775 2020 autem
791 1995 818 2020 in
842 1995 929 2030 ﬁgura
948 1996 1022 2030 facta

1091 1997 1212 2030 fpto’rdc.
1230 1997 1306 2024 Ἀλλ’
1321 1998 1377 2024 οὐκ
1389 1997 1424 2023 ἐν
1435 1997 1497 2029 τοῖς
1512 1997 1653 2023 πλείοσιν
1664 1995 1764 2023 αὐτῶν
1776 1996 1867 2030 ηὐδό-

229 2038 290 2060 sunt
309 2035 409 2067 n0stri,
434 2040 463 2062 ut
483 2045 534 2063 non
550 2038 633 2065 simus
648 2040 857 2073 concupiscentes
875 2042 1020 2075 malorum,

1092 2051 1160 2076 ησε.
1176 2043 1271 2071 Ταῦτα
1286 2043 1320 2069 δὲ
1330 2044 1418 2070 τύποι
1433 2042 1518 2078 ἡμῶν
1530 2042 1729 2078 ἐγενήθησαν,
1746 2043 1823 2076 πρὸς
1834 2043 1866 2070 τὸ

229 2081 298 2107 sicut
309 2081 350 2108 illi
359 2082 475 2116 fuerunt.
487 2082 576 2119 Neque
589 2084 720 2112 idolorum
737 2086 849 2114 cultores
860 2088 1020 2122 e/ﬁciamini.

1095 2088 1113 2123 ἡ
1123 2088 1202 2117 εἶναι
1213 2089 1292 2124 ἡμᾶς
1305 2090 1488 2124 ἐπιθυμητὰς
1500 2089 1611 2120 κακῶν,
1623 2089 1720 2122 καθὼς
1734 2089 1866 2116 κάκεῖνοι

228 2127 298 2153 sicut
312 2127 420 2161 quidam
437 2136 469 2155 ea;
483 2129 558 2163 ipsis,
572 2131 793 2164 quemadmodum
814 2134 943 2168 scriptum
960 2139 998 2161 est
1012 2143 1021 2162 .'

1091 2137 1277 2171 πεθύμησαν.
1295 2135 1380 2170 Μηδὲ
1395 2136 1606 2170 εἰδωλολάτραι
1622 2137 1752 2170 γίνεσθε,
1768 2135 1868 2168 καθώς

228 2171 303 2200 Sedit
331 2173 442 2207 populus
457 2175 618 2203 manducare
639 2182 663 2203 et
693 2177 789 2210 bibere,
809 2186 833 2207 et
849 2187 1022 2209 surrexerunt

1091 2191 1151 2215 ινες
1174 2181 1285 2214 αὐτῶν,
1305 2182 1345 2215 ὡς
1370 2181 1541 2218 γέπραπται·
1566 2182 1724 2209 Ἐκάθισεν
1749 2183 1766 2208 ό
1789 2182 1866 2214 λαὸς

229 2219 328 2246 ludere.
337 2219 427 2255 Neque
436 2226 563 2249 leniamus
574 2222 720 2256 Christum.
733 2233 818 2260 usque
831 2227 864 2254 ad
877 2235 908 2254 ea
918 2228 999 2255 verba
1012 2239 1019 2256 :

1091 2225 1180 2260 ·αγεῖν
1199 2226 1248 2254 καὶ
1272 2226 1361 2258 πιεῖν,
1377 2227 1426 2253 καὶ
1451 2227 1627 2261 ἀνέστησαν
1642 2227 1765 2257 παίζειν.
1781 2227 1865 2260 Μηδὲ

229 2265 294 2294 Haec
306 2272 393 2294 autem
408 2268 497 2294 omnia
511 2269 538 2296 in
549 2270 636 2304 ﬁgura
647 2271 832 2306 contingebant
844 2272 917 2307 ipsis,
932 2274 954 2289 “
963 2279 1017 2302 etc.

1091 2259 1288 2307 κπειράζωμεν
1302 2273 1356 2299 τὸν
1367 2274 1506 2307 Χριστιὶν,
1520 2259 1571 2305 ἕως
1582 2274 1648 2300 ὅπου
1664 2273 1747 2308 λέγει·
1769 2273 1865 2300 Ταῦτα

1072 2317 1107 2344 δέ
1122 2318 1254 2352 τυπικῶς
1268 2319 1449 2346 συνέϐαινεν
1460 2319 1540 2354 ἡμῖν,
1559 2320 1605 2347 καὶ
1621 2319 1657 2346 τὰ
1668 2319 1740 2354 ἑξῆς.

1109 2367 1136 2392 ι’,
1148 2365 1178 2391 Τί
1191 2363 1248 2392 οὖν
1257 2375 1330 2400 φημι
1337 2374 1347 2398 ;
1357 2366 1421 2393 Ὅτι
1431 2366 1452 2382 ¹⁹
1464 2367 1617 2400 ἱερόθυτόν
1626 2367 1655 2393 τί
1664 2366 1750 2394 ἐστιν
1761 2374 1768 2380 ·
1786 2366 1864 2394 Ἀλλ’

1072 2409 1116 2437 ὅτι
1136 2410 1155 2438 d
1171 2411 1278 2439 θύουσι
1295 2411 1470 2447 δαιμονίοις,
1485 2413 1533 2440 καὶ
1548 2414 1584 2439 οὐ
1601 2413 1671 2445 Θεῷ.

1109 2460 1153 2483 ια’.
1178 2457 1263 2492 Ἀνὴρ
1282 2459 1337 2485 οὐκ
1354 2459 1467 2493 ὀφείλει
1481 2458 1587 2494 κομᾶν,
1610 2459 1686 2493 δόξα
1706 2461 1757 2489 καὶ
1776 2461 1864 2488 εἰκὼν

1071 2503 1145 2530 Θεοῦ
1159 2503 1313 2538 ὑπάρχων.

1106 2549 1151 2584 ιβ’.
1174 2550 1260 2578 Ἀλλὰ
1275 2552 1292 2577 ὁ
1308 2550 1381 2584 Θεὸς
1399 2551 1587 2586 συνεκέρασε
1600 2552 1632 2578 τὸ
1649 2552 1744 2587 σῶμα.

1106 2594 1151 2630 ιγ’.
1167 2596 1405 2632 Πεπλανημὲνως-
1428 2597 1519 2625 Ἀλλὰ
1544 2598 1579 2625 ἐν
1606 2598 1771 2632 Ἐκκλησία
1788 2599 1863 2626 θέλω

1068 2640 1158 2668 πέντε
1180 2643 1291 2677 λόγους
1312 2643 1352 2676 τῷ
1376 2644 1428 2670 νοΐ
1442 2653 1502 2679 μου
1517 2644 1664 2679 λαλῆσαι.
1685 2644 1803 2680 Ἑτέρως
1824 2645 1862 2678 δὲ,

1068 2686 1117 2723 διὰ
1133 2686 1187 2713 τὸν
1199 2688 1304 2722 νόμον.

263 2355 306 2382 10.
324 2355 394 2388 Quid
410 2365 471 2392 ergo
493 2358 573 2386 dico?
589 2359 665 2393 Quod
684 2360 764 2388 idolis
779 2362 948 2390 immolatum
965 2365 1018 2391 ali—

225 2401 289 2435 quid
302 2402 358 2430 sit?
368 2402 419 2430 Sed
427 2412 485 2439 qua:
496 2405 634 2432 immolant
649 2407 797 2440 dwmoniis,
812 2413 836 2435 et
853 2417 904 2436 non
919 2410 972 2437 Deo
984 2412 1016 2439 ¹³.

262 2448 307 2475 Η.
328 2447 376 2475 Vir
389 2457 491 2477 comam
510 2460 563 2478 non
582 2453 699 2486 nutriat;
711 2455 798 2489 gloria
813 2457 917 2484 enimet
929 2459 1017 2494 imago

224 2492 274 2520 Dei
289 2498 326 2520 est
345 2494 376 2522 ’⁸.

260 2539 304 2566 12.
326 2539 377 2566 Sed
391 2540 460 2568 Deus
477 2544 628 2576 temperavit
640 2553 734 2580 corpus
751 2547 783 2574 "’.

260 2584 305 2612 15.
338 2585 481 2620 Perperam
515 2588 595 2616 istam
618 2591 829 2625 concopit:Sed
844 2593 871 2620 in
894 2593 1016 2622 Ecclesia

223 2631 283 2658 volo
297 2633 411 2667 quinque
434 2633 511 2660 verba
535 2643 613 2662 sensu
631 2645 688 2663 meo
713 2637 785 2669 loqui
797 2639 828 2666 ¹⁸.
841 2639 928 2667 Aliter
940 2640 1013 2668 enim

223 2676 269 2705 ille
284 2677 412 2712 scripsit;
428 2683 455 2706 et
472 2678 503 2706 ob
520 2680 611 2715 legem,
634 2681 748 2709 addidit.

260 2757 268 2772 '
282 2757 384 2803 Gal.nv_:
401 2757 454 2803 Μ...
469 2759 577 2803 ,Ἧιήιι
596 2760 639 2803 19λ
787 2764 831 2791 24.
871 2764 986 2803 δρθιθιτ
1001 2774 1045 2799 v1,
1057 2766 1103 2803 l5.
1142 2767 1152 2783 '
1171 2766 1182 2793 Ι
1198 2767 1261 2795 Cor.
1278 2776 1296 2801 1,
1313 2768 1364 2802 i9;
1382 2768 1434 2796 lsa.
1447 2777 1520 2802 xnx,
1539 2770 1581 2797 H.
1633 2769 1644 2785 ‘
1661 2770 1669 2796 Ι
1688 2770 1752 2797 Cor.
1771 2778 1792 2802 1,
1807 2770 1837 2798 3i
1852 2779 1860 2803 ;

220 2789 270 2846 if:
285 2793 394 2846 ms;
421 2794 454 2846 ης
469 2793 479 2821 ι
673 2797 705 2846 ..γ
721 2789 1024 2846 ’ξοιῖζίιιςέὲἶὲὀῐιὲ

1091 2789 1103 2846 ς
1125 2789 1298 2846 magna:
1316 2789 1364 2846 15";
1378 2789 1607 2846 ῥξξιῖῖείηςῖι.
1688 2804 1772 2846 ερον.
1784 2790 1859 2846 1,3:

221 2826 245 2874 κ
365 2835 404 2874 ξι.
504 2830 652 2874 ["Cor.
672 2834 764 2874 nun-8.
797 2826 993 2874 __"_‘i_l_1id.'9.»‘
1013 2826 1023 2874 ξ

1091 2826 1225 2874 ζοτζχῖἷ
1233 2826 1301 2873 ἐὲίὲιῖ
1311 2826 1576 2869 ξϊὼἷιῗὶῶΓσῖ
1584 2826 1607 2833 “’
1629 2841 1650 2856 ε·
1663 2840 1673 2867 1
1689 2826 1757 2868 ἒὸιῗί
1766 2826 1801 2874 ἰζ
1808 2826 1858 2870 ἰὀξ

221 2860 245 2878 ιο
261 2861 272 2888 1
286 2861 347 2890 Cor.
367 2871 403 2894 ιι,
419 2864 463 2892 tt.
504 2866 524 2882 ιτ
539 2865 549 2893 1
563 2866 627 2894 Cor.
643 2875 693 2900 ιιι,
711 2860 755 2896 '24.
796 2870 817 2886 η
830 2860 918 2899 [αόῆ
935 2860 992 2905 iiv,
1009 2871 1020 2898 1

1091 2860 1194 2902 ῖῖῖισὲἰῖ
1207 2860 1223 2906 ἡ
1237 2860 1420 2902 ἕέὲῦἰὸοῐὲὅηῖζ
