1952 3045
109 145 168 175 725

453 148 636 179 ADVERSUS
655 148 827 177 HJERESES
846 148 912 178 LIB.
927 148 947 177 1.
969 143 1053 179 ΤΟΜ.
1073 149 1118 178 ll.'.
1136 165 1170 171 —
1190 149 1327 179 HtERES.
1350 149 1434 179 XLII.

1701 150 1756 177 πο

149 202 191 231 ιδ’.
216 203 260 230 Ἐν
274 203 316 239 τῷ
329 203 404 239 νόμῳ
417 204 589 240 γέγραπται·
603 205 667 232 Ὅτι
678 205 713 232 ὲν
724 205 900 241 ἑτερογλώσ-

994 204 1073 240 321
1092 205 1136 233 14.
1155 205 1190 232 1η
1202 206 1259 241 lege
1275 207 1401 239 scriptum
1419 211 1455 232 -τι
1473 213 1483 232 :
1498 207 1629 239 Quartam
1644 205 1670 232 ivi
1692 204 1756 233 aliis

109 257 195 283 σοις,
214 250 264 278 καὶ
280 251 315 277 ἐν
331 251 468 285 χείλεσιν
492 251 605 286 ἑτέροις
618 251 746 285 λαλήσω
758 252 833 286 πρὸς
852 251 906 278 τὸν

108 295 190 322 λαὸν
204 295 323 323 τοῦτον.

148 344 189 369 ιε’.
209 343 245 370 Al
271 342 414 377 γυναῖκες
438 343 474 369 ἐν
498 342 563 375 ταῖς
580 343 759 377 ἐκκλησίαις
782 343 906 378 σιγάτω-

111 395 184 414 σαν.
205 389 246 415 οὐ
267 389 323 424 γὰρ
339 389 549 423 ἐπιτέτραπται
565 390 671 423 αὐτοῖς
693 390 815 417 λαλεῖν·
837 390 905 417 ἀλλ’

112 433 405 468 ὑποτασσέσθωσαν,
423 435 521 468 καθὼς
537 435 586 461 καὶ
602 437 618 462 ό
632 435 724 470 νόμος
741 436 833 470 λέγει.

148 482 197 512 ις’.
218 480 286 516 Περὶ.
299 480 476 512 ἀναστάσεως
494 480 611 517 νεκρῶν
629 479 762 514 ι’νωρίζω
776 480 810 507 δὲ
822 480 904 515 ὑμῖν,

109 524 247 560 ἀδελφοὶ,
267 525 299 552 τὸ
312 527 507 562 Εὑαγγέλιον,
524 526 539 553 ὃ
555 526 801 561 εὐηγγελισάμην
817 526 903 561 ὑμῖν·

111 572 160 598 καὶ
172 572 225 604 ὅτι,
243 574 278 599 ΕΖ
292 574 308 599 ό
320 573 447 607 Χριστὸς
460 574 516 600 οὐκ
532 572 696 608 ἐγήγερται,
704 573 842 608 μάταιον,
858 574 906 600 καὶ

108 619 146 644 τὶ
173 618 248 653 ἑξῆς.
277 619 377 652 Οὕτως
402 619 615 654 κηρύσσομεν,
648 619 698 646 καὶ
723 619 817 652 οὕτως
839 618 904 646 ἐπι-

109 665 297 699 στεύσαμεν·
325 664 369 692 ὅτι
394 664 522 699 Χριστὸς
549 665 698 697 ἀπέθανε,
724 665 773 692 καὶ
797 665 903 700 ἐτάφη,

109 710 160 737 καὶ
176 709 330 745 ἐγήγερται
345 711 430 745 τρίτῃ
451 711 556 746 ἡμέρᾳ.
572 711 665 738 Ὅταν
683 710 718 738 δὲ
740 710 774 738 τὸ
793 712 905 746 θνητὸν

108 756 200 783 τοῦτο
213 756 376 791 ἐνδύσηται
402 757 588 790 ἀθανασίαν,
614 757 682 783 τότε
704 757 864 792 γενήσεται
887 759 904 784 ὁ

108 801 202 836 λόγος
218 803 235 829 ό
254 802 474 838 τεγραμμένος-
498 803 653 837 Κατεπόθη
673 804 690 830 ὀ
709 802 838 837 θάνατος
859 804 904 837 εἰς

108 855 206 881 νικος.

957 250 1066 286 linguis,
1084 256 1108 279 et
1125 252 1202 280 labiis
1219 252 1313 288 loquar
1326 253 1422 287 γιψυιο
1439 251 1498 279 huic.
1513 252 1535 278 ‘.
1591 287 1595 290 _

994 341 1037 368 15.
1055 340 1181 369 Mulieres
1201 342 1227 368 in
1251 343 1369 370 eccleriis
1395 347 1511 370 taceant.
1531 340 1592 368 Non
1607 341 1675 368 enim
1694 348 1753 375 per-

956 386 1074 414 mittitur
1095 388 1133 414 eis
1159 387 1240 423 loqui,
1265 389 1310 415 sed
1335 388 1456 417 subditas
1475 396 1542 420 esse,
1568 388 1637 414 sicut
1663 393 1687 413 et
1710 386 1752 413 lea:

956 432 1023 460 dicit
1043 432 1064 459 ⁸.

992 478 1034 505 16.
1051 478 1088 506 De
1107 480 1310 507 resurrectione
1335 485 1506 507 mortuorum
1522 477 1644 505 :Nolum
1661 482 1750 505 autem

955 525 1027 553 vobis
1051 526 1133 560 facio,
1157 526 1266 562 fratres,
1296 526 1486 562 Enungelium,
1515 525 1584 560 quod
1609 524 1752 560 pra'dicavi

955 570 1026 598 vobis
1048 572 1070 598 ⁸.
1091 571 1155 600 Item
1174 581 1181 600 :
1203 572 1234 600 Si
1258 572 1380 600 Christus
1414 580 1467 599 non
1494 571 1658 603 resurrexit,
1688 571 1748 597 ina-

955 618 1008 647 nis.
1027 621 1079 645 etc.
1108 617 1153 645 Sic
1176 618 1363 654 praedicamus,
1378 624 1404 646 et
1426 619 1465 646 sic
1485 618 1659 648 credidimus,
1682 624 1750 652 quo-

955 663 1027 690 niam
1048 663 1170 691 Christus
1192 670 1311 691 mortuus
1334 669 1390 696 est,
1409 669 1435 692 et
1454 664 1582 699 sepultus,
1595 668 1620 690 et
1633 669 1751 690 resurre-

954 709 994 735 asit
1010 710 1088 736 tertia
1102 709 1154 738 die.
1171 710 1238 738 Cum
1253 715 1341 738 autem
1365 711 1478 738 mortale
1497 710 1544 737 hoc
1563 709 1681 737 induerit
1699 709 1750 736 im-

954 755 1156 788 mortalitatem,
1175 761 1236 784 tunc
1252 757 1297 791 [iet
1314 765 1400 784 sermo
1419 757 1465 792 qui
1484 757 1598 791 scriptus
1618 761 1679 783 est:
1694 754 1751 782 Ab-

954 806 1047 836 sorpta
1061 807 1101 830 est
1120 811 1191 830 mors
1208 803 1236 830 in
1250 804 1362 830 victoria
1373 804 1394 831 ⁵.

127 903 185 940 Τῆς
205 904 274 940 πρὸς
293 904 454 941 Κορινθίους
468 905 507 938 B',
529 905 598 942 παρ’
619 905 694 942 αὐτῷ
709 905 739 933 δὲ
759 905 807 933 καὶ
820 906 885 942 παρ’

957 897 993 926 Ex
1021 898 1144 935 Epistola
1167 900 1189 928 ll
1206 901 1241 930 ad
1264 901 1437 942 corinthios;
1448 909 1509 937 (lue
1531 905 1587 929 tam
1606 900 1644 929 illi
1664 907 1747 937 quam

441 941 509 977 ἡμῖν
527 940 565 968 Ῑ’¹.

143 998 178 1022 α’.
200 995 286 1024 Ὅσαι
307 997 362 1032 γὰρ
390 996 565 1033 ἐπαγγελίαι
595 998 688 1032 Θεοῦ,
713 998 749 1026 ἐν
770 997 852 1032 αὐτῷ
868 998 902 1026 τὸ

107 1041 159 1068 ναί
167 1048 175 1056 ·
192 1040 236 1068 διὸ
253 1041 304 1068 καὶ
319 1042 356 1069 δι’
373 1043 466 1071 αὑτοῦ
488 1043 522 1070 τὸ
537 1043 619 1079 ἀμὴν
632 1044 672 1077 τῷ
688 1044 758 1077 Θεῷ.

146 1086 178 1122 β’.
196 1088 237 1114 Οὐ
254 1088 309 1122 γὰρ
331 1088 459 1122 ἑαυτοὺς
474 1090 682 1124 κηρύσσομεν,
699 1090 780 1117 ἀλλὰ
794 1090 904 1124 Κύριον

115 1132 239 1167 Ἰησοῦν
251 1134 392 1168 Χριστὸν,
405 1135 533 1169 ἑαυτοὺς
549 1135 584 1162 δὲ
606 1135 738 1169 δούλους
755 1135 840 1171 ὑμῶν
854 1135 903 1163 διὰ

115 1178 218 1211 Ἰησοῦ
230 1179 371 1213 Χριστοῦ.
387 1179 452 1207 Ὅτι
467 1181 484 1207 d
499 1180 573 1214 Θεὸς
586 1181 603 1207 ὁ
616 1180 709 1208 εἰπὼν
723 1181 757 1208 ἐκ
771 1181 902 1214 σκότους

107 1223 170 1258 φῶς
186 1224 316 1260 λάμψαι.

143 1273 178 1305 γ’.
198 1272 343 1306 ’Ἔχοντες
362 1271 396 1299 δὲ
410 1271 444 1300 τὸ
469 1272 543 1300 αὐτὸ
560 1273 683 1308 Πνεῦμα
698 1273 754 1308 τῆς
772 1273 902 1305 πίστεως

107 1316 157 1344 καὶ
174 1317 260 1352 ἡμεῖς
275 1319 456 1353 πιστεύομεν
472 1319 522 1346 καὶ
544 1319 710 1354 λαλοῦμεν.
729 1318 857 1354 Ἐξέκοψε
872 1319 901 1346 δὲ

106 1362 138 1390 τὸ
155 1362 229 1390 κατὰ
243 1363 276 1390 τὸ
292 1364 507 1399 γεγραμμένον.

142 1409 216 1446 Αὕτη
241 1410 258 1446 ἠ
287 1410 477 1447 νενοθευμένη
493 1409 541 1438 τοῦ
563 1411 727 1448 Μαρκίωνος
755 1411 899 1444 σύνταξις,

107 1455 208 1490 ἔχουσα
226 1455 277 1491 μὲν
291 1457 457 1492 χαρακτῆρα
476 1457 524 1484 καὶ
538 1457 623 1484 τύπον
641 1457 689 1484 τοῦ
709 1458 780 1484 κατὰ
793 1459 900 1485 Λουχᾶν

106 1501 292 1536 Εὑαγγελίου,
309 1503 356 1529 καὶ
382 1503 489 1530 Παύλου
507 1503 555 1531 τοῦ
576 1503 725 1531 ἀποστόλου
750 1504 799 1539 οὐχ
827 1503 897 1535 ὅλον,

1254 938 1335 965 nobis
1348 942 1390 965 est
1405 937 1448 965 Ill.

989 993 1015 1021 Ι.
1036 993 1170 1030 Quotquot
1192 993 1262 1021 enim
1281 994 1470 1028 promissiones
1496 994 1544 1022 Dei
1560 999 1632 1028 sunt,
1652 995 1680 1022 in
1697 994 1748 1023 illo

951 1043 991 1066 est
1005 1046 1016 1066 :
1032 1039 1090 1067 ideo
1108 1044 1134 1067 et
1147 1047 1194 1074 per
1205 1039 1292 1074 ipsum
1302 1048 1379 1068 amen
1391 1040 1446 1068 Deo
1461 1041 1484 1068 ⁷.

987 1086 1015 1114 2.
1029 1085 1092 1113 Non
1109 1086 1178 1113 enim
1198 1087 1372 1122 nosmetipsos
1391 1087 1578 1122 pra'dicamus,
1594 1087 1640 1115 sed
1653 1087 1748 1115 Domi-

952 1141 1015 1160 num
1031 1132 1123 1160 Iesum
1138 1132 1295 1165 Christum;
1310 1141 1357 1160 nos
1372 1138 1461 1160 autem
1481 1142 1568 1161 servos
1588 1139 1687 1161 vestros
1702 1141 1746 1167 per

951 1178 1044 1206 Iesum
1059 1178 1206 1206 Christum.
1230 1179 1363 1213 Quoniam
1383 1179 1454 1208 Deus
1470 1180 1515 1215 qui
1539 1180 1608 1207 dixit
1626 1180 1659 1208 de
1678 1185 1747 1207 tene—

953 1224 1007 1252 bris
1024 1225 1108 1252 lucem
1124 1225 1301 1259 splendescere
1315 1225 1337 1252 ⁸.

986 1271 1013 1298 5.
1031 1270 1165 1299 [labentes
1180 1276 1269 1299 autem
1292 1273 1412 1300 eumdem
1427 1273 1548 1307 spiritum
1569 1272 1632 1307 ﬁdei
1650 1278 1675 1299 et
1699 1281 1747 1300 nos

951 1318 1084 1345 credimus
1107 1323 1133 1345 et
1159 1318 1293 1354 loquimur
1308 1319 1330 1346 '.
1352 1319 1401 1347 L‘bi
1428 1327 1510 1347 voces
1535 1319 1597 1347 illas
1623 1320 1746 1352 sustulit,

950 1364 1019 1390 sicut
1034 1365 1160 1399 scriptum
1174 1369 1223 1392 est.

986 1408 1049 1437 Hmc
1078 1415 1121 1437 est
1149 1409 1296 1438 Marcionis
1324 1410 1475 1438 adulterina
1504 1411 1550 1438 illa
1580 1412 1744 1440 lucubratio.

950 1454 1015 1488 Quae
1044 1459 1098 1482 tam
1118 1455 1256 1491 Evangelii
1282 1457 1432 1484 secundum
1452 1456 1563 1491 Lucam,
1581 1466 1662 1493 quam
1681 1458 1745 1494 Epi-

950 1502 1082 1529 stolarum
1110 1501 1187 1529 Pauli
1215 1503 1330 1538 apostoli
1354 1503 1470 1531 formam
1500 1504 1674 1540 speciemque
1701 1513 1744 1534 re-

105 1547 138 1574 οὐ
160 1547 256 1576 πασῶν
277 1548 332 1575 τῶν
353 1549 436 1576 αὐτοῦ
454 1550 635 1582 Ἐπιστολῶν,
661 1549 730 1577 ἀλλὰ
754 1549 834 1586 μόνον
848 1550 899 1585 τῆς

957 1551 1114 1582 praesentat;
1129 1556 1180 1576 nec
1208 1556 1302 1576 earum
1329 1553 1420 1577 tamen
1447 1551 1581 1583 omnium,
1599 1551 1646 1578 sed
1671 1552 1746 1580 illius

105 1593 176 1629 πρὸς
194 1594 355 1630 Ῥωμαίους,
370 1596 480 1632 καὶτῆς
499 1596 567 1631 πρὸς
586 1596 740 1631 Ἐφεσίους,
766 1596 813 1623 καὶ
832 1596 900 1631 πρὸς

105 1638 267 1672 Εολοσσείς,
284 1642 332 1668 καὶ
357 1641 408 1676 τῆς
429 1642 497 1677 πρὸς
522 1642 681 1675 Λαοδικεῖς,
700 1643 748 1669 καὶ
771 1643 825 1669 ἀπὸ
850 1643 900 1678 τῆς

105 1685 175 1721 πρὸς
197 1686 340 1720 Γαλάτας,
368 1687 416 1714 καὶ
442 1688 491 1723 τῆς
521 1687 590 1723 πρὸς
606 1688 766 1724 Κορινθίους
788 1688 901 1724 πρώτης

105 1731 154 1757 καὶ
174 1730 318 1767 δευτέρας,
341 1732 387 1759 καὶ
409 1733 460 1769 τῆς
476 1732 546 1769 πρὸς
565 1733 771 1766 θεσσαλονικείς
787 1733 900 1770 πρώτης

105 1778 152 1804 καὶ
165 1778 305 1814 δευτέρας.
324 1779 372 1805 καὶ
389 1779 440 1814 τῆς
453 1780 522 1815 πρὸς
537 1780 686 1815 Φιλήμονα,
705 1781 752 1807 καὶ
763 1779 901 1816 Φιλιππη-

106 1823 191 1855 σίους,
204 1823 312 1858 καὶτῆς
326 1824 395 1859 πρὸς
414 1824 547 1859 Τιμόθεον
562 1824 675 1860 πρώτης
690 1825 737 1852 καὶ
758 1825 901 1861 δευτέρας,

105 1871 154 1897 καί
172 1871 240 1906 πρὸς
257 1869 350 1903 Τίτον,
369 1871 480 1906 καὶτῆς
498 1871 567 1907 πρὸς
585 1871 727 1907 Ἐϐραίους
744 1871 798 1898 τῶν
812 1872 898 1907 ἐμφε-

107 1915 229 1952 ρομένων
240 1916 305 1952 παρ’
318 1917 402 1951 αὐτῷ,
415 1916 452 1948 ὡς
466 1917 496 1943 οὐ
514 1917 706 1953 πληρεστάτων
716 1917 814 1950 οὐσῶν,
831 1917 900 1946 ἀλλὰ

105 1962 143 1994 ὡς
158 1963 187 1989 ἐν
204 1963 411 1999 παραχαράξει·
430 1963 599 1999 πανταχόθεν
613 1964 642 1990 δὲ
661 1964 712 1999 τὴν
730 1964 814 2000 αὐτὴν
835 1964 899 1991 σύν-

104 2006 181 2038 ταξιν
207 2008 487 2044 ἐρρᾳδιουργημένην,
511 2010 559 2036 καὶ
583 2009 612 2035 ἑν
632 2018 688 2036 τισι
712 2009 816 2043 λέξεσιν
837 2011 899 2038 ὲπι-

105 2056 225 2089 ποιήτως
240 2055 400 2091 προσθήκην
415 2055 541 2090 ἔχουσαν,
554 2056 605 2083 οὐκ
619 2057 659 2089 εἰς
672 2057 819 2092 ὠφέλειαν,
831 2057 899 2084 ἀλλὰ

105 2102 146 2132 εὶς
169 2101 286 2136 ἥσσονας
313 2103 362 2129 καὶ
391 2102 549 2135 ὲπιόλαόεἶς
578 2103 728 2137 ξενολεξίας
756 2104 828 2131 κατὰ
848 2104 899 2139 τῆς

105 2147 201 2181 ὑγιοῦς
215 2148 343 2182 πίστεως,
359 2149 391 2176 ἐκ
406 2148 453 2176 τοῦ
470 2148 554 2175 αὐτοῦ
574 2149 832 2186 ὲμὸεϐροντημὲνου
850 2149 897 2178 νοῦ

106 2191 290 2228 βοσκήματος.

951 1595 1084 1621 duntaxat
1096 1602 1157 1630 qua:
1172 1595 1206 1622 ad
1221 1594 1359 1623 Romanos
1369 1600 1412 1624 est
1426 1597 1527 1631 scripta
1540 1605 1547 1629 ;
1564 1601 1592 1625 et
1607 1597 1640 1625 ad
1657 1598 1745 1633 Ephe-

951 1640 1017 1672 sios,
1030 1644 1058 1667 et
1083 1640 1117 1667 ad
1141 1640 1319 1668 Col055enses
1333 1650 1340 1668 :
1355 1649 1458 1669 necnon
1475 1641 1509 1669 ad
1525 1641 1702 1676 Laodicenos,
1717 1646 1746 1671 et

950 1686 984 1712 ad
1012 1685 1134 1718 Galatas,
1158 1691 1185 1714 et
1208 1686 1241 1714 ad
1260 1687 1420 1715 Corinthios
1435 1688 1522 1723 prima
1546 1696 1578 1716 ac
1600 1689 1742 1722 secunda:

950 1731 1014 1759 item
1037 1732 1070 1759 ad
1088 1732 1357 1766 Thessalonicenses,
1386 1734 1474 1769 prima
1498 1738 1525 1762 et
1551 1734 1687 1767 secunda;
1709 1733 1742 1761 ad

950 1778 1134 1807 Philemonem
1146 1789 1153 1814 ;
1163 1780 1196 1808 ad
1208 1780 1412 1816 Philippenses;
1427 1781 1460 1808 ad
1473 1780 1644 1809 Timotheum
1656 1781 1753 1817 prima,

949 1830 977 1852 et
1005 1825 1144 1859 secunda;
1172 1826 1206 1854 ad
1246 1826 1402 1858 Titum,,ct
1436 1827 1468 1854 ad
1495 1827 1633 1856 Hebraeos.
1669 1827 1743 1860 Quas

949 1879 1046 1900 omnes
1067 1880 1122 1899 non
1145 1873 1275 1908 integras,
1292 1872 1339 1901 sed
1365 1873 1524 1908 depravatas
1547 1881 1580 1901 ac
1604 1873 1744 1900 mutilatas

949 1917 1108 1952 complexus
1126 1922 1178 1946 est.
1201 1918 1276 1946 Adeo
1291 1917 1411 1952 quidem.
1429 1922 1514 1946 totum
1539 1923 1568 1946 ut
1584 1917 1651 1945 illud
1673 1925 1742 1953 opus

949 1964 1021 1990 mala
1036 1963 1088 1991 [ide
1104 1964 1242 1995 vitiatum.
1260 1968 1287 1992 et
1302 1964 1465 1999 quibusdam
1487 1964 1652 1992 dictionibus
1667 1964 1744 1992 insu-

949 2017 998 2044 per
1013 2009 1114 2037 addilis
1134 2009 1326 2045 interpolatum
1345 2009 1438 2036 fuerit.
1452 2009 1528 2044 Quod
1544 2018 1598 2037 non
1618 2017 1743 2037 commu-

949 2055 993 2083 nis
1022 2056 1150 2083 utilitatis
1173 2055 1271 2091 gratia,
1294 2055 1341 2083 sed
1365 2055 1400 2083 ad
1423 2063 1519 2084 vocum
1541 2056 1742 2091 periculosissi—

949 2109 1021 2129 mam
1053 2102 1200 2130 novilatem
1227 2101 1416 2134 all‘ectandam,
1447 2101 1550 2129 furiosa
1579 2101 1624 2128 illa
1652 2101 1749 2130 bellum

949 2147 1040 2175 facere
1054 2148 1180 2177 instituit.

141 2239 235 2266 Ταῦτα
251 2239 280 2266 δὲ
303 2240 369 2276 ἡμῖν
384 2240 536 2275 πεπόνηται
559 2241 607 2268 καὶ
629 2240 897 2277 πεπολυπραγμὸνη-

985 2238 1067 2274 322
1083 2236 1147 2266 llaec
1161 2242 1250 2265 autem
1266 2237 1357 2265 omnia
1374 2244 1407 2264 ex
1421 2244 1464 2269 eo,
1481 2243 1561 2271 quem
1577 2243 1740 2263 commemo-

104 2294 149 2312 ται
160 2287 191 2312 ὲκ
205 2287 254 2322 τῆς
269 2287 332 2322 παρ’
343 2286 425 2314 αὑτοῦ
437 2288 446 2303 ¹
459 2287 679 2324 προλελεγμένης
692 2287 802 2324 γραφῆς
816 2288 896 2315 Ἀπο-

106 2331 202 2358 στόλου
217 2341 247 2359 τε
270 2332 317 2360 καὶ
332 2331 380 2359 τοῦ
403 2332 475 2360 κατὰ
493 2333 603 2362 Λουκᾶν
623 2333 806 2368 Εὐαγγιλίου·
826 2333 896 2361 ειδέ-

104 2386 149 2404 ναι
167 2379 177 2393 ¹
197 2378 284 2414 ἔχοιεν
309 2378 410 2411 πάντες
433 2379 459 2405 οἱ
485 2379 651 2415 πειρώμενοι
678 2379 829 2414 ἀντιλέγειν
860 2380 894 2415 τῇ

103 2424 187 2451 αὑτοῦ
215 2425 323 2461 πλάνῃ,
344 2425 385 2452 ὅτι
406 2424 441 2452 τὰ
468 2426 518 2461 μὲν
545 2425 763 2462 παρηλλαγμένα
785 2427 895 2462 ῥήματα

102 2471 174 2498 κατὰ
190 2471 365 2507 ῥᾳδιουργίαν
377 2472 535 2499 ὲντέτακται
545 2481 551 2486 ·
570 2473 621 2499 ὃσα
635 2472 663 2499 δὲ
678 2473 727 2499 οὐκ
744 2472 894 2508 ἐμφέρεται

103 2518 133 2544 ὲν
149 2519 205 2550 τοῖς
225 2517 336 2549 οἰκείοις
350 2517 445 2550 τόποις
460 2517 610 2553 συληθέντα
631 2517 750 2554 ὑπάρχει
773 2518 826 2545 ὑπὸ
844 2518 894 2554 τῆς

101 2563 186 2590 αὐτοῦ
205 2563 319 2600 τόλμης.
337 2564 431 2592 Ταῦτα
451 2564 506 2600 γάρ
523 2563 609 2590 ἐδόκει
629 2564 643 2590 ὁ
666 2563 807 2600 χτηνώδης
825 2564 894 2600 μόνα

102 2609 211 2635 ἐναντία
231 2607 311 2642 εἶναι,
330 2609 481 2644 ἀντιλέγειν
496 2610 529 2644 τῇ
552 2608 635 2636 αὑτοῦ
655 2608 816 2644 ἐπιπλάστῳ
834 2609 894 2636 ἐπι-

101 2655 171 2691 νοίᾳ.

140 2701 217 2728 Ἐστι
237 2702 266 2729 δὲ
285 2701 377 2738 τρίτον
393 2700 471 2736 ἡμῶν
485 2701 534 2736 τῆς
549 2701 710 2736 φιλοκαλίας
725 2701 756 2728 τὺ
777 2708 895 2735 συναγα-

100 2748 160 2783 γεῖν
174 2748 226 2775 ὅσα
241 2748 307 2784 παρ’
322 2747 397 2783 αὺτῷ
416 2755 446 2774 τε
466 2746 514 2774 καὶ
528 2748 593 2783 παρ’
610 2748 678 2783 ἡμῖν
694 2747 808 2784 εὓρηται
831 2755 894 2774 συν-

139 2860 149 2877 ¹
165 2868 210 2895 γρ.
231 2859 398 2896 παρξαὺτῷ.
449 2861 459 2876 ¹
474 2859 537 2888 For.
554 2860 596 2887 ἵνα
619 2859 668 2888 εὶδ.

104 2903 166 2928 xm,
186 2896 229 2924 lt.
267 2895 278 2912 ⁷
292 2895 313 2923 ll
328 2895 389 2924 Cor.
412 2896 491 2928 1,20.
530 2897 541 2912 "
554 2896 575 2923 ll
590 2896 653 2924 Cor.
671 2904 707 2930 iv,
724 2896 751 2928 5,
764 2897 790 2923 6.

717 2861 727 2874 ‘
740 2859 802 2887 Cor.
822 2867 879 2890 XIV.
899 2860 943 2887 2|.
966 2860 978 2876 ⁸
992 2859 1056 2889 ibid.
1075 2859 1119 2888 34.

830 2897 840 2911 ⁹
856 2895 922 2924 ibid.
940 2895 982 2923 13.

951 2285 1090 2316 ravimus,
1107 2283 1242 2318 Apostoli,
1263 2283 1456 2318 Evangeliique
1484 2281 1565 2309 Lucae
1590 2282 1669 2313 libro,
1687 2289 1741 2316 quo

948 2331 974 2359 is
990 2332 1087 2363 utitur,
1104 2337 1250 2365 excerpere
1267 2337 1300 2356 ac
1319 2329 1432 2364 seligere
1449 2329 1620 2367 studuimus.
1632 2327 1666 2356 Ut
1681 2329 1742 2363 qui-

949 2386 1057 2414 cunque
1080 2377 1212 2404 adversus
1236 2376 1308 2403 illius
1333 2384 1453 2404 errorem
1477 2375 1617 2411 disputare
1642 2375 1742 2402 fuerint

948 2424 1081 2460 aggressi,
1099 2424 1174 2459 prius
1193 2423 1345 2458 intelligunt
1362 2422 1484 2458 quaedam
1507 2423 1543 2450 ab
1559 2429 1592 2449 eo
1615 2429 1737 2449 commu-

949 2475 1005 2499 tata
1021 2469 1164 2502 vocabula,
1182 2477 1213 2496 ac
1231 2477 1278 2504 per
1291 2469 1413 2496 fraudem
1432 2476 1464 2496 ac
1479 2469 1607 2495 malitiam
1628 2468 1740 2495 inserta.

947 2516 1014 2550 Quae
1030 2523 1094 2544 vero
1111 2515 1169 2544 suis
1186 2516 1253 2543 locis
1276 2515 1388 2542 minime
1410 2515 1595 2550 reperiuntur,
1617 2513 1741 2548 ejusdem

947 2565 1012 2590 sunt
1035 2562 1149 2590 audacia
1176 2561 1327 2589 subtracta.
1346 2560 1409 2588 Haec
1427 2561 1499 2589 enim
1517 2560 1598 2588 homo
1616 2560 1741 2596 stupidus

947 2609 1005 2637 sola
1023 2615 1084 2637 esse
1098 2608 1231 2643 judicavit
1248 2607 1443 2636 commentitiis
1459 2607 1513 2635 illis
1528 2608 1587 2635 suis
1605 2607 1743 2642 opinioni-

947 2655 1000 2683 bus
1014 2655 1162 2682 contraria.

983 2701 1092 2728 Tertius
1102 2707 1166 2728 vero
1177 2705 1306 2736 praeterea
1320 2704 1466 2736 susceptus
1481 2707 1496 2727 a
1507 2699 1586 2727 nobis
1598 2703 1641 2727 est
1651 2698 1740 2731 labor,

947 2751 977 2775 ut
1005 2746 1034 2775 in
1057 2754 1141 2775 unum
1161 2746 1349 2775 conferremus
1373 2746 1476 2780 omnia,
1499 2745 1533 2774 de
1554 2745 1654 2781 quibus
1677 2751 1742 2772 cum

1171 2860 1205 2888 ⁸1
1221 2861 1284 2889 Cor.
1304 2869 1348 2893 xv,
1367 2860 1394 2888 1.
1433 2860 1443 2876 ⁸
1459 2858 1525 2887 ibid.
1541 2858 1575 2885 Η
1590 2865 1663 2893 sqq.;
1675 2863 1738 2885 Use.
