1952 3045
98 150 154 179 τευ

419 150 601 179 ADVERSUS
619 151 790 179 HERESES
810 151 874 178 [ΑΒ.
896 151 899 177 1

964 152 1023 179 Uti.
1046 150 1089 178 lil.
1110 165 1145 170 —-
1164 149 1301 178 ΗΛΞΒΕΞ.
1323 150 1403 178 XLII.

1690 151 1742 163 1'0

1707 170 1739 180 η,

139 206 250 242 Ἔλεγχ.
270 211 304 241 γ’.
319 206 371 234 Δ·ἶο
384 208 463 239 εὐθὺς
483 210 511 235 ἐν
529 209 631 244 ταυτῷ,
647 210 694 237 καὶ
707 211 720 236 i
732 211 769 237 Ξὲν
789 210 891 246 ἀνθρὼ-

983 209 1073 237 llel‘ut.
1098 210 1125 237 5.
1158 208 1216 237 Duo
1240 209 1321 237 simul
1349 210 1399 237 hoc
1425 209 1451 236 in
1474 196 1532 236 loco
1555 208 1680 236 Salvator
1706 209 1740 236 de

98 261 167 282 που,
182 252 228 278 καὶ
241 252 335 287 κύριον
353 253 491 282 Σαίὸάτου
505 256 600 282 ἑαυτὸν
615 257 628 282 ὁ
648 256 742 292 Σωτὴρ
755 256 891 292 ὁμολογεῖ,

99 297 246 329 διδάσκων,
261 298 304 325 ἵνα
323 299 360 333 μὴ
379 299 410 326 τὸ
427 301 565 328 Σάϐϐατον
583 301 723 338 ἀλλότριον
743 303 794 337 τῆς
809 302 891 329 αὐτοῦ

100 344 240 379 ποιήσεως
257 344 417 380 νομίζηται·
441 347 492 373 κᾶν
506 356 535 374 τε
553 348 667 383 ἔσχατον
679 349 687 364 ¹
706 349 771 380 Υἱὸς
787 348 892 384 ἀνθρώ-

101 397 156 415 που
174 389 227 416 ἀπὸ
242 390 292 425 τῆς
308 391 441 427 ὲνσάρκου
454 394 605 428 παρουσίας
622 395 719 430 mea.

139 436 217 471 Σχόλ.
233 436 263 464 δ’.
288 437 406 464 Ἰούδαν
425 439 628 474 Ἰσκαριώτην,
641 440 676 474 ὃς
689 441 808 475 ἐγένετο
822 449 880 475 προ

102 482 206 516 δύτης.
224 483 297 510 Ἀντὶ
313 484 341 511 δὲ
360 484 418 518 τοῦ,
443 486 552 521 κατέϐη
569 488 634 522 μετ’
653 487 762 519 αὐτῶν,
785 488 894 521 κατέϐη

101 528 140 555 ἐν
155 529 266 562 αὐτοῖς.

142 575 250 611 Ἔλεγχ.
265 576 296 604 δ’.
311 577 425 610 Ἰούδας
445 578 644 613 Ἰσκαριώτης,
654 579 688 613 ὃς
697 579 816 614 ἐγένετο
827 586 882 613 προ

103 621 203 656 δύτης.
223 623 302 654 Τίνος
324 623 406 657 λέγε;
425 625 536 656 Πάντως
553 625 601 652 τοῦ
625 625 834 660 συλληφθέντας,
851 624 896 651 ναὶ

104 667 159 702 μὴν
168 668 213 694 καὶ
223 668 268 694 ἐστ
273 677 303 695 zu
308 677 346 703 ρω
350 669 442 704 μένου,
450 670 496 696 καὶ
505 671 590 698 πολλὰ
598 680 632 698 πε
636 671 772 703 πονθότος.
780 671 842 703 Πῶς
849 669 896 698 οὖν

105 713 267 749 συλληφθεὶς
286 715 467 750 σταυροῦται,
484 717 498 742 ὁ
515 717 552 752 μὴ
574 717 626 744 ὑπὸ
647 717 718 753 ἁφὴν
735 718 896 744 ὑποπίπτων

103 759 177 786 κατὰ
187 759 233 786 τὸν
255 760 300 786 σὺν
316 761 404 794 λόγον,
420 758 442 787 ὦ
457 763 607 797 Μαρκίωνς
622 763 738 799 Δόκησιν
754 764 808 799 γὰρ
827 762 897 790 εἶναι

103 803 205 838 λέγεις.
221 804 430 841 Ἐλεγχθήσεται
442 807 470 833 δὲ
483 808 499 843 ἡ
513 808 626 835 ὑπόνοιά
639 817 684 836 σου
694 829 701 840 ,
717 809 778 835 ἀντὶ
792 809 839 835 τοῦ
851 817 897 842 γε-

103 850 237 886 γράφθαι,
253 852 352 879 Ἰούδαν
363 853 507 889 προδότην.
525 854 667 890 Προέδωκε
683 855 738 891 γὰρ
762 855 809 882 καὶ
824 864 897 891 παρ-

944 255 1035 289 scipso
1051 254 1194 289 proﬁtetur
1209 264 1216 282 :
1234 255 1363 282 nimirum
1376 255 1475 282 Filium
1491 255 1611 282 hominis
1627 262 1655 282 se
1667 262 1740 286 esse,

945 300 1110 337 Sabbatique
1121 301 1274 333 dominum,
1287 310 1321 328 ne
1340 301 1489 328 Sabbatum
1505 309 1519 328 a
1534 301 1675 328 molitione
1691 308 1739 328 sua

948 347 1096 374 abhorrere
1108 347 1281 381 crederetur;
1298 348 1406 375 etiamsi
1421 348 1492 383 quod
1506 352 1673 383 postremum
1687 352 1738 378 est,

945 392 1030 420 Filius
1049 393 1169 421 hominis
1185 393 1220 421 ob
1237 398 1406 429 assumptam
1421 402 1531 421 carnem
1550 393 1711 429 appelletur.

981 439 1073 467 Schol.
1091 439 1118 466 4.
1136 439 1236 466 ludam
1263 439 1421 470 Iscariaten,
1437 441 1483 475 qui
1507 439 1557 474 fuit
1585 439 1705 474 proditor
1718 439 1741 468 ³,

943 485 998 512 Pro
1012 493 1044 513 eo
1064 494 1128 513 vero
1140 485 1212 520 quod
1230 489 1282 519 est,
1297 485 1433 513 descendit
1450 494 1509 512 cum
1524 486 1588 520 ipsis
1601 486 1622 517 ',
1635 486 1727 512 desceu

945 532 984 559 dit
1000 533 1027 558 in
1045 532 1124 564 ipsos,
1141 532 1215 568 legit.
1605 551 1609 554 -

982 577 1073 605 Refut.
1091 578 1117 604 4.
1134 577 1221 605 ludas
1237 577 1393 609 Iscarioles,
1411 577 1457 612 qui
1469 577 1522 612 fuit
1539 577 1672 612 proditor.
1686 577 1741 605 Cu-

944 624 1053 659 jusnam
1075 623 1208 651 obsecro?
1228 623 1364 651 Nimirum
1389 623 1473 656 illius,
1497 625 1543 659 qui
1564 623 1735 658 compn-hcn»

946 678 1004 703 sus,
1022 670 1076 696 imo
1096 675 1122 696 et
1143 669 1171 697 in
1190 677 1299 697 crucem
1323 669 1448 697 sublatus
1472 670 1614 704 multaque
1632 677 1742 704 perpes-

947 724 994 744 Sus
1009 722 1061 744 est.
1084 715 1207 750 Quanam
1231 717 1314 751 igitur
1337 716 1444 743 ratione
1472 716 1688 751 comprehensus
1704 715 1739 742 af-

947 762 990 797 ﬁgi
1020 763 1096 790 cruci
1124 763 1235 798 poterit,
1265 762 1311 798 qui
1347 763 1513 790 contrectari
1543 762 1686 794 manibus,
1714 766 1742 790 υι

946 808 1096 840 existimas,
1114 816 1169 836 non
1188 813 1289 844 potest,
1315 817 1332 835 ο
1357 809 1478 836 Marcio?
1496 809 1570 836 Nihil
1585 809 1657 837 enim
1675 817 1739 844 pm-

947 860 989 881 ter
1003 854 1110 881 inanem
1128 855 1246 889 speciem
1265 853 1372 882 tribuis.
1389 855 1441 882 Sed
1459 856 1516 883 haec
1533 861 1578 883 tua
1595 855 1688 890 opinio
1703 855 1742 882 [εις

104 897 206 924 έδωχεν
221 898 261 929 εἰς
281 900 375 933 χεῐρ‹ς
390 899 541 934 ἀνθρώπων
560 901 606 927 τὸν
627 901 724 927 ἑαυτοῦ
744 901 895 937 Δεσπότην.

959 896 998 924 ile
1010 896 1194 929 convincitur,
1208 904 1241 924 ex
1265 904 1299 924 eo
1318 896 1390 932 quod
1411 897 1544 932 scriptum
1569 903 1622 931 est,
1643 896 1742 924 ludam

104 943 188 970 Οὐδὲν
205 943 234 970 δέ
253 952 282 970 σε
304 944 391 980 ὤνησε
411 945 441 972 τὸ
453 966 461 979 ,
480 946 594 980 Κατέϐη
614 948 649 974 ἐν
669 947 772 980 αὐτοῖς
795 947 895 982 λέγειν,

103 989 165 1015 ἀντὶ
177 989 235 1020 τοῦ.
255 992 320 1025 μετ’
340 992 445 1019 αὐτῶν.
468 993 505 1019 Οὺ
529 993 584 1028 γὰρ
606 993 719 1021 δύνασαι
744 994 896 1029 φαντασίαν

103 1033 217 1069 ὁρίζειν,
235 1035 281 1061 τὸν
299 1036 374 1072 παρὰ
391 1038 432 1063 σοὶ
446 1038 531 1065 κακόν
542 1039 551 1054 ³
568 1047 594 1066 τι
615 1039 729 1075 ὕστερον
753 1039 800 1066 im?
825 1040 898 1074 ἁφὴν

106 1080 241 1108 πίπτοντα
254 1081 441 1110 δεικνιτιιενον.

142 1213 221 1248 Σχόλ.
246 1212 277 1240 ε’.
300 1214 356 1241 Καὶ
386 1214 446 1248 πᾶς
471 1217 488 1242 ὁ
516 1215 608 1250 ὄχλος
631 1215 725 1248 ἐζήτει
752 1215 898 1243 ἅπτεσθαι

105 1259 200 1286 αὐτοῦ
219 1259 272 1287 Καὶ
287 1261 378 1294 αὐτὸς
390 1261 501 1296 ἐπάρας
516 1262 587 1295 τοὺς
603 1262 776 1297 ὀρθανίμοίς
792 1263 896 1295 αὑτοῦ,

107 1307 199 1334 καὶτὰ
213 1307 286 1343 ἑξῆς.

152 1353 258 1388 Ἐλεγχ.
273 1356 304 1381 ε’.
322 1353 386 1385 Πῶς
408 1353 488 1380 πάλιν
508 1355 523 1381 ὁ
540 1353 618 1389 ὄχλος
643 1354 758 1389 ἠδύνατο
779 1353 898 1389 aduocat

108 1398 155 1426 τοῦ
170 1400 242 1434 ἁφὴν
259 1400 296 1436 μὴ
313 1399 436 1435 {xcv-tog;
455 1400 552 1432 Ποίους
572 1400 601 1427 δὲ
618 1400 774 1435 ὀφθαλμοὺς
796 1400 898 1436 ἐπῆρεν

108 1446 149 1477 είς
163 1445 292 1481 οὐρανοὺς
306 1447 320 1472 ὁ
340 1447 372 1473 ὲκ
387 1447 486 1482 σαρκὸς
502 1446 540 1482 μὴ
556 1447 746 1482 ήρμοσμένος;
771 1446 840 1472 Ἀλλ’
856 1447 898 1473 ἵνα

108 1490 200 1527 δείξῃ,
225 1491 265 1517 ὃτι
292 1492 405 1528 μεσίτης
421 1492 488 1519 Θεοῦ
508 1493 556 1519 καὶ
579 1491 730 1528 ἀνθρώπων
757 1493 899 1528 ἄνθρωπος

109 1537 226 1573 Χριστὸς
247 1537 359 1572 Ἰησοῦς,
379 1538 449 1573 ἔχων
474 1538 509 1565 τὰ
526 1539 680 1574 ἀμφότερα,
698 1537 727 1571 ἐξ
746 1537 898 1574 ἀνθρώπων

111 1583 161 1619 μὲν
184 1584 232 1620 τὴν
255 1585 361 1620 σάρκα.
387 1585 419 1611 ἐκ
444 1585 471 1612 δὲ
492 1585 560 1612 Θεοῦ
585 1586 693 1621 Πατρδς
715 1585 765 1620 τὴν
785 1585 899 1621 ἀόρατον

109 1630 212 1656 οὐσίαν.

146 1721 242 1756 Σχόλχ.
265 1725 303 1754 ς’.
326 1722 407 1748 Κατὰ
418 1722 454 1748 τὰ
477 1722 552 1748 αὐτὰ
567 1722 691 1749 ἐποίουν
706 1722 767 1755 τοῖς
786 1722 901 1757 προεριὶ-

110 1776 176 1801 ταις
189 1769 216 1794 ot
231 1768 357 1802 πατέρες
371 1768 464 1803 ὑμῶν.

150 1815 264 1850 Ἕλεγχ.
285 1814 321 1848 ς’.
343 1816 373 1842 Εἰ
387 1816 533 1851 προῳητῶν
557 1816 703 1852 μέμνηται,
719 1817 769 1843 οὐκ
780 1816 901 1852 ἀρνεῖται

113 1862 256 1896 προφήτας
266 1869 273 1876 ·
294 1862 318 1887 εί
334 1861 437 1888 ἐκδικεί
450 1862 496 1888 τὸν
508 1861 564 1888 τῶν
587 1861 733 1897 προφητῶν
749 1862 837 1896 φόνον,
856 1862 903 1889 καὶ

112 1907 236 1939 ὀνειδίζει
259 1907 323 1939 τοὺς
340 1909 543 1942 πεφονευκότας
558 1917 588 1934 τε
608 1908 654 1935 καὶ
671 1908 835 1940 διώξαντας,
853 1908 903 1934 οὑκ

112 1952 253 1989 ἀλλότριος
282 1954 431 1988 προφητῶν
456 1954 600 1989 τυγχάνει,
627 1953 696 1980 ἀλλὰ
724 1954 790 1986 Θεὸς
814 1954 903 1980 αὐτῶν

114 1999 242 2034 ὑπάρχει,
255 2000 269 2026 ὁ
283 1999 332 2035 τὴν
345 1999 475 2026 σύστασιν
489 2000 579 2026 αὐτῶν
597 2000 766 2036 ποιούμενος.

149 2045 226 2079 Σχόλ.
242 2044 273 2076 ζ’.
293 2045 374 2080 Λέγω
390 2046 478 2080 ὑμῖν·
494 2046 650 2080 Τωσαὺτην
663 2046 766 2072 πίστιν
785 2046 856 2073 οὐδὲ
869 2047 904 2073 ἐν

113 2089 155 2123 τῷ
173 2091 297 2124 Ἰσραὴλ
314 2089 413 2125 εὗρον.

152 2137 261 2173 Ἔλεγχ.
278 2137 309 2170 ζ’.
321 2138 352 2164 Et
366 2138 426 2164 οὐδὲ
443 2138 471 2164 ὲν
485 2137 524 2173 τῷ
543 2137 650 2172 Ἰσραὴλ
668 2137 795 2172 τοιαύτην
813 2137 904 2165 πίστιν

115 2180 205 2219 εὗρεν,
221 2184 260 2216 ὡς
278 2185 306 2210 ἐν
329 2183 368 2219 τῷ
391 2183 445 2210 ἀπὸ
466 2183 552 2210 ἐθνῶν
571 2183 675 2210 ἐλθόντι
700 2184 902 2219 ἑκατοντάρχῃ,

913 1567 933 1594 C

946 941 1126 979 proditorem.
1141 941 1245 970 Revera
1265 941 1366 977 quippe
1385 942 1530 969 Dominum
1553 951 1633 970 suum
1650 943 1737 978 prodi-

947 980 1003 1021 dit,
1030 991 1057 1015 et
1082 987 1110 1015 in
1137 995 1235 1016 manus
1259 989 1399 1016 hominum
1422 989 1544 1016 tradidit.
1569 988 1661 1023 Neque
1679 996 1742 1016 vero

947 1041 1059 1061 causam
1083 1037 1158 1061 tuam
1186 1035 1320 1067 sublevat,
1340 1035 1424 1070 quod,
1444 1035 1583 1062 Descendit
1609 1036 1637 1062 in
1661 1036 1743 1070 ipsos,

948 1087 1014 1111 non,
1033 1088 1092 1106 cum
1107 1080 1182 1115 ipsis,
1198 1081 1384 1109 substituet-is.
1407 1081 1501 1117 Neque
1513 1083 1584 1109 enim
1601 1090 1681 1110 cassa
1697 1083 1732 1109 ad

948 1126 1128 1162 umbrataque
1145 1127 1238 1162 specie
1256 1127 1370 1155 delinire
1394 1132 1470 1163 potes
1494 1128 1587 1160 ιίίιιιιι,
1603 1137 1683 1163 quem
1704 1134 1743 1156 ta-

948 1176 993 1199 ctu
1015 1176 1171 1207 perceptum
1191 1173 1276 1202 fuisse
1295 1175 1397 1201 lateare
1414 1174 1472 1209 ipse
1489 1175 1530 1202 vel
1546 1175 1658 1203 invitus.

982 1219 1065 1255 324
1084 1219 1176 1247 Schol.
1191 1220 1217 1248 5.
1231 1220 1265 1247 Et
1278 1221 1362 1247 omnis
1379 1220 1457 1246 turba
1468 1221 1602 1260 qutzrebat
1615 1229 1674 1248 eum
1686 1225 1732 1248 (an

947 1273 1016 1299 gere.
1031 1265 1065 1292 Et
1081 1266 1144 1300 ipse,
1158 1266 1265 1293 elevatis
1281 1266 1364 1294 oculis
1384 1267 1439 1294 suis
1461 1267 1482 1299 ‘,
1497 1270 1549 1294 etc.

985 1354 1075 1381 Refut.
1093 1355 1119 1382 5.
1135 1355 1187 1388 Qui
1202 1355 1310 1383 tandem
1325 1359 1437 1392 tangere
1456 1356 1531 1383 illum
1550 1357 1630 1384 turba
1646 1357 1744 1392 potuit,

949 1401 995 1435 qui
1025 1405 1128 1428 tactum
1154 1409 1262 1428 onmem
1289 1401 1437 1437 ellugeret?
1454 1401 1595 1435 Quosnam
1626 1411 1690 1430 vero
1717 1403 1744 1430 in

949 1447 1048 1474 cmlum
1063 1448 1157 1475 oculos
1174 1448 1296 1480 sustulit,
1317 1449 1363 1484 qui
1388 1449 1500 1476 minime
1521 1457 1553 1476 ex
1578 1457 1661 1477 carne
1678 1457 1745 1476 cor.-

950 1494 1055 1520 stal'et?
1083 1494 1134 1522 Sed
1165 1498 1194 1521 ut
1221 1495 1330 1529 planum
1358 1494 1468 1528 faceret,
1495 1496 1670 1523 mediatorem
1699 1495 1744 1523 Dei

950 1544 977 1566 et
993 1539 1131 1567 hominum
1152 1541 1288 1567 hominem
1311 1548 1373 1568 esse
1399 1540 1538 1568 Christum
1552 1541 1645 1569 Jesum
1662 1543 1683 1574 ",
1698 1542 1744 1576 qui

951 1591 1097 1621 nurumque
1110 1586 1346 1621 complecteretur,
1361 1590 1444 1621 atque
1465 1587 1499 1614 ab
1521 1587 1676 1615 hominibus
1689 1595 1742 1614 car-

951 1640 1024 1664 nem,
1045 1640 1060 1659 a
1084 1632 1138 1660 Deo
1153 1641 1217 1660 vero
1246 1632 1326 1659 Patre
1352 1637 1476 1659 naturam
1504 1634 1662 1668 accepiSset,
1686 1641 1745 1668 qua-

950 1679 1092 1705 oculorum
1109 1678 1194 1705 aciem
1211 1678 1325 1713 fugeret.

987 1723 1078 1751 Schol.
1106 1723 1132 1750 6.
1158 1723 1307 1751 Secundum
1335 1724 1390 1752 Ιιιῑιε
1415 1725 1507 1752 eadem
1526 1725 1660 1762 faciebant
1686 1732 1746 1759 pro-

951 1769 1036 1805 phetis
1050 1775 1138 1804 patres
1157 1770 1237 1797 vestri
1251 1770 1273 1796 ⁸.

987 1815 1078 1844 Refut.
1100 1816 1126 1843 ϐ.
1150 1815 1218 1843 Cum
1237 1817 1430 1851 prophetarum
1457 1817 1624 1844 mentionem
1652 1815 1746 1847 faciat,

952 1861 1099 1896 prophetas
1125 1869 1179 1888 non
1203 1862 1338 1897 repudiat.
1363 1862 1488 1898 Cumque
1514 1862 1622 1889 illorum
1644 1861 1745 1888 czedem

953 1908 1112 1940 ulciscatur,
1128 1907 1215 1942 iisque
1229 1908 1274 1942 qui
1292 1907 1451 1935 occiderunt
1469 1915 1500 1934 ac
1523 1907 1656 1942 persecuti
1671 1909 1744 1938 sunt,

954 1953 1026 1981 istud
1040 1953 1128 1988 ipsum
1141 1954 1299 1988 exprobret,
1313 1961 1367 1980 non
1382 1961 1398 1979 a
1413 1952 1552 1988 prophetis
1567 1953 1683 1983 alienus.
1698 1951 1747 1979 sed.

953 1999 1110 2026 eorumdem
1130 1998 1201 2026 Deus
1215 1999 1276 2029 erit.
1289 2008 1302 2024 ιι
1317 2007 1372 2033 quo
1389 1999 1426 2025 illi
1444 1999 1576 2034 originem
1594 2002 1744 2026 traxerunt.

989 2045 1081 2073 Schol.
1098 2045 1123 2072 7.
1142 2045 1207 2071 Dico
1238 2045 1310 2072 vobis
1324 2066 1331 2078 ,
1349 2044 1409 2072 Non
1434 2045 1520 2072 inveni
1543 2049 1643 2071 tantam
1668 2045 1746 2079 ﬁdem

954 2099 1034 2125 neque
1048 2092 1074 2118 in
1090 2090 1178 2118 Israel
1194 2092 1216 2118 ν.

991 2136 1081 2164 Refut.
1099 2137 1122 2163 7.
1142 2135 1169 2163 δε
1187 2144 1222 2163 ne
1239 2137 1266 2163 in
1282 2135 1364 2164 Israel
1376 2136 1485 2172 quidem
1504 2140 1579 2162 tanta
1595 2139 1637 2163 est
1653 2136 1687 2162 ab
1701 2135 1750 2162 illo

956 2183 1022 2210 lides
1036 2183 1155 2214 inventa,
1171 2187 1273 2217 quanta
1291 2183 1317 2209 in
1334 2183 1494 2209 centurione
1509 2181 1556 2208 illo
1571 2181 1676 2216 gentili,
1692 2179 1748 2207 non

115 2230 170 2266 ἄρα
186 2231 216 2257 οὗ
234 2230 312 2265 ψέγει
326 2230 375 2266 τὴν
391 2230 438 2257 τοῦ
458 2230 567 2266 Ἰσραὴλ
587 2231 688 2257 πίστιν.
706 2231 737 2256 Et
755 2229 809 2264 γὰρ
828 2230 899 2256 ἀλλό-

959 2228 1038 2263 igitur
1055 2227 1162 2255 lsraelis
1183 2228 1262 2256 [idem
1286 2229 1460 2256 condemnat.
1477 2227 1529 2260 Qui
1545 2227 1567 2255 si
1582 2235 1597 2253 a
1614 2227 1667 2254 Deo
1681 2226 1746 2253 alie-

116 2285 191 2314 τριον
204 2277 214 2292 ³
228 2276 294 2304 Θεοῦ
308 2277 426 2312 ὑπῆρχε,
448 2278 495 2304 καὶ
511 2277 560 2304 οὐκ
580 2277 663 2304 αὑτοῦ
684 2277 730 2303 καὶ
752 2276 798 2302 τοῦ
819 2275 901 2303 αὐτοῦ

117 2323 234 2358 Πατρδς,
249 2323 299 2350 οὐκ
314 2323 346 2349 ἂν
363 2323 464 2359 ταύτης
478 2324 595 2350 ἐποιεῖτο
611 2323 656 2349 τὸν
671 2322 790 2350 ἔπαινον.

153 2369 230 2404 Σχόλ.
245 2372 278 2404 η’.
297 2369 527 2404 Παρηλλαγμένον
542 2369 582 2400 τὸ,
600 2368 752 2402 Μακάριος
766 2368 799 2401 ὃς
811 2368 847 2395 οὺ
862 2367 905 2403 μὴ

118 2414 330 2449 σκανδαλισθῇ
356 2415 391 2442 ἐν
406 2415 480 2450 ἐμοί,
508 2413 570 2450 Εἶχε
594 2415 648 2450 γὰρ
668 2414 705 2446 ὡς
726 2414 794 2450 πρὸς
816 2414 907 2441 Ἰωάν-

119 2469 168 2496 νην
185 2461 251 2495 (67).

156 2507 266 2542 Ἐλεγχ.
279 2510 314 2541 η’.
324 2507 412 2533 Κᾶντε
434 2506 502 2542 πρὸς
517 2507 644 2543 Ἰωάννην
663 2506 731 2542 ἔχοι,
745 2506 826 2533 χᾶντε
838 2505 906 2541 πρὸς

122 2552 203 2580 αὑτὸν
221 2553 266 2579 τὸν
287 2553 416 2588 Σωτῆρα.
439 2552 586 2588 μακαρίζει
609 2553 673 2585 τοὺς
697 2553 734 2588 μὴ
764 2551 907 2578 σκανδαλι-

121 2598 252 2634 ζομένους
264 2599 323 2634 ἤτοι
345 2600 373 2625 ὲν
396 2598 481 2633 αὐτῷ,
502 2599 560 2633 ἦτοι
576 2600 604 2625 ἐν
625 2599 752 2635 Ἰωάννῃ·
775 2598 818 2624 ἴνα
835 2597 870 2633 μὴ
889 2598 907 2625 ἂ

123 2643 161 2680 μὴ
177 2643 296 2671 ἀκούωσι
315 2644 380 2680 παρ’
404 2644 485 2670 αὐτοῦ
506 2645 611 2676 ἑαυτοῖς
633 2644 816 2670 πλάσσωνται.
830 2644 906 2678 Ἔχει

158 2723 166 2738 ¹
182 2722 243 2750 For.
259 2723 290 2750 τὸ
305 2722 396 2758 ἐτχατ.
407 2757 413 2758 7
427 2723 437 2739 ¹
449 2721 526 2758 (λη-ιζ.
545 2723 665 2750 κᾶχοντι.
694 2723 704 2738 ³
716 2721 777 2748 For.
796 2719 912 2758 ἀλλᾴτριὶ
927 2730 945 2754 5.

122 2764 154 2789 ll,
173 2758 200 2786 5.
238 2758 249 2774 ⁸
265 2757 390 2790 Ιιιιεένι,
402 2757 448 2786 ‘25.
485 2759 496 2775 ⁹
513 2757 580 2785 Luc.
593 2765 641 2788 vn.
657 2757 683 2785 9.
722 2757 743 2773 '°
759 2757 826 2784 ibid.
842 2757 888 2783 93.

159 2835 215 2870 (67)
232 2834 370 2864 Postrema
387 2835 482 2870 verba,
497 2832 553 2870 εἶχε
563 2835 618 2870 γὰρ
631 2834 668 2866 ὡς
682 2834 750 2870 πρὸς
768 2834 905 2870 Ἰωάννην,

123 2877 208 2906 supra
225 2871 252 2898 iu
271 2871 391 2898 locorum
409 2869 528 2897 indiculo
543 2869 608 2898 cum
621 2870 726 2897 schoiio
740 2870 756 2896 9
777 2869 908 2905 copulan-

956 2282 1008 2302 nus
1023 2277 1106 2307 esset,
1126 2282 1214 2309 neque
1236 2278 1283 2301 aut
1307 2273 1340 2301 ad
1362 2281 1402 2305 se.
1422 2278 1469 2300 aut
1482 2273 1514 2300 ad
1539 2272 1646 2299 Patrem
1666 2279 1750 2299 suum

957 2322 1095 2353 attineret,
1111 2328 1282 2355 nequaquam
1298 2321 1371 2347 illam
1389 2319 1556 2355 praedicaret.

993 2367 1086 2394 Schol.
1105 2367 1131 2394 8.
1151 2366 1282 2393 Mutatum
1309 2365 1382 2393 istud
1409 2369 1451 2393 est
1471 2374 1478 2392 :
1502 2364 1599 2391 Beatus
1624 2364 1668 2398 qui
1695 2372 1751 2390 mm

957 2413 1036 2448 fuerit
1053 2413 1251 2440 scandalizatus
1277 2413 1305 2439 in
1325 2420 1365 2439 me
1385 2411 1418 2440 “'.
1440 2411 1545 2446 Quippe
1563 2410 1596 2438 ad
1615 2409 1753 2438 Joannem.

957 2458 1138 2486 referebatur.

993 2503 1084 2532 Refut.
1101 2504 1126 2531 8.
1145 2503 1206 2532 Sive
1228 2503 1263 2531 ad
1284 2503 1428 2537 Joannem,
1445 2504 1502 2531 sive
1523 2502 1558 2530 ad
1577 2502 1666 2538 ipsum
1687 2501 1748 2529 Sal—

958 2555 1078 2579 vatorem
1095 2551 1238 2586 pertineat.
1253 2551 1348 2579 beatos
1364 2551 1426 2579 illos
1440 2558 1501 2579 esse
1513 2549 1685 2585 pronuntiat,
1701 2550 1746 2584 qui

958 2596 1135 2625 scandalizati
1152 2603 1206 2623 non
1221 2595 1322 2624 iuerint
1336 2596 1364 2624 in
1379 2604 1420 2628 se.
1434 2596 1477 2624 vel
1494 2596 1520 2623 in
1535 2595 1651 2627 Joanne.
1670 2603 1702 2622 ne
1716 2604 1746 2620 ρει

957 2643 1008 2670 sibi
1019 2643 1131 2678 ﬁngant,
1143 2650 1203 2678 quae
1218 2650 1233 2670 a
1247 2650 1276 2671 se
1290 2650 1345 2670 non
1362 2642 1507 2671 audierint.
1523 2641 1578 2670 Sed
1589 2642 1660 2669 inest
1671 2640 1749 2675 quid-

986 2722 996 2737 δ
1012 2721 1079 2750 Luc.
1093 2730 1131 2751 vt.
1145 2722 1186 2750 l6.
1232 2723 1242 2738 '
1259 2721 1326 2749 ibid.
1341 2721 1383 2750 Π.
1422 2722 1433 2738 ⁸
1449 2720 1516 2750 ibid.
1533 2719 1577 2748 I9.
1625 2719 1658 2746 ⁷1
1676 2717 1735 2746 Tun

959 2837 1012 2860 tur.
1033 2832 1196 2868 Scripserat.
1219 2832 1272 2868 nisi
1295 2831 1384 2866 fallor,
1404 2831 1515 2865 Marcio,
1531 2830 1561 2862 ὃς
1580 2828 1609 2856 οὗ
1635 2826 1749 2855 σκανδα-

961 2866 1117 2900 λισθήσετᾰιι
1132 2869 1160 2895 ἐν
1172 2866 1255 2900 αὐτῷ.
