1952 3045
233 148 283 176 751

921 151 951 180 S.
972 151 1151 180 EPIPHANH

1820 154 1879 182 τδὲ

233 205 297 232 dam
312 206 449 234 attentiori
464 207 682 237 consideratione
701 209 830 245 dignum;
846 211 924 246 cujus
940 212 1007 247 grati

1078 210 1106 237 δὲ
1119 211 1231 246 μείζονα
1242 212 1370 248 θεωρίαν,
1383 212 1418 240 δι’
1429 213 1472 248 ῆν,
1493 211 1586 247 φησιν,
1603 211 1715 248 εἴρηκεν
1727 211 1742 238 ὸ
1753 212 1854 249 Συτήρ
1863 221 1874 230 ο

232 251 278 279 illa
303 251 367 280 sunt
381 260 396 280 a
415 252 556 281 Salvatore
576 254 648 282 dicta
664 264 670 282 :
688 263 721 283 ne
731 256 792 291 quis
807 256 930 284 videlicet
944 257 1027 284 Joan-

231 305 306 330 nem,
326 306 382 333 quo
400 299 470 327 inter
491 304 570 328 natos
588 301 733 329 mulierum
751 302 882 338 majorem
900 311 961 331 esse
980 311 1027 330 ue-

230 344 332 372 minem
348 344 464 377 dixerat,
484 346 620 374 Salvatori
637 348 719 374 etiam
736 348 787 383 ipsi
805 348 1024 383 anteponendum

230 394 349 425 putaret,
365 392 438 426 quod
455 392 478 419 is
491 398 572 420 natus
591 397 664 421 esset
677 402 691 422 e
707 395 830 422 muliere.
850 395 892 423 0b
914 395 940 422 id
960 403 1026 422 con-

230 438 302 465 sulto
318 438 388 466 istutl
407 440 505 474 adjecit
523 449 529 467 :
549 440 582 467 Et
598 442 690 469 beatus
705 442 750 477 qui
772 451 824 469 non
843 442 924 476 fuerit
947 451 1023 470 scan-

229 483 364 511 dalizatus
386 485 413 511 in
432 493 482 512 me.
505 485 582 513 Unde
603 486 684 513 etiam
709 487 842 522 subjicit:
863 487 914 520 Qui
938 493 1024 515 autem

229 529 316 555 minor
333 534 372 556 est
391 530 418 556 in
437 538 525 565 regna,
548 531 631 566 major
655 537 694 559 est
719 532 776 566 ipso
795 532 814 559 ¹.
837 532 900 560 Erat
924 534 1024 568 quippe

229 574 361 602 Dominus
379 575 435 608 illo,
451 577 523 611 quod
539 578 572 604 ad
589 579 680 606 carnis
699 579 832 614 originem
850 585 964 614 spectat,
981 588 1023 608 se-

228 622 322 649 mestri
343 623 432 657 spatio
447 624 557 657 minor;
576 624 624 652 sed
649 626 677 652 in
701 633 787 661 regno
811 632 902 654 tamen
923 627 1021 662 major,

228 671 320 702 utpote
339 669 385 704 qui
405 674 431 696 et
445 669 528 704 ,illius
545 674 618 699 esset
634 670 717 699 Deus.
740 671 813 699 Nihil
829 673 901 700 enim
920 673 1022 709 Unige-

226 717 302 744 n'itus
317 717 386 744 ciant
400 718 535 750 dicturus,
551 724 598 747 aut
611 719 680 748 falso
692 721 890 756 praedicaturus
901 721 1020 749 advenit.

226 761 307 796 325
323 761 355 789 In
369 763 482 796 occulto,
499 765 598 799 inquit,
615 765 719 793 locutus
741 774 800 792 sum
819 766 895 799 nihil,
916 767 962 794 sed
974 775 1022 801 pa-

225 807 280 834 lam
294 809 314 835 ².
331 809 469 844 Siquidem
497 811 597 839 veritas
621 815 673 845 est,
701 818 730 839 ut
753 813 852 840 asserit
868 822 874 840 :
892 812 947 848 Ego
962 821 1021 840 sum

225 852 268 879 ria
281 857 305 880 et
320 855 416 882 veritas
438 855 459 884 '.
475 855 564 889 Quare
586 864 637 884 nec
659 864 781 885 errorem
802 858 884 886 habet
898 859 950 891 via,
968 867 1019 886 nec

1078 256 1122 282 ἵνα
1142 257 1236 292 μήτις
1251 258 1298 284 τὸν
1317 257 1429 294 μείζονα
1449 259 1478 285 ὲν
1498 257 1637 292 γεννητοῖς
1656 258 1795 291 γυναικῶν
1821 258 1873 284 ὑπ’

1077 302 1160 329 αὑτοῦ
1187 304 1322 338 ταχθέντα
1343 304 1470 339 Ἰωάννην
1494 304 1540 330 καὶ
1563 302 1646 330 αὑτοῦ
1668 303 1716 330 τοῦ
1741 304 1872 340 ἃντῆρος

1078 348 1190 384 μείζονα
1202 349 1312 386 νομίσῃ,
1327 349 1371 376 διὰ
1385 349 1416 376 τὸ
1428 350 1474 376 κα)⁴
1486 349 1566 376 αὐτὸν
1582 350 1614 376 ὲκ
1624 349 1753 384 γυναικὸς
1769 358 1874 384 γεγεν-

1076 394 1185 429 νῆσθαι,
1208 394 1386 429 ἁσφαλίξεται
1412 395 1460 421 καὶ
1481 395 1554 429 λέγει
1571 395 1616 421 τόσ
1643 395 1698 422 Kal
1717 395 1872 430 μακάριος

1075 439 1109 472 ὃς
1123 440 1178 467 ἐὰν
1193 441 1236 476 μὴ
1254 441 1467 476 σκανδαλισθῇ
1486 442 1520 468 ἐν
1535 442 1610 476 ἐμοί.
1629 441 1712 468 Ὅθεν
1727 442 1818 476 λέγει·
1841 442 1870 468 '0

1074 484 1108 511 δὲ
1122 486 1297 520 μικρότερος
1309 486 1364 521 (68)
1382 487 1417 513 ἐν
1429 485 1467 521 τῇ
1484 487 1630 520 ,βασιλείῃ
1644 486 1751 521 μείζων
1771 487 1869 514 αὐτοῦ

1073 531 1168 558 ἐστιν.
1184 529 1238 558 Ἧν
1253 533 1307 568 γὰρ
1323 534 1337 559 ὁ
1356 533 1452 568 Σωτὴρ
1472 533 1512 568 τῷ
1536 533 1625 568 χρόνῳ
1646 533 1717 559 κατὰ
1739 532 1788 568 τὴν
1811 532 1869 559 ἀπὸ

1075 578 1176 613 σαρκὸς
1192 577 1318 614 γέννησιν
1338 579 1499 614 μικρότερος
1512 578 1593 605 αὑτοῦ
1607 578 1784 614 ὲξαμηνιαὶῳ·
1803 579 1868 614 μεί-

1074 623 1128 656 ζων
1140 624 1168 651 δὲ
1188 626 1217 651 ἐν
1230 626 1263 660 τῇ
1281 625 1414 661 βασιλείᾳ,
1428 625 1508 661 δῆλον
1527 626 1565 657 ὡς
1584 625 1650 657 Θεὸς
1670 625 1763 652 αὑτοῦ.
1779 625 1867 652 Οὐδὲν

1072 669 1127 704 γὰρ
1142 667 1224 706 ἦλθεν
1236 671 1250 697 ὁ
1264 671 1420 706 Μονογενὴς
1434 672 1463 698 ὲν
1483 673 1575 706 κρυφῇ
1596 671 1722 706 λαλῆσαι,
1741 671 1758 706 ἢ
1776 679 1863 698 κατα-

1071 715 1224 751 ψεύσασθαι
1237 726 1264 744 τι
1277 718 1323 744 τοῦ
1339 718 1404 744 ἰδίου
1419 718 1607 754 κηρύγματος.
1621 718 1721 745 Φὰσκει
1739 718 1805 753 γὰρ,
1821 718 1864 745 ὅτι

1078 761 1130 788 Ἔν
1151 762 1253 797 κρυφῇ
1268 764 1425 798 λελάληκα
1442 764 1547 797 οὐδὲν,
1566 765 1646 791 ἀλλὰ
1657 764 1732 799 μετὰ
1748 765 1865 798 παρῤη-

1071 808 1152 841 σίας.
1174 808 1298 845 Ἀλήθεια
1313 810 1367 845 γάρ
1382 811 1467 842 ἐστιν,
1491 810 1529 842 ὡς
1544 810 1635 844 λέγει·
1660 810 1734 845 Ἐγὼ
1747 811 1766 844 ἠ
1791 810 1864 843 όδὸς

1071 853 1120 879 καὶ
1133 853 1152 886 ἠ
1168 853 1303 886 ἀλήθεια.
1316 855 1382 881 Οὐδὲ
1398 855 1488 881 τοίνυν
1499 855 1515 890 ἡ
1527 855 1585 887 ὁδὸς
1601 855 1705 890 πλάνην
1720 855 1787 890 ἔχει,
1800 854 1865 882 οὔτε

224 899 326 927 veritas
355 902 529 937 semetipsam
556 902 734 931 dissimulans
759 903 929 932 mendacium
954 913 1011 941 pro-

1069 899 1086 934 ἡ
1101 898 1214 934 ἀλήθεια
1228 899 1388 936 κρύπτουσα
1403 901 1502 936 ἑαυτὴν
1517 901 1592 928 λαλεῖ
1603 901 1632 928 τὸ
1645 901 1751 936 ψεῦδος.

224 943 354 1007 reglobo].
375 980 400 1008 9.
426 981 479 1008 llic
494 987 533 1009 est
550 984 582 1010 de
597 991 648 1017 quo
663 988 791 1018 scriptum
806 988 845 1011 est
861 991 872 1011 :
889 983 956 1011 Ecce
969 993 1017 1021 ego

224 1026 300 1053 mitto
314 1028 435 1062 angelum
452 1036 538 1055 meum
553 1034 614 1057 ante
627 1031 722 1065 [aciem
738 1037 811 1059 tuam
825 1033 846 1061 ⁸.

260 1115 350 1142 Refut.
383 1117 409 1144 9.
439 1117 467 1145 Si
495 1115 628 1147 Joannem
660 1121 818 1157 unigenitus
852 1123 900 1151 Dei
930 1123 1016 1153 Filias

223 1162 357 1196 agnoscit,
379 1169 552 1198 consequens
574 1169 626 1198 est,
649 1171 679 1193 ut
693 1172 755 1195 ante
770 1171 937 1203 cognoverit.
960 1170 1016 1198 Hoc

222 1207 284 1242 ipso
301 1216 366 1236 vero
382 1211 454 1244 quod
471 1217 534 1239 ante
549 1215 724 1248 cognoverit,
742 1216 865 1245 veritatis
883 1218 1015 1247 studiosis

221 1253 299 1281 illum
314 1262 375 1283 esse
391 1256 572 1290 demonstrat,
591 1259 624 1286 de
636 1267 690 1294 quo
704 1261 836 1296 scripturn
852 1263 888 1290 sit
911 1272 918 1290 :
935 1263 1014 1291 Mitto

223 1302 344 1336 angelum
358 1310 445 1330 meum
460 1309 521 1331 ante
536 1305 629 1339 facient
647 1310 721 1333 tuam
731 1307 751 1334 '.
768 1307 950 1341 Quamobrem
968 1311 1015 1344 qui

221 1347 259 1375 ita
273 1350 392 1384 scripsit,
414 1355 441 1378 et
455 1351 522 1378 dixit
537 1362 544 1380 :
561 1353 640 1381 Mitto
657 1355 778 1390 angelum
793 1365 879 1385 meum
896 1364 957 1386 ante
969 1360 1014 1395 fa-

220 1394 285 1420 ciem
299 1399 383 1428 luant,
401 1398 595 1432 sempiternus,
609 1400 731 1436 inquam.
758 1403 803 1431 ille
821 1404 904 1437 Deus,
922 1394 972 1442 qui
986 1409 1013 1436 in

220 1441 361 1476 prophetis
376 1450 408 1470 ac
422 1444 479 1480 lege
495 1445 604 1474 locutus
619 1452 671 1480 est,
691 1455 705 1475 a
725 1448 790 1477 Iesu
813 1441 1014 1482 Chl-istorFilio

220 1494 272 1514 suo
292 1495 464 1525 nequaquam
488 1492 634 1525 abhorret;
653 1501 715 1521 cum
733 1495 807 1524 illius
825 1502 888 1525 ante
904 1498 1011 1533 facient,

218 1533 347 1561 nimirum
371 1535 431 1563 Filii
456 1537 528 1572 apud
555 1538 662 1566 Patrem
689 1540 905 1575 honoratissimi,
927 1553 1007 1572 suum

219 1579 344 1614 angelum
367 1581 482 1609 miserit.
509 1582 601 1617 Neque
624 1584 697 1611 enim
720 1587 846 1620 angelum
871 1596 951 1615 suum
976 1589 1009 1616 ad
1026 1571 1048 1600 α

218 1624 300 1651 alicui
323 1625 484 1660 obsequium
510 1628 654 1664 allegaret;
679 1632 829 1665 praesertim
853 1633 888 1666 si,
914 1641 943 1661 ut
959 1635 1010 1669 ais,

218 1669 331 1705 Marcio,
347 1672 434 1700 eidem
451 1672 520 1701 foret
535 1676 702 1705 contrarius.

252 1760 345 1788 Schol.
376 1761 420 1790 10.
449 1763 483 1790 Et
511 1765 645 1800 ingressus
672 1768 700 1794 in
728 1768 836 1796 domum
865 1771 1008 1806 Pltariw-i,

215 1807 359 1836 discubuit.
385 1808 483 1837 Mulier
507 1816 595 1839 autem
621 1815 756 1847 peccatrix
785 1822 854 1844 retro
877 1823 951 1846 stans
974 1821 1009 1848 ad

214 1852 304 1888 pedes,
321 1853 568 1891 lacryniis_rigavit,
585 1863 610 1884 et
627 1859 713 1892 unxit,
730 1866 754 1887 et
770 1862 944 1890 osculabatur
958 1866 978 1892 ⁸.

250 1941 342 1970 Refut.
361 1943 405 1971 £0.
424 1943 482 1971 Hoc
499 1945 599 1980 ipsum,
618 1947 691 1981 quod
717 1947 852 1983 ingressus
875 1955 934 1983 est.
959 1952 1010 1979 ha-

214 1988 308 2017 buisse
327 1997 427 2025 corpus
446 1991 577 2019 ostendit.
598 1992 712 2021 Domum
732 1995 832 2030 quippe
850 2003 883 2024 ac
900 2005 1009 2026 mensu-

214 2043 273 2062 ram
288 2036 413 2071 corporis
429 2037 575 2072 signiﬁcat.
595 2037 665 2066 Tum
679 2041 839 2069 accumbere
855 2042 956 2070 nullum
973 2044 1007 2071 ad

213 2081 330 2108 alterum
349 2081 478 2116 pertinet,
496 2090 578 2117 quam
597 2083 632 2110 ad
652 2091 726 2116 eum,
744 2085 823 2119 cujus
840 2086 1008 2115 accumbens

213 2134 314 2161 corpus
327 2128 400 2155 mole
414 2128 450 2155 sit
467 2129 621 2163 praeditum.
639 2129 704 2157 lte-n
720 2131 791 2166 quod
807 2132 905 2160 mulier
920 2133 1008 2169 lacry-

213 2173 267 2200 mis
292 2173 375 2208 pedes
399 2174 502 2210 irrigat,
537 2183 590 2202 ncn
620 2176 766 2204 simulacra
796 2177 881 2206 fuisse
907 2180 1006 2214 pedum

212 2218 305 2247 inania
319 2219 499 2248 demonstrat.
521 2221 602 2248 Untrit
616 2223 697 2255 enim,
715 2228 739 2250 el
755 2224 861 2259 rigavit,
883 2230 908 2252 et
927 2235 1005 2254 oscu-

212 2265 270 2293 lata
284 2271 335 2298 est,
350 2275 450 2302 corpus
463 2268 572 2303 aliquod
588 2270 682 2304 procul
702 2270 785 2298 dubio
800 2275 986 2301 contrectans.

246 2312 338 2339 Schol.
359 2312 402 2339 Η.
416 2313 448 2340 Et
462 2313 559 2341 iterum
574 2323 581 2341 :
601 2313 666 2341 Hcec
683 2314 808 2350 lacrymis
822 2316 915 2351 rigavit
928 2318 1006 2352 pedes

211 2367 292 2391 meos,
309 2363 333 2385 et
353 2359 440 2392 unxit,
455 2364 479 2386 el
494 2359 615 2386 osculata
629 2365 668 2387 est

246 2447 338 2476 Reiut.
360 2448 403 2475 Μ.
422 2447 461 2476 Ne
480 2448 516 2476 ita
538 2452 692 2489 putares,o
711 2450 823 2485 Marcio,
839 2453 897 2481 sola
913 2453 1002 2481 homi-

208 2503 274 2522 num
301 2495 429 2530 opinione
453 2494 604 2523 Salvatoris
629 2497 712 2531 pedes
740 2497 854 2533 rigasse,
878 2500 1000 2533 unxisse,

209 2545 291 2576 atque
305 2540 456 2568 osculatam
470 2548 532 2569 esse
542 2542 697 2575 mulierem,
713 2543 783 2570 id..m
799 2544 856 2579 ipse
872 2544 1001 2573 Dominus

209 2586 371 2622 astipulator
384 2586 504 2620 accedit;
520 2594 552 2614 ac
565 2595 620 2614 non
632 2588 761 2623 opinione
782 2589 853 2617 istud
867 2591 1002 2619 accidisse

207 2631 277 2664 sola.
292 2631 340 2660 sed
358 2632 447 2668 reipsa
465 2632 649 2668 demonstrat;
667 2637 694 2661 et
711 2642 766 2661 non
781 2634 816 2661 ad
833 2634 1000 2665 Pliaristuum

253 2711 262 2727 '
279 2711 346 2740 Luc.
369 2719 417 2743 νη.
441 2711 487 2739 28.
549 2710 649 2739 ‘Joan.
665 2721 742 2746 xvui,
760 2713 786 2741 8.

245 2807 301 2842 (68)
321 2808 409 2844 '2094'
422 2807 514 2842 λέγει,
533 2810 549 2836 ό
564 2809 598 2835 δέ
612 2810 798 2844 μικρότερος.
816 2809 895 2843 Quod
908 2810 998 2838 mino-

210 2849 268 2869 rem
289 2850 318 2870 se
337 2842 464 2880 Christus
492 2842 620 2880 appellat
636 2842 671 2871 in'
690 2842 781 2880 regite
794 2842 936 2877 ccelorum,
962 2847 996 2874 ad

211 2881 319 2905 autem
343 2877 426 2906 refert
448 2877 518 2907 cu'a’
527 2878 678 2912 Epiphanio
696 2877 794 2915 Chrys.
814 2889 820 2909 :
835 2881 996 2917 μικρότερος

833 2714 844 2730 ⁸
861 2713 940 2742 Joan.
955 2724 1011 2749 ειν,
1029 2717 1056 2745 6.

209 2747 221 2763 ⁸
231 2746 297 2775 Luc.
315 2755 365 2779 vn,
381 2746 426 2774 44.
465 2748 475 2763 ⁷
489 2746 569 2776 Deest
580 2755 632 2775 vox
647 2748 723 2775 Υίοῦ.
760 2749 772 2763 ⁸
791 2748 872 2777 Deest
887 2750 1004 2785 ἔχοντος.

1102 985 1180 1021 Σχόλ.
1197 987 1229 1014 0’.
1245 988 1341 1020 Αὐτός
1356 988 1421 1015 ἐστι
1438 990 1504 1024 περὶ
1522 988 1558 1018 οὗ
1578 991 1756 1025 γέγραπται·
1784 991 1861 1018 Ἰδοὺ

1067 1031 1247 1059 ἀποστέλλω
1279 1033 1334 1060 τὸν
1362 1035 1493 1070 ἄγγελόν
1519 1045 1580 1070 μου
1611 1037 1669 1070 πρὸ
1695 1036 1861 1071 προσώπω

1066 1084 1135 1104 σου.

1105 1124 1214 1161 Ἔλεγχ.
1232 1126 1264 1153 θ’.
1276 1128 1307 1154 Εἰ
1323 1127 1500 1162 ἐπιγινώσκει
1521 1129 1535 1155 ὁ
1554 1129 1701 1164 μονογενὴς
1726 1129 1791 1160 Υἱὸς
1811 1129 1861 1156 τοῦ

1066 1170 1134 1197 Θεοῦ
1148 1172 1194 1198 τὸν
1217 1173 1354 1209 Ἰωάννην,
1371 1175 1417 1201 καὶ
1443 1175 1635 1210 προγινώσκει,
1661 1176 1862 1211 προγινώσκων

1066 1217 1095 1244 δὲ
1119 1218 1290 1246 ὑποδείκνυσι
1315 1223 1372 1252 τοῖς
1397 1221 1569 1256 βουλομένοις
1595 1222 1693 1248 εἰδέναι
1716 1222 1765 1258 τὴν
1789 1223 1861 1258 ἀλή-

1068 1263 1153 1296 θειαν,
1180 1265 1222 1291 ὅτι
1247 1263 1325 1299 οὗτός
1350 1269 1407 1294 ἐστι
1436 1268 1499 1304 περὶ
1524 1266 1555 1296 οὗ
1584 1268 1748 1304 γέγραπται,
1775 1269 1860 1296 Ἀπο-

1065 1309 1185 1337 meum
1203 1312 1256 1338 τὸν
1280 1312 1410 1347 ἄγγελόν
1425 1323 1485 1348 μου
1509 1314 1566 1348 πρὸ
1592 1315 1754 1348 προσώπου
1779 1323 1857 1342 σου·

1065 1355 1119 1391 ἄρα
1145 1357 1158 1382 ὁ
1183 1357 1302 1392 γράψας,
1320 1359 1366 1385 καὶ
1391 1359 1495 1386 εἰπών·
1521 1360 1708 1387 Ἆποστέλλω
1730 1360 1785 1387 τὸν
1801 1360 1858 1395 ἆτ-

1065 1403 1155 1436 γ-ελόν
1170 1412 1230 1437 μου
1247 1404 1304 1438 πρὸ
1321 1405 1482 1439 προσώπου
1499 1414 1567 1438 σου,
1593 1408 1608 1434 ὁ
1621 1407 1687 1440 Θεὸς
1707 1409 1721 1434 ὁ
1735 1407 1859 1440 αἰώνιος,

1063 1449 1078 1474 ὸ
1096 1448 1125 1474 ἐν
1142 1449 1198 1481 τοῖς
1212 1451 1366 1486 προφήταις
1381 1452 1501 1487 λαλήσας
1514 1453 1560 1480 καὶ
1574 1453 1602 1479 ἐν
1617 1453 1702 1488 νόμῳ,
1716 1454 1765 1480 οὐκ
1778 1454 1858 1480 ἀλλό-

1063 1503 1138 1530 τριος
1153 1492 1186 1530 ἦν
1201 1495 1247 1522 τοῦ
1260 1496 1343 1523 ialm"
1362 1498 1448 1532 Ἰησοῦ
1465 1499 1593 1533 Χριστοῦ.
1616 1500 1786 1527 Ἀποστέλλει
1800 1502 1857 1537 γὰρ

1064 1541 1146 1567 αὐτοῦ
1163 1541 1208 1568 τὸν
1224 1542 1337 1577 ἄγγελον
1350 1544 1402 1580 πρὸ
1423 1545 1568 1580 προσώπου
1592 1546 1684 1577 αὐτοῦ,
1701 1547 1755 1582 πρὸ
1771 1555 1856 1583 προσ-

1063 1587 1137 1613 ώπου
1154 1587 1219 1614 Υίοῦ
1236 1590 1268 1615 ὲκ
1285 1590 1390 1625 Πατρὸς
1404 1591 1570 1626 τιμωμένου.
1587 1593 1624 1619 Ut)
1637 1592 1691 1628 γὰρ
1706 1592 1855 1621 ἀπέστελλε

1061 1634 1107 1660 τὸν
1122 1634 1205 1660 αὺτοῦ
1229 1635 1345 1670 ἄγγελον
1361 1637 1495 1673 ἀλλοτρίῳ
1516 1639 1796 1675 ὲξυπηρετησόμενον,
1812 1641 1854 1667 εἵ-

1061 1691 1114 1718 περ
1129 1683 1176 1710 καὶ
1191 1683 1331 1715 ἀντίθετος
1346 1681 1379 1719 ἦν
1396 1683 1489 1717 αὐτοῦ,
1505 1685 1576 1712 κατὰ
1596 1685 1640 1712 τόν
1665 1694 1722 1718 σου,
1736 1683 1758 1712 ὦ
1775 1687 1854 1722 Μαρ-

1061 1729 1137 1759 κίων,
1155 1729 1243 1763 λόγον.

1096 1775 1175 1811 Σχόλ.
1195 1779 1220 1802 ι’.
1240 1775 1295 1803 Kal
1319 1777 1465 1804 είσελθὼν
1480 1779 1524 1811 εἰς
1545 1777 1599 1805 τὸν
1619 1777 1704 1806 οἷκον
1725 1779 1780 1806 τοῦ
1796 1781 1851 1806 Φα-

1057 1822 1182 1854 ρισαίου
1196 1823 1368 1857 κατεκλίθη.
1392 1824 1427 1851 'II
1442 1824 1476 1851 δὲ
1492 1824 1581 1860 γυνὴ,
1599 1826 1701 1853 στᾶσα
1721 1826 1818 1852 ὀπίσω
1831 1826 1853 1860 ἠ

1060 1866 1235 1901 ἁμαρτωλὸς
1263 1868 1344 1902 παρὰ
1366 1869 1437 1902 τοὺς
1463 1871 1569 1904 πόδας,
1593 1871 1695 1905 ἔϐρεξε
1719 1871 1782 1905 τοῖς
1798 1872 1851 1899 δά.-

1059 1921 1160 1948 κρυσι,
1175 1914 1225 1941 καὶ
1241 1914 1362 1950 ἤλειψε,
1382 1916 1431 1943 καί
1446 1918 1609 1952 κατεφίλει.

1097 1959 1206 1996 Ἔλεγχ.
1219 1963 1242 1987 ι’.
1258 1961 1304 1994 Τὸ,
1320 1963 1477 1996 εἰσελθὼν,
1500 1964 1580 1999 σῶμα
1598 1964 1733 1992 δείκνυσιν
1743 1973 1749 1980 ·
1777 1964 1851 1991 οἷκον

1058 2005 1114 2041 γὰρ
1128 2006 1246 2033 δείκνυσι
1261 2008 1309 2034 καὶ
1332 2009 1431 2045 μέτρον
1447 2011 1580 2046 σώματος.
1603 2012 1657 2038 Καὶ
1672 2012 1704 2039 τὸ
1719 2012 1849 2039 κατακλι-

1059 2049 1139 2085 Θῆναι
1158 2052 1264 2084 οὐδενός
1281 2054 1356 2081 ἐστιν
1371 2055 1429 2081 ἀλλ’
1448 2055 1464 2091 ἢ
1487 2056 1566 2092 σῶμα
1579 2057 1698 2093 ὀγκηρὸν
1712 2058 1742 2085 τὸ
1766 2067 1848 2085 κατα-

1058 2096 1183 2132 κείμενον
1198 2098 1219 2124 θ.
1235 2099 1290 2126 Καὶ
1304 2099 1334 2126 τὸ
1346 2100 1395 2136 τὴν
1409 2103 1526 2135 γυναῖκα
1549 2103 1642 2138 βρέξαι
1657 2105 1712 2136 τοῖς
1733 2104 1848 2140 δάκρυσι

1057 2143 1120 2174 τοὺς
1146 2144 1239 2177 πόδας,
1268 2146 1298 2172 οὐ
1320 2148 1471 2180 φαντασίας
1497 2148 1589 2181 πόδας,
1615 2149 1676 2176 οὐδὲ
1702 2150 1848 2186 δοκήσεως.

1058 2188 1180 2224 Ἠλειψε
1195 2190 1260 2225 γὰρ,
1275 2191 1325 2218 καί
1341 2192 1454 2226 ἔϐρεξε,
1471 2194 1519 2221 καὶ
1535 2196 1699 2230 κατεφίλει,
1715 2196 1765 2232 τῆς
1778 2196 1849 2233 ἁφῆς

1020 2241 1044 2270 D
1057 2235 1104 2262 τοῦ
1122 2235 1248 2272 σώματος
1261 2238 1443 2276 αἰσθανομένη

1092 2323 1169 2359 Σχόλ.
1204 2329 1248 2353 ια’.
1283 2326 1339 2353 Καὶ
1370 2327 1468 2354 πάλιν·
1500 2329 1581 2363 Αὕτη
1613 2329 1676 2364 τοῖς
1699 2330 1849 2366 δάκρυσιν

1054 2369 1157 2403 ἔϐρεξε
1179 2371 1250 2405 τοὺς
1269 2373 1365 2406 πόδας
1389 2383 1459 2409 μου,
1485 2375 1536 2403 καὶ
1566 2376 1686 2412 ἧλειψε,
1714 2378 1846 2406 καὶκατ-
1890 2411 1893 2413 _

1052 2416 1161 2449 εφίλει.
1417 2415 1422 2418 ’

1090 2460 1202 2496 Ἐλεγχ.
1226 2465 1271 2489 ια’.
1292 2463 1351 2490 ’Ίνα
1372 2465 1409 2500 μὴ
1425 2465 1550 2502 νομίσῃς,
1570 2463 1593 2493 ὧ
1606 2467 1748 2503 Μαρκίων,
1765 2468 1845 2503 μόνον

1055 2505 1213 2539 νομίζεσθαι
1228 2508 1303 2544 παρὰ
1318 2509 1473 2545 ἀνθρώποις
1488 2511 1538 2546 τὴν
1552 2511 1714 2548 ἁμαρτωλὸν
1730 2515 1844 2547 γυναῖκα

1054 2550 1117 2582 τοὺς
1145 2551 1229 2583 πόδας
1250 2553 1298 2580 τοῦ
1321 2554 1448 2591 Σωτῆρος
1473 2556 1567 2591 βρέξαι
1591 2566 1620 2584 τε
1646 2557 1694 2584 καὶ
1725 2558 1842 2594 ἀλεῖψαι,

1054 2594 1102 2621 καὶ
1117 2597 1380 2633 καταπεφιληκέναι,
1396 2599 1477 2631 αὐτὸς
1491 2601 1505 2626 ὁ
1520 2600 1615 2636 Σωτὴρ
1632 2601 1793 2633 ὲπιὸεὸαιοί,
1813 2604 1842 2629 οὐ

1054 2640 1125 2668 κατὰ
1143 2640 1254 2677 δόκησιν
1271 2643 1357 2671 ταῦτα
1380 2646 1544 2682 γεγενῆσθαι
1567 2646 1710 2680 διδάσκων,
1732 2647 1800 2675 ἀλλὰ
1815 2649 1844 2682 ἐξ

1108 2719 1119 2735 ⁸
1130 2718 1197 2748 Luc.
1221 2728 1268 2754 vn,
1280 2722 1326 2756 27;
1346 2723 1463 2752 Malach.
1479 2731 1522 2756 ιιι,
1535 2724 1562 2752 1.
1620 2724 1631 2740 ⁸
1647 2723 1715 2752 Luc.
1733 2732 1782 2756 vn,
1795 2725 1839 2752 56.

1050 2813 1123 2850 κατὰ
1136 2815 1185 2849 τὴν
1193 2814 1301 2850 illum
1314 2815 1361 2842 καὶ
1373 2815 1443 2842 κατὰ
1449 2814 1499 2850 τὴν
1510 2815 1565 2842 τῶν
1573 2814 1678 2844 πολλῶν
1685 2815 1779 2849 δόξαν,
1786 2819 1839 2845 etc.

1050 2847 1169 2878 Necnon'
1177 2847 1209 2878 et'
1218 2849 1301 2884 Beda,
1322 2850 1423 2887 aliique
1435 2847 1600 2887 complures.
