1952 3045
211 140 261 166 T35

209 195 384 229 [)ivinitatem
410 202 497 237 ipsam
519 213 554 232 ne
578 211 606 234 tu
627 209 736 243 quidem
761 211 875 240 audebis
898 213 1000 243 dicere.
1018 221 1039 249 Α

207 242 296 277 Atque
319 248 349 272 ut
371 248 491 277 maxime
513 242 641 285 audeasp
655 258 731 282 tuum
758 257 785 284 in
812 263 904 293 caput,
925 268 1003 288 exse-

206 289 320 321 craude,
340 292 485 322 maledicta
505 295 557 323 ista
574 299 706 328 recident.
724 301 776 329 Sed
792 311 872 331 neruo
889 309 940 339 cst,
954 308 1002 341 qui

205 340 260 361 non
284 335 419 373 intelligat
445 348 523 374 cum,
546 344 593 377 qui
619 345 701 373 homo
723 355 818 376 revera
842 351 876 378 sit
897 351 1000 386 factus,

206 387 303 408 somno
332 389 444 419 propter
475 394 576 423 corpus
609 390 774 427 indigentem
806 396 999 427 obdormiisse.

204 423 272 452 Nam
285 428 331 462 qui
346 429 421 457 illum
437 433 604 468 excitarunt,
620 445 673 464 non
692 439 792 466 larvam
806 442 935 477 aliquam,
951 446 998 472 sed

203 478 296 498 veram
315 473 434 504 hominis
452 483 578 507 naturam
596 486 809 515 contuebantur.
823 488 904 524 327
923 489 1000 518 Unde

203 519 230 542 et
258 519 384 548 manibus
417 526 623 560 concutientes,
655 533 916 569 eompellautesque,
938 544 1000 564 sese

202 561 279 590 illum
304 568 520 602 expergeiecisse
546 576 692 603 testantur.
718 577 835 614 Surgens
856 582 934 613 enim,
958 582 999 610 in-

201 608 271 642 quit,
289 610 334 638 ille
352 613 407 646 ipse
422 617 466 650 qui
489 617 645 652 dormierat.
668 631 750 652 carne
769 608 898 660 praeditus
915 627 996 662 Deus,

199 662 216 682 c
238 658 308 685 cado
329 660 465 697 delapsus,
489 671 600 701 propter
622 677 672 697 nos
687 678 769 699 carne
790 674 915 707 vestitus,
937 679 996 702 tan-

200 710 282 738 quam
303 706 384 735 homo
418 712 568 742 suscitatus
588 720 641 748 est,
676 718 723 745 sed
744 723 839 755 utpote
860 721 933 749 Deus
968 723 1112 759 increpavit
1147 735 1221 754 mare
1236 748 1243 761 ,

199 753 337 786 praestitit.

236 798 328 828 Schol.
348 803 388 830 Li.
408 804 440 831 Et
457 809 568 843 contigit
584 818 644 837 cum
661 812 722 844 iret,
738 818 767 840 ut
783 823 799 841 a
815 815 899 843 :urbis
920 825 994 844 com-

198 846 366 879 primerelttr.
389 849 423 876 Et
449 853 545 880 mulier
564 863 623 882 cum
646 858 773 893 tetigisset
793 861 880 892 ipsum
899 867 994 889 sanata

197 896 238 918 est
254 901 270 918 a
287 893 362 927 flumu
382 899 531 932 sanguinis.
546 899 580 926 Et
599 902 638 929 ait
655 903 805 933 Dominus:
822 907 888 939 Quis
902 916 942 935 me
959 913 996 936 te'
1012 901 1032 928 Β

198 938 323 972 tigit?Ac
339 949 448 969 rursum
465 954 471 971 :
492 945 588 982 Tetigit
604 957 643 976 me
662 951 770 986 aliquis.
787 952 860 980 Nam
873 962 919 990 ego
935 956 995 983 novi

196 983 318 1011 virtutem
331 986 362 1013 de
373 995 412 1014 me
425 990 511 1017 exisse
527 993 546 1018 ‘.

231 1028 325 1057 Κείοις
346 1032 388 1059 Η.
407 1033 473 1077 Cum
497 1037 554 1065 iret.
576 1038 635 1067 Non
659 1040 739 1074 dixit,
772 1052 832 1071 eum
859 1045 937 1079 irent,
960 1055 995 1076 ne

195 1074 274 1102 aliter
289 1077 375 1111 illum,
391 1074 472 1114 quain
490 1084 580 1111 cazteri
600 1086 651 1113 iter
671 1087 802 1118 facientes
820 1091 919 1126 solent,
942 1093 993 1120 ha-

195 1120 288 1149 buisse
301 1124 439 1154 crederes.
456 1128 535 1161 Quod
549 1138 616 1159 vero
629 1134 761 1169 scriptum
775 1140 827 1169 est,
839 1139 993 1172 comprime-

195 1165 273 1194 batur
291 1177 306 1195 ο
327 1171 422 1204 turbis,
443 1175 537 1209 utique
558 1165 694 1212 spiritum-
705 1181 886 1216 comprimere
906 1184 993 1212 turbae

194 1220 248 1240 non
262 1219 397 1249 poterant.
419 1217 472 1245 Sed
494 1224 522 1247 et
541 1223 650 1255 mulier,
668 1232 728 1259 quae
743 1226 831 1261 tetigit
846 1235 878 1254 ac
896 1233 991 1256 sanata

193 1263 246 1290 est.
262 1267 318 1287 non
334 1269 436 1296 aerem,
455 1265 502 1292 sed
520 1266 668 1296 humanum
691 1271 822 1305 quiddam
838 1274 910 1308 quod
926 1283 991 1302 con-

193 1305 303 1332 trectari
320 1314 413 1341 posset
425 1311 525 1346 attigit.
540 1312 573 1340 Ut
585 1315 657 1342 enim
674 1317 832 1345 ostenderet
847 1320 989 1348 mulierem

192 1356 292 1385 corpus
309 1352 382 1380 illius
399 1363 453 1382 non
470 1358 561 1391 specie
574 1360 632 1386 sola
652 1362 792 1397 tetigisse,
808 1364 880 1392 istud
897 1366 989 1400 ipsum

190 1391 374 1431 responsione
388 1409 436 1428 sua
452 1402 574 1431 declarat
592 1416 598 1433 :
618 1407 683 1440 Quis
703 1417 741 1435 me
757 1410 863 1445 tetigit?
880 1410 951 1438 Nam
965 1417 990 1439 et

191 1449 250 1469 novt
263 1444 382 1471 virtutem
397 1455 413 1472 (ι
428 1455 468 1474 me
483 1450 579 1478 exisse.

227 1489 321 1517 Schol.
359 1492 402 1520 15.

190 1534 254 1567 ipsis
270 1537 291 1562 '.

225 1579 316 1609 Rel'ut.
341 1583 384 1610 15.
408 1585 437 1612 Si
461 1587 488 1613 in
512 1589 612 1616 ccelum
638 1593 772 1626 suspexit,
796 1601 827 1621 ac
850 1595 986 1625 benedixit
1001 1581 1022 1609 C

189 1624 254 1656 illis,
272 1628 414 1656 oculorum
433 1634 674 1671 membrorumque
695 1639 862 1674 reliquorqu
886 1642 987 1672 l‘onuas

189 1677 243 1696 non
257 1673 348 1706 specie
363 1678 443 1703 tenus
460 1679 631 1712 prmlerebat.

225 1715 316 1745 Schol.
333 1719 375 1746 16.
389 1720 484 1750 Diccns
501 1733 508 1751 :
527 1725 634 1759 Oportet
650 1729 752 1758 Filium
770 1734 884 1761 hominis
902 1736 986 1764 multa

187 1762 256 1796 pati,
273 1768 298 1790 et
313 1766 408 1798 occidi,
423 1772 447 1794 et
462 1775 521 1802 post
538 1776 589 1798 tres
604 1773 659 1801 dies
674 1784 809 1816 resurgere
821 1780 842 1806 ³.

445 1493 598 1530 Suspiciens
633 1499 659 1525 in
694 1500 787 1527 cwlum
823 1502 989 1531 benedicelrat

222 1850 312 1879 Refut.
331 1853 363 1880 16
386 1855 454 1882 Cum
471 1858 589 1887 hominis
606 1861 714 1896 Filium,
731 1866 782 1893 hoc
798 1873 838 1896 est
852 1870 983 1905 seipsum,

186 1899 274 1932 etpati
285 1900 435 1928 etinterlici
452 1902 614 1939 Uuigeuitus
633 1908 678 1936 Dei
689 1910 774 1940 Filius
786 1899 910 1948 afﬁrmet,
927 1918 984 1945 haec

186 1944 316 1972 nimirum
333 1947 377 1973 illa
392 1955 488 1976 contra
504 1957 530 1979 te
543 1956 648 1982 securis
660 1962 711 1990 est,
726 1966 787 1993 quae
804 1961 910 1990 radices
922 1967 983 1992 tuas

185 1998 280 2017 omnes
301 1998 439 2027 amputat,
465 2003 481 2022 ο
507 1996 608 2025 Marcio
626 2001 659 2028 de
679 2003 765 2037 spinis
782 2010 885 2039 exorte,
903 2008 983 2036 nubes

185 2035 241 2062 sine
260 2045 340 2072 aqua.
362 2039 442 2067 arbor
462 2041 639 2078 infructuosa,
659 2053 683 2074 et
700 2051 864 2079 autumnalis
879 2055 899 2080 ⁸.
915 2054 982 2081 Nam

184 2085 211 2109 ct
226 2084 318 2110 statim
335 2086 445 2120 subjicit
464 2096 470 2114 :
488 2087 521 2115 Et
539 2096 597 2123 post
614 2097 665 2120 tres
681 2094 736 2122 dies
751 2105 894 2133 resurgere.
911 2099 981 2133 Quid

183 2134 226 2157 est
242 2135 334 2158 autem
348 2133 421 2167 quod
439 2143 583 2172 resurgere
602 2139 714 2173 dicitur,
731 2143 784 2171 nisi
800 2152 901 2180 corpus
914 2147 980 2175 illud
998 2167 1001 2169 -

184 2176 257 2209 quod
283 2185 395 2212 passuut
423 2185 475 2212 est,
503 2184 577 2218 atqui
598 2185 624 2212 iu
641 2188 808 2217 monimento
826 2193 981 2226 sepultum?

186 2220 284 2249 Umbra
296 2225 379 2258 cuitu,
395 2232 441 2254 aut
457 2235 564 2263 ventus,
583 2237 630 2259 aut
646 2235 770 2269 spiritus,
784 2241 832 2264 aut
845 2239 919 2267 larva
931 2249 978 2268 uc-

183 2276 236 2303 que
248 2269 328 2299 funus
337 2280 369 2300 ac
382 2275 564 2310 sepulturam,
579 2286 630 2306 nec
641 2284 870 2312 resurrectionem
882 2294 979 2321 capere
996 2275 1017 2303 θ

182 2316 327 2349 potuisset.

216 2361 309 2390 Schol.
327 2365 370 2392 Π.
385 2366 419 2393 Et
435 2376 493 2395 ecce
507 2370 557 2397 viri
569 2379 628 2398 eum
639 2373 689 2400 illo
704 2375 888 2411 loquebantur,
901 2378 977 2407 Elius

181 2409 205 2432 et
220 2405 325 2442 Moyses
336 2409 363 2435 in
378 2411 464 2445 gloria
478 2413 498 2439 ⁵.

214 2451 307 2482 Relut.
318 2455 361 2481 l’t.
383 2456 521 2490 Quantum
536 2463 662 2498 equidem
680 2465 779 2501 opinor
793 2467 869 2496 hisce
885 2469 976 2498 verbis

180 2497 235 2526 falx
245 2499 302 2532 illa.
317 2510 399 2537 quam
413 2504 563 2536 Zacharias
576 2517 774 2540 commemorat
788 2514 809 2547 ο,
827 2515 974 2544 adversum

179 2545 403 2582 tesigniﬁcatur;
416 2550 499 2586 328
522 2562 583 2589 qua:
603 2560 649 2584 tua
669 2559 760 2585 omma
776 2545 871 2588 contra
888 2562 972 2597 legem

178 2597 211 2618 ac
227 2593 373 2628 prophetas
389 2597 531 2626 mendacia
557 2602 692 2632 succidat.
712 2605 819 2633 Etenim
843 2603 977 2642 quoniam.

178 2645 335 2668 emersurus
355 2649 416 2670 eras
443 2644 601 2688 aliquando,
627 2649 674 2684 qui
699 2650 758 2686 lege
779 2654 973 2690 prophetisquc

179 2684 340 2721 repudiatis,
360 2695 376 2715 a
392 2687 534 2720 Salvator:
556 2684 671 2730 eiusque
687 2684 788 2732 gloria;
810 2706 843 2727 ac
866 2700 972 2729 caelesti

231 2765 239 2781 ¹
256 2765 321 2794 Luc.
334 2777 392 2802 vui,
405 2769 439 2798 42
452 2779 513 2806 sqq.

561 2775 572 2789 ³
585 2773 650 2803 Luc.
677 2784 715 2810 Ix,
735 2778 778 2806 16.
827 2780 837 2795 ³
850 2780 913 2808 ibid.
932 2781 976 2808 “2'2.

178 2807 287 2828 επαυσε.
708 2807 713 2810 ’
741 2819 745 2822 ·

225 2858 268 2892 7|)
287 2859 317 2886 Ti
330 2860 364 2886 δὲ
375 2862 407 2888 τό
424 2861 589 2897 ἐγερθῆναι.
605 2865 683 2893 Corr.
700 2868 819 2900 ἱγερϐιν.

920 154 946 183 S.
971 156 1141 187 l-ZPlPllANll

1797 169 1852 197 736

1054 219 1084 246 οὺ
1104 220 1252 257 τολμήσεις
1277 223 1377 258 λέγειν.
1401 224 1432 250 Εἰ
1455 224 1484 251 δὲ
1507 225 1559 252 κᾶν
1581 225 1679 259 εἴποις,
1703 226 1774 254 κατὰ
1796 228 1853 264 τῆς

1056 265 1139 292 αὐτοῦ
1167 267 1298 303 κεφαλῆς,
1326 268 1451 305 θεήλατε,
1469 270 1683 307 βλασφημήσεις.
1709 273 1795 300 Παντὶ
1819 273 1851 301 δέ

1053 320 1093 347 τῳ
1110 312 1188 348 δῆλόν
1210 315 1291 348 ἐστιν,
1317 315 1357 342 ὃτι
1383 315 1397 341 ὁ
1426 317 1455 343 ἐν
1482 317 1595 354 ἀληθείᾳ
1623 319 1849 356 ὲνανϐρωπήσας,

1055 357 1140 384 ὕπνου
1157 359 1276 395 χρῄζων,
1299 361 1342 388 διὰ
1365 362 1396 388 τὸ
1412 363 1568 398 σωματικὸν
1582 364 1716 393 ὕπνωσεν.
1735 366 1767 392 Οἱ
1792 366 1850 402 γὰρ

1054 404 1135 432 αὑτὸν
1149 405 1336 439 διυπνισαντες
1354 409 1384 435 οὐ
1401 408 1510 444 δόκησιν
1526 408 1606 443 εἶδον,
1628 411 1696 438 ἀλλὰ
1712 411 1850 448 ἐνανθρώ-

1054 459 1137 486 πησιν
1151 451 1291 488 ἀληθινήν.
1314 453 1422 489 Ἀμέλει
1446 457 1525 491 χερσὶ
1542 457 1691 491 κινοῦντες,
1717 459 1765 485 καὶ
1789 468 1850 494 φω-

1052 497 1184 532 νήσαντες
1200 498 1396 534 μαρτυροῦσιν,
1415 500 1455 527 ὄτι
1471 501 1595 538 ἤγειραν.
1619 503 1764 536 Ἀναστὰς
1778 504 1847 539 γὰρ,

1051 541 1145 576 φησιν,
1165 544 1182 569 ό
1194 544 1346 578 κοιμηθεὶς
1359 545 1425 577 Θεὸς
1442 547 1619 584 σαρκοφόρος,
1636 549 1651 575 6
1666 548 1714 575 ἀπ’
1728 550 1846 585 οὐρανοῦ

1051 587 1198 620 κατελθὼν,
1213 589 1260 616 καὶ
1274 590 1363 625 σάρκα
1378 591 1411 618 δι’
1423 592 1495 627 ἡμᾶς
1508 594 1723 630 ὰμφιεσάμενος,
1738 597 1844 632 ἠγέρθη

1052 633 1101 668 μὲν
1122 633 1161 666 ὡς
1185 635 1338 671 ἄνθρωπος,
1356 638 1519 673 ἐπετίμησε
1531 639 1559 666 δὲ
1582 640 1621 673 ὡς
1644 641 1710 674 Θεὸς
1733 641 1771 677 τῇ
1791 645 1846 670 θα-

1048 676 1165 714 λάσση,
1181 679 1228 706 καὶ
1242 681 1355 717 ἐποίησε
1371 682 1392 710 ⁷.

1274 731 1417 765 totumque
1452 731 1519 759 illud
1551 733 1741 762 admirandum
1773 736 1845 771 ορυ⁸

1085 817 1164 852 Σχόλ.
1179 817 1221 848 ιδ’,
1238 819 1374 854 Ἐγένετο
1393 821 1428 848 ἐν
1443 821 1483 855 τῷ
1506 823 1634 859 ὑπάγειν
1649 827 1752 859 αὐτὸν,
1767 830 1845 857 συγ-⁵

1048 862 1174 898 ἐπνιγον
1188 865 1283 891 αὐτὸν
1293 867 1320 892 al
1336 866 1430 901 ὄχλοι.
1449 868 1504 896 Kal
1526 870 1603 906 γυνὴ
1628 872 1766 909 ἁψαμένη
1787 878 1843 903 αὑ-

1046 909 1100 936 τοῦ
1117 909 1185 944 ἰάθη
1204 911 1258 938 τοῦ
1277 912 1410 947 αἵματος.
1438 914 1492 941 Καὶ
1513 914 1598 943 εἶπεν
1612 919 1630 944 ὁ
1650 920 1774 954 Κύριος·
1793 923 1844 955 Τίς

1043 963 1104 988 μου
1119 955 1220 990 ἥψατο
1226 965 1236 989 ;
1251 957 1298 983 καὶ
1312 958 1406 985 πάλινι
1430 959 1549 994 ’Ἥψατό
1564 963 1622 996 μού
1640 973 1695 997 τις.
1717 966 1772 993 Kal
1787 967 1843 1002 γὰρ

1046 1000 1143 1035 ἔγνων
1156 1000 1285 1037 δύναμιν
1308 1003 1496 1035 ἐξελθοῦσαν
1511 1007 1562 1033 ἀπ’
1579 1008 1663 1042 ἐμοῦ.

1083 1046 1192 1083 Ἐλεγχ.
1208 1048 1248 1076 ιδ’.
1258 1049 1310 1077 Ἐν
1321 1050 1362 1083 τῷ
1372 1051 1499 1087 ὑπάγειν
1512 1055 1615 1081 αὐτόν·
1633 1057 1680 1083 καὶ
1687 1057 1737 1083 οὐκ
1751 1055 1842 1092 εἶπεν,

1044 1092 1080 1118 ἐν
1099 1091 1140 1125 τῷ
1152 1093 1280 1128 ὑπάγειν
1296 1095 1407 1128 αὐτοὺς
1419 1116 1426 1128 ,
1448 1097 1492 1124 ἵνα
1516 1099 1552 1134 μὴ
1568 1099 1668 1136 ἑτέρως
1681 1102 1762 1129 αὑτὸν
1776 1112 1844 1140 σχη-

1046 1138 1154 1172 ματίσει
1180 1139 1256 1175 παρὰ
1275 1141 1326 1176 τὴν
1351 1142 1406 1168 τῶν
1432 1143 1642 1180 ὁδοιπορούντων
1668 1148 1842 1178 ἀκολουθίαν.

1043 1183 1081 1210 Τὸ
1105 1183 1144 1217 δὲ,
1169 1185 1357 1221 συνέπνιγον
1379 1189 1473 1215 αὐτὸν
1495 1191 1522 1216 ol
1542 1191 1637 1226 ὄχλοι,
1658 1194 1766 1230 πνεῦμα
1790 1197 1843 1223 οὐκ

1043 1229 1173 1264 ἠδύναντο
1196 1232 1360 1267 συμπνίγειν
1375 1235 1399 1260 οἱ
1416 1235 1499 1270 ὄχλοι.
1514 1236 1585 1273 Γυνὴ
1601 1238 1629 1264 δὲ
1646 1229 1772 1278 ἁψαμένη
1792 1243 1843 1269 καὶ

1044 1274 1160 1308 ἰαϐεῖσα,
1188 1277 1239 1302 οὐκ
1255 1277 1336 1312 ἀέρος
1350 1279 1448 1314 ἥψατο.
1468 1281 1536 1308 ἀλλὰ
1559 1283 1631 1318 ἁφῆς
1653 1285 1840 1321 ἀνθρωπείας.

1043 1319 1102 1345 Ἵνα
1116 1319 1172 1356 γὰρ
1193 1321 1277 1357 δείξῃ,
1297 1323 1337 1349 ὅτι
1363 1324 1423 1359 οὐχὶ
1438 1325 1547 1362 δοκήσει
1575 1328 1654 1363 μόνον
1676 1332 1692 1365 ἡ
1706 1319 1772 1367 ’ἁφὴ
1789 1333 1840 1360 τοῦ

1043 1364 1169 1400 σώματος
1192 1367 1273 1393 αὐτοῦ
1294 1368 1346 1394 ὑπὸ
1363 1370 1412 1404 τῆς
1435 1372 1564 1404 γυναικδς
1587 1375 1742 1411 γεγένηται,
1767 1378 1841 1405 διδά-

1043 1417 1100 1436 σκει
1116 1410 1203 1444 λέγων
1214 1419 1221 1426 ·
1245 1412 1292 1444 Τίς
1305 1422 1365 1446 μου
1381 1414 1480 1448 ἥψατο
1490 1424 1500 1447 ;
1524 1418 1577 1444 Καὶ
1595 1419 1651 1453 γὰρ
1671 1410 1768 1455 ἔγνων
1783 1421 1840 1449 δύ-

1038 1461 1130 1489 ναμιν
1144 1456 1333 1488 ἐξελθοῦσαν
1347 1460 1399 1486 ἀπ’
1420 1461 1504 1495 ἐμοῦ.

1075 1501 1154 1536 Σχόλ.
1177 1503 1217 1529 ιε’.
1246 1504 1429 1540 Ἀναϐλέψας
1448 1509 1491 1541 εἰς
1519 1509 1590 1543 τοὺς
1608 1511 1768 1546 οὐρανοὺς,
1783 1515 1839 1547 ηὑ-

1037 1548 1174 1582 νῖόγησεν
1195 1551 1317 1584 αὐτούς.

1075 1593 1184 1630 Ἔλεγχ.
1205 1599 1245 1622 ιε’.
1266 1597 1296 1623 Εἰ
1318 1597 1466 1633 ἀνέϐλεψεν
1490 1601 1531 1632 είς
1559 1601 1702 1637 οὐρανοὺς,
1725 1605 1773 1631 καὶ
1787 1606 1836 1641 ηὐ-

1041 1639 1156 1676 λόγησεν
1173 1642 1216 1668 ἐπ’
1230 1643 1339 1676 αὐτοὺς,
1356 1645 1387 1671 οὺ
1402 1645 1512 1681 δοκήσει
1536 1646 1593 1683 εἶχε
1608 1649 1663 1676 τῶν
1684 1659 1713 1677 τε
1733 1639 1835 1686 ὀφθαλ-

1042 1686 1101 1722 μῶν
1116 1687 1162 1713 καὶ
1175 1688 1229 1715 τῶν
1243 1689 1330 1717 ἄλλων
1356 1691 1445 1726 μελῶν
1462 1693 1496 1720 τὰ
1511 1695 1648 1729 σχήματα.

1076 1735 1154 1770 Σχόλ,
1174 1739 1221 1768 ις’.
1242 1736 1357 1772 Λέγων·
1375 1739 1426 1765 Δεῖ
1442 1739 1495 1767 τὸν
1518 1741 1587 1768 Υἰὸν
1599 1743 1654 1770 τοῦ
1676 1744 1835 1778 ἀνθρώπου

1039 1782 1140 1808 πολλὰ
1152 1782 1267 1815 παθεῖν,
1284 1783 1333 1812 καὶ
1348 1784 1582 1821 ἀποκτανθῆναι,
1602 1790 1651 1816 καὶ
1667 1791 1740 1824 μετὰ
1754 1791 1834 1826 τρεῖς

1038 1826 1152 1860 ἡμέρας
1165 1827 1331 1863 ἐγερθῆναι.

1077 1872 1186 1908 Ἐλεγχ.
1203 1873 1251 1906 ις’.
1264 1875 1295 1901 El
1309 1875 1372 1903 Υἱὸν
1384 1876 1526 1913 ἀνθρώπου
1539 1880 1586 1906 καὶ
1599 1880 1692 1907 παθεῖν
1705 1882 1751 1908 καὶ
1765 1882 1832 1909 ἀπο-

1038 1918 1187 1954 κτανθῆναι
1210 1920 1307 1947 ἑαυτὸν
1333 1922 1460 1957 ὁμολογεῖ
1483 1925 1497 1950 ὁ
1524 1925 1670 1961 μονογενὴς
1694 1927 1759 1959 Υἱὸς
1784 1929 1831 1955 τοῦ

1037 1963 1116 1996 Θεοῦ,
1138 1965 1208 1991 κατὰ
1233 1966 1280 1992 σοῦ
1297 1967 1375 2003 ἀξίνη
1397 1969 1472 1996 ἐστὶν
1498 1971 1567 2007 αὕτη
1589 1973 1761 2008 ὲκτέμνουσά
1783 1983 1829 2001 σου

1037 2011 1128 2038 πᾶσαν
1142 2011 1192 2047 τὴν
1208 2012 1297 2048 ῥίζαν,
1314 2011 1337 2041 ὦ
1353 2015 1383 2048 ἐξ
1402 2016 1528 2044 ἀκανθῶν
1551 2020 1733 2054 γεγεννημένε
1753 2021 1831 2057 Μαρ-

1037 2058 1113 2093 κίων,
1130 2060 1177 2086 καὶ
1201 2062 1313 2096 νεφέλη
1339 2062 1459 2099 ἅνυδρε,
1484 2065 1612 2100 δένδρον
1635 2076 1667 2094 τε
1692 2067 1831 2103 ἄκαρποι·

1035 2105 1084 2131 καὶ
1101 2108 1329 2142 φθινοπωρινόν.
1348 2109 1400 2137 Καὶ
1415 2111 1470 2147 γάρ
1486 2121 1552 2147 φησι
1570 2113 1667 2141 πάλιν·
1688 2115 1743 2142 Καὶ
1753 2117 1831 2150 μετὰ

1034 2151 1113 2184 τρεῖς
1144 2153 1257 2186 ἡμέρας
1273 2154 1440 2189 ἐγερθῆναι.
1459 2158 1492 2184 Τί
1506 2157 1534 2184 δὲ
1550 2159 1580 2185 τὸ
1596 2160 1742 2195 ἐγερθῆναι
1757 2161 1826 2197 (Ἡ),

1034 2196 1097 2222 ἀλλ’
1110 2197 1126 2232 ἤ
1150 2198 1217 2225 αὐτὸ
1227 2199 1257 2225 τὸ
1271 2200 1405 2233 πεπονθὸς
1420 2202 1467 2228 καὶ
1478 2203 1562 2238 ταφὲν
1581 2204 1610 2230 ἐν
1627 2205 1664 2240 τῷ
1682 2207 1827 2242 μνημείῳς

1034 2242 1151 2278 Δόκησις
1167 2244 1230 2280 δὲ,ἢ
1244 2244 1354 2281 ἄνεμος,
1371 2247 1387 2283 ἢ
1406 2248 1525 2284 πνεῦμα,
1539 2249 1710 2285 ἢφαντασία,
1718 2252 1828 2288 κηδείαν

1032 2288 1081 2315 καὶ
1099 2288 1189 2325 ταφὴν
1205 2291 1256 2318 οὐκ
1275 2292 1423 2329 ἐνεδέχετο,
1438 2295 1486 2322 καὶ
1503 2296 1661 2324 ἀνάστασιν.

1066 2379 1144 2414 Σχόλ.
1166 2380 1208 2413 ιζ’.
1234 2381 1291 2408 Καὶ
1313 2381 1377 2410 ιδοὺ
1399 2383 1507 2418 ἄνδρες
1522 2385 1716 2414 συνελάλουν
1732 2387 1824 2422 αὐτῷ,

1036 2425 1135 2460 Ἠλίας
1158 2428 1207 2454 καὶ
1224 2429 1357 2464 Μωυσῆς
1372 2430 1408 2456 ἐν
1420 2430 1505 2466 δόξῃ.

1068 2472 1177 2509 Ἔλεγχ.
1200 2474 1243 2506 ιζ’.
1263 2475 1351 2511 Τάχα,
1376 2474 1464 2512 οἴμαι,
1479 2477 1523 2505 διὰ
1537 2478 1591 2506 τῶν
1608 2479 1697 2514 λόγων
1719 2479 1824 2508 τούτων

1028 2516 1058 2543 τὸ
1078 2518 1156 2553 παρὰ
1178 2518 1219 2554 τῷ
1233 2519 1304 2555 ἁγίῳ
1325 2521 1448 2557 Ζαχαρία
1471 2522 1604 2558 δρέπανον
1627 2525 1697 2552 κατὰ
1714 2525 1771 2557 σοῦ,
1799 2523 1823 2553 ὦ

1028 2563 1171 2598 Μαρκίων,
1197 2564 1416 2599 ἀνατετύπωται,
1442 2567 1573 2603 ἐκτέμνον
1597 2577 1644 2596 σου
1661 2571 1750 2597 πᾶσαν
1772 2571 1822 2607 τὴν

1027 2610 1097 2636 κατὰ
1104 2611 1185 2646 νόμου
1195 2612 1240 2638 καὶ
1248 2614 1395 2649 προφητῶν
1403 2615 1528 2651 ἐπινενοη
1532 2616 1616 2652 μένην
1628 2616 1820 2654 ψευδηγορῖαν.

1033 2656 1143 2692 Ἐπειδὴ
1158 2657 1212 2693 γὰρ
1235 2657 1348 2693 ἔμελλες
1364 2660 1471 2688 ἀθετεῖν
1492 2662 1573 2697 νόμον
1597 2663 1644 2690 καὶ
1665 2665 1819 2700 προφήτας,

1026 2701 1186 2738 ἀλλοτρίους
1198 2703 1297 2737 αὐτοὺς
1313 2705 1425 2739 φάσκων
1440 2707 1488 2734 τοῦ
1503 2708 1629 2745 Σωτῆρος
1641 2711 1688 2736 καὶ
1711 2711 1761 2744 τῆς
1776 2711 1821 2736 αὖ·

1030 2782 1039 2797 “
1055 2781 1117 2809 .lul.
1135 2783 1162 2810 ‘2.
1212 2785 1222 2800 '
1238 2785 1304 2814 Luc.
1324 2794 1362 2819 1x,
1375 2786 1419 2815 51.
1475 2788 1485 2804 ⁸
1502 2788 1586 2815 Zach.
1604 2797 1629 2820 v,
1644 2789 1671 2816 ‘3.
1728 2789 1737 2803 '
1752 2787 1818 2818 For.
