1952 3045
131 146 181 174 737

469 143 652 174 ADVERSUS
671 143 840 172 ILERESES
860 143 925 171 LlB.
944 143 1057 171 LTOM.
1081 143 1123 170 lli.
1141 158 1176 164 -—
1198 142 1332 171 llASRES.
1354 143 1433 171 XLII.

1722 145 1773 173 738

131 204 176 232 σοῦ
191 204 282 240 δόξης,
297 212 345 231 και
367 205 417 240 τῆς
443 204 525 232 αὑτοῦ
547 204 641 232 ἐνθέου
663 204 848 236 διδασκαλίας,
874 204 922 239 ἀμ-

981 203 1105 230 doctrina
1130 202 1235 230 alienos
1256 209 1304 229 eos
1327 209 1388 230 esse
1409 201 1602 234 contenderes,
1627 206 1775 238 utrumque

130 251 261 287 .po-répou;
278 252 367 287 ἤγαγε
386 250 445 287 μεθ’
463 251 561 279 ἑαυτοῦ
577 252 606 278 ἐν
627 252 659 287 τῇ
680 250 733 286 ἰδίᾳ
746 250 829 277 αὑτοῦ
848 250 921 285 δόξη,

130 297 177 324 καὶ
196 297 279 330 ἔδειξε
305 299 362 330 τοῖς
388 297 471 325 αὑτοῦ
500 297 646 333 μαθηταῖς,
674 297 722 324 καὶ
750 298 774 323 οἱ
803 296 924 332 μαθηταὶ

131 343 196 378 ἡμῖν
219 344 266 370 καὶ
279 343 318 379 τῷ
344 344 450 380 κόσμῳ,
475 343 596 370 τουτέστι
615 343 696 370 παντὶ
709 342 845 378 ἀνθρώπῳ
863 341 924 376 βου-

130 389 236 425 λομένῳ
251 389 316 425 ζῆν·
335 391 377 417 ἵνα
394 390 438 417 διὰ
459 391 508 426 μὲν
523 390 571 417 τοῦ
587 389 706 425 πρώτου,
721 389 758 420 ὡς
783 390 811 415 ὲν
833 388 922 424 ἀξίνῃ,

130 435 178 462 σοῦ
202 436 273 472 τέμῃ
297 436 346 468 τὰς
364 437 452 472 ῥίζας,
472 437 516 464 διὰ
540 437 568 463 δὲ
591 435 638 463 τοῦ
663 436 801 471 δευτέρου,
825 435 862 467 ὡς
879 434 924 461 διὰ

130 482 265 518 δρεπάνου
286 483 332 510 τοῦ
358 483 437 518 λόγου
453 483 502 518 τῆς
520 483 659 518 ἀληθείας,
674 482 780 518 ἐκτέμῃ
798 490 844 507 σου
859 481 923 512 τοὺς

129 529 256 561 κλάδους,
281 529 345 560 τοὺς
364 529 396 556 τὺ
424 528 535 556 κώνειον
555 529 602 555 καὶ
623 528 771 563 θανάσιμον
797 528 852 558 τοῖς
877 528 923 553 ἀν-

129 574 250 609 θρώποις
265 575 445 606 ἐκποιοῦντας
463 573 578 610 γλοιὼδη
594 574 659 600 ὀπὸν
682 573 866 608 βλασφημίας.
890 573 923 599 Εἰ

129 621 185 655 γὰρ
202 620 341 656 ἀλλότριος
356 618 390 656 ἦν
407 620 527 655 Μωῦσῆς
542 621 556 646 ὀ
573 620 626 646 ὑπὸ
638 619 684 645 τοῦ
702 617 819 654 Χριστοῦ
839 617 923 644 πάλαι

129 667 286 699 πιστευθεὶς
305 667 350 694 τὸν
367 667 459 703 νόμον,
477 667 524 694 καὶ
547 668 571 692 οἱ
596 666 734 702 προφῆται
758 663 828 700 ἦσαν
845 663 923 690 ἀλ).ό‹

128 721 211 749 τριοι,
233 713 283 741 οὐκ
305 713 338 740 ἂν
364 714 456 745 αὐτοῖς
484 714 532 740 σὺν
554 713 627 748 αὐτῷ
647 714 675 739 ὲν
700 713 732 748 τῇ
762 713 814 748 ἰδίᾳ
839 710 922 738 αὑτοῦ

127 759 193 797 δόξῃ
209 760 396 786 ἀπεκάλυτπε.
420 760 507 786 Βλέπε
523 759 578 796 γὰρ
594 759 624 785 τὸ
644 758 746 794 θαῦμα,
765 759 805 785 ὅτι
818 758 878 785 οὐδὲ
894 759 923 785 ἐν

128 807 169 842 τῷ
191 807 311 841 μνήματι
335 806 446 836 τούτους
467 806 578 840 ἔδειξεν,
595 805 656 831 οὐδὲ
681 804 755 840 παρὰ
777 804 822 831 τὸν
843 813 924 831 σταυ-

130 853 178 889 ρόν
188 861 196 869 ⁸
211 853 267 879 ἀλλ’
285 853 329 879 ὅτε
351 852 382 879 τὸ
400 852 484 888 μέρος
497 852 547 888 τῆς
562 851 645 878 αὑτοῦ
664 851 744 885 δόξης
765 850 802 882 ὡς
816 851 856 882 εἰς
872 851 922 886 ἅρ-

976 248 1009 275 ad
1024 248 1091 275 illud
1108 247 1202 284 gloriae
1216 255 1273 275 sua:
1287 255 1319 275 ac
1334 248 1487 282 majestatis
1502 249 1620 284 speciem
1636 249 1772 282 adhibuit,

974 302 1007 321 ac
1023 294 1170 329 discipulis
1187 293 1246 321 suis
1268 293 1409 327 ostendit;
1427 294 1556 329 discipuli
1576 302 1659 329 porro
1680 295 1773 328 nobis,

974 347 1006 366 ac
1024 340 1074 367 toti
1095 339 1162 366 adeo
1179 339 1282 366 tnuntlo
1298 339 1499 374 signiﬁcarent,
1523 340 1575 367 hoc
1595 343 1637 367 est
1659 341 1773 368 cuilibet

974 385 1090 418 homini,
1107 385 1154 420 qui
1171 385 1234 413 vitae
1253 393 1285 412 ac
1307 386 1403 414 salutis
1425 385 1562 413 desiderio
1577 391 1712 414 teneatur.
1727 386 1774 413 Ni-

974 432 1075 458 mirum
1090 437 1119 458 ut
1132 432 1179 466 qui
1201 432 1288 466 primo
1308 432 1368 459 loco
1386 436 1554 460 memoratus
1573 438 1626 464 est.
1642 433 1724 461 ascite
1738 434 1774 460 sit

975 477 1082 510 instar,
1117 485 1177 512 qua:
1211 477 1318 505 radices
1352 483 1414 505 tnas
1457 478 1590 508 excidat;
1624 479 1693 506 alter
1731 480 1772 506 sic

974 527 1105 558 tanquam
1118 524 1243 551 veritatis
1258 523 1312 550 falx
1330 531 1421 550 ramos
1439 528 1501 551 tuos
1515 529 1648 558 amputet,
1662 533 1694 551 ex
1710 526 1774 559 qui-

975 569 1027 597 bus
1042 569 1138 597 cicutze
1160 570 1258 597 similis
1284 577 1315 596 ac
1337 570 1445 597 lethifer
1462 570 1508 597 ille
1524 578 1634 602 succus,
1651 572 1773 605 νίει-ίψιρ

974 622 1051 641 more
1075 614 1292 649 sequacissimus
1316 615 1489 648 exprimitur.
1520 614 1589 640 Nam
1617 615 1639 641 si
1668 615 1773 641 alienus

974 664 1048 688 esset
1062 660 1169 696 Moyses
1186 660 1241 692 ille,
1264 660 1308 687 cui
1330 660 1398 695 legis
1416 664 1457 687 est
1477 668 1491 686 ιι
1511 660 1621 688 Christo
1634 661 1771 695 quondam

974 706 1103 733 mandata
1117 707 1270 741 provinvia,
1284 706 1305 732 si
1319 706 1399 732 alieni
1414 707 1526 741 insuper
1539 707 1688 742 prophetae,
1704 715 1771 733 nun-

974 760 1056 787 quam
1078 760 1127 780 eos
1146 760 1238 779 secum
1263 760 1311 779 sua
1335 753 1379 778 illa
1404 752 1429 778 in
1450 753 1536 787 gloria
1556 757 1772 787 repru‘senlaret.

974 797 1004 825 In
1019 806 1073 833 quo
1087 799 1150 834 quid
1168 799 1289 825 mirabile
1302 798 1459 833 contigerit,
1473 799 1669 827 animadverte.
1679 799 1773 833 Neque

975 844 1047 871 enim
1073 844 1133 870 illos
1162 845 1188 870 in
1212 844 1337 878 sepulcro
1353 864 1360 876 ,
1385 849 1430 872 aut
1457 845 1490 872 ad
1513 853 1622 872 cruectn
1641 853 1773 879 apparere

130 899 242 934 ραϐὦνα
257 899 323 935 ἡμῖν
337 899 525 929 ἀπεκάλυπτε,
537 899 597 924 τότε
610 899 673 930 τοὺς
689 898 793 932 ἁγίους,
805 897 922 924 Μωῡσέα

981 890 1078 922 voluit;
1096 890 1142 918 sed
1166 895 1231 917 tunc
1254 891 1356 921 solum.
1376 899 1438 918 enm
1457 891 1611 926 splendoris
1629 892 1671 918 sui
1688 891 1773 926 parti-

127 944 159 970 τέ
176 953 246 979 φημι
261 944 308 971 καὶ
328 944 431 975 Ἦλίαν,
454 943 513 978 ἅμα
528 943 602 978 αὐτῷ
623 944 742 979 ἢγαγεν,
765 944 840 975 ὅπως
857 951 923 977 συγ-

129 988 316 1024 κληρονόμους
332 989 381 1024 τῆς
397 988 480 1016 αὑτοῦ
500 988 637 1024 βασιλείας
659 989 758 1020 αὐτοὺς
785 988 922 1024 ὑποδείξῃ.

167 1122 245 1157 Σχόλ.
267 1125 311 1157 ιη’.
339 1122 387 1148 Ἐκ
401 1121 456 1156 τῆς
469 1121 600 1156 νεφέλης
614 1120 697 1156 φωνή
708 1129 714 1134 “
732 1118 825 1153 Οὗτός
839 1119 925 1146 ἐστιν

129 1170 147 1195 ό
170 1168 236 1202 Υἱὸς
250 1177 310 1203 μου
331 1170 347 1195 ὁ
368 1169 531 1203 ἀγαπητός.

169 1215 279 1250 Ἐλεγχ.
298 1218 343 1250 ιη’.
364 1214 448 1241 Παντὶ
471 1223 510 1250 τῳ
525 1213 604 1249 δῆλόν
624 1214 706 1245 ἐστιν,
728 1213 798 1248 ὅτιὴ
827 1212 924 1247 νεφέλη

130 1261 182 1288 οὐκ
206 1261 278 1287 ἐστιν
304 1260 441 1296 ἀνωτάτη,
469 1260 531 1286 οὕτε
556 1260 628 1296 ὑπὲρ
651 1259 764 1295 οὐρανὸν
795 1259 923 1295 ὑπάρχει,

130 1307 199 1334 ἀλλὰ
214 1308 242 1334 ἐν
258 1307 292 1342 τῇ
308 1306 369 1333 καθ’
384 1307 459 1342 ἡμᾶς
474 1306 577 1332 κτίσει·
596 1306 657 1333 ὅθεν
672 1307 689 1341 ἠ
706 1305 781 1340 φωνὴ
798 1306 867 1340 πρὸς
879 1305 925 1331 τὸν

131 1353 246 1388 Σωτῆρα
271 1352 383 1388 ἠνέχθη.
403 1352 435 1378 Εἰ
458 1352 547 1378 τοίνυν
566 1353 580 1378 ὁ
597 1351 691 1387 Πατὴρ
706 1351 753 1378 καὶ
776 1351 805 1377 ὲν
826 1351 924 1386 νεφέλῃ

129 1398 218 1430 λαλεῖ,
238 1398 422 1425 ὑποδεικνύων
447 1399 503 1429 τοῖς
524 1397 656 1433 μαθηταῖς
675 1398 720 1424 τὸν
744 1397 827 1424 αὐτοῦ
849 1397 925 1430 Υἰὴν,

129 1446 182 1472 οὐκ
202 1445 280 1476 ἄλλος
299 1445 374 1472 ἐστὶν
390 1446 404 1472 ό
421 1440 601 1480 Άημιουργὸς.
618 1443 686 1471 ἀλλὰ
700 1445 714 1471 ό
737 1444 830 1475 αὐτὸς,
846 1444 861 1470 ὁ
879 1443 925 1470 καὶ

129 1491 175 1518 διὰ
198 1491 312 1526 νεφέλης
332 1491 371 1525 τῷ
388 1491 445 1526 ίδίῳ
471 1490 528 1525 Υίῷ
555 1490 742 1526 μαρτυρήσας,
763 1489 810 1516 καὶ
827 1489 856 1516 οὐ
871 1489 926 1516 τῶν

129 1538 202 1574 ὑπὲρ
217 1537 330 1574 οὐρανὸν
346 1537 435 1573 μόνων
449 1536 597 1569 δεσπόζων,
613 1536 651 1568 ὼς
662 1535 744 1568 αὐτὸς
762 1537 887 1571 φάσκεις.

166 1629 244 1664 Σχόλ.
267 1628 310 1656 ιθ’.
337 1627 483 1662 Ἐδεήθην
497 1627 557 1654 τῶν
568 1627 709 1662 μαθητῶν
729 1635 798 1655 σου.
817 1625 880 1662 Εἶχε
895 1627 923 1653 δὲ

131 1675 209 1711 παρὰ
234 1674 276 1706 τὸ,
297 1675 353 1701 οὐκ
378 1673 579 1708 ἠδυνήθησαν
604 1673 743 1700 ἐκϐαλεῖν
763 1673 847 1706 αὐτὸ,
873 1673 922 1700 καὶ

129 1721 207 1757 πρὸς
220 1720 331 1753 αὐτούς
341 1729 348 1736 ⁸
364 1718 402 1747 Ὦ
414 1720 501 1754 γενεὰ
514 1719 652 1752 ἄπιστος,
666 1719 721 1752 ἕως
736 1719 808 1746 πότε
819 1719 925 1751 ἀνέξο-

130 1776 182 1800 μαι
201 1766 303 1802 Mulir;

170 1825 281 1859 Ἔλεγχ.
303 1823 346 1850 ιθ¹.
366 1823 413 1855 Th,
439 1823 494 1856 ἕως
519 1822 605 1854 πότε,
625 1822 758 1857 ὲνσάρκου
773 1821 924 1857 παρουσίας

130 1871 229 1907 χρόνου
256 1871 314 1896 ἐστὶ
337 1869 515 1904 σημαντικόν.
540 1869 595 1896 Καὶ
618 1868 659 1901 τὺ,
685 1865 723 1895 Ὠ
744 1870 832 1902 γενεὰ
857 1868 924 1894 ἄπι-

131 1927 206 1951 στος
216 1927 223 1933 ·
239 1917 277 1948 ὡς
292 1916 347 1943 τῶν
364 1915 512 1952 προφητῶν
520 1915 566 1942 ἐπὶ
581 1915 620 1949 τῷ
635 1915 747 1950 ὀνόματι
762 1914 844 1942 αὑτοῦ
862 1915 923 1941 θεο-

132 1966 234 2000 σήμεια
258 1963 453 1999 ἐργασαμένων
484 1962 533 1989 καὶ
566 1961 805 1994 πεπιστευκότων,
840 1961 878 1992 ὡς
909 1961 924 1987 ὁ

138 2011 230 2042 Ἠλίας
251 2010 408 2046 εὑρίσκεται
435 2008 520 2036 ποιῶν
558 2009 605 2035 καὶ
636 2008 802 2039 Ἐλισσαῖος.
827 2009 874 2034 καὶ
899 2009 923 2034 οἱ

131 2057 217 2086 ἄλλοι.

168 2104 246 2138 Σχόλ.
273 2107 307 2131 κ’.
335 2104 362 2129 Ὀ
387 2103 442 2138 γὰρ
470 2101 537 2134 Υἱὸς
559 2101 614 2128 τοῦ
639 2100 797 2135 ἀνθρώπου
818 2100 924 2135 μέλλει

132 2149 352 2184 παραδίδοσθαι
370 2150 414 2182 εἰς
435 2149 536 2184 χεῖρας
555 2147 727 2181 ἀνθρώπων.

171 2195 332 2231 Ἐλεγχ.’κ’.
350 2196 415 2222 Υίοῦ
432 2195 586 2231 ἀνθρώπου,
602 2194 649 2222 καὶ
668 2193 922 2229 παραδοθησομένου

132 2242 174 2273 εἰς
188 2242 281 2277 χεῖρας
304 2241 468 2276 ἀνθρώπων,
485 2241 516 2266 οὐ
533 2239 670 2275 δοκήσεως
685 2240 701 2274 ἡ
721 2238 849 2273 ἔμφασις,
864 2239 924 2265 οὐδὲ

133 2287 293 2319 φαντασίας,
304 2286 371 2313 ἀλλὰ
383 2285 508 2321 σώματος
524 2285 572 2311 καὶ
588 2284 677 2320 μελῶν
693 2283 801 2318 θεωρία.

168 2365 245 2401 Σχόλ.
270 2369 322 2392 κα’.
344 2364 421 2390 ουδὲ
445 2364 533 2390 τοῦτο
556 2363 724 2398 ανέγνωτε,
743 2363 772 2390 τι
798 2363 924 2397 ἐποίησε

132 2411 222 2438 Δαϐίδ
229 2419 237 2442 ;
253 2409 404 2443 Εἰσῆλθεν
420 2410 463 2441 εις
475 2409 529 2435 τὸν
542 2406 626 2435 οἷκον
639 2408 693 2436 τοῦ
709 2408 795 2435 Θεοῦ.

171 2456 281 2491 Ἐλεγχ.
307 2459 358 2482 κα’.
384 2455 415 2481 Et
437 2452 511 2482 οἶκον
528 2454 596 2481 Θεοῦ
612 2454 712 2489 φάσκει
728 2453 773 2481 τὸν
787 2452 860 2480 οἷκον
874 2453 925 2488 τῆς

133 2503 209 2538 παρὰ
231 2502 369 2534 Μωῦσὲως
390 2501 536 2536 γενομένης
566 2500 767 2537 σκηνοπηγίας,
787 2500 836 2526 οὐκ
861 2499 924 2526 ἀθε-

132 2550 175 2575 τεῖ
190 2548 235 2575 τὸν
253 2548 344 2583 νόμον,
360 2547 420 2574 οὐδὲ
441 2548 485 2574 τὸν
507 2547 572 2574 Θεὸν
589 2547 635 2573 τὸν
653 2546 808 2582 λαλήσαντα
831 2548 860 2573 ἐν
885 2545 925 2581 τῷ

131 2595 216 2631 νόμῳ.
242 2594 307 2620 Θεὸν
327 2593 382 2629 γὰρ
404 2593 485 2620 αὑτὸν
501 2594 609 2628 φάσκει,
624 2594 653 2625 ὃς
674 2593 747 2619 ἐστιν
764 2593 847 2620 αὐτοῦ
868 2593 926 2619 Πα-

131 2641 196 2676 τὴρ,
212 2640 228 2675 ἢ
249 2639 330 2669 αὐτὸς
349 2639 514 2673 Μονογενής.
541 2638 626 2665 Εῖωθε
642 2638 697 2673 γὰρ
715 2637 810 2672 Τριὰς,
829 2637 924 2673 Πατὴρ

132 2687 179 2714 καὶ
204 2686 268 2717 Υἱὸς
290 2686 338 2712 καὶ
362 2685 440 2719 ἅγιον
467 2684 587 2720 Πνεῦμα,
614 2685 734 2720 ἐνεργεῖν
753 2683 781 2710 ἔν
800 2692 829 2710 τε
849 2683 923 2718 νόμῳ

133 2734 180 2760 καὶ
206 2732 358 2768 προεξήταις
385 2730 433 2757 καὶ
460 2730 651 2764 Εὑαγγελιοις,
677 2730 725 2756 καὶ
752 2730 923 2764 ὲνλὶποστό-

132 2778 199 2811 λοις.

171 2871 180 2888 ⁸
198 2870 266 2900 Luc.
283 2879 320 2904 lx,
335 2871 379 2898 35.
418 2871 427 2886 ¹
446 2870 481 2898 ibi
494 2870 511 2897 l.
525 2869 569 2902 40,
581 2870 624 2897 Μ.

976 937 1066 963 culum
1084 937 1163 964 nobis
1180 937 1251 964 velut
1265 938 1444 965 arrhabonem
1456 946 1485 964 ar
1497 938 1594 973 pignus
1605 942 1770 973 aspergeret.

976 982 1044 1009 Tum
1069 984 1141 1010 enim
1167 988 1279 1011 sanctos
1303 984 1365 1011 illos
1388 992 1480 1011 secum
1507 983 1615 1019 Moysen
1636 988 1663 1010 et
1686 984 1772 1012 Eliam

976 1029 1099 1061 addtnit,
1119 1035 1148 1056 ut
1162 1030 1284 1064 ejusdem
1303 1038 1396 1058 secum
1419 1031 1493 1067 regni
1512 1031 1670 1066 participes,
1685 1039 1716 1057 ac
1731 1039 1774 1058 so-

975 1077 1032 1105 cios
1046 1086 1107 1105 esse
1122 1082 1298 1105 monstraret.

1011 1122 1103 1150 Schol.
1127 1123 1170 1150 18,
1195 1122 1219 1149 Ε
1235 1123 1301 1150 nube
1320 1131 1389 1150 vox:
1407 1123 1457 1150 llic
1477 1128 1516 1150 est
1537 1123 1624 1151 Filius
1645 1132 1717 1150 mens
1731 1123 1774 1150 di-

975 1168 1058 1195 lectus
1080 1168 1097 1196 ί.

1010 1213 1102 1241 Refut.
1121 1214 1164 1241 13.
1184 1214 1356 1242 Manifestum
1373 1215 1460 1242 cuivis
1477 1219 1529 1246 est,
1545 1215 1652 1250 opinor,
1672 1215 1771 1243 nubem

975 1267 1064 1295 neque
1089 1268 1217 1295 suprema
1245 1261 1272 1287 in
1301 1261 1425 1296 regione.
1451 1269 1540 1295 neque
1560 1269 1642 1296 supra
1671 1263 1771 1290 coelum

975 1314 1054 1340 esse;
1071 1307 1116 1334 sed
1136 1307 1162 1334 in
1180 1307 1231 1334 hac
1247 1307 1337 1334 infima
1356 1307 1527 1334 conditarum
1549 1316 1640 1335 rerum
1653 1310 1773 1336 statione

975 1354 1080 1380 versari
1092 1362 1099 1386 ;
1115 1353 1187 1379 unde
1202 1361 1253 1380 vox
1265 1357 1307 1380 est
1320 1354 1353 1380 ad
1367 1353 1536 1381 Salvatorem
1549 1353 1669 1389 delapsa.
1687 1354 1772 1389 Igitur

976 1400 999 1426 si
1018 1400 1051 1427 de
1071 1400 1142 1427 nube
1163 1400 1270 1427 locuttts
1293 1399 1383 1432 Pater,
1412 1400 1509 1427 Filium
1533 1408 1613 1428 suum
1629 1401 1772 1435 disr-ipulis

976 1447 1105 1479 ostendit,
1127 1453 1181 1473 non
1207 1446 1276 1473 alius
1294 1454 1354 1473 esse
1373 1450 1462 1480 potest
1487 1446 1628 1477 Conditor,
1650 1454 1731 1481 qnam
1750 1447 1774 1474 is

976 1491 1034 1526 ipse
1046 1492 1092 1527 qui
1107 1500 1155 1526 per
1169 1492 1268 1519 nubem
1281 1491 1351 1519 Filio
1365 1499 1415 1519 suo
1427 1492 1612 1519 testimOnium
1624 1492 1750 1527 praestitit
1762 1502 1771 1521 :

976 1545 1026 1564 nec
1043 1538 1071 1564 in
1092 1545 1124 1564 ea
1147 1537 1247 1569 solum,
1268 1544 1329 1572 qua:
1344 1538 1413 1564 cmto
1433 1536 1575 1572 superiora
1593 1540 1667 1568 sunt,
1684 1537 1773 1564 domi-

975 1587 1070 1609 natum
1085 1582 1229 1610 obtinebit.

1009 1628 1101 1657 Schol.
1119 1630 1162 1656 19.
1178 1629 1275 1665 Rogavi
1287 1629 1429 1664 discipulos
1449 1634 1518 1656 tuos.
1533 1628 1709 1664 Habebatque
1719 1636 1773 1657 ca:-

972 1679 1042 1706 tera,
1056 1679 1249 1710 prteterquam,
1270 1684 1320 1702 non
1333 1680 1473 1710 potuerunt
1488 1675 1580 1710 ejicere
1592 1675 1672 1707 illud,
1687 1679 1713 1701 et
1732 1675 1772 1701 ait

973 1721 1008 1748 ad
1023 1722 1113 1756 ipsos:
1128 1721 1268 1749 Generatio
1286 1721 1436 1754 incredula,
1455 1721 1572 1756 quandiu
1588 1729 1631 1748 vos
1645 1721 1733 1755 patiar
1743 1720 1773 1748 ’?

1009 1812 1100 1841 Refut.
1119 1813 1164 1841 19.
1177 1812 1237 1841 Vox
1254 1813 1309 1846 illa,
1324 1813 1443 1849 quandiu
1454 1833 1461 1846 ,
1477 1817 1585 1848 tempus
1601 1813 1667 1840 illud
1685 1813 1771 1849 signi-

973 1858 1046 1891 ﬁcat,
1060 1866 1115 1894 quo
1128 1859 1255 1887 Christus
1273 1859 1302 1887 in
1318 1863 1391 1887 terra
1405 1867 1467 1886 cum
1483 1865 1566 1886 carne
1577 1862 1701 1885 versatus
1716 1861 1769 1885 est.

974 1904 1032 1932 lloe
1045 1909 1136 1932 autem
1150 1926 1157 1938 ,
1174 1905 1316 1933 Generatio
1331 1905 1480 1936 incredula,
1494 1912 1527 1932 eo
1542 1904 1672 1931 nimirum
1690 1905 1772 1931 reler-

974 1956 1029 1984 tnr,
1041 1952 1113 1988 quod
1129 1953 1156 1980 in
1177 1953 1264 1988 ipsius
1279 1953 1389 1980 nomine
1409 1951 1548 1987 prophetae
1563 1950 1684 1986 prodigia
1696 1959 1771 1985 qna:-

973 1998 1035 2025 dam
1048 1997 1193 2030 ediderint,
1210 1999 1290 2032 eique
1309 1998 1495 2030 crediderint;
1512 1996 1665 2030 cuiusmodi
1687 1996 1770 2028 Elius,

974 2042 1100 2075 Eliszeus,
1116 2043 1220 2078 aliique
1236 2043 1335 2074 fecisse
1348 2043 1485 2078 leguntur.

1010 2089 1103 2117 Schol.
1127 2089 1173 2116 20.
1195 2088 1283 2116 Filius
1307 2090 1376 2116 enim
1401 2087 1516 2114 hominis
1541 2087 1661 2122 futurum
1684 2091 1721 2113 est
1743 2091 1770 2112 ut

975 2137 1098 2162 tradatur
1115 2135 1142 2161 in
1159 2143 1252 2161 manus
1269 2135 1404 2161 hominum
1422 2135 1442 2160 ³.

1009 2181 1091 2217 329
1105 2180 1196 2208 Refut.
1213 2181 1257 2208 20.
1282 2180 1406 2208 Hominis
1423 2180 1467 2207 ille
1483 2179 1579 2210 Filius,
1597 2178 1643 2213 qui
1662 2178 1690 2204 in
1709 2185 1768 2204 ma-

942 2245 962 2272 Β
977 2235 1030 2254 nus
1052 2232 1111 2254 erat
1126 2226 1275 2254 tradendus
1293 2227 1444 2258 hominum,
1466 2233 1520 2252 non
1545 2225 1688 2260 opinione,
1707 2232 1769 2259 spe-

977 2273 1074 2308 cieque
1089 2273 1158 2305 sola,
1177 2273 1225 2300 sed
1238 2273 1364 2308 corporis
1381 2279 1412 2299 ac
1427 2271 1611 2298 membrorum
1628 2270 1722 2297 habitu
1737 2277 1769 2296 ac

977 2319 1185 2346 conﬁrmatione
1202 2318 1267 2346 talis
1282 2319 1398 2346 exstitit.

1014 2363 1107 2391 Schol.
1127 2364 1172 2390 2|.
1195 2363 1285 2399 Neque
1298 2365 1347 2390 Itoc
1362 2363 1471 2398 legistis,
1486 2362 1549 2398 quid
1564 2361 1655 2397 fecerit
1671 2361 1767 2395 David,

977 2417 1037 2436 cum
1052 2411 1184 2445 ingressu:
1199 2415 1237 2437 est
1252 2411 1278 2437 in
1295 2409 1403 2436 domum
1418 2409 1467 2436 Dei
1477 2409 1507 2436 ‘?

1010 2454 1102 2483 Refut.
1117 2455 1163 2483 '21.
1183 2455 1252 2483 Cum
1268 2455 1474 2484 tabernaculum
1493 2456 1560 2483 illud
1572 2455 1665 2492 Moyse
1681 2456 1768 2483 collo-

976 2506 1067 2529 catum
1089 2501 1136 2529 Dei
1152 2501 1262 2529 domum
1277 2503 1412 2538 appellet,
1429 2510 1601 2538 nequaquam
1616 2503 1702 2538 legent
1722 2507 1768 2530 aut

976 2546 1062 2574 Deum
1079 2547 1178 2582 ipsum.
1196 2547 1242 2582 qui
1260 2548 1287 2574 in
1303 2547 1361 2582 lege
1373 2547 1481 2575 locutus
1498 2551 1552 2580 est,
1567 2547 1671 2583 objicit.
1688 2547 1767 2575 llunc

979 2593 1079 2629 quippe
1095 2593 1178 2621 Deum
1192 2594 1326 2626 nominat,
1341 2594 1388 2629 qui
1401 2594 1461 2629 ejus
1477 2593 1558 2622 Pater
1569 2598 1622 2627 est,
1637 2598 1684 2621 aut
1695 2594 1765 2627 ejus-

977 2638 1038 2666 dem
1051 2637 1226 2675 Unigenitus.
1243 2639 1318 2667 Solet
1336 2640 1409 2668 enim
1426 2643 1522 2667 sancta
1535 2639 1670 2671 Trinitas,
1687 2639 1767 2665 Pater

977 2689 1004 2713 et
1026 2683 1123 2718 Filius,
1140 2690 1167 2714 et
1191 2686 1312 2722 Spiritus
1327 2691 1452 2719 sanctus,
1474 2694 1529 2714 non
1556 2686 1585 2713 in
1601 2686 1660 2720 lege
1679 2686 1768 2712 solum

977 2734 1005 2758 et
1021 2730 1174 2766 prophetis,
1193 2732 1239 2760 sed
1264 2732 1418 2769 Evangeliis
1441 2737 1524 2768 atque
1538 2732 1670 2767 apostolis
1685 2738 1767 2766 opera

977 2783 1026 2802 sua
1046 2776 1184 2811 perﬁcere.

665 2869 674 2885 ³
689 2869 753 2898 ibid.
773 2869 816 2897 «Η.
855 2869 867 2885 ⁵
881 2868 947 2897 Luc.
964 2877 1001 2900 VI,
1015 2869 1041 2895 5.
