1952 3045
192 138 242 166 739

225 197 317 225 Schol.
341 195 388 224 ‘22.
408 194 517 224 Gratias
543 205 592 232 ago
618 197 675 228 tibi,
702 197 812 223 Domine
838 197 907 225 casti.
924 197 1016 230 NecA

192 242 324 277 tseripsit.
337 247 361 269 et
374 247 452 269 terra
464 251 473 275 ;
487 250 576 277 neque
589 244 683 273 etiam,
697 242 786 270 Pater.
799 242 850 270 Sed
857 251 889 270 ex
901 251 934 271 eo
945 247 984 270 ta-

190 295 248 314 men
263 288 423 320 revincitur,
435 289 507 323 quod
524 289 595 316 infra
608 289 731 324 sequitur
743 299 749 317 :
763 290 852 316 Etiam
869 289 949 317 Pater
960 291 982 318 ¹.

223 333 317 361 ῐίίιίιιῐ.
338 335 382 362 2‘2.
406 335 521 363 Domino
542 336 633 370 itaque
656 336 718 363 mali
736 337 837 371 gratias
859 337 929 372 agit;
950 337 983 364 li-

189 385 248 412 cet,
279 386 376 413 terrtv,
404 383 571 415 sustuleris;
591 383 655 410 licet
675 383 766 410 Patris
796 391 891 410 vocem
917 385 983 412 sub-

188 428 313 459 traxeris,
326 428 438 460 Marcio,
457 437 492 456 nc
513 428 621 456 Patrem
641 437 656 456 a
675 430 786 458 Christo
807 438 899 464 suum,
918 439 982 466 pro-

187 475 308 501 nuntiari
327 475 503 502 Conditorem
523 476 694 503 ostenderes.
721 475 823 504 Vivunt
841 477 931 504 adhuc
954 482 982 506 et

187 519 294 554 spirant
317 520 441 548 veritatis
462 521 507 547 illa
522 528 537 547 a
557 525 583 548 te
607 521 701 548 relicta
724 522 856 550 membra.
871 522 980 551 Vocula:

187 566 240 594 illa:
267 567 407 599 nimirum,
422 575 492 602 quas
510 571 538 593 tu
556 568 630 594 velut
650 568 677 595 in
693 568 818 604 reliquiis
839 570 980 605 neglectas

186 620 234 646 per
245 613 411 640 oblivionem
426 614 562 641 retinuisti
578 624 583 641 :
601 613 701 647 Etiam,
715 614 813 642 Pater!
825 615 863 642 Ex
879 616 980 651 quibus

186 659 267 694 plane
283 659 356 686 istud
377 659 539 693 coniicitur;
559 661 669 695 proprio
685 660 758 687 Patri
776 661 879 696 gratias
892 663 981 697 egisse

186 704 325 731 Christum
356 703 512 736 Dominum,
536 705 718 740 eumdemque
743 706 806 733 εαξΙί
836 706 980 734 Dominum

185 751 351 786 appellasse,
376 755 405 778 ut
432 751 599 785 singularem
626 752 653 778 in
681 756 707 779 te
723 753 872 788 quamdam
890 753 980 782 inesse

186 797 333 824 amentiam
361 801 496 832 oporteat,
519 805 573 833 qua
597 798 712 825 liberam
737 799 862 827 veritatis
886 807 980 828 vocem

185 851 239 870 non
257 850 403 878 agnoscas.

891 138 920 165 S.
944 137 1111 167 EPll‘llANll

1781 140 1838 174 71?

1067 198 1144 234 Σχόλ.
1161 198 1214 233 κβ¹.
1230 198 1408 234 Εὑχαριστῶ
1420 207 1480 232 σοι,
1503 199 1604 234 Κύριε,
1619 198 1673 226 τοῦ
1689 199 1832 235 οὑρανοῐ.

1035 245 1091 272 Οὐκ
1113 245 1170 280 εἶχε
1192 245 1231 277 δὲ,
1257 247 1306 272 καὶ
1334 245 1390 280 τῆς
1416 245 1486 281 τῆς·
1515 245 1587 278 οὔτε,
1610 246 1716 280 Πάτερ,
1746 244 1834 282 εἶχεν.

1041 291 1196 326 Ἐλέγχεται
1212 291 1255 318 δέ·
1273 291 1348 318 κάτω
1364 291 1418 328 γὰρ
1434 290 1515 327 εἶχεν,
1532 292 1598 320 Ναὶ.
1615 294 1632 319 ὀ
1652 292 1761 326 Πατήρ.

1072 337 1182 372 Ἐλεγχ.
1197 337 1249 372 κβ¹.
1272 337 1437 373 Εὑχαριστεῖ
1453 338 1547 374 Κυρίῳ
1569 338 1616 365 τοῦ
1637 338 1764 374 οὐρανοῦ,
1779 338 1834 365 κᾶν

1034 383 1172 420 περιέλῃς,
1193 382 1249 417 τῆς
1264 382 1330 418 γῆς,
1351 383 1402 411 κᾶν
1422 384 1585 420 παρακόψῃς
1606 384 1646 416 τὸ,
1666 382 1772 419 Πάτερ,
1787 385 1833 411 ἵνα

1035 428 1072 464 μὴ
1089 429 1201 464 Πατέρα
1215 428 1299 456 αὐτοῦ
1321 429 1474 466 ὑποδείξῃς,
1491 430 1634 465 Μαρκίων,
1651 429 1697 457 τὸν
1712 431 1833 466 Χριστὸν

1033 474 1146 508 λέγοντα
1159 476 1205 502 τὸν
1220 473 1502 511 Δημιουργόν.“Μένει
1518 476 1572 511 γὰρ
1585 477 1635 511 τῆς
1649 476 1779 512 ἀληθείας
1795 479 1832 504 τὰ

1035 521 1102 557 μέλη
1120 522 1218 554 ζῶντα.
1234 522 1341 559 Ὥσπερ
1367 523 1422 558 γὰρ
1446 523 1476 550 ἐν
1501 523 1619 558 λειψάνῳ
1644 523 1716 551 κατὰ
1743 523 1832 559 λήθην

1032 569 1136 601 εἴασας.
1155 566 1178 596 ὦ
1201 570 1344 605 Μαρκίων,
1367 570 1409 601 τὺ,
1429 570 1494 602 Ναὶ,
1511 571 1527 597 ὀ
1544 570 1655 605 Πατήρ.
1677 570 1830 598 Ἀποδέδει-

1032 622 1094 640 κται
1108 614 1196 641 τοίνυν
1212 614 1362 647 ὲξάπαντος
1373 614 1413 650 τῷ
1427 614 1489 650 ἰδίῳτ
1498 614 1586 650 Πατρὶ
1601 615 1770 650 εὐχαριστεῖν
1783 615 1831 642 τὸν

1032 661 1160 696 Χριστὸν,
1176 661 1224 688 καὶ
1246 660 1361 697 οὐρανοῦ
1377 661 1478 697 Κύριον
1497 661 1579 689 αὑτὸν
1600 662 1760 697 ὀνομάζειν·
1780 662 1830 688 καὶ

1032 706 1116 742 πολλή
1135 715 1182 733 σου
1208 707 1419 743 φρενοϐλάϐεια,
1442 707 1480 743 μὴ
1506 708 1674 735 κατανοοΰσα
1694 709 1744 740 τῆς
1759 708 1830 744 άλη-

1032 752 1107 785 θείας
1122 754 1173 790 τὴν
1185 753 1343 790 ἐλευθερίαν
1356 754 1378 781 δ.

221 873 314 916 Sebbi.
338 889 384 916 23.
406 888 481 915 Dixit
504 889 653 924 legisperito
668 898 677 916 :
694 889 727 917 In
753 891 808 926 lege
825 891 888 926 quid
909 892 977 918 scri-

1067 886 1144 922 Σχὸλ.
1173 890 1226 922 κγ’.
1241 887 1316 915 Εἷπε
1347 887 1387 921 τῷ
1407 888 1536 922 νομικῷ·
1559 889 1607 916 Ἐν
1629 888 1670 922 τῷ
1693 889 1775 925 νόμῳ
1799 890 1830 918 τί

184 939 259 967 ptum
279 935 342 961 est?
367 933 401 961 Et
429 935 598 968 respondens.
620 934 686 962 Post
711 935 858 971 legisperiti
884 937 976 970 verba,

184 980 253 1008 dixit
269 990 277 1008 :
293 979 372 1008 Recte
381 980 487 1008 dixisti.
504 980 561 1009 Hoc
575 981 630 1016 fac,
644 987 668 1009 et
684 982 749 1010 vives
762 984 782 1010 ‘.

218 1067 311 1094 Refut.
331 1068 376 1095 23.
397 1068 466 1096 Cum
487 1068 534 1096 Dei
547 1068 632 1098 Filius
647 1072 763 1106 ipsamet
775 1072 875 1099 veritas
893 1077 975 1106 esset,

183 1115 321 1141 nemiuem
336 1123 430 1142 eorum
446 1116 492 1150 qni
513 1124 542 1144 se
555 1117 588 1144 de
607 1117 661 1144 vita
681 1119 874 1154 consequenda
891 1119 977 1147 inter-

184 1164 323 1193 rogarent,
344 1159 450 1187 fefellit.
473 1160 501 1188 Si
518 1162 629 1196 quidem
651 1168 680 1190 ut
694 1164 776 1190 vitam
795 1164 916 1192 humano
930 1173 977 1200 ge-

184 1205 242 1232 neri
255 1205 426 1237 conciliaret,
441 1207 559 1234 advenit.
575 1208 669 1240 Quare
683 1217 744 1236 cum
762 1213 789 1237 et
800 1210 862 1237 vita:
877 1215 978 1239 nostra:

183 1259 277 1278 curam
294 1252 420 1284 gesserit,
433 1257 460 1280 et
477 1253 501 1280 ei
513 1254 560 1288 qui
573 1254 659 1288 legem
674 1259 806 1288 servaret,
822 1256 977 1284 adfuturam

184 1296 268 1323 vitam
291 1297 460 1330 ostenderit;
480 1297 527 1325 sed
547 1303 574 1325 et
596 1306 671 1331 eum,
692 1300 815 1334 quicum
839 1301 898 1336 lege
919 1301 977 1336 ipsa

183 1345 367 1370 cansentanee
382 1343 571 1378 responderat,
588 1345 717 1379 prwclare
734 1346 838 1374 dixisse
860 1351 977 1376 testatus

184 1388 278 1420 fuerit,
298 1389 361 1423 quis
382 1389 434 1416 erit
455 1394 509 1416 tam
527 1398 623 1418 vecors
642 1399 674 1417 ac
691 1392 827 1426 stupidus,
846 1393 978 1421 Marcioni

184 1439 215 1462 ut
241 1435 382 1467 inhaereat,
405 1436 453 1470 qui
481 1435 537 1463 Deo
563 1437 601 1463 illi
625 1438 780 1470 maledicat,
807 1447 821 1465 a
844 1448 898 1474 quo
923 1449 978 1468 non

185 1480 267 1508 modo
285 1481 328 1508 lex
356 1481 383 1508 in
404 1481 540 1514 homines,
560 1482 607 1509 sed
631 1487 658 1510 et
672 1483 810 1519 Evangelii
828 1490 871 1512 est
891 1486 977 1521 gratia

184 1527 319 1557 derivata,
334 1531 364 1554 ut
376 1535 406 1555 se
418 1527 538 1555 hominis
551 1529 624 1556 lllllls
638 1531 780 1557 erroribus
795 1531 915 1563 addicat,
929 1533 975 1566 qui
991 1549 1012 1577 ρ

184 1579 274 1607 neque
288 1580 320 1600 ex
338 1573 406 1606 lege,
430 1581 519 1608 neque
539 1582 572 1601 ex
594 1573 696 1608 Spiritu
713 1581 808 1603 sancto
829 1577 910 1604 ullam
929 1578 977 1605 do-

184 1618 280 1646 ctrina:
299 1626 355 1646 sua:
372 1620 532 1653 particulam
547 1621 734 1655 expresserit?

219 1664 301 1699 330
314 1664 407 1692 Schol.
429 1665 475 1692 τι.
497 1665 531 1692 Ει
550 1666 619 1692 dixit
635 1675 644 1693 :
658 1666 724 1699 Quis
746 1672 860 1695 vestrum
875 1668 979 1697 habebit

184 1711 311 1742 anticum,
325 1715 350 1738 et
364 1711 412 1737 ibit
425 1711 459 1738 ad
476 1712 553 1738 illum
566 1713 652 1739 media
672 1719 756 1746 nocte,
769 1715 906 1748 postulans
925 1720 977 1743 tres

182 1758 286 1792 panes?
299 1757 338 1784 Ac
358 1757 487 1793 deinceps
501 1767 507 1785 :
522 1757 616 1789 I’etite,
642 1763 667 1786 et
681 1758 800 1786 dabitur.
819 1760 884 1793 Qui:
907 1762 978 1788 enim

182 1809 217 1829 ea:
233 1802 304 1829 vobis
321 1807 360 1829 est
375 1807 459 1837 pater,
477 1812 492 1830 a
511 1811 562 1838 quo
579 1803 652 1838 ﬁlius
679 1809 750 1838 petat
761 1805 870 1840 piscem,
888 1810 913 1832 et
930 1814 977 1840 pro

182 1848 253 1884 pisce
268 1853 413 1883 serpentem
429 1848 505 1876 dabit
524 1849 586 1877 illi?
603 1855 648 1876 aut
659 1858 707 1884 pro
727 1858 773 1878 ovo
794 1852 978 1886 scorpionem?

183 1893 216 1922 Si
231 1902 292 1929 ergo
307 1903 350 1921 vos
365 1903 423 1921 cum
438 1895 498 1922 sitis
514 1895 592 1929 mali,
606 1896 688 1922 nostis
702 1895 769 1923 bona
784 1897 858 1929 data,
878 1903 976 1932 quanto

183 1941 268 1975 magis
285 1940 366 1967 Pater
375 1941 403 1967 ³7

219 1985 310 2013 Rel‘ut.
327 1986 372 2013 24.
393 1986 431 2014 Ex
449 1987 500 2015 hoc
523 1988 583 2015 loco
605 1987 675 2015 vafri
700 1988 820 2016 hominis
843 1991 977 2025 supersti-

182 2032 253 2060 tiosa
274 2037 302 2060 et
331 2033 458 2060 allectata
486 2034 583 2069 religio
608 2034 790 2062 convincitur.
818 2035 878 2062 Non
902 2037 975 2063 enim

181 2078 290 2113 optimae
312 2079 430 2113 alicujus
457 2080 593 2107 mercedis
619 2081 718 2115 gratia,
740 2085 787 2108 aut
808 2090 855 2116 spe
876 2090 975 2109 consc—

181 2125 298 2160 quendaa
323 2125 539 2154 immortalitatis
559 2127 699 2159 inductus,
716 2128 762 2156 sed
779 2136 813 2156 ex
837 2129 976 2164 impietate

180 2178 213 2199 ac
230 2172 369 2207 pestifera:
386 2173 524 2208 opinionis
540 2173 658 2201 falsitate
679 2175 803 2202 ciborum
821 2179 976 2210 temperan-

1026 928 1206 963 γέῃοαπταω
1223 932 1277 958 Καὶ
1303 931 1484 966 ὰποκριθείς.
1511 934 1588 961 Μετὰ
1608 934 1658 970 τὴν
1680 935 1830 971 ἀπόκρισιν

1026 975 1074 1002 τοῦ
1099 976 1212 1011 νομικοῦ
1239 975 1333 1005 εἶπεν*
1358 978 1461 1012 Ὀρθῶς
1485 977 1583 1013 εἴπας.
1615 980 1706 1008 Τοῦτο
1733 983 1827 1016 ποίει,

1027 1021 1077 1048 καὶ
1096 1021 1182 1057 ϋξσῃ.

1064 1067 1172 1103 Ἐλεγχ.
1195 1068 1247 1103 κγ’.
1269 1069 1395 1104 Ἀλήθεια
1408 1070 1445 1097 ὢν
1467 1071 1481 1097 6
1497 1071 1561 1103 Υἱὸς
1573 1071 1622 1098 τοῦ
1639 1071 1716 1104 Θεοῦ,
1732 1072 1828 1100 οὑδένα

1027 1112 1130 1139 ἐπλάνα
1141 1113 1195 1139 τῶν
1210 1114 1274 1149 περὶ
1287 1114 1360 1150 ζωῆς
1379 1115 1555 1150 ἐρωτώντων.
1573 1116 1623 1142 Διὰ
1637 1117 1690 1153 γὰρ
1710 1118 1759 1153 τήν
1771 1118 1828 1145 τῶν

1027 1158 1178 1195 ἀνθρώπων
1202 1160 1273 1196 ζωὴν
1299 1160 1422 1196 ἐλήλυθε,
1448 1162 1526 1197 Ζωῆς
1549 1163 1639 1189 τοίνυν
1662 1164 1827 1200 ἐπιμελομέ-

1027 1213 1072 1231 νου
1092 1205 1185 1238 αὑτοῦ,
1205 1207 1252 1232 καὶ
1274 1207 1481 1240 ὑποδεικνύντος
1499 1209 1545 1235 τὸν
1568 1209 1650 1245 νόμον
1670 1209 1709 1245 τῷ
1723 1209 1827 1244 φυλάτ-

1027 1259 1099 1278 τοντι
1114 1252 1161 1278 καὶ
1183 1253 1325 1289 ποιήσαντι
1352 1254 1425 1290 ζωὴν
1449 1255 1597 1292 ὑπάρχειν,
1625 1256 1672 1282 καὶ
1697 1256 1737 1291 τῷ
1755 1257 1828 1284 κατὰ

1027 1297 1108 1332 νόμον
1133 1298 1309 1333 ἀποκριθέντι
1346 1300 1484 1334 φήσαντος
1513 1300 1601 1336 ὀρθῶς
1631 1300 1826 1336 λελαληκέναι,

1028 1344 1074 1370 καὶ
1097 1343 1190 1376 Οὕτως
1201 1344 1272 1372 ποίει
1292 1346 1339 1372 καὶ
1364 1346 1444 1382 ζήσῃ,
1472 1347 1514 1378 τίς
1529 1346 1616 1378 οὕτως
1642 1347 1827 1383 ὲμὸρόντητος

1028 1389 1062 1417 ἂν
1085 1390 1139 1426 εἴη,
1166 1391 1205 1423 ὡς
1233 1391 1374 1419 πείθεσθαι
1402 1392 1452 1427 μὲν
1475 1393 1515 1428 τῷ
1540 1394 1682 1429 Μαρκίωνι
1705 1394 1827 1430 βλασφηη

1031 1435 1125 1470 μοῦντι
1142 1437 1183 1468 εἰς
1198 1436 1244 1463 τὸν
1264 1436 1340 1468 Θεὸν,
1365 1437 1410 1463 τὸν
1434 1438 1481 1464 καὶ
1507 1438 1589 1472 νόμον
1613 1439 1660 1464 καὶ
1678 1439 1727 1472 τὴν
1745 1439 1826 1474 χάριν

1029 1481 1075 1508 τοῦ
1093 1481 1260 1516 Εὑαγγελίου
1273 1483 1329 1513 τοῖς
1350 1482 1504 1517 ἀνθρώποις
1523 1483 1732 1518 κεχαρισμένον,
1749 1483 1826 1518 αὐτῷ

1029 1526 1057 1553 δὲ
1073 1521 1279 1562 συναπάγεσθαι
1292 1527 1332 1563 τῷ
1345 1529 1414 1564 μήτε
1427 1529 1460 1555 ἐκ
1474 1529 1568 1564 νόμου.
1584 1530 1652 1564 μήτε
1665 1530 1719 1557 ἀπὸ
1737 1530 1825 1557 Ilvati-

1033 1582 1117 1609 ματος
1135 1574 1213 1608 ἁγίου
1227 1574 1315 1610 ἔχοντί
1327 1583 1354 1601 τι
1372 1574 1422 1609 τῆς
1439 1573 1629 1615 διρασκαλίαςς

1064 1663 1142 1698 Σχόλ.
1167 1662 1216 1690 κδ’.
1236 1662 1291 1690 Καὶ
1317 1663 1399 1690 εἴπεο
1417 1663 1464 1696 Τίς
1487 1663 1523 1696 ἐξ
1546 1663 1630 1698 ὑμῶν⁴
1645 1664 1705 1696 ἕξει
1720 1665 1824 1699 φίλον,

1030 1709 1079 1735 καὶ
1103 1709 1281 1742 πορεύσεται
1299 1709 1374 1743 πρὸς
1394 1709 1488 1736 αὑτὸν
1501 1711 1714 1743 μεσονυκτίου,
1734 1710 1826 1737 αἰτῶν

1029 1754 1108 1788 τρεῖς
1118 1754 1228 1789 ἄρτους
1234 1763 1244 1786 ;
1264 1755 1310 1782 καὶ
1331 1755 1439 1782 λοιπόν·
1450 1755 1570 1788 Αἰτεῖτε,
1586 1757 1636 1783 καὶ
1651 1757 1824 1791 δοθήσεται.

1032 1801 1101 1828 Τίνα
1132 1801 1187 1835 γὰρ
1209 1801 1244 1832 ἐξ
1268 1801 1351 1835 ὑμῶν
1384 1802 1437 1828 τὸν
1461 1802 1574 1836 πατέρα
1600 1802 1665 1835 υίὸς
1696 1802 1824 1835 αιτήσας

1030 1846 1127 1880 ίχθὺν,
1144 1847 1193 1874 καὶ
1210 1846 1277 1873 ἀντὶ
1302 1847 1405 1882 ἰχθύος
1421 1847 1490 1881 ὄφιν
1503 1847 1642 1874 ἐπιδώσει
1657 1847 1755 1880 abuit;
1773 1849 1822 1875 καὶ

1028 1893 1095 1919 ἀντὶ
1109 1893 1167 1920 ὠοῦ
1183 1894 1331 1927 σκορπίον
1343 1901 1352 1925 ;
1365 1894 1399 1920 Et
1414 1891 1472 1921 οὖν
1485 1893 1569 1928 ὑμεῖς
1584 1894 1709 1928 πονηροὶ
1723 1894 1824 1922 οἵδατε

1027 1940 1141 1974 δόματα
1156 1940 1263 1974 ἀγαθὰ,
1283 1940 1368 1972 πόσῳ
1383 1939 1504 1974 μᾶλλον
1520 1941 1536 1966 ὀ
1553 1940 1670 1974 Πατήρ;

1065 1986 1176 2020 Ἐλεγχ.
1194 1984 1243 2012 κδ’.
1264 1985 1440 2020 Ἐλήλεγκται
1455 1986 1484 2012 δὲ
1497 1986 1544 2013 τοῦ
1562 1986 1702 2022 ἀπα-τηλοῦ
1724 1987 1741 2022 ἡ
1763 1986 1823 2013 ἐθε-

1027 2031 1191 2068 λοθρησκεία
1208 2031 1258 2067 τῆς
1274 2031 1411 2063 πολιτείας
1427 2031 1481 2058 ἀπὸ
1500 2031 1595 2058 τούτου
1611 2032 1657 2059 τοῦ
1673 2032 1766 2068 ρητοῦ.
1783 2033 1822 2059 Οὐ

1027 2077 1081 2112 γὰρ
1098 2077 1172 2112 αὐτῷ
1183 2074 1419 2112 δι”ὲγκράτειανὴ
1436 2077 1567 2109 πολιτεία,
1586 2078 1647 2104 οὐδὲ
1665 2078 1708 2104 διὰ
1727 2079 1822 2113 μισθὸν

1027 2123 1128 2158 ἀγαθὸν
1151 2123 1198 2150 καὶ
1221 2123 1316 2150 ἐλπίδα
1335 2123 1455 2158 ἀγῶνος⁶
1473 2124 1540 2150 ἀλλὰ
1564 2124 1608 2150 διὰ
1625 2124 1754 2151 ἀσέϐειαν
1773 2132 1822 2151 κα-

1027 2169 1175 2206 κοτροπίαν
1198 2169 1287 2204 κακῆς
1309 2169 1445 2201 ὑπονοίας.
1467 2169 1591 2196 Διδάσκει
1610 2169 1665 2205 γὰρ
1682 2168 1758 2202 οὗτος
1773 2171 1822 2205 ὲμι

180 2218 247 2245 :iam
269 2219 405 2246 adhibuit.
433 2220 569 2247 Animatis
592 2220 666 2247 enim
688 2221 761 2248 vesci
786 2221 921 2256 prohibet,
943 2229 975 2248 ac

1032 2215 1120 2251 ᾢύχων
1138 2215 1175 2251 μὴ
1196 2215 1426 2251 μεταλαμϐάνειν,
1442 2216 1555 2250 φάσκων
1575 2216 1684 2251 ἐνόχους
1703 2213 1771 2243 εἶναι
1785 2217 1820 2252 τῇ

181 2271 245 2292 reos
259 2271 322 2291 esse
333 2264 441 2298 judicio
457 2269 534 2300 putat
554 2265 616 2292 illos
631 2265 678 2300 qui
702 2273 800 2293 carnes
817 2266 972 2302 degustcnt,

180 2313 310 2345 tanquam
330 2311 438 2338 animas
454 2311 608 2339 cometlant.
625 2311 704 2345 Quod
717 2312 826 2347 quidem
840 2313 865 2339 in
878 2313 974 2347 primis

180 2359 223 2383 est
237 2356 399 2384 absurdum.
414 2355 508 2391 Neque
525 2358 598 2384 cuitu
619 2366 684 2385 caro
698 2362 750 2389 est,
773 2358 820 2385 sed
837 2358 864 2384 in
880 2359 973 2385 carni—

181 2400 233 2428 bus
254 2401 326 2428 inest
351 2401 454 2429 anima.
478 2401 573 2436 Neque
592 2410 656 2428 vero
680 2402 822 2429 brutorum
853 2402 973 2428 animam

180 2447 295 2482 perinde
315 2452 397 2482 atque
421 2448 563 2475 hominum
587 2449 735 2483 pretiosam
759 2455 822 2476 csse
842 2448 973 2478 dicimus.

181 2493 229 2521 sed
249 2493 283 2520 ad
297 2493 381 2520 vitam
399 2493 533 2522 duntaxat
557 2495 722 2522 animalibus
746 2501 918 2522 concessam.
938 2495 972 2520 At

181 2541 227 2568 ille
240 2540 415 2568 miserrimus
433 2548 496 2568 cum
509 2542 694 2569 sectatoribus
707 2542 766 2569 suis
780 2541 903 2568 eamdem
923 2541 973 2567 ho-

180 2586 285 2614 minum
301 2593 374 2617 esse,
389 2594 450 2621 quae
464 2587 490 2614 in
506 2587 620 2622 reliquis
635 2587 822 2614 animantibus
838 2587 971 2620 cernitur,

179 2631 302 2659 animam
321 2632 472 2660 existimat.
495 2632 573 2665 Quod
594 2634 618 2660 ei
641 2633 739 2668 dogma
755 2633 893 2668 plerisque
909 2635 971 2659 c‘um

179 2677 242 2706 aliis
262 2682 306 2706 est
325 2678 478 2706 haeresibus
493 2687 648 2706 commune.
675 2679 742 2706 Nam
757 2683 784 2706 et
798 2677 971 2711 Valentinus,

179 2727 208 2752 et
223 2724 400 2758 'Jolorbasus,
422 2730 448 2753 et
460 2725 583 2753 Gnostici
597 2733 704 2757 omnes,
722 2733 754 2752 ac
768 2725 907 2752 .‘llanichtci
919 2730 972 2752 tra-

185 2770 324 2800 luctiones
336 2772 469 2807 quasdam
489 2772 653 2804 animarum,
673 2776 753 2806 atque
769 2772 795 2799 in
814 2771 889 2798 varia
907 2779 970 2798 cor-

216 2851 304 2881 ‘Luc.
320 2855 405 2884 n21.
444 2855 452 2869 ¹
470 2853 534 2881 Luc.
553 2861 579 2886 ς,
593 2851 638 2884 27,
653 2852 701 2881 '28.
739 2853 748 2868 ‘
762 2851 829 2880 l-uc.
848 2861 885 2884 xl.
902 2853 989 2885 ὕδρα.

1027 2262 1116 2298 κρίσει
1137 2262 1199 2294 τοὺς
1221 2261 1276 2288 τῶν
1291 2261 1380 2297 κρεῶν
1395 2262 1612 2298 μεταλήπτορας,
1629 2262 1666 2294 ὡς
1683 2262 1715 2289 ἂν
1730 2262 1821 2298 ψυχὰς

1027 2308 1174 2340 ἐσθίοντας.
1197 2307 1311 2335 Ἦλίθιον
1327 2308 1356 2334 δέ
1372 2309 1430 2334 ἐστι
1450 2308 1481 2334 τὸ
1495 2309 1558 2335 πᾶν.
1577 2309 1614 2335 Οὐ
1628 2309 1682 2344 γὰρ
1701 2309 1735 2335 τὰ
1751 2309 1821 2344 κρέα.

1027 2356 1044 2391 ἡ
1060 2355 1144 2391 ψυχὴ,
1160 2354 1216 2381 ἀλλ’
1233 2356 1261 2382 ὲν
1275 2356 1331 2386 τοῖς
1350 2355 1462 2390 κρέασιν
1483 2356 1499 2390 ὴ
1521 2355 1602 2391 ψυχή.
1622 2356 1676 2382 Καὶ
1692 2355 1753 2382 οὔτε
1766 2355 1820 2390 ψυ-

1027 2402 1078 2437 χήν
1089 2409 1178 2436 φαμεν
1198 2399 1266 2427 εἶναι
1288 2401 1338 2436 τὴν
1360 2401 1389 2427 ὲν
1409 2402 1464 2432 τοῖς
1481 2400 1569 2433 ζώοις,
1583 2401 1620 2432 ὼς
1635 2401 1683 2436 τὴν
1697 2401 1751 2427 τῶν
1769 2401 1820 2427 ἀν-

1027 2447 1143 2484 θρὼπων
1166 2447 1270 2482 τιμίαν,
1294 2447 1362 2474 ἀλλὰ
1385 2447 1473 2482 ψυχὴν
1495 2447 1535 2478 εἰς
1555 2446 1584 2473 τὺ
1608 2446 1658 2482 ζῇν
1681 2447 1761 2482 μόνον
1788 2446 1819 2473 τὸ

1025 2494 1104 2526 ζῶον.
1125 2494 1238 2530 Νομίζει
1262 2494 1289 2520 δὲ
1312 2495 1326 2521 ὁ
1347 2493 1462 2525 ἐλεεινὸς
1485 2489 1560 2525 οὗτος
1581 2493 1640 2528 ἅμα
1664 2494 1720 2524 τοῖς
1747 2491 1819 2519 οὓτω

1026 2540 1179 2576 φρονοῦσιν,
1196 2541 1237 2567 ὅτι
1263 2541 1280 2576 ὴ
1298 2539 1367 2575 αὑτὴ
1383 2539 1456 2575 ψυχὴ
1478 2540 1507 2566 ὲν
1530 2540 1586 2571 τοῖς
1602 2539 1756 2575 ἀνθρώποις
1771 2540 1817 2566 καὶ

1026 2586 1106 2619 ζώοις
1120 2586 1248 2621 ὑπάρχει.
1261 2585 1346 2612 Τοῦτο
1356 2585 1411 2621 γὰρ
1425 2584 1501 2620 παρὰ
1517 2585 1627 2616 πολλαῖς
1641 2585 1695 2612 τῶν
1713 2584 1817 2611 πεπλα-

1025 2633 1149 2668 νημένων
1171 2631 1303 2668 αἱρέσεων
1329 2633 1417 2667 μάπιν
1437 2631 1669 2667 ὑπολαμϐάνεται.
1689 2631 1745 2658 Καὶ
1763 2631 1818 2667 γὰρ

1025 2679 1072 2706 καὶ
1086 2678 1259 2710 Οὐαλεντῖνος
1276 2679 1323 2705 καὶ
1338 2678 1520 2714 Κολόρὸασος,
1537 2677 1683 2704 Γνωστικοὶ
1701 2685 1731 2704 τε
1748 2677 1818 2704 πάν-

1023 2734 1068 2757 τες
1083 2726 1130 2753 καὶ
1142 2726 1287 2761 Μανιχαῑοι
1301 2726 1347 2753 καὶ
1360 2725 1562 2761 μεταγγισμοὺς
1573 2721 1644 2751 εἶναι
1657 2723 1752 2760 ψυχῶν
1765 2724 1817 2758 φά-

1024 2779 1129 2803 σκουσι,
1156 2772 1203 2798 καὶ
1231 2771 1489 2807 μετενσωματὼσεις
1518 2770 1568 2806 τῆς
1588 2769 1679 2805 ψυχῆς
1705 2769 1760 2797 τῶν
1786 2770 1817 2798 ἐν

1030 2854 1038 2867 ⁸
1055 2856 1110 2879 Vel.
1125 2851 1289 2884 ὁδοιπορίαν.
