1952 3045
200 116 252 142 ῒιῦ

926 113 954 139 S.
973 111 1141 139 El’ll’llAMl

1804 109 1871 136 Ἱι-ιι

170 175 173 179 ’
200 175 270 200 ratio
289 174 354 205 liatc,
380 174 484 209 signum
509 181 560 200 itan
575 173 684 200 dabitur
698 172 752 201 ei".
768 172 999 200 Desiderabantur

1059 171 1211 205 ioﬂiio'erat
1240 169 1327 203 αὐτῇ.
1353 169 1409 196 Οὐκ
1429 164 1486 204 εἶχε
1503 167 1531 195 δὲ
1551 168 1615 204 περὶ
1634 167 1801 204 βασιλίςσης
1816 168 1870 195 v6-

199 223 228 247 et
240 219 296 252 illa,
313 218 414 254 quibus
429 219 463 246 de
479 219 575 247 Ninive
587 225 614 247 et
633 219 780 246 Salomone
795 219 823 246 lit
839 219 951 257 mentio=

238 263 328 291 “eiut.
346 264 391 291 ἢεί.
413 263 468 291 Nec
485 265 511 291 in
539 264 591 292 illis
607 264 718 299 quidem
744 264 812 291 locis
838 271 900 299 quin
918 263 999 290 Inuti-

203 306 285 333 lando
301 307 467 342 corrumpis,
484 307 600 338 Marcio,
616 307 670 334 vim
690 310 769 342 potes
789 307 913 334 veritatis
935 306 1000 334 ell‘u-

202 361 276 388 gere.
292 352 414 381 Tametsi
440 354 512 381 enim
531 357 618 380 totum
643 353 710 380 illud
729 353 762 381 de
775 353 844 380 Jona
867 353 999 389 propheta

203 398 360 430 subtrahas,
374 406 428 434 quo
450 397 601 425 Salvatoris
624 398 824 426 administratio
841 399 886 425 illa
909 399 1000 426 omnis

201 445 383 479 exprimitur;
405 444 514 471 auferas
529 445 611 472 etiam
627 452 659 472 ea
679 452 740 480 quae
762 445 795 472 ad
813 445 905 472 Austri
927 446 1000 480 regi-

203 499 267 517 nam
288 498 319 517 ac
339 490 512 518 Salomonem
526 495 662 525 spectant,
679 499 733 518 una
750 499 812 518 cum
827 491 939 518 salutari
955 491 1000 518 illa

203 538 317 565 Ninives
334 538 484 569 mentione,
498 545 530 564 ac
547 536 623 564 Jonze
640 537 847 572 prmdicatione,
866 538 1002 564 nihilomi-

205 593 257 611 nus
273 584 313 611 vel
334 585 389 616 illa,
413 592 495 618 quam
513 584 657 619 proposui,
671 584 780 618 jugulat
802 588 828 610 te
851 583 1001 612 Salvatoris

203 631 284 666 332
297 631 395 658 oratio.
415 631 461 658 Sic
478 631 550 657 enim
573 631 695 665 loquitur
708 640 714 657 :
729 629 870 657 Generatia
892 630 947 657 Iiwc
963 631 1001 657 si-

204 683 285 712 gnum
302 677 416 713 qumrit;
432 683 458 704 et
477 678 580 712 signant
598 686 649 704 non
664 677 773 704 dabitur
785 678 818 704 ei.
841 677 946 711 Quibus
960 678 1002 704 in-

205 723 278 749 dicat
292 723 483 758 generationes
498 722 569 752 illas.
581 730 641 757 qua:
659 722 729 750 hanc
749 726 966 755 antecesserant,
985 730 999 749 a

206 769 262 796 Deo
278 769 400 804 prodigia
423 769 533 796 cmlitus
555 777 616 796 esse
643 773 818 796 consecutas.
839 768 1001 803 Cujusmodi

205 816 358 851 prmstitum
371 820 413 842 est
429 815 464 841 ab
482 815 553 846 Elia,
570 823 632 842 cum
652 815 722 849 ignis
736 823 751 842 e
763 815 833 843 ccclo
852 815 947 850 lapsus
962 822 1003 842 sa-

1050 225 1098 244 του
1112 217 1159 244 καὶ
1176 216 1347 251 Σαλομῶνος.

1094 263 1204 298 Ἕλεγχ.
1220 266 1268 289 κε’.
1284 262 1340 289 Καὶ
1353 262 1382 289 ἐν
1390 262 1480 294 αὐτοῖς
1495 260 1535 295 οἷς
1545 263 1634 293 δοκεῖς
1649 261 1868 297 παρακόπτειν,

1051 310 1081 336 οὐ
1097 309 1220 340 δύνασαι,
1242 306 1264 335 ὦ
1280 308 1423 343 Μαρκίων,
1438 308 1530 335 λαθεῖν
1551 308 1602 342 τὴν
1625 308 1768 343 ἀλήθειαν.
1793 307 1869 333 Κᾶν

1051 353 1154 389 ἀφέλῃς
1168 353 1222 387 γὰρ
1241 354 1304 388 περὶ
1324 354 1401 380 Ἰωνᾶ
1417 353 1464 379 τοῦ
1487 354 1626 389 προφήτου
1644 353 1658 380 ὃ
1674 353 1722 388 τὴν
1744 354 1865 379 οἰκονο-

1053 398 1118 432 μίαν
1132 397 1260 433 σημαίνει
1282 397 1330 424 τοῦ
1347 397 1485 434 Σωτῆρος,
1508 398 1612 434 ἀφέλῃς
1629 398 1657 425 δὲ
1675 398 1723 424 καὶ
1739 398 1773 424 τὸ
1788 398 1866 432 περὶ

1051 444 1100 479 τῆς
1120 444 1280 480 βασιλίσσης
1304 444 1350 470 τοῦ
1376 444 1452 471 νότου
1472 444 1520 470 καὶ
1541 443 1712 479 Σαλομῶνος,
1734 444 1785 470 καὶ
1804 443 1866 477 τῆς

1051 489 1146 515 Νινευῒ
1168 489 1218 525 τὴν
1237 489 1395 526 σωτηριὼδη
1423 490 1568 522 ὑπόθεσιν,
1591 491 1639 517 καὶ
1658 490 1704 517 τοῦ
1723 491 1807 516 Ἰωνᾶ
1828 489 1864 516 τὸ

1052 536 1196 570 κήρυγμα,
1213 536 1294 568 αὐτὸς
1312 537 1326 562 ὁ
1349 536 1525 572 προκείμενος
1548 536 1627 571 λόγος
1651 536 1698 563 τοῦ
1721 536 1863 572 Σωτῆρος

1052 581 1168 616 ἐλέγχει.
1186 582 1267 616 Λέγει
1283 582 1336 617 γάρ
1347 591 1353 597 ·
1379 583 1410 609 Ἠ
1427 582 1514 617 γενεὰ
1531 583 1607 616 αὕτη
1621 582 1748 617 σημεῖον
1764 583 1860 614 αἰτεῖ,

1052 628 1101 654 καὶ
1116 628 1243 663 σημεῖον
1257 630 1293 656 οὐ
1310 629 1470 662 δοθήσεται
1485 629 1573 664 αὐτῇ.
1596 630 1639 661 Ὠς
1660 630 1713 656 τῶν
1731 630 1788 665 πρὸ
1804 630 1861 656 αὐ-

1052 673 1102 708 τῆς
1119 673 1169 708 τῆς
1185 675 1281 708 γενεᾶς
1299 674 1519 707 καταξιωοεισῶν
1544 675 1664 711 σημεῖων
1681 675 1759 710 παρὰ
1783 675 1860 702 Θεοῦ

1053 720 1100 746 ἀπ’
1116 720 1242 756 οὐρανοῦ.
1265 721 1306 754 Ὠς
1328 723 1342 748 ὁ
1373 722 1424 757 μὲν
1443 722 1535 755 Ἠλίας
1559 724 1671 758 σημεῖον
1696 723 1786 749 ἐποίει
1809 723 1860 749 διὰ

1051 766 1100 793 τοῦ
1115 767 1162 793 ἀπ’
1177 768 1291 804 οὐρανοῦ
1320 768 1406 805 πυρὸς
1426 769 1658 804 καταϐεϐηκότος,
1683 770 1730 796 καὶ
1752 770 1860 796 λαϐόν-

1053 820 1098 843 τος
1112 812 1160 848 τὴν
1175 813 1270 840 θυσίαν
1281 823 1288 829 ’
1309 815 1356 841 καὶ
1374 815 1495 850 Μωῦσῆς
1512 815 1605 850 τέμνει
1625 816 1674 852 τὴν
1698 815 1856 849 θάλασσαν,

204 861 309 889 criticia
334 862 508 897 consumpsit
520 863 541 888 ¹.
560 860 668 897 Moyses
685 869 750 888 vero
772 869 848 889 mare
863 861 1000 895 dividit';

1059 859 1101 885 καὶ
1114 859 1164 894 τὴν
1180 859 1283 896 πέτραν
1295 860 1400 894 Vdecet,
1413 862 1459 888 καὶ
1475 863 1584 898 προχέει
1602 862 1683 899 ὕδωρ.
1700 863 1748 890 καὶ
1762 864 1859 898 μάννα

205 916 337 944 percusso
357 909 534 944 siliceaquas
547 909 621 935 elicit
632 908 660 942 ‘;
677 913 759 944 atque
781 917 797 936 e
813 909 884 936 caelo
901 916 1002 936 manna

205 955 357 982 demittit".
371 955 450 982 .Icsus
464 954 539 982 Nave
554 955 626 981 [ilius
642 955 726 982 solem
743 954 816 982 sistit
832 962 863 981 ac
877 955 969 981 lunam
980 955 1001 982 θ.

206 1000 285 1029 Unde
303 1002 479 1036 quantumvis
497 1009 557 1036 qua:
572 1002 674 1036 scripta
690 1005 754 1028 sunt
775 1001 907 1035 impostor
920 1001 1003 1029 dissi-

207 1048 303 1081 mulet,
329 1048 395 1075 nihil
412 1048 521 1075 veritati
539 1056 639 1076 nocere
662 1049 781 1084 poterit:
798 1049 846 1076 sed
870 1048 905 1075 ab
923 1056 954 1075 ea
973 1056 1002 1076 se

207 1095 294 1129 magis
309 1094 448 1121 alienabit.

243 1139 337 1167 Schol.
353 1139 398 1166 26.
421 1139 475 1166 Pro
487 1147 520 1166 co
536 1139 610 1174 quod
628 1143 671 1167 est
682 1160 689 1171 ,
707 1139 855 1166 Pt'tt‘teritis
871 1139 919 1166 Dei
929 1139 1004 1175 judi-

204 1186 286 1216 cium,
317 1185 509 1219 rescripserat,
539 1183 687 1211 Prwteritis
709 1184 757 1211 Dei
776 1185 965 1211 uocationem'.

241 1232 334 1259 Rehd.
349 1232 394 1258 ‘26.
415 1231 485 1264 Quid
498 1236 539 1258 est
556 1231 629 1266 quod
647 1230 680 1258 ad
700 1237 727 1258 te
749 1231 926 1258 refellendum
947 1239 1002 1259 non

186 1303 190 1306 _
208 1277 316 1304 valeat?
335 1281 382 1303 aut
401 1276 472 1303 unde
500 1285 556 1303 non
579 1276 683 1304 arcessi
708 1280 804 1303 contra
828 1282 855 1304 te
877 1277 1001 1304 testimo-

208 1322 283 1348 nium
305 1322 407 1356 queat?
423 1321 514 1348 Prima
540 1322 612 1349 enim
633 1330 695 1349 cum
718 1321 917 1357 posterioribus
936 1329 1003 1349 con-

207 1370 331 1397 sentiunt
346 1379 352 1397 :
369 1374 397 1396 ut
414 1369 548 1396 srclcrata
564 1369 608 1396 illa
622 1375 668 1396 tua
683 1370 865 1397 convincatur
876 1369 1001 1397 audacia.

207 1414 275 1441 Cum
298 1415 371 1441 enim
396 1415 485 1442 dicit:
503 1415 607 1442 Tenetis
630 1416 788 1442 traditiones
811 1416 955 1447 seniorum,
976 1420 1001 1442 et

207 1462 349 1495 prwteritis
364 1461 573 1488 miscricordiam
585 1466 609 1488 et
619 1461 753 1495 judicium
774 1462 840 1493 Dei;
852 1461 938 1493 disce,
957 1469 1002 1488 so-

208 1505 270 1534 des.
292 1514 323 1533 ex
335 1511 520 1541 quotenipore
534 1507 592 1534 ham
612 1508 675 1535 illos
689 1507 870 1535 observantes
885 1511 1001 1542 arguat;

1053 904 1100 930 ἀπ’
1115 905 1230 941 οὐρανοῦ
1252 906 1347 942 φέρει·
1371 907 1418 934 καὶ
1437 908 1540 943 Ἰησοῦς
1558 908 1572 934 ό
1598 909 1642 935 τοῦ
1663 909 1741 944 Ναυῆ
1759 909 1858 945 ἵστησι

1052 949 1098 976 τὸν
1114 951 1201 985 ἥλιον,
1216 952 1263 978 καὶ
1277 952 1326 988 τὴν
1341 953 1466 989 σελήνην.
1483 954 1538 980 Καὶ
1555 954 1627 982 κατὰ
1645 956 1735 982 πάντα
1749 957 1858 992 τρόπον

1053 995 1105 1022 κᾶν
1117 996 1209 1034 κρύψῃ
1218 998 1253 1024 τὰ
1263 999 1443 1034 γεγραμμένα
1458 1000 1596 1032 ἀπατεὼν,
1607 1001 1682 1028 οὐδὲν
1695 1001 1793 1037 βλάψει
1805 1003 1858 1038 τὴν

1053 1042 1192 1078 ἀλήθειαν,
1205 1043 1262 1070 ἀλλ’
1274 1045 1370 1072 ἑαυτὸν
1383 1045 1559 1082 ὰπαλλοτριοῖ
1569 1046 1619 1082 τῆς
1634 1047 1773 1082 ἀληθείας.

1088 1133 1166 1168 Σχόλ.
1183 1137 1239 1166 κς’.
1257 1135 1329 1161 Ἀντὶ
1344 1135 1401 1167 τοῦ,
1415 1137 1603 1171 Παρέρχεσθε
1614 1137 1672 1172 τὴν
1683 1139 1789 1172 κρίσιν
1798 1137 1857 1166 τοῦ

1054 1179 1138 1210 Θεοῦ,
1153 1194 1189 1198 ——
1202 1180 1392 1214 Πιιρέρχεσθε
1407 1182 1465 1216 τὴν
1481 1183 1595 1215 κλῆσιν
1608 1184 1660 1211 τοῦ
1673 1184 1758 1211 Θεοῦ.

1092 1225 1202 1260 Ἐλεγχ.
1223 1229 1279 1258 κε’.
1297 1227 1382 1254 Πόθεν
1398 1228 1448 1255 οὐκ
1466 1229 1580 1265 ὲλέγχῃς
1602 1229 1683 1256 πόθεν
1694 1230 1722 1256 δὲ
1743 1231 1764 1247 ¹⁶
1781 1231 1854 1258 κατὰ

1054 1270 1100 1297 σοῦ
1110 1271 1229 1308 συναχθῇ
1242 1273 1258 1308 ἡ
1273 1274 1426 1309 μαρτυρὶα;
1438 1275 1479 1302 Τὰ
1495 1275 1591 1311 πρῶτα
1605 1276 1659 1312 γὰρ
1674 1278 1781 1313 συνᾴδει
1796 1280 1855 1310 τοῖς

1054 1317 1212 1352 μετέπειτα,
1235 1318 1419 1356 ἐλεγχομένης
1441 1320 1491 1356 τῆς
1505 1323 1581 1358 παρὰ
1599 1323 1645 1350 σοῦ
1665 1323 1852 1359 ῥᾳδιουργίας.

1059 1364 1120 1391 Ἐὰν
1147 1365 1201 1400 γὰρ
1223 1365 1298 1402 εἴπῃ,
1327 1367 1473 1402 Κατέχετε
1501 1370 1555 1402 τὰς
1580 1369 1764 1404 παραδόσεις
1792 1371 1854 1398 τῶν

1053 1411 1261 1446 πρεσϐυτέρων
1287 1412 1380 1447 ὑμῶν,
1405 1414 1454 1442 καί
1475 1415 1661 1450 παρέρχεσθε
1687 1416 1720 1443 τὸ
1753 1417 1852 1450 ἕλεος,

1053 1456 1102 1483 καὶ
1121 1456 1179 1490 τὴν
1201 1458 1304 1492 κρίσιν
1327 1459 1379 1486 τοῦ
1404 1460 1495 1487 Θεοῦ·
1518 1461 1587 1496 μάθε
1610 1461 1666 1488 ἀπὸ
1688 1463 1765 1489 ποίου
1788 1465 1852 1499 χρό-

1053 1511 1098 1528 νου
1119 1504 1240 1531 αἰτιᾶται
1268 1505 1367 1537 αὐτοὺς
1392 1505 1472 1533 τοῦτο
1488 1507 1687 1540 ἐπιτελοῦντας.
1711 1509 1779 1536 Πότε
1794 1510 1821 1536 δὲ
1834 1510 1851 1545 ἡ

208 1559 241 1578 ac
255 1552 430 1586 quandonam
453 1553 594 1580 seniorum
611 1553 663 1581 ista
679 1553 792 1580 traditio
817 1553 942 1587 cmperit.
961 1553 1000 1579 In-

1059 1549 1205 1584 παράδοσις
1216 1551 1308 1583 αὐτοῖς
1320 1552 1416 1586 γέγονε
1431 1552 1484 1579 τῶν
1498 1554 1691 1590 πρεσὸυτέρων
1700 1564 1708 1586 ς
1718 1556 1765 1582 καὶ
1777 1557 1796 1572 ¹¹
1807 1556 1852 1583 εὖ-

209 1597 304 1624 venies
320 1597 444 1632 profecto
469 1605 530 1624 eam
547 1605 607 1632 qua:
633 1597 744 1624 Davidis
760 1597 921 1624 inscribitur
943 1600 1004 1631 post

210 1643 327 1670 reditum
343 1651 358 1670 e
375 1643 523 1678 Babylonia
538 1653 544 1671 :
560 1644 654 1671 Akibae
666 1651 730 1671 vero
744 1643 825 1678 paulo
841 1647 904 1670 ante
916 1642 1005 1679 Baby-

209 1690 327 1717 lonicam
351 1690 537 1725 captivitatem
567 1691 675 1718 initium
703 1691 845 1718 habuisse.
873 1690 1005 1718 Assamo-

209 1742 332 1762 natorum
353 1743 437 1771 porro
462 1737 639 1764 traditionem
661 1737 809 1764 Alexandri
828 1741 856 1764 et
876 1737 1003 1764 Antiochi

208 1781 329 1817 coepisse
342 1782 524 1817 temporibus,
542 1783 623 1809 annis
637 1787 701 1809 ante
715 1781 855 1810 Christum
872 1781 934 1809 190.
950 1781 1004 1809 lt:-

209 1835 263 1862 que
277 1828 334 1863 jam
348 1831 406 1855 tum
429 1836 477 1863 per
492 1829 578 1863 legem
599 1828 718 1860 vocatio,
744 1836 775 1855 ac
793 1836 841 1863 per
857 1828 1005 1864 prophetas

208 1878 270 1901 erat
280 1873 371 1901 oblata
387 1874 590 1907 misericordia,
607 1878 638 1901 ut
650 1874 825 1902 circulatoris
839 1874 920 1902 istius
934 1875 1005 1902 ratio

210 1919 335 1948 funditus
347 1924 496 1947 evertatur.

247 1963 339 1991 Schol.
358 1963 403 1991 27.
431 1963 475 1991 Vat
489 1963 571 1995 vobis.
586 1965 712 1999 quoniam
729 1964 869 1999 a’diﬁcatis
884 1967 1005 2000 sepulcra

209 2008 407 2043 prophetarum,
427 2013 451 2035 et
464 2014 553 2044 patres
568 2010 647 2036 vestri
662 2010 813 2037 occiderunt
828 2011 889 2038 illos
901 2011 922 2038 ⁸.

248 2095 340 2123 Refut.
361 2095 407 2122 Ἦ.
428 2094 658 2130 Quandoquidem
681 2097 830 2132 prophetas
857 2106 931 2126 cura:
953 2099 1006 2127 sibi

210 2151 274 2172 esse
300 2143 454 2178 signiﬁcat,
479 2145 507 2168 ut
539 2149 635 2168 eorum
660 2150 755 2170 necent
784 2143 1007 2172 interfectoribus

1057 1603 1141 1631 ρεσις,
1164 1596 1205 1623 ὅτι
1224 1597 1271 1623 τοῦ
1294 1598 1344 1632 μὲν
1363 1598 1445 1625 Δαδὶδ
1471 1600 1541 1634 μετὰ
1565 1600 1614 1636 τὴν
1639 1602 1670 1628 ἐκ
1693 1601 1851 1634 Βαϐυλῶνος

1055 1641 1195 1674 ἐπάνοδον,
1209 1642 1255 1669 τοῦ
1272 1642 1301 1669 δὲ
1322 1643 1418 1670 Ἀκιϐᾱ
1436 1644 1483 1671 καὶ
1506 1645 1560 1681 πρὸ
1578 1646 1632 1672 τῶν
1653 1647 1850 1674 Βαϐυλωνικῶν

1056 1687 1247 1722 αἰχμαλωσιῶν
1261 1689 1418 1725 γεγένηται.
1435 1691 1495 1717 Τῶν
1509 1691 1538 1718 δὲ
1558 1692 1623 1718 υἱῶν
1644 1691 1849 1728 Ἀσσαμωναίου

1056 1733 1084 1758 ὲν
1101 1733 1207 1769 χρόνοις
1230 1735 1405 1768 Ἀλεξάνδρου
1427 1737 1475 1763 καὶ
1493 1737 1639 1773 Ἀντιόχου,
1662 1739 1717 1775 πρὸ
1737 1740 1788 1774 τῆς
1804 1740 1849 1767 τοῦ

1055 1779 1174 1814 Χριστοῦ
1200 1780 1330 1816 ἐνδημίας
1355 1782 1411 1817 (7‘2)
1442 1783 1539 1810 ἑκατὸν
1568 1785 1730 1820 ἐνενήκοντα
1752 1785 1847 1813 ἔτεσιν.

1058 1826 1130 1861 Ἀρα
1147 1826 1212 1860 γοῦν
1234 1828 1280 1854 καὶ
1299 1828 1392 1854 ἔκτοτε
1410 1828 1454 1855 διὰ
1475 1830 1557 1865 νόμου
1578 1828 1612 1866 ἦν
1635 1832 1652 1865 ἡ
1676 1831 1779 1866 κλῆσις,
1804 1833 1849 1859 καὶ

1055 1870 1099 1898 διὰ
1114 1872 1261 1907 προφητῶν
1282 1873 1313 1899 τὸ
1330 1873 1413 1906 ἕλεος,
1439 1875 1485 1901 καὶ
1510 1876 1676 1911 πανταχόθεν
1691 1877 1818 1905 ἐκπίπτει
1835 1879 1849 1904 ὁ

1056 1918 1215 1954 ἁγυρτὼδης
1230 1928 1275 1946 σου
1290 1920 1376 1954 λόγος.

1092 1964 1169 1999 Σχόλ.
1193 1965 1245 1998 κζ’.
1269 1965 1342 1993 Οὐαὶ
1367 1967 1449 2002 ὑμῖν,
1472 1967 1516 1995 ὅτι
1531 1969 1712 2004 οἰκοδομεῖτε
1726 1971 1762 1997 τὰ
1774 1979 1846 2005 μνη-

1054 2009 1123 2044 μεῖα
1144 2010 1202 2037 τῶν
1224 2011 1394 2046 προφητῶν,
1421 2013 1471 2040 καί
1488 2015 1514 2041 οὶ
1536 2015 1658 2049 πατέρες
1692 2016 1774 2051 ὑμῶν
1796 2017 1847 2044 1.1-

1056 2054 1193 2082 έκτειναν
1207 2058 1326 2090 αὐτούς.

1095 2102 1202 2138 Ἐλεγχ.
1221 2103 1270 2135 κζ’.
1284 2105 1315 2131 Et
1329 2105 1384 2132 τῶν
1406 2106 1553 2142 προφητῶν
1575 2108 1692 2134 ποιεῖται
1707 2108 1757 2143 τὴν
1771 2117 1846 2144 φρον-

1057 2146 1127 2177 τίδα,
1141 2148 1202 2179 τοὺς
1223 2149 1437 2183 ἀποκτείναντας
1464 2151 1619 2183 ὀνειδίζων,
1644 2153 1693 2179 οὐκ
1717 2153 1846 2189 ἀλλότριοι

211 2189 369 2224 exprobret,
385 2193 500 2223 apparet
514 2188 627 2215 minime
639 2188 674 2215 ab
688 2195 721 2215 eo
733 2189 838 2217 alienos
854 2191 1000 2223 exstitisse.

1059 2193 1140 2219 αὐτοῦ
1155 2191 1224 2228 ἦσαν
1238 2195 1262 2221 οἱ
1283 2196 1420 2231 προφῆται
1435 2219 1442 2230 ,
1457 2197 1526 2224 ἀλλὰ
1545 2198 1643 2231 δοῦλοι,
1659 2199 1713 2234 Ικαὶ
1728 2208 1845 2234 προετοι-

211 2236 261 2264 sed
275 2243 380 2267 servos,
399 2236 445 2270 qui
457 2239 484 2262 et
497 2235 653 2262 advenienti
668 2234 708 2262 illi
720 2235 789 2262 viam
802 2236 1004 2271 quodatnmodo

212 2281 376 2314 tnuuierint,
389 2285 416 2308 et
427 2280 503 2308 Novo
519 2281 696 2309 Testamento
713 2282 870 2310 testimonio
883 2291 933 2311 suo
947 2285 1005 2311 suf-

213 2328 311 2363 fragati
335 2329 447 2356 fuerint.
463 2328 541 2362 Quod
563 2328 671 2363 Moyses
691 2329 735 2357 bis
756 2330 892 2365 praecipue
913 2331 1006 2358 verbis

212 2375 360 2409 prmstitit:
377 2375 537 2408 Prop/letam
552 2377 625 2403 vobis
636 2376 776 2403 suscitabit
790 2377 917 2404 Dominus
935 2377 1004 2404 Deus

212 2427 226 2445 ε
239 2419 369 2453 fratribus
386 2420 478 2446 vestris
499 2421 568 2448 sicut
587 2430 626 2448 me
644 2423 664 2448 ν.
683 2421 736 2448 Sed
764 2425 790 2448 et.
812 2426 876 2449 ante
893 2422 1003 2458 Moysen

211 2463 308 2497 Jacob,
321 2465 386 2492 dum
411 2466 449 2493 ita
463 2466 603 2502 loquitur:
618 2467 640 2494 E
661 2468 787 2503 germine,
806 2468 846 2502 ﬁli
870 2469 905 2495 mi
918 2468 1004 2502 Juda,

248 2578 256 2594 ¹
273 2576 338 2604 Luc.
352 2584 391 2609 XI,
406 2577 449 2603 15.

249 2713 377 2751 (72)de
394 2712 449 2746 τῆς
465 2713 518 2740 τοῦ
533 2713 663 2747 Χριστοῦ
679 2713 833 2751 ἐνδημίας.
848 2714 906 2742 Non
920 2723 1004 2751 parva

213 2748 260 2777 hic
274 2748 451 2776 ballucinatio
467 2753 508 2775 est
525 2758 531 2776 :
553 2750 721 2776 Assamonaai
739 2750 796 2783 lilii,
813 2753 866 2777 hoc
888 2748 931 2778 est
945 2751 1004 2777 Ma-

212 2784 328 2816 chabzei,
341 2788 401 2819 post
411 2783 576 2819 antiochum
590 2785 756 2819 Epiphaneni
766 2785 935 2819 prodicruut.
950 2786 1002 2819 Qui

213 2821 299 2854 coepit
316 2817 388 2846 anno
409 2817 565 2846 Gnccorum
589 2817 649 2851 137,
670 2819 678 2846 l
695 2817 819 2847 Macliah.
839 2829 859 2852 ι,
883 2821 935 2848 hoc
961 2817 1003 2849 est

213 2853 272 2889 per.
288 2853 342 2881 Jul.
361 2854 441 2885 4558,
457 2855 536 2884 annis
558 2859 621 2882 ante
639 2856 777 2891 vulgarem
798 2855 901 2885 Christi
917 2855 1000 2884 Nata-

500 2578 511 2593 ²
525 2577 558 2604 Ill
574 2577 639 2611 Reg.
656 2586 734 2608 svnt.
752 2578 797 2606 58.
837 2579 847 2594 ³
863 2579 947 2606 Exod.
961 2588 1015 2611 xiv,
1031 2580 1076 2607 2|.

236 2614 303 2640 ibid.
320 2612 365 2640 42.
402 2613 413 2628 ⁸
430 2611 495 2640 ibid.
508 2613 554 2640 47.
592 2613 601 2628 ³
617 2611 695 2640 Deut.
711 2622 787 2647 .\vnI,
807 2615 851 2642 15.
889 2615 910 2631 ¹⁰
925 2615 1000 2643 Dccsl

1098 2617 1119 2631 “
1135 2616 1198 2643 For.
1218 2611 1356 2653 εὑρήσεις.

1060 2239 1160 2273 μασταὶ
1171 2239 1219 2274 τῆς
1235 2241 1367 2276 ἑνσάρκου
1382 2242 1464 2268 αὐτοῦ
1477 2243 1637 2278 παρουσίας,
1651 2245 1675 2270 οἰ
1690 2244 1736 2270 καὶ
1749 2253 1831 2280 μαρτυ

1060 2286 1192 2320 ρήσαντες
1215 2287 1247 2321 τῇ
1267 2287 1354 2323 Καινῇ
1378 2289 1512 2326 Διαθήκῃ·
1536 2290 1656 2325 Μωῡσῆς
1677 2291 1726 2326 μὲν
1746 2291 1842 2326 λέγων·

1054 2331 1215 2366 Προφήτην
1226 2333 1296 2367 ὑμῖν
1313 2334 1481 2367 ἀναστήσει
1501 2337 1608 2370 Κύριος
1621 2338 1638 2363 ό
1652 2337 1725 2370 Θεύς
1743 2337 1776 2364 ἐκ
1789 2337 1844 2364 τῶν

1054 2377 1195 2412 ἀδελφῶν
1221 2378 1316 2413 ὑμῶν,
1338 2380 1378 2412 ὡς
1399 2379 1461 2414 ἐμέ.
1482 2381 1537 2407 Καὶ
1569 2381 1620 2416 πρὸ
1645 2382 1728 2408 αὑτοῦ
1754 2381 1842 2409 Ἰακὼϐ

1054 2424 1158 2458 λέγων’
1178 2425 1225 2451 Ἐκ
1251 2425 1410 2459 βλαστοῦ,
1441 2427 1485 2454 υίέ
1509 2436 1569 2462 μου
1590 2427 1701 2459 Ἰούδα,
1730 2427 1841 2461 ὰνὲϐης,

1053 2471 1217 2498 ἀναπεσὼν
1245 2471 1418 2507 ἐκοιμήθης.
1441 2473 1503 2499 Οὐκ
1529 2474 1664 2508 ἐκλείψει
1691 2474 1789 2508 ἅρχων
1811 2474 1841 2506 ἐξ

1115 2580 1216 2618 ‘i\_'um.
1234 2590 1280 2613 xx,
1298 2583 1341 2610 Η.
1380 2583 1391 2598 ⁵
1405 2583 1492 2611 Exod.
1507 2584 1622 2616 “1,14.
1661 2585 1671 2599 ⁸
1685 2584 1744 2613 Jos.
1762 2586 1838 2618 x,12.

1058 2717 1110 2758 lein
1128 2718 1190 2758 17ἒὶἲ
1203 2718 1261 2746 Nisi
1280 2719 1350 2758 forte
1357 2720 1522 2758 Antiochum
1535 2721 1581 2748 τὸν
1594 2722 1682 2757 μέγαν
1694 2723 1837 2758 intelligat:

1057 2753 1106 2790 qui
1121 2755 1205 2788 cmpit
1222 2762 1280 2790 per.
1298 2755 1353 2782 Jul.
1372 2756 1453 2783 ιι9ο.
1472 2756 1524 2784 Sed
1539 2753 1839 2785 Assam'ona-orumvtra-

1057 2789 1156 2829 ditio‘a
1168 2790 1336 2829 Mne-habens
1348 2792 1457 2829 initium
1469 2792 1575 2819 habuit.
1593 2794 1684 2826 Quare
1699 2793 1770 2821 infra
1783 2793 1838 2829 Epi-

1058 2824 1155 2859 phanis
1167 2826 1274 2853 initium
1292 2827 1407 2861 cmperit
1426 2835 1537 2856 necesse
1554 2833 1606 2856 cst.
