1952 3045
76 171 128 201 τιιὸ

393 169 578 199 ADVERSUS
595 168 764 197 HERESES
779 167 842 196 LIB.
860 167 881 197 l.
900 165 982 194 TOM.
1003 165 1091 192 Ill.—
1105 163 1241 192 II/ERES.
1261 162 1340 191 XLII.

1640 162 1692 191 718

82 232 191 260 Ἰούδα·
212 232 260 259 καὶ
275 231 334 266 μετ’
351 231 443 266 ὀλίγα·
463 231 537 263 Ἕως
557 230 631 264 ἔλθῃ
650 226 675 263 ᾧ
694 229 732 256 τὰ
747 228 884 258 ἀποκείη

935 223 1067 252 scendisti.
1083 222 1253 258 Requiescens
1264 221 1422 249 accubuisti.
1435 220 1495 249 Non
1506 221 1608 257 deﬁciet
1618 223 1694 257 prin-

73 286 166 313 μενα·
190 277 239 303 καὶ
261 276 353 309 αὐτὸς
367 276 532 310 προσδοκία
549 274 653 302 ἐθνῶν.
673 274 728 301 Kal
750 273 796 300 ἐπ’
810 273 863 300 αὑ-

77 323 130 350 τὸν
143 322 215 355 ἔθνη
238 321 406 349 ἐλπιοῦσιν.
428 321 541 353 Ἡσαΐας
561 321 604 348 δέ·
624 320 696 347 Ἰδοὺ
715 320 735 353 ἡ
754 318 862 353 παρθέ-

77 376 131 401 νος
149 369 183 395 ὲν
200 366 306 402 γαστρὶ
330 366 402 399 ἕξει.
424 366 557 402 Ἱερεμίας
574 365 618 392 διτὲ⁸
635 365 690 392 Kal
710 363 864 398 ἄνθρωπός

77 414 152 447 ἐστι,
168 414 217 441 καὶ
236 413 281 445 τις
296 413 440 447 γνώσεται
451 413 544 439 αὐτόν
556 419 566 444 ;
581 410 700 446 Μιχαίας
712 418 719 425 ·
735 410 790 437 Καὶ
812 409 863 441 σὺ,

79 459 229 494 Βηθλεέμ²
246 459 294 487 καὶ
317 458 376 494 μεθ’
392 458 483 494 ἕτερον
501 459 552 484 Ἐκ
571 457 629 484 σοῦ
643 465 694 492 μοι
708 455 865 489 ἐξελεύσε-

79 514 127 533 ται
140 505 315 540 ἡγούμενος,
331 505 379 531 καὶ
394 503 429 531 τὰ
441 503 514 539 ἑξῆς.
534 503 562 529 '0
578 503 606 530 δε
623 501 783 537 Μαλαχίας·
805 500 865 532 Ἑξ-

80 552 190 586 αἰφνης
207 552 251 584 εἰς
273 551 326 578 τὸν
347 550 421 577 ναὸν
440 549 506 583 ἣξει
522 549 646 582 Κύριος·
676 549 690 575 6
712 547 739 574 δὲ
764 546 863 573 Δαῦίδο

80 595 200 624 Εἶπενὸ
214 595 322 630 Κύριος
341 594 382 628 τῷ
398 594 492 628 Κυρίῳ
510 601 580 628 μου,
597 592 644 619 καὶ
664 591 699 618 τὰ
721 591 794 626 ἑξῆς.
811 590 866 616 Καὶ

81 642 166 669 πολλὰ
179 642 237 668 ἐστι
251 641 350 675 λέγειν,
364 641 411 667 καὶ
423 639 504 667 αὐτοῦ
523 638 646 674 λέγοντος
663 638 709 665 τοῦ
722 637 846 672 Σωτῆρος
857 656 864 664 .

79 689 113 716 El
130 688 243 722 Μωυσῇ
265 687 446 718 ἐπιστεύετε,
471 685 641 712 ἐπιστεύετε
659 684 697 712 ἂν
719 684 768 711 καὶ
790 683 865 718 ἐμοί.

86 733 219 767 Ἐκεῖνος
233 733 289 768 γὰρ
304 732 371 767 περὶ
389 731 463 767 ἐμοῦ
481 731 602 767 ἔγραψε.

119 863 197 899 Σχόλ.
213 862 265 898 κη’.
282 855 338 890 Οὐκ
349 861 416 899 εἶχε·
430 862 482 890 Διὰ
489 862 577 890 τοῦτο
587 859 670 890 εἶπεν
681 861 700 896 ἡ
713 861 805 896 σοφία
815 860 868 888 τοῦ

913 278 971 305 ceps
993 277 1025 297 ea:
1038 268 1113 296 Juda
1129 269 1137 284 ¹
1153 272 1223 296 :etc.
1240 268 1279 295 Ac
1303 267 1384 302 paulo
1405 270 1465 302 post
1481 276 1487 295 :
1502 266 1588 295 Donec
1608 268 1695 296 veniat

913 315 956 341 cui
969 314 1083 348 reposita
1102 318 1177 345 sunt;
1195 318 1220 340 et
1232 312 1286 346 ipse
1305 312 1465 345 exspectatio
1478 312 1594 348 gentium
1607 319 1616 338 :
1628 318 1653 340 et
1667 313 1696 341 ἱιι

913 360 998 394 ipsum
1018 363 1104 394 gentes
1126 357 1267 392 sperabunt
1277 358 1308 384 ν.
1324 356 1404 392 333
1416 357 1499 384 Isaias
1517 364 1601 385 vero:
1618 357 1695 390 Ecce,

914 405 1012 439 inquit,
1038 404 1109 439 virgo
1128 403 1253 437 concipiet
1264 403 1286 435 ’ς
1302 401 1433 430 Jeremias
1458 403 1521 430 item
1543 411 1550 429 :
1569 402 1602 430 Et
1621 403 1697 430 homo

913 455 962 482 est,
984 454 1008 477 et
1026 450 1084 484 quis
1102 453 1239 484 cognoscet
1253 449 1328 475 illum
1340 447 1352 474 Ρ
1366 447 1492 474 Μὶοιιαξοε
1508 457 1515 475 :
1531 439 1565 475 Et
1579 452 1607 475 tu
1619 448 1700 476 Betti-

915 495 1008 527 tehem,
1033 499 1102 528 etc.;
1123 497 1150 522 et
1166 494 1248 530 paulo
1271 497 1355 529 post:
1373 491 1414 519 Es
1427 496 1450 519 te
1465 493 1528 519 mihi
1552 493 1700 529 egredietur

914 540 969 567 dua:
979 541 999 572 ³,
1016 544 1070 568 etc.
1083 539 1118 566 At
1133 538 1281 566 Malachias
1296 548 1302 566 :
1319 537 1417 566 Statim
1434 538 1461 565 in
1479 537 1603 572 templum
1616 539 1700 567 ueniet

918 585 1076 614 Dominus‘.
1100 585 1168 612 Nam
1191 585 1264 620 quod
1288 584 1322 612 ad
1344 584 1475 612 Davidem
1501 589 1617 619 spectat,
1643 585 1715 612 lme-

914 633 989 659 illius
1026 635 1067 659 est
1102 631 1241 666 praedictio
1275 630 1384 658 :Dixit
1426 629 1557 658 Dominus
1589 629 1703 660 Domino

916 678 1004 710 meo‘,
1029 681 1082 705 etc.
1100 677 1216 705 Possum
1235 680 1262 704 et
1283 676 1428 704 innumera
1452 677 1506 704 alia
1528 684 1701 712 percensere,

915 733 978 753 cum
994 723 1145 760 praesertim
1159 731 1174 750 a
1188 723 1303 751 Domino
1316 722 1352 750 sit
1365 714 1468 750 dictum
1483 732 1490 750 :
1506 721 1537 750 Si
1548 722 1636 758 Moysi
1646 732 1705 751 cre-

916 770 1024 802 deretis,
1039 769 1178 797 crederetis
1195 769 1310 804 forsitan
1323 773 1349 796 et
1366 768 1440 796 mihi.
1457 768 1496 798 De
1515 777 1556 796 me
1573 769 1644 797 enim
1659 769 1705 797 ξίίε

917 816 1024 850 scripsit
1036 815 1057 843 ⁸.

953 861 1046 889 Schol.
1074 861 1118 889 28.
1151 861 1249 889 Deerat
1265 870 1272 888 :
1287 860 1429 895 Propterea
1451 865 1476 889 et
1503 861 1636 896 sapientia
1656 860 1706 888 Dei

83 909 171 937 Θεοῦ·
191 909 381 938 Ἀποστέλλω
392 910 435 942 είς
446 908 557 942 αὐτοὺς
567 907 731 942 προφήτας·
744 907 791 934 καὶ
806 907 870 944 περὶ

935 899 1007 934 Tian't':
1021 905 1129 934 Mittam
1152 907 1188 933 ad
1208 906 1268 934 ιιιοσ
1288 907 1503 942 ρνορΙιειαι⁷;θι
1516 907 1550 935 de
1574 907 1707 942 sanguine

84 957 201 991 αἵματος
214 956 348 992 Ζαχαρίου
360 957 407 983 καὶ
420 955 502 982 Ἅϐελ
514 954 625 982 καὶτῶν
639 954 785 991 προφητῶν
794 974 801 987 ,
829 954 870 981 ὅτι

85 1002 315 1037 ἐκζητηθήσεται
332 1002 392 1030 ἀπὸ
406 1001 461 1036 τῆς
474 1001 578 1036 γενεᾶς
593 1001 714 1034 ταύτης.

124 1049 234 1084 Ἕλεγχ.
248 1051 301 1084 κη’.
316 1049 372 1075 Καὶ
390 1049 419 1074 ἐν
439 1047 526 1083 τούτῳ
549 1056 589 1073 σοι
606 1046 690 1082 πολλὴ
705 1045 830 1081 αἰσχύνη,
850 1042 872 1073 ὦ

87 1087 232 1130 Μαρκίων,
247 1094 295 1120 τοῦ
310 1093 484 1130 χαρακτῆρος
497 1093 544 1128 τῆς
561 1092 690 1128 ἀληθείας
708 1091 873 1127 σωζομένου,

88 1140 136 1167 καὶ
147 1140 196 1175 τῆς
211 1140 386 1176 παρεκτομῆς
403 1139 457 1166 τῶν
475 1138 639 1174 κλεμμάτων
652 1146 699 1164 σου
711 1138 875 1174 εὑρισκομέ-

90 1194 149 1221 νης,
158 1185 212 1212 ἀπὸ
219 1185 265 1212 τοῦ
275 1185 443 1221 ἀντιγράφου
451 1184 498 1212 τοῦ
510 1184 580 1211 κατὰ
591 1185 697 1211 Δουκᾶν
708 1183 875 1219 Εὐαγγελίου

91 1231 145 1258 τῶν
157 1231 246 1258 τόπων
257 1230 469 1266 εὑρισκομένων,
485 1230 532 1258 καὶ
545 1229 600 1258 τῶν
613 1229 689 1265 παρὰ
701 1229 748 1257 σοῦ
762 1229 879 1265 ἀφαιρε-

91 1276 195 1303 θέντων
208 1275 404 1311 ἐλεγχομένων.

130 1321 207 1357 Σχόλ.
229 1321 280 1348 κθ’.
302 1320 382 1356 Λέγω
403 1319 437 1347 δὲ
457 1319 520 1353 τοῖς
529 1320 706 1355 φίλοις-μου·
727 1319 775 1353 Μὴ
787 1319 880 1354 φοϐη-

95 1368 167 1402 θῆτε
179 1367 237 1395 ἀπὸ
249 1367 308 1395 τῶν
321 1367 559 1395 ἀποκτεινόντων
571 1366 604 1393 τὸ
620 1366 714 1401 σῶμα·
731 1365 882 1400 φοϐήθητε

95 1414 132 1442 δὲ
148 1414 201 1441 τὸν
216 1413 292 1448 μετὰ
306 1413 340 1440 τὸ
354 1413 526 1440 ἀποκτεῖναι
543 1412 653 1447 ἔχοντα
666 1412 724 1447 τὴν
737 1411 884 1444 ἐξουσίαν

94 1459 206 1493 βαλεῖν
233 1460 275 1492 εις
299 1459 434 1494 γέενναν.
460 1459 516 1486 Οὺκ
542 1458 599 1494 εἶχε
628 1457 667 1486 δέ·
694 1458 767 1492 Οὐχὶ
794 1457 884 1484 πέντε

97 1504 243 1539 στρουθία
261 1504 416 1538 ἀσσαρίων
432 1503 486 1530 δύο
502 1503 652 1537 πωλεῖται,
673 1503 722 1530 καὶ
740 1502 819 1535 ἐνὲξ
832 1504 885 1530 αὺ-

100 1550 161 1578 τῶν
170 1551 225 1578 οὐκ
241 1550 326 1578 ἐστιν
336 1549 576 1584 ἐπιλελησμένον
587 1549 715 1577 ἐνώπιον
727 1549 780 1577 τοῦ
795 1548 885 1580 Θεοῦ;

144 1605 250 1642 Ἑλεγχ.
267 1605 318 1633 κθ’.
335 1605 382 1638 Τὸ,
396 1605 477 1639 Λέγω
488 1605 546 1641 ἐγὼ
561 1605 623 1639 τοῖς
639 1605 739 1640 φίλοις
755 1614 825 1640 μου-
839 1605 886 1639 Μὴ
900 1584 922 1614 c

103 1651 254 1686 φοϐηθῆτε
269 1651 329 1679 ἀπὸ
348 1651 407 1678 τῶν
422 1651 660 1678 ἀποκτεινόντων
675 1651 708 1678 τὸ
724 1651 819 1686 σῶμα⁵
834 1659 889 1686 ερον

102 1697 214 1732 ϐήθητε
226 1697 261 1724 δὲ
274 1697 329 1724 τὸν
343 1697 454 1732 ἔχοντα
466 1697 611 1729 ἐξουσίαν
623 1697 667 1729 τὸ,
678 1696 755 1732 μετὰ
769 1697 804 1723 τὸ
815 1698 889 1724 ἀπο-

107 1744 220 1771 κτεῖναι
234 1744 268 1770 τὸ
280 1742 376 1778 σῶμα,
386 1743 444 1777 τὴν
458 1743 680 1778 ψυχὴν-,βαλεῖν
695 1744 739 1776 εις
754 1743 889 1778 γέενναν,

106 1789 257 1824 ἀναγκάζει
279 1798 324 1821 σε,
343 1785 366 1816 ὦ
387 1788 529 1824 Μαρκίων,
546 1789 594 1815 καί⁸
610 1788 644 1815 τὰ
659 1788 723 1823 ἑξῆς
737 1788 786 1824 τῆς
803 1796 891 1824 παρα-

106 1837 189 1871 ϐολῆς
198 1835 375 1871 ὁμολογῆσαι.
393 1835 474 1861 ’Λνευ
483 1834 538 1870 γὰρ
546 1834 595 1861 τοῦ
609 1834 675 1861 Θεοῦ
687 1834 762 1861 οὐδὲν
775 1834 890 1868 γίνεται,

107 1881 161 1908 κᾶν
181 1880 287 1916 ὲπάρῃς
308 1879 340 1906 τὸ
360 1879 425 1915 περὶ
447 1879 500 1906 τῶν
523 1879 682 1915 στρουθίων.
713 1878 893 1914 Ἀπολόγησαι

107 1926 156 1954 οὖν
174 1927 238 1962 περὶ
257 1926 312 1953 τῶν
325 1928 354 1953 ὲν
369 1926 410 1961 τῷ
429 1926 503 1961 ῥητῷ
519 1926 751 1960 καταλειφθέντων
768 1925 822 1953 ὑπὸ
833 1926 892 1959 σοῦ,

106 1971 132 2000 ὦ
149 1973 291 2008 Μαρκίων.
310 1973 365 2000 Καὶ
377 1972 523 2008 ἀπόκριναι
538 1973 603 2008 ἡμῖν
617 1972 644 1999 τί
658 1972 749 2008 διανοῇ
766 1973 830 2009 περὶ
845 1972 892 2000 τοῦ

107 2019 234 2053 ἐξουσίαν
251 2019 369 2054 ἔχοντος.
383 2019 414 2045 El
426 2018 480 2054 γὰρ
499 2018 582 2053 φαίης
598 2019 679 2045 αὐτὸν
692 2016 763 2048 εἶναι
777 2019 822 2046 τὸν
836 2020 892 2046 Πα-

107 2066 178 2101 τέρα
189 2064 237 2092 τοῦ
251 2065 380 2100 Χριστοῦ,
392 2064 437 2091 τὸν
453 2065 500 2092 καὶ
518 2064 593 2100 παρὰ
612 2065 653 2091 σοὶ
667 2065 767 2099 ἀγαθὸν
780 2065 893 2101 λεγόμε-

107 2120 154 2138 νον
164 2111 240 2144 Θεὸν,
252 2111 275 2137 εἰ
285 2111 332 2137 καὶ
342 2110 434 2142 κακῶς
443 2111 568 2146 διαιρεῖς,
580 2111 664 2146 ὅμως,
677 2111 770 2146 ἐπειδὴ
779 2111 835 2146 ἔχει
844 2111 894 2146 τὴν

109 2156 244 2189 ἐξουσίαν,
261 2157 379 2188 δέδωκας
399 2157 480 2184 αὐτὸν
501 2157 598 2193 κριτὴν
618 2157 693 2191 οντα,
718 2159 765 2184 καὶ
787 2158 894 2193 ἑκάστῳ

109 2203 227 2238 νέμοντα
241 2201 270 2229 τὸ
287 2203 347 2229 κατ’
363 2201 452 2234 ἀξίαν.
470 2202 502 2229 El
522 2202 550 2229 δὲ
564 2203 594 2229 οὐ
615 2202 694 2229 τοῦτο
712 2203 811 2238 λέγεις,
827 2203 894 2230 ἀλλὰ

924 952 1071 984 Zachariae,
1093 956 1120 980 et
1145 952 1222 984 Abel,
1242 957 1270 980 et
1294 953 1506 988 prophetarum,
1523 953 1651 988 quoniam
1669 961 1708 981 τες

923 999 1040 1035 quiretur
1055 1007 1071 1026 a
1080 999 1245 1033 generatione
1259 998 1307 1026 hac
1321 998 1343 1025 ⁸.

957 1044 1048 1072 Rciut.
1064 1044 1109 1072 28.
1128 1044 1272 1072 Enimvero
1292 1051 1427 1072 summam
1455 1044 1500 1073 hic
1517 1043 1578 1076 tibi,
1594 1043 1708 1078 Marcio,

923 1092 1002 1119 locus
1027 1090 1205 1126 ignominiam
1222 1090 1317 1123 inurit,
1335 1098 1399 1118 cum
1417 1090 1542 1119 veritatis
1557 1090 1647 1118 adhuc
1663 1090 1707 1118 in-

925 1142 1000 1173 tegra
1019 1135 1106 1164 forma
1115 1136 1212 1164 relicta
1224 1136 1270 1169 sit,
1282 1143 1315 1164 ac
1329 1135 1422 1164 furtim
1434 1143 1450 1164 a
1465 1140 1493 1164 te
1505 1137 1613 1165 sublata
1627 1138 1711 1165 muti-

926 1183 1035 1218 lataque
1046 1183 1106 1210 loca
1123 1182 1204 1210 facile
1227 1182 1417 1217 reperiantur;
1440 1190 1472 1210 ac
1486 1190 1546 1218 qua
1562 1183 1672 1216 desunt,
1683 1183 1711 1211 in

927 1229 1067 1264 Evangelii
1080 1228 1230 1256 secundum
1251 1228 1354 1256 Lucam
1371 1228 1573 1264 exemplaribus
1588 1228 1713 1265 legantur

928 1275 1111 1307 omnibusJut
1126 1282 1187 1310 qua;
1204 1274 1254 1302 abs
1273 1279 1299 1302 te
1313 1277 1377 1302 sunt
1388 1274 1537 1303 interversa
1552 1275 1712 1310 prodantur.

967 1320 1059 1348 Schol.
1074 1320 1119 1348 29.
1132 1320 1198 1347 Dico
1211 1325 1300 1347 autem
1311 1320 1404 1347 anticis
1416 1320 1480 1347 meis
1493 1328 1503 1347 :
1518 1319 1609 1348 Nolite
1624 1321 1714 1349 timere
1750 1317 1754 1319 ’

931 1375 974 1394 eos
992 1366 1038 1401 qui
1049 1365 1170 1393 occidunt
1186 1373 1280 1401 corpus
1294 1373 1303 1392 :
1322 1366 1408 1393 timete
1422 1373 1481 1392 vero
1500 1374 1570 1398 eum,
1584 1367 1629 1402 qui
1642 1371 1716 1402 post-

932 1420 1011 1447 quam
1022 1411 1148 1439 occiderit
1169 1411 1245 1438 habet
1269 1415 1422 1445 potestatem
1438 1411 1561 1438 mittendi
1576 1412 1604 1438 in
1622 1412 1717 1447 gehen-

933 1465 996 1485 nam
1010 1458 1032 1485 '.
1051 1457 1106 1485 Nec
1125 1457 1242 1485 habebat
1254 1457 1320 1484 illud
1338 1465 1345 1484 :
1362 1455 1457 1484 Nonne
1472 1457 1584 1493 quinque
1597 1465 1715 1492 pauere;

935 1508 1042 1532 veneunt
1053 1504 1196 1538 dupondio,
1206 1508 1232 1530 et
1241 1511 1308 1531 unus
1324 1511 1357 1531 ea:
1370 1503 1423 1531 illis
1435 1512 1488 1532 non
1501 1508 1540 1531 est
1550 1504 1578 1531 in
1589 1503 1718 1534 oblivione

936 1558 1026 1577 coram
1044 1549 1097 1577 Deo
1114 1549 1158 1576 ὀἳ

973 1606 1064 1634 Reiut.
1077 1606 1122 1634 29.
1141 1605 1202 1633 Haec
1213 1606 1271 1642 ipsa
1284 1606 1366 1634 verba
1379 1615 1387 1634 :
1400 1605 1465 1633 Dico
1476 1614 1522 1642 ego
1530 1606 1624 1634 anticie
1640 1607 1722 1635 meis:

939 1652 1029 1681 Nolite
1056 1653 1148 1680 timere
1169 1660 1213 1679 eos
1229 1652 1274 1687 qui
1290 1652 1411 1680 occidunt
1432 1660 1546 1687 corpus:
1563 1653 1651 1680 timete
1661 1661 1722 1681 uero

938 1708 997 1727 eum
1013 1700 1059 1735 qui
1072 1704 1208 1735 postquam
1219 1699 1342 1727 occiderit
1354 1707 1458 1734 corpus,
1478 1700 1554 1728 habet
1568 1706 1722 1735 potestatem

939 1745 1058 1773 mittendi
1074 1746 1190 1772 animam
1205 1746 1233 1772 in
1249 1746 1408 1780 gehennam,
1425 1746 1560 1781 parabolae
1578 1747 1660 1774 etiam
1680 1753 1725 1774 re-

940 1783 1014 1826 liqua
1034 1790 1112 1818 fateri
1127 1795 1155 1817 te
1173 1795 1283 1826 cogunt.
1302 1790 1418 1823 Etenim,
1437 1791 1497 1819 sine
1511 1790 1557 1818 Dei
1574 1795 1643 1818 nutu
1655 1792 1724 1820 nihil

940 1836 1053 1864 omnino
1066 1837 1181 1872 geritur,
1204 1836 1328 1871 quamvis
1342 1837 1414 1872 quod
1434 1836 1466 1864 de
1481 1837 1637 1871 passeribus
1656 1837 1725 1865 scri-

941 1887 1017 1918 ptum
1032 1887 1074 1910 est
1086 1882 1204 1910 auferas.
1221 1882 1304 1918 Igitur
1316 1882 1350 1910 de
1363 1883 1396 1910 iis
1411 1890 1471 1917 qum
1485 1882 1513 1910 in
1528 1883 1579 1910 hac
1590 1884 1725 1911 sententia

942 1928 1071 1956 dicuntur
1078 1928 1215 1956 reddenda
1228 1927 1277 1955 tibi
1290 1928 1360 1955 ratio
1367 1931 1419 1960 est,
1438 1935 1455 1954 ο
1471 1927 1582 1955 Marcio.
1596 1928 1635 1956 Ac
1644 1928 1724 1955 velim

942 1973 1008 2002 mihi
1019 1973 1196 2009 respOndeas,
1209 1973 1275 2009 quid
1285 1973 1318 2001 de
1331 1981 1363 2001 eo
1375 1981 1499 2006 censeas,
1510 1974 1724 2009 quipotestatem

942 2019 1043 2047 habere
1058 2019 1168 2047 dicitur.
1185 2018 1213 2046 Si
1231 2020 1303 2047 enim
1320 2019 1429 2047 Patrem
1449 2019 1526 2047 illum
1545 2019 1646 2047 Christi
1664 2027 1726 2048 esse

943 2064 1056 2097 dixeris,
1079 2064 1269 2099 eumdemque,
1292 2072 1372 2100 quem
1395 2069 1422 2092 tu
1440 2065 1542 2093 bonum
1561 2073 1622 2094 esse
1641 2066 1725 2093 Deum

943 2110 1076 2145 praedicas
1087 2119 1094 2143 ;
1106 2110 1157 2138 etsi
1168 2111 1237 2138 male
1250 2114 1278 2138 tu
1297 2111 1406 2146 quidem
1417 2119 1538 2147 separas,
1553 2115 1645 2139 tamen
1659 2119 1728 2146 quo-

943 2155 1016 2182 niam
1041 2159 1176 2190 potestate
1193 2155 1323 2190 prazditus
1341 2161 1399 2189 est,
1420 2156 1541 2190 judieem
1562 2163 1623 2183 esse
1642 2155 1728 2183 conti~

943 2201 1020 2232 teris,
1030 2201 1076 2236 qui
1092 2208 1141 2236 pro
1155 2201 1258 2229 meritis
1267 2202 1324 2229 suis
1333 2202 1544 2237 unumquodque
1559 2205 1726 2236 compenset.

108 2248 156 2275 τὸν
168 2248 337 2283 Δημιουργὸν
346 2248 392 2274 τὸν
403 2248 480 2283 παρὰ
493 2248 535 2275 σοὶ
550 2248 630 2283 φύσει
644 2249 740 2284 κριτὴν
754 2249 883 2284 ᾀδόμενον

946 2247 999 2273 Aut
1018 2247 1041 2274 si
1059 2247 1142 2274 alium
1164 2255 1226 2275 esse
1245 2247 1398 2283 quempiam
1420 2248 1539 2282 judicas,
1553 2247 1727 2275 Conditorem

109 2293 173 2326 λέγε
190 2300 234 2327 μοι
249 2291 291 2323 τίς
305 2291 392 2326 τούτῳ
405 2292 504 2318 δέδωκε
517 2291 566 2327 τὴν
581 2292 714 2324 ἐξουσίαν.
732 2293 764 2319 El
777 2293 832 2328 γὰρ
848 2294 894 2327 ἀφ’

108 2337 207 2365 ἑαυτοῦ
223 2337 290 2372 ἔχει,
307 2337 361 2372 ἄρα
381 2337 467 2372 μέγας
488 2338 556 2370 ἐστὶ,
574 2338 620 2364 καὶ
640 2338 763 2371 ἐξουσίαν
783 2338 849 2373 ἔχει.
863 2339 895 2365 Et

108 2383 140 2409 δὲ
163 2382 208 2409 τοῦ
240 2382 342 2418 κρίνειν
368 2382 491 2415 ἐξουσίαν
515 2382 583 2417 ἔχει,
603 2383 649 2410 καὶ
674 2383 720 2409 τοῦ
743 2383 848 2415 σώζειν.
866 2383 895 2410 Ὀ

109 2428 167 2463 γὰρ
179 2428 325 2462 δυνάμενος
337 2427 439 2462 κρίνειν
453 2427 564 2455 δύναται
577 2428 624 2455 καὶ
635 2428 772 2455 ἀπολύειν.
785 2428 839 2455 Καὶ
851 2428 898 2455 ex.

110 2473 175 2505 λως·
193 2474 234 2505 Εἰ,
252 2473 298 2499 τοῦ
320 2473 414 2509 κριτοῦ
433 2473 574 2508 βάλλοντος
588 2475 638 2506 τὰς
658 2473 747 2510 ψυχὰς
765 2475 804 2506 είς
823 2475 898 2509 γέεν-

110 2526 171 2549 ναν,
186 2518 200 2544 6
214 2517 279 2550 Θεδς
295 2519 309 2545 6
322 2518 422 2552 ἀγαθὸς
436 2519 468 2545 οὐ
486 2519 578 2554 ῥύεται
591 2519 686 2552 αὐτὰς,
701 2521 716 2546 ὁ
731 2520 897 2556 πανταχόθεν

111 2564 167 2591 τῶν
181 2564 271 2591 αὐτῶν
282 2564 493 2600 ἐπιμελούμενος
506 2565 600 2600 ψυχῶν
613 2565 672 2597 πῶς
682 2565 715 2593 ἂν
725 2566 768 2600 είη
782 2565 897 2600 ἀγαθός;

111 2610 130 2647 ἦ
148 2609 201 2645 γὰρ
215 2610 255 2636 ὅτι
270 2610 440 2646 ἰσχυρότερος
453 2610 535 2637 αὑτοῦ
551 2611 620 2642 ἐστι,
636 2611 683 2638 καὶ
698 2611 729 2638 οὐ
745 2611 854 2638 δύναται
867 2613 899 2638 ὲκ

111 2656 205 2692 χειρὸς
225 2655 345 2691 ῥύεσθαι·
363 2656 379 2691 ἢ
397 2656 437 2682 ὅτι
452 2655 563 2682 δύναται
586 2656 646 2691 μὲν,
668 2657 698 2683 οὺ
719 2657 842 2691 βούλεται
859 2657 898 2684 δέ.

112 2702 171 2729 Καὶ
191 2701 243 2729 ποῦ
263 2703 280 2738 ἡ
303 2702 455 2738 ἀγαθότης;
477 2703 508 2729 Et
522 2703 560 2733 δὲ.
579 2703 673 2738 ἐπειδὴ
686 2703 766 2736 αὐτὸς
782 2703 899 2736 ἔκτισεν,

113 2747 239 2779 ἐξουσίαν
253 2747 310 2782 ἔχει
324 2748 369 2774 καὶ
384 2748 486 2782 κρίνειν
514 2748 572 2780 πῶς
586 2749 600 2774 6
615 2749 670 2776 ἄνω
683 2748 749 2781 Θεὸς
765 2751 779 2776 6
791 2749 842 2776 ὑπὸ
854 2749 901 2777 σοῦ

151 2825 240 2862 ιγςοη.
256 2834 330 2862 Χιικ,
348 2827 375 2854 9.
414 2827 434 2842 "
450 2827 515 2856 ibid.
532 2835 592 2862 sqq.

946 2291 1061 2324 scilicet,
1077 2300 1157 2326 quem
1173 2295 1202 2319 tu
1220 2293 1330 2328 proprie
1348 2292 1468 2327 judicent
1489 2293 1643 2324 constituis,
1660 2293 1729 2321 cedo

945 2336 1007 2371 quis
1024 2336 1049 2364 ei
1062 2341 1224 2371 potestatem
1242 2337 1420 2366 commiserit.
1437 2337 1513 2366 lianc
1525 2338 1596 2365 enim
1607 2338 1631 2365 si
1647 2338 1729 2366 habet

946 2382 1005 2416 ipse
1014 2389 1061 2417 per
1079 2391 1150 2416 sese,
1163 2390 1277 2419 magnus
1293 2384 1386 2418 utique
1400 2386 1452 2417 eet,
1467 2391 1499 2411 ac
1512 2387 1645 2419 potestate
1658 2392 1728 2420 prae-

947 2430 1031 2457 ditus.
1044 2429 1121 2463 Quod
1134 2429 1158 2457 si
1183 2429 1324 2464 judicandi
1350 2437 1435 2464 penes
1455 2436 1517 2457 eum
1542 2429 1658 2458 facultas
1673 2434 1728 2462 est,

946 2475 998 2503 erit
1010 2479 1036 2503 et
1056 2475 1191 2503 servandi.
1218 2474 1268 2509 Qui
1284 2476 1356 2503 enim
1369 2475 1585 2510 jurisdictionem
1600 2483 1730 2504 exercere

948 2524 1047 2556 potest,
1065 2526 1154 2556 potest
1163 2524 1190 2548 et
1208 2521 1358 2549 absolvere.
1372 2520 1515 2552 Prteterea.
1532 2520 1613 2556 334
1624 2521 1645 2548 si
1666 2528 1730 2549 eum

945 2565 1028 2600 judex
1056 2566 1084 2593 in
1108 2565 1258 2601 gehennam
1288 2566 1441 2601 prazcipites
1462 2566 1585 2593 immittit
1612 2566 1730 2597 animas,

949 2611 1036 2639 bonus
1050 2611 1094 2639 ille
1107 2611 1191 2643 Deus,
1201 2612 1247 2647 qui
1260 2616 1362 2639 tantam
1379 2612 1532 2639 animarum
1543 2619 1637 2639 curam
1651 2611 1730 2646 gerit,

950 2665 1005 2684 non
1016 2665 1063 2685 eas
1077 2658 1182 2690 liberat,
1196 2658 1288 2686 haberi
1309 2658 1397 2686 bonus
1407 2658 1452 2693 qui
1464 2658 1583 2693 poterit?
1598 2662 1645 2684 aut
1659 2657 1731 2685 enim

952 2703 997 2731 ille
1020 2703 1116 2732 fortior
1137 2708 1189 2738 est,
1212 2712 1263 2733 nec
1283 2712 1317 2733 ex
1336 2704 1396 2740 ejus
1419 2705 1546 2733 manibus
1568 2708 1732 2738 extorquere

951 2754 1061 2785 potest;
1079 2754 1125 2778 aut
1142 2754 1172 2778 ut
1187 2750 1302 2778 facultas
1317 2755 1451 2786 suppetat,
1467 2750 1544 2779 deest
1561 2754 1650 2777 tamen
1667 2749 1735 2777 libe-

565 2836 592 2863 q.
631 2829 641 2844 ¹
659 2828 709 2856 lsa.
729 2837 777 2862 vn,
798 2829 840 2857 l4.
879 2830 884 2845 ³

935 2829 985 2857 ich.
1003 2838 1028 2861 ν,
1042 2830 1068 2857 2.
1115 2830 1123 2846 ⁵
1139 2829 1254 2859 Malach.
1271 2839 1312 2864 ιιι,
1326 2832 1351 2860 l.
1390 2830 1483 2860 'Psal.
1500 2839 1556 2863 cu,
1568 2831 1592 2858 ί,
1630 2830 1640 2845 ⁶
1653 2827 1731 2856 «Ιοιιι.

112 2865 142 2894 v,
159 2861 203 2889 ιθ.
242 2861 251 2877 ⁷
268 2861 335 2888 Luc.
351 2870 389 2893 ιι,
403 2862 445 2890 49.
483 2863 493 2878 ⁸
507 2861 628 2891 ibidf5i.
668 2865 677 2881 ⁸
693 2864 759 2893 Luc.
774 2872 822 2899 xu,
838 2864 864 2898 4,
879 2865 884 2892 Ξ

945 2865 966 2881 ¹⁰
985 2865 1049 2893 ibid.
1060 2865 1086 2892 6.

274 2908 411 2941 ΡΑτιιοι..
434 2909 492 2940 Gn.
516 2911 597 2942 XLI.

1516 2912 1554 2942 215
