1952 3045
231 161 286 194 ΉἾ
940 162 969 192 S.
989 161 1161 193 ΕΡῘΡΗΑΝΙΙ
1808 171 1862 198 748

229 222 309 251 randi
323 222 459 249 voluntas.
475 217 591 248 Ubinam
611 219 693 256 igitur
713 220 758 247 illa
776 220 883 248 bonitas
897 221 955 248 est?
971 221 1010 248 Sir

1073 223 1254 259 μυθευόμενός
1268 232 1343 255 τινας
1357 223 1477 259 μερικῶς
1498 223 1596 257 σώζεις
1618 224 1649 253 El
1673 224 1721 261 μὲν
1739 226 1795 253 ἀπὸ
1805 228 1861 254 τῶν

229 269 360 304 quoniam
379 267 448 295 alter
460 267 505 294 ille
521 266 654 298 condidit,
673 266 734 294 ideo
751 270 777 293 et
788 267 929 301 judicandi
941 272 1010 302 pote-

1072 268 1219 304 ἀλλοτρίων
1244 269 1390 304 λαμῆάνων
1415 269 1507 302 σώζει,
1534 270 1690 297 πλεονεκτεῖ
1712 271 1862 308 ἀλλοτρίων

229 318 289 342 stas
317 313 341 341 ei
367 313 507 345 tribuitur,
528 312 666 347 quomodo
690 319 836 348 supremus
863 313 918 345 ille,
938 322 1010 349 queir

1072 314 1143 350 ὲρῶν
1155 323 1161 330 ·
1177 315 1201 341 εἰ
1223 315 1252 341 δὲ
1272 315 1302 342 οὐ
1320 316 1433 350 φάσκεις
1450 315 1604 348 πλεονεξίαν
1618 314 1697 347 εἶναι,
1714 317 1757 344 διὰ
1774 318 1805 345 τὸ
1821 319 1862 350 εἰς

229 359 321 394 ﬁngis.
340 357 412 385 Deus
427 357 575 385 nonnullos
591 364 624 384 ex
642 356 734 392 aliqua
754 361 832 392 parte
848 357 966 384 liberare
977 357 1010 384 di-

1072 359 1173 394 ἀγαθὸν
1185 360 1215 386 τὸ
1227 360 1307 396 ἔργον
1319 361 1442 395 γίνεσθαι
1458 362 1505 388 καὶ
1522 363 1665 398 σωτήριον,
1682 365 1861 400 προσωπολή-

228 405 319 433 citur?
329 404 393 432 Sive
405 404 476 432 enim
489 404 577 431 aliena
592 402 702 438 rapiens
719 406 874 436 conservat,
890 403 1010 438 injuriau

1073 413 1142 440 πτην
1157 406 1239 434 αὑτὸν
1253 407 1351 440 ποιεῖς,
1373 407 1410 442 μὴ
1429 407 1460 434 τὸ
1480 407 1582 442 ἀγαθὸν
1599 409 1664 440 ῐσως
1677 410 1772 442 πᾶσιν,
1792 411 1862 438 ἀλλὰ

226 452 375 486 cupiditate
386 459 434 478 sua
447 450 510 477 facit
523 450 601 477 alteri
613 459 619 476 :
633 449 690 476 sive
703 453 847 484 propterea
857 456 939 484 negas
949 449 1010 484 inju.

1074 451 1195 486 μερικῶς
1210 452 1348 479 ποιοῦντα.

226 498 295 524 riam
312 504 384 528 esse,
400 495 472 531 quod
501 495 536 522 ad
561 496 661 522 bonum
683 495 800 529 alicujus
823 502 855 522 ac
877 495 991 522 salutem
1012 495 1122 530 referat,
1139 505 1318 532 personarum
1332 498 1408 526 illum
1422 498 1522 527 habere
1535 499 1665 526 rationem
1679 499 1798 534 iudicas,
1812 501 1860 536 qui

227 549 282 569 non
300 541 408 570 benede
424 540 551 568 omnibus
561 539 711 574 aequaliter,
724 539 772 567 sed
803 539 886 567 certis
913 540 1045 569 duntaxat
1065 543 1163 571 mereri
1175 544 1292 572 studeat.

262 587 354 616 Schol.
373 587 419 615 30.
434 586 487 614 Pro
495 587 538 614 his
556 586 665 614 verbis:
684 584 859 620 Conﬁtebitur
871 594 960 614 coram
972 595 1021 614 an-

225 631 321 669 gelis',
343 633 494 668 rescripsit,
521 640 611 659 coram
626 631 692 659 Deo.

264 679 358 707 Refut.
375 679 421 706 30.
450 678 570 712 Apparet
588 676 700 704 omnino
713 697 720 708 ,
749 684 921 712 nequaquam
941 677 1018 704 illum

226 725 376 753 secundum
414 723 499 751 Deum
526 722 683 755 ambulare,
709 722 773 750 licet
801 723 947 751 veritatem
975 723 1017 750 vel

226 771 327 806 exiguo
340 769 473 797 vocabulo
487 771 646 796 commutet.
663 767 714 800 Qui
732 769 805 795 enim
831 776 925 795 eorum
956 775 1016 803 quae

225 821 292 844 sunt
307 816 384 844 Initio
401 815 505 850 scripta
516 817 621 850 partem
639 813 758 849 aliquam
766 821 942 849 corrumpere
960 821 1016 841 non

225 863 343 894 dubitat,
362 869 378 888 a
393 861 436 888 via
456 860 576 887 veritatis
593 859 709 886 aberrat.

1107 590 1185 626 Σχόλ.
1202 590 1236 618 λ’.
1259 591 1332 618 Ἀντὶ
1352 591 1410 618 τοῖν
1441 591 1632 627 Ὁμολογήσει
1649 593 1778 622 ἐνώπιον
1799 594 1866 623 τῶν

1070 634 1215 670 ἀγγέλων,
1230 636 1335 668 ἐκεῖνος
1347 636 1400 663 τοῦ
1418 637 1491 664 Θεοῦ
1505 637 1589 671 λέγει.

1107 680 1216 717 Ἐλεγχ.
1239 681 1272 708 λ’.
1289 682 1462 717 Πανταχόθεν
1481 683 1619 719 ἐλέγχεται
1640 684 1677 720 μὴ
1699 685 1769 712 κατὰ
1791 685 1860 713 Θεὸν

1069 727 1262 763 πορευόμενος,
1282 729 1332 755 κᾶν
1351 737 1379 755 τε
1393 730 1421 756 ἐν
1434 728 1594 766 βραχυτάτῳ
1612 730 1684 766 λόγῳ
1697 732 1857 768 παραλλάξῃ

1067 772 1117 807 τὴν
1136 772 1274 808 ἀλήθειαν.
1300 774 1330 800 'O
1347 774 1453 809 τολμῶν
1473 775 1528 810 γάρ
1547 784 1576 802 τι
1591 776 1792 812 παραλλάσσειν
1802 777 1859 804 τῶν

1069 818 1268 855 γεγραμμένων
1282 820 1410 856 ἀπαρχῆς
1424 821 1474 847 οὐκ
1488 822 1517 848 ὲν
1533 822 1585 857 ὁδῷ
1596 822 1724 858 ἀληθείας
1737 824 1857 854 ἵσταται.

261 889 354 935 Schol.
373 907 418 934 3|.
437 905 499 933 Non
514 905 597 932 habet
617 905 669 932 ista
683 913 690 931 :
703 903 774 931 Deus
795 905 869 931 vestit
887 889 974 940 fenum
993 905 1010 932 '.

1102 904 1179 939 Σχόλ.
1199 904 1250 931 λα’.
1267 905 1324 932 οὐκ
1341 905 1398 940 ἔχει
1413 905 1454 932 τό·
1473 906 1504 933 ⁷0
1522 906 1593 940 Θεὸς
1608 907 1787 942 ἁμφιέννυσι
1802 909 1862 935 τὸν

260 993 351 1021 Refut.
364 993 408 1021 3i.
424 991 501 1019 Licet
515 998 546 1018 ea
566 998 627 1026 qua!
641 991 743 1025 scripta
759 995 824 1018 sunt
840 999 895 1018 non
914 999 946 1019 ea
964 991 1016 1019 ﬁde

224 1039 343 1069 referas,
360 1045 415 1073 qua
431 1045 446 1063 a
462 1035 605 1064 Salvatore
631 1036 807 1071 pronuntiata
825 1040 899 1069 sunt,
920 1037 1015 1064 eadem

224 1090 316 1113 tamen
331 1083 378 1110 illa
393 1083 454 1110 loca
480 1083 509 1110 in
533 1081 693 1117 Evangelio,
711 1089 767 1117 quo
788 1081 909 1110 Ecclesia
923 1083 1016 1110 catho-

224 1130 278 1156 lica
295 1129 391 1160 utitur,
411 1128 516 1163 integra
534 1131 700 1155 servantur:
716 1128 917 1161 quantumlibet
932 1127 1015 1156 Deum

223 1175 302 1202 illum
327 1173 456 1208 abneges,
476 1171 524 1207 qui
548 1171 638 1199 Verbo
660 1178 712 1199 suo
728 1171 853 1199 condidit
872 1172 1013 1205 universa,

222 1221 375 1255 eademque
397 1226 464 1246 cura
491 1226 541 1246 sua
565 1217 795 1253 providentiaque
809 1217 1014 1252 complectitur,

223 1274 258 1294 ne
271 1266 333 1293 feno
350 1265 459 1301 quidem
473 1268 585 1298 excepto
598 1271 605 1296 ;
620 1271 701 1298 quem
716 1263 829 1299 insuper
850 1264 934 1291 Deum
955 1264 1016 1291 Sal-

223 1318 302 1340 vator
314 1319 364 1340 sua
381 1319 447 1339 voce
469 1310 612 1338 confessus
628 1315 680 1337 est.

236 1373 239 1375 -
259 1358 352 1386 Schol.
364 1357 409 1385 52.
427 1357 508 1384 Pater
521 1361 603 1383 vester
621 1356 691 1383 nouit
713 1356 844 1390 corporeis
863 1357 927 1384 iisce
942 1357 1014 1384 vobis

224 1412 288 1439 opus
295 1411 350 1431 esse
357 1403 379 1430 ³.

261 1450 354 1478 Refut.
373 1450 417 1478 '52.
447 1450 525 1478 Novit
542 1450 623 1478 Pater
638 1450 789 1485 discipulos
802 1449 927 1484 corporis
941 1448 1015 1476 indi-

224 1504 288 1532 gere
307 1496 548 1524 commoditatibus
559 1517 566 1530 ,
582 1503 651 1531 quas
667 1496 771 1523 idcirco
787 1498 916 1530 procurat
931 1503 938 1527 ;
958 1502 1014 1522 non

225 1543 254 1570 in
268 1543 322 1570 alio
332 1543 450 1578 quodam
459 1551 541 1578 quam
555 1544 582 1570 in
590 1543 642 1570 hoc
654 1543 770 1575 saeculo;
786 1549 875 1577 neque
886 1541 914 1569 in
927 1542 1013 1570 aliena

1066 949 1185 983 χόρτον.

1103 996 1213 1032 Ἔλεγχ.
1229 997 1281 1024 λα’.
1298 997 1329 1024 EE
1344 998 1391 1024 καὶ
1409 997 1446 1033 μὴ
1460 999 1507 1034 ἐᾷς
1517 999 1550 1026 τὰ
1560 1000 1749 1035 γεγραμμένα,
1762 1000 1801 1033 ὡς
1815 998 1858 1027 εἵ-

1066 1050 1113 1078 χεν
1129 1042 1181 1069 ὑπὸ
1195 1043 1243 1070 τοῦ
1260 1044 1385 1079 Σωτῆρος
1400 1045 1543 1080 εἰρημένα,
1555 1045 1613 1072 ἀλλ’
1627 1043 1705 1081 οὗνγε
1721 1046 1855 1079 σώζονται

1065 1090 1089 1116 οἱ
1102 1089 1179 1116 τόποι
1191 1089 1220 1116 ὲν
1233 1089 1272 1124 τῷ
1284 1090 1442 1126 Εὑαγγελίῳ
1455 1091 1505 1126 τῆς
1517 1091 1598 1125 ἁγίας
1615 1092 1787 1128 Ἐκκλησίας·
1803 1093 1859 1120 κᾶν

1065 1135 1169 1171 ἀρνήσῃ
1185 1135 1216 1162 σὺ
1230 1136 1276 1162 τὸν
1288 1135 1353 1163 Θεὸν
1365 1136 1411 1163 τὸν
1426 1137 1514 1164 πάντα
1534 1138 1710 1173 πεποιηκότα,
1725 1140 1774 1166 καὶ
1786 1140 1857 1167 πάν-

1065 1188 1118 1206 των
1135 1180 1329 1216 ἐπιμελόμενον
1338 1181 1377 1216 τῷ
1393 1181 1472 1217 Λόγῳ
1484 1182 1577 1212 αὐτοῦ.
1591 1183 1655 1219 ἄχρι
1669 1185 1716 1211 καὶ
1729 1184 1778 1212 τοῦ
1787 1185 1854 1222 χόρ-

1064 1233 1121 1258 του,
1134 1226 1181 1253 καὶ
1194 1226 1247 1253 ὑπὸ
1259 1226 1306 1253 τοῦ
1317 1227 1443 1262 Σωτῆρος
1456 1228 1679 1265 ὁμολογούμενον.

1101 1357 1179 1392 Σχόλ.
1191 1356 1242 1384 λό’.
1265 1356 1357 1392 Ὑμῶν
1373 1357 1408 1384 δὲ
1417 1359 1434 1385 ὁ
1446 1357 1550 1392 Πατὴρ
1563 1357 1654 1388 οἶδεν.
1672 1360 1716 1387 ὅτι
1731 1361 1857 1396 χρῄζετε

1064 1403 1177 1429 τούτων
1192 1402 1253 1430 τῶν
1267 1402 1430 1437 σαρκικῶν.

1101 1448 1210 1483 Ἐλεγχ.
1218 1447 1267 1483 λβ¹.
1277 1446 1353 1476 Οἶδεν
1361 1449 1376 1475 ό
1383 1449 1488 1486 Πατὴρ,
1498 1450 1537 1477 ὃτι
1545 1451 1688 1487 χρῄζουσιν
1695 1452 1720 1478 οἱ
1733 1452 1856 1488 μαθηταὶ

1064 1493 1119 1521 τῶν
1130 1495 1268 1530 σαρκικῶν
1280 1495 1389 1531 χρειῶν,
1400 1497 1446 1523 καὶ
1456 1499 1563 1532 προνοεῖ
1571 1497 1626 1524 τῶν
1636 1499 1772 1526 τοιούτων·
1784 1508 1854 1535 προ-

1065 1541 1120 1566 νοεῖ
1133 1539 1161 1566 δὲ
1179 1540 1229 1567 οὐκ
1246 1541 1275 1568 ἐν
1288 1541 1360 1576 ἄλλῳ
1374 1542 1461 1575 αἰῶνι,
1477 1542 1534 1569 ἀλλ’
1548 1543 1674 1576 ἐνταῦθα,
1689 1545 1738 1571 οὐκ
1750 1545 1780 1572 ὲν
1795 1546 1852 1577 τοῖς

223 1588 412 1624 possessione,
427 1588 474 1616 sed
487 1589 515 1615 in
530 1589 564 1617 iis
577 1589 659 1617 rebus
675 1595 793 1623 quarum
815 1588 872 1623 ipse
888 1588 1010 1616 conditor

1071 1584 1213 1620 ὶλλοτρίοις
1228 1585 1278 1622 τὴν
1299 1572 1427 1622 πρόνοιαν
1444 1572 1498 1614 τῶν
1521 1587 1617 1614 ἑαυτοῦ
1641 1572 1742 1616 δούλων
1756 1572 1851 1616 moti:

223 1638 278 1667 est,
290 1641 384 1662 servos
408 1641 473 1662 suos
501 1634 635 1670 singulari
651 1634 823 1670 providentia
842 1634 1010 1670 gubernans.

260 1678 352 1706 Schol.
373 1679 416 1706 55.
427 1679 543 1712 Quwrite
559 1687 666 1715 regnum
681 1679 738 1712 Dei,
754 1683 778 1707 et
791 1679 846 1706 hwc
864 1679 953 1706 omnia
967 1679 1012 1706 ad-

220 1725 348 1760 jiciantur
361 1725 433 1752 vobis
452 1725 474 1753 ⁸.

259 1770 352 1799 Refut.
368 1771 412 1798 33.
431 1770 461 1798 Si
475 1771 569 1799 alienis
587 1775 773 1799 sustentamur
790 1772 898 1807 opibus,
917 1776 1012 1807 estque

223 1817 294 1845 alius
309 1817 430 1845 cmlestis
455 1817 532 1852 regni
551 1816 633 1849 Deus,
649 1816 715 1851 quid
734 1821 822 1852 potest
838 1817 866 1844 in
882 1817 934 1844 hoc
949 1824 1011 1845 esse

222 1870 350 1891 sermone
364 1863 595 1891 consentaneum?
607 1862 672 1890 Nam
688 1867 734 1890 aut
746 1862 780 1890 ad
795 1863 870 1890 illum
879 1867 932 1890 tam
942 1862 1010 1890 infe-

222 1908 296 1936 riora
311 1908 362 1936 ista
374 1908 519 1943 pertinent,
532 1916 614 1944 quam
627 1908 739 1937 caeleste
753 1916 879 1944 regnum,
895 1908 1010 1943 ideoque

222 1954 353 1982 interiora
371 1954 428 1982 haec
447 1955 548 1987 omnia,
563 1963 623 1990 quae
646 1962 696 1983 sua
711 1954 791 1990 335
809 1959 889 1988 sunt,
904 1962 954 1990 pro
971 1956 1010 1982 la-

221 1999 356 2033 horeillo,
377 2008 457 2036 quem
474 2001 549 2036 regni
567 2001 610 2028 sui
627 2001 792 2029 desiderium
816 2000 913 2029 atl‘erre
929 2001 1007 2034 solet,

221 2046 379 2074 hominibus
401 2046 543 2081 rependit;
569 2050 616 2073 aut
631 2047 667 2074 ita
699 2054 812 2082 regnum
832 2045 1009 2082 futurumque

221 2092 352 2120 saeculum
372 2092 405 2119 ad
421 2092 498 2119 illum
526 2092 654 2127 pertinet,
679 2097 708 2119 ut
724 2092 782 2120 haec
798 2091 890 2120 inﬁma
905 2092 1008 2120 Condi-

220 2136 275 2163 tori
287 2136 430 2164 tribuenda
437 2137 507 2169 sint;
519 2144 552 2164 ex
563 2143 617 2171 quo
628 2136 750 2171 sequitur
757 2136 911 2164 Conditoris
920 2137 1007 2172 ipsius

219 2183 385 2210 voluntatem
408 2182 441 2210 ad
457 2183 577 2217 supremi
602 2182 675 2210 illius
690 2190 804 2218 regnum
818 2183 1007 2211 accommoda.-

1065 1639 1154 1666 μενος,
1169 1631 1226 1658 ἀλλ’
1241 1631 1270 1658 ἐν
1283 1633 1340 1663 τοῖς
1352 1632 1397 1658 ὑπ’
1412 1632 1496 1659 αὑτοῦ
1510 1633 1689 1669 ὲκτισμένοις.

1098 1676 1174 1711 Σχόλ.
1189 1676 1239 1711 λγ’.
1254 1677 1373 1711 Ζητεῖτε
1384 1677 1442 1712 τὴν
1448 1678 1614 1710 ,βασιλείαν
1630 1679 1684 1706 τοῦ
1699 1681 1782 1714 Θεοῦ,
1799 1682 1849 1709 καὶ

1061 1721 1156 1748 ταῦτα
1169 1721 1267 1749 πάντα
1279 1722 1515 1756 προστεθήσεται
1528 1723 1610 1758 ὑμῖν.

1099 1767 1209 1802 Ἐλεγχ.
1228 1767 1279 1802 λγ’.
1303 1768 1336 1795 Εἰ
1354 1768 1408 1795 τῶν
1418 1768 1498 1796 ἄλλου
1511 1769 1695 1805 θτρεφόμεθα,
1705 1770 1752 1797 καὶ
1770 1770 1849 1804 ἄλλος

1061 1811 1127 1843 Θεὺς
1144 1811 1192 1846 τῆς
1211 1811 1349 1846 βασιλείας
1363 1813 1417 1840 τῶν
1431 1813 1554 1849 οὐρανῶν
1565 1814 1693 1850 ὑπάρχει,
1706 1816 1765 1848 πῶς
1780 1816 1822 1843 ἔτι
1834 1818 1849 1844 ό

1060 1857 1138 1891 λόγος
1155 1858 1350 1892 συμφωνήσει;
1363 1859 1394 1884 Et
1413 1859 1466 1894 γὰρ
1477 1859 1577 1886 ⁷αὺτοῠ
1593 1861 1651 1886 ἐστι
1670 1860 1705 1887 τὰ
1720 1861 1848 1895 ἐνταῦθα,

1060 1903 1108 1930 καὶ
1126 1903 1208 1930 αὐτοῦ
1231 1904 1304 1930 ἐστιν
1325 1905 1341 1939 ὴ
1359 1904 1490 1939 βασιλείαο
1512 1905 1552 1932 διὸ
1573 1906 1735 1942 προστίθησι
1759 1907 1849 1935 πάντα

1059 1949 1094 1976 τὰ
1105 1950 1222 1976 ἐνταῦθα
1233 1949 1297 1976 ὄντα
1309 1950 1391 1977 αὐτοῦ
1402 1950 1446 1978 διὰ
1458 1950 1503 1978 τὸν
1515 1951 1636 1986 κάματον
1646 1952 1693 1978 τοῦ
1703 1952 1785 1980 πόθου
1797 1954 1848 1989 τῆς

1059 1995 1142 2023 αὑτοῦ
1158 1996 1305 2032 βασιλείαςι
1322 1996 1340 2032 ἢ
1357 1997 1440 2024 αὐτοῦ
1458 1997 1534 2034 μὲνὴ
1551 1998 1685 2034 βασιλεία,
1703 2000 1750 2027 καὶ
1763 2001 1777 2026 ό
1789 2002 1848 2027 ἐκεῖ

1058 2043 1136 2076 αἰὼν,
1154 2042 1202 2069 τοῦ
1217 2043 1245 2070 δὲ
1259 2042 1431 2078 Δημιουργοῦ
1446 2043 1480 2070 τὰ
1489 2043 1617 2071 ἐνταῦθα’
1632 2044 1680 2071 καὶ
1691 2045 1848 2073 συνευδοκεῖ

1057 2090 1072 2116 ὁ
1085 2089 1254 2124 Δημιουργὺς
1268 2090 1301 2124 τῇ
1315 2088 1363 2116 τοῦ
1382 2089 1439 2116 ἄνω
1455 2089 1589 2124 βασιλείᾳ,
1609 2090 1846 2127 ἀντιλαμϐανόμε-

1058 2144 1103 2167 νος
1117 2136 1171 2162 τῶν
1186 2135 1234 2170 τὴν
1248 2135 1421 2171 δικαιοσύνην
1436 2135 1484 2162 τοῦ
1499 2136 1555 2164 ἄνω
1569 2136 1616 2164 καὶ
1637 2136 1774 2172 βασιλείαν
1795 2139 1847 2174 ζη-

1057 2180 1185 2208 τούντων.
1202 2180 1275 2212 Μιᾶς
1291 2180 1320 2207 δὲ
1335 2179 1419 2216 οῠσης
1432 2180 1565 2214 εὐδοκίας,
1581 2181 1628 2207 καὶ
1644 2182 1702 2217 οὐχὶ
1716 2182 1846 2217 διαφερο-

219 2231 275 2255 tam
286 2235 358 2261 eSSe,
373 2235 435 2256 cum
466 2229 500 2256 iis
527 2229 653 2256 omnibus
679 2229 847 2264 gratiﬁcetur
863 2233 890 2257 et
905 2229 1005 2262 faveat,

1071 2226 1152 2263 ιένης,
1175 2226 1267 2253 οὐκέτι
1290 2226 1337 2253 δύο
1355 2226 1438 2262 ἀρχαὶ
1454 2226 1471 2262 ἢ
1487 2228 1571 2262 τρεῖς
1597 2226 1636 2262 τῷ
1662 2227 1715 2264 γὰρ
1736 2226 1846 2262 όντιεῖς

219 2274 405 2308 quijustitiam
423 2275 509 2309 ipsius
536 2281 569 2301 ac
589 2282 703 2310 regnum
723 2275 872 2310 requirant.
886 2275 964 2308 Quod
980 2276 1004 2304 si

1073 2282 1131 2300 στιν
1144 2274 1158 2299 ὁ
1170 2273 1246 2305 Θεὸς,
1260 2274 1273 2300 ὁ
1286 2273 1321 2300 τὰ
1335 2273 1423 2300 πάντα
1437 2273 1562 2308 ποιήσας·
1577 2275 1691 2310 ποιήσας
1702 2274 1730 2301 δὲ
1741 2275 1843 2309 καλῶς,

218 2318 366 2347 voluntatis
381 2320 456 2346 nulla
469 2320 616 2352 dissensio,
625 2319 673 2347 sed
687 2327 795 2347 summa
807 2320 929 2355 quaedam
937 2329 1004 2349 con-

218 2364 312 2392 cordia
327 2365 372 2398 sil,
388 2374 441 2393 non
451 2366 507 2400 jam
519 2366 574 2393 duo
589 2370 663 2398 sunt,
677 2367 763 2394 triave
775 2367 918 2404 principia.
933 2368 1002 2396 Vere

1056 2319 1104 2346 καὶ
1116 2319 1167 2345 οὐκ
1183 2319 1323 2350 ἐναντίως.
1342 2319 1434 2354 Ἢμῶν
1449 2319 1478 2345 δέ
1489 2320 1548 2346 ἐστι
1562 2319 1592 2346 τὸ
1606 2320 1783 2356 ἁμαρτάνειν,
1795 2322 1844 2348 καὶ

1056 2366 1219 2402 σφάλλεσθαι
1236 2368 1264 2393 ὲν
1276 2366 1316 2402 τῷ
1332 2366 1431 2399 θέλειν,
1447 2367 1494 2393 καὶ
1508 2367 1537 2393 ὲν
1549 2366 1588 2402 τῷ
1608 2367 1645 2402 μὴ
1660 2367 1757 2395 θέλειν.

217 2411 290 2438 enim
301 2411 373 2439 Deus
387 2420 458 2440 unus
468 2417 520 2446 est,
538 2413 583 2448 qui
597 2413 724 2441 universa
740 2415 880 2448 condidit;
896 2419 924 2443 et
956 2415 1066 2451 quidem
1099 2415 1179 2448 bene,
1213 2422 1267 2442 non
1291 2415 1430 2442 contrario
1455 2414 1537 2442 modo
1555 2415 1687 2442 condidit.
1722 2415 1842 2445 Peccare

219 2466 284 2486 vero
300 2464 422 2487 nostrum
450 2465 501 2493 est,
529 2467 610 2496 atque
627 2462 657 2489 in
681 2462 806 2497 eligendo
821 2463 1002 2499 fugiendoque
1018 2463 1156 2492 aberrare.
1304 2482 1306 2484 -

253 2506 348 2534 Schol.
360 2508 405 2535 54.
418 2507 472 2535 Pro
482 2516 515 2536 eo
531 2509 605 2544 quod
614 2513 672 2537 est:
687 2509 768 2537 Pater
784 2515 867 2538 vester
880 2512 902 2544 ',
916 2511 1000 2539 hahe-

216 2552 273 2586 hat,
288 2552 380 2580 Pater.

251 2598 342 2626 ltefut.
357 2599 479 2627 54.Nihil
490 2607 579 2629 causae
593 2605 692 2629 nostra
707 2609 740 2629 ne
750 2602 802 2630 hoc
816 2602 877 2630 loco
888 2602 998 2637 quidem

215 2644 310 2677 ollicis,
334 2645 382 2673 sed
402 2653 462 2673 eam
478 2648 565 2683 magis
579 2648 717 2682 sublevas,
735 2649 800 2676 dum
816 2649 913 2676 horum
930 2649 1000 2677 infe-

215 2690 318 2718 riorum
329 2698 423 2718 curam
440 2700 456 2720 a
469 2692 551 2722 Patre
565 2701 615 2723 suo
632 2695 690 2730 geri
714 2694 886 2723 conﬁtentem
902 2693 998 2722 Salva-

212 2739 300 2764 torem
313 2737 433 2766 inducis.

250 2823 260 2839 ι
269 2823 344 2860 _Luc.
362 2833 414 2860 xu,
433 2826 478 2855 28.

213 2857 230 2892 ὴ
243 2858 304 2894 γάρ·

531 2828 617 2856 ‘ibid.
636 2829 663 2857 8.
717 2828 728 2844 ³
742 2829 808 2857 ibid;
831 2830 875 2859 30.

925 2829 938 2847 ⁸
952 2829 1019 2858 ibid.
1031 2829 1076 2858 31.

1087 2511 1164 2547 Σχόλ.
1181 2511 1228 2539 λό’.
1255 2510 1328 2538 ’Δντὶ
1338 2510 1396 2538 τοῦ·
1425 2510 1457 2537 ’0
1472 2509 1574 2544 Πατὴρ
1590 2509 1683 2545 ὑμῶν,
1702 2511 1721 2539 ό
1736 2512 1840 2547 Πατὴρ

1064 2555 1077 2577 ἵ

1051 2565 1075 2584 ει
1095 2565 1134 2586 εν.

1077 2567 1198 2638 ὶὲνΕλεγχ.
1216 2603 1328 2630 λδ’.Καὶ
1345 2603 1374 2630 ὲν
1392 2603 1479 2638 τούτῳ
1497 2602 1573 2629 οὐδὲν
1590 2603 1666 2638 ἡμᾶς
1685 2603 1834 2639 ἀδικήσεις,

1049 2649 1117 2677 ἀλλὰ
1129 2650 1168 2676 ἔτι
1183 2649 1402 2681 ὲπιὸεὸαιώσεις.
1421 2649 1474 2675 Τὸν
1487 2649 1543 2684 γὰρ
1557 2648 1638 2675 αὐτοῦ
1648 2649 1758 2686 Πατέρα
1769 2659 1836 2686 προ·

1049 2696 1119 2722 νοεῖν
1134 2695 1188 2722 τῶν
1208 2695 1324 2723 ἐνταῦθα
1340 2694 1519 2731 ὡμολόγησας
1534 2694 1580 2721 τὸν
1596 2694 1712 2731 Σωτῆρα
1725 2696 1838 2732 εἰρηκέ-

1047 2749 1101 2770 ναι.

1129 2830 1141 2847 ⁸
1155 2829 1218 2859 ibid.
1241 2830 1284 2859 50.
1343 2830 1355 2847 '
1372 2830 1449 2860 Corr.
1465 2831 1497 2859 ἐκ
1513 2830 1566 2858 τῶν
1580 2829 1671 2857 ἄλλον.
1726 2829 1737 2846 ⁷
1752 2828 1833 2860 Carr.
