1952 3045
73 162 129 192 749

396 161 580 191 ADVERSUS
599 160 768 190 "ERESES
787 162 850 190 LIB.
869 162 888 190 Ι.
909 162 990 191 ΤΟΜ.
1011 163 1054 190 lll.
1074 177 1108 183 —-
1127 163 1263 192 HERES.
1284 163 1364 192 XLII.

1642 164 1695 193 750

110 221 191 257 Σχόλ.
211 221 260 250 λε’.
285 221 358 248 Ἀντὶ
374 221 433 253 τοῦ,
450 221 576 256 δευτέρᾳ
630 222 714 256 τρίτῃ
729 221 861 256 φυλακῇ,

951 221 1042 249 Schol.
1056 222 1100 250 55.
1120 221 1173 250 Pro
1198 230 1231 250 eo
1258 223 1330 257 quod
1351 226 1402 255 est,
1420 223 1544 255 secunda.
1565 223 1603 250 vel
1619 227 1698 254 tertia

74 266 161 304 εἶχεν,
175 267 320 302 ἐσπερινῇ
333 267 468 302 φυλακῇ.

115 315 225 349 Ἐλεγχ.
238 314 285 341 λε’.
308 313 482 349 Ἐλήλεγκται
491 314 504 340 6
514 313 661 350 κτηνώδης,
677 313 865 350 μεταστρέψας

75 361 141 391 τοὺς
161 359 251 391 θείους
265 359 362 394 λόγους
383 360 504 395 ἀνοήτως
527 360 596 396 πρὸς
618 360 666 396 τὴν
684 360 780 387 ἑαυτοῦ
800 360 866 386 ὑπό-

76 415 164 434 νοιαν.
178 406 216 432 Οὐ
231 405 286 442 γὰρ
304 406 432 442 ἡμεριναὶ
451 406 569 441 γίνονται
581 406 637 441 (75)
655 405 783 440 φυλακαὶ,
798 405 866 432 ἀλλά

78 453 249 488 νυκτεριναὶ,
275 451 328 478 ἀπὸ
349 450 468 487 ἑσπέρας
489 452 529 483 εἰς
548 451 597 487 τὴν
616 451 727 487 πρώτην
743 451 866 487 φυλακὴν

77 500 222 536 προκοπὴν
235 499 284 534 τῆς
298 498 472 530 ἐπεκτάσεως
488 499 609 534 ἔχουσαι,
623 499 672 526 καὶ
686 499 736 525 οὐκ
749 498 803 526 ἀπὸ
816 498 866 534 τῆς

77 543 117 572 ἕω
141 546 181 577 εἰς
199 545 247 580 τὴν
266 545 396 581 ἑσπέραν,
421 544 459 576 ὡς
482 542 557 576 οὗτος
578 544 717 572 ἁλίσκεται
741 544 867 580 ῥᾳδιουρ-

118 601 179 624 σας.

118 601 134 618 σ
172 613 179 620 .

77 594 194 672 γήΣέἔλ.
207 636 261 669 λς’.
280 635 360 668 Ἥξει
377 637 393 663 ὁ
408 636 515 670 Κύριος
535 636 588 663 τοῦ
607 636 719 663 δούλου
737 635 866 668 ἐκείνου,

77 683 129 711 καὶ
143 682 335 718 διχοτομήσει
353 682 458 715 αὑτὸν,
475 682 524 709 καὶ
537 682 570 709 τὸ
581 682 672 717 μέρος
683 683 776 710 αὑτοῦ
792 684 868 718 μετὰ

77 728 140 756 τῶν
151 729 287 756 ἀπίστων
303 728 399 762 θήσει.

115 773 226 809 Ἐλεγχ.
242 773 296 807 λς’.
310 774 358 806 Τις
370 774 384 800 6
398 773 545 810 διχωομῶν
557 775 602 802 τὸν
617 774 708 802 δοῦλον
720 784 726 808 ;
745 775 817 810 λέγε.
835 776 867 802 Ei

79 820 132 850 μὲν
146 821 160 846 6
176 820 347 855 Δημιουργὺς
369 820 418 847 καὶ
438 820 535 856 κριτὴς
557 821 632 856 παρά
653 821 699 848 σοῦ
723 821 868 857 λεγόμενος

77 865 147 898 Θεός
157 866 232 892 ἐστιν
242 866 256 892 6
264 865 342 892 τοῦτο
349 865 453 901 μέλλων
464 866 605 901 πράσσειν,
613 866 666 903 ἄρα
674 866 756 894 αὑτοῦ
764 867 832 894 εἰσιν
843 868 867 894 οἱ

915 266 1035 294 custodia
1049 268 1069 299 ί,
1084 268 1244 302 scripserat.
1265 269 1409 302 vespertina
1419 269 1550 296 custodia.

949 312 1040 341 Refut.
1058 313 1102 342 55.
1121 313 1160 341 Ex
1172 314 1223 341 hoc
1233 314 1292 342 loco
1307 314 1449 342 manifeste
1461 315 1549 343 bellua
1566 317 1618 344 ista
1632 324 1698 344 con-

916 359 1035 387 vincitur
1049 359 1140 387 divina
1170 360 1204 387 ad
1226 361 1370 396 opiniones
1393 368 1457 390 suas
1473 363 1584 390 oracula
1602 363 1699 398 depra-

915 413 1005 434 vasse.
1033 405 1126 440 Neque
1155 406 1228 433 enim
1256 407 1361 434 diurnae
1386 412 1451 435 sunt
1471 409 1613 442 custodire,
1649 409 1698 444 sed

916 455 1068 484 nocturnae,
1084 459 1145 487 qua:
1166 458 1182 478 a
1202 459 1316 488 vespera
1343 452 1459 487 primam
1488 454 1522 481 ad
1544 455 1697 482 custodiam

915 502 1111 533 prorogantur,
1139 505 1194 525 non
1218 506 1233 524 a
1257 498 1392 526 matutino
1411 499 1532 527 diluculo
1547 500 1581 527 ad
1600 509 1698 536 vespe—

916 552 986 576 ram,
998 544 1226 580 quemadmodum
1243 544 1294 572 iste
1309 545 1444 581 ﬂagitiose
1460 546 1609 574 substituit.

953 634 1046 662 Schol.
1067 634 1112 663 56.
1132 634 1221 662 Veniet
1237 634 1367 664 Dominus
1381 638 1449 664 servi
1463 637 1547 670 illius,
1566 643 1592 665 et
1601 636 1699 666 secabit

917 688 986 712 eum,
1005 684 1029 707 et
1045 684 1146 715 partem
1159 680 1216 714 ejus
1224 685 1301 716 ponet
1312 689 1371 708 cum
1382 682 1532 716 inﬁdelibus
1552 684 1573 711 '.

953 768 1044 797 ltefut.
1055 768 1099 797 36.
1115 768 1272 802 Quisistius
1286 770 1357 798 servi
1365 777 1454 799 sector
1464 776 1516 806 est,
1530 772 1643 808 agedum
1660 772 1687 800 di

918 814 983 842 cito.
999 814 1028 842 Si
1041 815 1113 842 enim
1128 816 1173 843 ille
1189 815 1247 851 ipse
1260 815 1383 849 Creator,
1397 824 1479 852 quem
1497 823 1525 846 tu
1535 818 1655 853 judicem
1669 826 1700 847 ac

919 860 1003 889 Deum
1024 861 1132 894 statuis,
1157 861 1209 889 hoc
1225 862 1336 889 omnino
1352 862 1475 892 facturus
1499 868 1553 896 est,
1574 864 1608 891 ad
1628 865 1700 893 hunc

78 911 182 938 πιστοί·
199 911 333 946 ἐπιτιμῶν
342 911 396 947 γὰρ
406 911 444 947 τῷ
457 912 494 948 μὴ
507 913 596 945 καλῶς
609 913 756 948 πράττοντι
770 912 866 948 δούλῳ,

926 907 999 942 plane
1015 906 1107 935 fideles
1124 907 1310 943 pertinebunt.
1323 907 1429 936 Etenim
1446 917 1554 937 servum
1570 911 1615 938 ille
1628 910 1700 939 haud

77 957 113 984 τὸ
125 956 217 991 μέρος
230 956 323 984 αὐτοῦ
336 957 412 992 μετὰ
426 956 486 984 τῶν
499 958 635 985 ἀπίστων
650 958 777 992 τίθησιν·
796 959 820 985 ει
838 958 868 986 δὲ

79 1002 96 1030 6
106 1002 202 1038 Πατὴρ
217 1002 264 1029 τοῦ
279 1003 398 1038 Χριστοῦ
413 1003 499 1036 ἐστιν,
511 1003 528 1039 ἦ
538 1004 619 1036 αὐτὸς
631 1005 645 1031 6
657 1004 796 1040 Χριστὸςὸ
806 1004 868 1040 μέλ-

78 1048 136 1076 λων
156 1048 237 1076 τοῦτο
259 1049 402 1082 ἐπιτελεῖν,
426 1050 520 1084 σαφῶς
541 1050 591 1086 τὴν
617 1050 770 1086 μαρτυρίαν
793 1050 870 1087 παρά

79 1094 174 1130 σαυτῷ
198 1088 343 1130 φυλάττεις
364 1094 436 1122 κατά
454 1095 500 1122 σοῦ
515 1092 608 1122 οὖσαν·
626 1095 763 1131 ὁμολογῶν
779 1096 832 1131 γὰρ
850 1095 867 1131 ἢ

79 1139 200 1176 Χριστὸν
221 1139 237 1175 ἢ
254 1139 300 1166 τὺν
315 1139 398 1167 αὐτοῦ
421 1140 531 1176 Πατέρα
552 1139 632 1166 τοῦτο
655 1140 785 1176 πράττειν
806 1140 870 1176 μέλ-

77 1184 161 1213 λοντα
177 1186 378 1222 ἀναμφιϐόλως,
398 1185 577 1222 ὡμολόγησας
598 1186 643 1213 τὸν
659 1187 739 1213 αὐτὸν
760 1187 866 1222 κριτὴν,

80 1232 128 1259 καὶ
144 1232 190 1259 τὸν
200 1232 279 1259 αὑτὸν
291 1232 403 1267 ἀγαθὸν,
418 1231 465 1259 καί
477 1232 527 1259 ἕνα
539 1231 613 1265 ὄντα,
629 1232 683 1260 τῶν
698 1229 748 1260 ὦδε
759 1232 869 1259 καὶτῶν

80 1277 140 1305 ἔχει
151 1278 367 1314 προνοούμενον.¹

118 1325 196 1360 Σ·(όλ.
210 1323 258 1356 λζ’.
274 1324 323 1358 Μή
337 1330 410 1351 ποτε
422 1324 577 1358 κατασύρῃ
596 1332 633 1351 σε
646 1323 721 1358 πρὸς
739 1323 793 1351 τὸν
809 1332 869 1358 κρι-

80 1371 150 1402 τὴν,
169 1370 217 1398 καὶ
228 1371 244 1398 ό
254 1369 360 1406 κριτὴς
371 1369 541 1404 παραδώσει
554 1377 592 1397 σε
605 1368 646 1402 τῷ
657 1369 810 1404 πράκτορι.

120 1416 230 1451 Ἐλεγχ.
242 1416 290 1448 λζ’.
300 1415 404 1452 Κριτὴν
414 1415 538 1450 λέγειτὸν
545 1417 646 1452 Δημισυ
651 1415 870 1452 ργὺν,πράχτορα

80 1461 112 1489 δὲ
127 1461 242 1489 ἕκαστον
257 1463 310 1490 τῶν
323 1461 405 1489 αὑτοῦ
424 1462 557 1497 ἀγγέλων,
579 1461 728 1498 μέλλοντας
744 1462 871 1489 ἀπαιτεῖν

81 1508 147 1540 ⁴τοὺς
158 1508 335 1544 ἁμαρτωλοὺς
354 1508 389 1535 τά
406 1508 598 1544 πεπραγμένα.
612 1509 679 1535 Ποῖα.
692 1507 720 1534 δὲ
732 1507 790 1535 ἀλλ’
802 1508 819 1543 ἢ
836 1507 870 1534 τὰ

79 1555 231 1590 σφάλματα
243 1555 291 1582 καὶ
305 1555 414 1590 ἀμαρτή
419 1563 501 1590 ματα,
515 1554 535 1582 ἃ
551 1555 597 1581 καὶ
609 1555 623 1581 6
641 1553 744 1589 Ἰησοῦς
758 1553 870 1600 γβδελυσ-
883 1571 904 1600 C

83 1609 173 1632 σεται,
192 1599 210 1627 ἃ
226 1601 274 1627 καὶ
289 1601 321 1627 σὺ
341 1599 523 1636 ἀπαγορεύειν
543 1599 650 1634 λέγεις;
671 1600 702 1626 El
722 1599 810 1626 τοίνυν
823 1599 842 1626 ἃ
856 1599 870 1625 6

81 1646 187 1681 ἀγαθὸς
207 1645 272 1678 Θεὸς
290 1645 473 1681 βδελύσσεται,
492 1645 539 1673 καὶ
561 1646 576 1672 6
599 1646 705 1681 κριτὴς,
721 1645 768 1672 καὶ
786 1646 800 1672 6
816 1646 869 1680 Δη-

81 1693 216 1728 μιουργὺς
235 1692 269 1719 τὰ
286 1692 355 1719 αὐτὰ
372 1691 555 1728 βδελύσσεται,
572 1689 613 1723 εἷς
628 1692 686 1717 ἐστι
700 1691 747 1718 καὶ
763 1691 777 1718 6
790 1691 870 1723 αὐτὸς

81 1738 138 1765 ἀπὸ
151 1738 198 1766 τοῦ
211 1738 293 1773 ἔργον
308 1738 490 1773 δεικνύμενος,
502 1737 549 1764 καὶ
560 1737 610 1772 τῆς
627 1737 692 1772 μιᾶς
708 1736 841 1768 εὐδοκίας.

122 1784 199 1820 Σχόλ.
213 1784 263 1820 λη’.
279 1782 332 1811 Ἦν
348 1783 595 1820 παρακεκομμένον
616 1783 670 1809 ἀπὸ
688 1782 747 1816 τοῦ,
760 1781 872 1811 Ἦλθόν

85 1839 166 1864 τινες
181 1830 420 1866 ἀναγγέλλοντες
436 1829 516 1863 αὐτῷ
533 1830 599 1865 περὶ
617 1830 676 1857 τῶν
690 1830 871 1863 Γαλιλαίων,

83 1875 129 1904 ὦν
144 1876 177 1903 τὸ
192 1874 264 1911 αᾷια
284 1875 426 1910 συνέμιξε
447 1867 574 1909 Πιλᾶτος
592 1875 668 1910 μετὰ
683 1875 742 1902 τῶν
760 1875 873 1903 θυσιῶν

83 1921 196 1954 αὐτῶν,
210 1921 262 1952 ἕως
275 1921 341 1947 ὃπου
355 1920 428 1955 λέγει
443 1920 508 1956 περὶ
521 1920 574 1947 τῶν
590 1921 618 1947 ὲν
632 1920 671 1956 τῷ
685 1919 796 1956 Σιλωὰμ
807 1920 872 1947 δέκα

84 1969 133 1996 καὶ
151 1967 223 1994 ὀκτὼ
242 1967 430 1994 ἀποθανόντων
447 1968 476 1994 ὲν
495 1967 534 2002 τῷ
553 1967 660 2003 πύργῳ·
682 1967 730 1994 καὶ
747 1967 789 1994 ὅτι
806 1967 873 1994 Ἐὰν

81 2014 127 2049 μὴ
137 2012 352 2048 μετανοήσητε·
365 2012 412 2040 καὶ
425 2012 476 2044 ἕως
486 2012 536 2047 τῆς
546 2021 584 2039 πα
590 2012 705 2048 ραδολῆς
716 2012 765 2048 τῆς
776 2013 871 2047 συκῆς,

85 2059 151 2094 περὶ
161 2056 193 2094 ἦ..
209 2055 285 2084 εἶπεν
305 2058 320 2084 6
333 2057 465 2093 γεωργὸς,
486 2058 528 2084 ὅτι
549 2057 684 2090 Σκάπτω,
699 2057 749 2084 καὶ
766 2056 873 2089 ,βάλλω

84 2105 204 2139 κόπρια,
219 2105 268 2132 καὶ
285 2103 340 2131 ἐὰν
349 2104 392 2139 μὴ
405 2103 534 2137 ποιήσει,
550 2103 696 2138 ἔκκοψον.

123 2150 232 2186 Ἕλεγχ.
251 2150 303 2187 λη’.
319 2150 427 2177 Τούτων
443 2149 550 2177 πάντων
565 2151 711 2185 ἐποιήσατο
726 2149 775 2186 τὴν
790 2149 873 2185 ἀφαι-

87 2205 163 2233 ρεσιν
184 2198 199 2224 6
219 2196 345 2232 συλητὴς,
363 2196 470 2232 κρύψας
485 2196 532 2230 ἀφ’
550 2195 647 2223 ἑαυτοῦ
663 2196 712 2232 τὴν
734 2195 872 2232 ἀλήθειαν,

918 957 992 981 recte
1007 961 1066 981 sese
1075 957 1209 988 gerentem
1218 954 1361 990 increpans
1368 960 1470 990 partem
1481 956 1553 984 illius
1567 964 1626 984 cum
1638 958 1700 992 in/i-

918 999 1020 1026 delibus
1036 999 1119 1033 ponit.
1135 999 1213 1032 Quod
1232 999 1255 1027 si
1269 996 1350 1027 Pater
1366 1000 1425 1036 ipse
1438 1001 1550 1035 Christi,
1564 1003 1605 1030 vel
1620 1003 1700 1030 etiam

918 1046 1044 1074 Christus
1055 1046 1171 1081 idipsum
1186 1046 1360 1081 praestiturus
1370 1052 1422 1080 est,
1431 1049 1604 1083 perspicuum
1619 1049 1701 1076 Μικί-

919 1096 1013 1119 contra
1041 1095 1068 1119 te
1096 1091 1292 1119 testimonium.
1309 1091 1377 1119 Cum
1402 1092 1474 1120 enim
1495 1093 1645 1124 Christum.
1660 1095 1701 1122 vel

919 1137 1005 1171 ipsius
1018 1134 1125 1164 Patrem
1147 1136 1215 1164 citra
1231 1137 1312 1164 ullam
1331 1138 1544 1165 controversiam
1568 1138 1702 1166 facturum

919 1182 946 1209 id
970 1190 1032 1210 esse
1054 1181 1168 1216 fateare,
1188 1183 1311 1210 eumdem
1328 1183 1430 1218 pariter
1442 1187 1470 1211 et
1483 1183 1603 1219 judicent
1616 1190 1643 1212 et
1656 1186 1698 1213 bo-

920 1236 995 1261 num,
1024 1232 1051 1256 et
1073 1229 1183 1256 unicum
1199 1232 1254 1257 tam
1276 1228 1430 1257 infimorum
1453 1237 1533 1265 quam
1550 1231 1702 1260 cmleslium

919 1274 1118 1302 moderatorem
1130 1275 1285 1303 constituis.
1655 1304 1662 1316 ,

955 1320 1048 1349 Schol.
1064 1321 1108 1348 57.
1125 1320 1167 1348 Ne
1180 1321 1248 1356 forte
1264 1321 1352 1348 trahat
1364 1327 1388 1349 te
1399 1322 1434 1350 ad
1438 1322 1568 1358 judicent,
1578 1330 1604 1352 et
1618 1325 1704 1360 judea.

920 1366 1009 1392 tradat
1022 1371 1045 1393 te
1054 1367 1172 1393 eructari
1189 1366 1209 1394 ⁸.

954 1411 1036 1447 336
1052 1410 1142 1439 Refut.
1156 1409 1200 1439 '57.
1217 1411 1339 1440 Judicem
1351 1412 1396 1440 hic
1405 1413 1560 1442 Creatorem
1575 1416 1702 1451 appellat,

919 1462 1074 1485 exactorem
1097 1464 1179 1494 porro
1199 1458 1286 1492 ipsius
1302 1458 1460 1493 angelorum
1477 1460 1635 1495 quemlibet,
1656 1463 1703 1497 qui

921 1504 1055 1532 factorum
1073 1504 1205 1532 rationem
1228 1502 1441 1539 apeccatoribus
1456 1507 1646 1542 exigent.Quaa
1655 1515 1701 1534 au-

923 1555 975 1578 lem
1007 1550 1052 1578 illa
1081 1549 1163 1584 facta,
1180 1551 1233 1578 nisi
1259 1551 1358 1578 delicta
1373 1555 1400 1580 et
1417 1557 1528 1587 peccata
1549 1558 1624 1585 sunt,
1644 1562 1704 1588 quae

922 1595 1001 1624 Jesus
1014 1596 1174 1629 detestatur,
1190 1600 1226 1628 etl
1240 1601 1270 1624 ut
1288 1596 1384 1626 fateris
1397 1598 1464 1633 ipse,
1478 1598 1621 1634 prohibet?
1634 1599 1704 1635 Ergo

922 1649 983 1668 cum
999 1641 1093 1668 eadem
1109 1640 1165 1674 illa,
1181 1649 1242 1676 qua:
1251 1641 1340 1670 bonus
1358 1641 1430 1670 Deus
1439 1648 1605 1676 exsecratur.
1620 1644 1706 1680 juch

922 1687 1072 1714 detestetur
1085 1691 1113 1715 et
1133 1687 1270 1720 conditor,
1289 1696 1362 1717 unus
1387 1689 1514 1725 idemque
1535 1699 1618 1726 opere
1634 1692 1704 1728 ipso,

922 1741 954 1760 ac
970 1733 1117 1761 voluntatis
1136 1735 1316 1762 consensione
1329 1735 1494 1763 declaratur.

957 1780 1050 1808 Schol.
1062 1780 1105 1808 58.
1121 1779 1276 1808 Sustulerat
1292 1790 1324 1809 ex
1341 1782 1387 1809 illo
1402 1782 1463 1810 loco
1480 1793 1486 1810 :
1511 1782 1639 1811 Venerunt
1651 1785 1706 1820 qui-

922 1825 984 1853 dam
997 1827 1148 1854 nuntiantes
1168 1827 1219 1861 ipsi
1230 1826 1262 1854 de
1277 1826 1408 1860 Galilteis,
1425 1836 1537 1864 quorum
1553 1829 1706 1864 sanguineus

924 1873 1065 1900 miscuerat
1089 1871 1195 1900 Pilatus
1215 1881 1274 1900 cum
1288 1873 1428 1908 sacriﬁciis
1448 1882 1550 1907 eorum,
1568 1883 1655 1910 usque
1671 1876 1705 1903 ad

923 1926 965 1951 ea,
985 1919 1083 1954 quibus
1102 1919 1135 1946 de
1147 1919 1298 1946 octodecim
1317 1919 1370 1947 illis
1384 1923 1426 1948 cst
1441 1928 1542 1954 sermo,
1557 1922 1604 1956 qui
1618 1922 1645 1948 in
1663 1921 1706 1949 Si-

924 1966 994 1993 loam
1012 1966 1092 1993 ruina
1105 1966 1191 1994 turris
1205 1967 1330 2001 oppressi
1343 1971 1407 1994 sunt
1422 1967 1442 1993 δ.
1455 1966 1520 1995 item
1533 1976 1539 1993 :
1556 1967 1618 1995 Nisi
1627 1969 1705 2002 pomi-

924 2013 1033 2039 tentiam
1045 2012 1160 2047 egeritis,
1174 2019 1261 2046 usque
1281 2012 1315 2038 ad
1333 2012 1489 2047 parabolam
1513 2013 1590 2045 licus,
1609 2014 1642 2042 de
1652 2022 1706 2049 qua

923 2058 992 2085 dixit
1007 2057 1143 2093 agricola:
1157 2056 1281 2091 Fodiam,
1294 2061 1318 2084 et
1329 2058 1434 2085 mittam
1444 2064 1570 2094 stercora,
1581 2064 1606 2087 et
1621 2061 1644 2087 si
1655 2069 1706 2088 non

922 2104 1024 2139 fecerit,
1040 2102 1128 2131 excide
1143 2103 1163 2131 ⁵.

958 2149 1050 2178 Refut.
1063 2150 1108 2177 38.
1128 2148 1192 2178 Haec
1214 2150 1275 2178 ideo
1286 2150 1408 2178 nefarius
1419 2150 1511 2186 praedo
1525 2151 1660 2179 subtraxit
1674 2159 1706 2178 ac

923 2195 1098 2231 semetipsum
1109 2196 1221 2224 veritate
1236 2195 1382 2228 fraudavit,
1393 2197 1465 2231 quod
1478 2196 1607 2224 Dominus
1626 2196 1706 2223 Pilati

86 2244 132 2271 διὰ
146 2243 177 2270 τὸ
195 2243 240 2270 τὸν
256 2243 358 2279 Κύριον
376 2242 624 2278 συμπεφωνηκέναι
639 2242 678 2278 τῷ
693 2242 782 2274 καλῶς
797 2242 869 2269 δικά-

926 2242 1088 2270 sententiam
1114 2249 1168 2277 qua
1192 2241 1316 2270 homines
1341 2242 1409 2270 istos
1435 2241 1496 2277 jure
1518 2241 1705 2274 damnaverat,

88 2298 164 2316 σαντι
175 2290 238 2321 τοὺς
250 2289 388 2321 τοιοῦτους
400 2288 520 2324 Πιλάτῳ·
532 2288 580 2316 καὶ
591 2289 632 2315 ὅτι
646 2288 736 2320 καλῶς
750 2289 774 2315 oi
793 2289 822 2314 ὲν
837 2287 876 2323 τῷ

87 2334 199 2370 Σιλωὰμ
221 2335 357 2361 ἀπέθανον
380 2334 538 2370 ἁμαρτωλοὶ
560 2334 646 2366 ὅντες,
665 2333 713 2360 καὶ
734 2334 786 2360 ὑπὸ
807 2333 874 2360 Θεοῦ

86 2381 172 2413 οὕτως
189 2381 399 2418 τιμωρηθέντες.
422 2380 506 2408 Ὅταν
521 2380 550 2406 δὲ
573 2379 788 2416 ρᾳδιουργήσωσι
803 2387 874 2411 τινες

86 2426 215 2463 βασιλικά
235 2427 444 2462 τιιιοστάγματα,
466 2425 520 2453 ἀπὸ
539 2425 593 2452 τῶν
614 2425 734 2462 ἀρχαιων
751 2425 784 2452 τά
799 2425 873 2453 ἀντι-

86 2481 182 2509 γραφα
193 2472 249 2508 (74)
261 2473 455 2508 προφερόμενα
470 2471 680 2507 ὴσφαλισμένως
690 2471 786 2506 ἔχοντα
799 2471 875 2506 ἐλέγ-

87 2528 130 2555 χει
145 2518 208 2550 τοὺς
223 2519 353 2555 ἄφρονας.
370 2518 462 2551 Οὕτως
479 2519 527 2545 καὶ
541 2518 595 2545 ἀπὸ
613 2517 660 2544 τοῦ
675 2517 814 2552 βασιλικοῦ
833 2518 874 2544 oi-

87 2572 148 2593 κου.
167 2563 289 2590 τουτέστι
308 2564 360 2598 τῆς
378 2563 459 2598 ἁγίας
471 2563 518 2590 τοῦ
533 2563 601 2589 Θεοῦ
620 2562 794 2598 Ἐκκλησιας.
808 2570 875 2598 προ-

87 2608 237 2644 φερόμενον
248 2609 278 2634 τδ
289 2607 454 2642 Εὑαγγὲλιον
468 2607 573 2643 ἐλέγχει
586 2607 648 2639 τοὺς
660 2607 810 2642 ἀφανιστάς
819 2607 873 2634 τῶν

88 2653 178 2680 λαλῶν
194 2654 350 2690 ἐνδυμάτων
364 2654 446 2689 μνῡας.

124 2732 132 2748 ¹
148 2731 215 2760 Luc.
234 2739 285 2766 xtl,
299 2732 344 2760 38.

123 2810 180 2845 (75)
197 2811 238 2847 οὐ
257 2810 312 2845 γὰρ
334 2811 471 2845 ἡμερινιιὶ
490 2811 632 2846 γίνονται.
649 2811 728 2847 Apud
747 2810 877 2847 Xenoph.

87 2851 178 2881 tamen
199 2846 388 2881 ήμεροσῂόπος
400 2850 452 2873 cst.

123 2880 180 2916 (74)
202 2880 272 2910 Ἀπὸ
283 2880 343 2908 τῶν
355 2882 488 2916 ἀρχαίων
501 2882 536 2910 τὰ
545 2882 612 2911 ἀντι
648 2891 719 2917 asta.
733 2882 810 2910 Corr.
819 2881 873 2910 τῶν

924 2288 1096 2324 approbarit;
1111 2288 1238 2324 quodque
1254 2287 1330 2316 alteri
1346 2288 1395 2319 illi.
1407 2287 1454 2323 qui
1481 2287 1509 2315 in
1524 2286 1627 2314 Siloam
1644 2295 1705 2322 per-

925 2334 1023 2367 ierant,
1039 2333 1136 2361 merito
1151 2341 1198 2361 eas
1215 2340 1310 2368 poenas
1321 2332 1430 2360 dedisse
1443 2332 1596 2365 videantur,
1611 2336 1707 2367 utpote

925 2384 1095 2415 peccatores.
1115 2383 1142 2406 et
1161 2377 1294 2413 ejusmodi
1317 2386 1331 2405 a
1359 2377 1414 2406 Deo
1442 2377 1584 2414 suppliciis
1605 2378 1706 2406 aﬂecti.

926 2423 979 2452 Sed
997 2429 1028 2453 ut
1048 2423 1221 2460 imperatoris
1250 2423 1338 2451 edicta
1357 2423 1380 2451 si
1401 2423 1448 2456 qui
1469 2431 1644 2458 corrumpere
1675 2432 1708 2452 ac

925 2472 1074 2507 depravare
1090 2475 1234 2502 conentur,
1247 2470 1353 2505 prolata
1368 2477 1401 2497 ex
1418 2469 1536 2498 archivis
1550 2469 1707 2498 fidelissima

925 2516 1090 2551 exemplaria
1101 2516 1212 2544 insanos
1226 2515 1287 2542 illos
1302 2515 1466 2549 redarguunt
1480 2525 1486 2542 :
1503 2515 1543 2542 sic
1563 2522 1579 2542 e
1592 2516 1707 2550 palatio,

926 2560 979 2588 hoc
996 2565 1039 2588 est
1055 2560 1178 2588 Ecclesia
1200 2564 1305 2593 sancta,
1324 2559 1514 2595 depromptum
1531 2559 1706 2596 Evangelium

925 2606 1106 2642 egregiarum,
1119 2611 1149 2634 ut
1164 2606 1201 2634 ita
1214 2606 1313 2634 dicam.
1331 2606 1448 2634 vestium
1458 2613 1599 2634 arrosores
1613 2615 1706 2635 mures

925 2652 1003 2681 facile
1016 2653 1126 2688 detegit.

394 2733 405 2749 ³
421 2731 486 2760 ibid.
502 2733 548 2761 46.
587 2733 598 2749 ³
611 2732 676 2761 ibid.
691 2732 735 2760 58.
774 2732 784 2748 ⁸
799 2732 864 2760 Luc.
878 2739 937 2766 xm,
955 2731 1013 2759 1-4.
1052 2731 1063 2747 ³
1077 2730 1143 2759 ibid.
1158 2730 1222 2758 5—8.

925 2810 1052 2854 ἀρχείων,
1066 2818 1100 2854 ex
1113 2810 1248 2854 Arcltivis.
1263 2810 1382 2854 lgnatius
1391 2812 1528 2854 θρίοις-λι.
1549 2813 1582 2853 πᾳ
1598 2809 1704 2854 Philarg.

925 2846 1029 2882 ἤκουσα
1052 2846 1105 2882 γᾴρ
1116 2854 1197 2873 τινων
1221 2846 1363 2882 λεγόντων,
1389 2847 1440 2877 ὅτι,
1465 2846 1584 2882 Ἐὰννμὴ
1599 2847 1627 2873 ὲν
1650 2846 1707 2878 τοῖς

926 2880 1045 2917 ἀρχείοις
1060 2880 1132 2918 εὕρω
1146 2882 1192 2909 τοῦ
1209 2881 1385 2917 Εὐαγγέλὶου,
1400 2882 1431 2909 οὑ
1447 2881 1574 2908 πιστεύω.
