1952 3045
251 167 301 196 751

946 164 975 191 S.
995 163 1166 192 EPIPHA‘NH

1822 171 1880 200 752

286 225 377 252 Schol.
394 225 438 253 59.
457 223 532 251 Hanc
544 229 630 251 autent
641 223 728 258 ﬁliam
754 222 876 255 Abrahw,
891 230 970 258 quam
982 222 1033 249 alli-

1125 224 1201 259 Σχόλ.
1213 225 1260 252 λο’.
1281 226 1396 260 Ταύτην
1407 225 1441 253 δὲ
1453 226 1597 262 θυγατέρα
1612 226 1745 263 Ἀϐραὰμ,
1755 225 1795 263 ’ἣν
1805 228 1879 263 ἔδη-

249 273 318 308 gavit
333 271 448 298 Satanas
472 272 491 297 ¹.

286 317 376 344 liel'ut.
390 317 434 344 59.
450 315 517 343 Cum
529 314 641 342 veniens
656 313 786 342 Dominus
809 312 954 340 Abrahami
975 311 1036 339 tilia:

249 370 344 391 curam
377 362 517 396 suscipiat,
539 368 594 388 non
613 361 666 388 erit
688 361 722 388 ab
736 368 770 388 eo
784 359 890 386 alienus
911 357 1036 386 Abraha-

250 418 322 437 mus.
336 409 421 442 Quem
447 410 500 435 hoc
524 408 585 443 ipso
599 407 735 442 placuisse
751 405 802 434 sibi
815 405 948 437 declarat,
963 403 1035 439 quod

249 456 308 491 ejus
325 455 386 482 tilia:
401 454 589 482 misericordia
604 456 755 480 moveatur.

285 501 375 529 Schol.
407 500 451 528 40.
477 498 544 527 Item
578 499 644 526 illud
665 498 787 526 ademit:
806 496 880 524 Tunc
913 494 1035 523 videbitis

249 547 395 579 Abraham,
419 545 509 579 Isaac,
534 549 559 572 et
576 544 670 575 Iacob,
693 548 717 571 et
739 550 827 570 omnes
849 540 986 576 prophetas
1008 539 1036 567 in

248 601 327 629 regno
338 592 419 620 Dei’.
436 591 490 618 Pro
508 599 563 626 quo
580 589 722 626 rescripsit
740 599 747 616 :
766 587 834 617 Cum
847 595 935 614 omnes
946 587 1034 621 justos

248 639 366 667 videritis
385 639 413 665 in
437 646 515 672 regno
548 637 606 670 Dei,
628 644 672 663 vos
694 639 782 663 autem
801 634 932 662 exclusos.
955 631 1037 665 Adje-

248 686 351 720 citque,
366 684 483 712 detentus
494 683 573 718 faris.
596 682 641 711 Et.
663 682 723 710 Illic
746 686 785 709 est
807 681 884 716 ﬂetus
896 684 920 706 et
936 677 1036 706 stridor

248 732 376 759 dentium.

282 818 362 856 337
377 819 469 847 Refut.
485 819 529 846 ιο.
547 817 690 852 Quomodo
704 817 828 845 veritatis
847 815 959 851 vestigia
976 820 1038 850 pro-

247 866 381 894 duntur!
420 865 497 892 Viam
538 865 611 892 enim
652 863 790 891 occultare
827 869 908 889 nemo
936 863 1035 895 potest.

247 913 287 940 Ac
308 913 372 940 licet
393 912 518 939 homines
535 911 570 938 ab
596 918 628 938 ea
649 917 796 941 revocare,
817 912 844 936 et
867 908 896 934 in
912 913 1033 934 errorem

248 958 336 995 possit
360 957 512 988 abducere,
543 960 589 983 aut
619 955 721 991 ignaris
746 954 938 985 dissimulare,
962 951 1032 979 idem

247 1008 339 1031 tamen
354 1003 482 1030 itinerum
497 1002 592 1038 peritis
608 1001 666 1028 ﬁeri
689 1001 802 1036 nequit;
823 1000 886 1035 quia
905 1003 988 1031 terra,
1006 998 1033 1025 in

247 1057 301 1086 qua
324 1050 359 1077 sit
372 1050 506 1084 impressa
528 1048 585 1079 via,
606 1047 666 1074 tolli
689 1046 811 1073 funditus
830 1053 845 1073 e
867 1045 956 1073 medio
978 1052 1033 1071 non

247 1100 347 1132 potest.
367 1095 400 1121 Et
417 1094 542 1130 quamvis
562 1094 636 1120 illam
657 1094 785 1120 obscuret
800 1093 936 1127 quispiam
947 1113 954 1125 ,
970 1099 1033 1118 cum

247 1141 318 1168 idem
337 1144 426 1167 tamen
444 1140 526 1175 hujus
540 1139 616 1166 locus
631 1142 782 1169 remaneat.
798 1138 845 1173 qui
860 1146 919 1165 eam
937 1138 1034 1173 depra-

245 1186 349 1214 vaverit
365 1193 381 1212 a
399 1185 493 1220 peritis
514 1184 587 1212 haud
605 1183 714 1212 didicile
739 1185 905 1219 coarguitur.
931 1183 1033 1217 Quam-

245 1232 339 1258 obrem
363 1230 496 1258 orationis
532 1230 618 1265 ipsius
644 1229 758 1265 vestigia
788 1233 815 1257 et
839 1229 1033 1264 consequentia

246 1277 362 1312 respice.
380 1275 458 1303 illum
473 1275 544 1303 enim
559 1275 648 1310 ipsum
669 1283 822 1304 sermonem
840 1275 873 1302 ad
889 1282 1033 1310 quetnnam

247 1323 330 1350 alium
345 1326 525 1358 praeterquam
540 1321 574 1349 ad
588 1320 696 1351 Iudaeos
719 1321 834 1348 habuit?
853 1321 931 1355 Quod
947 1322 969 1349 si
983 1321 1033 1349 Ju-

246 1370 320 1397 dzeos
346 1368 620 1404 alloquebatur,jam
641 1376 689 1396 eos
709 1369 783 1397 intus
808 1367 894 1396 fuisse
918 1368 1033 1396 demon-

246 1416 361 1447 strabat,
377 1419 404 1443 et
416 1423 428 1441 a
443 1415 580 1449 justorum
593 1414 732 1443 consortio
748 1419 916 1450 segregatos.
926 1414 960 1441 At
970 1422 1035 1442 vero

246 1462 356 1496 quinam
381 1461 398 1488 ii
414 1464 498 1494 sunt,
523 1461 575 1489 nisi
601 1461 755 1492 Abraham,
773 1459 864 1493 Isaac,
885 1459 987 1492 Jacob,
1008 1463 1034 1487 ct

245 1507 406 1542 prophetae?
425 1506 485 1534 Non
506 1507 578 1534 enim
598 1507 656 1533 ait:
679 1506 804 1533 Videbitis
824 1506 912 1540 justas
931 1506 1034 1532 inmm-

247 1558 283 1580 ιρι
301 1560 310 1578 ;
324 1561 367 1580 vos
389 1557 476 1579 autem
495 1560 546 1578 non
561 1553 708 1584 intrantes;
727 1552 792 1583 sed,
808 1552 928 1578 videbitis
946 1551 1034 1585 justas

245 1601 273 1627 in
284 1607 372 1634 regno,
387 1607 430 1626 vos
450 1602 536 1626 autent
550 1598 656 1633 ejectas.
675 1597 726 1625 Ubi
742 1597 815 1633 quod
836 1598 937 1632 ejectos
951 1597 1034 1630 dicit,

245 1645 325 1679 quasi
347 1643 468 1670 futurum
492 1644 653 1673 denuntiat:
668 1643 758 1678 justos
777 1651 842 1671 vero
856 1643 913 1678 jam
934 1642 1034 1670 ibidem

246 1689 350 1717 versari
364 1689 510 1724 signiﬁcat,
524 1689 570 1724 qui
583 1697 671 1724 neque
683 1697 775 1721 carne,
792 1697 881 1724 neque
892 1689 1035 1717 vocatione

247 1735 281 1762 ab
301 1735 353 1762 illis
379 1735 458 1762 alieni
483 1739 563 1767 sunt,
584 1735 632 1762 sed
651 1736 834 1762 communiter
859 1735 948 1762 vocati
974 1739 1036 1763 ante

246 1781 348 1808 Christi
366 1779 516 1808 Salvatoris
533 1780 679 1808 adventum
699 1780 834 1814 justitiam
855 1781 945 1816 adepti
960 1786 1033 1809 sunt.

248 1827 351 1854 Sed-illi
363 1826 429 1854 foris
439 1831 550 1853 manent
559 1827 673 1858 scilicet,
683 1826 747 1853 dum
760 1826 834 1854 intus
842 1834 935 1854 eorum
945 1831 1036 1862 patres

247 1873 376 1901 resident.
387 1873 465 1905 Quod
482 1873 532 1900 nisi
545 1873 635 1899 futura
646 1880 787 1907 corporum
799 1877 841 1901 est
852 1875 1016 1901 resurrectio
1027 1895 1033 1906 ,

247 1920 381 1946 undenam
396 1919 516 1946 dentium
529 1919 574 1946 ille
584 1919 684 1946 stridor
703 1919 729 1945 in
745 1918 846 1953 judicio
865 1927 924 1947 esse
935 1924 1024 1950 potest

246 1965 329 1991 homo
344 1964 535 1992 stolidissime!

283 2011 373 2038 Schol.
387 2010 431 2037 41.
447 2010 516 2037 Illud
530 2010 593 2038 item
609 2011 720 2039 sustulit
736 2020 744 2039 :
765 2011 872 2039 Veniant
883 2012 915 2039 ab
935 2013 1035 2041 oriente

246 2062 271 2084 et
297 2056 442 2090 occidente,
463 2061 488 2083 et
511 2058 659 2084 recumbent
676 2058 704 2084 in
731 2066 819 2094 regno.
841 2059 910 2086 Tum
937 2059 1003 2086 illud
1025 2069 1032 2087 :

246 2102 333 2129 Erunt
349 2102 484 2128 novissimi
498 2102 587 2136 primi.
606 2100 674 2129 Item
690 2112 696 2129 :
711 2103 883 2131 Accesserant
902 2103 1034 2132 Pltarisa'i

245 2147 360 2175 dicentes
380 2157 389 2175 :
407 2147 474 2180 Exi,
489 2152 514 2175 et
539 2147 623 2181 vade;
640 2150 766 2184 quoniam
793 2149 911 2177 Herodes
936 2151 990 2178 vult
1010 2156 1035 2179 te

246 2194 402 2228 interﬁcere.
418 2193 474 2221 Nec
487 2201 542 2221 non
557 2198 584 2221 et
603 2194 676 2222 istud
692 2205 699 2222 :
714 2195 844 2224 Abeuntes
863 2196 942 2224 dicite
963 2197 1033 2232 vulpi

234 2241 323 2282 ‘Imic,
344 2248 430 2275 usque
451 2241 484 2268 ad
500 2249 548 2273 ea,
564 2249 616 2268 non
635 2242 705 2276 capit
722 2242 874 2277 prophetam
890 2243 973 2270 occidi
988 2252 1034 2271 επ·
1049 2237 1071 2264 Ῑ)

246 2293 288 2313 tra
303 2286 480 2314 Hierusalem.
497 2286 568 2314 Illud
593 2287 676 2314 etiam
699 2297 706 2314 :
725 2287 906 2322 Hierusalem,
933 2289 1033 2317 Hieru-

246 2333 314 2365 lem,
330 2342 388 2368 qua:
403 2333 502 2360 occidis
512 2333 652 2368 prophetas
670 2338 695 2361 et
717 2333 822 2369 lapidas
834 2343 878 2362 eos
902 2336 947 2371 qui
960 2337 995 2363 ad
1011 2341 1034 2364 te

246 2380 322 2406 missi
335 2385 396 2407 sunt
409 2388 417 2407 :
431 2379 497 2407 Item
510 2380 604 2414 :Swpe
619 2381 690 2407 volui
700 2388 872 2417 congregare,
885 2383 954 2410 sicut
976 2383 1035 2418 gal-

246 2425 302 2451 lina
318 2424 403 2457 pullos
416 2433 494 2455 suos,
508 2429 535 2452 et
548 2424 732 2460 :Relinquetur
741 2426 811 2453 vobis
827 2426 920 2454 damus
931 2433 1034 2462 vestra;

246 2475 292 2498 et:
310 2470 371 2498 Non
386 2479 427 2497 me
441 2471 570 2505 videbitis,
588 2474 669 2499 donec
692 2464 786 2499 dicatis
804 2480 813 2500 :
831 2473 1018 2504 Benedictus‘.

1085 278 1142 298 σεν
1155 272 1171 297 ό
1184 271 1328 304 Σατανᾶς.

1122 316 1232 352 Ἐλεγχ.
1246 316 1297 344 λθ.
1311 318 1343 344 Et
1357 318 1406 352 τῆς
1421 316 1555 352 θυγατρὸς
1572 318 1620 345 τοῦ
1635 317 1761 353 Ἀϐραὰμ
1777 318 1880 354 ἐπιμε-

1085 362 1172 388 λεῖται
1192 362 1277 390 ἐλθὼν
1299 363 1313 389 ὁ
1332 363 1445 399 Κύριος,
1472 364 1522 390 οὐκ
1539 363 1678 400 ἀλλότριος
1699 363 1781 390 αὑτοῦ
1799 365 1878 390 ἐστιν

1091 407 1226 443 Ἀϐραάμ.
1248 408 1388 444 Ὁμολογεῖ
1401 409 1455 445 γὰρ
1468 409 1549 437 αὐτὸν
1563 409 1637 445 αὐτῷ
1649 409 1878 444 εὐηρεστηκέναι,

1086 451 1175 481 οἶκτον
1191 455 1230 486 εἰς
1243 455 1292 490 τὴν
1309 455 1391 483 αὐτοῦ
1406 455 1543 491 θυγατέρα
1557 455 1770 490 ἐνδεικνύμενος.

1121 500 1198 535 Σχόλ.
1231 504 1268 536 μ’.
1292 501 1434 536 Παρέκοψε
1465 500 1546 527 πάλιν
1577 502 1619 527 τό·
1656 501 1723 528 Τότε
1761 500 1878 535 ὄψεσθε

1093 546 1224 581 Ἀϐραὰμ,
1249 547 1297 574 καὶ
1326 547 1435 579 Ἰσαὰκ,
1461 547 1511 575 καὶ
1545 546 1653 580 Ἰακὼϐ,
1681 546 1732 572 καὶ
1757 545 1878 578 πάντας

1085 593 1158 626 τοὺς
1170 593 1325 628 προφήτας
1339 594 1374 621 ἐν
1389 593 1426 628 τῇ
1438 593 1583 626 βασιλείᾳ
1593 592 1646 620 τοῦ
1662 592 1745 619 Θεοῦ·
1765 592 1825 619 ἀντὶ
1845 591 1877 618 δὲ

1085 639 1179 666 τούτου
1194 639 1330 675 ἐποίησεν·
1350 640 1414 666 Ὅτε
1428 639 1544 672 πάντας
1558 639 1630 672 τοὺς
1641 639 1775 673 δικαίους
1790 638 1877 672 ἴδητε

1086 686 1120 712 ὲν
1127 685 1164 718 τῆ
1169 685 1315 719 βασιλείᾳ
1324 685 1378 712 τοῦ
1392 685 1478 718 Θεοῦ,
1487 685 1566 720 ὑμᾶς
1576 685 1610 712 δὲ
1620 685 1875 720 ἑκϐαῌομένους.

1086 731 1244 767 Πφσὲθηκε
1267 731 1305 764 δὲ,
1332 731 1553 766 κρατουμένους
1572 731 1639 763 ἔξω·
1665 730 1730 758 ἐκεῖ
1746 731 1835 757 ἔσται
1859 730 1878 758 ὁ

1087 778 1251 812 κλαυθμὸς,
1269 779 1317 805 καὶ
1333 779 1350 805 ὁ
1361 777 1497 813 βρυγμὸς
1508 776 1569 805 τῶν
1580 777 1720 804 ὀδόντων.

1124 825 1234 860 Ἐλεγχ.
1251 828 1287 860 μ’.
1306 823 1369 857 Πῶς
1389 825 1423 851 τὰ
1444 824 1505 860 ἴχνη
1521 824 1571 859 τῆς
1585 823 1712 859 ἀληθείας
1729 822 1874 858 φαίνεταιῑ

1087 870 1125 896 Οὐ
1148 870 1203 905 γάρ
1225 878 1265 901 τις
1285 870 1343 897 ὁδὸν
1363 869 1473 896 δύναται
1493 868 1658 905 ἀποκρύψαι.
1672 869 1809 904 Πλανῆσαι
1825 869 1879 904 μὲν

1085 916 1139 951 γὰρ
1150 915 1309 951 ἀνθρώπους
1323 915 1433 942 δύναται
1447 915 1476 947 ἐξ
1488 915 1583 950 αὐτῆς,
1595 915 1641 941 καὶ
1653 914 1809 950 ἀποκρύψαι
1822 915 1876 941 αὐ-

1083 959 1132 994 τὴν
1148 959 1202 985 ἀπὸ
1217 959 1271 986 τῶν
1288 959 1455 994 ἀγνοούντων
1464 968 1470 973 ·
1487 959 1541 986 ἀπὸ
1551 959 1578 986 δὲ
1587 959 1641 985 τῶν
1655 959 1684 986 ὲν
1695 958 1776 994 πείρᾳ
1786 959 1876 994 αὐτῆς

1083 1005 1233 1040 γεγονότων
1256 1005 1393 1032 ἀδύνατον.
1409 1005 1447 1032 Οὐ
1463 1004 1516 1040 γὰρ
1530 1005 1639 1032 δύναται
1658 1005 1707 1041 τὴν
1729 1005 1794 1040 γῆν,
1809 1004 1877 1032 ἔνθα

1083 1046 1117 1085 ἦν
1133 1051 1149 1085 ἡ
1161 1050 1230 1081 ὁδὸς,
1241 1049 1382 1084 ἀφανίσαι,
1399 1050 1451 1077 κάν
1464 1058 1494 1076 τε
1508 1049 1592 1085 αὐτὴν
1606 1049 1757 1086 ἀμαυρώσῃ
1766 1058 1773 1065 υ
1785 1049 1833 1076 τοῦ
1844 1058 1876 1076 τε

1084 1096 1166 1122 τόπου
1184 1095 1387 1130 παραμένοντος
1408 1096 1457 1131 τῆς
1471 1095 1530 1122 ὁδοῦ
1546 1096 1598 1122 ὑπῦ
1620 1095 1673 1123 τῶν
1685 1096 1877 1130 γινωσκόντων

1084 1141 1224 1176 ἐλέγχεται
1241 1139 1256 1167 ὁ
1268 1141 1317 1176 τὴν
1333 1141 1391 1167 ὁδὸν
1407 1140 1614 1176 ῥᾳδιουργήσας.
1627 1140 1699 1175 Ὅρα
1713 1139 1745 1175 δὴ
1761 1139 1796 1167 τά
1813 1139 1877 1175 ἴχνη

1083 1187 1134 1223 τῆς
1150 1187 1319 1219 ἀκολουθίας.
1333 1187 1385 1214 Τὸν
1398 1187 1452 1222 γὰρ
1466 1187 1545 1221 λόγον
1558 1186 1651 1213 τοῦτον
1663 1186 1730 1222 πρὸς
1745 1186 1806 1213 τινα
1817 1185 1876 1212 ἐλε-

1084 1242 1142 1268 γεν,
1159 1233 1217 1260 ἀλλ’
1230 1234 1246 1269 ἥ
1258 1233 1328 1268 πρὸς
1340 1233 1404 1265 τοὺς
1417 1233 1579 1265 Ἰουδαίουςς
1596 1233 1652 1259 Καὶ
1673 1233 1697 1258 εἰ
1721 1231 1789 1267 πρὸς
1809 1232 1877 1263 τοὺς

1090 1278 1242 1310 Ἰουδαίους,
1257 1278 1309 1314 ἤδη
1321 1276 1420 1310 ἔδειξεν
1432 1277 1530 1309 αὐτοὺς
1544 1277 1627 1308 ἔνδον,
1641 1276 1688 1303 καὶ
1706 1275 1876 1311 ἐκϐαλλομέ-

1084 1333 1145 1356 νους
1154 1324 1207 1350 ἀπὸ
1220 1323 1273 1350 τῶν
1285 1323 1406 1350 δικαίων.
1421 1322 1497 1354 Τίνες
1516 1322 1539 1349 δ’
1554 1322 1588 1349 ἃν
1600 1319 1666 1354 εἷεν,
1681 1321 1737 1348 ἀλλ’
1752 1320 1769 1356 ἢ
1784 1321 1809 1347 οἱ
1825 1321 1876 1347 αὑ-

1083 1370 1138 1397 τῶν
1154 1369 1281 1405 πατέρες,
1290 1369 1426 1405 Ἀϐραὰμ,
1450 1368 1497 1395 καὶ
1513 1368 1615 1399 Ἰσαὰκ,
1640 1367 1687 1394 καὶ
1701 1365 1810 1399 Ἰακὼϐ,
1826 1366 1876 1393 καὶ

1086 1415 1240 1451 προφῆται;
1260 1415 1297 1441 Οὐ
1311 1414 1365 1450 γάρ
1379 1411 1456 1441 εἶπεν
1466 1422 1473 1430 ·
1488 1414 1616 1447 Ὂψεσθε
1628 1412 1763 1445 δικαίους
1778 1412 1876 1445 εἰσερ-

1084 1460 1241 1496 χομένους,
1253 1460 1302 1487 καὶ
1312 1459 1389 1495 ὑμᾶς
1396 1459 1439 1494 μὴ
1452 1458 1681 1493 εἰσερχομένους
1690 1467 1696 1473 ·
1714 1457 1875 1492 ἀλλ’,Ὄψ-ε-

1085 1509 1140 1534 σθε
1153 1506 1223 1540 τοὺς
1234 1506 1368 1539 δικαίους
1378 1506 1413 1532 ἐν
1423 1505 1460 1540 τῇ
1470 1505 1619 1542 βασιλείᾳ,
1632 1503 1710 1539 ὑμᾶς
1722 1503 1755 1530 δὲ
1767 1504 1874 1531 ἐκϐαλ-

1086 1553 1243 1587 λομένους.
1260 1552 1314 1579 Καὶ
1328 1552 1392 1586 περὶ
1413 1551 1461 1587 μὲν
1482 1550 1528 1578 τοῦ
1544 1550 1758 1586 ἐκϐαλλομένους
1773 1549 1874 1585 μελλη-

1085 1598 1168 1631 τικῶς
1178 1599 1334 1634 ἀπεφήνατο
1343 1607 1350 1614 ·
1365 1598 1428 1630 τοὺς
1442 1597 1471 1624 δὲ
1485 1597 1604 1629 δικαίους
1614 1597 1664 1632 ἤδη
1675 1596 1754 1628 ὄντας
1765 1595 1874 1622 ἀπέδει-

1085 1643 1130 1677 ξεν
1152 1644 1202 1670 οὐκ
1224 1643 1378 1679 ἀλλοτρίους
1399 1642 1502 1670 τούτων
1526 1642 1597 1669 κατά
1618 1641 1667 1677 τὴν
1691 1641 1790 1677 σάρκα,
1811 1641 1873 1667 οὐδὲ

1085 1689 1156 1716 κατὰ
1171 1690 1220 1726 τὴν
1234 1689 1339 1724 κλῆσιν,
1353 1689 1421 1716 ἀλλά
1438 1689 1507 1725 μετά
1529 1687 1631 1715 τούτων
1647 1687 1795 1723 κληθέντας
1810 1687 1873 1718 τοὺς

1085 1735 1134 1771 ἤδη
1149 1734 1374 1769 δεδικαιωμένως
1390 1734 1444 1770 πρὸ
1459 1734 1509 1769 τῆς
1524 1733 1656 1770 ὲνσάρκου
1670 1732 1752 1760 αὑτοῦ
1767 1739 1871 1768 παρου-

1086 1781 1156 1813 σίας.
1170 1781 1201 1808 El
1215 1781 1243 1807 δὲ
1258 1781 1305 1807 καὶ
1319 1780 1373 1813 ἔξω
1387 1781 1528 1816 μένοντας,
1544 1779 1582 1812 ὡς
1599 1779 1653 1807 τῶν
1674 1779 1798 1815 πατέρων
1819 1778 1873 1805 εσυ

1085 1827 1179 1854 δντων.
1197 1827 1282 1854 Πόθεν
1295 1827 1324 1853 δὲ
1341 1826 1462 1862 βρυγμὸς
1474 1827 1586 1854 ὀδόντων
1606 1825 1709 1860 γίνεται
1722 1825 1751 1851 ὲν
1765 1825 1798 1860 τῆ
1814 1823 1873 1859 κρί-

1086 1881 1137 1905 σει,
1153 1872 1176 1900 ὦ
1188 1873 1284 1908 ὴλίθιε,
1296 1873 1343 1900 ἐὰν
1356 1873 1394 1909 μὴ
1409 1873 1555 1904 ἀνάστασις
1570 1871 1703 1907 σωμάτων
1719 1870 1847 1906 γένηται;

1119 2019 1196 2054 Σχὸλ.
1223 2021 1277 2054 μα’.
1303 2017 1446 2054 Παρέκοψε
1470 2017 1552 2044 πάλιν
1577 2017 1621 2043 τό·
1647 2016 1788 2049 Ἦξουσιν
1813 2017 1872 2045 ἀπὸ

1085 2065 1240 2093 ἀνατολῶν
1257 2064 1308 2091 καὶ
1328 2062 1463 2098 δυσμῶν,
1485 2063 1533 2090 καὶ
1560 2063 1813 2097 ἀνακλιθήσονται
1838 2064 1874 2091 ἐν

1085 2111 1122 2146 τῇ
1137 2112 1298 2145 ,ϐασιλείᾳ-
1315 2110 1364 2138 καὶ
1379 2111 1424 2137 τό·
1451 2111 1484 2137 Ol
1504 2110 1628 2145 ἔσχατοι
1649 2110 1772 2137 ἔσονται
1794 2110 1873 2145 πρῶ-

1085 2167 1128 2184 τοι
1139 2167 1145 2173 -
1162 2157 1209 2184 καὶ
1221 2157 1266 2184 τό·
1280 2156 1458 2191 Προσῆλθον
1468 2155 1621 2190 Φαρισαῖοι
1639 2156 1794 2191 λέγοντες·
1808 2156 1874 2189 Ἕξ-

1084 2205 1162 2235 ελθε,
1181 2203 1230 2230 καὶ.
1254 2203 1399 2237 πορεύου·
1426 2202 1472 2228 ὅτι
1490 2201 1618 2237 Ἡρώδης
1645 2209 1682 2229 σε
1705 2203 1786 2230 θέλει
1802 2203 1874 2230 ἀπο-

1085 2249 1213 2277 κτεῖναι·
1229 2249 1275 2276 καὶ
1288 2249 1318 2275 τό
1328 2258 1335 2264 ·
1351 2247 1549 2282 Πορευθέντες
1565 2248 1666 2275 εἴπατε
1687 2248 1725 2284 τῇ
1744 2248 1873 2277 ἀλώπεκι

1085 2295 1189 2329 ταύτῃ,
1204 2294 1255 2326 ἕως
1268 2294 1333 2320 ὅπου
1349 2290 1441 2319 εἶπεν·
1461 2293 1521 2318 οὐκ
1539 2291 1691 2326 ἐνδέχεται
1716 2293 1873 2328 προφήτην

1086 2340 1254 2369 ἀπολέσθαι
1275 2339 1333 2372 ἔξω
1355 2338 1568 2374 Ἰερουσαλήμ*
1591 2339 1638 2365 καὶ
1659 2339 1704 2365 τό·
1729 2339 1873 2373 Ἰερουσα-

1086 2386 1373 2421 λὴμ,¹1ερουσαλὴμ,
1387 2385 1405 2418 ἡ
1425 2384 1646 2412 ἀποκτείνουσα
1666 2384 1738 2416 τοὺς
1759 2384 1872 2418 προφή-

1087 2440 1140 2465 τας
1157 2432 1205 2458 καὶ
1226 2430 1428 2459 λιθοϐολοῦσα
1448 2429 1518 2462 τοὺς
1535 2429 1785 2465 ἀπεσταλμένους
1796 2438 1804 2445 ·
1826 2429 1872 2457 καὶ

1087 2478 1133 2505 τό·
1148 2477 1300 2510 Πολλάκις
1317 2476 1454 2511 ἠθέλησα
1473 2476 1653 2509 ἐπισυνάξαι
1674 2475 1715 2509 ὡς
1737 2475 1816 2510 ὄρνις
1837 2477 1872 2503 τὰ

245 2519 337 2547 τέκνα
353 2527 427 2546 σοιν
443 2520 490 2546 καὶ
505 2519 549 2546 τό·
570 2520 694 2548 Ἀφίεται
715 2520 786 2556 ὑμῖν
805 2523 821 2548 ὀ
842 2520 924 2549 οἶκος
939 2524 1039 2552 ὐιιῶν·
1057 2527 1104 2553 καὶ
1117 2526 1163 2553 τό·
1180 2527 1221 2553 Οὐ
1232 2524 1274 2560 μὴ
1292 2523 1373 2558 ἴδητέ
1389 2532 1439 2559 με,
1459 2522 1515 2557 ἕως
1530 2521 1566 2552 οὗ
1589 2524 1692 2558 εἴπητε
1705 2532 1713 2539 ·
1738 2524 1872 2559 Εὐλογη-

243 2565 345 2600 μένος.

281 2611 374 2639 Rcl‘ut.
387 2612 432 2638 41.
447 2611 514 2640 Vide
536 2611 655 2639 hominis
679 2610 835 2644 audaciam,
853 2618 884 2638 ac
905 2616 1034 2646 quantum

245 2666 278 2686 ex
304 2658 449 2692 Evangelia
473 2658 627 2686 subtrahat.
654 2657 888 2690 Quemadmodum
921 2658 944 2685 si
970 2659 1033 2693 quis

246 2704 357 2731 animali
370 2704 497 2739 quopiam
515 2704 542 2731 in
559 2703 627 2731 duas
643 2708 734 2739 partes
747 2703 875 2737 dissecto,
889 2703 1031 2731 dimidium

245 2751 306 2785 ejus
332 2750 466 2785 imperitis
491 2749 633 2782 ostendat,
658 2757 691 2776 ac
716 2749 882 2784 persuadere
905 2753 1033 2785 conetur,

245 2796 380 2830 ejusmodi
409 2800 494 2823 totum
524 2795 623 2822 animal
648 2802 727 2827 esse,
758 2802 808 2822 nec
833 2794 859 2821 ei
887 2794 1034 2823 ouidouam

246 2842 400 2877 ademptum
406 2862 412 2868 .

283 2899 292 2915 ¹
309 2899 374 2927 Luc.
388 2907 448 2934 ml,
467 2899 510 2927 16.
550 2898 560 2914 ¹
575 2898 641 2926 ibid.
659 2897 705 2925 29.
744 2898 754 2914 ³
767 2897 882 2926 ibi-1.29
898 2907 956 2935 sqq.

1125 2613 1235 2649 Ἔλεγχ.
1251 2617 1305 2650 μα’.
1327 2614 1398 2651 Ὅρα
1419 2615 1467 2651 τὴν
1490 2615 1624 2650 τοσαύτην
1645 2614 1764 2650 τόλμαν,
1788 2614 1872 2649 πόσην

1086 2661 1201 2686 ποιεῖται
1222 2660 1365 2696 ἀφαίρεσιν
1378 2660 1425 2687 τοῦ
1443 2661 1670 2695 Εὑαγγελίου.Ὡς
1694 2660 1720 2686 εἰ
1742 2668 1784 2691 τις
1803 2659 1872 2696 λάϐῃ

1085 2705 1165 2738 ζῶον,
1183 2705 1228 2737 καὶ
1249 2706 1351 2742 ἐκτέμῃ
1374 2707 1449 2739 αὐτὸ,
1467 2706 1558 2734 καὶτὸ
1571 2707 1656 2742 ἥμισυ
1674 2705 1720 2733 τοῦ
1737 2705 1870 2741 σώματος,
1887 2713 1890 2746 ς

1084 2751 1131 2778 καὶ
1148 2752 1177 2777 ὲν
1198 2751 1238 2787 τῷ
1259 2753 1353 2787 ἡμίσει
1375 2754 1438 2785 τοὺς
1455 2752 1617 2787 ἀγνοοῦντας
1636 2752 1795 2787 πειράσεται
1811 2751 1870 2777 πεί-

1083 2795 1149 2830 θειν,
1165 2796 1270 2824 τοιοῦτο
1284 2795 1354 2824 εἶναι
1370 2798 1401 2825 τὸ
1415 2798 1483 2831 ζῶον
1497 2798 1593 2833 λέγων,
1605 2798 1652 2825 καὶ
1669 2796 1751 2833 μηδὲν
1761 2797 1809 2824 ἀπ’
1821 2797 1871 2822 αὑ-

1081 2841 1128 2870 τοῦ
1146 2843 1331 2879 ἀφαιρεῖσθαι.
