1952 3045
71 123 126 151 755

388 124 584 154 'ADVER’SUS
600 125 771 154 [UERESES
789 125 853 155 LIB.
875 127 895 155 I.
916 127 996 155 ΤΟΜ.
1015 127 1058 155 lll.
1079 143 1110 148 ——
1133 128 1271 156 H/ERES.
1293 129 1373 156 XLII.

1661 131 1713 158 754

107 171 188 217 fxo.
208 181 263 217 μβ’.
283 181 369 210 Πάλιν
383 183 524 219 παρέκυψε
541 184 632 211 πᾶσαν
645 183 694 220 τὴν
711 184 870 220 παραϐολὴν

958 186 1041 222 338
1056 185 1149 214 Schol.
1167 186 1212 214 42.
1229 187 1270 214 Ad
1289 187 1347 214 haec
1362 187 1493 222 integram
1509 186 1625 215 abscidit
1643 188 1713 215 duo-

69 227 127 253 τῶν
142 226 190 254 δύο
202 227 278 260 υἱῶν,
294 228 341 255 τοῦ
358 228 500 265 εἰληφότος
513 230 544 257 τὸ
559 231 642 266 μέρος
656 230 710 257 τῶν
730 231 867 267 ὑπαρχόν-

69 281 139 306 των,
159 273 206 300 καὶ
220 274 334 306 ἀσώτως
346 275 562 312 δαπανήσαντος,
578 276 626 304 καὶ
640 276 687 304 τοῦ
704 277 794 305 ἄλλου.

112 318 223 355 Ἐλεγχ.
240 319 293 355 μβ’.
316 320 399 348 οὐδὲν
417 321 512 349 διοίσει
530 323 561 350 τὺ
580 322 727 350 ἀκόλουθον
749 324 798 359 τῆς
819 324 867 359 ρᾳ-

70 363 213 400 διουρτίας
233 365 287 393 ἀπὸ
301 366 357 393 τῶν
379 367 512 404 πρότερον
529 368 620 404 ἐαυτῷ
643 369 864 405 τετολμημένων.

77 409 186 446 Ἑαυτῷ
197 410 224 437 δὲ
237 411 268 438 τὺ
276 412 422 449 ἐπιζήμιον
431 414 574 450 ἐπάγεται,
585 414 718 450 μενούσης
732 415 781 451 τῆς
795 414 865 442 κατά

71 454 140 480 Θεὸν
153 454 293 491 ἀληθείας.

110 501 188 536 Σχόλ.
204 505 260 537 μγ¹.
287 502 314 529 '0
327 503 420 538 νόμος
431 503 480 531 καὶ
495 506 522 532 οὶ
535 504 685 540 προφῆται
701 505 757 538 ἓως
774 504 868 533 Ἰωάν-

72 555 141 574 νου.
155 566 161 574 .
179 567 186 574 .
208 548 258 575 καὶ
275 548 336 581 πᾶς
351 550 395 582 εἰς
410 549 508 583 αὐτὴν
520 549 664 583 βιάζεται.

112 592 224 629 Ἐλεγχ.
241 597 296 630 μγ¹.
317 595 350 622 Εἰ
364 594 446 633 νόμον
461 595 567 628 τάσσει,
582 596 630 622 καὶ
643 597 787 632 προφήτας
801 597 868 624 ἀπο-

73 639 165 669 καλεῖ.
178 640 225 666 καὶ
248 640 298 666 οὐκ
312 641 426 676 ἀνομίαν
439 641 514 677 δηλοί
529 641 576 669 τὸν
590 643 681 678 νόμον,
699 643 761 670 οὐδὲ
773 643 869 678 ψευδο-

74 687 220 722 προφήτας
237 687 336 722 φάσκει
351 689 414 720 τοὺς
427 690 578 725 προφήτας,
593 690 686 725 σαφῶς
698 690 868 726 ὁμολογεῖται

72 733 324 769 μεμαρτυρηκέναι
347 735 393 762 τὸν
417 736 533 772 Σωτῆρα
556 737 613 769 τοῖς
636 737 790 773 προφήταις
822 737 868 765 καὶ

73 777 223 812 δέδεικται,
237 778 276 811 ὡς
291 780 356 816 περὶ
368 780 451 808 αὑτοῦ
466 782 684 818 προεφήτευσαν.

111 869 191 905 Σχόλ.
211 869 264 905 μδ.
284 870 352 907 Περὶ
376 871 423 899 τοῦ
447 871 587 905 πλουσίου,
604 872 652 900 καὶ
673 871 800 910 Λαζάρου
820 874 867 901 τοῦ

74 915 198 951 πτωχοῦ,
214 915 254 943 ὅτι
266 916 408 954 ἀπηνέχθη
423 917 476 953 ὑπὸ
488 918 543 946 τῶν
558 919 682 954 ἀγγέλων
695 919 736 952 εἰς
747 919 793 947 τὸν
806 919 868 947 κόλ-

76 970 130 988 πον
144 961 281 998 Ἁϐραάμ.

114 1008 225 1044 Ἔλεγχ.
243 1008 296 1045 μδ¹.
315 1009 382 1036 Ἰδοὺ
393 1009 441 1036 καὶ
451 1010 480 1037 ἐν
493 1009 559 1042 ζῶσι
569 1011 617 1038 καὶ
629 1012 867 1048 μακαριζομένοις,

75 1055 125 1081 καὶ
149 1055 178 1081 ὲν
194 1054 362 1091 κληρονομίᾳ
378 1055 557 1088 ἀναπαύσεως
571 1057 587 1083 ό
601 1057 728 1093 Ἀϐραὰμ
749 1058 802 1085 ὑπὸ
821 1057 869 1085 τοῦ

73 1099 183 1136 Κυρίου
199 1100 395 1136 ὲγκατελέχθη,
409 1102 457 1129 καὶ
474 1101 601 1138 Λάζαρος
617 1103 648 1130 ὲν
664 1103 774 1136 κόλποις
787 1103 869 1131 αὐτοῦ

76 1145 256 1181 κατηξίωται.
280 1146 388 1182 Μηκέτι
408 1147 509 1179 τοίνυν,
526 1147 669 1184 Μαρκίων,
685 1148 731 1175 τὸν
744 1149 871 1185 ’Δϐραὶιμ

75 1191 245 1228 βλασφήμει,
258 1191 304 1220 τδν
326 1193 470 1228 ἐπιγνόντα
485 1193 531 1220 τὸν
545 1194 643 1221 ἑαυτοῦ
657 1195 807 1231 Δεσπότην,
823 1196 871 1222 καὶ

75 1238 191 1265 εἰπόντα
207 1238 296 1274 αὐτῷ’
310 1239 410 1273 Κύριε,
427 1241 445 1266 ό
465 1239 577 1274 κρίνων
598 1239 703 1269 πᾶσαν
722 1240 780 1275 τὴν
801 1240 868 1276 γῆν.

84 1285 151 1312 Ἰδοὺ
174 1284 229 1321 γὰρ
252 1285 298 1311 ὑπ’
312 1285 395 1312 αὑτοῦ
419 1285 467 1312 τοῦ
492 1286 596 1321 Κυρίου
611 1286 788 1323 ἐμαρτυρήθη
802 1285 871 1314 εἶναι

77 1332 194 1365 δίκαιος,
206 1332 254 1359 καὶ
276 1331 326 1359 οὒκ
347 1332 486 1368 ἀλλότριος
505 1333 555 1368 τῆς
577 1332 653 1368 παρά
675 1333 723 1360 τοῦ
747 1334 872 1369 Σωτῆρος

77 1378 279 1414 ἐπαινουμένης
294 1378 378 1414 ζωῆς.

114 1422 192 1458 Σχόλ.
210 1426 262 1458 με’.
281 1423 348 1451 Νῦν
359 1423 394 1450 δὲ
409 1420 468 1451 ὧδε
484 1423 699 1460 παρακαλεῖται
732 1425 748 1452 ό
780 1424 872 1458 αὐτὸς

78 1469 224 1504 Λάζαρος.

119 1515 230 1551 Ἔλεγχ.
249 1519 300 1552 με’.
322 1516 354 1543 Εἰ
369 1516 570 1552 παρακαλεῖται
585 1517 710 1553 Λάζαρος
722 1519 752 1545 ὲν
763 1519 873 1552 κόλποις

87 1562 233 1598 Ἀϐραὰμ,
257 1562 309 1589 οὐκ
329 1562 409 1594 ἐκτὸς
429 1563 479 1599 τῆς
505 1564 706 1599 παρακλήσεως
727 1564 778 1600 τῆς
800 1565 872 1602 ζωῆς

80 1609 201 1645 ὑπάρχει
211 1610 225 1636 ὁ
241 1609 377 1645 Ἀϐραάμ.

118 1655 196 1691 Σχόλ.
222 1658 282 1692 μς’.
302 1655 396 1683 Εἶπεν
418 1655 565 1691 Ἀϐραάμ·
594 1657 718 1691 Ἔχουσι
743 1657 872 1685 Μωῢσέα

81 1700 132 1728 καὶ
148 1701 220 1734 τοὺς
236 1701 391 1736 προφήτας
402 1708 409 1716 ·
422 1701 644 1729 ἀκουσάτωσαν
668 1701 768 1730 αὐτῶν
779 1710 786 1718 ’
806 1702 871 1729 ἐπεὶ

80 1746 155 1774 οὐδὲ
168 1747 221 1775 τοῦ
232 1747 421 1783 ἐγειρομένου
439 1747 499 1775 ἀπὸ
511 1747 626 1783 νεκρῶν
639 1748 837 1776 ἀκούσουσιν.

121 1793 231 1829 Ἐλεγχ.
250 1797 311 1829 μς’.
330 1794 386 1830 οὐχ
399 1794 438 1827 ὡς
450 1794 491 1821 ἔτι
506 1795 535 1821 ὲν
549 1795 588 1830 τῷ
604 1795 698 1830 κόσμῳ
709 1794 757 1826 ὢν.
771 1795 818 1822 καὶ
837 1795 874 1827 ὼς

83 1839 260 1876 ἡπατημένος
275 1839 401 1875 ’Δσραάμ
423 1840 557 1876 μαρτυρεῖ
576 1839 616 1875 τῷ
638 1840 714 1875 νόμῳ
736 1840 874 1872 Μωῦσέως

83 1884 132 1911 καὶ
144 1885 201 1916 τοῖς
216 1884 380 1920 προφήταις,
394 1884 455 1911 οὐδὲ
468 1884 506 1916 ὡς
519 1885 569 1912 οὐκ
583 1884 661 1917 είδὼς
673 1885 709 1912 τὰ
726 1886 758 1912 ὲκ
769 1885 873 1913 τούτων

83 1931 286 1966 ἀποϐησόμενα,
301 1931 368 1958 ἀλλά
393 1931 462 1966 μετὰ
487 1930 517 1958 τὸ
539 1931 569 1957 ἐν
589 1930 673 1967 πείρᾳ
687 1931 811 1965 γενέσθαι
826 1932 875 1967 τῆς

83 1977 143 2004 ἐκεῖ
164 1977 353 2010 ἀναπαύσεως.
377 1978 455 2005 Μετὰ
474 1977 528 2014 γὰρ
549 1977 677 2013 τελευτὴν
695 1979 875 2014 μαρτυρεῖται

84 2023 138 2050 ὑπὸ
161 2022 207 2050 τοῦ
233 2023 359 2060 Σωτῆρος
382 2025 412 2051 ὲν
435 2025 468 2060 τῇ
492 2024 634 2061 παραϐολῇ
656 2026 712 2056 τοῖς
726 2023 773 2051 τοῦ
792 2024 874 2060 νόμου

83 2070 201 2105 δόγμασι
227 2070 274 2097 καὶ
299 2070 453 2106 προφήταις
466 2070 516 2107 τὴν
532 2070 669 2106 σωτηρίαν
684 2070 854 2106 κτησάμενος
866 2078 873 2086 ·

86 2116 133 2143 καὶ
142 2115 228 2143 ταῦτα
242 2115 296 2152 πρὸ
309 2115 355 2143 τοῦ
367 2116 449 2152 νόμου
465 2115 582 2152 πράξας.
591 2116 706 2152 Ὁμοίως
717 2116 802 2144 δὲκαὶ
812 2116 876 2148 τοὺς

87 2161 156 2198 μετὰ
181 2162 269 2189 ταῦτα
291 2162 337 2190 τὸν
356 2163 438 2198 νόμον
462 2162 643 2198 φυλάξαντας,
658 2163 706 2190 καὶ
722 2162 875 2198 προφήταις

87 2207 294 2240 ὑπακούσαντας
320 2209 360 2240 εἰς
387 2209 433 2235 τὸν
458 2208 557 2236 κόλπον
576 2208 659 2237 αὑτοῦ
673 2207 753 2242 εἷναι,
770 2209 818 2235 καὶ
835 2209 875 2240 είς

85 2254 136 2289 τὴν
152 2253 224 2290 ζωὴν
241 2254 299 2290 μετ’
312 2254 395 2281 αὐτοῦ
412 2255 540 2281 ἀπιέναι·
557 2251 595 2281 ὧν
609 2252 650 2286 εἷς
662 2253 697 2290 ἦν
713 2252 847 2290 Λάζαρος,
864 2254 878 2280 ὁ

85 2299 130 2326 διὰ
139 2299 223 2334 νόμου
235 2300 282 2327 καὶ
295 2300 442 2336 προφητῶν
450 2300 629 2334 καταξιωθεὶς
644 2300 761 2333 ζωτικοῦ
776 2300 877 2328 κόλπου

86 2345 136 2381 τῆς
148 2345 195 2372 τοῦ
212 2345 339 2382 Ἀϐραὰμ
357 2346 567 2382 μακαριότητος.

123 2439 201 2475 Σχόλ.
218 2438 271 2474 μζ.
291 2439 434 2474 Παρέκοψε
450 2439 496 2473 τὸ,
514 2439 637 2475 Λέγε-τευ
666 2440 785 2475 Ἀχρεῖοι
806 2441 876 2468 δοῦ-

87 2487 138 2514 λοί
153 2486 263 2520 ἐσμεν·
280 2485 296 2513 ὂ
310 2486 477 2520 ὠφείλομεν
491 2486 616 2521 ποιῆσαι
632 2486 849 2522 πεποιήκαμεν.

126 2532 236 2568 Ἔλεγχ.
256 2531 310 2568 μξη
331 2533 386 2560 Καὶ
400 2532 431 2559 τὸ
447 2532 566 2568 ἀσφαλὲς
580 2533 631 2568 τῆς
644 2533 691 2561 τοῦ
714 2534 816 2570 Κυρίου
837 2534 878 2560 διο

90 2578 236 2610 δασκαλίας
258 2579 289 2605 οὐ
316 2579 509 2614 παραδέχεται.
532 2579 799 2615 Ἐπασφαλιζόμενος
824 2580 878 2616 γὰρ

89 2626 152 2657 τοὺς
176 2624 273 2652 ἑαυτοῦ
298 2624 432 2660 μαθητὰς,
451 2625 495 2652 ἵνα
512 2625 550 2661 μὴ
568 2625 612 2652 διὰ
625 2626 674 2661 τῆς
691 2626 880 2662 ὑπερηφανίας

90 2671 244 2698 ἀπολέσωσι
271 2671 316 2698 τὸν
347 2671 442 2706 μισθὸν
466 2671 512 2698 τοῦ
536 2671 629 2706 ἔργου,
660 2673 881 2708 ταπεινοφρονεω

91 2717 235 2745 ἐνουθέτει.
250 2715 334 2750 Οὗτος
347 2718 376 2744 δὲ
391 2718 422 2744 οὐ
436 2718 614 2753 παραδέχεται
627 2727 634 2734 ι
649 2718 726 2754 τύφῳ
740 2718 794 2753 γὰρ
811 2719 881 2746 κατὰ

92 2764 181 2792 πάντα
196 2763 314 2800 ἐπήρθη,
331 2764 379 2791 καὶ
392 2763 442 2791 οὐκ
457 2763 581 2800 ἀληθείᾳ.

131 2872 138 2887 ¹
156 2870 223 2898 Luc.
236 2878 281 2906 xv,
298 2870 341 2899 t2.
363 2871 372 2886 ‘
385 2869 452 2900 Luc.
471 2878 526 2905 xvi,
545 2870 586 2899 l6.
610 2871 619 2887 ³
637 2870 700 2899 ibid.
715 2870 759 2899 2‘2.
782 2872 792 2887 δ
811 2871 876 2900 Gen.

917 238 978 258 rum
1009 230 1127 258 filiorum
1154 231 1331 266 parabolam,
1358 232 1418 267 ejus
1447 232 1574 260 videlicet
1603 234 1650 268 qui
1665 234 1714 261 bo-

916 283 1013 304 norum
1032 280 1136 311 partem
1152 277 1318 308 abstulerat,
1335 280 1362 303 et
1378 277 1490 305 alterius
1503 277 1523 304 ¹.

953 321 1043 349 Refut.
1053 322 1099 350 62.
1108 322 1281 350 Simillimum
1292 323 1606 358 maximequegeminum
1615 331 1713 351 novum

917 368 970 396 hoc
987 368 1094 398 facinus
1107 373 1149 396 est
1164 369 1197 396 iis
1211 376 1273 404 qua:
1291 369 1318 396 in
1339 369 1434 396 eodem
1450 373 1512 406 ante
1522 377 1621 405 genere
1638 377 1715 396 com-

918 414 1002 442 misit.
1021 414 1099 448 Quod
1109 415 1172 442 huic
1189 415 1234 442 uni
1250 415 1385 442 duntaxat
1394 414 1559 448 fraudiluit,
1579 422 1642 442 cum
1661 422 1714 441 ea—

918 461 979 489 dem
993 461 1085 489 divina
1096 461 1199 489 veritas
1217 461 1398 489 nihilominus
1411 465 1579 496 perseveret.

953 505 1046 534 Schol.
1064 507 1110 534 45.
1129 505 1184 534 Lex
1197 511 1222 534 et
1235 507 1369 542 propheta:
1381 514 1464 542 usque
1478 506 1513 534 ad
1529 506 1671 534 Joannem.
1684 526 1692 534 .
1704 525 1711 533 .

916 561 942 584 et
958 558 1044 585 omnia
1064 558 1091 584 in
1107 557 1175 585 illud
1186 558 1237 585 vim
1250 558 1316 592 facit
1329 558 1350 584 '.

919 608 922 611 λ
954 602 1044 631 Refut.
1075 603 1119 631 43.
1142 603 1172 631 Si
1194 603 1280 639 legem
1311 606 1470 638 percenset,
1502 607 1535 628 ac
1566 598 1714 634 prophetas

918 654 1130 683 commemorat,
1160 657 1249 685 neque
1272 653 1322 677 aut
1345 649 1385 676 illi
1404 647 1567 684 pravitatem
1585 644 1714 675 ascribit,

918 699 965 723 aut
986 695 1052 723 istos
1073 695 1158 723 falsos
1175 695 1322 731 prophetas
1342 695 1481 730 appellat,
1503 692 1659 721 necessario
1674 691 1715 718 fa-

918 740 1030 769 tendum
1055 741 1267 774 est,Christum
1288 741 1434 769 Dominum
1459 739 1607 775 prophetas
1638 737 1715 765 testi-

919 787 1011 814 monio
1026 794 1078 814 suo
1100 787 1294 822 comprobasse
1311 796 1318 815 :
1338 794 1409 822 quos
1432 793 1466 814 ex
1483 784 1579 813 eodem
1595 783 1657 811 loco
1681 783 1715 810 de

918 831 1028 860 Christo
1040 833 1204 861 vaticinatos
1222 840 1284 861 esse
1299 832 1448 868 colligitur.

883 863 905 891 Β
954 878 1045 906 Schol.
1063 879 1108 907 44.
1127 878 1163 907 De
1178 879 1263 907 divite
1274 899 1281 911 ,
1296 883 1324 906 et
1339 863 1443 906 Lazaro
1459 877 1599 910 mendico,
1617 883 1715 912 quem-

918 924 1064 952 admodum
1082 923 1187 953 dclatus
1209 928 1253 953 est
1274 924 1311 952 ab
1334 924 1485 960 angelis‘in
1511 923 1602 952 sinum
1624 921 1714 948 Abra-

919 968 962 996 hae
977 968 998 995 ³.
1448 991 1452 994 ,

951 1013 1044 1042 Refut.
1062 1014 1107 1042 M.
1131 1013 1227 1042 Viden‘
1259 1018 1290 1042 ut
1309 1014 1382 1042 inter
1401 1014 1478 1042 vivos
1504 1020 1536 1041 ac
1560 1013 1656 1040 beatos
1686 1011 1715 1038 in

919 1059 965 1087 illa
988 1059 1062 1088 felici
1079 1061 1252 1096 sempiternae
1277 1060 1379 1096 quietis
1411 1059 1570 1087 haereditate
1590 1058 1716 1086 Abraha-

919 1113 982 1133 mus
998 1113 1013 1133 a
1030 1105 1146 1134 Domino
1161 1111 1331 1140 numeretur,
1346 1110 1374 1134 et
1391 1105 1419 1133 in
1432 1105 1491 1140 ejus
1511 1105 1574 1133 sinu
1594 1104 1715 1132 Lazarus

919 1152 1095 1187 acquiescat?
1109 1152 1208 1181 Desine
1225 1153 1324 1188 igitur,
1345 1151 1464 1185 Marcio,
1482 1151 1640 1180 Abrahamo
1658 1157 1717 1178 ma-

920 1197 1037 1226 ledicere
1048 1219 1055 1232 ,
1071 1199 1118 1234 qui
1133 1199 1279 1227 Dominum
1295 1199 1406 1235 agnovit
1424 1206 1504 1227 suum
1516 1218 1524 1230 ,
1541 1205 1658 1234 eumque
1675 1197 1717 1224 sic

921 1243 1055 1272 allocutus
1070 1247 1113 1273 est
1130 1252 1137 1272 :
1153 1244 1265 1272 Domine
1276 1265 1284 1277 ,
1297 1245 1342 1279 qui
1363 1243 1471 1279 judicas
1494 1244 1644 1271 universam
1664 1247 1717 1270 ter-

921 1298 979 1317 ram
996 1290 1016 1317 ‘.
1038 1289 1108 1318 Ecce
1131 1290 1180 1318 tibi
1201 1291 1306 1326 justum
1329 1290 1404 1318 hunc
1428 1289 1514 1318 fuisse
1541 1294 1656 1318 testatus
1673 1294 1717 1318 est

921 1334 1064 1368 Dominus,
1083 1343 1134 1364 nec
1149 1336 1183 1364 ab
1197 1343 1229 1364 ea
1245 1336 1313 1369 vita,
1324 1342 1407 1371 quam
1422 1334 1548 1364 Salvator
1564 1336 1623 1371 ipse
1637 1341 1715 1363 com-

922 1379 1043 1413 mendat,
1061 1380 1192 1408 alienum.

959 1425 1053 1454 Schol.
1074 1426 1119 1454 45.
1144 1426 1224 1455 Nunc
1246 1435 1306 1455 vero
1323 1427 1366 1455 hic
1383 1427 1538 1455 consolatur
1556 1426 1678 1454 Lazarus
1692 1427 1714 1454 '.

959 1515 1050 1544 Refut.
1065 1517 1109 1545 £5.
1132 1517 1199 1545 Cum
1214 1516 1334 1546 Lazarus
1350 1518 1379 1545 in
1395 1517 1543 1545 Abrahami
1569 1517 1630 1544 sinu
1647 1523 1716 1543 con-

923 1563 1043 1595 soletur,
1073 1563 1197 1597 sequitur
1222 1571 1257 1591 ne
1282 1563 1468 1591 Abrahamum
1493 1562 1603 1599 quidem
1628 1563 1716 1598 ipsum

923 1608 1013 1636 solatii
1030 1615 1091 1636 esse
1105 1607 1186 1642 hujus
1200 1612 1350 1644 expertem.

959 1656 1053 1684 Schol.
1076 1655 1121 1683 46.
1143 1655 1219 1682 Dixit
1242 1656 1376 1683 Abraham
1395 1663 1405 1682 :
1428 1655 1535 1683 Habent
1555 1654 1668 1690 Moysen
1692 1658 1718 1681 ct

885 1538 906 1566 C

923 1701 1082 1737 prophetat;
1096 1701 1156 1729 illos
1170 1702 1283 1729 audiant
1297 1710 1307 1729 :
1322 1702 1423 1737 alioqui
1442 1710 1523 1738 neque
1540 1701 1564 1728 si
1577 1710 1594 1728 a
1607 1700 1718 1728 mortuis

924 1749 982 1784 quis
994 1749 1179 1780 resurreaerit,
1193 1748 1301 1776 audient
1317 1749 1338 1774 ⁸.

960 1793 1051 1821 Refut.
1065 1793 1111 1821 ιε.
1121 1792 1180 1820 Non
1193 1797 1322 1828 tauquam
1340 1794 1368 1820 in
1383 1793 1435 1821 hoc
1454 1793 1556 1820 mundo
1569 1793 1659 1821 adhuc
1670 1795 1716 1827 sit,

924 1839 990 1867 etin
1004 1845 1099 1866 errore
1123 1842 1248 1866 versetur
1268 1838 1459 1870 Abrahamus,
1477 1838 1531 1873 legi
1547 1837 1665 1873 Moysis,
1686 1847 1718 1866 ac

924 1884 1063 1920 prophetis
1081 1884 1267 1912 testimonium
1287 1884 1428 1919 perhibet,
1450 1891 1501 1912 nec
1523 1883 1564 1912 sic
1587 1888 1717 1920 tanquam

924 1938 956 1958 ea
977 1938 1040 1966 quae
1061 1930 1152 1958 futura
1174 1935 1267 1965 postea
1292 1934 1357 1958 sunt
1380 1930 1503 1965 ignoret;
1536 1930 1584 1957 sed
1609 1935 1720 1966 postea-

924 1984 1004 2012 quam
1022 1975 1175 2011 cujusmodi
1198 1976 1277 2011 quies
1289 1976 1336 2003 illa
1361 1975 1432 2003 foret
1454 1975 1623 2011 experientia
1648 1975 1719 2003 didi-

925 2023 972 2051 cit.
990 2022 1055 2050 Post
1068 2022 1172 2049 obitum
1196 2021 1269 2050 enim
1286 2021 1412 2049 Salvator
1428 2021 1456 2049 in
1480 2021 1610 2057 parabola
1635 2025 1719 2050 testa-

925 2073 971 2097 tur
985 2069 1061 2096 illum
1081 2076 1129 2104 per
1145 2067 1216 2104 legis
1229 2068 1357 2104 dogmata
1382 2069 1585 2104 prophetasque
1603 2069 1718 2096 salutem

925 2123 986 2143 esse
1004 2120 1198 2147 consecutum;
1225 2114 1336 2142 tametsi
1361 2118 1425 2142 ante
1451 2114 1538 2149 legem
1568 2114 1612 2141 illa
1641 2114 1720 2142 factis

925 2160 1249 2197 expressisset.Similiter
1257 2161 1340 2197 339
1347 2168 1395 2190 eos
1406 2161 1452 2197 qui
1461 2161 1546 2197 legem
1559 2167 1653 2196 postea
1662 2169 1720 2189 ser-

891 2212 914 2240 D
927 2212 1038 2237 vasscnt
1054 2215 1086 2235 ac
1105 2207 1244 2243 prophetis
1267 2208 1502 2244 obtemperassent
1524 2208 1551 2236 in
1573 2209 1635 2236 sinu
1659 2209 1720 2243 ejus

926 2258 1112 2292 aequiescere.
1130 2259 1158 2283 et
1174 2255 1208 2283 ad
1226 2256 1308 2282 vitam
1324 2262 1387 2282 cum
1404 2255 1462 2290 ipso
1477 2255 1629 2290 pervenire.
1645 2254 1720 2287 Quo-

926 2311 986 2331 rum
1002 2311 1017 2331 e
1032 2310 1147 2331 numero
1158 2301 1280 2329 Lazarus
1293 2301 1353 2334 fuit,
1365 2301 1411 2336 qui
1428 2301 1495 2336 legis
1509 2301 1720 2336 prophetarum-

927 2357 981 2385 que
1007 2349 1140 2376 beneficio
1165 2348 1192 2374 in
1217 2347 1327 2374 vitalem
1351 2345 1528 2374 beatitudinis
1551 2346 1639 2380 illius,
1665 2354 1719 2381 qua

927 2395 1098 2422 Abrahamus
1117 2394 1227 2425 fruitur,
1245 2393 1335 2420 sinum
1352 2396 1480 2427 receptus
1493 2395 1545 2420 est.

965 2440 1058 2468 Schol.
1076 2439 1120 2467 47.
1139 2439 1202 2467 llaec
1219 2439 1300 2466 verba
1318 2438 1510 2473 praetermisit:
1524 2437 1608 2465 Dicite
1622 2446 1632 2465 :
1646 2437 1720 2466 Servi

928 2487 1034 2515 inutiles
1051 2494 1142 2514 sumus
1164 2493 1174 2513 ε
1192 2484 1261 2521 quod
1281 2483 1418 2511 debuimus
1442 2483 1545 2518 facere,
1571 2484 1681 2518 fecimus
1695 2485 1718 2512 ⁷.

964 2533 1056 2562 Refut.
1078 2533 1123 2561 47.
1143 2531 1229 2559 Etiam
1245 2531 1336 2563 illam,
1353 2538 1436 2566 quam
1462 2531 1586 2558 doctrina
1612 2530 1719 2558 Domini

931 2579 1099 2615 praescribit,
1125 2578 1279 2606 cautionem
1303 2577 1438 2611 repudiat.
1462 2576 1567 2604 Etenim
1594 2575 1719 2605 Christus

931 2628 1027 2653 cautos
1044 2633 1076 2652 ac
1090 2624 1236 2659 prudentes
1251 2622 1367 2650 reddere
1380 2622 1530 2657 discipulos
1548 2622 1670 2656 studens,
1684 2631 1720 2650 ne

929 2671 964 2697 oh
988 2669 1142 2704 superbiam
1166 2668 1257 2703 operis
1287 2668 1330 2696 sui
1365 2668 1492 2695 mercede
1513 2669 1669 2704 priveutur,
1685 2668 1720 2694 ad

930 2717 1111 2744 humilitatem
1128 2715 1279 2743 erudiebat.
1292 2714 1371 2748 Quod
1386 2715 1439 2743 iste
1460 2714 1657 2742 documentum
1676 2721 1720 2741 r¢.~

927 2763 1003 2798 jicit,
1025 2766 1118 2790 utpote
1137 2762 1227 2790 elatus
1245 2762 1422 2798 arrogantia,
1443 2769 1498 2789 non
1521 2761 1636 2788 veritate
1655 2761 1721 2788 sub--

930 2818 1021 2838 HUIUS.

892 2879 969 2906 xvtu,
987 2871 1030 2899 25.
1055 2871 1064 2887 ⁵
1079 2870 1144 2899 Luc.
1167 2878 1223 2904 xw,
1239 2870 1284 2898 25.
1307 2870 1317 2885 °
1332 2869 1399 2898 ibid.
1412 2869 1456 2897 29.
1482 2873 1492 2888 ⁷
1507 2868 1574 2895 Luc.
1593 2874 1659 2900 xvn,
1676 2865 1718 2893 lt).
