1952 3045
263 124 316 154 755

972 133 1001 160 S.
1023 132 1192 162 EPlPHANII

1828 144 1908 186 .756

299 183 390 213 Schol.
411 185 455 214 48.
479 186 595 220 Quando
615 194 796 217 occurrerunt
818 191 911 219 ducem
940 192 1046 228 leprosi.

1138 195 1215 231 Σχόλ.
1234 201 1289 232 μη’.
1311 198 1375 226 ’Ὀτε
1391 201 1560 238 συνήντησαν
1574 202 1599 230 ot
1613 201 1680 231 δέκα
1696 203 1802 240 λεπροι.
1830 183 1904 231 ζΔπ-

261 229 323 263 Quo
334 231 362 259 in
381 232 442 260 loco
457 234 542 261 multa
555 239 671 263 resecat.
687 233 783 271 Itaque
798 238 893 266 scribit
909 249 915 266 :
931 239 965 266 Et
979 241 1052 267 misit

261 284 305 304 eos
327 277 415 306 dicens
440 287 449 306 .'
468 279 603 308 Ostendite
628 289 673 309 eos
699 283 880 311 sacerdotibus
893 285 901 300 ¹
919 293 926 317 ;
951 293 983 313 ac
1002 295 1052 323 pro

262 322 324 350 aliis
335 324 388 351 alia
403 326 557 360 supposuit,
572 326 609 354 ita
624 328 782 364 concipiens
797 339 804 356 :
821 329 902 358 Multi
916 338 992 360 erant
1011 334 1051 360 le-

260 370 334 403 prasi
354 370 381 397 in
402 370 493 406 diebus
513 371 606 400 Elistei
627 374 774 409 prophetae,
797 381 822 403 et
850 385 924 404 nemo
943 384 1051 408 curatus

262 420 301 444 est
317 417 368 443 nisi
390 416 517 445 Naaman
534 418 619 454 Syrus
635 421 656 448 ³.

298 460 390 490 Refut.
407 463 450 491 48.
468 463 525 492 Hoc
539 465 568 492 in
585 466 645 494 loco
663 468 824 504 prophetam
847 469 979 499 Dominus
995 471 1051 500 Eli-

261 514 346 536 suum
364 510 506 542 nominat,
522 518 606 546 seque
627 513 696 541 adeo
707 514 878 543 demonstrat
892 523 924 544 ea
939 525 1000 552 quae
1017 518 1051 545 ab

262 553 309 581 illo
333 554 419 590 signis
440 559 467 584 et
486 556 636 586 involucris
657 561 797 595 aequaliter
812 561 974 590 adumbrata
992 564 1050 591 l'ue-

262 604 342 633 rant,
363 601 455 636 reipsa
473 603 642 638 complesse,
664 613 719 640 quo
742 606 922 642 Marcionem,
941 617 973 638 ac
996 618 1050 638 cae-

263 651 335 675 teros
374 656 470 678 omnes
504 652 699 686 prophetarum
729 658 930 690 contemptores
969 656 1050 685 refel-

261 692 339 721 leret.

297 737 389 767 Schol.
401 740 445 768 L9.
458 740 566 769 Venient
591 743 647 771 dies
657 763 665 775 ,
679 745 785 780 quando
805 745 987 774 desiderabitis
1011 748 1049 774 ui-

261 783 322 811 dere
336 792 417 812 unum
429 794 461 813 ea
475 787 565 815 diebus
582 787 647 816 Filii
661 790 776 818 hominis
790 792 810 819 ³.

296 829 388 859 Refut.
413 833 456 860 49.
481 834 547 862 Cum
574 840 601 862 et
629 836 688 864 dies
716 843 857 870 numeret,
882 842 910 866 et
941 843 1046 866 certum

260 880 369 912 tempus
385 878 497 912 indicet.
514 886 541 909 et
556 882 656 910 Filium
670 890 700 911 se
712 883 830 911 hominis
845 884 971 919 appellat,
984 893 1049 913 sane

261 929 418 953 mensuram
431 927 576 960 quamdam
599 928 688 956 aetatis
706 929 852 965 signiﬁcat,
869 937 901 957 ac
918 930 1050 966 praedica-

261 968 344 997 tionis
363 977 420 998 suae
442 972 581 1001 deﬁnitum
604 974 675 1002 diem
699 975 853 1003 constituit.
871 975 975 1010 Quare,
995 986 1048 1005 non

260 1020 361 1049 expers
373 1017 464 1045 carnis
477 1023 520 1046 est
536 1019 672 1052 Verbum.
690 1022 738 1049 sed
754 1022 781 1049 in
798 1030 914 1058 corpore
930 1024 1049 1053 benevo-

261 1060 317 1088 lum
334 1061 400 1090 illud
411 1067 453 1091 est
467 1064 516 1093 Dei
530 1067 677 1095 consilium
693 1068 853 1102 perfectum.

297 1106 388 1136 Schol.
403 1109 447 1137 50.
470 1110 545 1139 Dixit
565 1113 590 1139 ei
602 1114 709 1148 quidam
723 1122 732 1140 :
744 1113 873 1150 Magister
889 1115 972 1144 bone!
985 1118 1048 1153 quid

260 1151 360 1187 faciens
379 1154 459 1181 vitam
479 1161 606 1184 internum
621 1159 780 1192 possidebat
800 1161 834 1187 At
860 1161 906 1189 ille
926 1170 936 1189 :
957 1151 1048 1191 Notite

260 1205 301 1225 me
323 1197 409 1227 dicere
427 1200 523 1228 bonum
543 1211 552 1229 .'
568 1212 636 1231 unus
660 1209 699 1232 est
730 1206 812 1234 bonus
835 1206 916 1236 Deus.
942 1209 1048 1244 Atljecit

260 1242 320 1276 ille,
333 1244 425 1272 Pater.
442 1246 496 1275 Sed
516 1253 543 1275 et
559 1257 609 1284 pro
628 1258 660 1278 eo
681 1251 755 1286 quod
775 1257 832 1286 est,
851 1242 991 1281 Mandata
1003 1265 1044 1284 no-

258 1290 295 1316 sti
304 1289 331 1322 ⁸,
348 1291 460 1326 scripsit
475 1294 532 1326 ille,
547 1294 679 1323 Mandata
693 1298 763 1325 novi.

294 1334 385 1364 Κεῖαι.
403 1338 448 1366 50.
465 1339 506 1367 Ne
531 1341 659 1371 mandata
688 1349 766 1371 antea
789 1346 938 1381 perscripta
964 1346 1048 1375 fuisse

258 1387 441 1418 monstraret,
474 1385 511 1413 ita
539 1387 710 1417 substituit:
743 1389 874 1418 Mandata
895 1393 963 1420 novi.
994 1393 1047 1421 Sed

258 1426 392 1461 integrum
415 1435 496 1464 caput
511 1431 577 1459 illud
593 1433 633 1459 ὀι
656 1433 714 1468 ipsa
734 1437 869 1464 sermonis
889 1441 932 1465 est
950 1445 1048 1467 conse-

259 1473 368 1506 quentia
390 1476 574 1505 manifestum.
596 1477 629 1506 Et
655 1480 785 1515 quoniam
807 1482 915 1510 Patrem
944 1483 1045 1512 bonum

258 1519 385 1553 appellat,
403 1528 434 1548 ac
450 1520 550 1555 Deum,
571 1525 703 1558 praaclare
716 1526 780 1554 illud
796 1528 933 1562 ostendit;
949 1538 1043 1565 quem~
1059 1542 1080 1570 ο

258 1565 324 1593 libet
338 1573 371 1598 ex
385 1565 474 1595 Patris
490 1569 533 1596 sui
548 1570 607 1606 lege
618 1590 625 1603 ,
641 1572 715 1599 velut
729 1573 864 1607 quoddam
881 1575 943 1603 vita:
960 1577 1047 1611 patri-

258 1613 378 1640 monium
391 1615 557 1652 posse350
570 1618 700 1654 consequi
711 1627 718 1650 ;
729 1620 857 1648 necillam
871 1622 1045 1656 condemnat,

259 1662 305 1685 aut
318 1659 406 1693 rejicit
422 1670 428 1687 :
446 1661 493 1688 sed
511 1670 559 1690 eos
576 1665 666 1698 potius
683 1666 764 1700 quiin
778 1667 836 1702 lege
847 1667 982 1701 vixerunt,
995 1670 1046 1696 im-

259 1705 401 1732 mortalem
424 1707 507 1734 vitam
524 1709 636 1738 sortitos
656 1717 718 1738 esse
736 1716 862 1745 testatur,
880 1713 989 1750 Moysen
1004 1715 1045 1742 vi-

257 1749 365 1783 delicet,
378 1758 410 1778 ac
427 1753 572 1787 prophetas
585 1761 708 1784 caeteros.

293 1794 386 1824 Schol.
404 1798 448 1825 51.
461 1798 575 1827 Factum
589 1807 678 1829 autem
693 1808 732 1831 est
750 1812 808 1831 cum
825 1807 1045 1842 appropinquaret

256 1839 363 1869 Jericlto
373 1863 381 1874 ,
396 1851 480 1872 emus
495 1847 629 1874 clamabat
645 1857 654 1875 :
668 1848 745 1883 Iesu,
757 1851 797 1885 ﬁli
812 1839 912 1885 David,
922 1854 1045 1882 miserere

257 1888 317 1914 mei.
337 1888 371 1916 Et
387 1897 445 1917 cum
457 1897 565 1920 curatus
577 1899 655 1928 esset,
668 1897 707 1923 ait
720 1906 730 1923 :
746 1896 826 1925 Fides
843 1905 890 1926 tua
905 1904 930 1927 te
941 1901 1044 1929 saluum

257 1933 320 1969 fecit
335 1935 357 1963 ⁸.

291 1979 383 2008 Reiut.
398 1981 441 2009 5L
457 1982 566 2011 Nullum
578 1985 649 2014 inest
664 1987 691 2014 in
711 1987 764 2016 ﬁde
778 1989 962 2019 mendacium.
974 1991 1043 2020 Nam

256 2026 280 2052 si
297 2027 437 2058 mentitur.
448 2028 515 2056 ﬁdes
527 2037 583 2057 non
597 2035 651 2059 est.
669 2032 760 2060 Atille
775 2041 838 2061 cum
852 2034 985 2070 dixisset,
1002 2037 1043 2071 ﬁh'

255 2069 359 2103 David,
382 2080 397 2099 a
421 2072 531 2102 Christo
555 2075 696 2111 laudatur;
724 2086 877 2114 nomenque
900 2069 1043 2110 confessus

255 2115 327 2149 quod
340 2115 454 2151 petierat
469 2117 606 2153 impetrat.
622 2119 680 2149 Non
693 2122 738 2149 ille
754 2123 913 2159 increpatur
927 2129 957 2152 ut
970 2134 1045 2154 men-

255 2161 326 2194 dax,
344 2162 392 2189 sed
414 2164 579 2198 praedicatur
598 2170 627 2193 ut
644 2167 741 2196 ﬁdelis.
762 2168 824 2197 Non
848 2171 940 2199 carnis
960 2172 1043 2207 igitur

1104 241 1188 277 έκοψε
1201 242 1230 268 δὲ
1245 244 1339 278 πολλὰ,
1351 246 1399 272 καὶ
1415 247 1551 283 ἐποίησεν·
1568 248 1756 276 Ἀπέστειλεν
1770 251 1904 284 αὐτοὺς,

1101 288 1217 322 λέγων’
1239 290 1360 323 Δείξατε
1375 292 1501 327 ἑαυτοὺς
1519 294 1583 328 τοῖς
1604 295 1716 329 ἱερεῦσι
1727 304 1734 312 ι
1757 297 1806 323 καὶ
1829 297 1905 324 ἄλλα

1101 334 1158 361 ἀντ’
1170 334 1257 362 ἄλλων
1268 337 1390 373 εποίησε,
1401 339 1499 373 λέγων,
1514 340 1554 367 ὃτι
1573 341 1799 376 Πολλοὶλεπροὶ
1813 341 1905 378 ἦσαν

1101 382 1136 408 ἐν
1159 382 1281 418 ἡμέραις
1303 384 1475 414 Ἐλισσαίου
1498 387 1551 415 τοῦ
1569 389 1735 424 προφήτου,
1761 390 1812 417 καὶ
1840 391 1902 417 οὐκ

1101 428 1283 464 ἐκαθαρίσθη
1301 432 1328 458 el
1338 431 1382 466 μὴ
1394 432 1511 467 Νεεμᾶν
1526 434 1543 460 o'
1554 434 1660 468 Σύρος.

1137 475 1247 511 Ἐλεγχ.
1275 479 1330 512 μη’.
1352 478 1407 504 Καὶ
1435 478 1554 506 ἐνταῦθα
1574 480 1718 516 προφήτην
1738 480 1784 507 τὸν
1801 481 1898 508 Ἐλισ-

1102 522 1177 548 σαῖον
1189 522 1267 549 καλεῖ
1278 523 1292 549 ὁ
1310 523 1423 559 Κύριος,
1438 525 1486 551 καὶ
1500 525 1596 552 ἑαυτὸν
1613 526 1768 562 πληροῦντα
1780 526 1816 554 τὰ
1836 528 1898 554 ἰσο-

1100 564 1193 598 τὺπως
1205 568 1269 602 παρ’
1281 568 1384 595 ἐκείνου
1397 570 1631 606 προγεγενημένα,
1648 571 1690 598 ἵνα
1702 571 1800 608 ἐλέγχῃ
1813 573 1897 608 Μαρ-

1100 611 1196 645 κίωνα,
1211 613 1257 639 καὶ
1273 613 1378 645 πάντας
1390 615 1454 646 τοὺς
1473 614 1635 648 ἀθετοῦντας
1652 615 1720 643 Θεοῦ
1734 617 1893 652 προφήτας.

1135 748 1212 784 Σχόλ.
1229 748 1282 784 μθ’.
1301 749 1493 777 Ἐλεύσονται
1517 749 1632 786 ἡμέραι,
1652 750 1725 777 ὅταν
1744 750 1895 786 ἐπιθυμή-

1099 801 1173 826 σητε
1182 794 1256 828 μίαν
1268 794 1328 822 τῶν
1337 796 1454 830 ἡμερῶν
1464 796 1518 823 τοῦ
1534 796 1603 824 Υῑοῦ
1619 796 1672 824 τοῦ
1684 796 1855 830 ἀνθρώπου.
1886 819 1889 821 μ

1135 839 1246 877 Ἐλεγχ.
1272 841 1327 877 μθ¹.
1347 841 1380 868 Εἰ
1396 842 1502 878 ἡμέρας
1518 843 1639 879 ἀριθμεῖ,
1655 843 1701 870 καὶ
1724 843 1820 879 χρόνον
1843 851 1893 879 ση-

1101 886 1200 922 μαίνει,
1216 887 1263 913 καὶ
1288 887 1353 914 Υῑδν
1368 888 1512 925 ἀνθρώπου
1536 888 1610 924 λέγει
1632 890 1741 917 ἑαυτόν·
1764 890 1820 926 ἄρα
1844 890 1892 917 καὶ

1101 933 1199 968 μέτρον
1214 933 1324 969 ἡλικίας
1337 933 1469 966 ὑπέδειξε,
1484 935 1532 962 καὶ
1552 936 1663 971 ἡμερῶν
1681 936 1728 963 τοῦ
1742 936 1892 972 κηρύγμα-

1098 987 1144 1011 τος
1165 979 1327 1015 ὑπόδειγμα.
1345 981 1402 1008 Οὐκ
1423 982 1542 1018 ἄσαρκος
1562 979 1609 1009 οὖν
1635 983 1650 1009 ὁ
1675 982 1771 1016 Λόγος,
1787 982 1847 1010 ἀλλ’
1861 983 1891 1009 ἐν

1099 1024 1207 1060 σώματι
1218 1026 1234 1061 ἡ
1247 1026 1363 1053 εὐδοκία.

1134 1111 1210 1146 Σχὸλ.
1228 1115 1260 1139 ν’.
1280 1110 1354 1139 Εἴπέ
1370 1121 1414 1145 τις
1426 1112 1500 1147 πρὸς
1512 1113 1619 1140 αὐτόν’
1630 1112 1800 1140 Διδάσκαλε
1817 1114 1891 1148 ἀγα-

1098 1156 1130 1184 θέ
1138 1157 1149 1183 .’
1159 1158 1187 1184 τι
1197 1157 1328 1192 ποιήσας
1339 1157 1415 1192 ζωὴν
1424 1158 1544 1186 αἰώνιον
1554 1158 1788 1194 uapor-omium,-
1805 1160 1832 1186 Ὀ
1843 1160 1888 1187 δέ’

1097 1203 1145 1237 Μή
1164 1213 1203 1239 με
1225 1205 1295 1240 λέγε
1320 1205 1448 1240 ἀγαθόν·
1477 1204 1522 1239 εἷς
1542 1205 1628 1233 ἐστιν
1647 1206 1787 1241 ἀγαθὸς-ό
1804 1208 1888 1239 Θεός.

1098 1250 1249 1285 Προσέθετο
1265 1250 1368 1283 ἐκεῖνος
1380 1260 1387 1267 ·
1412 1252 1438 1278 '0
1459 1252 1570 1286 Πατήρ.
1589 1253 1643 1279 Καὶ
1663 1253 1723 1280 ἀντὶ
1747 1254 1812 1281 τοῦ·
1832 1255 1889 1287 Τὰς

1097 1296 1223 1329 ἐντολὰς
1239 1294 1332 1330 οἷδιις.
1345 1296 1429 1331 λέγει,
1448 1298 1503 1331 Τὰς
1515 1297 1641 1331 ἐντολὰς
1655 1297 1729 1326 οἴδα.

1134 1341 1243 1378 Ἕλεγχ.
1258 1346 1290 1369 ν’.
1312 1344 1370 1370 Ίνα
1381 1343 1418 1379 μὴ
1439 1343 1513 1380 δείξῃ
1534 1344 1583 1377 τὰς
1598 1345 1706 1377 ἐντολὰς
1722 1345 1772 1381 ἤδη
1787 1354 1888 1381 προγε-

1097 1388 1270 1424 γραμμένας,
1286 1388 1372 1423 λέγει·
1387 1389 1442 1424 Τὰς
1454 1390 1580 1424 ἐντολὰς
1594 1389 1669 1418 οῖδα.
1678 1391 1714 1418 Τὸ
1725 1392 1754 1418 δὲ
1767 1392 1827 1419 ὅλον
1842 1401 1888 1419 κε-

1097 1434 1210 1469 φάλαιον
1226 1435 1341 1471 φανερὸν
1354 1436 1471 1471 ὑπάρχει
1486 1437 1540 1464 ἀπὸ
1551 1437 1602 1472 τῆς
1612 1437 1781 1471 ἀκολουθίας.
1796 1439 1851 1465 Καὶ
1862 1440 1886 1465 εἰ

1097 1480 1206 1516 Πατέρα
1230 1480 1332 1515 ἀγαθὸν
1355 1481 1464 1516 φάσκει,
1481 1482 1530 1508 καὶ
1551 1483 1617 1510 Θεὸν
1637 1484 1774 1519 ὀνομάζει,
1795 1484 1886 1517 καλῶς

1097 1525 1152 1553 ἀπὸ
1167 1526 1216 1553 τοῦ
1227 1526 1311 1562 νόμου
1326 1526 1373 1554 τοῦ
1387 1528 1495 1564 Πατρὸς
1506 1529 1589 1556 αὑτοῦ
1603 1529 1723 1557 διδάσκει
1735 1531 1781 1557 τὸν
1796 1531 1886 1566 βουλό-

1098 1580 1178 1607 μενον
1192 1572 1240 1609 τὴν
1262 1572 1335 1609 ζωὴν
1350 1573 1568 1610 κληρονομῆσαι·
1583 1576 1630 1603 καὶ
1646 1576 1696 1603 οὐκ
1710 1576 1810 1609 ἀθετεῖ,
1823 1577 1885 1604 οὐδὲ

1096 1617 1262 1645 ἀπωθεῖται*
1284 1619 1352 1647 ἀλλὰ
1375 1621 1473 1655 μᾶλλον
1494 1622 1676 1659 ἐπιμαρτυρεῖ
1686 1622 1749 1654 τοὺς
1765 1624 1794 1650 ὲν
1810 1623 1884 1659 νόμῳ

1096 1664 1340 1701 πολιτευσαμένους
1371 1665 1444 1703 ζωὴν
1472 1667 1579 1695 αεώνιον
1605 1669 1883 1705 κεκληρονομηκέναι,

1095 1710 1215 1738 Μωῦσέα
1227 1720 1256 1738 τε
1271 1712 1318 1739 καὶ
1329 1713 1392 1745 τοὺς
1405 1713 1502 1746 ἄλλους
1519 1715 1672 1750 προφήτας.

1130 1802 1208 1838 Σχόλ.
1222 1807 1272 1831 να¹.
1300 1804 1430 1840 Ἐγένετο
1446 1804 1480 1831 δὲ
1494 1804 1529 1832 ἐν
1542 1804 1582 1838 τῷ
1594 1805 1719 1841 ἐγγίζειν
1740 1805 1835 1834 αὐτὸν
1845 1806 1883 1841 τῆ

1101 1850 1216 1885 Ὶεριχὼ,
1228 1851 1343 1885 τυφλὸς
1358 1852 1443 1879 ἐϐόα·
1463 1852 1560 1887 Ἰησοῦ
1574 1853 1620 1879 υἱὲ
1636 1853 1733 1885 Δαϐὶδ,
1753 1853 1883 1887 ἐλέησόν

1091 1904 1138 1930 με.
1155 1896 1211 1923 Καὶ
1233 1896 1283 1924 ὅτε
1297 1896 1374 1931 ἰάθη,
1390 1898 1486 1932 φησιν
1497 1906 1504 1914 ο
1521 1898 1553 1925 Ἡ
1573 1898 1676 1932 πίστις
1688 1906 1747 1926 σου
1766 1898 1881 1926 σέσωκέ

1094 1950 1141 1970 σε.

1130 1987 1240 2023 Ἕλεγχ.
1259 1991 1308 2015 να¹.
1329 1988 1375 2016 Ἐν
1400 1989 1491 2016 πίστει
1513 1990 1564 2016 οὐκ
1585 1989 1625 2016 ἔνι
1646 1989 1758 2022 ψεῦδος·
1780 1991 1804 2017 εἰ
1828 1990 1880 2027 γὰρ

1092 2032 1228 2068 ψεύδεται,
1243 2034 1273 2061 οὺ
1300 2034 1399 2066 πίστις.
1423 2035 1505 2070 Λέγει
1530 2035 1613 2070 γοῦν·
1644 2035 1689 2062 Υἱὲ
1715 2035 1813 2068 Δαϐὶδ,
1835 2037 1881 2062 καὶ⁵

1093 2080 1255 2112 ἐπαινεῖται,
1272 2080 1321 2107 καὶ
1335 2080 1476 2116 κομίζεται
1491 2081 1521 2108 τὸ
1534 2081 1636 2117 αἴτημα
1653 2082 1668 2107 ὁ
1680 2081 1709 2108 τὸ
1720 2081 1804 2116 ὄνομα
1816 2081 1880 2116 ὁμο-

1093 2125 1290 2161 λογήσας.Καὶ
1314 2126 1365 2153 οὐκ
1390 2127 1542 2163 ἐπετιμήθη
1567 2127 1605 2159 ὡς
1631 2126 1761 2162 ψεύστης,
1775 2127 1880 2159 ἀλλ’ὡς

1093 2172 1188 2205 πιστὸς
1204 2173 1388 2209 ἐμακαρισθη.
1403 2174 1461 2200 Οὐκ
1477 2174 1531 2210 ἄρα
1543 2174 1661 2210 ἄσαρκος
1675 2175 1690 2201 ὁ
1704 2175 1748 2202 διὰ
1761 2175 1811 2210 τὴν
1822 2175 1880 2202 ὲπί-

253 2210 314 2234 era‘t
341 2216 439 2244 expers
465 2211 513 2246 qui
538 2212 574 2239 ob
597 2213 671 2241 illam
700 2215 817 2244 nominis
844 2216 1043 2247 invocationem

1104 2217 1191 2254 ιλησιν
1209 2218 1257 2245 τοῦ
1276 2219 1407 2255 ὀνόματος
1420 2220 1603 2255 χαρισάμενος
1616 2220 1655 2256 τῷ
1669 2220 1763 2256 τυφλῷ
1777 2220 1807 2246 τὸ
1821 2219 1878 2255 βλέ-

255 2260 328 2281 ca:co
349 2255 438 2282 visum
457 2257 588 2284 restituit.
612 2258 718 2296 Quippe
743 2269 797 2290 non
819 2271 889 2291 vana
911 2264 1046 2301 duntaxat

1104 2272 1166 2292 τειν.
1175 2263 1322 2300 ’Δληθινῶς
1335 2265 1391 2301 γὰρ
1403 2263 1448 2300 ἦν,
1461 2266 1509 2293 καὶ
1521 2267 1552 2293 οὺ
1571 2255 1689 2302 δοκήοει,
1700 2266 1732 2294 ἐκ
1741 2255 1788 2294 τοῦ
1802 2267 1879 2302 σπέρ-

254 2298 356 2333 specie,
370 2302 417 2327 sed
433 2300 524 2335 reipsa
539 2304 690 2332 secundum
705 2314 815 2335 carnem
831 2316 846 2336 e
865 2309 951 2345 stirpe
968 2310 1046 2339 Davi-

1104 2321 1180 2343 ιατος
1202 2298 1286 2339 Aeeta
1310 2298 1381 2340 me;
1405 2298 1505 2348 οάρκα,
1525 2313 1579 2340 ἀπὸ
1603 2298 1712 2349 Μαρίας
1734 2315 1784 2350 τῆς
1801 2298 1878 2349 ἁγίας

253 2343 296 2372 dis
314 2345 445 2380 originem
467 2347 584 2376 duxerat
597 2350 632 2378 de
649 2351 808 2381 beatissima
825 2353 937 2391 Virgine
958 2356 1041 2385 Maria

254 2394 350 2423 natus,
370 2395 398 2419 et
417 2399 432 2419 a
445 2399 541 2423 sancto
566 2395 668 2431 Spiritu
683 2398 829 2428 formatus.

289 2436 382 2466 Schol.
402 2438 446 2467 52.
473 2439 608 2470 Mutilavit
634 2443 686 2471 ista
701 2454 708 2471 :
723 2445 873 2481 Assumptis
901 2447 1040 2476 duodecim

254 2483 292 2510 ait
308 2491 318 2510 :
334 2483 399 2512 Ecce
411 2487 577 2516 ascendimus
595 2489 822 2526 Hierosolymam,
837 2497 861 2520 et
874 2501 1041 2521 consumma-

253 2529 351 2558 buntur
380 2533 468 2559 omnia
502 2542 562 2569 qua:
600 2537 700 2571 scripta
734 2543 796 2565 sunt
824 2547 870 2574 per
900 2541 1039 2576 prophetas

252 2575 284 2603 de
304 2575 375 2610 Filio
396 2577 510 2607 hominis
522 2588 532 2607 :
544 2582 674 2616 tradetur,
693 2585 837 2618 occidetur,
857 2590 882 2613 et
904 2588 982 2614 tertia
996 2588 1040 2616 die

252 2627 369 2658 resurget
380 2623 400 2651 °.
419 2623 483 2652 Haec
495 2627 586 2655 omnia
605 2630 728 2657 sustulit.

287 2713 377 2742 Refut.
400 2715 445 2744 52.
468 2716 503 2744 Ut
526 2726 660 2755 nusquam
684 2725 756 2749 recta
773 2723 922 2758 gradiatur.
942 2724 1037 2758 Quan-

251 2766 334 2798 quam
357 2760 430 2790 illius
454 2763 600 2799 obliquitas
624 2773 656 2794 ac
678 2768 748 2795 mala
769 2769 796 2797 in
819 2770 946 2798 omnibus
971 2771 1039 2799 ﬁdes

1095 2357 1243 2393 Παρθένου,
1259 2358 1306 2385 καὶ
1319 2358 1363 2385 διὰ
1379 2358 1537 2394 Πνεύματος
1551 2359 1627 2393 ἁγίου
1644 2360 1848 2396 γεγεννημένος.

1128 2448 1207 2484 Σχόλ.
1224 2448 1273 2484 νβ’.
1293 2449 1437 2485 Παρὲκοψε
1456 2451 1502 2477 τό’
1528 2451 1713 2485 Παραλαϐὼν
1736 2452 1807 2486 τοὺς
1825 2452 1877 2479 δώ-

1093 2494 1175 2528 δεκα,
1186 2495 1305 2530 ἔλεγεν·
1325 2497 1397 2524 ἰὃοὺ
1408 2497 1607 2532 ἀναϐαίνομεν
1619 2499 1663 2531 εἰς
1680 2499 1874 2534 Ἰεροσόλιψα,

1092 2541 1142 2568 καὶ
1160 2542 1376 2576 τελεσθήσεται
1397 2542 1495 2569 πάντα
1513 2543 1550 2570 τὰ
1571 2543 1756 2579 γεγραμμένα
1772 2545 1875 2579 ἐντοῖς

1091 2585 1254 2621 προφήταις
1269 2587 1335 2622 περὶ
1350 2587 1403 2614 τοῦ
1422 2588 1490 2616 Υἰοῦ
1503 2588 1557 2616 τοῦ
1567 2589 1735 2622 ἀνθρώπου.
1746 2591 1874 2625 Παραδο-

1091 2632 1214 2666 θήσεται
1233 2634 1300 2667 γὰρ,
1320 2633 1369 2660 καὶ
1381 2634 1649 2670 ἀποκτανθήσεται,
1664 2637 1713 2663 καὶ
1737 2636 1776 2671 τῇ
1795 2638 1874 2674 τρίτη

1089 2677 1184 2713 ἡμέρᾳ
1198 2678 1468 2714 ἐγερθήσεται.”ολα
1480 2680 1565 2707 ταῦτα
1577 2681 1727 2722 παρέκυψε.

1126 2724 1236 2759 Ἕλεγχ.
1251 2724 1300 2760 νβ’.
1322 2726 1380 2753 Ἵνα
1393 2726 1422 2753 ἐν
1440 2726 1533 2762 μηδενὶ
1547 2727 1727 2765 ὀρθοποδήπῃ.
1741 2729 1786 2765 Μὴ
1798 2729 1872 2764 ὀρθο-

1090 2771 1177 2798 ποδῶν
1193 2771 1222 2797 δὲ
1234 2771 1376 2807 ἐλέγχεται
1395 2773 1564 2808 ῥᾳδιουργῶν
1580 2774 1651 2801 κατὰ
1666 2774 1754 2802 πάντα
1765 2775 1870 2811 τρόπον.

290 2848 378 2881 ‘Luc.
396 2853 509 2887 xvu,H.
547 2854 557 2870 ¹
574 2854 640 2884 Luc.
656 2864 691 2892 ιν,
709 2858 752 2887 27.
794 2859 803 2875 ³
817 2859 885 2887 Luc.
907 2869 973 2896 mi,
989 2862 1034 2890 22.
1073 2862 1083 2880 δ
1100 2862 1166 2894 Luc.
1183 2870 1261 2898 εγω,
1279 2864 1311 2894 i8
1327 2872 1388 2902 sqq.
1427 2866 1437 2882 '
1457 2866 1523 2898 ibid.
1539 2867 1583 2899 55.
1620 2868 1629 2884 ⁸
1641 2866 1709 2896 ibid.
1728 2867 1774 2900 5|.
