1952 3045
134 86 184 113 757

463 86 650 116 ADVERSUS
670 86 842 115 liAERESES
861 87 920 114 LIB.

986 85 1069 114 TOM.
1089 85 1135 113 111.
1157 98 1190 106 ρ-
1209 85 1347 114 ΗΛΕΒΕΞ.
1366 84 1445 113 XLII.

1703 84 1758 113 758

133 146 258 182 Ἐκρυψε
277 147 331 182 γὰρ
343 147 377 174 τὰ
390 147 468 183 ῥητὰ,
480 147 523 174 ἵνα
535 146 614 182 δῆθεν
630 147 665 174 τὰ
679 148 742 184 περὶ
755 146 802 174 τοῦ
815 147 916 179 πάθους

977 146 1126 182 'eprehendi
1137 150 1237 182 potest.
1246 146 1412 174 Verbaenim
1422 146 1467 173 illa
1479 145 1660 176 dissimulavit
1675 145 1754 180 ideo,

135 193 430 228 ἱρνήσηται.”γστερον
449 193 478 219 δὲ
498 192 670 227 ὁμολογοῦντι
682 193 763 220 αὑτὸν
778 192 919 228 ἐσταυρῶ-

134 238 208 270 σθαι,
229 239 268 270 εἰς
294 238 407 274 μάταιον
433 237 507 273 αὺτῷ
531 239 546 265 ὁ
564 238 646 270 πόνος
669 238 721 273 τῆς
747 237 919 274 ῥᾳδιουργίας

135 283 221 310 ἐσται.

172 372 249 407 Σχόλ.
274 375 325 407 νγ’.
347 372 490 408 Παρέκοψε
510 373 541 400 τὺ
563 373 709 407 κεφάλαιον
731 373 762 400 τὸ
783 373 848 410 περὶ
870 374 918 402 τοῦ

134 417 208 450 ινου,
226 418 272 444 καὶ
286 417 423 453 Βεθφαγὴ,
440 417 487 444 καὶ
505 418 536 444 τὺ
551 419 616 454 περὶ
631 419 680 454 τῆς
693 418 796 451 πόλεως
811 419 858 446 καὶ
872 419 918 446 τοῦ

136 463 221 499 ιεροῦ.
241 464 318 490 Διότι
334 463 535 499 γεγραμμένον
546 462 600 499 ἦν’
627 464 658 491 '0
672 462 754 498 οἶκός
764 474 824 499 μου
839 465 920 498 οἶκος

134 509 312 544 προσευχῆς
329 509 512 543 κληθήσεται
523 518 531 526 '
548 510 596 538 καὶ
613 510 724 538 ποιεῖτε
735 511 828 538 αὑτὸν
842 511 920 544 σπή-

136 557 224 582 λαιον
237 555 368 590 λῃστῶν.

174 598 285 634 Ἐλεγχ.
301 603 353 634 νγ.
373 599 424 627 Τὸν
436 599 545 635 ἔλεγχον
556 601 657 636 ἑαυτῆς
668 602 685 637 ὴ
699 601 783 629 κακία
793 602 842 637 οὐχ
852 603 918 639 ὁρᾷ·

135 643 285 679 τυφλώττει
301 645 363 680 γάρ.
380 645 472 673 οἴεται
483 646 510 672 δὲ
524 646 653 673 δύνασθαι
667 648 853 684 ἀποκρύπτειν
871 649 920 684 τὴν

135 689 186 724 τῆς
201 688 328 725 ἀληθείας
347 690 406 718 ὁδόν
416 700 422 707 ”
439 691 507 727 ὅπερ
520 692 593 718 ἐστὶν
608 692 746 720 ἀδύνατον.
762 693 848 726 Εὐθὺς
865 694 920 730 γὰρ

134 737 301 772 ἀνεπήδησε,
316 738 476 773 παραλιπὼν
489 739 537 765 ὅλα
549 739 583 765 τὰ
598 739 732 774 κεφάλαια
744 740 778 767 τὰ
792 749 921 776 προειρη-

137 784 206 819 μένα
220 783 264 810 διὰ
275 784 320 811 τὸν
336 785 544 820 μαρτυρηθέντα
557 786 639 813 τόπον
652 785 697 812 τοῦ
710 786 775 813 ναοῦ
789 787 852 814 ὄντα
869 787 919 814 αὒ-

133 829 184 856 τοῦ
209 830 282 861 ῐδιον,
300 831 346 856 καὶ
370 831 409 862 εις
425 819 509 865 ὄνομα
529 830 610 857 αὐτοῦ
634 831 850 867 ᾠκοδομημένον.
864 832 920 859 Καὶ
933 819 955 847 Β

134 875 191 902 ἀπὸ
211 876 260 911 τῆς
281 875 384 911 Ἰεριχὼ
398 875 554 903 καταλιπὼν
577 877 668 904 πᾶσαν
689 877 739 912 τὴν
761 877 920 906 ἀκολουθίαν

135 920 187 955 τῆς
198 920 360 956 ὁδοιπορίας,
374 920 432 952 πῶς
452 930 481 947 τε
500 919 581 956 ἦλθον
602 922 642 953 εὶς
661 921 795 956 Βηθανίαν
816 923 861 950 καὶ
880 924 921 955 εἰς

136 967 278 1002 Βηθφαγὴ.
295 967 376 993 Φύσει
397 967 451 1003 γὰρ
474 967 609 1003 λεωφόρος
628 966 662 1004 ἦν
686 968 798 1001 παλαιὰ,
817 970 920 1004 ἄγουσα

135 1014 178 1044 εὶς
206 1012 383 1048 Ἰερουσαλὴμ.
404 1013 448 1040 διὰ
471 1013 518 1040 τοῦ
544 1013 622 1048 ὗρους
642 1014 696 1041 τῶν
716 1014 846 1046 Ἐλαιῶν,
871 1015 920 1042 οὐκ

133 1057 274 1090 ἄγνωστος
292 1054 357 1083 οὖσα
373 1058 429 1088 τοῖς
446 1057 493 1084 καὶ
507 1056 552 1083 τὺν
562 1057 644 1084 τόπον
659 1058 882 1093 ἱστοροῦσιν.’¹1να
892 1059 920 1086 δὲ

135 1102 251 1138 ἐλεγχθῇ
265 1102 318 1128 ἀπὸ
333 1102 379 1128 τοῦ
393 1101 457 1129 ἰδίου
475 1103 616 1138 στόματος,
630 1103 725 1138 φησιν·
746 1104 876 1138 Ἐγένετο
886 1105 921 1131 ἐν

135 1146 189 1182 μιᾷ
204 1147 261 1174 τῶν
274 1147 390 1182 ἡμερῶν
406 1147 603 1180 διδάσκοντος
621 1148 713 1175 αὑτοῦ
730 1148 765 1175 ἐν
783 1148 824 1181 τῷ
844 1149 919 1183 Ιερῷ,

134 1189 285 1224 ἐζήτησαν
307 1190 460 1218 ἐπιϐαλεῖν
483 1191 529 1217 ἐπ’
543 1191 637 1218 αὑτὸν
658 1191 710 1225 τὰς
735 1192 846 1227 χεῖρας,
871 1193 919 1220 καὶ

135 1234 338 1269 ἐφοϐήθησαν,
352 1235 389 1267 ὡς
402 1236 456 1271 ἔχει
478 1236 548 1271 μετὰ
566 1236 644 1263 τοῦτο
665 1237 695 1264 τὸ
713 1237 858 1272 κεφάλαιον
873 1238 919 1265 νδ¹.

137 1282 200 1314 Πῶς
222 1279 267 1308 οὖν
291 1281 344 1308 ἀπὸ
363 1281 466 1317 Ἰεριχὼ
486 1282 594 1316 ἐγένετο
618 1283 647 1309 ὲν
661 1284 700 1318 τῷ
714 1283 789 1319 ἱερῷ,
805 1284 858 1310 ἀπὸ
872 1285 921 1320 τῆς

137 1327 224 1362 αὐτῆς
241 1327 394 1362 ὁδοιπορίας
405 1327 601 1363 γνωσθήσεται,
615 1328 661 1355 καὶ
671 1329 718 1355 τοῦ
734 1329 782 1364 τῆς
792 1329 851 1356 6δοῦ
865 1330 921 1356 διο.-

138 1373 284 1408 στήματος.
295 1373 362 1399 Ἀλλ’
379 1373 421 1400 ἵνα
441 1373 509 1409 ὀφθῇ
527 1374 541 1399 ὁ
559 1374 717 1409 ῥᾳδιουργὸς
739 1375 921 1411 παρακρύψας

137 1418 173 1445 τὰ
189 1420 217 1445 ὲν
232 1421 265 1454 τῇ
281 1419 332 1454 ὁδῷ
346 1420 489 1455 γενόμενα,
504 1420 550 1446 καὶ
565 1421 593 1446 ὲν
607 1420 646 1455 τῷ
663 1420 728 1456 ἱερῷ
744 1420 861 1456 ρηθέντα
874 1421 920 1447 ὑπ’

137 1464 221 1491 αὐτοῦ
243 1464 290 1491 τοῦ
311 1465 436 1500 Σωτῆρος
456 1465 509 1501 πρὸ
526 1465 620 1492 τούτου
639 1465 729 1500 λόγου,
741 1465 812 1500 λέγω
825 1466 871 1502 δή·
894 1466 920 1493 Ὁ

134 1506 220 1542 οἶκός
236 1517 296 1543 μου
318 1506 399 1541 οἶκος
421 1509 594 1544 προσευχῆς
615 1510 806 1544 κληθήσεται,
819 1511 866 1536 καὶ
886 1510 921 1537 τὰ

136 1552 210 1587 ὲξῆςι
229 1552 266 1584 ὡς
279 1552 334 1587 ἔχει
349 1554 366 1588 ἡ
384 1553 546 1589 προφητεία.
667 1587 671 1592 _

174 1599 250 1634 Σχόλ.
268 1599 313 1626 νδ’,
335 1600 389 1626 Καὶ
404 1599 551 1634 ἐζήτησαν
573 1599 725 1627 ἐπιϐαλεῖν
744 1600 797 1634 τὰς
821 1600 921 1635 χεῷας

136 1644 185 1671 ἐπ’
202 1644 304 1676 αὐτὸν,
314 1644 363 1671 καὶ
376 1645 580 1680 ἐφοϐήθησαν.

176 1689 285 1724 Ἐλεγχ.
304 1689 349 1716 νδ’.
370 1689 523 1726 Ἑθεωρήθη
538 1691 584 1717 καὶ
598 1691 756 1727 ήρμηνεύθη
771 1692 801 1718 ἐν
815 1691 853 1727 τῷ
868 1692 922 1728 πρὸ

139 1734 233 1761 τούτου
255 1735 357 1770 ἐλέγχῳ
382 1735 430 1762 σὺν
451 1737 483 1771 τῇ
507 1736 615 1772 φράσει,
634 1737 692 1772 μετ’
717 1737 850 1773 ἐπιτομῆς
872 1738 922 1774 τῆς

138 1781 277 1816 προσηκού
282 1789 341 1816 σης.

175 1826 252 1861 Σχόλ.
269 1829 316 1854 νε¹.
340 1827 424 1854 Πάλιν
440 1827 560 1862 ἀπέκοψε
571 1827 605 1854 τὰ
622 1828 686 1864 περὶ
700 1829 747 1855 τοῦ
762 1829 922 1864 ἀμπελῶνος

138 1871 186 1898 τοῦ
205 1872 375 1908 ὲκδεδομένου
389 1875 521 1909 γεωργοῖς
531 1882 537 1888 ·
559 1875 605 1901 καὶ
619 1874 665 1901 τό·
681 1874 714 1902 TI
727 1872 783 1902 οὖν
797 1876 862 1903 ἐστι
877 1875 920 1909 τὸ,

140 1918 232 1944 Λίθον
243 1918 278 1945 ὃν
288 1919 515 1954 ἀπεδοκίμασαν
538 1921 565 1947 οἱ
581 1920 828 1955 οὶκοδομοῦντες;

170 1964 278 2000 Ἔλεγχ.
290 1969 336 1993 νε’.
347 1966 430 1992 Οὐδὲν
439 1966 513 2002 ἡμᾶς
529 1966 651 2001 ἀδικήσει
659 1965 747 1995 τοῦτο.
764 1967 822 1994 Κᾶν
831 1975 860 1993 τε
869 1966 922 2002 γὰρ

138 2009 204 2035 αὐτὸ
217 2010 366 2046 περικόψῃ,
388 2010 437 2037 οὐκ
453 2011 500 2046 ἀφ’
521 2011 598 2046 ἡμῶν
611 2011 760 2046 ἀπέκοψεν,
774 2012 843 2039 ἀλλὰ
860 2013 922 2038 ἑαυ-

139 2053 185 2080 τὸν
206 2055 253 2081 καὶ
269 2055 332 2087 τοὺς
348 2056 428 2082 αὑτοῦ
443 2056 605 2091 ἐζημίωσεν.
631 2057 743 2089 Ἱκανῶς
765 2057 819 2093 γὰρ
834 2059 848 2084 ὁ
862 2058 922 2084 κατ’

139 2096 221 2125 αὑτοῦ
238 2097 347 2133 ἔλεγχός
359 2099 427 2132 ἐστι,
441 2100 485 2126 διὰ
502 2100 631 2127 πλειόνων
646 2102 812 2137 μαρτυριῶν.

175 2186 252 2220 Σχόλ.
267 2191 312 2218 νς’.
337 2187 468 2223 Ἀπέκοψε
483 2189 527 2215 τὸ·
542 2190 606 2217 ’Ὁτι
620 2190 653 2217 δὲ
664 2191 827 2226 ἐγείρονται
835 2193 862 2218 οἱ
875 2200 923 2218 νε-

141 2233 215 2266 κροὶ,
231 2233 360 2268 Μωϋσῆς
377 2234 510 2268 ἐμήνυσε
523 2237 591 2270 περὶ
610 2237 664 2263 τοῦ
677 2237 774 2269 ,βάτου
789 2237 855 2273 (75),
884 2238 924 2271 ὡς

140 2279 220 2313 λέγει
244 2280 364 2313 Κύριον,
382 2281 436 2307 τὸν
449 2282 523 2309 Θεὸν
551 2283 674 2318 Ἀϐραὰμ
689 2283 738 2310 καὶ
755 2283 863 2316 Ἰσαὰκ,
875 2285 924 2311 καὶ

147 2325 254 2352 Ἰακώϐ.
274 2327 345 2360 Θεὸς
358 2327 390 2354 δ’
400 2328 464 2355 ἐστὶ
479 2327 604 2362 ζώντων,
616 2329 665 2356 καὶ
677 2330 746 2364 οὐχὶ
761 2330 884 2364 νεκρῶν.

179 2384 287 2420 Ἐλεγχ.
300 2385 354 2418 νς¹.
371 2385 515 2421 Θαυμάσαι
527 2386 602 2413 ἐστιν
616 2387 662 2414 ἐπὶ
676 2388 708 2422 τῇ
724 2387 802 2422 ἀνοίᾳ
815 2387 863 2414 τοῦ
875 2396 926 2422 μα-

142 2430 308 2465 ταιόφρονος,
323 2431 381 2462 πῶς
399 2432 459 2466 οὐχί
471 2433 534 2464 νοεῖ,
556 2431 596 2459 ὅτι
611 2433 656 2466 ἴση
669 2432 738 2468 αὕτη
757 2433 774 2468 ἡ
789 2433 926 2468 μαρτυρία

142 2474 268 2508 τυγχάνει
284 2476 316 2510 τῇ
330 2475 376 2501 τοῦ
392 2475 515 2511 Λαζάρου
528 2475 576 2502 τοῦ
592 2475 711 2512 πτωχοῦ,
728 2478 774 2503 καὶ
790 2478 822 2512 τῇ
836 2486 926 2513 παρα-

143 2520 206 2556 ϐολῇ
215 2519 269 2546 τῶν
281 2520 318 2556 μὴ
333 2522 563 2557 συγχωρουμένων
575 2522 615 2553 sit;
627 2521 676 2557 τὴν
690 2521 827 2557 βασιλείαν
839 2523 926 2549 εἰσελ-

145 2566 214 2592 θεῖν·
230 2575 267 2593 ων
282 2567 442 2602 παραϐολῶν
458 2566 492 2593 τὰ
507 2566 620 2602 λείψανα
636 2567 721 2600 εἴασε,
737 2568 785 2594 καὶ
802 2568 832 2594 οὺ
855 2577 926 2604 παρ-

145 2611 250 2647 έκοψεν,
271 2612 339 2638 ἀλλὰ
353 2612 400 2639 ἐπὶ
414 2613 447 2648 τῇ
465 2611 547 2639 αὑτοῦ
563 2613 677 2648 αἰσχύνῃ
692 2613 867 2641 καταλέλοιπε
884 2615 924 2647 τὸ,

970 195 1000 218 ut
1013 198 1073 226 qua:
1084 191 1117 218 ad
1134 190 1237 218 Christi
1254 190 1412 218 Passionem
1428 190 1545 218 attinent
1564 195 1684 226 negaret.
1702 189 1756 218 Sed

969 244 1031 264 cum
1057 237 1156 265 deinde
1176 236 1338 264 cruciﬁxum
1364 235 1489 263 eumdem
1513 243 1575 264 esse
1597 237 1754 269 conﬁtetur,

969 283 1073 310 frustra
1095 286 1138 310 est
1151 282 1239 310 omnis
1255 282 1291 309 ab
1302 288 1336 309 eo
1354 275 1523 316 depravandi
1539 281 1613 309 illius
1627 282 1679 309 loci
1694 289 1756 309 sus-

968 332 1064 364 ceptus
1076 328 1163 356 labor.
1312 322 1319 331 '

1003 373 1094 401 Schol.
1115 374 1159 402 53.
1185 373 1322 408 Expunxit
1347 376 1375 402 et
1401 377 1484 409 caput
1516 373 1584 402 illud
1614 373 1648 401 de
1674 374 1755 401 asino

968 418 1142 455 Bethphage,
1174 423 1202 448 et
1232 419 1317 452 urbe,
1351 422 1433 454 atque
1459 419 1590 454 templo‘.
1621 419 1755 452 Quoniam

969 465 1094 499 scriptum
1110 469 1149 492 est
1163 473 1173 492 :
1190 465 1290 492 Domus
1310 473 1368 492 mea
1380 465 1474 492 domus
1498 465 1626 492 orationis
1650 465 1754 492 vocabi-

970 516 1022 538 tur.
1038 511 1073 538 Et
1085 511 1175 546 facitis
1189 519 1246 538 eam
1263 510 1413 546 speluncam
1432 511 1566 538 latronum
1579 512 1600 539 '.

1004 597 1096 626 Refut.
1113 599 1157 626 55.
1180 598 1258 627 Caeca
1272 603 1315 627 est
1337 599 1500 634 improbitas
1518 599 1625 632 omnis;
1649 606 1700 626 nec
1722 606 1755 627 ea

970 644 1042 672 videt
1062 644 1159 679 quibus
1178 644 1305 680 redargui
1322 644 1424 679 possit,
1447 651 1479 671 ac
1494 651 1524 672 se
1545 644 1618 679 quod
1634 643 1692 671 ﬁeri
1707 651 1756 671 ne-

970 690 1029 725 quit
1041 690 1167 722 omnino,
1178 689 1302 718 veritatis
1317 690 1389 717 viam
1406 689 1546 717 occultare
1557 694 1648 725 sperat
1663 696 1755 725 posse.

971 734 1018 762 Sic
1032 735 1094 767 iste,
1112 734 1306 770 praetermissis
1325 735 1360 763 iis
1370 735 1498 763 omnibus
1511 742 1571 770 quae
1586 734 1641 762 dixi
1658 734 1757 769 capiti-

969 780 1033 812 bus,
1058 780 1175 816 abrupte
1198 780 1348 813 transiliit,
1370 783 1400 808 ut
1415 780 1482 808 illud
1505 780 1539 807 de
1553 781 1655 816 templo
1678 780 1757 808 testi-

969 826 1091 854 monium
1110 827 1226 860 vitaret,
1246 834 1302 861 quo
1317 827 1454 862 peculiare
1473 826 1526 854 sibi
1543 826 1609 853 illud
1620 833 1699 858 esse,
1722 833 1757 854 ac

969 873 1072 899 nomini
1089 879 1139 900 suo
1157 872 1338 900 constitutum
1359 872 1503 908 signiﬁcat.
1519 871 1558 899 Ac
1577 871 1705 907 deinceps
1720 871 1755 900 ab

970 917 1155 946 Hierichuntis
1170 918 1310 946 mentione
1323 922 1409 945 totam
1435 917 1543 945 itineris
1559 917 1656 945 seriem
1673 917 1756 945 ornit-

969 963 1026 996 tit,
1055 967 1140 998 utque
1169 963 1330 991 Bethaniam
1357 970 1390 991 ac
1413 962 1568 999 Bethphage
1588 962 1754 998 pervenerit.

970 1009 1054 1038 Vetus
1080 1010 1154 1038 enim
1183 1013 1241 1037 erat
1266 1010 1324 1040 via,
1351 1017 1413 1044 quae
1438 1017 1486 1044 per
1516 1009 1614 1037 Oliveti
1635 1013 1755 1045 montem

969 1053 1157 1089 Hierosolyma
1170 1053 1302 1086 ducebat,
1323 1053 1401 1089 341
1418 1061 1500 1088 quam
1518 1053 1590 1081 haud
1614 1054 1754 1088 ignorant,

970 1099 1017 1134 qui
1042 1107 1073 1126 ea
1095 1099 1156 1126 loca
1177 1103 1333 1135 peragrant.
1352 1099 1451 1127 Verum
1478 1103 1507 1127 ut
1531 1107 1581 1127 suo
1603 1101 1690 1135 ipsius
1708 1108 1756 1128 ore

969 1145 1170 1172 convincatur:
1193 1145 1307 1172 Factum
1327 1149 1384 1177 est,
1405 1145 1510 1180 inquit,
1531 1146 1558 1173 in
1578 1154 1632 1172 una
1652 1146 1756 1173 dierum

970 1190 1077 1218 docente
1090 1190 1138 1218 illo
1159 1191 1187 1218 in
1212 1191 1328 1226 templo,
1353 1195 1513 1226 quaesierunt
1534 1192 1639 1226 injicere
1667 1192 1695 1219 in
1723 1192 1756 1219 it-

971 1236 1026 1263 lum
1040 1245 1149 1269 manus,
1171 1241 1197 1264 et
1229 1237 1392 1270 timuerunt,
1414 1242 1444 1264 ut
1465 1238 1589 1272 sequenti
1610 1238 1699 1273 capite
1721 1237 1756 1265 54

970 1282 1133 1310 declaratur.
1159 1283 1242 1318 Igitur
1267 1282 1495 1318 quemadmodum
1526 1282 1703 1311 Hierichunte
1728 1283 1755 1310 in

972 1329 1100 1363 templum
1113 1329 1218 1356 venerit
1229 1336 1262 1356 ex
1282 1328 1376 1357 eodem
1387 1329 1434 1357 illo
1448 1329 1545 1356 itinere
1562 1336 1594 1356 ac
1607 1329 1658 1357 viae
1670 1329 1751 1357 inter-

969 1373 1041 1401 vallo
1053 1373 1238 1409 cognoscitur.
1250 1373 1304 1401 Sed
1320 1381 1352 1401 eo
1365 1381 1410 1401 res
1425 1373 1606 1406 adductaest,
1616 1378 1645 1401 ut
1658 1374 1757 1410 impro-

970 1417 1021 1445 bus
1033 1417 1076 1445 ille
1085 1421 1223 1445 veterator
1233 1425 1293 1452 quae
1302 1417 1328 1444 in
1336 1418 1379 1445 via
1387 1423 1462 1453 gesta
1478 1421 1542 1445 sunt
1562 1423 1588 1446 et
1611 1419 1637 1445 in
1654 1418 1756 1454 templo

972 1470 986 1489 a
997 1462 1137 1490 Salvatore
1145 1466 1209 1490 ante
1224 1463 1298 1490 hunc
1309 1471 1460 1491 sermonem
1474 1463 1616 1491 suntdicta
1630 1464 1756 1492 dissimu-

972 1508 1044 1535 lasse
1057 1507 1191 1535 videatur.
1211 1507 1345 1535 Nimirum
1359 1515 1367 1534 :
1383 1507 1485 1535 Domus
1507 1516 1565 1535 mea
1579 1508 1672 1536 domus
1693 1517 1756 1536 ora-

972 1553 1052 1580 tionis
1067 1553 1213 1585 vocabitur,
1229 1557 1292 1585 etc.,
1309 1557 1339 1580 ut
1353 1553 1380 1580 in
1397 1553 1537 1588 prophetia
1550 1553 1685 1588 leguntur.

1007 1598 1099 1626 Schol.
1115 1599 1160 1626 54.
1175 1598 1209 1625 Et
1223 1599 1382 1634 quaesierunt
1398 1599 1504 1634 injicere
1523 1607 1615 1626 manus
1630 1599 1657 1627 in
1669 1599 1756 1634 illum,

971 1648 996 1672 et
1016 1644 1188 1671 timuerunt‘.

1007 1688 1099 1717 Reiut.
1120 1690 1164 1718 54.
1179 1689 1246 1723 Quae
1259 1690 1292 1718 ad
1308 1690 1382 1717 hunc
1395 1690 1484 1718 locum
1501 1694 1637 1726 spectant,
1652 1699 1683 1719 ea
1695 1699 1758 1726 pro—

972 1735 1044 1762 xima
1061 1734 1225 1762 refutatione
1238 1743 1300 1762 cum
1319 1735 1379 1771 ipsa
1399 1736 1529 1770 loquendi
1546 1736 1659 1770 ratione,
1675 1744 1758 1771 quam

972 1780 1030 1808 ﬁeri
1053 1781 1140 1815 potuit
1163 1780 1326 1809 brevissime
1349 1788 1469 1816 expensa
1492 1785 1556 1809 sunt
1572 1786 1599 1809 et
1612 1781 1757 1816 explicata.

1010 1825 1102 1853 Schol.
1120 1826 1163 1854 55.
1179 1825 1244 1853 item
1260 1826 1336 1853 illum
1353 1826 1459 1854 induxit
1472 1826 1573 1860 locum,
1588 1834 1643 1862 quo
1657 1826 1690 1854 de
1702 1827 1758 1854 vite

974 1871 1019 1898 illa
1034 1871 1124 1906 agitur
1134 1871 1261 1906 agricolis
1272 1872 1370 1900 locata.
1382 1871 1470 1907 Atque
1482 1872 1533 1899 hoc
1547 1872 1658 1907 insuper
1670 1881 1676 1899 :
1687 1872 1757 1904 Quid

973 1918 1111 1952 estigitur,
1129 1917 1243 1952 lapidem
1261 1926 1336 1953 quem
1345 1920 1547 1951 reprobaverunt
1558 1918 1720 1953 aediﬁcantes
1728 1917 1758 1945 ‘?

1008 1963 1098 1991 Refut.
1116 1964 1160 1991 55.
1175 1963 1249 1990 Nihil
1266 1963 1293 1990 id
1312 1963 1422 1999 quidem
1442 1971 1541 1992 nocere
1559 1964 1639 1991 nobis
1655 1967 1756 1999 potest.

973 2008 1094 2036 Tametsi
1116 2009 1189 2036 enim
1212 2009 1301 2036 locum
1323 2009 1406 2037 istum
1422 2010 1563 2042 exemerit,
1585 2017 1640 2037 non
1657 2010 1712 2037 ullo
1728 2010 1757 2039 id

973 2059 1069 2082 nostro
1081 2054 1181 2082 damno
1195 2055 1317 2086 sustulit,
1334 2054 1381 2082 sed
1397 2055 1447 2082 sibi
1468 2055 1521 2090 ipsi
1538 2055 1650 2091 suisque
1666 2055 1756 2084 fraudi

973 2100 1065 2135 potius
1079 2099 1138 2128 fuit.
1154 2100 1347 2135 Compluribus
1366 2100 1438 2128 enim
1455 2101 1619 2129 testimoniis
1632 2102 1698 2129 satis
1712 2110 1758 2130 su-

941 2159 961 2186 ι)
974 2153 1075 2181 perque
1087 2145 1231 2174 refellitur.

1011 2191 1103 2219 Schol.
1121 2191 1165 2219 56.
1186 2191 1288 2219 Delevit
1303 2191 1369 2219 illud
1385 2201 1393 2220 :
1408 2192 1478 2226 Quia
1489 2201 1548 2220 vero
1562 2192 1658 2222 mortui
1669 2200 1758 2220 resur-

974 2241 1049 2272 gunt,
1068 2235 1173 2272 Moyses
1189 2237 1304 2264 ostendit
1323 2245 1396 2265 secus
1413 2236 1518 2269 rubum,
1541 2237 1608 2264 sicut
1623 2236 1687 2263 dicit
1701 2236 1758 2263 Do-

975 2283 1077 2309 minum
1092 2282 1176 2309 Deum
1190 2282 1335 2316 Abraham,
1350 2283 1430 2310 Isaac
1443 2287 1468 2310 et
1478 2282 1573 2311 Iacob.
1588 2282 1658 2310 Deus
1672 2287 1759 2309 autent

975 2333 1013 2355 est
1029 2329 1154 2361 vivorum,
1171 2336 1222 2355 non
1239 2334 1402 2355 mortuorum
1415 2329 1436 2356 ⁵.

1011 2384 1101 2412 Refut.
1131 2385 1176 2412 56.
1204 2385 1387 2413 Admirandus
1416 2385 1496 2421 plane
1521 2386 1611 2415 insani
1639 2386 1758 2414 hominis

973 2435 1077 2467 stupor.
1095 2432 1164 2464 Quid
1186 2432 1275 2459 enim?
1298 2439 1353 2460 non
1376 2432 1442 2460 illud
1463 2433 1695 2466 animadvertisse,
1711 2440 1760 2468 par

976 2478 1049 2505 istud
1067 2485 1127 2506 esse
1148 2478 1332 2507 testimonium
1357 2478 1443 2506 altero
1459 2479 1499 2506 illi
1518 2479 1551 2506 de
1568 2479 1692 2507 mendico
1712 2478 1760 2506 La-

977 2529 1057 2555 zaro,
1086 2529 1192 2550 nccnon
1226 2527 1254 2550 et
1281 2530 1376 2551 eorum
1401 2523 1535 2558 parabolae
1554 2524 1654 2558 quibus
1682 2523 1759 2558 regni

977 2569 1067 2597 aditus
1083 2569 1291 2599 intercluditur?
1305 2569 1426 2602 Quarum
1444 2568 1553 2604 quidem
1569 2569 1759 2604 parabolarum

977 2614 1107 2650 reliquias
1122 2615 1250 2646 servavit,
1265 2622 1315 2642 nec
1333 2619 1361 2642 ut
1378 2615 1429 2642 alia
1442 2615 1573 2651 pleraque
1586 2615 1705 2643 sustulit.
1720 2613 1761 2643 Ita

209 2701 276 2729 Luc.
295 2710 350 2735 xIx,
365 2701 409 2729 29.
448 2702 458 2717 ’
472 2701 537 2730 ibid.
553 2701 599 2730 46.
639 2702 650 2719 ³
665 2701 730 2730 Luc.
746 2711 793 2737 xx,
810 2703 851 2731 i9.
919 2703 984 2732 ibid.
999 2704 1046 2738 i7;
1069 2705 1137 2740 psal.
1156 2713 1240 2739 cxvn,
1255 2705 1300 2734 22,
1340 2706 1350 2722 ⁵
1367 2705 1432 2734 Luc.
1449 2713 1494 2739 xx,
1511 2706 1556 2740 57,
1577 2705 1620 2733 58.

165 2792 238 2829 ’(75)
256 2793 324 2827 Περὶ
342 2793 394 2827 τῆς
411 2794 516 2827 βάτου.
535 2794 612 2831 Apud
630 2794 730 2822 Lucam
745 2795 812 2832 lege.
829 2795 875 2822 ἐπὶ
892 2795 920 2829 τί

978 2795 1040 2822 άτου
1045 2816 1051 2823 .
