1952 3045
196 78 247 110 759

884 78 915 106 S.
934 78 1105 108 ΕΡΙΡΗΛΝΙΙ

1774 78 1837 107 760

195 140 301 168 summa
324 146 373 167 sua
392 145 455 169 cum
481 138 632 174 ignominia
650 137 734 166 verba
750 137 795 164 illa
815 136 982 172 dereliquit:

1044 137 1122 165 Ἐκεῖ
1132 138 1217 164 ἔσται
1232 138 1249 165 ὁ
1262 137 1416 172 κλαυθμὸς
1431 137 1480 164 καὶ
1493 138 1509 164 ὁ
1522 137 1660 172 ,βρυγμὸς
1670 136 1729 163 τῶν
1740 136 1838 164 ὀδόνω

197 185 256 213 Illic
272 187 322 214 erit
337 186 415 220 ﬂetus
435 191 459 213 et
476 185 576 214 stridor
591 184 710 212 dentium
721 184 740 211 ¹.
757 184 892 212 Caeterum
910 183 984 218 quod

195 235 220 258 et
241 231 343 266 digitus
367 231 558 269 post_obitum
584 231 612 257 in
634 236 734 266 aquam
757 229 940 264 immergitur,
958 232 986 256 et

195 285 265 312 aqua
280 277 401 313 linguam
416 276 569 312 refrigerat.
586 277 625 303 uti
639 277 672 304 de
688 275 792 303 Lazaro
807 276 885 303 dives
899 275 986 303 Abra.

195 323 276 351 hamo
295 323 420 356 dicebat;
439 323 567 358 quodque
580 322 703 350 dentium
719 322 821 350 stridor
837 326 881 350 est
895 330 927 350 ac
939 323 987 351 ﬂe-

195 371 249 400 tus,
262 372 424 404 argumento
439 373 481 396 est
496 368 730 396 resurrectionem
744 376 806 396 esse
821 376 985 404 corporum:

195 411 370 448 quantumvis
392 421 423 441 ea
450 421 511 449 quas
533 414 568 442 de
586 418 759 441 mortuorum
784 415 987 443 resurrectione

195 467 257 488 vere
271 465 335 488 sunt
348 467 362 486 a
379 459 496 488 Domino
511 461 616 495 prolata
634 469 719 496 pecus
736 461 782 488 illa
797 462 950 490 sustulerit.

228 505 309 542 342
326 505 426 534 Schol:
439 506 484 533 57.
503 507 557 534 Ista
576 514 688 542 quoque
702 508 876 542 praetermisit
890 515 898 535 :
915 508 988 541 Quia

194 559 254 579 vero
279 557 418 587 resurgant
445 552 544 579 mortui
565 557 590 580 et
610 552 716 588 Moyses
735 553 861 587 ostendit,
885 554 987 588 dicens,

196 596 279 624 Deum
299 597 444 630 Abraham,
466 603 491 625 et
515 597 599 626 Deum
623 598 714 632 Isaac,
736 604 761 626 et
784 599 869 627 Deum
890 599 985 634 Jacob,

195 643 278 671 Deum
295 643 411 671 vivorum
423 645 445 671 ’.

231 690 325 719 Refut.
343 691 388 719 57.
409 689 545 724 Quoniam
560 690 605 719 bis
619 690 713 719 eadem
726 698 741 718 a
757 690 899 719 Salvutore
912 699 988 727 repe-

196 736 248 764 tita
258 736 389 772 parabola
400 739 454 769 est,
470 736 532 764 ideo
545 735 588 764 bis
603 743 664 764 eam
675 736 879 772 proposuimus,
896 745 940 769 ne.
957 742 988 765 ut

195 780 433 810 circumforaneus
446 782 500 810 iste
518 781 632 816 Marcio,
651 782 801 818 quidquam
816 790 911 811 eorum
925 791 986 819 quae

1035 192 1104 212 των,
1124 183 1262 210 Δακτύλου
1284 183 1312 210 δὲ
1327 183 1530 219 ὲμϐρεχομένου
1547 184 1587 215 εἰς
1600 183 1673 219 ὕδωρ
1691 183 1760 218 μετὰ
1776 183 1835 219 τὴν

1035 229 1160 256 ἐντεῦθεν
1187 229 1356 264 ἀπαλλαγὴν,
1386 230 1434 256 καὶ
1453 228 1577 264 γλώσσης
1598 229 1834 264 καταψυχομένης

1036 275 1122 308 ὕδατι,
1134 276 1170 307 ὡς
1182 275 1197 301 ὁ
1210 275 1336 306 πλούσιος
1355 275 1406 310 ἔφη
1419 274 1456 309 τῷ
1475 274 1601 310 Ἀϐραὰμ
1613 274 1657 301 διὰ
1673 275 1719 301 τὸν
1733 275 1834 307 ιΛάςα-

1037 331 1094 358 ρον,
1107 322 1153 349 καὶ
1166 321 1288 357 βρυγμοῦ
1303 322 1428 354 ὀδόντων,
1449 322 1497 349 καὶ
1517 321 1657 357 κλαυθμοῦ
1670 321 1833 356 γινομένου,

1036 368 1212 400 ἀναστάσεως
1235 368 1368 403 σωμάτων
1388 368 1446 394 ἐστὶ
1465 367 1587 403 σημεῖον,
1607 367 1657 394 κᾶν
1678 367 1835 403 παρακύψῃ

1037 415 1051 441 ὁ
1065 414 1206 450 κτηνώδης
1219 415 1254 442 τὰ
1270 415 1323 442 ὑπὸ
1337 414 1441 451 Κυρίου
1453 415 1517 450 περὶ
1533 415 1709 445 ἀναστάσεως
1721 413 1834 449 νεκρῶν

1037 460 1145 496 ἀληθῶς
1160 462 1220 497 εῑρη
1225 460 1302 497 μένα.

1072 506 1151 541 Σχόλ.
1166 505 1215 539 νζ’.
1239 506 1297 533 οὐκ
1314 503 1370 541 εἶχε
1382 505 1468 533 causa
1478 513 1484 521 '
1504 505 1564 532 ’Ὁτι
1579 505 1612 532 δὲ
1625 505 1788 540 ἐγείρονται
1802 505 1835 532 οι

1037 552 1148 587 νεκροὶ,
1160 553 1208 580 καὶ
1219 552 1349 586 Μωῢσῆς
1357 551 1491 587 ἐμήνυσε
1499 551 1606 586 λέγων,
1619 552 1694 578 Θεὸν
1705 550 1835 585 Ἀϐραὰμ

1038 598 1087 624 καὶ
1100 597 1174 625 Θεὸν
1190 597 1299 632 Ἰσαὰκ,
1321 597 1371 625 καὶ
1388 597 1462 625 Θεὸν
1485 597 1594 630 Ἰακὼϐ,
1614 597 1688 624 Θεὸν
1702 595 1832 627 ζώντων.

1075 689 1186 725 Ἔλεγχ.
1198 689 1247 733 νζξ.
1261 687 1312 716 Διὰ
1323 687 1354 716 τὸ
1365 688 1530 724 δευτερῶσαι
1542 687 1586 715 τὸν
1597 680 1712 723 Σωτῆρα
1722 686 1771 722 τὴν
1780 694 1836 714 πα·

1039 736 1166 773 ραϐολὴν,
1178 735 1273 767 διττῶς
1283 736 1347 771 παρ’
1360 735 1437 770 ἡμῶν
1451 735 1610 762 ἐντέτακται
1620 741 1628 748 ⁸
1641 734 1684 761 ἴνα
1700 733 1738 769 μὴ
1750 734 1834 760 ἀπει-

1038 782 1183 819 καζόμενοι
1208 782 1247 817 τῷ
1263 781 1370 817 ἀγύρτῃ
1387 781 1540 817 Μαρκίωνι,
1558 781 1638 816 ἡμεῖς
1654 779 1834 816 παραλείψω-

195 828 298 863 scripta
313 831 378 855 sunt
392 827 558 863 praeteriisse
574 828 727 857 videamur.
745 829 880 857 Caeterum
898 830 926 857 in
940 838 986 857 su-

1044 828 1089 863 μέν
1099 836 1125 855 τι
1135 826 1189 854 τῶν
1197 827 1408 863 γεγραμμένων.
1423 826 1492 861 Ἤδη
1501 827 1531 853 ὲν
1538 825 1577 862 τῷ
1587 825 1716 860 ἀνωτέρῳ
1725 824 1835 859 ἐλέγχῳ

194 873 295 908 periori
310 872 477 902 refutatione
496 874 701 909 improbitatem
730 875 805 903 illius
831 883 863 903 ac
883 876 988 903 calum-

194 921 269 948 niam
283 920 391 949 abunde
407 920 549 948 diluimus.

232 966 325 994 Schol.
350 966 394 994 58.
420 966 489 994 illud
512 967 614 995 ademit
638 974 770 1004 praeterea
789 978 796 996 :
819 969 940 1004 Capillus
956 970 989 997 de

195 1014 282 1047 capite
294 1017 380 1041 uestro
396 1021 449 1041 non
461 1013 556 1048 peribit
568 1013 588 1042 ⁸.

231 1058 958 1088 Refut.58.............

231 1104 323 1133 Schol.
341 1105 385 1132 59.
403 1105 505 1133 lterum
521 1105 579 1133 haec
597 1105 711 1133 abstulit
727 1115 734 1133 :
752 1105 825 1133 Tum:
840 1107 884 1142 qui
900 1107 926 1133 in
937 1106 988 1133 Ju-

195 1150 254 1178 dtea
263 1155 324 1178 sunt
336 1151 440 1187 fugiant
452 1150 487 1178 ad
501 1156 613 1183 montes,
626 1155 693 1184 εις..
705 1151 741 1179 ob
753 1157 855 1187 eaquae
868 1160 988 1187 sequun-

195 1201 252 1230 tur,
268 1195 351 1224 donec
367 1193 583 1225 consummentur
599 1198 689 1224 ontnia
703 1205 763 1233 quw
777 1199 877 1233 scripta
891 1205 952 1226 sunt
964 1198 985 1227 ⁸.

230 1281 323 1313 Refut.
342 1284 387 1313 59.
405 1285 563 1314 Obliviosus
581 1285 625 1313 hic
640 1285 724 1313 homo
738 1289 852 1315 caeteros
869 1286 911 1314 sui
927 1294 989 1315 esse

196 1331 310 1364 similes,
332 1331 385 1359 hoc
404 1336 447 1360 est
462 1332 590 1365 stolidos,
607 1333 757 1361 existimat.
774 1330 831 1361 Nec
849 1334 987 1370 intelligit,

196 1376 220 1405 si
235 1377 276 1404 vel
298 1378 439 1406 minimam
463 1378 588 1406 voculam
609 1379 761 1414 reliquerit,
784 1386 844 1407 eam
872 1379 905 1407 ad
928 1387 989 1407 sese

196 1422 412 1450 convincendum
437 1423 540 1451 facere.
567 1422 676 1457 Quanto
705 1425 789 1460 igitur
812 1425 898 1460 magis
925 1433 987 1452 cum

195 1468 313 1505 plurima
336 1469 420 1497 verba
440 1469 474 1497 de
498 1471 634 1498 sententia
653 1471 987 1504 detrahitiuuamobrem

1037 873 1182 910 γεγένηται
1199 874 1216 909 ὴ
1232 873 1303 901 κατὰ
1313 874 1362 909 τῆς
1376 871 1459 900 αὑτοῦ
1473 872 1646 909 ῥᾳδιουργίας
1657 872 1832 908 ἀντίρρησις.

1074 961 1152 997 Σχόλ.
1167 964 1218 996 νη’.
1242 961 1326 989 Πάλιν
1341 961 1480 998 παρέκυψε
1495 961 1544 989 τύι
1568 961 1640 997 Θρὶξ
1654 961 1689 989 ἐκ
1713 960 1769 996 τῆς
1782 968 1835 988 κο-

1038 1007 1139 1043 φιιλῆς
1151 1008 1236 1044 ὑμῶν·
1250 1009 1286 1036 οὐ
1298 1008 1342 1044 μὴ
1356 1009 1516 1044 ἀπόληται.

1075 1055 1832 1091 Ἔλεγχ.νη’.............

1074 1100 1152 1136 Σχὸλ.
1166 1100 1215 1127 νῦν.
1238 1101 1323 1128 Πάλιν
1344 1101 1485 1137 παρέκυψε
1497 1101 1585 1128 ταῦτα
1594 1109 1601 1116 ·
1625 1101 1693 1128 Τότε
1706 1101 1733 1127 οὶ
1747 1099 1781 1127 ἐν
1792 1098 1832 1134 τῇ

1044 1146 1170 1180 Ἰουδαίᾳ
1193 1146 1387 1182 φευγέτωσαν
1405 1148 1449 1180 εὶς
1468 1147 1504 1174 τὰ
1527 1146 1591 1182 ὄρη,
1619 1146 1667 1173 καὶ
1687 1145 1721 1173 τὰ
1743 1145 1808 1180 ἑξῆς
1821 1153 1830 1159 ·

1038 1193 1082 1220 διὰ
1098 1193 1132 1220 τὰ.
1150 1194 1337 1229 ἐπιφερόμενα
1356 1194 1385 1221 ἐν
1398 1193 1437 1229 τῷ
1454 1193 1539 1229 ῥητῷ,
1564 1193 1619 1226 ἕως
1636 1191 1779 1227 πληρωθῇ
1794 1192 1832 1219 τὰ

1038 1238 1235 1274 retiaculum-

1075 1285 1185 1320 Ἔλεγχ.
1194 1285 1243 1312 νῆ’.
1259 1285 1339 1312 Δοκεί
1350 1284 1435 1321 λήθην
1451 1294 1535 1320 κεκτη
1541 1283 1619 1320 μένος
1632 1284 1695 1316 τοὺς
1707 1284 1832 1316 ἅπαντας

1039 1329 1114 1361 ἴσους
1134 1329 1209 1365 αὑτῷ
1230 1330 1360 1365 ἀνοήτους
1384 1329 1463 1357 εἶναι.
1490 1330 1545 1356 Καὶ
1563 1330 1614 1356 ούκ
1633 1327 1704 1356 οἶδεν
1723 1329 1764 1356 ὅτι
1778 1328 1831 1356 κᾶν

1041 1375 1137 1411 μικρὸν
1146 1375 1227 1411 ῥητὸν
1238 1376 1284 1402 ὑπ’
1295 1375 1377 1403 αὑτοῦ
1388 1376 1567 1412 καταλειφθῇ,
1578 1375 1688 1412 ἔλεγχον
1701 1376 1830 1403 ποιεῖται,

1040 1422 1118 1457 Πόσῳ
1136 1422 1236 1458 μᾶλλον
1253 1423 1301 1450 καὶ
1316 1423 1420 1449 πολλῶν
1438 1423 1528 1458 ῥητῶν
1545 1422 1591 1449 ὑπ’
1608 1423 1689 1450 αὐτοῦ
1707 1430 1830 1458 παρακο-

1039 1469 1161 1502 πέντων;
1182 1469 1265 1496 Οὐδὲν
1282 1469 1373 1496 τοίνυν
1390 1470 1490 1496 κωλύει
1505 1468 1551 1496 τὸν
1564 1469 1727 1505 βουλόμενον
1740 1477 1828 1505 παρα-

195 1515 260 1543 licet
282 1515 415 1543 mutilatis
439 1515 474 1544 iis
490 1516 525 1543 ab
546 1516 594 1544 illo
610 1517 775 1545 testimoniis
791 1518 844 1544 alia
861 1517 984 1553 quaedam

1044 1515 1121 1542 )εῖναι
1135 1516 1247 1548 ταύταις
1262 1517 1322 1547 ταῖς
1338 1516 1600 1552 παρακεκομμέναις
1616 1515 1781 1552 μαρτυρίαις
1795 1515 1831 1542 τὰ

196 1568 258 1596 qua
272 1561 388 1596 ipsemet
401 1561 521 1590 admittit
541 1571 688 1598 opponere.
709 1563 776 1596 Quae
793 1571 857 1591 cum
872 1564 988 1592 sublatis

197 1607 232 1635 ab
249 1614 282 1635 eo
298 1607 412 1643 reliquis
428 1609 541 1636 omnino
558 1615 744 1638 consentanea
761 1618 822 1638 esse
839 1610 985 1638 constabit.

196 1653 339 1689 Ejusmodi
354 1659 419 1683 sunt
434 1655 491 1689 illa,
507 1656 534 1683 in
546 1656 646 1692 quibus
656 1657 828 1685 Abrahamus
840 1661 902 1692 post
913 1665 988 1684 mor-

197 1705 252 1727 tem
269 1699 306 1726 ita
325 1700 441 1735 loquens
459 1699 599 1728 inducitur
615 1710 622 1728 :
639 1701 744 1729 Habent
760 1701 871 1737 Moysen
885 1708 909 1730 et
923 1711 987 1737 pro-

196 1745 305 1781 phetas;
330 1747 401 1781 ipsos
427 1746 571 1776 audiant'.
597 1746 663 1780 Quae
690 1748 762 1776 enim
789 1749 928 1784 prophetat
955 1757 988 1777 ac

197 1791 461 1828 Moyses-dixerunt,
478 1800 494 1820 a
511 1791 568 1820 Deo
586 1797 650 1821 sunt
666 1793 746 1822 Patre
763 1794 895 1829 profecta,
912 1800 938 1822 et
954 1796 987 1822 ah

197 1837 314 1872 ipsomet
332 1836 380 1865 Dei
396 1836 466 1865 Filio
486 1837 600 1866 Domino
621 1841 730 1872 nostro,
748 1846 854 1866 necnon
872 1842 899 1866 et
923 1839 987 1875 Spi-

197 1883 253 1912 ritu
274 1887 386 1917 sancto;
405 1892 467 1920 quae
482 1885 592 1920 quidem
608 1885 736 1913 mandata
754 1886 865 1920 scriptis
880 1886 987 1922 impleri

198 1931 308 1965 penitus
322 1930 456 1966 oportuit.

233 1976 327 2004 Schol.
342 1976 387 2004 60.
404 1976 520 2005 Locutus
536 1981 576 2005 est
592 1986 650 2005 cum
669 1979 884 2014 magistratibus,
897 1988 988 2016 quem-

198 2020 345 2050 admodum
359 2023 436 2050 illum
452 2023 567 2051 traderet
579 2024 617 2052 eis
631 2025 651 2052 '.

231 2069 325 2098 Bel‘ut.
341 2070 386 2098 60.
402 2068 426 2098 0
441 2069 589 2099 Marcionis
612 2071 801 2100 incredibilem
822 2072 984 2100 amentiam!

197 2115 266 2150 Quis
278 2116 350 2144 enim
362 2115 434 2144 alius
443 2120 543 2152 praeter
555 2114 653 2144 Iudam
665 2117 773 2145 locutus
788 2118 848 2146 est?
864 2121 910 2145 aut
920 2118 986 2154 quid

197 2162 308 2190 tandem
320 2162 443 2190 facturus
461 2162 546 2195 aliud,
570 2163 624 2191 nisi
638 2162 806 2191 Salvatorem
819 2163 987 2192 traditurus?

195 2208 257 2236 Jam
273 2216 340 2237 vero
355 2209 378 2237 si
395 2208 523 2236 Salvator
541 2208 671 2241 traditur,
695 2209 819 2244 profecto
836 2217 891 2237 non
907 2211 988 2239 inane

197 2255 335 2291 quoddam
354 2259 493 2290 spectrum
507 2259 578 2289 erat,
592 2255 640 2283 sed
653 2255 740 2283 solida
757 2256 875 2285 hominis
890 2260 989 2284 natura

197 2301 353 2329 constabat.
364 2300 433 2329 Nam
446 2301 469 2329 si
481 2301 550 2328 nihil
561 2305 661 2336 praeter
671 2301 798 2336 spiritum
810 2301 891 2334 foret,
905 2309 989 2330 carne

197 2347 322 2383 praeditis
343 2347 502 2375 hominibus
528 2347 600 2375 tradi
623 2348 782 2382 neutiquam
797 2351 900 2383 posset.
914 2347 989 2375 Idem

196 2401 263 2429 ergo
279 2392 352 2421 Deus
367 2400 429 2420 cum
449 2397 532 2425 esset.
550 2398 692 2428 assumpta
714 2400 796 2421 carne
812 2397 989 2421 contrectan-

197 2438 262 2466 dum
278 2445 310 2466 se
322 2438 449 2473 praebuit,
463 2437 662 2474 hominumque
679 2438 805 2466 manibus
820 2443 916 2474 sponte
927 2447 989 2474 per-

197 2484 285 2511 misit.
302 2483 355 2511 Sed
376 2483 417 2511 illi
437 2484 505 2511 adeo
521 2484 600 2511 stulti
615 2488 691 2516 sunt,
711 2491 804 2511 secum
822 2488 850 2511 ut
865 2485 988 2513 oratione

197 2535 248 2558 ‘sua
267 2535 397 2566 pugnent.
419 2529 459 2558 Ac
478 2530 589 2557 memini
604 2538 648 2558 me
664 2530 813 2566 aliquando
828 2530 908 2567 3&3
925 2539 987 2558 cum

197 2577 347 2605 Marcionis
362 2576 480 2612 quodam
501 2577 637 2612 discipulo
660 2577 854 2613 disputantem,
876 2585 938 2605 cum
955 2584 988 2604 ex

197 2623 347 2659 Evangelia
359 2623 449 2651 locum
466 2622 542 2650 illum
558 2623 718 2658 objicerem,
741 2631 795 2658 quo
812 2623 840 2650 in
859 2623 918 2651 loco
939 2623 989 2650 du-

197 2673 260 2697 ctus
273 2669 299 2695 in
317 2668 455 2696 desertum
470 2676 487 2696 a
502 2668 599 2704 spiritu
617 2669 736 2702 dicitur,
754 2672 785 2696 ut
804 2672 959 2697 tentaretur
973 2675 988 2695 a

1038 1562 1103 1598 παρ’
1115 1562 1197 1589 αὐτοῦ
1209 1562 1420 1598 ὁμολογηθέντα.
1439 1562 1616 1598 Δειχθήσεται
1630 1562 1685 1598 γὰρ
1695 1562 1830 1598 σύμφωνα

1037 1608 1102 1635 ὄντα
1124 1609 1228 1640 τούτοις
1250 1610 1306 1641 τοῖς
1327 1609 1372 1636 ὑπ’
1393 1608 1498 1635 ἐκείνου
1521 1611 1720 1643 περικοπείσιν,
1744 1609 1773 1635 ἐν
1788 1605 1830 1640 οἷς

1037 1654 1129 1689 ἔλεγεν
1141 1656 1155 1681 ὁ
1169 1654 1296 1691 Ἀϐραὰμ
1308 1654 1377 1691 μετὰ
1388 1655 1436 1691 τὴν
1447 1655 1576 1691 τελευτήν
1587 1663 1593 1671 ⁸
1611 1655 1736 1690 Ἔχουσι
1744 1656 1829 1682 Mla!)-

1037 1702 1095 1729 σέα
1115 1701 1166 1729 καὶ
1184 1701 1256 1735 τοὺς
1279 1701 1452 1736 προφήτας-
1478 1701 1699 1730 ἀκουσάτωσαν
1719 1700 1827 1727 αὐτῶν.

1040 1748 1074 1774 "A
1085 1748 1178 1783 ἔλεγον
1192 1749 1245 1784 γὰρ
1259 1749 1284 1775 οἱ
1298 1749 1435 1785 προφῆται
1448 1748 1495 1776 καὶ
1503 1748 1634 1783 Μωῡσῆς,
1651 1749 1683 1775 ὲκ
1696 1747 1764 1774 Θεοῦ
1774 1747 1830 1774 Πα-

1036 1795 1101 1830 apo;
1112 1792 1156 1830 ἦν,
1168 1796 1215 1821 καὶ
1231 1794 1260 1829 ἐξ
1272 1795 1355 1822 αὐτοῦ
1368 1795 1416 1822 τοῦ
1431 1795 1533 1831 Κυρίου
1547 1794 1613 1821 Υἱοῦ
1626 1794 1674 1821 τοῦ
1686 1794 1766 1825 Θεοῦ,
1781 1792 1828 1820 καὶ

1036 1840 1083 1866 τοῦ
1100 1840 1178 1874 ἁγίου
1189 1839 1359 1876 Πνεύματος,
1376 1840 1394 1867 ἃ.
1410 1840 1464 1867 ἔδει
1480 1840 1663 1875 γεγραμμένα
1682 1839 1747 1866 ὅντα
1763 1839 1830 1874 πλη-
1851 1833 1859 1842 ’

1038 1885 1162 1922 ροῦσθαι.

1073 1975 1149 2011 Σχὸλ.
1168 1975 1198 2008 ξ’.
1220 1975 1417 2009 Συνελιῦηἲησε
1430 1975 1492 2008 τοῖς
1509 1974 1689 2009 στρατηγοῖς
1702 1975 1748 2008 τὸ,
1765 1973 1828 2007 πῶς

1037 2021 1131 2049 αὐτὸν
1141 2021 1263 2057 παραδῷ
1275 2022 1388 2054 αὐτοῖς.

1075 2069 1186 2104 Ἔλεγχ.
1201 2068 1233 2101 ξ’.
1248 2070 1280 2095 Ὢ
1291 2067 1490 2105 φρενοδλάὸεια
1503 2067 1550 2095 τοῦ
1563 2068 1740 2103 Μαρκίωνοςῐ
1761 2067 1827 2095 Συν-

1037 2116 1150 2151 ελάλησε
1159 2124 1166 2131 ·
1179 2115 1244 2151 τίςῆ
1257 2115 1387 2149 Ἰούδας⁷;
1398 2115 1425 2142 τι
1433 2114 1555 2150 ποιῆσαι,
1568 2114 1650 2150 ἀλλ’ἢ
1661 2114 1828 2150 παραδοῦναι

1037 2162 1084 2189 τὸν
1102 2162 1234 2198 Σωτῆρα;
1251 2162 1469 2197 Παραδιδομένου
1484 2161 1512 2187 δὲ
1529 2161 1575 2188 τοῦ
1588 2161 1724 2197 Σωτῆρος,
1737 2161 1827 2188 οὐκέτι

1038 2208 1147 2240 δόκησις
1170 2210 1183 2235 ὁ
1212 2207 1443 2244 παραδιδόμενος,
1474 2208 1542 2235 ἀλλὰ
1565 2207 1690 2244 ἀλήθεια.
1721 2208 1752 2234 Εἰ
1774 2208 1828 2243 γὰρ

1037 2255 1146 2290 πνεῦμα
1157 2252 1191 2284 ἦν
1201 2255 1290 2290 μόνον,
1301 2256 1442 2291 σαρκικοῖς
1448 2254 1603 2291 ἀνθρώποις
1614 2255 1644 2281 οὐ
1660 2254 1825 2290 παρεδίδοτο.

1043 2301 1123 2328 Ἀλλὰ
1135 2301 1201 2334 Θεὸς
1215 2301 1254 2328 ὢν
1263 2301 1314 2328 ὑπὸ
1332 2301 1403 2336 ἁφὴν
1417 2301 1523 2336 γέγονε,
1540 2301 1629 2337 σάρκα
1649 2301 1826 2336 ἐνδυσάμενος

1036 2349 1076 2379 εἰς
1097 2349 1191 2384 χεῖρας
1216 2347 1390 2383 ἀνθρωπίνης
1411 2347 1519 2382 φύσεως
1540 2347 1634 2374 ἑαυτὸν
1659 2346 1730 2374 ἑκὼν
1756 2355 1827 2383 παρ-

1035 2394 1132 2421 εδίδου.
1143 2393 1279 2421 Τὰναντία
1296 2394 1343 2421 καὶ¹
1359 2394 1466 2427 ἑαυτοῖς
1483 2394 1535 2421 ὑπὸ
1545 2394 1637 2426 ἀνοίας
1653 2394 1824 2429 φθέγγονται.

1035 2439 1090 2466 Καὶ
1106 2439 1160 2475 γὰρ
1177 2439 1224 2466 καί
1240 2447 1316 2472 ποτε,
1333 2438 1524 2475 διαλεγόμενός
1539 2448 1593 2466 τισι
1609 2439 1664 2466 τῶν
1680 2439 1762 2466 αὑτοῦ
1775 2448 1826 2475 μα-

1032 2484 1125 2521 θητῶν
1138 2485 1334 2521 Μαρκιωνιστῇ
1357 2494 1421 2517 τινι,
1443 2485 1490 2512 καὶ
1509 2485 1606 2520 λέγων,
1622 2485 1660 2517 ὡς
1674 2486 1704 2512 ὲν
1722 2485 1762 2521 τῷ
1778 2486 1828 2526 EG:

1037 2530 1156 2566 αγγελίῳ
1174 2531 1241 2566 ἔχει,
1260 2531 1304 2557 ὃτι
1328 2531 1484 2567 παρέλαϐεν
1502 2531 1583 2558 αὐτὸν
1603 2532 1644 2563 εις
1665 2531 1714 2567 τὴν
1726 2530 1834 2567 Emptos,

1036 2577 1067 2603 τὸ
1082 2565 1193 2612 πνεύμα
1201 2565 1396 2613 πειρασθῆναι
1418 2577 1471 2604 ὑπὸ
1493 2578 1540 2604 τοῦ
1560 2565 1699 2610 διαϐόλους
1724 2565 1833 2610 ἥκουσί

1037 2623 1101 2659 παρ’
1120 2623 1213 2656 αὐτοῦ,
1227 2624 1268 2650 ὅτι
1283 2623 1346 2656 Πῶς
1357 2624 1470 2651 ἐδύνατο
1481 2625 1603 2656 Σατανᾶς
1620 2625 1665 2651 τὸν
1678 2624 1742 2651 ὄντα
1750 2623 1831 2656 Θεὸν,ι

1037 2669 1085 2696 καὶ
1099 2668 1210 2705 μείζονα
1225 2670 1307 2697 αὑτοῦ
1321 2671 1490 2707 ὑπάρχοντα,
1506 2671 1555 2698 καὶ
1564 2671 1667 2706 Κύριον
1679 2670 1773 2704 αὑτοῦ,
1791 2661 1832 2703 ὡς’

235 2759 245 2776 ¹
259 2758 326 2796 Luc.
342 2767 403 2796 xm.
424 2760 469 2788 28.
507 2763 519 2778 ³
534 2761 600 2789 Luc.
618 2769 663 2796 xx,
675 2761 720 2794 '57,
735 2761 780 2790 38.
820 2762 829 2777 ³
845 2760 910 2788 Luc.
927 2767 986 2793 χχι,
1004 2759 1048 2787 19.
1085 2759 1096 2776 ⁸
1112 2760 1178 2788 ibid.
1193 2761 1225 2789 21
1253 2761 1298 2790 22.
1337 2763 1347 2779 '
1360 2761 1427 2790 Luc.
1454 2770 1509 2796 xvt,
1537 2761 1580 2789 29.
1619 2760 1630 2776 ⁶
1643 2759 1709 2789 Luc.
1726 2761 1825 2793 und.

196 2793 210 2812 '
222 2803 271 2831 τρ.
282 2795 313 2822 τὺ
327 2795 356 2822 τὶ
370 2796 491 2832 ποιῆσαι.
