1952 3045
231 123 281 151 Ὶίῖδ

930 117 958 144 S.
980 115 1146 143 EPlPIlANll

1795 110 1851 140 764

227 190 287 217 gem
304 180 428 216 princeps
450 187 504 207 non
529 180 652 215 abrogat,
679 178 887 206 constitutionis
907 184 968 212 quae
983 176 1008 202 in

1064 175 1166 210 βασιλεῖ
1173 176 1273 209 ἀπειρη
1278 174 1353 209 μένη.
1366 172 1570 201 Εὺκαοοσιώτου
1578 172 1607 199 δὲ
1615 172 1690 203 ὄντος
1697 179 1742 198 του
1750 171 1850 206 νόμου,

227 229 286 262 lege
303 229 344 254 est
365 227 469 260 integra
488 229 579 253 manet
596 226 714 256 sanctio,
732 232 783 251 nec
799 224 888 251 edicto
901 229 1011 250 revoca-

227 278 282 300 tur.
298 273 424 306 Quandiu
441 280 506 298 vero
525 271 592 307 legis
610 271 715 299 sanctio
734 273 900 306 perseverat,
915 272 1011 302 estque

226 320 304 345 lirma
324 318 484 346 constitutio
495 338 504 350 ,
529 319 551 345 si
573 317 638 353 quid
655 317 688 344 ad
702 325 762 344 eam
776 316 901 351 princeps
913 322 1010 342 cumu-

225 364 300 391 landi
315 364 379 391 doni
396 364 482 399 gratia
498 364 562 391 velit
577 364 705 398 adjicere,
732 363 766 390 ab
787 361 908 396 ejusdem
934 363 1011 395 pote-

226 414 298 438 state
311 410 479 437 accessionis
497 409 569 437 illius
593 409 747 444 benignitas
771 408 948 440 liilaritasque
969 406 1010 433 di-

222 459 327 482 manat.
343 455 397 482 Sed
409 463 470 482 cum
487 455 522 482 ab
538 461 592 481 uno
607 454 756 489 eodemque
779 453 846 488 legis
879 453 925 479 illa
945 451 1009 478 latio

223 502 404 536 acccssioque
422 500 607 528 beneficentiae
623 499 743 535 profecta
762 499 808 530 sit,
827 498 905 525 facile
920 497 1010 532 quivis

224 546 362 582 intelligit,
377 554 430 573 non
446 553 508 573 eum
524 545 663 572 adversari
678 545 741 579 legi,
760 544 807 578 qui
825 542 857 569 ad
878 550 937 570 eam
956 542 1008 569 ali-

224 591 292 626 quid
308 591 491 626 adjiciendum
511 591 623 626 putarit.
639 589 822 622 Quamobrem
838 588 1007 616 demonstra-

225 642 283 663 tum
297 637 378 672 3M
392 636 458 663 illud
480 642 541 668 est,
562 636 630 663 nihil
648 635 730 662 Vetus
745 634 958 665 Testamentum,
977 641 1010 660 ac

223 682 419 717 prophetarum
443 682 542 710 seriem
563 689 624 709 cum
646 680 791 715 Evangelio
817 687 945 715 pugnare.
967 679 1008 706 Tu

225 736 300 761 vero,
315 728 425 759 Marcio,
440 727 580 762 multiplex
592 730 687 754 contra
699 729 725 753 te
735 729 922 760 argumentum
936 728 1008 752 attu-

225 774 292 805 listi,
309 774 381 809 quod
405 777 435 800 ut
457 773 560 800 faceres
580 772 638 807 ipsa
664 776 690 799 tc
713 771 814 798 veritas
828 771 869 798 vel
893 770 1007 798 invitum

224 820 324 853 coegit.
341 818 425 845 Vetus
438 818 510 845 enim
524 817 628 844 Pascha
641 816 706 843 nihil
721 819 818 850 praeter
832 815 896 850 agni
910 819 1010 842 macta-

224 865 324 890 tionem
337 883 344 895 ,
359 869 489 896 esumque
504 861 643 892 carnium,
659 865 685 887 et
699 860 890 892 animatorum,
904 868 1007 888 necnon

224 916 383 944 azymorum
407 908 511 935 habuit.
531 906 601 940 Quid
628 911 654 933 te
679 907 762 941 igitur
786 906 904 940 impulit,
927 911 957 933 ut
975 914 1009 933 ne

226 954 316 981 locum
331 954 418 985 illum,
434 953 480 988 qui
494 952 526 979 ad
541 952 580 979 tui
595 952 785 979 refutationem
800 956 940 987 tantopere
952 960 1010 987 per-

225 1000 305 1032 tinet,
327 997 441 1024 audercs
459 997 581 1030 eradere,
602 997 655 1023 nisi
670 997 721 1029 vis,
740 997 779 1023 uti
799 997 930 1028 diximus.
950 998 1009 1033 ipsa

225 1043 367 1070 veritatis?
390 1043 475 1076 Quem
501 1042 573 1068 enim
601 1041 744 1069 detestaris
767 1042 890 1069 carnium
916 1050 1005 1076 usum,

225 1096 287 1116 cum
313 1087 444 1115 Dominus
469 1093 530 1114 cum
555 1086 697 1121 discipulis
721 1086 845 1114 adhibuit
864 1092 920 1114 tum
945 1096 1006 1116 cum

226 1134 331 1161 Pascha
345 1141 378 1161 ex
390 1133 456 1168 legis
470 1131 628 1167 praescripto
643 1132 797 1159 celebravit.
814 1132 869 1160 Nec
881 1137 922 1160 est
936 1134 1008 1168 quod

226 1180 302 1206 dicas
319 1179 479 1214 mysterium
497 1177 548 1204 hoc
561 1177 595 1204 ab
607 1177 664 1209 illo,
680 1177 752 1211 quod
767 1182 825 1205 erat
838 1184 1006 1213 peracturus,

226 1226 312 1253 fuisse
327 1225 507 1256 nominatum,
529 1231 591 1250 cum
613 1224 650 1250 ita
665 1223 767 1251 diceret
785 1233 791 1250 :
812 1224 876 1252 Volo
895 1227 1008 1253 mandu-

225 1278 286 1297 care
301 1269 406 1296 Pascha
422 1267 563 1295 uobiscum.
585 1266 652 1294 Nam
671 1272 699 1294 ut
722 1268 852 1303 pudorem
867 1270 915 1297 tibi
934 1272 1006 1298 omni

226 1325 260 1343 ex
274 1319 349 1351 parte
362 1315 462 1342 veritas
481 1313 573 1346 faciat,
591 1321 644 1340 non
660 1314 684 1341 ei
699 1315 829 1350 mysterio
847 1317 923 1350 prius
940 1324 1005 1352 ope-

227 1362 280 1388 rari
298 1360 391 1391 voluit,
407 1367 442 1387 ne
463 1359 600 1386 inliciandi
621 1360 792 1387 occasionem
809 1361 938 1394 haberes;
958 1364 1006 1392 sed

1063 220 1110 247 καὶ
1121 220 1171 255 τῆς
1181 219 1327 252 διατάξεως
1338 218 1567 254 ὁμολογουμένης,
1582 217 1641 243 εῐτι
1653 216 1783 252 προσθείη
1795 216 1847 250 βα-

1063 266 1154 297 σιλεὺς
1167 267 1200 300 τῇ
1217 265 1334 298 διατάξει
1352 264 1398 291 ἐπὶ
1415 263 1517 299 μείζονι
1530 263 1629 299 δωρεᾷ,
1645 263 1705 289 κατ’
1721 261 1847 295 ἐξουσίαν

1061 313 1078 347 ἡ
1093 311 1237 346 φαιδρότης
1249 311 1353 344 γίνεται
1365 309 1412 344 τῆς
1424 308 1591 344 προσθήκης.
1609 307 1683 338 Ἐνὺς
1696 307 1724 333 δὲ
1737 307 1782 333 καὶ
1796 305 1845 333 τοῦ

1060 356 1142 384 αὑτοῦ
1157 357 1206 391 τῆς
1221 355 1378 391 νομοθεσίας
1395 354 1488 390 οὔσης,
1501 353 1548 380 καὶ
1564 353 1613 388 τῆς
1635 353 1704 379 κατὰ
1723 351 1846 387 προσθή-

1061 412 1112 438 κην
1126 402 1241 437 δωρεᾶς,
1260 400 1339 427 παντί
1354 409 1392 435 τῳ
1407 399 1485 434 δῆλόν
1502 399 1560 431 ἐστι
1571 398 1619 425 καὶ
1631 397 1724 432 σαφὲς,
1740 397 1777 428 ὡς
1792 396 1848 424 οὒκ.

1060 448 1227 474 ἐναντιοῦται
1238 446 1277 481 τῷ
1293 446 1366 481 νόμῳ
1383 446 1397 471 ὁ
1411 445 1460 480 τήν
1477 443 1635 480 προσθήκην
1650 443 1842 478 ποιησάμενος.

1067 493 1264 521 ’Λποδέδεικται
1278 492 1366 518 τοίνυν
1379 491 1487 518 ἐναντία
1504 488 1571 517 οὖσά
1581 499 1623 521 τις
1634 490 1650 525 ἠ
1663 489 1768 517 Παλαιὰ
1780 490 1844 515 Δια-

1060 539 1129 574 Θήκη
1149 538 1196 565 τοῦ
1211 537 1387 572 Εὑαγγελίου,
1405 537 1466 562 οὐδὲ
1484 536 1533 571 τῆς
1547 535 1601 562 τῶν
1619 534 1764 570 προφητῶν
1778 535 1849 561 ἀκο-

1059 585 1176 616 λουθίας.
1188 584 1266 611 Κατὰ
1283 583 1381 611 σαυτοῦ
1396 584 1435 615 δὲ,
1451 579 1473 609 ὧ
1487 581 1628 617 Μαρκίων,
1642 581 1778 615 ἐπήγαγες
1793 588 1843 606 πο-

1059 632 1200 667 λυτρόπως
1212 631 1257 657 τὸν
1269 630 1388 665 ἔλεγχον,
1410 629 1508 664 μᾶλλον
1526 628 1551 654 Σὲ
1566 627 1604 653 ὑπ
1617 626 1700 661 αὐτῆς
1712 625 1761 660 τῆς
1776 625 1845 659 ἁλη-

1059 677 1132 708 θείας
1147 676 1376 710 ἀναγκαζόμενος.
1399 674 1495 708 Πάσχα
1517 672 1569 707 γὰρ
1585 671 1615 698 τὸ
1639 669 1751 696 παλαιὸν
1766 668 1842 696 οὐδὲν

1058 722 1102 759 ἦν,
1115 723 1172 750 ἀλλ’
1184 723 1200 758 ἢ
1215 721 1349 757 προϐάτου
1360 719 1444 755 θῦμα,
1458 719 1504 745 καὶ
1515 717 1603 753 κρεῶν
1615 715 1709 751 ἐδωδὴ,
1720 714 1842 749 ἐμψύχου

1059 778 1088 796 τε
1108 768 1257 804 μετάληψις
1279 767 1327 794 καὶ
1341 766 1461 801 ἀζύμων.
1478 765 1532 791 Καὶ
1549 764 1589 796 τίς
1606 771 1635 789 σε
1649 762 1787 797 ἠνάγκασε
1803 760 1842 795 μὴ

1059 815 1187 850 ἀφανίσαι
1208 814 1298 840 τέλεον
1313 813 1357 840 τὸν
1374 811 1444 839 κατὰ
1460 811 1506 838 σοῦ
1529 810 1637 844 ἔλεγχον
1647 828 1655 841 ,
1670 808 1687 843 ἢ
1703 808 1741 839 ὡς
1754 805 1842 838 εἷπον,

1062 862 1131 895 αὑτὴ
1148 861 1276 897 mem;
1296 861 1348 887 "Hv
1360 859 1414 894 γὰρ
1431 858 1462 884 σὺ
1487 856 1621 893 βδελύττει
1644 852 1842 889 σαρκοφαγίαν,

1061 909 1075 935 ὸ
1091 907 1191 942 Κύριος
1208 905 1311 942 Ἰησοῦς
1337 904 1406 941 μετὰ
1426 904 1479 930 τῶν
1494 901 1576 930 αὑτοῦ
1593 899 1721 936 μαθητῶν
1739 898 1844 933 βέϐρω-

1062 962 1119 985 κεν,
1131 952 1260 980 ἐπιτελῶν
1271 952 1301 978 τὸ
1310 952 1405 986 Πάσχα
1422 949 1452 976 τὺ
1463 948 1532 983 κατᾲ
1544 948 1634 983 νόμον.
1648 946 1704 973 Καὶ
1717 944 1754 980 μὴ
1763 944 1843 977 λέγε⁹

1063 1000 1103 1026 ὅτι
1117 999 1131 1026 ὃ
1145 999 1239 1034 ἔμελλε
1250 997 1397 1034 μυστήριον
1408 994 1549 1025 ἐπιτελεῖν,
1562 992 1641 1019 τοῦτο
1653 988 1842 1026 πρωνόμαζε,

1060 1046 1145 1080 λέγων
1156 1054 1162 1061 ·
1175 1045 1256 1072 Θέλω
1261 1043 1324 1078 μεθ’
1336 1043 1418 1077 ὑμῶν
1424 1040 1530 1077 φαγεῖν
1543 1039 1576 1066 τὸ
1589 1038 1704 1072 Πάσχα.
1723 1037 1780 1063 Ἵνα
1788 1035 1843 1070 γὰρ

1060 1092 1130 1119 κατὰ
1143 1091 1231 1121 πάντα
1247 1090 1345 1125 τρόπον
1361 1087 1528 1123 καταισχύνῃ
1545 1094 1574 1112 σε
1588 1086 1604 1120 ή
1618 1083 1741 1119 ἀλήθεια,
1755 1083 1805 1109 οὐκ
1813 1082 1843 1108 ὲν

1059 1141 1092 1174 τῇ
1110 1139 1179 1174 ἀρχῇ
1194 1138 1265 1164 ποιεῖ
1281 1137 1312 1164 τὸ
1328 1136 1486 1171 μυστήριον,
1502 1134 1546 1160 ἵνα
1568 1133 1604 1167 μὴ
1623 1131 1729 1167 ἀρνήσῃ
1741 1138 1748 1145 ·
1774 1129 1843 1156 ἀλλά

1061 1193 1126 1219 φησι
1136 1184 1212 1219 μετὰ
1226 1183 1259 1209 τὸ
1272 1181 1443 1216 δειπνῆσαι.
1458 1178 1558 1207 λαϐὼν
1570 1178 1632 1205 τάδε
1644 1177 1691 1203 καὶ
1702 1176 1775 1207 τάδε,
1793 1175 1842 1202 καὶ

1061 1227 1125 1256 εἶπε
1135 1237 1141 1244 ·
1159 1229 1248 1256 Τοῦτο
1262 1229 1327 1254 ἐστι
1342 1227 1405 1254 τάδε
1424 1226 1471 1252 καὶ
1483 1225 1545 1252 τάδε
1555 1224 1621 1259 (77)·
1641 1223 1688 1249 καὶ
1703 1222 1752 1248 οὐκ
1767 1220 1842 1247 εἴασε

1060 1275 1141 1301 τόπον
1157 1276 1188 1310 τῇ
1206 1273 1373 1310 ῥᾳδιουργίᾳ.
1400 1271 1504 1304 Ἐδειξε
1523 1271 1585 1306 γὰρ,
1608 1270 1647 1296 ὅτι
1665 1267 1733 1304 μετὰ
1750 1267 1781 1294 τὸ
1797 1267 1843 1301 βε-

1061 1320 1194 1355 ϐρωκέναι
1211 1320 1242 1345 τὸ
1256 1320 1362 1354 Πάσχα,
1374 1317 1404 1344 τὸ
1423 1317 1493 1344 κατὰ
1511 1317 1574 1347 τοὺς
1602 1314 1752 1345 Ἰουδαίους,
1765 1321 1843 1339 τουτ-

1059 1366 1115 1392 έστι
1128 1365 1195 1400 μετὰ
1210 1365 1240 1391 τὸ
1259 1364 1400 1400 δειπνῆσαι
1413 1363 1479 1398 (78),
1496 1359 1563 1399 ἦκεν
1576 1361 1621 1388 ἐπὶ
1636 1360 1665 1387 τὸ
1686 1359 1841 1395 μυστήριον.

224 1414 285 1433 cum
299 1409 436 1437 cwnassel,
460 1405 558 1438 inquit,
573 1405 701 1438 accipiens
720 1405 777 1432 haec
795 1411 822 1433 et
841 1406 897 1439 illa,
911 1407 979 1435 dixit
993 1416 1003 1436 :
1026 1410 1083 1437 [loc
1095 1416 1133 1438 est
1146 1411 1202 1437 lucc
1215 1414 1242 1437 et
1254 1410 1316 1442 illa;
1330 1409 1434 1436 nullum
1446 1413 1474 1435 ut
1503 1405 1646 1434 cavillandi
1675 1403 1844 1431 calumnian-

226 1453 306 1488 dique
323 1453 411 1480 locum
427 1452 601 1485 relinqueret.
620 1451 744 1480 Ostendit
757 1453 829 1480 enim
849 1454 938 1489 ipsum
957 1461 1132 1494 posteaquam
1147 1457 1291 1486 Judaicum
1320 1457 1424 1484 Pascha
1434 1456 1561 1489 comedit,
1592 1453 1644 1482 hoc
1674 1456 1716 1480 est
1745 1457 1843 1478 secun-

226 1501 290 1527 dum
299 1507 415 1531 ccenam,
428 1498 461 1526 ad
472 1498 661 1525 celebrandum
674 1501 823 1528 accessisse
835 1502 1006 1537 mysterium.

262 1546 354 1573 Schol.
368 1545 412 1572 ϐξ.
429 1545 463 1571 Et
479 1546 606 1577 recubuit,
627 1550 651 1572 et
668 1546 803 1573 duodecim
821 1549 934 1581 apostoli
949 1557 1008 1576 cum

1095 1548 1173 1584 Σχόλ.
1185 1547 1232 1583 ξβ¹.
1247 1546 1300 1574 Kal
1312 1546 1450 1576 ἀνέπεσε.
1459 1544 1507 1572 καί
1520 1545 1547 1571 οι
1556 1543 1669 1570 δώδεκα
1679 1542 1843 1568 ἀπόστολοι

227 1592 290 1623 illo;
306 1596 329 1618 ει
344 1590 431 1618 dixit:
450 1589 585 1618 Desiderio
600 1590 744 1619 desideravi
754 1592 801 1619 hoc
816 1592 918 1622 Pascha
930 1603 1006 1622 man-

228 1639 323 1664 ducare
339 1639 481 1668 vobiscum,
500 1642 639 1672 antequam
653 1639 742 1672 patiar
757 1639 776 1665 ¹.

262 1683 350 1710 Refut.
367 1683 411 1710 62.
430 1682 565 1710 Recubuit
579 1682 718 1716 Salvator,
731 1692 747 1711 ο
756 1684 872 1713 Marcio!
887 1694 949 1714 cum
961 1695 1009 1716 eoa

227 1736 279 1763 que
296 1727 421 1762 discipuli
440 1727 592 1754 duodecim.
610 1727 637 1753 Si
650 1731 705 1754 tam
717 1728 761 1756 ille
775 1730 909 1763 recubuit,
927 1739 1008 1766 quam

227 1782 282 1802 una
293 1774 337 1801 isti
351 1773 546 1808 recubuerunt,
561 1780 616 1800 non
629 1777 719 1808 potest
730 1775 817 1802 cidem
828 1777 887 1804 voci
901 1777 1009 1806 diversa

263 1842 349 1882 'Luc.
364 1862 431 1886 xm,
445 1854 487 1882 l5.

228 1923 296 1950 ἀλλὰ
312 1922 460 1958 διήμαρτον
477 1922 524 1949 τοῦ
545 1922 657 1949 σκοποῦ.
674 1922 711 1950 lta
724 1923 753 1951 in
768 1924 869 1952 Graecis
885 1925 1007 1952 nondum

228 1958 318 1988 editis,
335 1957 475 1992 quaa'sunt
494 1965 576 1992 penes
591 1957 623 1984 Π.
639 1958 668 1984 Ρ.
685 1958 849 1987 Frontonem
871 1960 1007 1987 Duc-«eum.

230 1993 295 2019 Nam
311 1992 424 2030 Latinus
438 1994 572 2030 inteipres
586 1993 641 2020 haec
653 1994 753 2030 omisit.
768 1994 838 2030 Ergo
849 1995 1011 2026 καθοσίωσις

228 2031 271 2055 est
285 2028 421 2062 majestas,
444 2028 486 2055 vel
508 2028 604 2055 crimen
625 2029 783 2062 majestatis,
805 2028 838 2057 ex
858 2030 1010 2058 eo-scilicet

229 2062 302 2100 quod
326 2063 425 2090 milites
438 2063 556 2100 _aliique
581 2068 766 2100 sacramento
783 2072 812 2092 se
828 2065 945 2100 principi
964 2065 1010 2091 0b-

229 2098 366 2132 stringant
382 2105 414 2124 ac
430 2097 589 2133 devoveant.
619 2098 647 2133 [ιι
667 2106 721 2133 quo
735 2099 804 2126 alius
823 2097 1012 2127 Suidaa'error

229 2128 365 2165 occurrit;
389 2132 438 2170 qui
458 2133 527 2167 apud
544 2128 727 2170 llerodian'um
745 2134 956 2170 καθοσιούμενος
971 2135 1013 2170 in-

230 2172 395 2201 terpretatur
412 2167 598 2202 πληροφορῶν.
618 2167 764 2195 lierodiani
779 2170 860 2196 verba
876 2167 943 2197 sunt
958 2179 964 2195 :
983 2169 1012 2196 '0

230 2202 258 2238 δὲ
273 2203 462 2238 ᾀγανακτὴσας
477 2203 523 2238 ἐπὶ
535 2204 568 2237 τῇ
584 2203 633 2238 τῆς
647 2203 734 2238 ἀρχῆς
752 2204 912 2238 παραλύσει,
929 2204 968 2238 τῷ
983 2213 1012 2230 τε

1060 1595 1120 1622 σὺν
1138 1593 1228 1627 αὐτῷ,
1240 1593 1288 1620 καὶ
1300 1590 1396 1619 εἶπεν·
1415 1590 1566 1624 Ἐπιθυμίᾳ
1575 1588 1747 1622 ἐπεθύμησα
1755 1587 1843 1614 τοῦτο

1061 1641 1093 1667 τὸ
1104 1639 1212 1674 Πάσχα
1222 1637 1327 1673 φαγεῖν
1335 1638 1399 1672 μεθ’
1415 1635 1497 1671 ὑμῶν
1509 1635 1565 1669 πρὸ
1580 1634 1632 1661 τοῦ
1641 1642 1680 1668 με
1691 1632 1804 1661 παθεῖν.

1104 1685 1207 1720 Ἐλεγχ.
1229 1684 1278 1719 ξβ¹.
1300 1683 1442 1709 ’Δνέπεσεν
1454 1682 1468 1707 ὁ
1479 1681 1584 1716 Σωτὴρ,
1598 1677 1621 1706 ὦ
1635 1679 1778 1714 Μαρκίων,
1795 1679 1847 1704 καὶ

1061 1732 1085 1757 οἱ
1099 1730 1202 1757 δώδεκα
1210 1728 1350 1756 ἀπόστολοι
1361 1726 1518 1763 μετάὺτοῦ.
1533 1726 1564 1752 El
1577 1725 1703 1756 ἀνέπεσε,
1717 1724 1764 1751 καὶ
1779 1732 1842 1750 συν-

1061 1777 1202 1809 ανέπεσον,
1219 1775 1250 1802 οὐ
1272 1774 1380 1802 δύναται
1401 1772 1450 1808 μία
1466 1772 1538 1804 λέξις
1550 1771 1598 1807 τὴν
1614 1770 1756 1806 σημασίαν,
1770 1769 1843 1806 ἔχειν

1059 1932 1124 1952 των,
1137 1922 1204 1949 Nam
1217 1920 1417 1952 ἀκαθοσιώτους
1430 1919 1547 1955 appellat
1565 1918 1801 1955 majestatisgreos,
1815 1923 1842 1947 et

1061 1958 1233 1993 imperatoris
1251 1956 1381 1993 obsequio
1397 1953 1509 1993 minime
1524 1953 1645 1993 devotos.
1659 1953 1699 1993 Et
1721 1953 1749 1993 iri
1772 1956 1842 1993 a_ctis

1063 1988 1236 2021 coiiciliabuli
1254 1988 1391 2026 Ephesini,
1405 1991 1433 2017 in
1445 1989 1590 2026 lielatione
1601 1989 1641 2026 ad
1659 1988 1841 2026 Theodosium

1063 2029 1129 2062 imp.
1151 2028 1184 2055 de
1208 2024 1534 2062 CyrilloﬂAlexapdrino:
1553 2024 1732 2062 Πρῶτον-μὲν
1753 2025 1793 2056 είς
1802 2025 1842 2062 ⁵τρ

1063 2058 1178 2098 γαληνὸν
1188 2058 1240 2098 καῖ
1249 2061 1358 2098 εὐσεϐὲς
1372 2060 1449 2096 ὴμῶν
1461 2058 1637 2098 παρηνρμησε
1651 2058 1788 2098 θέσπισμα

1065 2093 1172 2125 πάντων
1191 2097 1221 2123 τὸ
1236 2093 1416 2123 ἀκαθοσίωτὸν
1443 2093 1534 2122 αὐτοῦ’
1547 2093 1661 2125 δεικνύς.
1689 2093 1766 2121 Tanti
1791 2094 1843 2122 fuit

1065 2141 1156 2160 raram
1175 2132 1248 2159 illam
1265 2131 1389 2159 vocabuli
1403 2130 1485 2164 hujus
1498 2129 1794 2164 notionemrextricare,
1812 2134 1842 2156 ut

1064 2169 1092 2195 in
1107 2175 1139 2194 eo
1155 2167 1278 2202 pluribus
1294 2163 1491 2202 immorandum
1512 2165 1602 2202 fuerit:
1619 2163 1686 2202 Nam
1707 2165 1841 2190 καθοσίω-

1066 2211 1107 2229 σιν
1123 2199 1169 2229 ἱιιὸ
1184 2210 1265 2230 sensu
1279 2201 1380 2230 nullus.
1397 2201 1471 2235 quod
1484 2200 1578 2231 sciam,
1592 2199 1709 2226 Lexicou
1721 2203 1749 2226 et
1762 2207 1842 2227 voca-

231 2235 374 2280 Άίαξξμίνῳ
389 2235 751 2280 καθοσιρύμνπ1,’ἀθροίσας
766 2235 880 2280 στρατὸν
894 2235 961 2280 ἦγεν
969 2240 1008 2265 ὲπῚ

1065 2238 1231 2280 Missos"?
1247 2235 1577 2280 2°"0i293‘0r.‘i¥995}'li-

230 2271 279 2306 τὴν
296 2271 538 2308 Καρχηδόνα.-ριιο
552 2272 579 2299 in
595 2273 653 2299 loco
661 2271 874 2308 ’καθοσιούμενος
884 2271 924 2300 est
935 2274 1011 2300 devo-

232 2312 284 2343 tus,
305 2306 454 2343 obstrictus.
469 2306 602 2334 Praeterea
619 2306 832 2340 καθοσίωσις,ἰιῑ
844 2309 940 2343 opinor
953 2329 959 2341 ,
983 2310 1010 2336 in

232 2342 475 2378 legibusidemrest
490 2350 522 2378 ac
535 2343 654 2378 sanclio,
671 2344 722 2370 hoc
742 2348 783 2370 est
803 2342 889 2378 paena
909 2344 1012 2371 consli-

236 2377 316 2403 tutio.
329 2375 499 2413 Justinianrus
514 2377 560 2403 lib.
578 2385 595 2404 ιι
613 2377 705 2404 Instit.
721 2385 781 2413 cap.
799 2375 810 2404 ἱ
824 2389 830 2406 :
846 2379 909 2406 Ideo
924 2384 1010 2406 autem

231 2419 319 2447 muros
333 2417 436 2438 sanctos
451 2412 574 2443 dicimus,
590 2413 651 2446 quia
669 2421 743 2446 pwna
757 2412 853 2447 eapilis
868 2414 1010 2441 constituta

232 2447 265 2482 sit
284 2446 309 2472 in
322 2455 365 2473 eos
382 2448 425 2481 qui
440 2447 540 2481 aliquid
566 2448 593 2473 in
615 2455 703 2474 muros
719 2448 885 2482 deliquerint.
906 2449 968 2476 ideo
983 2453 1010 2476 et

233 2481 320 2515 legum
335 2488 381 2508 eas
399 2486 498 2515 partes,
513 2482 605 2516 quibus
619 2490 707 2516 poenas
721 2481 902 2511 consumimus
918 2483 1007 2510 adver-

230 2523 277 2555 sus
288 2523 332 2555 eos
351 2517 397 2555 qui
408 2520 500 2555 contra
509 2517 575 2551 leges
587 2517 706 2555 feceririt,
718 2519 865 2555 sanctiones
875 2526 1007 2546 vocamus.

232 2550 272 2576 Ex
294 2550 327 2577 iis
351 2550 517 2588 Epiphanius
534 2550 632 2588 noster
654 2552 785 2580 illustrari
810 2557 914 2588 potest;
938 2553 1008 2588 apud

233 2592 312 2622 quem
330 2592 378 2622 pro
392 2586 446 2622 οὐκ
460 2586 605 2613 ἀθοσιώτου
623 2588 794 2622 suspicamur
808 2586 1010 2622 legendum—ef)-

233 2619 408 2660 καθοσιώτου.
427 2619 483 2660 Erit
500 2626 589 2648 autem
604 2619 799 2654 εὐκαθοσίωτος
818 2619 909 2658 vim,
932 2623 1010 2657 cujus

234 2658 337 2692 integra
360 2658 465 2692 sanctio
491 2660 591 2686 manet.
617 2665 731 2692 quaeque
758 2665 836 2692 pinna
861 2660 1009 2685 etiamnum

234 2690 364 2727 sancilur.
378 2689 434 2717 Nisi
446 2689 514 2727 forte
523 2689 661 2727 aptiususit
670 2689 719 2718 οὖκ
732 2689 924 2724 ἀκαθοσίωτον,
937 2692 1009 2727 quod

232 2724 355 2751 eulndem
372 2733 481 2752 sensum
500 2726 589 2752 habet.
607 2725 725 2754 Tametsi
738 2727 920 2759 ἁκαθοσίωτος
931 2724 1009 2754 aliter

234 2763 380 2796 usurpatur
405 2760 441 2796 ab
472 2761 565 2788 eodem
596 2760 745 2796 Epiphanio
773 2763 800 2789 in
827 2762 1005 2789 Catharorum

233 2793 297 2833 lmr.
312 2802 366 2833 pix,
383 2803 410 2833 ης
426 2795 452 2827 5,
467 2796 515 2833 ubi
531 2793 654 2833 distririgi
673 2797 790 2831 gladium
809 2804 824 2823 a
842 2797 1006 2833 magistrati-

231 2827 283 2857 bus
297 2830 333 2857 ait
347 2830 415 2859 κατὰ
428 2831 540 2867 γοήτων,
555 2832 600 2858 καὶ
611 2827 786 2866 βλασῖρημων,
800 2832 840 2861 xat‘
872 2827 1006 2860 καθοσιώ-

1100 2272 1154 2308 (77)
1168 2272 1221 2299 Καὶ
1233 2270 1308 2298 εἶπε
1325 2271 1415 2308 Tui/id
1425 2268 1570 2308 égrirdde
1584 2269 1633 2308 grai
1646 2268 1847 2308 rd69.__Eademz

1063 2304 1190 2335 cautione
1205 2306 1367 2334 sacramenti
1383 2305 1562 2332 Eucharistici
1581 2304 1695 2331 formam
1711 2304 1840 2331 dissimus

1064 2343 1112 2374 lat,
1127 2350 1180 2377 qua
1204 2347 1233 2369 et
1255 2341 1336 2376 hujus
1354 2346 1381 2377 e_t
1402 2345 1562 2377 casterorum
1583 2340 1694 2377 vulgare
1712 2340 1842 2377 _pl_erique

1063 2373 1174 2404 Patruini
1187 2377 1266 2404 veriti
1283 2373 1356 2404 sunt.
1369 2374 1542 2403 Innocentius
1553 2373 1661 2409 epist.’l
1676 2374 1717 2400 Ad
1732 2373 1840 2402 Decem.

1061 2413 1095 2440 de
1108 2412 1317 2440 Confirmatione
1330 2411 1473 2445 disputans
1490 2420 1496 2437 :
1518 2408 1600 2437 Verba
1618 2417 1676 2436 vero
1689 2408 1776 2445 dicere
1789 2417 1842 2445 uau

1061 2455 1177 2481 possunt,
1191 2455 1223 2474 ne
1233 2447 1316 2481 magis
1328 2443 1436 2480 prodere
1451 2445 1551 2478 uidear,
1566 2453 1644 2480 quam
1659 2443 1693 2470 ad
1707 2444 1842 2471 consulta—

1061 2483 1157 2509 tionth
1172 2483 1335 2515 respondere.

1095 2518 1150 2552 (78)
1168 2513 1305 2543 Τοὺτέστι
1321 2515 1395 2551 μετὰ
1410 2515 1443 2542 τὸ
1459 2513 1627 2552 damur-ﬁdat.
1646 2513 1713 2552 lfiam
1732 2514 1839 2541 δείπνου

1059 2549 1215 2587 γενομένου,
1228 2553 1278 2579 hoc
1289 2549 1330 2579 est
1342 2555 1451 2586 peracta
1465 2558 1553 2587 caena,
1563 2553 1592 2587 ut
1603 2550 1639 2576 ait
1648 2549 1727 2577 Joan.
1736 2557 1764 2587 ε.
1779 2558 1839 2580 xui,

1063 2584 1139 2614 novae
1151 2587 1217 2621 legis
1226 2584 1384 2622 mysterium
1394 2590 1445 2622 est,
1457 2593 1511 2612 non
1526 2585 1553 2610 in
1565 2585 1623 2622 ipsa
1635 2592 1723 2612 cmna.
1736 2584 1774 2611 Ex
1786 2592 1840 2622 quo

1063 2622 1128 2649 illud
1149 2620 1268 2656 apparet,
1287 2622 1387 2649 frustra
1404 2621 1455 2656 hoc
1468 2628 1501 2648 ex
1511 2621 1604 2656 capite
1620 2627 1706 2656 ctenae
1722 2620 1843 2654 appellk

1064 2658 1136 2684 tione
1149 2655 1348 2684 sacramentum
1361 2656 1425 2682 illud
1440 2655 1573 2682 Dominici
1589 2655 1712 2689 corporis
1726 2659 1752 2681 et
1775 2661 1840 2681 san-

1063 2692 1152 2726 guinis
1164 2694 1279 2719 censeri.
1294 2691 1361 2718 Nam
1375 2690 1525 2726 Mattheus,
1534 2693 1561 2717 et
1575 2688 1683 2717 Marcus
1697 2689 1844 2726 ἐσθιόντων.

1061 2724 1150 2753 ἆὺτῶν
1165 2726 1301 2758 dixerunt,
1313 2726 1439 2761 prasenti
1449 2725 1490 2753 usi
1506 2733 1555 2761 pro
1569 2725 1715 2761 praeterito.
1731 2724 1794 2756 nisi,
1810 2727 1840 2761 ut

1061 2732 1150 2753 αὑτων
1165 2732 1301 2758 dixerunt,
1313 2732 1439 2761 prasenti
1449 2733 1490 2753 us:
1506 2733 1555 2760 pro
1589 2732 1715 2754 ramento.
1731 2732 1794 2756 IIISI',
1810 2732 1840 2749 ιιι

1060 2762 1124 2788 olim
1140 2761 1261 2826 gcaliger
1275 2763 1422 2789 arbitratus
1437 2765 1489 2795 est,
1505 2732 1648 2789 boibiimuv
1670 2761 1789 2788 aoristus
1804 2758 1841 2787 sit

1060 2804 1141 2825 secun
1164 2805 1204 2826 ns.

1058 2804 1204 2826 secundus.
