1952 3045
159 114 214 143 735

493 114 679 144 ADVERSUS
694 115 867 144 HIERESES
886 116 941 144 LIB

1005 117 1088 146 TOM.
1103 116 1185 145 lll.—
1194 115 1332 145 H/ERES.
1353 117 1434 145 XLII.

1730 117 1788 148 755

157 173 254 209 ἑτέραν
269 172 316 199 καὶ
332 173 439 208 ἑτέραν,
463 173 514 200 κᾶν
530 182 560 200 τε
573 175 606 209 τῇ
631 174 694 210 ἀξία
711 175 758 201 καὶ
781 174 874 211 τρόπῳ
889 176 944 211 ἔχοι

1001 177 1073 203 ηοιίο
1090 183 1122 203 ac
1140 179 1262 210 potestas
1279 174 1380 211 aﬁingi,
1396 174 1506 202 tametsi
1522 173 1594 209 quod
1616 173 1650 201 ad
1667 174 1787 210 dignita-

155 219 206 254 τὴν
218 219 357 254 διαφοράν.
375 220 410 246 Ἦ
423 219 477 255 γὰρ
488 219 584 252 δώσεις
594 220 642 247 καὶ
654 221 716 253 τοὺς
727 221 829 248 δώδεκα
837 222 944 258 δοκήσει

156 265 392 297 ἀναπεπτωκέναι,
413 265 429 301 ἦ
451 266 498 292 καὶ
513 266 594 293 αὑτὸν
611 267 727 302 ἀληθείᾳ
741 268 830 303 σάρκα
850 268 945 304 ἔχοντα

156 310 291 345 ἀληθινῶς
300 311 537 340 ἀναπεπτωκέναι.
550 313 603 340 Kal
617 313 758 347 ἐπιθυμίᾳ
771 314 946 348 ἐπεθύμησα

155 357 245 384 τοῦτο
264 357 297 384 τὸ
318 357 426 392 Πάσχα
450 358 557 393 φαγεῖν
571 359 636 393 μεθ’
653 359 737 394 ὑμῶν
759 360 816 394 πρὸ
840 360 895 388 τοῦ
906 369 945 395 με

157 402 273 433 παθεῖν,
294 403 337 430 ἵνα
354 403 428 440 δείξῃ
441 405 537 440 Πάσχα
552 404 607 440 (79)
625 405 678 441 πρὸ
691 404 738 432 τοῦ
750 405 850 438 πάθους
862 407 944 433 αὐτοῦ

156 449 186 476 ἐν
205 449 242 484 τῷ
254 450 328 485 νόμῳ
341 451 574 486 προτυπούμενον,
590 451 636 478 καὶ
648 451 788 487 γινόμενον
798 452 827 478 τὸ
837 452 945 487 βέϐαιον

156 494 238 522 αὑτοῦ
249 495 295 522 τοῦ
307 496 418 527 πάθους,
434 496 481 522 καὶ
495 497 682 532 ὲντελὲστερον
697 496 942 532 προσκαλούμενον·

155 542 203 568 καὶ
223 542 415 574 ὑποδεικνύων,
441 542 478 574 ὡς
499 543 545 570 καὶ
566 543 580 569 ὀ
602 543 678 577 ἆγιος
692 543 839 576 ἁπόπολός
859 553 943 581 φησι⁸

156 588 334 622 Παιδαγωγὺς
350 590 415 624 ἡμῖν
432 589 561 624 γέγονεν¹
580 591 594 616 ὁ
617 590 699 625 νόμος
714 591 754 621 είς
766 591 895 626 Χριστόν.
912 591 943 617 Et

155 633 185 660 δὲ
203 634 374 668 παιδαγωγὸς
396 636 410 662 ὁ
429 635 510 671 νόμος
531 636 570 668 είς
588 636 717 671 Χριστὸν,
738 636 789 663 οὐκ
807 636 945 672 ἀλλότριος

155 678 274 714 Χριστοῦ
288 680 302 705 ὁ
318 680 408 715 νόμος.

193 808 271 843 Σχόλ.
287 807 336 842 Εγ’.
350 809 492 844 Παρέκοψε
501 809 531 836 τό
541 819 547 826 ·
565 811 646 845 Λέγω
655 819 725 846 υμιν
734 823 740 829 -
760 813 802 838 Οὐ
807 812 850 846 μὴ
861 812 944 847 φάγω

996 227 1049 250 tem
1065 229 1098 249 ac
1115 221 1227 249 modum
1243 222 1344 249 attinet
1358 221 1484 248 nonnihil
1499 220 1616 248 intersit.
1635 220 1688 248 Aut
1704 221 1788 256 igitur

995 268 1134 296 fatendum
1149 267 1199 294 tibi
1212 271 1264 299 est,
1279 266 1423 295 duodecim
1436 274 1545 302 quoque
1557 266 1709 301 discipulos
1722 275 1783 302 spe-

995 314 1037 341 cie
1054 319 1133 341 tenus
1148 312 1322 344 accubuisse,
1347 316 1395 339 aut
1418 312 1509 348 ipsum
1530 313 1576 347 qui
1590 320 1655 339 vere
1674 321 1785 340 carnem

996 360 1131 391 induerat,
1147 366 1211 387 vere
1225 359 1344 394 idipsum
1361 359 1460 394 egisse.
1475 358 1527 392 Qui
1543 359 1583 387 sic
1601 359 1662 387 ideo
1676 359 1786 386 locutus

994 409 1036 432 est
1052 415 1059 432 :
1076 404 1215 431 Desiderio
1241 403 1390 430 desideravi
1418 403 1467 430 hoc
1494 403 1599 430 Pascha
1625 404 1787 430 manducare

995 451 1126 478 vobiscum
1148 454 1287 485 antequam
1302 449 1402 483 patiar,
1429 452 1460 476 ut
1479 452 1507 476 et
1523 449 1628 476 Pascha
1642 449 1707 476 illud
1722 453 1787 476 ante

995 497 1149 532 passionem
1181 503 1259 523 suam
1297 497 1412 531 ﬁgurate
1447 496 1475 523 in
1514 496 1573 530 lege
1604 496 1786 523 constitutum

995 543 1168 575 ostenderet;
1179 546 1206 569 et
1217 542 1332 569 alterum
1348 542 1517 570 successisse
1526 545 1701 574 monstraret,
1713 541 1787 577 quod

994 592 1022 616 et
1046 588 1081 615 ad
1104 587 1279 615 astruendam
1304 587 1464 615 Passionem
1489 594 1568 615 suam
1593 591 1740 622 spectaret,
1759 591 1787 614 et

994 634 1143 669 perfectius
1157 634 1352 669 appellaretur.
1366 633 1453 660 Simul
1471 633 1538 660 illud
1555 633 1697 661 indicans:
1712 633 1787 668 quod

995 679 1136 714 apostolus
1150 678 1252 706 Paulus
1272 678 1376 709 docuit.
1393 679 1479 714 legem
1495 678 1633 714 paedagogi
1652 678 1732 706 nobis
1743 678 1787 705 in-

995 729 1052 752 star
1069 725 1096 752 in
1110 724 1221 752 Christo
1236 724 1322 753 fuisse
1335 725 1357 751 ³.
1373 724 1452 757 Quod
1472 725 1494 752 si
1512 725 1676 760 paedagogus
1692 729 1788 752 noster

994 770 1038 797 lex
1056 771 1082 797 in
1098 770 1210 798 Christo
1230 770 1292 802 fuit,
1311 777 1325 796 a
1342 770 1454 798 Christo
1471 770 1584 798 minime
1598 770 1651 797 erit
1669 770 1769 798 aliena.

1031 816 1122 843 Schol.
1146 816 1190 843 63.
1207 815 1343 843 Przeterea
1367 816 1425 843 haec
1442 816 1476 843 ab
1496 816 1545 843 illo
1569 815 1692 843 detracta
1711 819 1786 844 sunt.

155 854 228 881 αὐτὸ
235 853 354 889 ἁπάρτι,
363 855 417 888 ἕως
432 854 470 883 ἂν
481 856 623 891 πληρωθῇ
636 858 670 884 ὲν
683 857 720 892 τῇ
732 858 877 893 ,βασιλείᾳ
890 859 943 885 τοῦ

1001 861 1060 889 Dico
1073 863 1141 889 enim
1156 862 1227 889 vobis
1238 869 1248 888 :
1257 862 1319 889 Non
1334 862 1409 889 edam
1422 862 1490 889 illud
1506 861 1631 895 amplius,
1646 862 1727 890 donec
1737 862 1789 889 im—

156 901 239 927 Θεοῦ.

192 946 303 981 Ἐλεγχ.
321 947 369 981 ξγ’.
388 948 473 975 Τοῦτο
487 949 617 985 περιεῖλε,
631 949 678 976 καὶ
701 950 941 988 ἐρῤᾳδιοὺργησεν,

155 992 200 1020 ἵνα
212 992 292 1028 δῆθεν
310 993 347 1029 μὴ
362 995 461 1030 ποιήσῃ
478 996 507 1022 ἐν
520 997 553 1031 τῇ
571 995 692 1032 βασιλείᾳ
707 997 753 1023 τοῦ
768 997 834 1024 Θεοῦ
851 997 942 1033 βρωτὰ

154 1038 172 1074 ἢ
192 1039 275 1065 ποτά·
288 1039 338 1066 οὐκ
355 1040 434 1072 εἰδὼς
452 1042 466 1067 ό
483 1041 631 1077 κτηνώδης,
650 1042 690 1068 ὅτι
705 1043 878 1079 ἀντιμίμημα
890 1043 943 1069 τῶν

155 1085 284 1119 ἐπιγείων
298 1085 409 1113 δύναται
432 1084 503 1113 εἶναι
525 1087 698 1122 πνευματικὰ
719 1088 766 1114 καὶ
784 1088 942 1123 ἐπουράνια,

156 1131 416 1167 μεταλαμϐανόμενα
438 1132 476 1165 ὡς
492 1134 572 1168 ἡμεῖς
586 1133 636 1160 οὐκ
652 1133 773 1169 οἴδαμεν.
802 1135 945 1169 Μαρτυρεῖ

159 1177 209 1212 γὰρ
222 1177 301 1204 πάλιν
320 1179 334 1204 ὁ
351 1178 455 1214 Σωτὴρ,
480 1179 526 1206 καὶ
549 1179 633 1214 λέγει,
653 1180 694 1206 ὅτι
710 1180 876 1208 Καθίσεσοε
895 1180 944 1206 ἐπὶ

154 1220 211 1255 τῆς
225 1221 368 1256 τραπέζης
383 1232 453 1257 μου,
470 1223 624 1257 ἐσθίοντες
640 1225 689 1251 καὶ
706 1225 845 1257 πίνοντες
860 1225 894 1250 ἐν
908 1223 945 1258 τῇ

154 1267 298 1301 βασιλείᾳ
309 1268 368 1295 τῶν
384 1268 530 1303 οὐρανῶν.
547 1270 582 1296 Ἢ
600 1270 737 1306 παρέκοψε
752 1270 832 1297 πάλιν
848 1269 944 1303 ταῦτα,

157 1313 201 1340 ἵνα
215 1314 295 1349 δῆθεν
310 1315 411 1351 ποιήσῃ
422 1315 456 1342 τὰ
475 1317 503 1342 ἐν
519 1316 557 1352 τῷ
569 1317 643 1353 νόμῳ
660 1317 697 1353 μὴ
710 1317 806 1352 ἔχοντα
818 1318 900 1344 τόπον
916 1319 945 1343 ἐν

154 1360 189 1394 τῇ
204 1359 327 1396 βασιλείᾳ
340 1360 393 1387 τῶν
404 1361 535 1396 οὐρανῶν.
546 1361 631 1389 Πόθεν
645 1360 691 1389 οὖν
705 1363 798 1394 Ἠλίας
811 1363 858 1389 καὶ
867 1363 946 1389 bimi":-

157 1406 206 1441 σῆς
219 1405 349 1441 ὤφθησαν
366 1407 425 1442 μετ’
445 1406 527 1433 αὑτοῦ
545 1408 574 1434 ὲν
590 1407 628 1442 τῷ
644 1407 702 1444 ὄρει
718 1409 747 1435 ἐν
769 1408 830 1444 δόξῃ
844 1416 851 1441 ;
876 1407 945 1434 Ἀλλ’

155 1452 233 1479 οὐδὲν
251 1453 395 1489 δυνήσεταί
409 1462 452 1485 τις
464 1453 532 1490 πρὸς
546 1454 596 1489 τὴν
612 1455 750 1491 ἀλήθειαν.

991 908 1096 943 pleatur
1111 909 1138 934 in
1151 916 1231 943 regno
1244 908 1293 935 Dei
1303 912 1324 935 '.

1027 953 1107 989 345
1127 953 1219 981 [ιι-[ιιι.
1241 953 1286 981 65.
1313 953 1381 980 Mala
1407 953 1459 982 ista
1486 953 1539 981 ﬁde
1566 953 1715 985 subtraxit,
1748 960 1785 980 ne

992 999 1097 1026 scilicet
1118 999 1204 1026 ullum
1228 999 1257 1026 in
1281 1006 1365 1034 regno
1396 998 1443 1026 Dei
1465 1002 1558 1034 potum
1582 1006 1614 1026 ac
1629 998 1720 1025 cibum
1743 997 1787 1025 bis

993 1044 1084 1072 verbis
1099 1047 1237 1079 pateretur
1253 1044 1381 1079 exprimi.
1402 1043 1457 1071 Nec
1478 1044 1545 1071 illud
1563 1043 1645 1071 homo
1659 1043 1787 1078 stupidus

994 1089 1122 1124 agnovit,
1137 1093 1309 1116 terrenorum
1325 1089 1414 1117 simile
1427 1088 1559 1124 quiddam
1573 1089 1599 1116 in
1615 1088 1786 1124 spiritalibus

993 1143 1026 1162 ac
1052 1135 1213 1163 caelestibus
1242 1135 1350 1166 inesse,
1382 1142 1500 1169 quorum
1530 1134 1785 1169 participandorum

995 1180 1103 1207 occulta
1125 1180 1205 1207 nobis
1220 1183 1261 1206 est
1277 1180 1357 1206 ratio.
1383 1178 1422 1205 Ita
1442 1180 1514 1206 enim
1529 1184 1556 1206 et
1583 1178 1709 1206 Salvator
1728 1178 1788 1213 ipse

996 1229 1113 1252 testatus
1136 1228 1195 1255 est,
1222 1231 1254 1250 ac
1280 1224 1349 1251 dixit
1373 1233 1380 1251 :
1405 1223 1535 1251 Sedebitis
1560 1224 1587 1250 in
1612 1232 1703 1251 mensa
1728 1232 1787 1251 me:

993 1271 1099 1299 edentes
1123 1275 1148 1298 et
1167 1270 1284 1297 bibentes
1307 1271 1334 1297 in
1357 1279 1437 1306 regno
1456 1270 1591 1298 caelorum.
1614 1270 1667 1297 Sed
1683 1275 1709 1298 et
1721 1278 1787 1305 pro-

997 1323 1088 1351 pterea
1115 1317 1169 1343 ista
1193 1315 1316 1347 sustulit,
1343 1316 1446 1342 nullum
1471 1319 1501 1342 ut
1525 1315 1562 1343 iis
1577 1323 1638 1350 qua:
1653 1315 1685 1342 ad
1700 1315 1788 1350 legem

997 1362 1134 1397 pertinent
1150 1363 1176 1388 in
1191 1369 1276 1395 regno
1298 1361 1430 1387 ctelorum
1456 1361 1546 1387 locum
1570 1360 1713 1387 tribueret.
1727 1359 1788 1387 Un-

997 1407 1096 1434 denam
1117 1406 1198 1441 igitur
1217 1405 1290 1433 Elias
1311 1412 1343 1432 ac
1365 1404 1474 1440 Moyses
1488 1405 1517 1433 in
1537 1409 1631 1432 monte
1645 1413 1707 1432 cum
1728 1405 1787 1440 ipso

997 1455 1182 1486 apparuerunt
1204 1453 1232 1478 in
1259 1451 1364 1486 gloria?
1384 1450 1435 1478 Sed
1457 1459 1537 1478 nemo
1560 1455 1602 1479 est
1622 1451 1670 1486 qui
1687 1457 1784 1478 contra

997 1498 1139 1524 veritatem
1155 1497 1253 1524 virium
1272 1497 1420 1531 quidquam
1437 1496 1546 1524 habeat.

189 1543 267 1579 Σχόλ.
283 1543 330 1576 ξδ’.
344 1543 487 1579 Παρέκοψε
497 1543 541 1570 τό·
555 1544 625 1571 “Ore
636 1543 796 1572 ἐπέστειλα
805 1544 893 1578 ὑμᾶς,
904 1543 944 1578 μή

1034 1540 1126 1569 Schol.
1143 1541 1187 1568 64.
1208 1541 1274 1569 Item
1290 1542 1355 1569 illud
1370 1541 1477 1568 induxit
1493 1550 1501 1568 :
1526 1541 1640 1575 Quando
1656 1542 1716 1569 misi
1730 1550 1786 1574 vos,

154 1597 235 1622 τινος
243 1589 441 1623 ὑστερήσατε,
453 1596 502 1616 και
520 1589 556 1616 τὰ
571 1589 644 1623 ἑξῆς
653 1599 659 1605 ·
675 1589 718 1616 διὰ
730 1589 774 1616 τό·
787 1589 842 1616 Kal
859 1589 946 1617 τοῦτο

153 1634 188 1662 τὸ
210 1634 412 1670 γεγραμμένον
432 1634 479 1661 δεῖ
500 1634 693 1669 τελεσθῆναι,
716 1634 762 1661 τό·
789 1635 845 1662 Καὶ
872 1636 947 1670 μετὰ

154 1681 275 1716 ἀνόμων
293 1681 510 1715 συνελογίσθη.

192 1728 300 1762 Ἔλεγχ.
318 1727 363 1759 ξδ’.
374 1727 434 1754 Κᾶν
451 1726 613 1762 παρακόψῃς
632 1725 666 1752 τὰ
691 1726 810 1762 ῥήματα,
832 1726 886 1753 ἀπὸ
899 1726 946 1753 τοῦ

155 1773 236 1810 ἔργου
254 1773 393 1807 φαίνονται
408 1772 498 1799 αὐτῶν
511 1772 536 1799 οἱ
554 1772 642 1804 τόποι,
658 1772 824 1807 προάγοντος
839 1771 886 1798 τοῦ
902 1773 946 1799 νό-

156 1828 218 1854 μου,
236 1818 283 1845 καὶ
305 1817 548 1853 προκηρυττόντων
573 1816 625 1843 τῶν
650 1815 808 1851 προφητῶν,
825 1815 873 1842 καὶ
890 1816 945 1842 Ku-

156 1865 215 1901 ρίου
228 1864 280 1900 πλη
286 1863 405 1899 ροῦντος.

191 1908 267 1944 Σχόλ.
282 1908 329 1941 Ea’.
351 1908 546 1942 Ἀπεσπάσθη
569 1906 732 1935 ἀπἀὐτῶν
758 1907 828 1934 ὡσεὶ
858 1907 946 1934 λίθου

153 1954 270 1988 ,βολήν⁵
286 1955 335 1981 καὶ
352 1955 413 1988 θεὶς
429 1955 466 1982 τὰ
477 1955 588 1990 γόνατα
604 1954 802 1988 προσηύχετο.

192 2000 302 2036 Ἔλεγχ.
321 2000 368 2032 ξε¹.
384 2001 446 2032 Θεὶς
469 2000 504 2027 τὰ
526 2000 637 2034 γόνατα,
655 1999 760 2035 ὁρατῶς
778 1999 870 2035 ἔθηκε,
899 1999 946 2026 καὶ

156 2046 292 2082 αἰσθητῶς
314 2047 482 2074 ἐπετέλεσεν.
495 2047 527 2073 Et
542 2046 571 2073 δὲ
590 2045 727 2081 αἰσθητῶς
744 2046 816 2072 κατὰ
827 2046 856 2072 τὸ
876 2044 945 2078 εἶδος

155 2091 186 2118 τὸ
197 2091 276 2127 ἔργον
287 2092 398 2127 ἐποίησε
411 2092 461 2126 τῆς
473 2091 655 2126 γονυκλισίας,
668 2091 718 2118 οὐκ
732 2091 786 2126 ἄρα
803 2091 866 2118 ἄνευ
879 2099 945 2126 σαρ-

157 2137 204 2169 κὸς
217 2138 292 2173 ὲνεδή
297 2146 382 2173 μησεν
393 2139 408 2164 ὁ
421 2138 586 2173 Μονογενής.
600 2137 679 2173 Αὐτῷ
691 2136 745 2173 γὰρ
760 2137 871 2172 κάμψει
884 2136 945 2163 πᾶν

157 2183 230 2218 γόνυ
256 2184 451 2218 ἐπουρανίων,
472 2184 522 2210 καὶ
548 2183 696 2218 ἐπιγείων,
720 2183 771 2210 καὶ
798 2184 942 2217 καταχθο-

156 2228 238 2255 νίων.
253 2228 464 2263 Ἐπουρανίων,
478 2228 670 2264 πνευματικῶν
681 2237 687 2244 ·
698 2228 844 2263 ἐπιγείων,
854 2228 946 2264 αἰσθη-

156 2274 225 2300 τῶν·
244 2275 460 2309 καταχθονίων,
474 2273 513 2309 τῷ
531 2274 588 2309 ἰδίῳ
601 2274 675 2302 εῖδει.
687 2270 751 2301 Ὧδε
767 2273 796 2300 δὲ
809 2274 844 2301 τὰ
858 2273 946 2300 πάντα

157 2321 187 2347 ἐν
202 2320 314 2356 ἀληθείᾳ
336 2321 459 2347 ἐπετέλει
483 2321 631 2357 ὁρώμενος,
653 2321 700 2348 καὶ
721 2320 772 2347 ὑπὸ
794 2321 865 2356 ἁφὴν
891 2322 946 2352 τοῖς

160 2367 293 2401 μαθηταῖς
304 2367 508 2402 εὑρισκόμενος,
523 2367 570 2393 καὶ
586 2366 623 2402 μὴ
638 2365 774 2401 φαντάζου
791 2367 812 2393 ¹.

997 1587 1116 1621 nunquid
1136 1587 1222 1622 defuit
1242 1587 1314 1614 vobis
1327 1588 1349 1620 ',
1365 1591 1419 1614 etc.
1435 1587 1476 1615 0b
1491 1595 1521 1615 ea
1535 1596 1596 1623 qua:
1611 1591 1784 1623 sequuntur:

999 1632 1033 1660 Et
1055 1633 1104 1660 hoc
1123 1634 1191 1669 quod
1214 1634 1342 1668 scriptam
1359 1639 1409 1662 est.
1423 1638 1524 1661 ovortet
1536 1634 1638 1669 impleri
1657 1639 1704 1661 :et
1727 1643 1787 1662 cum

997 1679 1096 1713 iniquis
1112 1679 1254 1714 deputatus
1265 1684 1304 1707 est
1318 1680 1339 1706 ⁸.

1033 1725 1125 1753 Βθίιιι.
1141 1725 1185 1752 64.
1204 1725 1387 1758 Quantumvis
1401 1727 1484 1754 verba
1502 1726 1653 1758 Subducas,
1670 1733 1715 1754 res
1727 1726 1786 1761 ipsa

997 1774 1090 1799 tamen
1113 1771 1240 1806 proprios
1262 1771 1383 1806 ipsorum
1411 1773 1487 1800 locos
1507 1773 1619 1807 aperiet.
1645 1772 1785 1807 Siquidem

997 1820 1157 1852 antegressa
1170 1817 1214 1844 lex
1228 1821 1280 1849 est,
1292 1825 1324 1845 ac
1339 1818 1479 1853 propheta:
1495 1819 1674 1852 nuntiarunt;
1689 1821 1717 1844 at
1728 1818 1786 1853 ipse

997 1863 1107 1890 tandem
1121 1862 1254 1890 Dominus
1272 1863 1404 1898 implevit.

1032 1908 1123 1935 Schol.
1142 1908 1188 1936 65.
1207 1907 1321 1935 Avulsus
1340 1914 1381 1936 est
1400 1909 1432 1935 ab
1453 1909 1520 1941 illis,
1544 1913 1672 1945 quantum
1693 1908 1785 1943 jactus

995 1957 1034 1979 est
1047 1952 1144 1986 lapidis
1159 1961 1168 1980 :
1182 1961 1206 1980 et
1221 1954 1315 1987 positis
1329 1954 1439 1988 genibus
1458 1954 1553 1982 orabat
1565 1955 1586 1980 ".

1031 1996 1126 2024 Rel‘ut.
1140 1996 1188 2025 65.
1208 1997 1319 2028 Positis.
1334 1999 1434 2032 inquit,
1451 1999 1570 2034 genibus.
1587 1998 1625 2025 Ita
1638 1999 1738 2034 posuit,
1755 2003 1787 2026 ut

995 2041 1023 2069 id
1037 2042 1123 2070 videri
1134 2048 1236 2077 posset,
1255 2043 1337 2079 idque
1361 2044 1451 2079 ipsum
1473 2045 1597 2072 sensibili
1619 2044 1700 2072 modo
1717 2052 1786 2079 pra:-

996 2088 1074 2116 stitit.
1098 2088 1176 2121 Quod
1196 2089 1218 2116 si
1243 2097 1330 2125 genua
1354 2091 1390 2117 ita
1419 2089 1503 2123 ﬂexit,
1522 2095 1551 2117 ut
1565 2091 1661 2118 sentiri
1680 2096 1785 2126 posset,

996 2135 1120 2170 adeoque
1136 2139 1166 2162 ut
1182 2136 1298 2164 actionis
1312 2136 1394 2170 huius
1410 2141 1508 2164 natura
1530 2137 1698 2172 postulabat,
1720 2144 1786 2172 pro-

997 2180 1069 2207 tecto
1084 2188 1138 2207 non
1152 2181 1210 2207 sine
1222 2188 1304 2208 carne
1318 2180 1446 2208 Salvator
1464 2181 1492 2208 in
1504 2181 1556 2209 hoc
1570 2187 1703 2209 terrarum
1717 2182 1784 2210 Orbe

998 2230 1124 2254 versatus
1149 2231 1201 2255 est.
1230 2227 1299 2254 lluic
1321 2227 1394 2255 enim
1419 2235 1494 2255 omne
1510 2235 1576 2263 genu
1588 2228 1718 2262 ﬂectetur,
1733 2236 1785 2255 εω-

999 2272 1119 2305 lestium,
1144 2274 1308 2300 terrestrium
1339 2278 1364 2300 et
1392 2273 1555 2308 infernarum
1571 2273 1602 2301 ἐ
1631 2273 1783 2301 Caelestium

999 2327 1094 2354 porro,
1117 2319 1170 2347 hoc
1195 2323 1238 2347 est
1261 2319 1448 2355 spiritalium;
1474 2320 1648 2353 terrestrium,
1676 2320 1728 2348 hoc
1742 2324 1786 2348 est

998 2374 1092 2394 eorum
1104 2375 1164 2402 quae
1181 2368 1233 2395 sub
1253 2375 1351 2396 sensus
1373 2368 1495 2401 cadunt;
1520 2368 1685 2403 infernarum
1708 2368 1786 2396 deni-

157 2421 220 2448 que,
237 2421 270 2440 eo
283 2413 362 2441 modo
382 2413 427 2448 qui
452 2413 560 2440 illorum
575 2418 617 2441 est
631 2413 769 2448 proprius.
786 2412 836 2439 llic
854 2417 944 2440 autem
965 2421 998 2441 ex
1014 2415 1053 2441 rei
1082 2415 1199 2442 veritate
1217 2413 1337 2442 faciebat
1368 2414 1472 2447 omnia,
1495 2422 1556 2442 cum
1579 2419 1605 2442 et
1627 2421 1786 2444 cerneretur

157 2458 256 2489 oculis.
273 2462 299 2484 et
313 2465 327 2484 a
342 2458 485 2493 discipulis
501 2462 729 2490 contrectaretur,
745 2465 833 2492 neque
844 2458 946 2493 spectri
962 2459 1050 2486 instar
1068 2459 1204 2487 illuderet.

191 2502 269 2538 Σχόλ.
286 2502 339 2536 ξςῖ
350 2503 405 2530 Kal
424 2502 530 2538 ἢγγισε
544 2502 747 2538 καταφιλῆσαι
765 2503 858 2530 αὐτὸν
875 2503 948 2530 Ἰού-

156 2549 223 2582 δας,
240 2548 289 2576 καὶ
303 2547 398 2576 εἶπεν.

196 2609 205 2624 ¹
224 2618 269 2644 1:0.
280 2608 395 2643 γένοιτο.
432 2610 443 2626 ³
454 2609 518 2637 For.
536 2609 688 2644 φαντάζων.

736 2608 746 2625 ⁸
766 2609 852 2637 Galat.
875 2617 923 2643 nl,
939 2610 984 2637 24.

1038 2503 1130 2531 Schol.
1156 2504 1200 2532 66.
1229 2504 1263 2532 Et
1286 2505 1397 2532 accessit
1419 2506 1635 2534 ut'oscularetur
1664 2515 1733 2539 eum,
1757 2511 1785 2535 et

997 2549 1064 2576 dixit
1077 2551 1098 2577 '.

1038 2609 1049 2626 ⁸
1066 2609 1131 2638 Luc.
1155 2618 1211 2638 xx"
1223 2631 1231 2644 ,
1256 2610 1299 2638 16.
1350 2611 1360 2627 ⁵
1374 2611 1439 2639 ibid.
1456 2611 1502 2641 55.
1553 2620 1562 2628 '
1576 2612 1640 2640 ibid.
1658 2612 1710 2645 57;
1730 2612 1783 2641 lsa.

157 2651 220 2678 LIII,
232 2644 274 2672 l2.
313 2644 323 2660 ⁷
337 2644 405 2672 Luc.
422 2652 491 2676 χιιι,
511 2644 557 2671 Μ.
593 2645 604 2660 ⁸
617 2645 724 2680 Philipp
754 2653 784 2678 ιι,
806 2645 850 2673 10.
888 2646 898 2661 ⁸
913 2644 944 2672 Lt

1001 2653 1064 2678 un,
1078 2646 1113 2673 48

194 2701 254 2737 (7η),
267 2702 335 2729 Ἵνα
345 2702 429 2737 δείξῃ
441 2702 558 2737 Πάσχα,
586 2702 779 2730 Subobscurus
804 2702 849 2730 hic
867 2703 946 2730 locus

158 2736 211 2765 est.
243 2736 312 2768 Sed,
343 2743 372 2764 ut
397 2738 464 2764 mihi
491 2736 609 2768 videtur,
638 2737 743 2765 Pascha
770 2737 834 2765 illud
861 2738 949 2772 legiti-

158 2780 234 2799 mum
249 2772 471 2807 προτυπούμενον
484 2773 568 2800 fuisse
582 2773 660 2804 dicit,
676 2773 726 2800 hoc
738 2777 780 2800 est
795 2774 835 2804 εἰς
849 2773 945 2805 τύπον,

158 2814 192 2842 ac
211 2807 323 2842 ﬁguram
339 2808 451 2836 alterius
466 2808 634 2841 adhibitum;
649 2808 694 2834 cui
707 2809 841 2835 successit
855 2808 886 2834 τὸ
899 2807 944 2842 βέ-

158 2841 239 2874 βαιον
249 2842 332 2870 αὑτοῦ
346 2843 458 2879 πάθους,
472 2844 524 2872 hoc
536 2847 578 2872 est
590 2850 709 2882 perenne
724 2850 755 2870 ac
768 2841 939 2881 perpetuum,

1002 2702 1074 2737 quod
1090 2703 1226 2739 passionis
1243 2711 1299 2731 suae
1315 2703 1439 2739 ﬁguram,
1460 2709 1486 2732 et
1504 2707 1704 2732 sacramentum
1723 2711 1786 2731 con-

1000 2737 1159 2774 tini-“sive
1179 2739 1268 2772 malis,
1291 2737 1363 2774 quod
1384 2737 1508 2767 eamdem
1528 2740 1615 2774 ipsam
1631 2739 1784 2774 passionem

1000 2773 1157 2806 afﬁrmaret,
1173 2774 1286 2809 ejusque
1300 2773 1432 2807 Tructum,
1454 2773 1547 2806 usum;
1568 2781 1600 2800 ac
1617 2773 1786 2800 recordatio.-

999 2816 1061 2835 nem
1081 2813 1167 2836 ratam
1187 2810 1297 2844 taceret,
1315 2814 1342 2838 ct
1358 2810 1392 2838 ad
1410 2810 1604 2845 sempiternam
1624 2809 1783 2840 memoriam

995 2849 1166 2880 propagaret.
