1952 3045
211 121 261 150 767

245 178 338 207 lteiul.
353 176 397 208 66.
413 179 455 207 Ad
466 180 609 208 Dominum
625 189 657 208 ac
671 181 756 210 Deum
768 190 879 211 carnem
893 183 992 212 factum
1008 187 1032 216 Δ

208 226 294 255 ludas
309 228 437 261 accessit,
458 236 522 256 cum
544 229 591 258 ille
613 237 715 266 corpus
737 230 888 264 induisset;
911 232 994 259 nimi-

210 281 270 299 rum
286 280 350 300 vera
369 277 398 300 ut
414 276 586 302 oscularetur
603 275 685 308 labia,
707 283 763 304 non
780 284 841 312 quae
855 277 992 311 ejusmodi

207 318 340 346 duntaxat
352 324 528 355 apparerent,
547 328 578 348 ac
595 321 767 350 ludiﬁcarent
779 323 886 351 oculos.

245 363 339 393 Schol.
357 365 401 393 67.
415 365 524 393 Recidit
540 367 567 394 id
583 368 654 402 quod
670 375 685 395 a
701 367 784 396 Petro
798 373 905 404 gestum
921 369 992 398 dici-

207 411 261 440 tur,
278 416 338 436 cum
352 411 490 443 percussit,
507 416 532 438 et
545 413 689 447 amputavit
700 414 849 441 auriculam
862 415 882 441 ¹.

243 455 325 492 346
344 456 436 484 Refut.
451 457 495 485 67.
516 456 646 490 Quamvis
667 464 697 486 ut
716 459 814 487 honori
834 459 908 488 Petri
924 468 991 489 con-

205 502 321 535 suleret,
340 503 528 538 suppressisse
542 504 595 531 ista
607 504 742 538 videatur,
759 506 811 534 hoc
823 507 883 542 ipso
898 511 989 535 tamen

205 546 278 581 quod
303 554 398 574 revera
427 555 534 583 gestum
559 554 612 582 est,
631 555 660 578 et
674 551 709 579 ad
729 551 880 581 Salvatoris
904 553 989 582 decus

205 592 376 627 gloriamque
391 594 519 629 pertinet,
535 596 676 624 occultare
691 602 806 626 conatus
820 603 873 626 est.
891 598 988 627 Verum

205 636 272 663 nihil
293 638 404 665 omnino
432 638 557 673 perfecit.
584 639 652 668 Nam
676 642 729 670 etsi
753 642 799 670 ille
821 644 987 671 mentionem

204 681 287 716 hujus
307 682 347 709 rei
364 684 518 716 sustulerit,
534 684 581 712 Dei
596 690 686 714 tamen
699 687 832 715 miracula
845 690 988 724 cognosci-

203 735 275 755 mus.
303 728 432 757 Abscissa
458 729 541 764 igitur
562 731 697 765 auricula,
716 740 776 760 eam
797 733 915 763 subinde
932 733 987 762 Do-

203 773 295 801 minus
317 775 454 810 accipiens
471 776 498 802 in
514 776 650 812 integrum
665 778 794 811 restituit,
811 783 842 807 ut
858 779 943 808 Deum
956 789 986 810 se

202 826 264 847 esse
275 827 306 846 ac
321 819 444 848 divinum
459 828 528 856 opus
542 822 661 851 edidisse
675 830 851 854 monstraret.

902 126 931 155 S.
953 125 1124 154 EPIPHAN'l

1777 133 1829 161 768

1082 185 1191 221 Ἐλεγχ.
1204 184 1258 218 Eg’.
1267 186 1383 220 Ἦγγισε
1395 186 1476 222 σαρκὶ
1490 187 1546 214 δντι
1559 188 1681 225 Δεσπότῃ
1700 189 1746 216 καὶ
1757 190 1829 226 Θεῷ,

1046 231 1125 266 σῶμα
1143 231 1261 265 λαῦόντι,
1289 232 1470 268 καταφιλῆσαι
1485 233 1600 270 ἀληθινὰ
1622 234 1710 270 χείλη,
1729 235 1778 262 καὶ
1796 237 1828 264 οὑ

1043 276 1151 304 δοκήσει
1163 277 1228 304 ὄντα
1239 278 1286 305 καὶ
1298 278 1476 314 φαντάζοντα.

1079 365 1156 401 Σχόλ.
1173 366 1221 398 εἶ’.
1232 366 1375 402 Παρέκοψε
1391 367 1404 394 ὃ
1421 368 1530 403 ἐποίησε
1554 368 1667 404 Πέτρος,
1685 369 1730 396 ὅτε
1753 370 1830 398 ἐπά-

1059 412 1123 444 αξε,
1140 412 1190 439 καὶ
1199 413 1338 448 ἀφείλετο
1348 414 1380 441 τὸ
1395 414 1450 448 οὒς
1464 414 1518 442 τοῦ
1536 415 1648 443 δούλου
1665 417 1718 444 τοῦ
1729 417 1830 452 ἀρχιε-

1074 467 1123 491 ως.

1204 503 1251 536 EC’.
1273 503 1363 531 Δοκῶν
1380 505 1420 537 είς
1440 505 1522 542 τιμὴν
1536 506 1640 542 Πέτρου
1664 508 1678 534 ὁ
1698 508 1826 536 ἀπατεὼν

1040 549 1171 584 κρύπειν
1181 549 1212 576 τὸ
1222 549 1251 576 ὲν
1264 550 1377 587 ἀληθείᾳ
1388 552 1533 587 γενόμενον
1546 553 1595 588 τῆς
1609 553 1762 588 δοξολογὶας
1777 554 1825 580 τοῦ

1039 593 1175 629 ἣηῆρος,
1190 593 1221 620 τὸ
1247 594 1329 630 ῥητὸν
1351 593 1442 630 τεμὼν
1466 595 1634 631 ἀπέκρυψεν.
1660 596 1740 624 Ἀλλὰ
1763 598 1825 625 οὐδὲ

1038 638 1183 674 ὠφελήσει.
1199 639 1288 667 Κᾶντε
1301 639 1356 676 γὰρ
1372 641 1452 674 αὐτὸς
1469 642 1605 678 ἀποκόψῃ,
1621 643 1703 679 ἡμεῖς
1712 643 1824 677 οἴδαμεν

1037 685 1072 712 τὰ
1092 684 1250 720 θεοσήμεια.
1277 686 1354 713 Μετὰ
1377 687 1433 723 γὰρ
1448 687 1478 714 τὸ
1501 688 1636 724 ἀποκόψαι
1656 689 1687 716 τὸ
1706 689 1796 724 ὠτίον,
1809 691 1824 717 ὁ

1036 730 1139 766 Κύριος
1155 730 1235 758 πάλιν
1250 730 1339 759 λαϐὼν
1353 732 1457 765 ἰάσατο,
1470 733 1514 760 ἵνα
1532 734 1690 771 ἀποδειχθῇ,
1703 736 1743 762 ὅτι
1756 736 1824 768 Θεός

1036 774 1106 808 ἐστι,
1124 775 1172 802 καὶ
1185 775 1252 802 Θεοῦ
1266 775 1346 812 ἔργον
1361 776 1529 805 ἐπετέλεσεν.

238 863 329 892 Schol.
347 865 392 894 68.
420 866 454 893 Et
476 868 521 902 qui
537 868 657 896 tenebant
679 869 836 904 illudebant,
858 872 978 900 cedente:

1071 877 1149 912 Σχόλ.
1165 878 1214 913 ξη’.
1233 879 1266 905 οι
1280 878 1463 913 συνέχοντες
1482 879 1646 914 ἐνέπαιζον,
1673 881 1821 916 δέροντες,

201 915 228 936 et
249 912 422 944 percutiant“
444 912 566 940 dicebant
580 921 590 940 ;
607 913 767 944 Prooltetiza
779 917 837 944 auis
851 923 891 945 est
903 919 949 945 cui
963 923 988 947 le

200 957 329 990 percussit
344 958 374 985 ’τ

237 1012 328 1041 Refut.
340 1014 386 1042 68.
403 1014 465 1043 Haec
475 1017 576 1051 omnia,
587 1018 633 1052 qui
648 1018 778 1048 tenebant.
788 1023 814 1046 et
827 1018 986 1053 illudebant;

201 1058 279 1092 item,
289 1060 388 1088 ccedere
396 1065 424 1089 et
438 1067 590 1096 percutere;
609 1067 646 1096 et,
662 1063 821 1099 Propheliza
841 1065 916 1092 nobis
925 1066 985 1101 quia

198 1107 238 1130 eu
254 1104 300 1138 qui
319 1109 342 1131 le
357 1106 503 1139 percussit;
528 1106 596 1139 haec,
619 1107 741 1142 inquam,
765 1115 819 1135 non
841 1109 986 1136 adumbra-

199 1152 255 1175 tam
280 1148 414 1177 duutaxat
441 1151 559 1186 speciem
581 1153 722 1187 referunt,
748 1155 796 1182 sed
826 1159 982 1182 contactum

198 1195 344 1228 quemdam
363 1203 396 1222 ac
417 1202 576 1231 corpoream
597 1207 779 1234 carneamque
801 1201 982 1228 substantiam

198 1239 366 1274 signiﬁcant.
389 1240 472 1276 quue
493 1241 561 1269 adeo
582 1244 728 1271 manifesto
745 1245 833 1273 cuivis
848 1249 981 1280 apparet:

197 1285 306 1312 tametsi
331 1293 386 1320 pne
411 1294 444 1314 ea
468 1295 528 1322 qua:
555 1288 582 1315 in
608 1292 635 1316 te
660 1293 703 1316 est
733 1290 816 1317 animi
842 1291 981 1322 caecitate,

197 1329 311 1364 Marcio,
338 1332 510 1366 persoicuam
534 1332 581 1360 De"
613 1333 757 1362 veritatem
783 1334 910 1363 conﬁteri
934 1336 981 1364 de-

195 1379 307 1404 trectes.

231 1420 326 1449 Schol.
341 1421 385 1450 69.
400 1421 466 1450 Post
479 1422 548 1451 ista:
566 1423 644 1451 Hunc
665 1425 810 1453 invenimus
822 1426 980 1464 subverten-

196 1472 248 1494 lem
261 1473 363 1503 gentem
374 1474 493 1496 nostram
505 1470 527 1504 ',
540 1471 646 1499 addidit
671 1476 697 1499 et
713 1472 888 1500 destructilem
899 1473 980 1501 leuem

194 1522 226 1541 ac
241 1515 395 1549 prophetas.

228 1559 321 1587 Refut.
336 1560 381 1588 69.
397 1560 492 1589 Nonne
516 1562 572 1589 vias
590 1562 698 1590 Domini
715 1568 860 1598 pervertere
870 1564 882 1581 ⁸
898 1564 978 1592 undi-

193 1612 247 1639 que
262 1605 475 1640 deprehenderis
489 1614 521 1634 ac
536 1609 731 1637 com-inceris?
750 1609 818 1637 Nam
836 1617 898 1637 cum
915 1610 979 1638 huic

192 1649 255 1677 loco
267 1650 341 1685 quod
361 1651 472 1679 minime
485 1653 617 1687 scriptum
628 1658 670 1681 est
681 1654 789 1688 adjicis,
808 1662 841 1682 ac
855 1655 979 1683 tibimet-

192 1695 256 1731 lpsi.
275 1704 363 1732 neque
383 1697 455 1724 enim
470 1697 585 1725 Domino
607 1699 732 1733 dixerim,
749 1701 914 1728 calumniam
938 1702 977 1729 fa-

191 1742 242 1772 cis,
256 1743 294 1768 ita
314 1741 459 1770 scribens:
477 1742 555 1769 Hunc
577 1744 723 1771 inveniatur
755 1749 910 1772 evertentem
939 1746 979 1773 lc-

189 1794 250 1821 gem
266 1794 298 1813 ac
313 1787 464 1822 prophetas,
477 1790 615 1816 contraria
630 1794 656 1817 te
677 1790 741 1817 huic
756 1789 918 1824 Salvatoris,
934 1791 976 1818 in-

192 1839 268 1865 sane,
280 1832 416 1868 jugulabit
429 1835 535 1862 oratio:
550 1834 613 1862 Non
628 1837 686 1863 seni
700 1836 800 1864 soluere
816 1837 909 1872 legem,
928 1842 975 1865 aut

189 1877 341 1912 prophetat,
368 1879 414 1906 sed
438 1880 546 1914 implere
556 1882 578 1907 ⁵.
601 1880 662 1909 Non
691 1882 774 1917 igitur
799 1887 887 1918 potest
903 1883 974 1911 idem

189 1923 246 1954 ille,
261 1923 309 1959 qui
322 1931 352 1952 se
372 1932 428 1952 non
439 1926 579 1953 evertendi
605 1927 693 1962 gratia
718 1928 827 1956 venisse
847 1932 973 1962 testatur,

189 1968 314 1995 accusari
328 1969 401 2003 quod
411 1970 548 1997 everterit.
572 1970 664 2006 Neque
677 1979 740 1999 vero
758 1972 795 1998 ita
810 1972 836 1998 in
852 1971 974 2008 Evange-

188 2012 226 2038 lio
241 2012 366 2048 legimus,
381 2014 429 2042 sed
440 2015 531 2050 potius
545 2024 551 2043 :
567 2015 646 2042 Hum:
663 2017 809 2044 invenimus
821 2017 973 2045 subverten-

187 2061 240 2084 tem
253 2058 389 2092 populum,
401 2059 529 2087 dicentem
541 2068 567 2088 se
581 2060 715 2088 Christum
728 2070 814 2097 regem

222 2144 316 2173 Schol.
336 2143 380 2173 70.
408 2145 490 2174 Aliud
515 2155 624 2183 quoque
650 2152 712 2183 post
739 2148 797 2176 haec
817 2149 920 2177 verba:
937 2149 970 2177 Et

185 2191 363 2225 prohibentem
377 2193 479 2223 tributa
495 2194 561 2222 dare
571 2194 593 2229 ‘,
609 2196 741 2231 subjecit:
765 2195 800 2223 Et
814 2201 969 2224 avertentem

185 2245 280 2265 mres
293 2246 325 2265 ac
338 2239 444 2267 liberos.

220 2282 312 2312 ltefut.
324 2284 368 2311 70.
383 2284 451 2318 Quis
470 2285 596 2321 seipsum
611 2295 638 2314 .n
659 2295 780 2323 praeceps
796 2288 911 2323 impellit
922 2289 969 2316 im-

184 2329 294 2364 pletque
304 2329 376 2364 quod
387 2331 519 2366 scriptum
534 2337 592 2361 est:
605 2334 657 2367 Qui
672 2334 723 2361 sibi
738 2343 849 2369 nequam
863 2341 914 2368 est,
924 2337 967 2363 cui

184 2374 267 2402 οοηιιε
277 2376 327 2403 erit
336 2377 361 2402 '?
369 2376 416 2406 Est
424 2378 496 2405 enim
507 2378 558 2406 hoc
570 2379 698 2409 inaudita:
707 2382 850 2417 cujusdam
861 2384 967 2412 temeri-

184 2423 248 2451 tatis
265 2431 297 2451 ac
311 2424 421 2460 ﬂagitii,
436 2426 494 2454 sive
507 2428 667 2462 periculosae
692 2429 891 2466 salebroszeque
912 2432 963 2460 vite

182 2469 294 2497 evidens
308 2478 508 2506 argumentum,
524 2474 613 2503 delere
627 2484 687 2510 quae
697 2477 800 2511 scripta
817 2482 890 2511 sunt,
904 2487 964 2514 quae

183 2522 318 2550 nusquam
336 2517 437 2552 scripta
453 2524 533 2546 erant
548 2519 647 2548 addere
662 2530 670 2548 :
688 2520 770 2556 idque
792 2522 821 2549 in
845 2522 966 2558 Evange-

183 2559 220 2588 lio
245 2561 415 2596 potissimum
436 2563 517 2599 347
541 2566 722 2599 committere,
752 2567 824 2602 quod
843 2568 870 2596 in
886 2573 964 2596 aeter-

181 2613 247 2633 num
264 2606 361 2633 stabile
373 2614 406 2634 ac
422 2608 529 2636 ﬁrmum
552 2618 614 2638 esse
635 2615 770 2646 oporteat.
798 2613 875 2641 Adde
890 2615 962 2649 quod

182 2650 229 2677 illa
258 2651 316 2685 ipsa
341 2659 402 2686 quae
427 2657 492 2680 sunt
514 2654 606 2682 addita
633 2664 721 2692 neque
742 2657 830 2685 locum
848 2659 959 2694 habent,

181 2704 270 2731 neque
292 2697 446 2732 aenigmatis
464 2700 552 2728 instar
565 2701 668 2737 aliquid
687 2703 850 2738 signiﬁcant.
869 2705 962 2741 Neque

179 2742 254 2770 enim
267 2742 395 2772 Christus
409 2752 509 2774 uxores
523 2747 620 2774 avertit
633 2752 680 2775 aut
697 2749 807 2782 liberos,
821 2757 883 2777 cum
902 2750 963 2787 ipse

216 2809 305 2853 ξιιιο.
325 2819 394 2853 illi:
407 2812 451 2842 50.
504 2815 514 2831 ²
528 2814 592 2844 ibid.
611 2816 655 2844 65.
693 2817 704 2834 ³
737 2817 802 2847 Luc.
821 2827 898 2853 mu,
914 2820 943 2848 2.

179 2845 190 2861 '
203 2844 286 2873 Eccli.
301 2854 357 2879 xxv,
373 2847 390 2874 5

1036 922 1210 955 τύπτοντες,
1220 923 1271 950 καὶ
1279 922 1419 958 λέγοντες
1428 932 1435 939 ⁸
1446 925 1670 960 Προφήτευσον,
1681 927 1727 960 τίς
1736 928 1822 955 ἐστιν

1035 968 1052 994 ό
1065 967 1178 1000 παίσας
1189 977 1227 995 σε
1233 977 1244 1001 ;

1072 1013 1183 1049 Ἔλεγχ.
1198 1014 1241 1049 ξη.
1257 1015 1317 1042 ὀτι
1330 1015 1371 1048 τὸ,
1388 1016 1581 1052 συνέχοντες,
1596 1019 1643 1046 καὶ
1655 1019 1694 1053 τὸ,
1704 1020 1822 1048 ἐνέπαι-

1034 1057 1093 1092 ζον,
1107 1060 1154 1086 καὶ
1165 1059 1204 1093 τὸ,
1226 1060 1329 1095 δεῖραι,
1349 1062 1396 1089 καὶ
1409 1063 1451 1094 τὸ,
1466 1064 1568 1098 τύψαι,
1583 1066 1630 1092 καὶ
1647 1066 1688 1097 τὸ,
1703 1068 1820 1102 προφή-

1033 1112 1144 1132 revocr
1159 1106 1203 1138 τίς
1217 1108 1234 1133 ό
1247 1107 1361 1140 παίσας
1372 1116 1410 1135 σε
1420 1117 1427 1124 ·
1443 1109 1521 1136 τοῦτο
1531 1111 1561 1137 οὑ
1572 1111 1681 1147 δόκησις
1690 1111 1734 1149 ἦν,
1751 1114 1820 1141 ἀλλὰ

1033 1151 1105 1186 ἁφῆς
1118 1152 1176 1178 ἐστι
1198 1153 1246 1179 καὶ
1260 1155 1418 1190 σωματικῆς
1433 1156 1480 1182 καὶ
1496 1156 1630 1192 ὲνσάρκου
1644 1158 1819 1194 ὑποστάσεως

1032 1195 1188 1231 δηλωτικόν.
1208 1198 1263 1224 Καὶ
1280 1199 1361 1226 παντί
1377 1208 1417 1235 τῳ
1433 1200 1511 1236 δῆλόν
1526 1203 1595 1235 ἐστι,
1615 1204 1666 1231 κᾶν
1675 1213 1705 1232 τε
1723 1205 1756 1232 σὺ
1772 1214 1820 1232 τυ-

1033 1241 1158 1275 φλωθεὶς,
1174 1244 1318 1280 Μαρκίων,
1339 1245 1376 1281 μὴ
1389 1246 1477 1279 θέλοις
1492 1248 1633 1284 ὁμολογεῖν
1646 1251 1696 1287 τὴν
1713 1252 1819 1288 ἐναργῆ

1031 1287 1098 1314 Θεοῦ
1116 1288 1257 1316 ἀλήθειαν.

1065 1419 1142 1454 Σχόλ.
1155 1419 1202 1451 ἔθ’.
1219 1420 1369 1456 Προσέθετο
1383 1422 1453 1456 μετὰ
1467 1424 1555 1451 τοῦτο·
1570 1425 1679 1454 Τοῦτον
1691 1427 1818 1463 εὕρομεν

1029 1464 1247 1500 διαστρέφοντα
1264 1467 1298 1494 τὸ
1312 1467 1411 1501 ἔθνος,
1432 1469 1481 1496 καὶ
1493 1471 1680 1499 καταλύοντα
1694 1473 1747 1500 τὸν
1763 1475 1817 1502 νό-

1027 1517 1086 1544 μον
1100 1510 1149 1536 καὶ
1164 1510 1236 1544 τοὺς
1250 1511 1415 1546 προφήτας.

1065 1555 1173 1590 Ἐλεγχ.
1184 1555 1231 1589 ξθ¹.
1242 1556 1327 1584 Πόθεν
1350 1558 1381 1584 οὐ
1396 1558 1557 1596 φωραθήσῃ,
1573 1560 1654 1587 πόθεν
1675 1561 1725 1588 οὐκ
1737 1562 1814 1597 ἐλεγ-

1029 1601 1127 1637 χθήσῃ,
1141 1601 1309 1638 διαστρέφων
1324 1603 1374 1638 τὴν
1387 1604 1445 1631 ὁδὸν
1460 1605 1580 1641 κυρίους
1597 1606 1682 1634 Ὅταν
1695 1607 1749 1642 γὰρ
1769 1608 1814 1634 ὲν-

1028 1647 1114 1674 ταῦθα
1134 1648 1283 1684 προσθείης
1303 1649 1334 1676 τὸ
1351 1650 1388 1685 μὴ
1413 1651 1613 1688 γεγραμμένον,
1637 1655 1813 1689 συκοφαντῶν

1028 1693 1150 1726 σεαυτὸν,
1165 1694 1205 1729 (οὺ
1219 1694 1274 1730 γὰρ
1291 1694 1323 1721 ἂν
1343 1694 1448 1731 εἴποιμι
1463 1697 1510 1724 τὸν
1521 1697 1644 1734 Κύριον,)
1662 1699 1761 1734 λέγωνε
1772 1701 1815 1727 ὄτι

1030 1738 1139 1765 Τοῦτον
1156 1738 1283 1774 εὕρομεν
1296 1741 1484 1768 καταλύοντα
1499 1743 1553 1769 τὸν
1567 1744 1660 1778 νόμον
1676 1745 1726 1771 καὶ
1741 1745 1814 1780 τοὺς

1026 1784 1180 1818 προφήτας
1191 1793 1198 1802 '
1213 1785 1244 1812 τὸ
1259 1785 1401 1820 ἁντίζυγον
1422 1787 1517 1815 τούτου
1542 1788 1647 1824 ἐλέγξει
1660 1799 1701 1821 σε.
1716 1788 1739 1821 ὦ
1759 1800 1813 1826 μα-

1026 1831 1160 1864 ταιόπονε,
1181 1832 1264 1865 αὑτοῦ
1281 1834 1327 1860 τοῦ
1343 1834 1466 1870 Σωτῆρος
1482 1835 1606 1870 λέγοντος
1618 1845 1625 1852 ·
1636 1838 1697 1864 οὐκ
1716 1836 1813 1873 ἦλθον

1025 1878 1193 1905 καταλῦσαι
1211 1879 1264 1906 τὸν
1287 1883 1380 1914 νόμον
1403 1881 1422 1916 ἢ
1444 1882 1516 1915 τοὺς
1539 1882 1702 1917 προφήτας,
1730 1884 1812 1912 ἀλλὰ

1025 1921 1192 1956 πληρῶσαι.
1213 1924 1249 1950 Οὺ
1270 1924 1380 1952 δύναται
1399 1926 1487 1954 τοίνυν
1499 1928 1513 1953 ὁ
1527 1927 1607 1960 αὐτὸς
1625 1928 1728 1963 λέγων,
1752 1931 1810 1957 Οὐκ

1023 1965 1104 2002 ἦλθον
1117 1969 1282 2002 καταλῦσαι,
1302 1970 1345 1997 διὰ
1375 1971 1406 1998 τὺ
1427 1972 1571 2000 καταλύειν
1588 1976 1809 2010 κατηγορεῖσθαι.

1024 2015 1060 2040 Οὐ
1077 2014 1130 2050 γὰρ
1144 2013 1215 2050 εἶχεν
1231 2016 1317 2049 οὕτως
1328 2018 1358 2044 τὸ
1372 2018 1464 2053 ῥητὸν,
1475 2019 1543 2046 ἀλλὰ
1555 2020 1690 2055 Εὔρομεν
1701 2022 1810 2050 τοῦτον

1023 2059 1238 2096 διαστρέφοντα
1254 2062 1308 2090 τὸν
1322 2063 1409 2096 λαὸν,
1422 2064 1550 2100 λέγοντα
1561 2067 1670 2094 ἑαυτὸν
1678 2068 1810 2103 Χριστὸν

1019 2105 1160 2137 βασιλέα.

1057 2151 1133 2186 Σχόλ.
1150 2155 1182 2180 o'.
1196 2153 1341 2191 Προσθήκη
1364 2155 1413 2182 τό⁶
1439 2157 1606 2185 Κελεύοντα
1628 2159 1740 2193 φόρους
1761 2161 1806 2194 μὴ

986 2203 1007 2219 τι
1021 2195 1137 2231 δοῦναι,
1157 2198 1198 2232 τὸ,
1216 2199 1443 2235 ᾀποστρέφοντα
1466 2202 1519 2236 τὰς
1538 2203 1682 2238 γυναῖκας
1699 2205 1749 2232 καὶ
1770 2206 1807 2233 τὰ

1023 2241 1122 2272 τέκνα.

1059 2289 1168 2325 Ἔλεγχ.
1179 2292 1210 2318 o'.
1222 2291 1270 2322 Τίς
1286 2291 1360 2327 αὺτῷ
1367 2293 1488 2329 κρημνὸν
1502 2296 1640 2330 περιποιεί
1652 2296 1763 2333 πληρῶν
1775 2298 1806 2325 τὸ

1020 2335 1220 2370 γεγραμμένον,
1233 2335 1278 2362 τύ’
1301 2336 1332 2363 '0
1352 2337 1447 2370 ἑαυτῷ
1470 2339 1602 2373 πονηρὸς
1621 2340 1680 2367 τίνι
1694 2341 1805 2376 ἀγαθὸς

1020 2379 1105 2406 ἔσται
1114 2388 1124 2412 ;
1140 2381 1233 2417 Πάσης
1243 2381 1297 2417 γὰρ
1312 2382 1413 2419 τόλμης
1433 2384 1480 2410 καὶ
1508 2385 1640 2421 πονηρίας
1654 2387 1805 2424 ὑπόδειγμά

1019 2426 1089 2459 ἐστι,
1104 2427 1149 2453 καὶ
1159 2427 1334 2460 κινδυνώδους
1348 2429 1510 2465 ὁδοιπορίας,
1524 2430 1555 2456 τὸ
1569 2431 1602 2458 τὰ
1618 2431 1667 2467 μὲν
1684 2441 1804 2470 γεγραμ-

1020 2472 1088 2508 μένα
1100 2474 1296 2508 παρακόπτειν,
1312 2475 1330 2501 ἆ
1344 2474 1372 2501 δὲ
1390 2475 1428 2511 μὴ
1443 2476 1595 2512 γέγραπται
1619 2479 1802 2514 προστιθέναι,

1019 2518 1136 2553 μάλιστα
1164 2520 1192 2546 ὲν
1217 2520 1374 2556 Εὐαγγελίῳ
1396 2522 1558 2559 ἀκαταλύτῳ
1585 2524 1642 2551 δντι
1673 2526 1712 2558 είς
1739 2527 1803 2558 τοὺς

1017 2564 1128 2597 αἰῶνας.
1147 2565 1201 2592 Καὶ
1215 2566 1284 2593 αὐτὰ
1296 2567 1325 2593 δὲ
1345 2566 1380 2594 τὰ
1391 2567 1442 2603 τῆς
1456 2569 1615 2606 προσθήκης
1635 2571 1697 2598 οὔτε
1720 2572 1802 2599 τόπον

1018 2610 1084 2645 ἔχει,
1097 2610 1158 2637 οὔτε
1169 2611 1294 2647 αἴνιγμα.
1319 2613 1355 2639 Οὐ
1369 2613 1423 2649 γὰρ
1441 2613 1612 2650 ἀπέστρεψεν
1629 2606 1735 2653 ’Ἰησοῦς
1752 2627 1801 2653 γυ-
1826 2617 1831 2622 ’

1017 2659 1098 2684 ναῑκα
1113 2658 1130 2693 ἢ
1145 2658 1237 2685 τέκνα.
1255 2659 1341 2691 Αὐτὸς
1361 2659 1416 2696 γὰρ
1436 2659 1487 2696 ἔφη
1498 2668 1507 2676 ο
1524 2662 1596 2697 Τίμα
1618 2663 1672 2690 τὸν
1689 2665 1802 2700 πατέρα

1019 2704 1068 2731 καὶ
1087 2703 1144 2738 τὴν
1157 2704 1268 2739 μητέρα
1278 2714 1285 2721 ·
1300 2706 1347 2733 καὶ
1365 2707 1399 2733 ’Λ
1414 2708 1431 2733 ὁ
1449 2707 1521 2740 Θεὸς
1540 2708 1730 2743 συνέζευξεν,
1746 2711 1800 2738 ἄν-

1018 2753 1133 2785 θρωπος
1145 2751 1188 2785 μὴ
1213 2752 1364 2786 χωριζέτω.
1386 2752 1465 2780 Ἀλλὰ
1488 2753 1540 2780 κᾶν
1560 2755 1641 2792 εῐπῃ·
1664 2756 1734 2783 Ἐὰν
1756 2756 1799 2791 μή

997 2819 1007 2837 ⁵
1021 2820 1082 2848 Act.
1101 2828 1158 2849 xm.
1180 2819 1222 2848 l0.
1271 2821 1282 2838 ⁸
1295 2821 1390 2852 Matth.
1405 2831 1430 2852 ν.
1450 2824 1493 2852 l7.
1555 2825 1565 2841 ‘
1579 2824 1644 2853 Luc.
1658 2833 1737 2860 nm,
1753 2825 1798 2854 35.
