1952 3045
127 141 187 169 769

461 138 647 167 ADVERSUS
666 138 837 167 HA‘IRESES
856 138 920 168 LIB.
942 139 962 166 1.
984 138 1066 167 ΤΟΜ.
1087 139 1130 168 Ill.
1153 156 1184 161 —
1210 140 1346 169 ll/ERES.
1367 141 1449 169 XLII.

1716 136 1770 172 τιό

126 209 179 234 τις
189 199 356 234 male!”
369 199 492 233 πατέρα,
505 199 555 226 καί
564 199 688 235 μητέρα,
699 200 749 227 καὶ
763 199 925 234 ἀδελφοὺς,

986 199 1096 227 iixerit:
1114 199 1225 228 Honora
1250 206 1352 235 patrem
1377 206 1402 228 et
1422 205 1533 228 matrem
1548 201 1577 234 ‘;
1595 200 1681 228 item:
1702 201 1770 235 Qui:

127 246 184 274 καὶ
200 246 340 281 γυναῖκα,
359 245 409 273 καὶ
430 244 532 277 τέκνα,
555 245 602 271 καὶ
625 245 659 272 τὰ
680 245 764 280 ἑξῆς,
783 246 839 272 οὐκ
860 245 926 272 ἐστι

986 245 1051 272 Deus
1067 245 1217 280 conjunxit,
1232 247 1310 274 homo
1325 255 1376 274 non
1393 251 1496 281 separet
1516 247 1536 273 ³.
1554 246 1593 274 Ac
1607 247 1713 275 tametsi
1731 247 1768 275 ita

125 300 190 326 μου
200 291 353 326 μαθητής·
365 291 414 326 οὐχ
430 290 473 318 ἵνα
483 290 607 326 μισῶμεν
620 290 750 326 πατέρας,
764 291 821 318 ἀλλ’
834 291 877 318 ἴνα
891 290 926 327 μὴ

986 293 1166 327 pronuntiarit
1184 302 1189 320 :
1203 293 1233 321 Si
1247 294 1305 329 quis
1330 302 1383 321 non
1408 294 1542 327 reliquerit
1561 298 1663 328 patrem
1673 298 1698 320 et
1714 301 1771 320 ma-

127 337 304 372 ὑπαγώμεθα
318 337 444 373 πατέρων
459 337 467 352 ¹
477 336 609 372 ἐπιταγὴν
624 337 720 371 ἐτέρας
735 336 852 368 πίστεως
860 337 927 373 (80),

127 384 148 420 ἢ
165 384 260 420 τρόπῳ
275 383 352 419 παρὰ
366 384 415 420 τὴν
425 383 474 410 τοῦ
487 384 614 419 Σωτῆρος
629 382 815 410 διδασκαλίαν.

980 342 1058 371 trem,
1070 343 1098 365 et
1111 338 1221 373 fratres,
1235 344 1260 366 et
1279 347 1389 367 uxorem
1403 344 1428 367 et
1444 339 1526 374 ﬁlios,
1540 344 1607 372 etc.,
1623 348 1674 366 non
1685 342 1771 374 potest

980 392 1055 410 meus
1077 393 1135 412 esse
1150 384 1299 420 discipulus
1313 385 1343 419 ⁸;
1359 393 1414 413 non
1430 386 1492 413 ideo
1508 390 1598 413 tamen
1615 386 1767 421 usurpavit,

129 435 165 459 ut
192 435 321 467 parentes
338 432 402 460 odio
424 432 566 460 habendos
584 431 764 467 prmeiperet;
785 431 833 459 sed
850 435 880 458 ut
894 438 929 458 ne
948 431 982 458 ad
993 432 1111 459 alienam
1129 432 1209 460 [idem
1225 433 1432 468 capessendam,
1467 433 1640 469 quidpiamve
1674 432 1770 460 Salva-

129 477 203 504 toris
225 476 380 512 disciplina:
399 477 571 504 contrarium
592 480 738 512 parentum
760 483 811 504 nos
836 476 983 511 imperium
998 483 1081 512 atque
1097 479 1249 506 auctoritas
1266 483 1440 514 provocaret.

168 522 309 558 Σχόλ.οα⁸.
328 523 382 550 Καὶ
405 523 548 556 ἐλθόντες
575 523 619 556 εὶς
642 524 737 550 τόπον
761 524 927 558 λεγομενων

128 569 263 604 Κρανίου
282 569 384 603 τόπος,
406 569 602 604 ἐσταύρωσαν
614 569 717 601 αὑτὸν,
736 569 785 597 καὶ
803 568 926 604 διεμερί-

128 624 228 643 σαντο
243 615 279 643 τὰ
291 615 390 650 [mina
404 615 509 647 αὑτοῦ,
525 615 575 642 καὶ
586 615 750 649 ἐσκοτίσθη
763 615 888 652 όοῆλιος.

171 663 281 698 Ἔλεγχ.
293 666 344 690 οα¹.
362 662 431 694 Δόξα
444 661 484 698 τῷ
501 661 562 697 ὲλεή
568 671 628 697 μονι
636 662 704 697 Θεῷ,
714 661 753 697 τῷ
764 661 925 697 συνδήσαντί

130 716 181 734 σου
194 708 228 735 τὰ
237 707 358 743 ἅρματα,
375 704 398 734 ὧ
412 706 511 743 Φαραὼ
528 706 660 743 Μαρκίων
673 708 680 734 ι
693 707 748 734 Καὶ
763 706 924 742 βουλομένου

129 764 181 782 σου
198 754 360 791 ἀποδράσαι,
385 753 579 781 κατεπόντισεν
597 753 666 781 αὐτὰ
688 754 717 781 ὲν
736 755 768 789 τῇ
791 753 923 789 Θαλάσσῃ.

129 800 372 837 Προφασιζόμενος
387 799 443 836 γὰρ
465 799 500 828 τὰ
520 800 622 832 πάντα,
644 800 693 835 οὺχ
712 799 784 832 ἕξεις
808 799 924 827 ἐνταῦθα

1016 523 1109 552 Schol.
1128 524 1172 554 71.
1194 525 1228 552 Et
1241 526 1368 553 venientes
1380 526 1407 553 in
1424 525 1521 557 lorum,
1538 524 1582 560 qui
1592 523 1690 551 dicitur
1703 523 1768 552 Cal-

979 569 1059 596 oan'te
1076 569 1161 603 locus,
1183 571 1370 606 cruci/iurum
1392 579 1462 604 eum,
1482 575 1507 597 et
1525 570 1671 597 diviserunt
1690 570 1770 598 vesti-

977 621 1075 650 menta,
1089 622 1113 643 et
1130 617 1286 645 obscuram:
1302 622 1341 645 est
1357 618 1426 646 τρί’.

1013 661 1106 690 Refut.
1127 663 1172 691 71.
1192 663 1301 691 Gratias
1321 663 1492 692 misericordi
1513 662 1580 695 Deo,
1598 663 1646 699 qui
1669 670 1771 691 currus

978 712 1040 736 tuos
1059 708 1190 744 alligavit,
1212 716 1228 737 o
1244 708 1352 737 Pharao
1370 709 1485 736 Marcio!
1503 709 1621 744 illosque
1643 707 1708 736 dum
1727 708 1770 736 lu-

978 760 1039 789 gam
1060 755 1166 783 moliris
1179 756 1206 783 in
1220 763 1296 784 mare
1311 755 1443 784 demersit
1454 756 1474 782 ⁸.
1491 754 1558 782 Nam
1573 762 1636 782 cum
1659 761 1769 782 omnem

978 800 1176 835 tergiversandi
1201 802 1373 830 occasionem
1393 805 1497 836 captes,
1517 801 1585 828 nihil
1604 801 1649 828 hic
1672 807 1727 836 quo
1741 804 1770 827 te

129 848 262 884 οὐδεμίαν
285 848 432 884 πρόφασιν.
463 846 492 874 '0
518 847 572 882 γὰρ
600 847 637 882 μὴ
653 847 741 882 σάρκα
763 845 844 882 ἔχων,
866 846 926 874 οὔτε

986 853 1095 874 excuses
1109 848 1206 874 aliene
1220 848 1335 883 poteris.
1353 846 1460 875 Etenim
1477 847 1525 882 qui
1539 854 1622 874 carne
1639 853 1692 873 non
1703 852 1770 873 con-

131 893 325 930 σταυρωθῆναι
351 892 475 920 δύναται.
502 892 566 924 Πῶς
593 892 643 919 οὐκ
673 892 773 927 ἔφυγες
796 892 828 919 τὸ
854 891 927 928 μέγα

129 934 212 967 τοῦτο
225 938 323 974 ρητόν;
346 937 409 970 Πῶς
426 938 477 965 οὒκ
490 938 674 974 ἐπεχείρησας
694 937 797 974 κρύψαι
811 937 861 974 τὴν
877 947 927 973 με-

130 985 219 1022 γάλην
233 984 335 1021 ταύτην
348 983 552 1021 πραγματείαν,
564 984 613 1020 τὴν
629 983 751 1011 λύσασαν
765 991 813 1010 σου
835 984 926 1010 πᾶσαν

129 1032 181 1068 τὴν
196 1030 227 1065 ἐξ
242 1031 329 1067 ἀρχῆς
348 1030 581 1067 μεμηχανημένην
603 1030 804 1066 κακοτροπίαν;
817 1029 849 1058 Et
871 1029 926 1065 γὰρ

129 1079 202 1111 ὅλως
217 1077 390 1114 ἐσταυρώθη,
408 1077 467 1109 πῶς
477 1077 508 1104 οὺ
526 1076 636 1112 βλέπεις
652 1076 698 1104 τὸν
719 1076 926 1112 ἐσταυρωμένον

130 1125 206 1160 ἁφὴν
221 1124 327 1161 ἔχοντα,
342 1124 392 1151 καὶ
413 1123 490 1159 ἦλοις
504 1123 554 1154 τὰς
572 1123 667 1158 χεῖρας
689 1122 863 1158 πηγνύμενον
879 1122 927 1149 καὶ

132 1171 233 1204 πόδας;
261 1170 318 1197 οὐκ
340 1169 374 1197 ἂν
399 1169 427 1196 δὲ
449 1169 565 1205 ⁴ὴδύνατο
589 1169 699 1204 δόκησις
723 1167 803 1196 τοῦτο
820 1166 889 1195 εἶναι
908 1167 925 1203 ἢ

133 1217 291 1254 φάντασμα,
310 1217 348 1248 ὡς
362 1216 395 1243 σὺ
416 1215 519 1250 λέγεις,
537 1214 605 1242 ἀλλὰ
624 1215 704 1250 σῶμα
727 1214 845 1250 ἀληθῶς,
863 1214 878 1241 ὃ
894 1214 927 1241 ὲκ

133 1264 245 1300 Μαρίας
259 1263 370 1299 εἴληφεν
385 1263 399 1289 ὁ
416 1262 528 1298 Κύριος,
548 1261 648 1297 σάρκα,
670 1259 750 1295 φύσιν
762 1260 812 1296 τὴν
826 1261 926 1296 ἡμετέ-

136 1319 196 1347 ραν.
210 1311 257 1337 καὶ
270 1309 361 1341 ὀστέα,
379 1309 426 1335 καὶ
438 1308 471 1335 τὰ
486 1307 554 1335 ἄλλα
565 1315 572 1322 ·
587 1306 679 1343 ἐπειδὴ
698 1306 926 1342 ὁμολογεῖταικαὶ

135 1356 212 1392 παρὰ
226 1356 267 1383 σοὶ
281 1353 390 1390 σταυρῷ
403 1353 575 1390 προσπαγεὶς
588 1353 602 1380 ὸ
620 1352 734 1389 Κύριος.

172 1455 249 1491 Σχόλ.
267 1453 317 1490 οβ’.
334 1452 481 1490 Παρέκοψε
494 1452 541 1479 τό·
557 1452 692 1488 Σήμερον
707 1451 770 1487 μετ’
784 1452 857 1487 ἐμοῦ
868 1452 926 1482 ἔσῃ

135 1502 171 1530 ἐν
185 1501 222 1534 τῷ
237 1499 422 1535 παραδείσῳ.

173 1547 283 1582 Ἔλεγχ.
298 1544 348 1581 οβ’.
356 1544 455 1577 Καλῶς
463 1544 542 1571 τοῦτο
549 1544 596 1572 καὶ
607 1543 744 1581 ἁρμοδίως
753 1543 924 1579 παρέκυψας,

136 1592 159 1622 ὥ
183 1593 333 1630 Μαρκίων
360 1592 463 1627 ἐπῆρες
475 1590 529 1627 γὰρ
550 1591 604 1618 ἀπὸ
624 1591 736 1618 σεαυτοῦ
757 1591 806 1627 τὴν
824 1591 926 1618 εἴσοδον

136 1641 184 1668 τοῦ
201 1639 376 1675 παραδείσου.
392 1637 461 1665 Οὔτε
484 1637 538 1673 γὰρ
556 1637 588 1663 σὺ
602 1637 756 1673 είσελεύσῃ,
782 1636 843 1664 οὔτε
862 1637 926 1669 τοὺς

138 1688 187 1714 σὺν
200 1686 241 1713 σοὶ
257 1685 357 1716 ἐάσεις.
372 1683 455 1711 Φύσει
474 1683 530 1720 γὰρ
545 1683 585 1719 τῷ
601 1683 658 1710 ὄντι
679 1683 788 1719 μισοῦσι
808 1683 840 1710 τὸ
855 1683 927 1718 ἀγα-

138 1733 184 1761 θὸν
193 1733 218 1760 oi
234 1730 390 1763 πλανῶντες
401 1730 450 1757 καὶ
463 1730 675 1766 πεπλανημένοι.

173 1823 252 1858 Σχὸλ.
274 1825 326 1856 ογ⁴.
351 1821 409 1848 Kal.
445 1820 591 1856 φωνήσας
617 1820 704 1857 φωνῇ
728 1821 845 1857 μεγάλῃ
876 1821 927 1854 ἐξ-

138 1870 298 1897 ear-evoca.

175 1916 284 1952 Ἔλεγχ.
297 1919 346 1951 ογ’.
357 1917 389 1943 Εἰ
399 1915 571 1950 ἐξέπνευσεν,
583 1912 606 1943 ὦ
615 1915 759 1951 Μαρκίων,
773 1915 821 1942 καὶ
836 1915 929 1951 φωνὴν

141 1962 261 1999 μεγάλην
275 1962 410 1992 ἀπέδωκε,
422 1962 504 1989 πόθεν
521 1961 657 1995 ὲξέπνεεν,
672 1961 688 1996 ἢ
707 1961 734 1988 τί
747 1961 778 1988 τὸ
795 1962 927 1995 ὲκπνέον;

139 2009 223 2045 Δῆλον
238 2009 267 2036 δέ
278 2010 346 2041 ἐστι,
364 2009 416 2036 κᾶν
430 2010 462 2036 σὺ
479 2008 517 2044 μὴ
534 2008 638 2043 λέγεις.
650 2008 732 2043 Ψυχὴ
745 2008 794 2034 σὺν
812 2009 846 2044 τῇ
868 2007 929 2035 θεό-

140 2065 201 2092 τητι
217 2056 271 2083 ἀπὸ
285 2055 410 2091 σώματος
422 2054 629 2091 ὲκπορευθεῖσα,
645 2053 692 2081 τοῦ
706 2054 830 2091 σώματος
842 2054 928 2082 ἄπνου

142 2101 292 2138 μείναντος,
308 2101 366 2136 ἔχει
379 2101 397 2136 ἡ
409 2100 532 2135 ἀλήθεια.

175 2233 254 2269 Σχόλ.
273 2233 320 2260 οδν.
344 2231 419 2260 Ἰδοὺ
431 2230 509 2265 ἀνὴρ
522 2231 643 2266 ὀνόματι
662 2229 774 2265 Ἰωσὴφ
794 2230 928 2258 καθελὼν

141 2280 172 2306 τὸ
184 2278 272 2313 σῶμα
294 2276 448 2309 ἐνετύλεξε
469 2275 597 2309 σινδόνι,
613 2275 663 2302 καὶ
677 2275 787 2309 έθηκεν
799 2274 834 2301 ἐν
851 2282 928 2309 μνη-

140 2325 212 2360 μείῳ
226 2322 374 2356 λαξευτῷ.

178 2370 287 2405 Ἐλεγχ.
301 2370 346 2397 οδ¹.
362 2370 394 2396 Et
413 2369 454 2401 τὺ,
475 2368 621 2401 καθελὼν,
636 2368 684 2395 καὶ
699 2367 871 2401 ἑντυλίξας,
884 2368 930 2396 καὶ

142 2417 181 2448 τδ,
199 2416 291 2444 θεῖναι
305 2416 341 2443 ἐν
361 2415 493 2451 μνήματι
517 2414 666 2447 λαξευτῷ,
684 2414 715 2440 οὺ
737 2414 825 2441 πείθει
850 2423 891 2446 σε,
908 2411 931 2442 ὧ

143 2461 283 2496 Μαρκίων,
295 2460 336 2492 τίς
348 2468 395 2487 σου
412 2459 605 2496 ὴλιθιώτερος;
623 2459 655 2485 Τί
668 2459 696 2486 δὲ
716 2458 779 2487 ἄλλο
798 2459 930 2495 σαφέστε-

144 2516 189 2544 ρον
204 2509 221 2543 ἡ
238 2507 332 2544 Γραφὴ
348 2505 405 2542 εἶχε
423 2507 518 2541 δεῖξαι,
536 2507 616 2534 ὁπότε
637 2507 685 2534 καὶ
705 2506 736 2534 τὸ
757 2507 863 2543 μνῆμα,
883 2507 930 2534 καὶ

144 2554 187 2581 τὸν
199 2554 292 2587 τόπον,
306 2554 354 2580 καὶ
374 2553 404 2580 τὸ
420 2551 488 2585 εἶδος
500 2553 595 2586 ἔδειξε,
617 2553 664 2580 καὶ
675 2552 722 2580 τοῦ
744 2552 869 2588 σώματος
880 2553 930 2588 τὴν

144 2599 290 2635 τριήμερον
316 2598 400 2630 θέσιν,
418 2598 515 2625 καὶτὸ
536 2597 636 2634 εῐλημα
659 2597 710 2634 τῆς
734 2597 862 2631 σινδόνος,
887 2597 931 2625 ἵνα

145 2644 218 2681 δείξῃ
230 2645 279 2673 τὴν
291 2645 381 2672 πᾶσαν
396 2643 539 2671 ἀλήθειαν·

977 897 1044 925 stat,
1061 901 1096 921 ne
1114 892 1185 929 attigi
1200 894 1310 929 quidem
1326 893 1402 921 cruci
1417 897 1515 929 potest.
1532 892 1675 926 Quomodo
1686 892 1770 927 igitur

976 943 1032 968 tam
1047 940 1182 969 illustrem
1199 940 1363 968 sententiam
1375 941 1488 968 minime
1502 940 1647 968 devitasti?
1663 943 1711 966 aut
1725 938 1769 967 ino‘

977 995 1044 1023 gens
1063 987 1117 1015 hoc
1134 986 1274 1022 negotium
1294 987 1392 1015 callide
1413 986 1590 1014 dissimulare
1604 993 1661 1013 non
1677 993 1707 1013 es
1726 992 1770 1020 ag-

976 1040 1100 1069 gressus,
1115 1041 1171 1068 quo
1184 1036 1230 1060 tua
1245 1032 1322 1061 fraus
1340 1033 1431 1064 omnis
1447 1036 1475 1060 et
1495 1031 1658 1067 improbitas
1675 1030 1769 1058 fundi-

977 1082 1022 1107 tus
1039 1078 1204 1107 labefactata
1222 1078 1364 1106 concidit?
1381 1077 1448 1105 Nam
1465 1077 1487 1106 si
1506 1077 1620 1105 omnino
1636 1076 1712 1104 cruci
1728 1080 1770 1104 est

977 1124 1085 1158 afﬁxus,
1098 1133 1149 1153 cur
1166 1133 1221 1153 non
1234 1125 1301 1153 illud
1317 1124 1405 1158 vides,
1420 1132 1483 1152 eum
1498 1125 1544 1160 qui
1561 1123 1711 1152 cruciﬁxus
1728 1126 1771 1150 est

978 1172 1131 1204 attrectari,
1141 1171 1258 1207 ejusque
1268 1179 1367 1199 manus
1378 1179 1410 1199 ac
1424 1170 1507 1207 pedes
1519 1171 1605 1199 clavis
1617 1170 1771 1207 perforari?

977 1220 1066 1254 Quare
1087 1227 1142 1247 non
1158 1220 1216 1247 hate
1231 1219 1322 1247 inanis
1337 1219 1422 1251 larva,
1446 1219 1489 1246 vel
1512 1218 1618 1253 species
1640 1224 1703 1245 esse
1721 1225 1771 1253 po-

976 1267 1038 1299 tuit,
1058 1269 1088 1293 ut
1104 1266 1224 1299 asseris;
1240 1265 1289 1293 sed
1312 1272 1408 1292 verum
1430 1271 1542 1299 corpus,
1561 1263 1634 1299 quod
1646 1271 1662 1291 e
1685 1262 1770 1290 Maria

977 1311 1104 1339 Christus
1114 1311 1230 1345 accepit,
1243 1317 1355 1338 carnem
1367 1309 1641 1340 videlicetnostram,
1655 1312 1683 1336 et
1693 1315 1769 1339 ossa,

978 1363 1130 1392 caeteraque
1144 1357 1268 1392 corporis
1291 1356 1413 1384 membra
1429 1365 1436 1383 :
1452 1355 1674 1390 quandoquidem
1693 1352 1771 1382 cruci

977 1402 1086 1429 aliixum
1104 1409 1165 1430 esse
1181 1401 1327 1429 Dominum
1340 1410 1375 1429 ne
1389 1401 1448 1436 ipso
1463 1401 1573 1436 quidem
1585 1399 1720 1428 dilliteris.

1015 1447 1108 1475 Schol.
1129 1447 1173 1474 72.
1194 1447 1252 1475 Hoc
1276 1447 1388 1484 insuper
1411 1447 1546 1475 abstulit:
1563 1446 1650 1474 Hodie
1670 1453 1772 1474 mecum

978 1494 1031 1522 eris
1045 1494 1072 1521 in
1086 1493 1243 1528 paradiso".

1016 1539 1109 1568 Refut.
1121 1541 1163 1568 72.
1175 1539 1260 1567 Recte
1270 1539 1323 1568 hoc
1339 1543 1367 1567 et
1381 1543 1566 1567 consentanee
1580 1538 1692 1574 quidem
1705 1538 1772 1566 sub-

979 1585 1098 1618 traxisti,
1119 1584 1231 1613 Marcio.
1256 1584 1380 1612 Paradisi
1402 1585 1475 1613 enim
1497 1584 1546 1612 tibi
1561 1584 1664 1612 aditum
1684 1584 1771 1612 inter-

979 1631 1095 1664 clusisti,
1114 1636 1143 1658 ut
1160 1638 1249 1666 neque
1264 1635 1322 1658 tute
1346 1631 1511 1666 ingrediare,
1537 1638 1626 1666 neque
1642 1633 1704 1658 tuos
1723 1638 1774 1665 μορ

980 1678 1058 1706 tiaris
1070 1677 1177 1713 ingredi
1188 1677 1211 1705 ⁸.
1231 1678 1270 1705 ita
1288 1677 1360 1706 enim
1381 1682 1569 1713 comparatum
1584 1681 1636 1710 est,
1653 1681 1684 1704 ut
1699 1677 1773 1712 quod

979 1723 1081 1751 bonum
1101 1727 1144 1752 est
1162 1723 1272 1751 oderint
1290 1726 1345 1751 tam
1364 1723 1411 1758 qui
1434 1724 1463 1751 in
1488 1731 1610 1752 errorem
1625 1723 1773 1757 inducunt,

979 1776 1061 1804 quam
1076 1769 1122 1803 qui
1137 1767 1229 1796 induci
1247 1775 1277 1796 se
1292 1769 1464 1802 permittunt.

1016 1813 1112 1842 Schol.
1141 1813 1184 1842 75.
1215 1812 1251 1841 Et
1278 1813 1433 1841 exclamans
1466 1821 1527 1841 voce
1555 1821 1653 1848 magno
1683 1812 1774 1848 exspi-

980 1860 1076 1888 rauit'.

1016 1906 1110 1934 Refut.
1128 1905 1174 1933 73.
1194 1906 1263 1934 Cum
1285 1905 1443 1942 exspirarit,
1459 1912 1476 1932 ι)
1492 1904 1613 1933 Marcio!
1634 1905 1774 1938 Christus,

980 1957 1009 1981 et
1029 1953 1060 1981 in
1081 1953 1219 1988 ingentem
1233 1959 1330 1980 vocem
1350 1952 1482 1987 eruperit,
1498 1951 1610 1987 quinam
1632 1952 1776 1987 exspirare
1794 1957 1801 1963 '

983 1999 1079 2034 potuit,
1092 2003 1140 2026 aut
1150 1998 1216 2033 quid
1230 1998 1341 2025 tandem
1353 1998 1523 2034 exspiravit?
1534 1997 1670 2025 Nimirum
1680 2005 1776 2033 quam-

981 2045 1049 2074 libet
1058 2044 1141 2080 348
1151 2048 1254 2078 taceas,
1275 2043 1452 2072 manifestum
1477 2043 1550 2072 istud
1568 2047 1612 2072 est
1628 2052 1635 2071 :
1653 2044 1772 2071 animam

982 2092 1079 2124 fuisse,
1095 2099 1156 2127 quae
1176 2099 1238 2119 cum
1254 2090 1399 2118 divinitate
1415 2097 1431 2117 a
1456 2097 1571 2126 corpore
1591 2090 1773 2123 discesserit;

982 2147 1044 2166 cum
1059 2138 1169 2166 interim
1190 2138 1288 2165 animae
1303 2137 1371 2165 illud
1387 2144 1486 2173 expers
1505 2141 1639 2170 maneret,
1657 2141 1687 2164 ut
1702 2137 1774 2165 veri—

983 2188 1024 2211 tas
1038 2183 1098 2218 ipsa
1113 2182 1246 2210 continet.

1022 2229 1115 2257 Schol.
1144 2229 1187 2256 74.
1208 2228 1276 2256 Ecce
1298 2228 1348 2261 vir,
1370 2227 1475 2255 ndnine
1494 2227 1604 2262 Ioseph.
1628 2227 1774 2262 depositura

985 2282 1078 2309 corpus
1092 2274 1211 2304 involvit,
1225 2278 1250 2301 et
1267 2274 1355 2309 posuit
1365 2274 1393 2300 in
1407 2274 1573 2301 monimento
1585 2273 1673 2300 exciso
1687 2273 1719 2300 '°.

1019 2364 1111 2392 Refut.
1130 2363 1174 2391 τι.
1195 2362 1224 2391 Si
1238 2362 1280 2390 hae
1294 2369 1386 2395 voces,
1406 2362 1565 2397 depositum,
1585 2364 1612 2389 et
1630 2361 1774 2392 involvens,

984 2416 1012 2441 et
1030 2420 1125 2447 ponere
1138 2414 1166 2438 in
1182 2415 1349 2438 monumento
1364 2410 1462 2442 exciso,
1479 2409 1644 2444 persuadere
1657 2408 1707 2436 tibi
1725 2415 1775 2436 ne-

982 2460 1099 2493 queunt,
1116 2456 1229 2489 Marcio,
1241 2456 1308 2491 quid
1319 2459 1346 2484 te
1361 2455 1424 2491 tingi
1439 2458 1528 2490 potest
1537 2454 1693 2482 amentius‘t
1703 2453 1774 2488 Quid

982 2510 1073 2532 autem
1099 2503 1202 2531 clarius
1226 2502 1349 2530 indicare
1371 2501 1513 2536 Scriptura
1534 2500 1633 2536 potuit,
1660 2507 1722 2527 cum
1747 2503 1776 2527 et

983 2553 1202 2583 monumentum,
1222 2553 1250 2576 et
1270 2548 1371 2580 locum,
1396 2551 1424 2576 et
1447 2547 1508 2582 ejus
1530 2547 1647 2575 formam
1672 2553 1704 2573 ac
1725 2545 1774 2573 de-

982 2594 1162 2630 scriptionem
1177 2592 1362 2629 expresserit;
1381 2591 1516 2620 addiderit
1538 2592 1652 2628 inSuper
1668 2591 1775 2619 tridua-

981 2647 1046 2668 nam
1059 2640 1134 2668 illam
1149 2640 1176 2668 in
1192 2640 1318 2676 sepulcro
1333 2638 1588 2671 commorationem,
1605 2644 1666 2665 cum
1681 2635 1774 2664 sindo-

982 2687 1026 2716 nis
1039 2687 1191 2720 involucro,
1207 2686 1248 2714 uti
1260 2688 1344 2714 totam
1358 2684 1398 2713 rei
1409 2684 1551 2713 veritatem
1562 2681 1739 2712 ostenderet?

179 2772 188 2788 ⁸
201 2769 417 2799 Deessevidetur
434 2767 570 2796 nonnihil.
599 2767 608 2783 ⁸
620 2766 715 2794 Matth.
727 2774 773 2796 xv.
787 2766 814 2794 4.
853 2766 864 2782 ³
879 2765 974 2793 Matth.
994 2773 1050 2796 xIx.
1068 2765 1095 2794 6.
1125 2765 1137 2781 ⁸
1151 2765 1218 2793 Luc.
1235 2773 1292 2799 xiv,
1306 2764 1352 2793 ‘26.
1385 2765 1395 2781 '
1410 2763 1477 2792 Luc.
1491 2771 1569 2798 xxtu,
1581 2762 1626 2791 33.
1664 2760 1675 2777 ⁸
1686 2759 1773 2788 Exod.

146 2813 202 2837 xxv.
216 2806 262 2833 24.
299 2806 309 2822 ⁷
327 2804 393 2832 Luc.
412 2811 493 2837 xxlu,
507 2803 552 2832 45.
587 2802 597 2819 ⁸
608 2802 676 2830 Luc.
688 2809 729 2834 xl,
740 2801 787 2830 52.
823 2801 834 2818 ⁹
849 2800 917 2829 Luc.

986 2809 1014 2835 ll,
1031 2800 1077 2829 46.
1117 2800 1140 2817 ¹⁹
1151 2801 1219 2829 ibid.
1235 2800 1280 2828 55.

183 2882 239 2919 (80)
260 2882 420 2918 Ἐπιτιιπ-ὴν
445 2881 547 2918 ἐτέρας
565 2881 704 2914 πίστεως.
721 2881 801 2910 Corr.
821 2879 950 2916 ὲπιταγῇ.
