1952 3045
194 153 241 180 771

895 149 924 178 S.
943 149 1113 176 EPlPllANII

1761 147 1817 175 ’172

229 208 321 236 Schol.
344 207 388 234 75.
408 206 441 234 Et
458 210 611 234 reuertentes
626 206 748 233 mulieres
763 206 893 233 siluerunt
909 206 975 233 Sab-

1064 205 1140 240 Σχόλ.
1153 208 1200 231 οῖ’.
1221 204 1274 231 Kal
1290 203 1517 238 ὑποστρέψασαι
1533 203 1564 229 αι
1580 202 1719 238 γυναῖκες
1738 203 1816 237 ήσύ-

191 254 253 281 balo
265 253 406 281 set-undam
420 253 576 279 mandatum
588 253 608 278 ¹.

226 299 318 327 Refut.
339 299 382 326 75.
396 298 483 330 Unde,
498 306 600 335 quaeso,
617 299 744 326 mulieres
758 305 872 326 reversa:
895 297 977 324 sunt?

191 353 239 374 aut
255 355 305 374 cur
319 346 427 374 demum
447 345 557 373 siluisse
579 349 734 376 narrantur,
749 345 801 372 nisi
821 349 850 371 ut
860 344 976 370 illarum

192 393 358 424 testimonia,
385 391 485 426 quibus
501 392 607 418 insania
627 396 673 418 tua
698 390 881 426 redarguitur,
902 388 977 427 Scri-

191 443 272 474 ptura
293 437 466 466 declararet?
487 436 558 465 Ecce
572 437 621 464 tibi
637 437 766 465 mulieres
784 440 930 467 testantur,
949 439 977 462 et

192 485 318 520 apostoli,
339 489 365 512 et
384 483 481 515 Judaei,
506 488 533 511 et
561 483 660 519 angeli,
679 487 706 510 et
722 482 822 518 Joseph
844 483 913 516 ipse.
929 481 976 515 qui

193 531 336 558 tractabile
352 538 453 566 corpus
469 538 485 558 e
505 537 587 557 cruce
603 529 724 561 demisit,
741 533 768 556 et
778 528 908 556 obvolvit.
924 526 977 555 Ve—

191 584 253 604 rum
277 576 334 610 quis
354 583 412 602 eum
434 575 561 610 corrigat,
574 575 619 609 qui
634 575 747 608 seipsum
761 581 808 600 suo
823 572 926 607 judicio
945 580 978 599 ac

191 622 323 649 voluntate
337 622 480 656 pervertit?
493 621 530 648 uti
543 621 674 655 scriptum
693 619 836 654 legimus‘.

227 667 317 694 Schol.
335 667 380 694 76.
402 667 530 694 Dixerunt
545 667 589 702 qui
603 671 678 693 erant
691 666 718 692 in
731 670 799 692 veste
815 664 876 692 alba
887 672 896 691 :
907 664 977 698 Quid

191 714 309 749 queritis
326 714 450 741 viventem
472 722 531 740 tum
555 713 684 740 mortuis?
698 711 830 739 Surrexit.
844 710 978 738 Recorda-

192 759 256 785 mt‘ni
280 767 338 794 qute
359 759 461 786 locutus
485 763 535 790 est,
558 767 617 786 cum
641 757 726 784 adhuc
748 757 978 790 etset:Quoniam

191 809 292 838 oportet
307 805 392 839 ﬁlium
403 804 518 832 hominis
531 805 587 838 pati
599 809 623 831 et
635 803 738 832 tradi‘.

227 888 318 916 Reiut.
340 888 383 916 76.
403 887 497 916 Fidem
524 887 573 916 tibi
592 887 680 916 facere
704 895 739 915 ne
761 887 849 923 angeli
867 888 976 923 quidem

192 937 238 965 isti
250 939 374 971 possunt,
387 943 403 962 ο
413 934 527 961 Marcio!
541 934 604 961 dum
619 934 707 968 ipsum
721 933 812 960 triduo
823 933 894 960 inter
904 940 977 960 mor-

192 988 255 1010 tuos
271 985 409 1009 versatum
428 987 490 1008 esse
512 979 670 1014 przedicant,
685 979 865 1014 eumdemque
884 983 978 1014 postea

194 1028 354 1059 redivivum,
379 1033 428 1053 nec
450 1025 567 1060 amplius
591 1028 744 1055 mortuum;
766 1025 813 1059 qui
837 1023 979 1052 divinitate

192 1074 303 1108 quidem
331 1073 391 1107 ipsa
415 1074 546 1106 perpetuo
573 1071 657 1103 vivat,
686 1078 774 1105 neque
800 1074 914 1098 mortem
943 1071 979 1098 sit

191 1127 244 1154 exp
263 1123 321 1145 rtus
336 1115 491 1152 aliquando,
510 1123 594 1143 carne
609 1123 675 1143 vero
689 1115 781 1142 triduo
801 1120 926 1143 mortuus
935 1117 979 1150 ja-

193 1165 290 1195 cuerit,
310 1171 342 1189 ac
357 1163 446 1190 denuo
461 1162 551 1189 vivere
562 1161 686 1196 cmperit.
704 1160 749 1188 Sic
762 1161 834 1188 enim
852 1162 979 1189 mulieres

193 1210 390 1244 alloquuntur:
406 1207 547 1239 Surrexit;
574 1214 624 1234 non
654 1211 693 1233 est
716 1206 767 1233 hic.
795 1206 866 1239 Quid
890 1211 978 1234 autem

193 1255 267 1282 aliud
280 1254 408 1290 surgendi
428 1261 491 1285 vox,
511 1251 563 1279 nisi
573 1259 635 1279 eum
656 1252 802 1279 dormiisse
823 1252 980 1287 signiﬁcat?

193 1301 271 1334 Quod
292 1301 401 1336 quidem
421 1298 593 1326 manifestius
613 1301 705 1333 postea
721 1297 872 1325 declarant.
889 1298 980 1325 Recor-

1026 259 1127 285 χασιιν
1144 250 1177 276 τὸ
1193 250 1343 276 σάϐϐατον
1354 249 1429 276 κατὰ
1444 249 1498 275 τὸν
1512 249 1614 283 νόμον.

1064 297 1173 331 Ἔλεγχ.
1187 299 1234 322 os’.
1253 295 1337 321 ΙΙόοεν
1349 294 1520 331 ὑπέστρεψαν
1530 294 1558 320 αἱ
1570 295 1715 328 γυναῖκες;
1733 293 1776 320 διὰ
1789 294 1816 320 τί

1025 341 1055 369 δὲ
1071 342 1118 369 καὶ¹
1141 342 1173 368 τὸ
1194 341 1332 377 ἡσύχασαν
1357 341 1529 376 γέγραπταις
1551 339 1608 366 ἀλλ’
1631 339 1674 366 ἴνα
1695 338 1771 375 δείξῃ
1798 340 1816 374 ἠ

1026 387 1046 413 Γ
1049 387 1121 423 ραφὴ
1137 387 1184 422 τὴν
1212 386 1301 414 αὐτῶν
1325 385 1489 422 μαρτυρίαν,
1513 385 1676 420 ἐλέγχουσάν
1694 394 1741 412 σου
1765 385 1816 420 τὴν

1026 433 1128 465 ἄνοιαν,
1142 429 1165 459 ὦ
1183 432 1326 467 Μαρκίων.
1345 432 1410 458 Ἰδοὺ
1424 431 1478 465 γὰρ
1496 431 1543 457 καὶ
1557 432 1685 465 γυναῖκες
1707 439 1815 466 μαρτυ-

1027 478 1104 514 ροῦσι
1117 499 1124 511 ,
1145 477 1192 504 καὶ
1219 476 1373 509 ἀπόστολοι,
1402 477 1450 503 καὶ
1474 476 1604 508 Ἰουδαῖοι,
1628 475 1675 502 καὶ
1692 475 1814 509 ἄγγελοι,

1027 524 1074 549 καὶ
1095 522 1194 558 Ἰωσὴφ
1207 523 1221 549 ὁ
1240 521 1397 558 ψηλαφητὺν
1413 521 1497 553 ὅντως
1518 521 1598 556 σῶμα
1621 520 1751 552 καθελὼν,
1767 520 1816 546 καὶ

1027 567 1176 603 ὲνειλήσας.
1197 568 1244 600 Τίς
1259 566 1293 594 δὲ
1315 566 1463 601 κοσμήσει
1487 566 1540 593 τὸν
1561 566 1816 600 αὑτοκατακριτως

1027 613 1136 640 ἑαυτὸν
1151 612 1367 647 διαστρέφοντα
1375 612 1436 646 ubi;
1451 604 1508 638 ἐστι
1523 612 1726 648 γεγραμμένον.

1062 658 1140 693 Σχόλ,
1154 661 1206 690 σε’.
1226 657 1324 685 Εἶπαν
1340 659 1367 685 οι
1384 658 1420 685 ἐν
1435 657 1541 692 ἐσθῆτι
1560 657 1682 692 λαμπρᾷ
1694 666 1700 673 ·
1722 657 1753 685 Τί
1767 655 1816 691 ζη-

1027 705 1102 731 τεῖτε
1116 704 1170 731 τόν
1180 703 1271 734 ζῶντα
1283 705 1358 738 μετὰ
1372 703 1432 731 τῶν
1443 703 1573 738 νεκρῶν;
1594 703 1722 738 Ἠγέρθη.
1737 703 1820 737 Mm}-

1027 752 1120 784 σθητε
1138 750 1195 777 ὅσα
1211 750 1364 784 ἐλάλησεν
1380 750 1424 776 ἔτι
1445 750 1487 777 ὢν
1498 751 1562 785 μεθ’
1581 748 1674 784 ὑμῶν·
1691 750 1755 776 Ὀτι
1770 749 1818 776 δεῖ

1027 796 1081 823 τὸν
1102 796 1170 822 Υὶὸν
1182 795 1235 822 τοῦ
1250 795 1406 830 ἀνθρώπου
1419 795 1519 823 πολλὰ
1529 795 1645 828 παθεῖν,
1661 795 1712 822 καὶ
1725 802 1817 823 παθα-

1028 840 1164 875 δοθῆναι.

1066 888 1176 923 Ἕλεγχ.
1193 891 1247 920 ος’.
1259 887 1327 914 Οὐδὲ
1341 883 1414 914 οὗτοί
1428 895 1457 914 σε
1469 887 1607 915 πείθουσιν
1622 888 1645 915 oi
1657 887 1776 922 ἄγγελοι,
1792 883 1818 914 ὦ

1029 933 1170 969 Μαρκίων,
1183 933 1376 969 ὁμολογοῦντες
1393 933 1443 968 μὲν
1460 933 1540 960 αὑτὸν
1554 934 1700 969 τριήμερον
1714 933 1817 968 μεταξὺ

1029 978 1132 1014 νεκρῶν
1145 979 1319 1013 γεγενῆσθαι,
1333 978 1420 1010 ζῶντα
1433 977 1461 1004 δὲ
1477 978 1579 1011 λοιπὸν,
1597 979 1644 1005 καὶ
1660 979 1751 1005 οὐκέτι
1773 987 1817 1005 νε-

1029 1025 1112 1059 κρόνσ
1133 1024 1177 1050 ἀεὶ
1196 1024 1245 1060 μὲν
1264 1024 1353 1055 ζῶντα
1367 1025 1396 1050 ὲν
1411 1025 1445 1059 τῇ
1463 1024 1580 1060 Θεότητι,
1604 1024 1650 1050 καὶ
1669 1024 1730 1060 μηδ’
1749 1024 1818 1056 ὅλως

1029 1069 1209 1105 νεκρωθέντα,
1231 1069 1403 1105 νεκρωθέντα
1418 1070 1446 1096 δὲ
1461 1070 1532 1097 κατὰ
1553 1070 1640 1106 σάρκα
1655 1070 1686 1097 τὸ
1701 1070 1818 1106 τριήμε-

1031 1123 1088 1151 ρον,
1103 1115 1150 1142 καὶ
1165 1115 1244 1142 πάλιν
1257 1115 1355 1148 ζῶντα.
1365 1115 1479 1150 Λέγουσι
1488 1115 1542 1151 γὰρ
1552 1116 1647 1148 αὑταῖς
1656 1124 1663 1131 ·
1683 1115 1818 1149 Ἀνέστη·

1028 1164 1083 1190 οὐκ
1095 1163 1184 1190 ἔστιν
1201 1161 1269 1191 ὧδε.
1286 1163 1322 1190 To
1338 1163 1366 1190 δὲ
1378 1163 1491 1197 ἀνέστη
1505 1163 1530 1191 τί
1545 1164 1603 1190 ἐστι
1618 1163 1642 1188 εἰ
1656 1161 1693 1198 μὴ
1712 1163 1752 1188 ὃτι
1769 1161 1818 1188 καὶ

1027 1209 1180 1245 ὲκοιμήθη;
1197 1209 1368 1244 Σαφέστερον
1388 1209 1443 1244 γὰρ
1459 1208 1525 1235 αὐτὸ
1551 1208 1716 1244 διηγοῦνται.
1736 1207 1817 1241 Μνή-

1027 1256 1119 1288 σθητε
1144 1256 1207 1291 γὰρ,
1228 1255 1322 1291 φησὶν,
1345 1255 1390 1282 ὅτι
1410 1255 1454 1282 ἐτι
1472 1254 1580 1290 περιὼν
1598 1253 1692 1281 ταῦτα
1712 1254 1818 1288 ἐλετεν

1028 1301 1114 1335 ὑμῖν·
1133 1302 1198 1328 Ὅτι
1213 1301 1259 1328 δεῖ
1270 1301 1376 1328 παθεῖν
1389 1301 1444 1328 τὸν
1455 1301 1524 1329 Υὶὸν
1534 1301 1587 1328 τοῦ
1597 1299 1764 1334 ἀνθρώπου.

193 1348 295 1374 domini
314 1348 385 1374 enim
396 1367 403 1380 ,
419 1340 554 1382 inquiunt,
578 1345 701 1381 quoniam
716 1353 774 1372 cum
788 1345 874 1372 adhuc
889 1347 981 1374 viveret
1001 1348 1068 1375 talia
1080 1350 1183 1377 locutu:
1199 1355 1238 1376 est
1253 1349 1325 1376 vobis
1337 1357 1348 1376 :
1364 1349 1435 1382 Quia
1454 1353 1555 1383 oportet
1572 1349 1629 1384 pati
1652 1347 1753 1375 Filium
1770 1346 1811 1374 Ιιοσ

194 1404 285 1422 mum.

232 1441 323 1468 Schol.
341 1441 386 1467 77.
408 1439 478 1473 Quin
496 1446 526 1466 ea
540 1439 660 1470 sustulit,
680 1446 740 1473 qua:
766 1438 892 1475 Cleophze
906 1439 976 1474 ejus-

1067 1439 1142 1474 Σχόλ.
1157 1437 1203 1471 οἴ.
1213 1439 1353 1475 Παρέκοψε
1365 1439 1394 1466 τὸ
1405 1439 1547 1475 εἰρημένον
1559 1438 1627 1474 πρὸς
1638 1438 1763 1465 Κλεόπαν
1771 1441 1817 1466 xu.)

193 1493 247 1521 que
261 1485 337 1513 socio
352 1485 424 1511 dicta
439 1487 512 1515 sunt.
529 1490 591 1510 eum
612 1483 666 1511 illis
678 1485 799 1511 occurrit
811 1493 816 1510 :
828 1484 850 1512 0
862 1485 938 1512 stulti
956 1490 980 1512 et

1033 1485 1076 1512 τὸν
1098 1485 1187 1518 ἄλλον,
1210 1486 1255 1512 ὅτε
1275 1486 1441 1520 συνήντησεν
1463 1485 1566 1516 αὐτοῖς,
1580 1484 1628 1511 τό*
1641 1482 1676 1511 Ὦ
1695 1485 1819 1520 ἀνόητοι

195 1531 266 1557 tardi
290 1530 366 1556 corde
387 1529 421 1556 ad
450 1528 606 1556 credendum
629 1529 657 1556 in
681 1529 800 1556 omnibus
821 1537 879 1564 qua:
900 1530 981 1556 locuti

194 1581 254 1603 sunt
275 1574 423 1610 prophetw!
439 1574 532 1602 Nonne
558 1574 614 1601 hwc
639 1575 755 1608 oportuit
771 1575 863 1608 pati“!
875 1575 913 1602 Ac
929 1583 980 1610 pro

194 1621 248 1651 his.
263 1622 289 1647 in
303 1620 422 1648 omnibus
434 1629 492 1655 qua!
510 1620 591 1646 locuti
610 1625 671 1646 sunt
689 1620 821 1654 prop/leta:
832 1641 840 1652 ,
859 1622 979 1655 scripsit,

194 1667 220 1693 in
236 1666 318 1702 349
329 1667 448 1693 omnibus
473 1674 530 1701 quo:
548 1666 650 1693 loculus
662 1674 720 1693 sunt
734 1666 817 1694 vobis.
831 1667 885 1694 Sed
901 1675 932 1694 ex
949 1675 981 1694 eo

193 1713 375 1747 redarguitur,
400 1711 471 1746 quod
492 1719 554 1739 cum
578 1719 672 1746 panem
695 1712 784 1747 fregit,
810 1714 895 1746 aperti
920 1718 981 1740 sunt

193 1758 264 1785 oculi
279 1766 380 1790 eorum,
395 1762 418 1784 et
433 1762 606 1792 cognoverunt
619 1757 695 1783 illum
706 1757 727 1785 '.

231 1804 323 1832 Refut.
338 1804 381 1830 77.
402 1803 479 1831 Unde
504 1803 549 1830 illa
574 1804 653 1838 panis
680 1803 796 1831 tractio?
823 1803 877 1835 dic,
902 1804 983 1832 sodes

195 1848 305 1877 Marcio.
319 1848 389 1877 Num
412 1850 446 1876 ab
470 1849 543 1876 inani
559 1849 648 1884 aliqua
663 1849 765 1882 forma;
783 1856 818 1876 an
834 1857 849 1876 a
867 1857 982 1884 corpore

196 1895 266 1923 mole
280 1895 370 1930 aliqua
388 1898 540 1927 constante,
555 1901 587 1920 ac
604 1901 697 1921 revera
713 1893 786 1921 istud
808 1899 906 1929 agente
920 1901 983 1929 pro-

195 1942 266 1969 fecta
282 1941 344 1969 est?
355 1940 423 1968 Cum
436 1941 508 1968 enim
524 1945 677 1974 resurgeret
691 1947 706 1966 a
723 1941 849 1972 mortuis,
861 1947 923 1966 cum
940 1948 983 1967 eo-

195 1988 257 2015 dem
282 1987 328 2014 illo
350 1986 524 2014 sanctissimo
543 1992 656 2020 corpore
680 1985 779 2020 reipsa‘
797 1985 925 2012 surrexit.
942 1984 983 2011 'l‘u

197 2040 260 2060 vero
277 2041 326 2068 pro
339 2033 380 2059 his
391 2031 482 2059 verbis
496 2041 502 2058 ι
520 2030 614 2057 Nonne
628 2031 682 2057 lucc
693 2034 754 2057 sunt
764 2031 913 2065 quteloculi
923 2035 984 2057 sunt

195 2078 346 2113 proplteta'?
366 2077 527 2104 Rescribei'e
553 2084 636 2104 ausus
657 2083 686 2103 es
704 2086 710 2103 :
728 2075 822 2102 Nonne
846 2075 900 2103 Ιιαιο
922 2080 984 2103 sunt

196 2132 254 2158 qm:
270 2123 372 2150 loculus
389 2131 446 2149 sum
459 2121 549 2149 vobis?
562 2122 644 2156 Atqui
663 2122 686 2149 si
711 2121 761 2149 hoc
779 2122 832 2149 illis
846 2121 960 2148 dixisset
975 2130 982 2148 :

1031 1532 1080 1558 καὶ
1092 1531 1216 1565 βραδεῖς
1234 1532 1288 1559 τοῦ
1311 1531 1463 1558 πιστεύειν
1486 1530 1580 1558 πᾶσιν
1597 1528 1642 1563 οἷς
1661 1531 1819 1565 ἐλάλησαν

1031 1580 1057 1606 οἱ
1072 1577 1241 1613 προφῆται]
1261 1577 1328 1612 οὐχὶ
1351 1575 1445 1604 ταῦτα
1466 1576 1526 1604 ἔδει
1546 1576 1666 1608 παθεῖν;
1683 1577 1730 1603 καὶ¹
1754 1577 1818 1603 ἀντὶ¹

1031 1623 1088 1655 τοῦ,
1103 1624 1150 1658 ἐφ’
1172 1621 1217 1656 οἷς
1227 1623 1385 1657 ἐλάλησαν
1400 1624 1426 1650 ol
1442 1621 1601 1656 προφῆται,
1617 1622 1755 1657 ἐποίησεν,
1772 1622 1818 1656 ἐφ’

1031 1667 1075 1702 οἷς
1090 1668 1229 1703 ἐλάλησα
1255 1668 1336 1703 ὑμῖν.
1355 1668 1510 1703 Ἐλέγχεται
1526 1667 1564 1699 δὲ,
1577 1667 1628 1700 ὃτι,
1643 1668 1687 1694 ὅτε
1705 1668 1817 1695 ἔπλασε

1030 1715 1084 1742 τὸν
1096 1715 1197 1749 ἄρτον,
1219 1714 1408 1749 ἠνοίχθησαν
1428 1713 1529 1741 αὐτῶν
1548 1715 1576 1741 οι
1596 1714 1754 1748 ὀφθαλμοί,
1767 1714 1818 1741 και

1031 1761 1207 1796 ἐπέγνωσαν
1222 1762 1324 1788 αὐτόν.

1069 1807 1177 1842 Ἐλεγχ.
1193 1806 1239 1839 οξ.
1269 1806 1353 1833 Πόθεν
1375 1807 1392 1842 ἡ
1414 1806 1509 1838 κλάσις
1527 1805 1574 1832 τοῦ
1589 1805 1671 1841 ἄρτου
1692 1805 1817 1840 ἓγένετος

1032 1852 1105 1886 λέγε,
1120 1849 1143 1878 ὧ
1170 1852 1313 1888 Μαρκίων.
1336 1851 1402 1878 ’Λπὸ
1422 1852 1572 1887 φαντασίας
1588 1851 1605 1887 ἢ
1621 1851 1675 1878 ἀπὸ
1691 1851 1817 1886 σώματος

1032 1897 1206 1935 ἐνεργοῦντος
1221 1896 1340 1934 ὀγκηροῦ
1363 1897 1435 1925 κατὰ
1456 1897 1599 1934 άλήθειαν;
1623 1897 1752 1928 Ἀναστὰς
1763 1896 1816 1932 γὰρ

1033 1943 1064 1970 ἑκ
1077 1943 1130 1970 τῶν
1146 1943 1261 1979 νεκρῶν,
1278 1945 1306 1970 ὲν
1321 1943 1395 1978 αὐτῷ
1409 1943 1448 1978 τῷ
1466 1944 1535 1978 ἁγίῳ
1550 1942 1655 1978 σώματι
1675 1942 1773 1976 ἀνέστη
1787 1942 1818 1967 ὲν

1033 1989 1155 2025 ἀληθείᾳ.
1182 1989 1326 2025 Ἐποίησας
1350 1990 1389 2022 δὲ,
1419 1986 1441 2016 ὦ
1462 1990 1605 2026 Μαρκίων,
1630 1990 1690 2016 ἀντὶ
1712 1989 1759 2016 τοῦ
1775 1990 1819 2016 Οὐ

1032 2034 1125 2063 ταῦτὰ
1140 2036 1224 2062 ἐστιν
1235 2035 1254 2062 ἃ
1266 2035 1425 2069 ἐλάλησαν
1439 2037 1467 2062 οι
1481 2035 1629 2070 προφῆται
1640 2043 1650 2067 ;
1671 2036 1712 2062 Οὐ
1726 2034 1820 2062 ταῦτὰ

1033 2081 1118 2107 ἐστιν
1131 2079 1150 2106 ti
1165 2079 1302 2114 ἐλάλησα
1315 2080 1397 2115 (mir;
1413 2081 1444 2107 Et
1462 2080 1490 2107 δὲ
1505 2078 1580 2107 εἶπεν
1597 2080 1689 2112 αὐτοῖς
1699 2088 1706 2095 ·
1730 2079 1817 2107 Ἐλά-

1033 2129 1115 2160 λησα
1142 2126 1224 2161 ὑμῖν,
1245 2127 1331 2162 πάντη
1362 2127 1508 2160 ἐγίνωσκον
1533 2127 1613 2153 αὺτὸν
1637 2127 1670 2153 ἂν
1685 2126 1740 2153 ἀπὸ
1770 2125 1818 2152 τοῦ

197 2169 311 2197 Locutus
329 2177 387 2196 sum
403 2167 484 2200 vobis,
502 2175 535 2195 ex
549 2168 583 2195 iis
600 2169 694 2202 utique
709 2167 800 2195 verbis
825 2167 914 2201 ipsum
937 2174 980 2194 co-

1034 2172 1112 2207 λόγου
1126 2172 1172 2199 τοῦ
1183 2173 1322 2207 ἐλάλησα
1337 2173 1417 2208 ὑμῖν.
1436 2173 1498 2204 Πῶς
1514 2171 1559 2199 οὖν
1572 2173 1601 2199 ἐν
1613 2173 1645 2208 τῇ
1663 2172 1757 2200 κλάσει
1770 2171 1818 2198 τοῦ

196 2223 327 2251 guoscere
347 2215 507 2242 debuerant.
523 2214 577 2251 cur
600 2214 682 2249 igitur
699 2214 726 2240 in
748 2213 898 2248 frangendo
917 2221 985 2248 pane

197 2244 318 2296 sulijicit,
335 2261 425 2295 Aperti
448 2264 508 2305 sunt
530 2244 637 2287 illorum
664 2259 743 2291 oculi,
766 2263 791 2286 et
811 2264 985 2294 cognoverunt

196 2317 255 2334 eum
269 2316 278 2335 :
290 2312 314 2335 et
330 2307 434 2334 evanuit
445 2307 457 2335 7
468 2306 505 2333 lta
519 2306 620 2341 quippe
632 2305 714 2333 Deum
728 2306 850 2338 decebat,
866 2305 912 2340 qui
925 2312 986 2332 cor-

197 2362 247 2389 pus
262 2362 341 2381 suum
365 2353 393 2380 in
417 2352 538 2388 spiritale
555 2352 746 2382 convertisset,
762 2359 855 2378 verum
873 2351 983 2386 quidem

197 2400 264 2426 illud
279 2398 435 2429 ostendere,
452 2398 498 2425 sed
515 2398 622 2432 quoties
635 2401 725 2425 tamen
742 2397 866 2424 libuisset
882 2401 983 2424 morta-

198 2445 263 2472 lium
273 2444 360 2471 oculis
372 2443 534 2471 subtrahere
546 2450 554 2469 :
566 2443 675 2477 quando
689 2443 756 2469 nihil
769 2447 810 2470 est
824 2443 895 2477 quod
911 2443 983 2469 illius

199 2493 358 2525 potestalem
383 2488 503 2523 effugiat.
519 2488 586 2514 Nam
607 2492 633 2515 et
645 2487 759 2515 Elisaaus
770 2488 901 2523 propheta
921 2495 983 2514 cum

197 2541 280 2567 esset,
292 2539 319 2562 et
334 2543 349 2561 a
363 2534 418 2561 Deo
433 2533 563 2561 beneﬂcio
575 2533 709 2568 ejusmodi
724 2537 797 2561 esset
809 2533 931 2564 allectus,
950 2532 985 2559 ab

197 2583 292 2609 eodem
305 2580 460 2616 postulavit,
473 2585 503 2607 ut
518 2579 564 2614 qui
577 2587 606 2607 se
618 2583 780 2614 qumrercnt,
796 2579 859 2606 (τωοί
875 2582 984 2612 repente

199 2629 294 2655 tierent
308 2636 315 2654 ε
333 2627 405 2662 quod
420 2627 457 2653 ita
468 2629 572 2661 gestum
586 2629 638 2656 est.
653 2630 682 2652 ut
695 2633 757 2652 eum
773 2625 811 2651 illi
828 2623 980 2658 cuiusmodi

198 2679 257 2701 erat
273 2673 365 2700 videre
380 2679 435 2699 non
458 2674 568 2706 possent
577 2671 597 2697 °.
618 2670 772 2703 Quinetiam
790 2669 917 2697 Sodomis
934 2677 982 2696 an-

199 2719 250 2754 geli
268 2718 326 2745 Loti
341 2719 440 2745 ostium
455 2717 608 2751 subducere
629 2716 717 2743 oculis
738 2718 894 2750 potuerunt,
914 2714 982 2741 adeo

199 2770 230 2792 ut
243 2764 343 2792 intueri
358 2763 424 2790 illud
439 2762 585 2790 Sodomita:
599 2761 771 2796 nequiverint
779 2761 800 2787 ".
818 2759 981 2787 Utrumnam

1033 2217 1117 2253 ἄρτου
1149 2218 1240 2252 λέγει·
1267 2218 1464 2253 Ἠνοίχθησαν
1493 2218 1592 2245 αὐτῶν
1614 2219 1640 2245 οἱ
1659 2218 1817 2252 ὀφθαλμοί,

1033 2263 1082 2290 καὶ
1108 2262 1285 2298 ἐπέγνωσαν
1310 2262 1419 2290 αὐτόν·
1451 2263 1500 2290 καὶ
1525 2263 1656 2298 ἄφαντος
1682 2260 1818 2297 ὲγένετο;

1035 2309 1158 2345 Ἐπρεπε
1169 2309 1223 2344 γὰρ
1236 2308 1309 2344 αὺτῷ
1320 2308 1380 2344 Θεῷ
1391 2309 1458 2339 δντι.
1472 2309 1518 2335 καὶ
1530 2308 1720 2344 μεταϐάλλοντι
1736 2307 1818 2334 αὑτοῦ

1032 2355 1063 2381 τὸ
1081 2355 1159 2390 σῶμα
1169 2356 1208 2386 εἱς
1227 2355 1423 2390 πνευματικὸν,
1444 2354 1578 2381 δεικνύναι
1598 2354 1647 2389 μὲν
1660 2353 1725 2380 αὐτὸ
1739 2354 1821 2388 σῶμα

1031 2401 1168 2436 ἀληθινὸν,
1194 2401 1379 2435 ἀφαντοῦσθαι
1403 2401 1432 2427 δὲ
1453 2402 1497 2427 ὅτε
1514 2399 1653 2427 ἐϐούλετο·
1672 2401 1714 2426 ὅτι
1731 2400 1820 2427 πάντα

1031 2446 1105 2482 αὐτῷ
1120 2446 1230 2473 δυνατά.
1246 2446 1300 2473 Καὶ
1310 2447 1363 2481 γὰρ
1383 2446 1430 2472 καὶ
1449 2446 1598 2477 Ἐλισσαῖος
1612 2446 1754 2481 προφήτης
1767 2445 1819 2476 ὢν,

1032 2492 1080 2518 καὶ
1093 2493 1124 2518 ἐκ
1135 2491 1201 2518 Θεοῦ
1212 2491 1301 2518 λαϐὼν
1315 2492 1364 2527 τὴν
1384 2491 1474 2527 χάριν,
1490 2491 1573 2526 ᾔτησε
1587 2490 1662 2526 παρὰ
1674 2490 1741 2517 Θεοῦ
1758 2492 1820 2522 τοὺς

1033 2538 1113 2564 αὑτὸν
1146 2537 1295 2572 ζητοῦντας
1323 2537 1490 2572 παταχθῆναι
1516 2536 1650 2572 ἀορασίᾳ·
1681 2536 1729 2562 καὶ
1751 2536 1820 2562 ἐπα-

1036 2582 1184 2617 τάχθησαν,
1205 2582 1251 2608 καὶ
1267 2582 1316 2608 οὐκ
1332 2581 1444 2608 ἔϐλεπον
1459 2581 1540 2608 αὑτὸν
1553 2581 1672 2608 τοιοῦτον
1685 2580 1750 2607 ὅντα
1763 2577 1819 2612 οἷος

1029 2624 1073 2662 ἣν.
1094 2627 1174 2653 Ἀλλὰ
1192 2626 1240 2653 καὶ
1257 2627 1286 2652 ὲν
1307 2626 1435 2661 Σοδόμοις
1455 2626 1506 2661 τὴν
1523 2625 1608 2661 θύραν
1621 2625 1666 2651 τοῦ
1686 2624 1747 2651 Λὼτ
1762 2625 1818 2651 ἀπ-

1011 2701 1013 2704 ,
1031 2672 1153 2708 ἔκρυψαν
1169 2672 1194 2698 οἱ
1210 2671 1330 2706 ἄγγελοι,
1344 2672 1391 2698 καὶ
1409 2672 1460 2698 οὐκ
1477 2671 1590 2697 ἔϐλεπον
1604 2670 1688 2706 αὐτὴν
1703 2671 1728 2697 οἱ
1741 2671 1819 2696 Σοδο-

1033 2718 1119 2751 μῖται.
1134 2716 1180 2752 Μὴ
1197 2717 1244 2743 καὶ
1267 2717 1284 2752 ἡ
1296 2715 1365 2751 ϐύρα
1377 2715 1424 2742 τοῦ
1438 2715 1499 2742 Λὼτ
1516 2716 1625 2751 δόκησις
1641 2712 1686 2750 ἦν,
1699 2711 1722 2741 ὦ
1738 2715 1820 2749 Μαρ-

1033 2761 1119 2794 κίων;
1139 2763 1188 2798 οὺχ
1215 2761 1390 2788 ὑπολείπεται
1413 2761 1442 2788 δέ
1467 2770 1507 2788 σοι
1527 2761 1667 2796 ἀντιλογία
1692 2760 1816 2795 οὐδεμία.

235 2821 322 2858 [ιιιο.
340 2829 418 2858 um,
441 2822 486 2848 56.
532 2822 542 2837 ¹
561 2820 651 2848 Eccle.
671 2827 690 2855 I,
710 2820 754 2847 15.
791 2818 879 2847 'Luc.
897 2827 969 2853 ulv,
986 2821 1014 2848 5.
1052 2822 1062 2838 ⁵
1078 2821 1143 2850 ibid.
1163 2822 1194 2849 15
1207 2829 1267 2858 sqq.
1306 2822 1315 2838 ⁸
1333 2821 1398 2850 ibid.
1414 2821 1458 2849 5i.
1497 2821 1507 2837 ⁸
1521 2819 1553 2847 lV
1569 2819 1634 2856 Reg.
1648 2826 1686 2853 vn,
1706 2817 1738 2845 18
1753 2822 1819 2852 Sqq.

200 2855 213 2873 ¹
230 2854 298 2884 Gen.
315 2865 371 2890 xui,
388 2857 490 2891 “sqq.
