1952 3045
108 142 168 172 ⁸173
434 140 617 170 ADVERSUS
637 140 806 169 HAERESES
824 138 888 168 LIB.
908 139 928 168 Ι.

949 138 1029 168 ΤΟΜ.
1049 140 1129 168 ιιι.-
1147 139 1284 167 HERES.
1305 139 1385 167 XL".
1690 138 1743 165 ’ΠΙ

111 201 236 229 Ἔκλασε
245 200 348 238 γὰρτδν
358 200 438 238 ἄρτον
453 199 556 236 σαφῶς,
570 201 616 227 καὶ
634 200 743 227 διέδωκε
757 200 814 231 τοῖς
824 199 903 226 αὑτοῦ

959 199 1039 233 igitur
1054 198 1114 225 Loti
1131 198 1213 232 janua
1228 204 1298 223 vana
1314 196 1436 231 quaedam
1458 195 1563 231 species
1575 194 1636 226 fuit,
1652 194 1748 221 oMar-

111 247 265 284 μαθηταῖς.

149 376 230 412 Σχόλ.
245 380 295 412 οη’.
316 377 346 404 Τί
356 376 566 411 τεταραγμένοι
581 376 652 404 ἐστέ
657 385 668 409 ;
679 376 767 404 Ἴδετε
779 377 832 410 τὰς
845 377 905 411 χεῖ-

108 421 170 456 ρὰς
177 431 237 456 μου
256 423 306 450 καί
334 423 404 456 τοὺς
433 424 528 456 πόδας
540 431 613 458 μου·
634 423 678 449 ὅτι
698 423 815 458 πνεῦμα
829 423 904 451 ὀστᾶ

111 465 172 492 οὐχ
185 465 259 500 ἔχει,
272 466 370 499 καθὼς
382 467 434 502 ἐμὲ
447 467 579 502 θεωρεῖτε
590 467 709 502 ἔχοντα.

152 513 264 548 Ἔλεγχ.
287 517 337 548 οη¹.
351 514 399 545 Τίς
413 515 463 541 οὐκ
488 514 520 541 ἂν
545 514 717 550 καταγελάσῃ
738 514 786 542 τοῦ
809 513 903 550 λήρου,

110 559 143 586 ὲν
161 559 303 596 ἀφροσύνῃ
314 560 410 586 ἑαυτὸν
428 561 475 588 καὶ
488 561 588 596 ἑτέρων
603 560 691 596 ψυχὰς
710 560 904 591 κατασπῶντος

111 606 155 637 εἰς
177 605 259 640 ᾷδηνς
291 605 323 632 Εἰ
350 606 398 641 μὲν
421 606 474 641 γὰρ
493 607 541 641 οὐχ
563 606 720 641 ὡμολόγητο
736 608 800 643 παρ’
821 606 903 633 αὑτοῦ

110 652 130 686 ἡ
146 651 246 687 πλάνη,
261 651 308 678 καὶ
329 651 492 687 συγγνώμην
515 651 586 687 εἶχον
600 653 624 678 οἱ
641 652 686 678 ὑπ’
702 652 783 679 αὐτοῦ
798 653 904 688 ἠπατη-

114 697 211 733 μένοι·
238 697 286 724 νῦν
305 697 333 724 δὲ
363 697 456 733 ἐπειδὴ
480 698 582 730 ἐκεῖνος
607 698 778 734 ὡμολόγησε,
803 698 851 725 καὶ
872 698 902 725 οὐ

112 743 232 779 περιῆρε
249 743 283 770 τὰ
298 743 367 779 ῥητὰ
381 743 476 777 ταῦτα,
492 743 708 778 ἀναγινώσκουσι
728 744 756 771 δὲ
777 744 846 772 αὐτὰ
856 745 904 771 καὶ

111 790 138 815 oi
156 789 251 822 αὐτοῦ,
265 790 282 826 ἡ
296 790 416 826 ἁμαρτία
427 790 509 817 αὑτοῦ
528 791 576 817 καὶ
588 791 642 817 τῶν
656 791 745 818 αὐτῶν
758 791 843 826 μένει,
857 791 905 818 καὶ

111 836 303 871 ἀπαραίτητον
319 836 349 863 τὸ
363 836 445 863 αὑτοῦ
471 836 518 863 καὶ
533 837 564 863 τὸ
578 836 667 864 αὐτῶν
684 836 750 872 πῦρ,
769 837 904 864 ἀναπαλο-

111 884 210 918 γήτοις
232 880 292 909 οὖσι
303 890 311 898 ·
336 882 429 917 σαφῶς
448 882 495 909 τοῦ
511 883 637 918 Σωτῆρος
655 882 819 916 διδάξαντος,
832 882 902 918 μετὰ
920 872 940 900 Β

112 929 263 956 ἀνάστασιν
280 929 347 955 ὀστᾶ
361 929 409 956 καὶ
424 929 512 964 σάρκα
526 929 582 964 ἔχει
597 930 617 962 ¹,
631 929 668 961 ώς
682 929 762 961 αὐτὸς
776 929 900 966 ἐμαρτύ-

114 983 183 1012 ρησε
212 975 299 1010 λέγων
308 983 315 991 ·
340 975 386 1009 Ὧς
401 975 453 1011 ἐμὲ
465 975 552 1010 ὁρᾶτε
565 975 684 1010 ἔχοντα.

150 1105 225 1142 Αὕτη
250 1105 323 1133 ἐστὶν
346 1106 363 1142 ἡ
388 1106 449 1133 κατ’
466 1105 549 1132 αὐτοῦ
564 1105 617 1133 ἀπὺ
632 1105 686 1133 τῶν
698 1105 831 1140 λειψάνων
849 1105 902 1133 τῶν

113 1151 182 1186 παρ’
196 1150 270 1186 αὐτῷ
293 1150 453 1186 σωζομένων
471 1151 503 1177 ὲκ
524 1150 570 1176 τοῦ
588 1150 754 1184 Εὑαγγελίου
775 1150 902 1182 ὑπόθεσις

113 1197 166 1231 τῆς
181 1196 259 1232 ἡμῶν
271 1196 459 1231 πεποιημένης
469 1195 592 1222 ὃιάὑτὸν
607 1195 806 1231 πραγματείας,
819 1195 856 1227 ὥς
870 1204 903 1229 γε

114 1241 217 1278 νομίζω
232 1242 330 1274 ίκανῶς
347 1241 418 1277 ἔχειν
433 1241 501 1277 πρὸς
521 1241 655 1268 ἀντίθεσιν
675 1242 724 1277 τῆς
737 1241 818 1268 αὐτοῦ
833 1242 904 1268 ἁπά-

114 1298 175 1324 της.
197 1289 358 1324 Ἐλεύσομαι
376 1289 405 1315 δὲ
416 1289 463 1315 καὶ
476 1290 516 1321 εἰς
531 1290 565 1316 τὰ
576 1289 638 1324 ἑξῆς
649 1288 702 1315 τῶν
718 1288 904 1316 ἀποπολικῶν

116 1335 207 1372 ῥητῶν
231 1336 295 1372 παρ’
319 1335 394 1371 αὐτῷ
413 1335 453 1362 ἔτι
475 1335 687 1371 σωμαζομένων,
706 1335 753 1362 καὶ
768 1335 801 1362 δι’
825 1335 903 1371 ἡμῶν

117 1382 198 1409 πάλιν
225 1382 312 1413 οὓτως
331 1381 562 1417 ἁναλελεγμένων.
590 1382 634 1408 Ἐν
652 1380 771 1417 πρώτοις
789 1381 818 1408 δὲ
838 1382 903 1417 ἡμῖν

116 1429 164 1455 xa‘t
188 1427 250 1456 καθ’
272 1428 367 1464 εἱρμὸν
391 1428 422 1463 δὴ
444 1428 506 1454 ὅλου
521 1427 608 1459 οὕτως
627 1427 834 1463 προταχθέντων
849 1426 904 1453 ἀπὸ

116 1474 167 1510 τῆς
181 1474 249 1510 πρὸς
272 1474 394 1506 Γαλάτας
417 1473 570 1509 ἐπιπολῆς.
589 1473 662 1509 Αὕτη
676 1474 731 1509 γὰρ
751 1474 817 1509 παρ’
829 1472 904 1508 αὺτῷ

118 1520 213 1557 πρώτη
227 1521 326 1548 κεῖται.
346 1521 442 1556 Ἡμεῖς
452 1519 481 1547 δὲ
491 1519 539 1555 τὴν
556 1520 688 1555 ἀναλογὴν
698 1520 758 1546 τότε
775 1520 905 1555 ἐποιησά-

120 1566 200 1601 μεθα,
213 1566 261 1601 οὐχ
279 1565 404 1601 (ὓς-παρ’
418 1565 502 1600 αὐτῷ,
518 1565 576 1592 ἀλλ’
595 1565 632 1597 ὡς
647 1565 703 1600 ἔχει
718 1565 749 1592 τὸ
763 1565 904 1592 ἀποστολι-

118 1611 165 1638 κδν
186 1612 278 1647 ῥητὸν,
295 1612 344 1647 τὴν
368 1611 436 1647 πρὸς
452 1611 604 1647 Ῥωμαίους
624 1611 754 1645 τάξαντες
775 1611 904 1647 πρώτην

118 1654 169 1683 ὧδε
184 1657 212 1684 δὲ
232 1656 303 1684 κατὰ
313 1657 359 1684 τὸν
378 1657 460 1684 αὑτοῦ
477 1657 637 1693 χαρακτῆρα
649 1677 656 1691 ,
681 1657 767 1690 οὕτως
789 1666 906 1694 παρατι-

119 1702 229 1739 θέμεθα.

176 1849 244 1877 ’Ἀπὸ
259 1848 316 1884 τῆς
330 1849 404 1884 πρὸς
413 1849 486 1883 τοὺς
501 1849 640 1883 Γαλάτας
658 1850 850 1885 Ἐπιστολῆς.

154 1906 230 1942 Σχόλ.
245 1909 280 1933 α’.
297 1905 422 1938 Μάθετε,
438 1906 482 1932 ὅτι
495 1907 512 1932 ὁ
531 1905 645 1939 δίκαιος
660 1906 694 1933 ἐκ
716 1907 845 1940 πίστεως
858 1906 904 1940 ζῆ-

119 1959 213 1979 σετκι.
230 1951 316 1978 Ὅσοι
332 1950 388 1985 τὰρ
406 1951 466 1977 ὑπὸ
478 1952 581 1985 νόμον,
597 1951 656 1978 ὑπὸ
669 1950 802 1986 κατάραν
812 1952 902 1979 εἰσίν.

126 1996 152 2022 Ὀ
162 1995 195 2022 δὲ
202 1995 332 2030 ποιήσας
343 1995 420 2022 αὐτὰ
431 1995 549 2029 ζήσεται
562 1995 597 2022 ὲν
611 1996 722 2029 αὐτοῖς.

156 2042 265 2078 Ἔλεγχ.
277 2045 312 2069 α’.
328 2042 374 2073 Τὸ,
387 2041 511 2074 Μάθετε,
523 2041 567 2068 ὅτι
579 2043 595 2068 ό
607 2041 721 2075 δίκαιος
730 2042 764 2068 ἐκ
775 2042 905 2075 πίστεως

120 2088 248 2124 miratu,
262 2088 373 2115 κατὰτὰ
389 2088 440 2114 ὑπὸ
452 2087 499 2114 τοῦ
516 2087 677 2115 Ἀποστόλου
688 2088 821 2124 εἰρημένα
834 2088 905 2124 Γρα-

121 2136 173 2171 φῆς
196 2135 255 2162 ἐστι
283 2135 404 2167 Παλαιᾶς
427 2134 548 2161 δεκτικά.
567 2134 661 2162 Ἃτινά
683 2135 741 2161 ἐστι
766 2134 840 2170 παρὰ
857 2133 903 2161 τοῦ

127 2181 285 2208 Ἀποστόλου
310 2181 350 2212 είς
366 2180 502 2216 ἡμετέραν
523 2180 595 2215 ζωὴν
612 2180 667 2207 άπὸ
689 2180 736 2207 τοῦ
756 2180 838 2216 νόμου
857 2180 905 2206 καὶ

121 2228 173 2255 τῶν
190 2226 336 2263 προφητῶν
349 2212 481 2263 εἰρημένα
495 2212 559 2262 περὶ
573 2212 678 2262 Καινῆς
696 2212 843 2262 Διαθηκης,
857 2225 904 2252 καὶ
919 2212 942 2242 D

123 2275 227 2310 σύζυγα
240 2274 304 2302 ὄντα
318 2275 369 2309 τῆς
384 2270 463 2308 μῶν
482 2272 600 2305 ἐλπίδος.
617 2272 671 2300 Καὶ
683 2272 724 2303 τὸ,
738 2271 798 2299 ὑπὸ
814 2270 905 2299 κατά-

119 2330 177 2356 ραν
201 2320 271 2352 εὶσὶ,
293 2320 384 2356 φησὶν,
405 2321 446 2346 δτι
463 2319 493 2346 ὲν
513 2319 553 2354 τῷ
565 2319 640 2354 νόμῳ
654 2317 751 2353 ἀπειλὴ
773 2317 906 2353 ετύγχανε

123 2367 192 2395 κατὰ
203 2367 252 2402 τῆς
264 2366 311 2394 τοῦ
332 2366 416 2402 Ἀδὰμ
423 2366 574 2402 παρακοῆς,
590 2366 643 2397 ἕως
656 2366 699 2392 ὅτε
712 2363 793 2401 ἦλθεν
804 2366 818 2391 ὀ
834 2364 906 2392 ἄνω-

122 2413 166 2439 θεν
185 2411 280 2443 ἐλθὼν,
306 2411 353 2438 καὶ
375 2411 469 2438 ἑαυτὸν
497 2410 551 2438 ἀπὺ
567 2409 614 2436 τοῦ
640 2409 725 2445 ’Δδὰμ
747 2409 906 2444 φυράματος

121 2458 200 2494 σῶμα
225 2457 377 2493 ἀμφιάσας,
401 2455 532 2493 μετέϐαλε
553 2455 603 2491 τὴν
620 2455 742 2491 κατάραν
772 2455 812 2486 είς
831 2453 906 2481 εὐλο-

121 2504 192 2538 γίαν.

155 2548 232 2584 Σχόλ.
248 2547 280 2584 β’.
303 2546 531 2581 Ἐπικατάρατος
546 2546 606 2580 πᾶς
622 2547 639 2574 o'
657 2545 839 2580 κρεμάμενος
854 2545 904 2572 επὶ

122 2596 225 2629 ξύλου.
245 2595 272 2621 '0
294 2594 328 2621 δὲ
343 2594 377 2621 ἐκ
399 2592 456 2627 τῆς
470 2593 650 2628 ἐπαγγελίας
672 2591 721 2619 διὰ
740 2591 796 2626 τῆς
819 2591 904 2618 ἐλευ-

123 2641 217 2676 θέρας.

159 2688 268 2723 Ἐλεγχ.
284 2685 316 2721 β’.
334 2685 446 2717 Δεικνὺς
461 2684 541 2712 πάλιν
556 2684 570 2711 ὁ
586 2683 662 2719 ἆγιος
680 2684 839 2716 ’Δπόστολος
853 2684 903 2720 τὴν

123 2734 276 2768 οἰκονομίαν
289 2732 339 2767 τῆς
353 2731 484 2766 ὲνσάρκου
497 2730 647 2767 παρουσίας
662 2730 708 2757 καὶ
724 2730 771 2757 τοῦ
788 2729 904 2765 σταυροῦ

124 2781 168 2808 ἐπὶ
182 2781 214 2808 τῆ
226 2779 301 2806 λύσει
315 2778 364 2814 τῆς
376 2777 497 2812 κατάρας
508 2777 664 2813 γινομένην,
677 2775 764 2813 ταύτῃ
777 2775 805 2802 δὲ
824 2784 905 2812 προσ-

956 243 1018 270 cio?
1031 243 1089 270 Non
1106 242 1185 270 video
1201 241 1265 276 quid
1283 245 1378 267 contra
1392 241 1448 267 haec
1464 241 1569 267 hiscere
1584 239 1684 274 possis.
1702 237 1747 265 Si-

955 287 1065 323 quidem
1087 294 1185 322 panem
1210 284 1355 312 manifeste
1382 284 1472 320 fregit,
1487 289 1515 312 et
1539 284 1569 311 in
1593 283 1746 319 discipulos

955 341 1022 362 suos
1036 333 1187 360 distribuit.

992 378 1084 405 Schol.
1094 377 1137 404 78.
1159 377 1230 410 Quid
1243 377 1341 404 turbati
1352 376 1437 403 estis?
1453 374 1544 402 Videte
1555 382 1650 402 manus
1662 380 1754 406 unus;

954 430 979 452 et
993 425 1068 459 pedes
1088 432 1168 454 meos,
1181 424 1244 458 quia
1256 423 1366 458 spiritus
1378 430 1439 449 ossa
1451 430 1502 448 non
1513 421 1601 454 habet,
1620 422 1688 448 sicut
1705 429 1746 448 me

955 469 1045 497 videtis
1065 469 1160 496 habere
1168 470 1190 496 ’.

990 515 1081 543 Refut.
1096 515 1139 542 78.
1160 514 1226 547 Quis
1238 513 1452 549 nugacissimum
1466 512 1539 539 hunc
1551 519 1606 538 non
1622 506 1754 547 irrideat...

954 563 1000 598 qui
1012 561 1161 589 stoliditate
1176 568 1226 588 sua
1238 568 1299 588 cum
1313 559 1500 593 semetipsum,
1515 561 1572 584 tum
1584 561 1747 585 caaterorum

955 609 1061 635 animas
1076 607 1109 634 ad
1121 606 1223 634 inferos
1237 605 1380 633 detrudat?
1397 604 1464 631 Nam
1480 604 1532 632 nisi
1550 604 1608 630 haec
1625 603 1670 631 ille
1685 611 1748 631 con-

957 654 1077 682 fiteretur
1085 654 1188 685 omnia,
1202 653 1314 680 haberet
1325 651 1385 686 ejus
1395 658 1473 678 error
1485 651 1604 677 colorem
1618 651 1747 685 aliquem,

955 707 987 727 ac
999 700 1078 728 venia
1091 699 1165 735 digni
1181 703 1320 734 utcunque
1330 697 1430 728 forent,
1442 697 1489 732 qui
1502 704 1532 724 se
1547 697 1583 724 ab
1593 697 1639 723 illo
1655 696 1747 731 decipi

954 750 1123 782 paterentur.
1139 745 1218 773 Nunc
1231 752 1292 772 cum
1309 748 1336 772 et
1348 745 1402 772 iste
1415 744 1497 772 verba
1515 744 1560 770 illa
1579 751 1630 778 pro
1644 741 1749 779 germa-

955 794 999 820 nis
1012 792 1120 824 habeat,
1136 799 1187 819 nec
1199 799 1231 819 ea
1245 791 1386 819 sustulerit
1400 800 1409 818 :
1426 795 1453 818 et
1475 791 1509 818 ab
1528 790 1651 825 ejusdem
1663 789 1749 817 disci-

955 839 1027 874 pulis
1041 838 1248 873 legantur,cum
1261 841 1440 872 utrorumque
1454 836 1595 868 delictum,
1613 839 1670 862 tum
1682 843 1748 862 vero

956 885 1026 920 ignis
1045 884 1090 911 ille
1104 888 1205 916 manet,
1220 890 1300 918 quem
1311 882 1385 909 nulla
1399 881 1589 918 tergiversatio
1607 881 1694 916 possit
1705 881 1753 918 ef-j

953 930 1047 965 fugere
1060 937 1067 956 :
1081 933 1175 965 utpote
1187 930 1287 965 quibus
1298 928 1388 956 omnis
1402 929 1527 964 adempta
1541 928 1577 956 sit
1588 927 1743 955 excusatio.

952 976 1020 1004 Nam
1036 976 1064 1003 id
1088 980 1182 1011 aperte
1204 975 1330 1003 Salvator
1345 975 1471 1008 edocuit;
1488 979 1549 1009 post
1568 974 1748 1001 resurrectio-

953 1031 1015 1050 nem
1030 1022 1140 1050 ossibus
1155 1029 1184 1049 se
1199 1029 1231 1049 ac
1245 1029 1327 1049 carne
1343 1026 1482 1053 constare,
1498 1020 1570 1056 quod
1588 1020 1645 1047 haec
1659 1020 1748 1055 ipsius

953 1069 1036 1097 verba
1047 1068 1239 1096 demonstrant
1255 1079 1261 1096 :
1278 1068 1352 1096 Sicut
1368 1076 1408 1095 me
1423 1067 1516 1094 videtis
1531 1060 1641 1099 habere.

990 1115 1080 1150 Atque
1093 1114 1145 1142 hoc
1157 1114 1230 1142 illius
1241 1114 1332 1149 operis
1351 1116 1539 1148 argumentum
1547 1117 1599 1145 est,
1615 1112 1687 1147 quod
1704 1113 1749 1138 ad-

953 1168 1051 1189 versus
1067 1160 1232 1188 Marcionem
1250 1160 1465 1191 elaboraveram,
1492 1159 1619 1194 quodque
1643 1166 1677 1186 ex
1695 1158 1749 1186 illis

953 1205 1092 1241 Evangelii
1107 1205 1188 1240 350
1209 1205 1342 1240 reliquiis,
1364 1212 1433 1240 quas
1454 1205 1543 1232 adhuc
1565 1205 1673 1236 retinet,
1689 1211 1751 1231 car-

954 1252 1021 1286 ptim
1036 1259 1066 1278 se
1082 1251 1210 1285 legeram.
1224 1251 1302 1284 Quod
1319 1251 1427 1286 quidem
1435 1250 1468 1278 ad
1486 1250 1661 1278 refutandum
1675 1251 1748 1278 illius

954 1305 1074 1325 errorem
1083 1297 1206 1324 sulﬁcere
1212 1296 1431 1324 arbitror.Venio
1439 1304 1510 1323 nunc
1516 1296 1550 1324 ad
1558 1297 1678 1331 reliquas
1686 1304 1750 1331 apo-

954 1343 1017 1371 stoli
1031 1342 1192 1374 sententias,
1206 1350 1275 1377 quas
1290 1342 1400 1377 perinde
1410 1334 1604 1370 adsciscendas
1620 1342 1725 1377 putavit
1740 1351 1746 1368 :

953 1396 1005 1423 ego
1021 1396 1085 1416 vero
1102 1392 1192 1415 vestra
1206 1395 1289 1415 causa
1306 1388 1478 1423 potissimum
1492 1388 1627 1422 excerpsi,
1641 1388 1668 1414 in
1681 1387 1748 1415 iiscc

954 1433 1139 1470 proponendis
1152 1434 1278 1461 eumdem
1295 1441 1350 1468 quo
1368 1433 1412 1461 ille
1426 1441 1492 1460 usus
1505 1437 1558 1466 est,
1572 1433 1694 1460 ordinem
1707 1441 1749 1461 se-

955 1480 1077 1515 riemque
1095 1480 1180 1512 tenui,
1198 1483 1229 1507 ut
1245 1480 1279 1507 ab
1291 1487 1323 1507 ea
1341 1487 1402 1515 quae
1417 1480 1449 1506 ad
1465 1479 1575 1507 Galatas
1592 1480 1693 1515 scripta
1705 1484 1749 1508 est

955 1525 1062 1553 initium
1080 1525 1208 1553 facerem.
1225 1525 1302 1552 Hanc
1315 1525 1387 1552 enim
1404 1525 1491 1560 primo
1506 1525 1551 1552 ille
1573 1525 1633 1552 loco
1649 1533 1748 1560 propo-

956 1571 1022 1600 suit.
1038 1570 1091 1598 Sed
1113 1579 1165 1599 nos
1189 1571 1253 1598 olim
1276 1575 1402 1605 excerpta
1423 1575 1517 1599 nostra
1534 1571 1575 1599 sic
1590 1571 1748 1599 instituera-

954 1625 1027 1651 mus,
1045 1625 1099 1645 non
1123 1622 1153 1644 ut
1176 1617 1250 1645 illius
1270 1614 1392 1644 ordinem
1417 1625 1605 1653 sequeremur,
1620 1618 1668 1645 sed
1684 1626 1746 1645 cum

956 1671 1036 1698 quem
1052 1663 1199 1698 apostolica
1213 1663 1315 1698 scripta
1328 1667 1534 1698 repmseutant,
1551 1664 1680 1692 nimirum
1693 1665 1749 1700 pri-

955 1717 1029 1736 mum
1045 1713 1074 1736 ut
1090 1709 1179 1736 locum
1196 1716 1228 1736 ea
1243 1716 1304 1744 quae
1319 1709 1352 1736 ad
1366 1708 1506 1737 Romanos
1520 1709 1623 1744 scripta
1638 1714 1682 1738 est
1697 1710 1747 1737 ob-

955 1755 1062 1782 tineret.
1078 1754 1157 1782 Nunc
1173 1758 1263 1781 autem
1278 1755 1370 1782 omnia
1387 1755 1419 1781 ad
1438 1755 1512 1782 illius
1528 1763 1578 1782 nos
1591 1755 1705 1782 formam
1720 1759 1747 1783 et

954 1801 1108 1835 exemplum
1124 1800 1329 1828 accommodata
1343 1807 1536 1835 proponemus.

1166 1857 1208 1885 Ea;
1225 1857 1347 1892 Epistola
1360 1857 1394 1884 ad
1411 1857 1534 1886 Galatas.

990 1913 1083 1942 Schol.
1100 1914 1125 1941 i.
1147 1913 1249 1941 Discite
1263 1915 1326 1949 quia
1344 1914 1436 1949 justus
1455 1922 1488 1942 ea;
1502 1914 1554 1949 ﬁde
1575 1915 1646 1942 vivet.
1663 1915 1747 1949 Quot-

953 1963 1015 1995 quot
1033 1959 1102 1986 em'm
1117 1959 1164 1986 sub
1180 1959 1234 1994 lege
1247 1964 1319 1991 sunt,
1332 1959 1380 1986 sub
1394 1959 1534 1987 maledicto
1548 1965 1620 1987 sunt.
1635 1960 1687 1994 Qui
1697 1969 1747 1987 au-

955 2011 1006 2033 tem
1019 2006 1108 2040 iecerit
1121 2005 1185 2037 ista,
1202 2005 1268 2032 vivet
1285 2006 1311 2031 :‘n
1326 2006 1363 2031 eis
1373 2005 1394 2031 ³.

990 2051 1083 2079 Refut.
1101 2051 1127 2078 l.
1148 2051 1212 2078 Hmc
1226 2051 1284 2085 ipsa
1300 2051 1381 2079 verba
1395 2060 1400 2078 :
1420 2051 1521 2078 Discite
1538 2051 1601 2087 quia
1610 2050 1747 2085 justus,e:r

955 2097 1007 2132 ﬁde
1020 2097 1093 2128 vivet,
1109 2097 1144 2124 ab
1155 2096 1286 2131 Apostolo
1300 2100 1429 2131 usurpata
1444 2095 1650 2124 Testamentum
1664 2096 1747 2124 Vetus

955 2143 1143 2177 comprobant.
1158 2142 1223 2170 Haec
1236 2143 1308 2170 enim
1325 2142 1359 2170 ab
1377 2142 1421 2169 illo
1437 2147 1503 2170 sunt
1516 2150 1548 2170 ex
1563 2143 1622 2178 lege
1636 2150 1668 2170 ac
1683 2150 1746 2177 pro-

956 2189 1046 2224 phetis
1064 2188 1099 2216 ad
1113 2189 1196 2216 vitam
1212 2189 1293 2217 nobis
1307 2188 1506 2216 conciliandam
1520 2188 1555 2216 de
1566 2189 1642 2216 Novo
1652 2187 1746 2216 Testa—

956 2240 1046 2262 mento
1059 2235 1247 2270 pronuntiata,
1263 2240 1289 2263 et
1304 2231 1413 2270 quidem
1431 2242 1493 2262 cum
1508 2242 1556 2270 spe
1572 2239 1666 2262 nostra
1683 2243 1747 2262 con-

954 2285 1095 2310 sentanea.
1110 2281 1186 2315 Quod
1204 2286 1295 2309 atttem
1318 2280 1367 2308 sub
1388 2276 1529 2308 maledicto
1549 2289 1604 2308 esse
1620 2280 1696 2314 dicit,
1713 2289 1746 2308 eo

954 2327 1128 2355 referendum
1142 2331 1194 2360 est,
1207 2327 1281 2362 quod
1296 2326 1428 2354 adversus
1443 2327 1540 2354 Adami
1554 2327 1684 2354 delictum
1697 2327 1745 2354 Dei

954 2371 1184 2400 comminationes
1201 2371 1228 2398 in
1247 2371 1305 2407 lege
1320 2371 1544 2404 continebantur,
1559 2371 1647 2399 donec
1662 2381 1677 2399 e
1692 2379 1747 2400 cm-

954 2417 981 2445 lo
996 2417 1097 2445 missus
1121 2417 1263 2444 adveniret
1277 2417 1415 2450 Christus,
1431 2417 1478 2452 qui
1492 2425 1524 2445 ex
1541 2417 1639 2444 Adami
1655 2425 1746 2446 massa

958 2463 1106 2490 formatum
1122 2463 1172 2490 sibi
1188 2470 1289 2498 corpus
1304 2463 1420 2491 induens
1434 2463 1609 2491 maledictum
1623 2463 1650 2490 in
1668 2463 1747 2491 bene‘

958 2509 1105 2537 dictionem
1120 2509 1265 2537 convertit.

994 2553 1086 2582 Schol.
1103 2554 1132 2581 Ξ.
1153 2553 1313 2580 Maledicta:
1334 2554 1419 2580 omnis
1441 2553 1487 2588 qui
1502 2553 1594 2588 pendet
1614 2554 1642 2581 in
1663 2553 1746 2589 ligno.

951 2598 1011 2637 Qui
1028 2603 1115 2625 autem
1131 2606 1164 2626 ea:
1176 2599 1376 2633 repromissione
1386 2603 1435 2631 est,
1448 2606 1480 2626 ea:
1491 2598 1574 2626 libera
1582 2599 1602 2626 ⁸.

991 2683 1083 2712 Rcfut.
1101 2684 1128 2711 2.
1149 2684 1217 2712 Cum
1233 2684 1285 2712 hoc
1300 2683 1360 2711 loco
1373 2691 1470 2712 rursus
1484 2684 1630 2719 Apostolus
1645 2683 1746 2719 signifi-

957 2734 1009 2763 CCI,
1027 2734 1161 2764 susceptae
1176 2729 1269 2756 carnis
1291 2728 1556 2756 administrationem
1579 2735 1696 2762 omnem,
1712 2735 1745 2755 ac

958 2783 1068 2804 crucem
1093 2776 1128 2803 ad
1153 2776 1302 2803 tollendum
1321 2775 1495 2802 maledictum
1512 2775 1690 2810 pertinuisse;
1705 2775 1745 2802 id-

160 2861 167 2877 ¹
181 2858 243 2889 For.
260 2859 342 2895 ἔχειν,
356 2858 398 2887 vel
412 2859 453 2886 ὅτι
470 2858 536 2894 ἔχει.
576 2858 586 2874 ³
601 2856 667 2885 an.
682 2863 756 2890 XXIV,
770 2855 813 2883 39.
853 2855 862 2870 ³
878 2854 899 2882 G

960 2875 967 2883 .
982 2862 1023 2890 nt,
1038 2854 1072 2884 l0
1086 2862 1149 2891 sqq.
1188 2853 1199 2871 ⁵
1211 2853 1278 2883 ibid.
1291 2853 1341 2888 l4;
1359 2853 1436 2883 Deut.
1456 2861 1513 2887 xxi,
1530 2853 1575 2881 25.
