1952 3045
214 138 265 168 175

213 204 266 233 que
282 195 372 231 ipsum
385 199 412 222 et
427 194 454 222 in
472 193 530 230 lege
552 197 632 221 antea
647 192 778 228 scriptum
791 199 822 219 ac
839 191 998 227 pradictum
1013 193 1036 221 Α

214 242 315 273 luisse;
331 249 363 268 ac
377 240 486 267 demum
501 241 527 267 in
541 239 681 267 Sztlvatore
696 238 857 274 perfectum,
869 235 941 265 haud
954 237 1002 265 ob‘

215 295 292 316 scure
306 287 438 319 declarat.
456 293 508 313 non
532 286 649 313 alienam
677 293 692 313 a
717 284 859 312 Salvatore
881 291 941 311 esse
965 283 1002 310 le-

215 341 282 368 gem.
299 338 391 368 utpote
413 340 473 367 qua:
496 331 531 359 ab
556 331 602 358 illo
619 331 733 365 gerenda
749 331 840 358 omnia
855 330 1002 358 vaticinata

215 378 304 408 luerit,
320 384 352 405 ac
366 377 523 405 testimonio
540 377 737 404 corroborarit.

247 422 340 451 Schol.
359 423 386 450 5.
408 422 546 457 Testi/icor
571 422 825 457 rursum,quoniam
848 421 925 448 Itamo
948 421 1003 448 cir-

215 470 342 496 cumcisus
354 468 456 496 debitor
471 474 511 495 est
523 469 649 495 universae
666 467 729 503 legis
742 467 906 502 implendw'.

246 559 325 595 351
345 558 438 586 Refut.
455 558 481 585 5.
500 556 577 590 Quod
595 558 651 587 ait,
670 555 772 583 debitor
793 560 844 588 eat,
866 563 921 583 non
943 559 1005 582 tan-

214 613 295 641 quam
315 605 349 632 de
374 611 405 631 re
425 603 552 638 quapiam
576 602 713 637 prohibita
731 602 809 634 dixit,
826 600 874 629 sed
892 601 926 628 de
942 608 1005 636 gra-

215 652 288 679 viore
309 651 427 686 quodam
455 657 548 681 onere,
569 649 640 684 quod
669 648 806 676 sublevari
826 651 926 682 potest.
952 647 1004 675 Sed

213 702 260 729 tta,
278 705 349 724 unus
371 702 400 723 ut
416 696 452 723 sit
469 695 611 728 Dominus,
627 694 673 730 qui
687 699 714 722 et
730 701 846 721 onerare
865 693 962 728 possit,
980 698 1007 721 et

213 743 246 771 de
260 750 343 770 onere
361 741 513 774 detrahere,
532 748 582 775 pro
605 747 700 768 eorum
717 739 867 772 voluntate,
885 739 933 774 qui
957 739 1007 766 ob-

213 789 294 815 latam
308 795 357 823 per
372 787 432 821 ejus
451 785 567 822 gratiam
584 785 671 820 ipsius
687 785 805 813 adventu
822 783 938 812 salutem
952 784 1006 811 mi-

214 835 286 862 nime
298 832 513 868 repudiaverim.

360 880 387 907 4.
405 879 459 907 Pro
477 886 510 906 eo
524 877 597 914 quod
613 881 677 905 est:
696 876 832 903 Modicum
849 875 1005 911 {armentum
1018 860 1043 890 Β

216 932 296 955 totam
309 934 426 953 massam
441 924 586 958 corrumpit
602 924 622 955 ',
638 923 779 957 rescripsit
793 921 936 948 adulterat.

250 972 340 1000 Refut.
354 972 382 999 4.
396 971 435 999 Ne
453 971 525 1006 quod
540 970 577 997 sit
593 969 666 1004 apud
692 968 767 996 illum
786 967 909 995 veritatis
923 966 1008 995 veSIi—

209 1020 298 1055 .gium,
319 1026 453 1053 nusquam
474 1017 531 1044 fere
555 1016 710 1051 Scripturas
729 1014 828 1049 attigit,
844 1013 909 1048 quin
928 1013 1007 1040 mali-

216 1066 283 1092 tiose
310 1063 411 1099 aliquid
436 1063 611 1094 immutaret;
636 1060 684 1089 sed
701 1069 732 1088 ex
748 1068 781 1088 eo
796 1060 869 1095 quod
884 1059 1008 1095 sequitur

217 1111 348 1138 arationis
363 1099 450 1137 series
463 1108 521 1144 ipsa
536 1106 682 1135 manifesta
705 1106 837 1133 redditur.
861 1104 928 1132 Nam
954 1105 1008 1132 fer—

217 1160 356 1189 mentum,
383 1153 456 1182 veiut
486 1153 573 1180 l‘orma
598 1152 737 1188 quaedam,
765 1159 863 1178 massae
886 1151 1007 1178 subactae

214 1209 283 1237 opus
299 1204 351 1233 est.
366 1204 393 1228 et
409 1198 580 1227 fermentatio
593 1198 652 1233 ipsa
671 1206 686 1225 e
714 1197 828 1225 subacta
844 1205 934 1224 massa
958 1197 1006 1231 ﬁt;

219 1254 303 1282 neque
318 1245 506 1282 primigeniam
527 1243 641 1271 formam
660 1243 805 1275 destruxit,
826 1243 872 1277 qui
892 1241 1008 1277 pruden-

220 1302 257 1322 ter
277 1291 482 1322 similitudinem
515 1290 589 1323 illam
614 1290 900 1325 comparationemque
918 1292 1009 1316 trans-

219 1341 286 1368 tulit.

251 1385 343 1413 Schol.
369 1384 396 1412 5.
421 1382 514 1412 Omnis
526 1382 596 1410 enim
614 1381 657 1409 lea:
677 1381 704 1408 iu
723 1388 754 1408 eo
769 1381 841 1408 robis
864 1380 1007 1415 impleur:

211 1432 315 1467 Diliges
328 1431 478 1466 proximum
495 1434 569 1456 tuum
585 1429 654 1456 sicut
671 1429 783 1462 teipsum
793 1429 814 1456 ³.

250 1478 341 1506 Reiut.
358 1478 386 1505 5.
408 1476 477 1510 Quid
497 1475 629 1504 attinebat
647 1475 807 1509 Apostolum
824 1475 910 1511 legem
931 1474 1008 1502 adhi-

219 1528 290 1559 bere,
313 1525 337 1552 si
363 1532 379 1552 a
402 1523 540 1552 veteribus
563 1521 700 1549 mandatis
726 1520 831 1548 Novum
848 1520 1042 1556 Testamen-p

219 1579 273 1599 tum
288 1570 468 1599 abhorreret?
483 1569 536 1597 Sed
553 1573 583 1596 ut
599 1572 692 1599 aperte
712 1570 877 1595 monstraret
892 1567 946 1594 duo
963 1567 1008 1594 illa

221 1616 392 1645 Testamenta
402 1616 436 1643 ab
448 1623 503 1643 uno
514 1614 663 1649 eodemque
677 1618 791 1641 auctore
803 1613 858 1641 Deo
871 1621 1009 1644 manasse,

219 1670 405 1697 summamque
421 1661 562 1688 amborum
576 1667 638 1688 esse
656 1659 844 1691 concordiam,
865 1659 1010 1694 utrobique

220 1708 404 1743 proximorum
420 1706 553 1734 charitate
577 1706 664 1741 legem
689 1705 797 1740 impleri
824 1704 1009 1740 signiﬁcatur,

220 1762 279 1789 quae
307 1753 457 1789 perfectum
491 1752 673 1787 omnibusque
704 1751 827 1779 numeris
854 1752 1010 1780 absolutum

220 1802 320 1828 bonum
344 1799 451 1828 efficiat.
477 1797 540 1826 ideo
559 1797 754 1833 perfectionem
774 1797 843 1833 legis
862 1796 1010 1832 Apostolus

220 1846 380 1874 charitatem
395 1852 457 1872 esse
469 1844 575 1871 delinit.

255 1891 348 1919 Schol.
363 1891 390 1918 6.
406 1890 551 1925 Manifesta
566 1893 628 1916 sunt
642 1893 729 1916 autem
745 1895 823 1922 opera
836 1889 936 1921 carnis,
953 1898 1011 1925 qua

221 1943 279 1966 sunt
293 1930 637 1973 fornicatio,immunditia,
663 1934 787 1966 luxuria,
808 1934 942 1962 idolorum
959 1945 1002 1963 scr

222 1985 298 2016 vitae,
315 1983 450 2017 uene/icio,
466 1981 630 2014 inimicitiis,
653 1980 840 2012 contentiones,
862 1980 1009 2008 a’mulalio-

221 2039 276 2061 nes.
290 2031 349 2059 ira.
365 2030 442 2061 rixa’,
457 2028 644 2058 dissensiones,
661 2030 749 2063 δραμε,
762 2025 914 2059 homicidia,
929 2026 1012 2054 ebrie-

222 2081 298 2109 talea,
310 2074 541 2103 commessationes
556 2079 565 2099 :
579 2081 637 2108 qua:
650 2072 766 2107 praedico
780 2071 851 2098 vobis
865 2073 932 2099 sicut
947 2080 1002 2107 pra:

223 2122 287 2154 dixi,
302 2121 426 2156 quoniam
439 2120 483 2156 qui
497 2118 565 2146 talia
575 2122 656 2154 agunt
670 2125 777 2153 regnum
787 2115 844 2144 .Dei
859 2125 911 2144 non
926 2118 1009 2153 possi-

223 2167 317 2195 debunt
331 2166 351 2194 ⁸.

256 2211 347 2240 Rcl‘ut.
359 2211 388 2238 6.
403 2209 425 2238 0
445 2208 604 2237 admiranda
622 2208 670 2236 Dei
690 2209 828 2244 mysteria,
849 2215 881 2236 ac
899 2207 1011 2235 Marcio-
1024 2201 1048 2230 D

224 2259 265 2286 nis
288 2257 427 2286 erroribus
452 2255 565 2283 adversa
587 2255 729 2289 dogmata!
751 2254 856 2282 Etenim
872 2254 943 2281 mala
957 2262 1013 2281 om-

224 2304 266 2330 nia
277 2303 353 2330 carni
365 2302 533 2329 tribuuntur.
544 2300 582 2327 Ea
596 2307 677 2335 porro
686 2304 816 2335 perpetuo
824 2306 878 2326 non
891 2299 1010 2332 exstitit;

224 2349 270 2378 sed
280 2352 357 2377 sexto
364 2349 472 2375 demum
483 2346 537 2378 die,
548 2350 604 2373 tum
614 2353 676 2372 cum
685 2346 805 2373 Adamus
814 2345 946 2373 formatus
957 2349 1009 2380 est,

223 2402 283 2423 esse
293 2394 385 2429 coepit.
395 2392 433 2419 Ex
445 2399 499 2428 quo
511 2392 547 2419 illi
562 2391 734 2424 refelluntur,
745 2391 792 2426 qui
803 2391 903 2418 malum
916 2392 949 2418 ab
961 2391 1010 2418 ini-

225 2441 261 2468 tio
269 2448 301 2467 ac
309 2447 415 2475 semper
422 2438 560 2466 exstitisse
568 2437 726 2473 praedicant.
735 2436 818 2472 Atqui
828 2444 915 2472 neque
928 2437 1010 2465 simul

225 2493 254 2514 ac
273 2485 389 2513 formata
404 2492 468 2512 caro
488 2488 541 2517 est,
556 2487 698 2519 peccatum
719 2483 841 2515 admisit,
853 2491 888 2510 ne
903 2484 1009 2518 peccati

226 2537 318 2560 auctor
339 2531 387 2566 qui
407 2531 480 2558 illam
496 2530 609 2557 ﬁnxerat
629 2529 884 2565 haberetur;quasi
903 2529 1010 2565 peccati

226 2585 296 2606 ream
320 2584 430 2605 carnem
453 2576 566 2604 molitus
589 2581 677 2609 esset;
701 2583 789 2611 neque
815 2575 916 2602 malum
940 2581 1010 2610 opus

225 2632 312 2660 ipsum
325 2622 482 2651 antecessit.
495 2621 596 2649 Verum
610 2622 751 2657 aliquanto
768 2620 848 2657 352
867 2625 929 2656 post
945 2625 1010 2649 tem-

214 2678 288 2707 pore
301 2678 316 2697 a
328 2669 375 2698 Dei
386 2669 516 2704 obsequio
533 2669 688 2697 desciscens
703 2667 825 2695 Adamus
839 2674 871 2694 ac
885 2666 1010 2695 libertate

224 2716 361 2753 praeditus,
376 2723 424 2751 per
438 2723 507 2748 sese,
529 2723 561 2742 ac
580 2717 676 2750 sponte
694 2721 745 2742 sua
767 2717 896 2749 certoque
916 2713 1008 2740 consi-

258 2808 266 2823 '
279 2807 365 2836 Galat.
377 2816 404 2841 ν.
424 2810 451 2838 3.
488 2809 498 2826 ²
512 2807 578 2837 ibid.
590 2807 618 2836 9.
661 2806 673 2824 ³
684 2807 750 2836 ibid.
764 2807 808 2835 Η.

247 2841 327 2872 Deest
337 2845 365 2871 ἐν
375 2844 424 2881 τῷ.

898 135 928 163 S.
949 133 1120 162 EPlPHANll

863 2806 874 2823 ⁸
886 2806 952 2835 ibid.
965 2805 1059 2835 19-21.

1793 135 1856 164 776

1050 190 1204 226 γέγραπται
1218 191 1228 207 ⁸
1244 190 1273 217 ὲν
1287 191 1327 226 τῷ
1341 190 1416 227 νόμῳ
1428 191 1476 219 καὶ
1492 193 1734 229 προπεφητεΰσθιιι
1747 194 1852 230 ἐσομέ-

1051 246 1111 273 νην,
1119 235 1178 264 εἴτα
1190 235 1360 265 τελεσθεῖσαν
1374 239 1420 265 ἐπὶ
1431 238 1469 274 τῷ
1480 239 1595 275 Σωτῆρι,
1605 239 1727 273 ἐπέδειξε
1737 240 1852 275 σαφῶςε

1052 283 1094 309 ὅτι
1109 284 1159 310 οὐκ
1187 283 1326 320 ἀλλότριος
1351 285 1366 311 ό
1386 285 1468 319 νόμος
1489 285 1537 311 τοῦ
1555 285 1690 321 Σωτῆρος.
1710 287 1855 322 Προεφή-

1051 337 1132 355 τευσε
1151 329 1205 365 γὰρ
1231 330 1279 357 καὶ
1295 329 1469 366 ἐμαρτύρησε
1480 331 1537 362 τοῖς
1558 330 1604 357 ὑπ’
1619 331 1701 358 αὑτοῦ
1715 331 1855 367 μέλλουσι

1053 375 1187 410 γίνεσθαι.

1089 421 1167 456 Σχόλ.
1182 425 1218 456 γ’.
1242 423 1432 458 Μαρτύρομαι
1455 423 1489 452 δὲ
1505 424 1608 456 πάλιν,
1630 424 1675 452 ὅτι
1687 425 1852 460 ἄνθρωπος

1054 468 1302 502 περιτεμνόμενος
1318 468 1474 503 ὀφειλέτης
1487 469 1575 497 ἐστὶν
1587 470 1661 498 ὅλον
1682 470 1736 498 τόν
1749 471 1852 507 νόμον

1054 512 1222 546 πληρῶσαι.

1092 560 1201 594 Ἕλεγχ.
1218 563 1253 594 γ’.
1269 560 1317 591 Τὸ,
1331 561 1488 596 ὀφειλέτης
1504 562 1600 594 ἐστίν,
1615 563 1707 590 οὐκέτι
1719 564 1757 596 ὡς
1778 565 1852 600 περὶ

1055 605 1241 641 ἀπειρημένου
1265 605 1350 640 λέγει,
1371 606 1439 633 ἀλλὰ
1460 607 1525 643 περὶ
1554 607 1704 644 βαρυτέρου
1731 610 1851 645 φορτίου

1055 651 1204 686 δυναμένου
1233 651 1442 687 ὲλαφρυνθῆναι.
1463 653 1537 685 Ἐνὸς
1557 654 1586 680 δὲ
1603 654 1678 686 ὄντος
1694 656 1849 689 Δεσπόντου,

1055 695 1205 731 δυναμένου
1234 697 1281 723 καὶ
1311 697 1438 733 βαρύνειν
1463 698 1511 725 καὶ
1533 699 1695 734 ὲλαφρύνειν
1723 700 1768 727 διὰ
1794 701 1850 735 τῆς

1056 742 1243 778 προαιρέσεως
1256 743 1310 770 τῶν
1330 744 1367 780 μὴ
1384 745 1631 781 παραιτησαμένων
1646 747 1849 780 καταδέξασθαι

1056 789 1106 824 τὴν
1131 789 1174 815 διὰ
1199 789 1248 824 τῆς
1267 789 1377 825 χάριτος
1404 790 1486 817 αὐτοῦ
1506 792 1536 819 ὲν
1558 793 1591 828 τῇ
1612 793 1736 829 ὲνσάρκῳ
1759 793 1850 820 αὑτοῦ

1057 833 1194 868 παρουσίᾳ
1209 835 1356 869 σωτηρίαν.

1091 878 1168 914 Σχόλ.
1185 878 1216 905 δ’.
1239 879 1311 906 Ἀντὶ
1325 880 1383 913 τοῦ,
1399 881 1496 916 Μικρὰ
1509 881 1581 917 ζύμη
1590 883 1665 911 ὅλοι⁴
1675 883 1709 912 τὸ
1723 885 1850 921 φύραμα

1056 922 1148 957 ζυμοῖ,
1168 924 1278 959 ἐποίησε
1294 924 1315 957 ⁸,
1330 925 1425 952 δολοῖ.

1093 970 1203 1005 Ἔλεγχ.
1217 970 1248 997 δ’.
1266 970 1324 997 Ἵνα
1339 971 1422 1007 μηδὲν
1435 972 1531 1008 ἀληθὲς
1545 974 1610 1010 παρ’
1617 975 1691 1011 αὺτῷ
1705 976 1848 1012 εὑρεθείη,

1056 1016 1174 1052 οὐδαμοῦ
1189 1017 1281 1052 σχεδὸν
1294 1018 1358 1045 ἄνευ
1371 1019 1545 1054 ῥᾳδιουργίας
1555 1023 1615 1053 ταῖς
1627 1021 1749 1057 Γραφαῖς
1760 1031 1849 1059 προσ-

1057 1063 1208 1096 ενήνεχται.
1236 1062 1316 1089 Ἀλλὰ
1329 1063 1377 1089 ἀπ’
1392 1063 1477 1099 αὐτῆς
1488 1065 1537 1100 τῆς
1551 1066 1711 1097 ἀκολουθίας
1727 1069 1743 1103 ἡ
1759 1069 1849 1103 φανέ-

1059 1116 1141 1143 ρωσις
1155 1107 1202 1134 τοῦ
1218 1107 1297 1142 λόγου
1312 1108 1427 1142 γίνεται.
1447 1110 1479 1137 Ἠ
1489 1111 1544 1147 γὰρ
1552 1112 1623 1148 ζύμη
1638 1113 1668 1140 τὸ
1679 1112 1749 1146 εἶδος
1761 1116 1849 1152 φυρά-

1059 1162 1144 1189 ματος
1159 1154 1253 1190 ἔργον·
1273 1155 1320 1182 καὶ
1330 1155 1383 1182 ἀπὸ
1397 1156 1444 1183 τοῦ
1458 1158 1618 1194 φυράματος
1632 1160 1663 1186 τὸ
1677 1160 1847 1196 ζυμοῦσθαι”

1057 1200 1105 1227 καὶ
1133 1201 1183 1228 οὐκ
1206 1202 1235 1228 ὲν
1247 1202 1305 1233 τοῖς
1323 1203 1512 1238 πρωτθτύποις
1528 1205 1559 1231 τὸ
1590 1203 1659 1237 εἶδος
1680 1207 1811 1242 ἠφάνιζεν
1831 1209 1848 1235 ὁ

1058 1246 1179 1279 συνετῶς
1205 1247 1254 1283 τὴν
1283 1248 1441 1285 παραϐολὴν
1469 1249 1517 1276 τοῦ
1543 1251 1701 1287 αἰνίγματος
1728 1254 1848 1290 ποιησά-

1059 1300 1150 1328 μενος.

1093 1383 1172 1419 Σχόλ.
1185 1386 1217 1410 ε’.
1235 1384 1262 1410 Ὁ
1286 1383 1341 1419 γὰρ
1365 1383 1425 1418 πᾶς
1442 1385 1534 1420 νόμος
1549 1387 1620 1421 ὑμῖν
1639 1388 1845 1423 πεπλήρωται·

1058 1429 1069 1446 ⁷
1088 1429 1269 1465 Ἀγαπήσεις
1281 1429 1334 1457 τὸν
1350 1431 1484 1464 πλησίον·
1497 1439 1555 1459 σου
1570 1432 1611 1465 ὡς
1625 1434 1766 1462 σεαυτόν.

1095 1476 1204 1512 Ἐλεγχ.
1218 1480 1246 1504 ε’.
1262 1477 1310 1508 Τίς
1322 1477 1379 1504 ἐστι
1393 1478 1472 1514 χρεία
1483 1478 1521 1513 τῷ
1532 1478 1601 1514 ἁγίῳ
1609 1479 1759 1516 ’Δποστόλῳ
1771 1481 1847 1516 νόμῳ

1059 1523 1188 1558 χρῆσθαι,
1203 1524 1228 1550 εί
1253 1523 1456 1559 ἀπηλλοτρίωτο
1475 1524 1563 1560 Καινὴ
1584 1525 1704 1561 Διαθήκη
1729 1527 1779 1562 τῆς
1794 1536 1845 1554 πα-

1059 1568 1137 1599 λαιᾶς
1151 1568 1326 1603 νομοθεσίας;
1350 1568 1420 1595 Ἀλλ’
1435 1569 1478 1596 ἵνα
1493 1569 1577 1606 δείξῃ,
1593 1570 1633 1597 ὅτι
1646 1570 1692 1597 τοῦ
1707 1571 1765 1603 ἐνὸς
1777 1571 1846 1599 Θεοῦ

1059 1615 1088 1641 αἱ
1102 1614 1149 1640 δύο
1161 1614 1305 1649 Διαθῆκαι,
1322 1614 1396 1650 καὶὴ
1411 1615 1555 1651 συμφωνία
1567 1616 1597 1643 τὸ
1612 1617 1664 1653 πλη
1670 1618 1784 1653 ρωτικὸν
1797 1619 1845 1646 τοῦ

1059 1661 1142 1696 νόμου
1158 1660 1203 1687 διὰ
1217 1660 1268 1696 τῆς
1280 1661 1390 1697 ἀγάπης
1403 1661 1450 1688 τοῦ
1458 1662 1571 1698 πλησίον
1585 1663 1735 1700 ἰσορρόπως
1748 1666 1776 1691 ὲν
1785 1666 1844 1697 ταῖς

1059 1707 1263 1743 δύοΔιαθήκαις
1289 1707 1461 1743 γνωρίζεται,
1487 1709 1518 1735 τὸ
1541 1709 1632 1736 τέλεον
1661 1711 1844 1746 ἐργαζομένου

1059 1752 1090 1779 τδ
1101 1752 1215 1787 ἀγαθὸν,
1233 1752 1316 1788 νόμου
1331 1753 1470 1781 τελείωσιν
1485 1752 1561 1781 εἶπεν
1571 1752 1642 1782 εἶναι
1656 1756 1706 1790 τὴν
1724 1757 1843 1793 ἀγάπην.

1096 1885 1173 1922 Σχόλ.
1196 1889 1233 1919 ς’.
1247 1885 1363 1920 Φανερὰ
1377 1886 1411 1914 δέ
1433 1886 1499 1914 ἐστι
1515 1887 1551 1914 τὰ
1567 1887 1638 1922 ἔργα
1653 1887 1708 1922 τῆς
1717 1890 1843 1923 σαρκός·

1061 1933 1147 1961 ἅτινά
1166 1933 1230 1960 ἐστι
1256 1933 1389 1966 πορνεία,
1407 1933 1586 1968 ἀκαθαρσία,
1601 1934 1753 1970 ἀσέλγεια,
1765 1936 1843 1963 516w-

1059 1980 1245 2014 λολατρείαι,
1271 1978 1467 2014 φαρμακεῖαι,
1497 1979 1617 2015 ἔχθραι,
1637 1981 1724 2015 ἕρεις,
1752 1981 1843 2016 ζῆλοι,

1061 2026 1158 2061 θυμοί,
1183 2026 1312 2061 ἐριθεῑαι,
1330 2025 1531 2061 διχοστασίαι,
1556 2026 1697 2060 αἱρέσεις,
1729 2027 1842 2062 φθόνοι,

1034 2105 1039 2109 _
1058 2073 1154 2107 μέθαι,
1185 2072 1294 2107 κῶμοι·
1318 2072 1415 2105 καθὼς
1441 2072 1490 2099 καὶ
1518 2072 1671 2106 προεῖπον,
1700 2072 1745 2100 ὅτι
1766 2074 1794 2100 οι
1810 2074 1842 2101 τὰ

1060 2118 1182 2146 τοιαῦτα
1196 2117 1387 2153 πράσσοντες
1396 2118 1560 2150 ,βασιλείαν
1572 2118 1645 2146 Θεοῦ
1655 2119 1691 2146 οὐ
1703 2120 1839 2154 κληρονο-

1059 2164 1225 2201 μήσουσιν.

1099 2212 1209 2248 Ἔλεγχ.
1224 2214 1261 2244 ς’.
1273 2212 1306 2238 Ὢ
1314 2210 1472 2246 θαυμασίων
1485 2211 1641 2248 μυστηρίων
1650 2202 1842 2240 ιιαὶάντιθέτων

1061 2258 1129 2286 Θεοῦ
1154 2258 1372 2292 ὑποδειγμάτων.
1403 2258 1442 2293 Τῇ
1475 2257 1530 2293 γὰρ
1565 2258 1646 2293 σαρκὶ
1670 2258 1789 2293 περιῆψε
1812 2259 1843 2286 τὰ

1061 2305 1151 2332 πάντα
1166 2304 1250 2331 δεινά.
1270 2304 1302 2330 Ἠ
1313 2303 1382 2338 σὰρξ
1393 2303 1420 2330 δὲ
1432 2304 1482 2331 οὐκ
1498 2304 1540 2330 ἀεὶ
1554 2301 1587 2340 ἦν
1597 2313 1604 2319 ·
1620 2305 1677 2331 ἀλλ’
1694 2305 1723 2331 ἐν
1735 2307 1766 2341 τῇ
1780 2305 1842 2342 ἕκτῃ

1061 2349 1152 2385 ἡμέρᾳ
1173 2348 1222 2384 τὴς
1239 2348 1427 2384 κοσμοποιίας,
1448 2348 1495 2374 τοῦ
1524 2349 1609 2384 Ἀδὰμ
1635 2349 1807 2383 πλασθέντος,
1827 2351 1842 2386 ή

1063 2394 1132 2431 σὰρξ
1156 2395 1249 2421 ἔκτοτε
1281 2394 1343 2429 ἔσχε
1363 2394 1411 2429 τὴν
1434 2394 1531 2430 ἀρχὴν,
1549 2395 1620 2430 φημὶ
1636 2394 1687 2429 τῆς
1702 2395 1824 2427 πλάσεως
1835 2404 1842 2411 ο

1063 2441 1106 2467 ῖνα
1130 2439 1294 2476 ἐλεγχθῶσιν
1312 2441 1337 2466 οἱ
1360 2439 1484 2474 λέγοντες
1502 2440 1546 2466 ἀεὶ
1563 2441 1610 2466 καὶ
1630 2440 1660 2473 ἐξ
1680 2441 1766 2476 ἀρχῆς
1779 2439 1840 2468 εἶναι

1061 2478 1092 2513 τὸ
1108 2486 1201 2514 κακόν.
1217 2486 1271 2512 Καὶ
1286 2485 1340 2521 γὰρ
1353 2485 1414 2512 οὔτε
1431 2485 1504 2518 ἐξότε
1518 2485 1638 2521 ἐπλάσθη
1649 2487 1665 2521 ἡ
1677 2486 1745 2521 σὰρξ
1757 2486 1839 2522 ἥμαρ-

1060 2538 1117 2560 τεν,
1138 2530 1183 2557 ἴνα
1214 2529 1252 2565 μὴ
1273 2530 1288 2556 ὁ
1313 2530 1435 2565 πλάστης
1458 2530 1543 2562 αἴτιος
1567 2530 1681 2566 νομισθῇ
1699 2531 1839 2567 ἁμαρτίας,

1062 2575 1167 2607 πλάσας
1196 2575 1284 2610 σάρκα
1314 2575 1502 2611 ἀμαρτωλήν·
1531 2575 1592 2602 οὔτε
1619 2576 1779 2612 προϋπῆρχε
1797 2576 1839 2602 τοῦ

1062 2621 1220 2656 πλάσματος
1248 2621 1280 2647 τὸ
1296 2621 1390 2648 κακόν.
1406 2621 1485 2649 Μετά
1496 2622 1590 2657 χρόνον
1605 2621 1633 2648 δὲ
1647 2622 1676 2648 ὲν
1694 2623 1815 2657 παρακοῇ
1828 2622 1838 2647 ί

1069 2667 1154 2702 Ἀδὰμ
1179 2666 1307 2701 γεγονὼς,
1338 2667 1407 2703 ἔχων
1425 2667 1456 2694 τὸ
1479 2667 1667 2700 αὐτεξούσιον,
1689 2667 1837 2704 προαιρέσει

1063 2713 1117 2748 ἰδίᾳ
1132 2713 1178 2747 ἀφ’
1198 2712 1294 2739 ἑαυτοῦ
1310 2714 1357 2749 τὴν
1373 2714 1508 2750 ἁμαρτίαν
1525 2714 1564 2746 εἰς
1584 2713 1679 2742 ἑαυτὸν
1697 2713 1839 2749 διανοηθεὶς,

1114 2807 1125 2824 ⁸
1143 2807 1205 2837 For.
1218 2809 1318 2846 ταύτην
1331 2814 1357 2837 et
1372 2809 1586 2845 προγεγράφθαι,
1625 2810 1635 2826 ⁸
1647 2818 1692 2844 γρ.
1705 2809 1838 2844 ἐποίησαν.
