1952 3045
119 108 170 134 777

454 106 638 134 ADVERSUS
657 105 829 134 ll/ERESES
849 106 912 132 LIB.
930 107 950 133 l.
973 105 1053 133 ΤΟΜ.
1075 105 1119 132 Ill.
1140 120 1174 124 —
1193 104 1331 132 HERES.
1352 103 1431 132 XLII.

1686 103 1737 130 778

119 165 219 201 ἔπραξε
233 175 238 181 ·
252 167 322 201 φημὶ
332 166 371 198 δὲ,
387 166 437 201 τὴν
460 167 588 202 ἀθέτησιν
602 165 647 192 τοῦ
666 165 748 192 αὐτοῦ
766 165 900 192 Δεσπότου

968 166 989 191 io
1004 168 1115 200 peccato
1137 171 1166 191 se
1185 164 1340 196 obstrinxit,
1359 164 1422 191 dum
1438 171 1485 199 per
1503 163 1584 190 animi
1600 167 1739 190 contuma-

119 212 162 238 se:
179 213 229 247 τῆς
255 212 397 247 παρακοῆς
426 212 616 247 ποιησάμενος.
645 212 699 238 Ποῦ
719 212 809 238 τοίνυν
823 210 857 246 ἦν
873 212 903 238 τὺ

119 258 215 289 κακὸν,
243 258 326 293 πρινὴ
341 259 389 294 τὴν
408 259 496 294 σάρκα
516 256 601 290 sivetu;
621 258 684 289 Πῶς
697 257 724 284 δὲ
741 257 820 289 εὐθὺς
837 257 905 284 πλα-

119 305 214 331 σθεῖσα
242 305 274 332 οὐ
295 306 327 332 τὸ
348 305 432 332 κακὸν
457 305 621 340 εἰργάσατο,
642 304 710 331 ἀλλὰ
729 304 816 340 χρόνῳ
840 313 904 339 μετ-

119 350 233 384 έπειτα;
248 352 319 387 ’Ἄρα
337 350 401 385 γοῦν
413 351 543 386 ἀνῄρηται
555 352 569 377 ὁ
582 351 645 387 περὶ
653 352 701 386 τῆς
710 350 807 382 κακίας
819 350 905 385 ἀρχῆς

120 397 209 430 λόγος.
227 397 263 423 Οὐ
281 397 334 432 γὰρ
347 391 456 423 δῦναται
469 397 619 432 ἁρχαῖζειν,
631 397 723 431 ἐπειδὴ
735 398 763 423 ἐν
777 398 809 432 τῇ
824 396 906 431 σαρκὶ

122 443 154 477 τῇ
173 442 389 478 μεταγενεστέρᾳ
414 442 444 468 τὸ
470 442 592 477 γίνεσθαι
617 442 671 477 ἔχει
686 444 703 478 ἡ
720 443 815 474 κακία,
833 442 850 477 ἢ
868 442 905 477 μὴ

121 486 246 520 γίνεσθαι
258 495 264 501 ·
277 487 324 513 καὶ
332 486 392 513 οὔτε
407 487 424 522 ὴ
440 486 507 522 σὰρξ
518 486 598 513 πάλιν
614 487 834 522 ἀκληρονὺμητός
848 487 906 513 ἐστι

121 532 177 558 τῶν
189 533 367 567 ἐπουρανίων.
383 532 438 559 Καὶ
452 533 488 567 μή
500 541 541 563 τις
548 532 663 568 λάϐηται
673 533 720 560 τοῦ
733 533 808 566 ἁγίου
825 533 906 559 Ἀπο-

122 577 220 604 στόλου
245 577 369 609 εἰπόντος
381 585 389 593 ⁶
405 577 485 611 Σὰρξ
505 577 554 604 καὶ
569 575 641 612 αἷμα
656 578 819 610 ,ϐασιλείαν
833 577 907 604 Θεοῦ

121 624 160 649 οὐ
192 622 487 658 κληρονομήσουσιν.
509 623 546 649 Οὐ
566 623 620 659 γὰρ
646 624 735 649 πᾶσαν
762 623 850 659 σάρκα
866 623 910 649 αἱέ

122 669 224 695 τιᾶται,
246 668 308 700 Πῶς
319 668 374 703 γὰρ
394 668 580 703 αἰτιαθήσεται
595 667 672 703 σὰρξ,
690 669 707 703 ἡ
729 668 765 704 μὴ
783 668 908 703 πράξασα

122 715 159 741 τὰ
171 715 371 751 προειρημένα;
387 715 441 742 Καὶ
451 715 481 747 ἐξ
492 715 592 751 ἐτέρων
607 715 635 741 δὲ
650 714 811 747 ἀποδείξεων
822 723 910 750 παρα-

125 761 218 796 στήσω
233 761 264 788 τὺ
286 761 460 797 ζητούμενον.
484 762 533 794 Τῖς
552 762 617 796 γὰρ,
638 761 729 796 φησὶν,
753 761 909 795 ἐγκαλέσει

125 807 201 834 κατὰ
216 807 366 834 ἐκλεκτῶν
379 807 470 839 Θεοῦ;
481 807 543 839 Πῶς
559 807 590 833 οὐ
604 807 802 843 κληρονομήσει
816 807 910 841 Μαρία

954 212 1024 238 ciam
1053 210 1159 237 Domini
1184 210 1226 236 sui
1255 210 1422 245 majestatcm
1448 209 1594 237 imminuit.
1623 208 1739 236 Ubinam

954 264 1019 292 ergo
1043 264 1144 287 rerum,
1170 260 1313 290 antequam
1341 263 1405 282 caro
1427 255 1581 290 prodiisset,
1599 261 1739 291 peccatum

955 301 1022 329 fuit?
1041 302 1095 328 Aut
1107 309 1224 336 quanam
1247 302 1352 328 ratione
1368 309 1420 328 non
1437 302 1517 328 simul
1534 307 1614 336 atque
1630 301 1739 328 condita

955 352 1006 379 est,
1019 348 1065 375 sed
1084 347 1222 382 aliquanto
1239 352 1331 382 postea
1352 347 1494 374 intervallo
1515 348 1615 374 malum
1631 347 1741 374 commi-

956 395 992 422 sit
1003 395 1014 421 ‘?
1027 393 1208 427 Quamobrem
1224 394 1312 421 omnis
1335 394 1379 420 illa
1398 393 1431 421 de
1448 393 1580 428 principio
1600 393 1661 420 tituli
1680 402 1741 419 sen-

957 439 1039 466 tentia
1059 439 1172 466 corruit.
1192 438 1250 466 Non
1263 439 1334 465 enim
1351 439 1491 474 antiquum
1506 446 1566 465 esse
1579 442 1666 472 potest
1686 446 1742 464 tua-

957 485 1023 515 ium,
1037 485 1109 520 quod
1130 485 1157 512 in
1173 485 1314 512 recentiori
1332 492 1396 511 caro
1414 484 1494 511 habet
1515 488 1543 511 ut
1569 486 1612 515 sit,
1627 488 1673 511 ant
1689 493 1742 510 non

957 531 993 559 sit
1008 532 1128 558 omnino.
1149 530 1241 565 Neque
1259 539 1323 557 vero
1337 537 1352 556 a
1371 530 1474 557 (τωΙυειί
1490 530 1662 564 possessione
1679 538 1742 556 caro

958 577 1092 612 dejicitnr.
1112 576 1167 604 Nec
1183 582 1223 603 est
1241 577 1313 611 quod
1330 576 1451 611 Apostoli
1467 575 1628 602 auctoritate
1649 575 1743 602 abuta-

958 627 1003 650 tur
1016 623 1161 658 quispiam,
1176 622 1239 649 dtttn
1254 623 1290 649 ait
1306 631 1312 649 :
1329 622 1397 649 Caro
1413 627 1438 648 ct
1452 622 1559 656 sanguis
1575 630 1680 656 regnum
1697 621 1744 648 Dei

959 677 1009 695 non
1024 668 1190 703 possidebunt
1205 669 1224 694 ‘.
1241 667 1307 694 Nam
1330 676 1382 695 non
1409 675 1518 694 carnem
1542 675 1648 695 otnnem
1665 675 1745 694 aecu-

959 718 1011 742 sat.
1029 715 1084 741 Cur
1109 714 1181 741 enim
1196 717 1338 741 accusetur
1352 721 1384 741 ea
1398 721 1458 748 qua:
1486 713 1553 740 nihil
1568 722 1660 741 eorum
1685 721 1746 749 qua:

960 764 1038 788 antea
1055 764 1265 787 commemorata
1291 763 1355 787 sunt
1377 759 1534 787 admiserit?
1556 759 1608 787 Sed
1638 765 1665 788 et
1684 761 1745 788 aliis

960 814 1068 841 quoque
1088 806 1239 833 rationibus
1256 806 1328 841 quod
1352 806 1482 840 quaeritur
1500 807 1639 834 evidenter
1652 811 1746 834 osten-

124 853 144 888 ἡ
167 853 232 887 ἁγία
259 854 328 889 μετὰ
344 854 445 889 σαρκὸς
465 854 515 889 τὴν
530 853 668 888 βασιλείαν
680 853 734 879 τῶν
749 852 880 888 οὐρανῶν,
893 853 909 888 ἡ

968 852 1044 880 iitur.
1062 853 1139 886 Quis,
1156 853 1254 888 inquit,
1267 852 1401 879 accusabit
1415 854 1538 880 adversus
1553 854 1647 881 electos
1663 854 1748 882 Dei’?

127 898 166 934 μὴ
184 898 367 933 πορνεύσασα,
396 899 434 934 μὴ
456 898 642 933 ἁσελγήσασα,
661 898 699 934 μὴ
726 897 909 933 μοιχευθεῖσα,

127 942 212 977 μηδέν
222 952 249 969 τι
261 943 316 971 τῶν
331 944 487 979 ἀνηκέστων
502 944 603 980 σαρκὸς
621 944 710 979 ἔργων
726 944 911 980 ἐργασαμένη,

125 988 196 1014 ἀλλὰ
209 989 340 1024 ἄχραντος
353 990 482 1025 μείνασα;
496 991 551 1017 Οὐκ
565 991 618 1025 ἄρα
626 990 714 1017 τοίνυν
729 991 793 1026 περὶ
813 991 912 1026 σαρκὸς

126 1035 202 1069 λέγει
219 1035 256 1072 μὴ
273 1036 451 1072 κληρονομεῖν
467 1037 602 1072 βασιλείαν
613 1037 745 1072 οὐρανῶν,
765 1036 832 1063 ἀλλὰ
849 1037 913 1072 περὶ

127 1082 267 1116 σαρκικῶν
293 1082 446 1118 ἀνθρώπων
459 1083 513 1109 τῶν
525 1084 560 1110 τὰ
580 1083 668 1118 φαῦλα
692 1083 735 1110 διὰ
747 1083 796 1118 τῆς
813 1083 913 1118 σαρκὸς

128 1129 317 1163 πραττόντων·
337 1129 416 1156 ἅτινά
429 1131 486 1156 ἐστι
501 1130 622 1165 πορνεία.
637 1129 850 1165 εἰδωλολατρεία,
866 1130 913 1155 καὶ

131 1175 167 1202 τὰ
184 1175 289 1206 τούτοις
303 1175 392 1210 ὅμοια.
411 1175 466 1201 Καὶ
489 1175 637 1208 ἐξάπαντος
655 1175 814 1210 ἐλήλεγκταί
832 1183 877 1201 σου
896 1176 912 1210 ἡ

130 1220 280 1256 σκευωρία,
306 1217 328 1246 ὦ
348 1220 480 1256 Μαρκίων
494 1220 697 1255 πεπλανημένε,
720 1220 769 1255 τῆς
787 1219 915 1255 ἀληθείας

130 1267 217 1301 πάντη
234 1266 430 1302 προλαϐούσης,
449 1267 496 1293 καὶ
511 1266 541 1293 τὸ
556 1266 664 1302 στερεὸν
677 1265 724 1293 τοῦ
740 1265 916 1301 κηρύγματος

130 1313 180 1348 τῆς
191 1312 264 1347 ζωῆς
280 1312 505 1348 ἀσφαλιζομένης.

961 897 1057 925 Nonne
1082 900 1254 926 sanctissima
1275 897 1356 932 Virgo
1386 898 1469 925 Maria
1494 906 1555 926 cum
1585 900 1643 934 ipsa
1665 907 1746 928 carne

962 945 1072 972 cmlesle
1084 953 1197 980 regnum
1212 949 1351 979 capesset;
1368 945 1412 971 cui
1428 953 1515 980 neque
1529 946 1623 973 vitium
1639 951 1682 974 est
1696 955 1749 974 un—

962 997 1043 1025 quam
1058 990 1197 1023 oblatum;
1214 998 1263 1017 nec
1287 989 1398 1017 libidine
1414 994 1453 1018 est
1473 991 1537 1021 ulla.
1551 995 1597 1018 aut
1615 992 1749 1020 adulterio

963 1037 1080 1069 fmdata;
1107 1045 1195 1072 neque
1228 1037 1375 1072 quidquam
1401 1045 1433 1064 ex
1449 1037 1561 1065 nefariis
1578 1038 1630 1066 illis
1658 1040 1750 1066 carnis

965 1082 1093 1116 operibus
1117 1083 1236 1114 admisit,
1263 1083 1310 1110 sed
1329 1084 1431 1118 integra
1452 1083 1634 1119 inviolataque
1653 1086 1750 1120 persti-

966 1128 1019 1155 tit?
1039 1127 1099 1155 Non
1124 1129 1206 1164 igitur
1228 1133 1366 1164 utcunque
1385 1130 1418 1156 de
1439 1137 1521 1157 carne
1541 1130 1669 1165 loquitur,
1687 1139 1749 1159 cum

966 1180 1026 1200 eam
1041 1178 1121 1208 negat
1136 1175 1247 1202 cceleste
1261 1183 1372 1210 regnum
1386 1176 1542 1210 possidere;
1556 1177 1603 1204 sed
1623 1176 1656 1204 de
1675 1179 1750 1205 carni

968 1219 1104 1247 immersis
1126 1220 1291 1253 hominibus,
1307 1222 1353 1256 qui
1377 1222 1542 1249 adminiculo
1558 1223 1649 1251 carnis
1666 1225 1751 1252 scele-

968 1267 1009 1291 sta
1026 1266 1147 1300 qumdam
1161 1271 1316 1302 perpetrant
1329 1276 1335 1294 ε
1350 1267 1501 1301 cujusmodi
1516 1274 1580 1296 sunt
1595 1269 1750 1304 fornicatio,

969 1310 1133 1344 idololatria,
1145 1317 1197 1339 etc.
1214 1313 1289 1340 Unde
1304 1316 1361 1345 tua,
1379 1313 1490 1345 Marcio,
1505 1314 1580 1342 fraus
1595 1320 1676 1350 atque.
1693 1317 1752 1344 cal-

131 1359 223 1387 liditas
241 1361 352 1386 omnino
366 1359 509 1394 detegitur,
524 1366 587 1386 cum
599 1366 692 1386 omnes
706 1360 808 1386 erroris
823 1359 913 1386 aditus
931 1359 1090 1393 jamdudum
1102 1360 1199 1387 veritas
1214 1361 1364 1395 occuparit,
1396 1361 1650 1399 prmdicationisque
1680 1364 1751 1397 ejus,

131 1413 192 1440 qua),
215 1405 297 1431 vitam
326 1404 412 1436 aﬂ'ert,
436 1404 590 1431 ﬁrmitatem
610 1404 839 1438 stabilitatcmque
855 1404 993 1431 munierit.

167 1451 244 1486 Σχόλ.
260 1450 292 1483 ζ’.
313 1451 345 1477 ΟΖ
371 1450 405 1476 δὲ
419 1449 472 1477 τοῦ
487 1450 615 1484 Χριστοῦ
637 1451 694 1484 τὴν
705 1449 802 1484 σάρκα
811 1450 915 1477 ἐσταύ-

1002 1449 1093 1476 Schol.
1111 1450 1135 1477 7.
1153 1450 1205 1484 Qui
1225 1455 1312 1478 autem
1333 1451 1434 1480 Christi
1449 1458 1509 1480 sunt
1525 1462 1630 1481 carnem
1644 1457 1752 1492 cruciﬁ-

129 1505 234 1530 ρωσαν
250 1495 311 1523 σὺν
320 1495 383 1528 τοῖς
396 1495 549 1530 παθήμασι
566 1495 616 1522 καὶ
628 1495 692 1528 ταῖς
704 1495 880 1530 ἐπιθυμίαις.

171 1543 279 1576 Ἐλεγχ.
300 1541 332 1574 ζ’.
354 1542 386 1568 El.
412 1541 608 1575 ἐσταύρωσαν
628 1541 679 1575 τὴν
697 1541 795 1576 σάρκα
818 1543 844 1569 ol
864 1541 918 1569 τοῦ

134 1588 272 1622 Χριστοῦ.
285 1585 307 1615 ὦ
324 1588 466 1624 Μαρκίων,
480 1589 559 1623 δῆλον
585 1586 630 1624 ἦν,
644 1589 684 1614 ὅτι
701 1589 725 1615 οἱ
737 1588 783 1614 τοῦ
799 1588 917 1624 Χριστοῦ

134 1634 222 1661 δοῦλοι
237 1635 285 1660 σὺν
301 1635 361 1666 ταῖς
375 1633 533 1668 ἐπιθυμίαις
549 1633 595 1660 καὶ
611 1635 666 1664 τοῖς
679 1633 817 1669 παθήμασι
833 1633 919 1660 καθα-

137 1680 185 1715 ρὰν
203 1680 253 1715 τὴν
270 1680 358 1715 σάρκα
375 1679 518 1711 ἀπέδειξαν
528 1687 535 1695 '
552 1679 598 1705 καὶ
610 1679 779 1714 ἐμιμήσαντο
790 1679 835 1705 τὸν
850 1680 919 1714 Χρι-

137 1727 208 1756 στὸν,
221 1726 356 1758 δείξαντες
382 1725 462 1753 αὐτὸν
483 1726 571 1761 σάρκα
589 1725 799 1760 ὲσταυρωκέναι.
817 1726 861 1752 Διὸ
873 1726 920 1752 καὶ

136 1771 222 1802 αὐτοὶ,
234 1771 268 1797 τὰ
284 1771 328 1798 ἴσα
343 1771 382 1806 τῷ
398 1772 519 1808 Δεσπότῃ
545 1771 636 1798 αὐτῶν
657 1773 849 1807 φρονήσαντες,
871 1772 920 1807 τὴν

137 1816 226 1851 σάρκα
253 1815 437 1850 ἐσταύρωσαν.
454 1816 508 1842 Καὶ
524 1817 548 1842 εἰ
561 1816 610 1851 τὴν
630 1816 719 1851 σάρκα
735 1816 919 1852 ἐσταύρωσαν,

138 1861 293 1888 ἁνένδεκτον
309 1861 358 1896 τὴν
385 1861 473 1897 σάρκα
497 1861 566 1897 ὑπὲρ
589 1862 707 1897 Χριστοῦ
730 1861 868 1888 παθοῦσαν
884 1861 921 1898 μὴ

139 1909 186 1933 σὺν
211 1906 319 1942 Χριστῷ
338 1906 506 1942 βασιλεύειν·
533 1906 625 1939 καθὼς
646 1908 694 1934 καὶ
715 1908 743 1934 ἐν
763 1907 834 1942 ἄλλῳ
848 1907 922 1943 ρητῷ

137 1953 271 1979 δείκνυσιν
288 1955 302 1980 ὁ
326 1954 402 1987 ἆγιος
430 1953 588 1985 Ἀπόστολος
609 1953 705 1987 λέγων.
731 1954 772 1980 ὃτι
785 1953 923 1988 Καθάπερ

139 1999 275 2025 κοινωνοί
299 1999 369 2025 ἐστε
386 1997 445 2025 τῶν
458 1998 637 2034 παθημάτων
645 1998 699 2026 τοῦ
717 1999 855 2033 Χριστοῦ,
872 1999 923 2026 οὔ-

140 2051 194 2075 τως
204 2043 251 2070 καὶ
266 2043 320 2077 τῆς
335 2043 438 2076 δόξης.

174 2089 252 2124 Σχόλ.
270 2089 304 2125 η’.
322 2089 396 2115 Οὔτε
408 2088 464 2123 τὰρ
476 2090 503 2115 οἱ
519 2090 757 2125 πεοιτεμνόμενοι
773 2089 857 2117 αὐτοὶ
873 2090 923 2117 νό-

137 2143 195 2170 μον
209 2134 436 2170 φυλάσσουσιν.

177 2181 284 2216 Ἔλεγχ.
296 2184 330 2216 η’.
342 2181 398 2207 Οὐκ
408 2180 578 2216 ἀπηγόρευτο
587 2180 675 2207 τοίνυν
686 2182 703 2216 ἡ
713 2181 833 2216 προτέρα
846 2190 924 2216 περι-

142 2227 210 2263 τομὴ
225 2228 253 2253 ἐν
267 2227 305 2262 τῷ
319 2226 376 2262 ἰδίῳ
388 2226 488 2262 καιρῷ,
507 2227 532 2253 εί
547 2227 628 2262 νόμον
646 2226 772 2261 ἐφύλαξε.
788 2227 879 2262 Νόμος
893 2227 922 2254 δὲ

142 2273 256 2308 Χριστὺν
282 2272 464 2308 κατήγγελλεν
489 2272 634 2308 ἐρχόμενον
660 2272 742 2308 νόμον
767 2273 922 2308 ἐλευθερίας

143 2318 339 2354 παρασχέσθαι,
360 2318 408 2345 καὶ
431 2318 522 2344 οὐκέτι
537 2319 554 2353 ἠ
578 2319 711 2354 περιτομὴ
733 2319 762 2344 ἐν
783 2319 863 2354 σαρκὶ
882 2318 921 2354 τῷ

143 2365 228 2400 χρόνῳ
239 2364 285 2390 τοῦ
298 2362 416 2399 Χριστοῦ
431 2364 668 2399 ὲξυπηρετήσειεν.
683 2362 767 2390 Ἦλθε
780 2364 835 2400 γὰρ
849 2365 865 2399 ἡ
881 2364 924 2391 διὰ

144 2409 259 2446 Χριστοῦ
276 2409 400 2445 ἀληθινὴ,
414 2407 448 2446 ἦς
468 2409 552 2442 τύπος
576 2407 727 2445 ἐκείνη-ἧν.
742 2411 774 2436 Οἱ
793 2410 820 2436 δὲ
839 2410 879 2436 ἐτι
895 2412 923 2436 ὲν

144 2457 232 2492 ἐκείνῃ
247 2456 467 2492 σφραγιζόμενοι,
484 2456 535 2482 κᾶν
552 2464 581 2482 τε
596 2456 683 2482 πάντα
695 2455 740 2482 τὸν
750 2456 830 2491 νόμον
841 2456 924 2490 φυλά-

146 2504 234 2536 ξωσιν,
249 2503 342 2529 οὐκέτι
363 2502 454 2533 αὐτοῖς
479 2501 669 2537 λογισθήσεται
694 2502 774 2537 νόμου
800 2501 922 2536 φύλαξις.

153 2547 259 2582 Ἐπειδὴ
272 2547 327 2582 γὰρ
344 2547 358 2573 ὁ
375 2546 456 2581 νόμος
470 2545 546 2580 ἔλεγε
569 2546 633 2580 περὶ
646 2546 774 2581 Χριστοῦ,
788 2547 829 2573 ὅτι
853 2548 924 2580 Προ-

146 2592 244 2627 φήτην
259 2591 355 2627 ἐγερεῖ
373 2591 444 2626 ὑμῖν
461 2591 568 2624 Κύριος
589 2593 605 2618 ὁ
621 2591 693 2624 Θεὸς
707 2592 740 2618 ἐκ
754 2591 813 2618 τῶν
837 2591 925 2618 ἀδελ-

147 2640 208 2675 φῶν
224 2648 283 2674 μου
297 2639 337 2672 ὡς
351 2639 420 2672 ἐμέ·
436 2637 528 2664 αὑτοῦ
545 2638 691 2665 ἀκούσετε
701 2646 709 2654 ’
725 2637 814 2664 αὐτῶν
831 2637 859 2664 δὲ
876 2637 924 2664 τοῦ

146 2685 263 2722 Χριστοῦ
282 2684 319 2720 μὴ
343 2683 535 2716 ἀκουσάντων,
557 2684 574 2719 ὴ
600 2683 733 2720 περιτομὴ
760 2683 926 2719 ἀκροϐυστία

147 2733 246 2767 γίνεται
273 2732 381 2762 αὐτοῖς,
407 2730 453 2757 καὶ
478 2731 495 2766 ἡ
516 2729 630 2765 esteat;
657 2730 703 2758 τοῦ
730 2731 812 2766 νόμου
836 2731 926 2757 οὐκέτι

183 2811 191 2826 ¹
203 2809 212 2836 l
226 2810 289 2838 Cor.
308 2817 352 2842 xv,
367 2809 410 2837 50.
449 2810 460 2825 ²
476 2807 554 2835 Rom.
569 2816 627 2842 νιιι,
645 2809 688 2837 35.
726 2809 736 2826 ³
756 2809 844 2837 Galat.
859 2818 875 2838 v
905 2808 915 2835 Ξ

988 2808 1031 2836 ‘ll
1048 2807 1110 2836 Cor.
1127 2815 1146 2841 ι,
1162 2808 1188 2836 7.

308 2857 441 2887 ΡΛτιιοι.
458 2857 516 2886 (in.
534 2855 615 2886 XLI.

968 1500 1063 1522 xerunt
1078 1504 1136 1522 cum
1151 1497 1220 1523 vitiis
1233 1502 1257 1524 et
1272 1498 1486 1532 concupiscentiis
1503 1499 1514 1514 ³

1002 1539 1093 1567 Refut.
1106 1541 1131 1568 7.
1145 1541 1172 1568 Si
1184 1543 1228 1577 qui
1244 1542 1342 1570 Christi
1354 1548 1425 1576 sunt,
1437 1553 1541 1572 carnem
1553 1547 1752 1583 cruci/inerunt,

969 1585 1082 1619 Marcio,
1098 1589 1269 1622 perspicuum
1290 1593 1331 1616 est
1350 1589 1451 1617 Christi
1474 1599 1566 1619 servos
1583 1593 1754 1622 circumcisis

969 1632 1164 1666 cupiditatibus
1192 1639 1218 1660 et
1241 1633 1430 1662 all‘ectionibus
1452 1637 1671 1671 purgatissimam
1693 1646 1754 1666 car-

969 1685 1030 1703 netn
1054 1685 1131 1704 suam
1155 1678 1317 1712 reddidisse,
1332 1679 1505 1716 inritatusque
1526 1689 1587 1710 esse
1603 1683 1753 1717 Christum,

970 1722 1034 1749 dum
1047 1723 1134 1757 ipsum
1154 1731 1263 1751 carnem
1283 1732 1359 1751 suam
1376 1726 1449 1752 cruci
1469 1726 1585 1755 affuisse
1603 1729 1752 1756 declarant.

970 1768 1048 1796 Unde
1063 1774 1090 1796 et
1108 1770 1145 1796 illi
1162 1770 1255 1798 eodem
1269 1779 1323 1806 quo
1337 1771 1468 1800 Dominus
1488 1781 1554 1801 suus
1571 1775 1686 1802 consilio
1698 1783 1755 1803 car-

970 1823 1032 1842 nem
1050 1816 1078 1843 in
1091 1824 1173 1844 cruce
1191 1817 1319 1853 deligunt.
1333 1817 1393 1845 Jam
1417 1827 1481 1846 vero
1506 1820 1528 1847 si
1547 1828 1656 1848 carnem
1676 1828 1754 1848 suam

971 1862 1167 1895 cruciﬁxerint,
1183 1862 1240 1891 ﬁeri
1255 1871 1309 1890 non
1333 1868 1421 1898 potest
1440 1865 1505 1899 quin
1524 1873 1588 1893 caro
1609 1874 1657 1901 pro
1676 1867 1754 1894 Chri-

972 1913 1015 1936 sto
1030 1916 1157 1943 perpessa
1175 1917 1236 1936 cum
1257 1909 1365 1936 Christo
1382 1910 1483 1945 pariter
1504 1916 1597 1946 regnet
1612 1921 1617 1938 :
1636 1912 1661 1939 id
1682 1913 1754 1947 quod

973 1954 1025 1980 alio
1039 1955 1064 1980 in
1079 1954 1139 1981 loco
1154 1955 1196 1982 his
1211 1955 1301 1982 verbis
1313 1955 1481 1983 demonstrat
1492 1956 1639 1990 Apostolus
1655 1967 1661 1984 :
1680 1957 1755 1985 Sicut

972 2001 1037 2027 socii
1049 2002 1200 2034 passionum
1214 2001 1313 2028 Cltrisli
1330 2003 1403 2032 estis,
1419 2003 1458 2029 ita
1474 2007 1498 2030 ct
1512 2003 1604 2038 gloria:
1614 2004 1634 2031 ’⁵.

1009 2090 1102 2118 Schol.
1128 2090 1154 2117 8.
1177 2089 1267 2126 Neque
1291 2092 1359 2118 enim
1386 2093 1430 2127 qui
1455 2093 1677 2121 circumciduntur
1704 2096 1755 2130 ipsi

975 2136 1054 2171 legem
1071 2135 1220 2163 custodiunt
1234 2137 1255 2163 ⁵.

1009 2182 1089 2217 353
1095 2181 1184 2210 Refut.
1192 2182 1218 2210 8.
1228 2181 1287 2210 Non
1298 2182 1379 2219 igitur
1385 2191 1434 2211 suo
1443 2188 1563 2219 tempore
1572 2186 1706 2220 prohibita
1714 2195 1756 2214 ve-

973 2232 1017 2256 tus
1027 2229 1070 2255 illa
1081 2228 1254 2256 circumcisio
1266 2228 1326 2262 fuit,
1338 2229 1360 2256 si
1374 2229 1483 2264 quidem
1500 2230 1583 2265 legem
1596 2232 1755 2261 custodiret.

973 2273 1057 2300 Porro
1081 2273 1122 2300 lex
1144 2273 1282 2300 Christum
1303 2274 1446 2301 nuntiabat
1468 2274 1571 2302 idcirco
1591 2277 1754 2309 vendentem,

973 2323 1002 2347 ut
1023 2320 1106 2355 legem
1122 2320 1255 2347 libertatis
1272 2320 1387 2352 aﬂerret,
1412 2321 1491 2355 cujus
1511 2321 1555 2348 illa
1578 2322 1689 2357 iiguram
1709 2332 1757 2350 ex-

975 2365 1085 2400 pressit.
1112 2364 1273 2400 Quicuuquc
1294 2372 1358 2392 vero
1379 2365 1468 2392 adhuc
1487 2366 1514 2392 in
1535 2367 1580 2393 illa
1602 2368 1756 2402 signantur.

975 2406 1089 2438 tametsi
1111 2410 1196 2446 legem
1217 2418 1323 2438 omnem
1350 2411 1506 2442 observent,
1533 2419 1586 2439 non
1609 2417 1698 2440 tamen
1724 2414 1758 2441 iis

975 2455 1129 2482 observatio
1142 2455 1193 2483 ista
1209 2455 1275 2490 legis
1293 2455 1480 2490 imputabitur.
1496 2455 1564 2482 Cum
1579 2457 1650 2484 enirn
1666 2457 1708 2484 lex
1725 2458 1758 2483 de

975 2501 1084 2528 Christo
1100 2500 1253 2535 praedixerit
1270 2510 1276 2526 :
1292 2500 1451 2534 Prop/telam
1464 2501 1602 2528 suscitabit
1616 2502 1687 2529 vobis
1702 2502 1758 2529 Do-

977 2547 1062 2574 minus
1077 2546 1148 2573 Deus
1164 2554 1178 2572 e
1194 2546 1322 2580 fratribus
1337 2547 1400 2572 meis
1414 2546 1482 2572 sicut
1498 2554 1553 2578 me;
1569 2547 1654 2581 ipsum
1667 2547 1758 2574 audie-

977 2592 1010 2618 tis
1026 2592 1036 2606 ⁶
1053 2602 1059 2619 :
1075 2592 1122 2627 qui
1140 2599 1172 2618 ex
1193 2591 1246 2618 illis
1261 2590 1398 2618 Christum
1419 2598 1474 2617 non
1496 2590 1641 2624 audierint,
1659 2591 1757 2618 horum

976 2638 1149 2665 circumcisio
1168 2636 1290 2672 pmputii
1311 2637 1396 2664 instar
1411 2637 1571 2669 aestimatur,
1591 2639 1703 2672 ipsaque
1720 2638 1758 2664 le-

978 2685 1019 2720 gis
1040 2684 1204 2716 observatio,
1227 2683 1380 2710 observatio
1401 2691 1462 2711 esse
1481 2684 1590 2711 desinit.
1611 2683 1657 2711 Est
1677 2684 1758 2718 igitur

979 2731 1050 2758 bona
1060 2730 1169 2766 quidem
1195 2730 1256 2763 lex,
1272 2729 1396 2765 bonaque
1417 2730 1591 2758 circumcisio
1607 2739 1613 2757 :
1631 2737 1678 2765 per
1691 2737 1758 2764 quas

1232 2807 1242 2823 ⁸
1254 2807 1342 2835 Galat.
1359 2814 1396 2841 vl,
1409 2806 1452 2834 i5.
1491 2807 1501 2823 ⁸
1516 2806 1594 2834 Deut.
1615 2814 1692 2838 xvm.
1713 2806 1757 2834 15.

1564 2854 1604 2884 25
