1952 3045
206 140 259 168 τ¹19
904 144 932 172 S.
952 145 986 172 EI

1043 146 1123 174 lANl

1786 156 1839 183 780

204 197 342 226 Christum
352 198 512 234 Christique
524 200 714 233 perfectiorem
726 202 824 238 legem,
837 210 869 230 ac
881 203 985 231 circum

1048 207 1170 240 φύλαξις.
1192 207 1282 240 Καλὸς
1303 208 1391 235 τοὶνυν
1408 210 1422 236 ὁ
1444 209 1534 245 νόμος,
1556 211 1604 237 καὶ
1628 211 1699 247 καλὴ
1720 213 1737 248 ἡ
1759 221 1839 248 περι-

204 246 333 273 cisioncm
350 247 539 282 cognovimus.

206 388 246 415 Ex
262 388 381 424 Epistula
400 390 434 417 ad
452 389 612 422 Corinthios,
631 399 710 425 quam
722 391 766 418 isti
778 391 884 425 perinde
901 399 932 418 ac
947 400 993 419 nos

419 426 532 452 secundo
552 426 608 453 loco
624 431 774 454 numerant.

238 481 333 510 Schol.
356 483 369 509 1
396 486 422 510 et
437 482 463 509 9.
486 482 620 517 Scriptum
639 489 679 510 est
697 484 767 510 enim
783 491 792 510 :
811 483 927 510 Perdant
946 493 994 511 sas

202 527 328 559 pientiam
342 528 500 562 sapientum,
523 533 547 555 et
570 528 740 563 prudentiam
761 528 932 564 prudentium
957 537 996 555 re-

202 573 315 605 probabo
336 573 356 599 ¹.

238 619 327 646 Ιίοΐιιι.
346 620 356 646 Ι
374 624 400 647 et
415 619 441 647 9.
459 620 683 656 Quandoquidem
705 629 737 650 cx
762 622 795 650 iis
815 630 876 658 qua:
896 631 911 651 a
931 631 994 659 pro-

206 666 296 700 phetis
309 666 409 701 scripta
426 671 490 694 sunt
506 667 655 702 Apostolus
671 667 704 695 ad
722 668 845 697 veritatis
864 669 992 697 silicem-

201 719 254 745 que
262 710 393 738 doctrina:
409 711 558 739 faciendam
572 712 662 745 ﬁdem,
676 714 853 743 auctoritates
865 715 992 748 arcessit,

201 765 374 792 nequaquam
392 766 406 785 a
423 759 548 791 veritate,
569 767 619 786 nec
639 767 654 786 a
673 760 756 793 bono,
776 761 901 797 bonaque
918 762 992 790 illius

201 805 348 840 disciplina
363 805 503 840 prophetae
520 807 680 841 segregandi
698 812 774 835 Sunt.

237 850 330 878 Schol.
350 850 367 877 3
383 855 409 877 et
429 851 472 878 10.
487 850 531 883 ω,
545 852 764 886 quemadmodum
783 854 910 888 scriptum
929 860 967 881 est
981 863 991 880 .-

201 897 254 930 Qui
264 897 404 932 gloriatur,
418 898 445 924 in
457 897 567 924 Domino
581 899 708 933 glorielur
722 900 743 926 '.

236 943 327 970 “eiut.
343 943 397 971 2οι
414 944 456 970 10.
475 944 543 971 Cum
561 945 583 972 is
606 946 652 979 qui
674 946 806 980 gloriatur
827 945 854 974 in
876 945 991 972 Domino

200 990 271 1024 apud
288 990 435 1025 prophetas
456 990 536 1018 laude
562 990 661 1026 dignus
682 991 824 1024 habeatur,
847 992 990 1019 Dominum

200 1043 282 1071 porro
300 1035 442 1071 Scriptura
463 1044 525 1064 eum
546 1037 689 1073 intelligat,
705 1038 751 1073 qui
769 1039 837 1074 legis
856 1039 891 1066 sit
906 1038 989 1070 Deus,

199 1090 282 1117 quem
297 1086 337 1115 tu,
353 1082 467 1114 Marcio,
481 1083 601 1118 judicem
618 1089 644 1111 ct
661 1089 822 1117 creatorem,
839 1093 870 1112 ac
885 1086 989 1120 justum

199 1129 342 1161 nominas;
365 1137 419 1156 non
439 1134 529 1164 potest
551 1130 595 1157 hic
613 1130 683 1158 alius
706 1139 767 1158 esse
786 1139 868 1166 quam
888 1132 990 1159 Christi

199 1174 291 1205 Pater.
307 1175 387 1209 cujus
403 1175 556 1211 discipulus
573 1180 616 1203 est
632 1176 748 1209 Paulus;
770 1177 990 1212 quandoquidem

198 1228 214 1247 e
235 1220 373 1255 prophetae
392 1219 518 1247 doctrina
538 1221 660 1255 gentium
681 1221 823 1249 institutus
845 1230 859 1248 a
880 1222 991 1250 Christo

199 1266 331 1302 magister
346 1266 456 1298 Paulus,
470 1274 504 1293 ex
519 1266 626 1299 iisdem,
645 1267 767 1302 inquam,
784 1268 915 1296 doctrina?
932 1268 990 1295 ion-

199 1312 273 1340 tibus
290 1312 364 1339 velut
383 1312 565 1340 clarissimam
585 1320 683 1348 aquam
703 1314 843 1346 hauriens,
861 1316 990 1344 commis-

199 1366 257 1386 sam
273 1359 325 1386 sibi
343 1358 483 1394 periundit
496 1359 656 1387 Ecclesiam.

231 1405 328 1432 Schol.
339 1406 357 1432 ὅ
372 1411 398 1433 et
412 1405 455 1432 11.
485 1405 638 1442 Principum
650 1409 729 1443 hujus
744 1408 845 1441 seculi,
865 1410 911 1444 qui
928 1418 989 1437 eva-

197 1457 312 1478 cuantur
322 1451 343 1478 ³.

233 1497 314 1533 354
324 1497 415 1526 Refut.
429 1498 446 1525 5
455 1503 480 1527 et
490 1500 533 1528 Η.
545 1499 573 1527 Si
584 1500 665 1536 hujus
675 1501 766 1529 saeculi
776 1502 913 1537 principes
925 1507 990 1530 sunt

1045 254 1125 289 τομὴ,
1144 255 1190 289 ἀφ’
1205 251 1236 281 οὗ
1259 255 1307 282 καὶ
1324 256 1369 290 ἀφ’
1389 254 1424 292 ἧς
1440 256 1561 292 ἔγνωμεν
1579 257 1704 293 Χριστὸν,
1721 259 1769 286 καὶ
1790 259 1837 286 τὸν

1045 301 1233 336 ἐντελέσι-τερον
1265 301 1348 328 αὑτοῦ
1372 302 1468 337 νόμον,
1499 303 1547 329 καὶ
1568 303 1617 339 τὴν
1645 304 1836 340 ἐντελεστέραν

1044 347 1128 373 αὑτοῦ
1142 349 1304 383 περιτομήν.

1051 404 1123 431 Ἀπὸ
1137 404 1192 438 τῆς
1206 404 1279 438 πρὸς
1294 405 1469 441 Κορινθίους
1477 405 1659 441 Ἐπιστολῆς
1669 414 1676 420 ·
1691 413 1768 441 avni
1779 407 1836 441 γὰρ

1150 441 1218 473 παρ’
1233 440 1337 472 αὐτοῖς
1352 439 1475 474 δευτέρα
1496 440 1546 466 καὶ
1561 442 1628 474 παρ’
1645 441 1726 476 ἡμῖν.

1079 497 1102 520 α’
1122 494 1168 520 καὶ
1183 493 1206 519 0’
1222 493 1295 529 σχόλ.
1316 493 1484 529 Γέγραπται
1498 494 1562 530 γάρ·
1585 495 1698 522 Ἀπολῶ
1717 496 1775 530 τὴν
1783 505 1828 524 σο-

1045 541 1119 573 ςέιίιγι
1134 540 1193 567 τῶν
1212 541 1327 575 σοφῶν,
1349 541 1398 568 καὶ
1414 541 1473 575 τὴν
1491 542 1621 569 σύιέσιν
1628 541 1686 570 τῶν
1698 544 1826 570 συνετῶν

1044 586 1193 621 ἀθετήσω.

1080 636 1104 658 α’
1121 633 1167 658 καὶ
1181 633 1213 660 0'.
1227 632 1318 668 ἔλεγχ.
1334 633 1365 659 Et
1380 633 1434 659 ἀπὸ
1451 633 1505 660 τῶν
1515 634 1716 670 γεγραμμένων
1729 635 1758 662 ἐν
1777 637 1828 667 τοῖέ

1044 680 1199 714 προφήταις
1220 679 1383 713 ἀναλέγεται
1398 681 1412 706 ὀ
1439 680 1599 712 ’Λπόστολος
1622 682 1775 717 μαρτυρίας
1793 683 1828 709 εἱς

1044 725 1215 760 παράστασιν
1232 726 1362 761 ἀληθείας
1382 728 1429 753 καὶ
1453 728 1558 763 ἀγαθῆς
1583 728 1768 762 διδασκαλίας,
1783 730 1828 756 οὐ)

1043 771 1177 807 ἀλλότριοι
1193 773 1217 798 οἱ
1231 773 1367 808 προψῆται
1382 774 1432 808 τῆς
1446 773 1586 808 ἀληθείας,
1600 775 1646 801 καὶ
1661 774 1706 802 τοῦ
1718 775 1832 810 ἀγαοοῦ,

1044 818 1091 845 καὶ
1107 819 1157 854 τῆς
1170 819 1274 854 ἀγαθῆς
1294 819 1376 845 αὑτοῦ
1391 820 1573 852 διδασκαλίας.

1080 864 1101 899 β’
1119 865 1165 891 καὶ
1185 868 1199 891 ι’
1215 866 1289 900 σχόλ.
1315 866 1372 893 Καὶ
1395 867 1462 899 ἵνα,
1482 867 1579 900 καθὼς
1600 868 1771 902 γέγραπται,
1801 867 1834 894 ὀ

1044 910 1246 944 καυχώμενος,
1263 912 1298 937 ἐν
1312 913 1409 945 Κυρίῳ
1423 913 1595 947 καυχάσθω.

1077 957 1098 992 β’
1116 958 1163 984 καὶ
1179 962 1194 984 ι’
1208 959 1296 994 ἕλεγχ.
1306 959 1338 985 Εἰ
1351 960 1491 991 ἐπαινετὸς
1500 960 1616 996 ὑπάρχει
1628 961 1642 987 ὁ
1655 959 1831 995 καυχώμενος

1042 1004 1070 1029 ὲν
1085 1004 1180 1040 Κυρίῳ
1194 1005 1270 1040 παρὰ
1288 1006 1345 1036 τοῖς
1361 1006 1524 1040 προφήταις,
1542 1006 1645 1041 Κύριον
1667 1006 1695 1032 δὲ
1712 1003 1765 1032 οἶδε
1786 1006 1831 1032 τὸν

1041 1050 1107 1076 Θεὸν
1120 1050 1167 1076 τοῦ
1185 1051 1268 1086 νόμου
1287 1050 1334 1077 τὸν
1351 1051 1426 1086 παρὰ
1444 1051 1495 1083 σοι,
1509 1048 1531 1077 ὦ
1545 1052 1689 1087 Μαρκίων,
1706 1051 1753 1078 καὶ
1770 1059 1832 1086 κρι-

1040 1096 1100 1131 τὴν,
1119 1097 1167 1123 καὶ
1189 1097 1365 1134 δημιουργὸν,
1387 1099 1434 1125 καὶ
1457 1099 1560 1125 δίκαιον
1584 1097 1761 1133 καλούμενον,
1781 1098 1833 1124 οὐκ

1041 1143 1120 1175 ἄλλος
1132 1145 1205 1171 ἐστὶν
1220 1141 1298 1177 οὗτος
1315 1146 1389 1181 παρὰ
1405 1146 1451 1172 τὸν
1470 1145 1516 1172 τοῦ
1536 1145 1654 1181 Χριστοῦ
1667 1144 1789 1179 Πατέρα,
1800 1139 1831 1169 οὗ

1043 1191 1166 1226 μαθητὴς
1185 1192 1302 1227 ὑπάρχει
1326 1192 1449 1224 Παῦλος⁸
1472 1192 1622 1228 ἐπειδήπερ
1642 1191 1696 1218 ἀπὸ
1718 1191 1767 1226 τῆς
1782 1189 1831 1216 τοῦ

1042 1237 1182 1272 προφήτου
1193 1237 1368 1269 διδασκαλίας
1381 1238 1395 1263 ὁ
1407 1237 1566 1269 διδάσκαλος
1582 1235 1763 1267 κατασταθεὶς
1777 1235 1832 1261 τῶν

1041 1282 1126 1308 ἐθνῶν
1143 1282 1195 1308 ὑπὸ
1209 1283 1326 1318 Χριστοῦ
1340 1283 1456 1315 Παῦλος,
1468 1283 1523 1309 ἀπὸ
1535 1283 1589 1308 τῶν
1599 1281 1701 1317 ὁμοίων
1714 1279 1761 1306 καὶ
1775 1279 1832 1306 τῶν

1040 1327 1129 1354 αὐτῶν
1147 1328 1325 1356 διδασκαλιῶν
1345 1328 1517 1364 ἀνιμώμενος
1537 1327 1574 1360 ὼς
1597 1326 1716 1362 καθαρὸν
1740 1325 1830 1361 ὕδωρ,

1040 1374 1147 1409 ἀρδεύει
1167 1375 1199 1411 ἣν
1214 1375 1393 1401 πεπίστευται
1410 1374 1582 1409 Ἐκκλησίαν.

1075 1421 1100 1455 γ’
1113 1422 1160 1448 καὶ
1178 1425 1212 1448 ια’
1225 1421 1298 1457 σχόλ.
1322 1422 1383 1449 Τῶν
1397 1421 1552 1456 ἀρχόντων
1571 1420 1624 1448 τοῦ
1640 1419 1747 1453 αἰῶνος
1761 1420 1825 1446 τούς

1039 1476 1094 1493 του
1108 1466 1169 1494 τῶν
1181 1469 1439 1502 καταργουμένων.

1074 1515 1098 1546 γ’
1115 1512 1162 1539 καὶ
1184 1516 1218 1539 ια’
1233 1512 1322 1548 ἐλεγχ.
1339 1513 1369 1539 Ei
1386 1513 1515 1548 ἄρχοντες
1539 1511 1587 1538 τοῦ
1613 1512 1710 1543 αἰῶνος
1733 1511 1829 1538 τούτου

199 1544 293 1573 multi.
309 1544 356 1579 qui
370 1544 480 1579 quidem
494 1551 679 1579 evacuantur,
698 1555 751 1574 non
767 1548 850 1575 trium
869 1549 986 1583 amplius

1042 1544 1141 1589 πολλοὶ.
1156 1544 1357 1595 καταργοίῗννται
1381 1544 1410 1586 δέ
1423 1544 1454 1586 ,οἱ
1471 1559 1602 1592 τοιοῦτοι,
1618 1559 1827 1596 ἀναγκασθήσῃ.

199 1589 408 1624 principiorum,
422 1589 540 1624 Marcio,
563 1591 663 1626 stirpes
687 1599 719 1619 ac
737 1592 842 1620 radices
859 1592 987 1628 indagare

197 1635 319 1670 cogeris;
349 1636 397 1663 sed
426 1636 508 1663 aliam
537 1638 709 1664 comminisci
740 1638 875 1672 fabulam,
906 1642 988 1674 atque

198 1681 233 1708 ad
250 1680 398 1708 multorum
415 1682 622 1717 principiorum.
639 1687 666 1711 et
680 1685 815 1718 radicum,
829 1691 855 1713 et
868 1686 987 1722 ingentis

198 1726 315 1761 alicujus
342 1727 482 1762 tragmdim
518 1729 721 1763 inquisitionem
759 1735 786 1757 te
814 1737 985 1760 convertere.

197 1772 321 1808 Cumque
338 1773 432 1800 nescio
449 1773 514 1808 quid
533 1774 701 1803 calumniosc
724 1777 876 1811 struxeris;
898 1785 987 1813 neque

197 1819 271 1846 enim
294 1819 417 1848 invenire
439 1821 542 1855 poteris
570 1821 798 1856 quemadmodum
824 1824 907 1851 verba
929 1824 985 1856 illa,

197 1865 242 1899 qui
258 1871 435 1898 evacuanlur,
450 1867 651 1899 accommodes,
666 1875 699 1895 ex
710 1868 761 1896 hoc
772 1869 831 1904 ipso
841 1871 987 1897 evacuandi

196 1911 331 1939 vocabulo
347 1917 409 1939 ruat
422 1912 467 1939 illa
480 1920 594 1941 necesse
610 1917 662 1946 est,
678 1921 759 1948 quam
776 1915 864 1950 lingis.
882 1916 985 1950 princi-

195 1957 303 1993 piorum
315 1958 392 1985 radix
406 1966 503 1986 carens
520 1959 580 1994 ipso
597 1960 740 1995 principio.
759 1960 895 1996 Quidquid
912 1962 984 1989 enim

195 2003 297 2032 desinit
320 2004 477 2039 aliquando.
500 2005 697 2040 sempiternum
717 2013 778 2034 esse
800 2014 855 2033 non
880 2012 984 2042 potest;

195 2051 244 2078 sed
255 2051 278 2079 si
292 2051 456 2086 principium
469 2051 579 2086 aliquod
593 2051 665 2079 unde
676 2060 738 2080 esse
751 2054 836 2088 ccepit
847 2053 984 2086 habuerit,

195 2097 277 2125 ﬁnem
300 2097 412 2133 insuper
434 2097 578 2125 obtinebit.
603 2097 676 2126 Fieri
708 2099 809 2134 quippe
833 2100 927 2134 nequit
955 2103 985 2127 ut

194 2143 268 2178 quod
282 2143 447 2178 principium
465 2143 547 2172 habet
566 2151 684 2178 perenne
702 2145 736 2172 sit
759 2153 791 2172 ac
811 2151 982 2180 perpetuum.

193 2188 302 2223 Alioqui
315 2188 379 2223 quid
397 2189 464 2216 illud
478 2189 529 2216 sibi
544 2189 623 2217 vellet
633 2190 706 2225 quod
735 2190 850 2218 dicitur:
868 2192 895 2219 id
910 2192 982 2227 quod

192 2238 236 2262 est
246 2235 306 2269 ejus
321 2242 382 2263 esse
397 2242 519 2265 causam.
533 2235 606 2270 quod
619 2237 766 2271 aliquando
781 2245 835 2264 non
852 2237 945 2271 fuerit,
956 2242 983 2265 et
999 2232 1022 2260 Ῐ)

192 2290 255 2308 esse
279 2281 387 2308 demum
415 2282 546 2316 coeperit?
574 2282 694 2318 ldipsum
720 2290 802 2318 porro
831 2284 903 2319 quod
929 2288 982 2317 est,

193 2326 274 2354 Pater
297 2331 340 2354 est
362 2331 389 2354 et
413 2327 511 2361 Filius,
536 2332 563 2356 et
589 2329 710 2363 Spiritus
731 2334 853 2358 sanctus.
879 2331 982 2359 Caetera

194 2373 296 2404 omnia.
310 2381 371 2408 quae
384 2374 494 2401 condita
509 2379 582 2406 sunt,
595 2382 649 2402 non
662 2383 724 2403 esse
737 2376 877 2409 dicuntur,
891 2385 951 2412 qua:
967 2386 982 2405 a

195 2419 328 2454 principio
344 2420 462 2454 quodam
481 2424 570 2447 ortum
590 2420 757 2455 habuerunt;
769 2423 840 2450 inter
851 2431 912 2459 quae
925 2432 984 2451 ma—

193 2465 249 2492 lum
263 2466 344 2492 etiam
361 2466 433 2500 quod
449 2467 549 2494 dicitur
567 2467 738 2495 referendum
753 2474 803 2497 est.
818 2470 981 2505 Malum,in-

190 2519 284 2546 quam,
299 2512 372 2546 quod
387 2512 421 2539 ab
436 2512 592 2541 hominibus
606 2514 660 2549 jam
671 2522 699 2542 in
718 2515 805 2543 lucem
822 2518 902 2545 editis
920 2523 981 2546 tan-

189 2565 271 2592 quam
293 2565 308 2584 a
327 2559 460 2594 principio
476 2562 596 2588 manavit
612 2571 618 2588 :
636 2569 698 2589 cum
712 2567 739 2589 et
750 2562 801 2598 ipsi
817 2565 980 2601 quandoque

191 2611 246 2631 non
269 2603 382 2637 fuerint,
402 2610 430 2632 et
447 2609 504 2632 tum
528 2615 590 2634 esse
611 2608 712 2635 malum
728 2609 851 2644 cmperit,
871 2618 932 2638 cum
952 2617 979 2639 et

190 2649 283 2682 horno,
296 2651 341 2685 qui
358 2654 437 2678 antea
453 2659 508 2679 non
522 2658 591 2684 erat,
607 2654 740 2689 originem
755 2657 870 2691 accepit.
887 2657 978 2690 Quare

190 2696 280 2722 veniet
297 2700 405 2731 tempus
422 2705 483 2724 cum
502 2698 602 2725 malum
621 2700 738 2735 amplius
756 2709 810 2728 non
826 2693 892 2736 erit;
911 2711 975 2731 cum

191 2741 304 2776 principi
320 2742 370 2776 ipsi
389 2744 500 2771 minime
515 2744 587 2772 istud
604 2745 748 2783 placuerit.
763 2748 836 2782 quod
856 2754 945 2776 ortum
961 2758 976 2777 a

190 2788 323 2823 principio
338 2789 425 2824 ipsum
445 2789 472 2817 in
492 2790 626 2818 malorum
642 2799 757 2820 numero
776 2798 857 2822 atoue
881 2796 978 2824 ordine

228 2847 238 2886 ξ
255 2846 262 2872 l
277 2846 341 2874 Cor.
359 2855 377 2879 ι,
392 2848 453 2886 _i9;
472 2850 524 2877 lsa.
555 2858 629 2886 XXIX,
650 2851 683 2879 Μ

189 2879 200 2896 ⁶
217 2879 248 2908 F.
271 2884 442 2913 κεκτισμένα.

735 2852 848 2882 'lCor.
880 2863 898 2890 ι,
931 2857 980 2893 5|;
999 2858 1054 2888 Jcr.
1082 2869 1120 2894 ix,
1148 2861 1192 2896 25,
1219 2861 1264 2888 24.

1038 1603 1061 1633 ὦ
1077 1606 1221 1641 Μαρκίων,
1233 1605 1324 1632 οὐκέτι
1337 1606 1422 1642 τριῶν
1438 1606 1530 1642 ἀρχῶν
1541 1607 1551 1622 ’⁵
1566 1606 1657 1642 ζητεῖν
1672 1606 1721 1637 τὰς
1732 1604 1810 1641 ῥίζας
1820 1614 1828 1622 ·

1037 1652 1095 1678 ἀλλ’
1111 1652 1259 1687 ἐρευνήσας
1273 1651 1352 1678 ἄλλον
1371 1652 1454 1688 μῦθον
1472 1651 1576 1679 πολλῶν
1594 1653 1685 1688 ἀρχῶν
1702 1653 1747 1678 καὶ
1762 1652 1828 1678 πολ-

1037 1697 1093 1724 λῶν
1108 1697 1201 1732 ῥιζῶν,
1218 1698 1265 1724 καὶ
1285 1698 1385 1734 πολλῆς
1404 1698 1568 1734 τραγῳδίας.
1589 1699 1645 1724 Καὶ
1665 1698 1728 1724 ὅταν
1749 1705 1829 1724 coxo-

1038 1743 1145 1777 φαντῶν
1162 1743 1269 1779 πλάσῃς
1281 1753 1287 1759 ·
1304 1745 1335 1771 οὐ
1361 1744 1415 1780 γὰρ
1434 1744 1524 1780 εὕροις
1545 1743 1710 1779 συναντῆσαι
1730 1752 1770 1770 σοι
1786 1743 1828 1775 τὸ,

1037 1789 1304 1824 καταργουμένων·
1332 1790 1365 1816 ὲκ
1393 1790 1421 1816 δὲ
1448 1790 1496 1816 τοῦ
1519 1789 1598 1824 λόγου
1625 1789 1672 1816 τοῦ
1703 1789 1828 1823 λέγοντος

1037 1835 1286 1869 καταργουμένων
1301 1835 1512 1871 ἀναιρεθήσεται
1529 1837 1546 1872 ἡ
1564 1835 1640 1871 παρὰ
1660 1835 1707 1862 σοῦ
1726 1844 1827 1870 φαντα-

1037 1879 1136 1915 ζομένη
1150 1880 1268 1916 ἄναρχος
1282 1881 1337 1906 τῶν
1352 1881 1445 1916 ἀρχῶν
1463 1878 1535 1917 ῥίζα.
1554 1882 1611 1908 Πᾶν
1625 1881 1680 1917 γὰρ
1693 1881 1724 1907 τὺ
1745 1881 1827 1916 λῆγον

1036 1926 1086 1952 οὐκ
1103 1926 1187 1953 ἀΐδιον
1203 1927 1336 1963 ὑπάρχειο
1351 1927 1420 1954 ἀλλὰ
1439 1929 1463 1955 ει
1486 1927 1575 1964 ἀρχὴν
1598 1927 1661 1963 ἔσχε
1677 1927 1724 1954 τοῦ
1744 1926 1826 1960 εἶναι,

1037 1973 1085 1999 καὶ
1098 1972 1173 2005 τέλος
1195 1973 1297 2008 ὑφέξει.
1321 1974 1462 2002 Ἀδύνατον
1476 1973 1531 2010 γὰρ
1550 1974 1580 2000 τὸ
1604 1974 1691 2010 ἀρχὴν
1710 1974 1827 2009 ὲσχηκὺς

1035 2019 1199 2052 διαιωνίζειν
1223 2020 1333 2052 ὰῖδίως·
1349 2022 1374 2047 εί
1399 2021 1436 2056 μή
1451 2029 1478 2047 τι
1503 2020 1536 2047 ἃν
1551 2020 1622 2047 θέλοι
1637 2020 1668 2046 τὸ
1689 2020 1718 2047 ὃν
1740 2021 1827 2047 αἴτιον

1035 2066 1181 2102 γενόμενον
1207 2066 1293 2102 τοῦμή
1317 2075 1381 2093 ποτε
1415 2067 1508 2100 ὄντος,
1532 2066 1688 2102 ἀρξαμένου
1722 2066 1751 2093 δὲ
1777 2066 1825 2093 τοῦ

1035 2109 1115 2139 εἶναι.
1138 2112 1175 2138 Τὸ
1191 2112 1220 2139 δὲ
1242 2112 1271 2139 ὃν
1288 2113 1348 2139 ἐστὶ
1375 2112 1485 2149 Πατὴρ,
1499 2113 1547 2140 καὶ
1572 2113 1651 2144 Υἱὸς,
1672 2112 1720 2139 καὶ
1747 2113 1825 2146 ἅγιον

1036 2157 1164 2193 Πνεῦμα·
1185 2159 1215 2185 τὺ
1230 2159 1258 2185 δὲ
1277 2159 1314 2195 μὴ
1336 2158 1365 2185 ὃν
1390 2159 1450 2185 ἐστὶ
1471 2159 1561 2186 πάντα
1578 2158 1612 2185 τὰ
1633 2158 1789 2194 κεκτημένα
1802 2159 1824 2190 ⁸,

1036 2204 1122 2240 ἀρχὴν
1147 2206 1284 2241 ἐσχηκότα
1297 2205 1344 2232 τοῦ
1367 2204 1446 2238 εἶναι,
1465 2206 1493 2232 ἐν
1509 2203 1550 2237 οἷς
1574 2205 1607 2232 ἂν
1626 2206 1673 2232 καὶ
1694 2205 1725 2232 τὸ
1749 2205 1827 2240 λεγό-

1039 2260 1118 2287 μενον
1131 2253 1214 2279 κακόν
1225 2261 1231 2267 ·
1249 2254 1295 2279 καὶ
1305 2252 1335 2279 ὃν
1349 2253 1432 2280 κακὸν
1444 2253 1499 2280 ἀπὸ
1511 2252 1661 2289 ἀνθρώπων
1673 2253 1825 2289 ἀρξάμενον

1033 2298 1088 2324 τῶν
1103 2299 1265 2334 γενομένων,
1283 2299 1333 2326 οὐκ
1348 2299 1432 2326 ὄντων
1450 2299 1523 2330 ποτὲ,
1540 2299 1626 2335 ἀρχὴν
1637 2299 1665 2325 δὲ
1676 2298 1721 2325 τοῦ
1737 2298 1824 2325 κακοῦ

1033 2344 1181 2380 ἐσχηκότος
1191 2365 1198 2377 ι
1224 2345 1298 2376 ἐξότε
1318 2345 1365 2370 καὶ
1386 2345 1400 2371 ὁ
1419 2344 1562 2381 ἄνθρωπος
1582 2346 1596 2371 ὁ
1617 2344 1668 2370 οὐκ
1687 2343 1726 2370 ὢν
1743 2352 1823 2375 ποτε,

1033 2388 1126 2414 οὐκέτι
1146 2387 1222 2415 ἔσται
1245 2389 1276 2414 τὸ
1296 2389 1390 2416 κακόν.
1417 2388 1622 2424 Ἀναμφιὸόλως
1642 2388 1696 2424 γὰρ
1715 2389 1825 2424 ἀναιρε-

1034 2433 1163 2470 Θήσεται,
1191 2435 1235 2461 διὰ
1261 2435 1292 2461 τὸ
1319 2435 1356 2470 μὴ
1384 2435 1553 2462 συνευδοκεῖν
1576 2434 1622 2460 τὸν
1648 2434 1765 2470 ἄρχοντα
1784 2433 1824 2468 τῷ

1033 2482 1121 2517 ἀρχὴν
1143 2481 1287 2516 ὲσχηκὸτι,
1309 2482 1355 2508 καὶ
1382 2482 1411 2508 ὲν
1431 2481 1543 2523 φαύλοις
1566 2480 1662 2507 ἑαυτὸν
1687 2480 1824 2515 καταστή-

1033 2535 1128 2553 σαντι·
1145 2527 1315 2561 ’καυθήσεται
1330 2527 1384 2562 γὰρ
1408 2526 1477 2561 μετὰ
1495 2527 1545 2562 τὴν
1562 2526 1710 2553 ἀνάστασιν
1727 2526 1758 2552 οὐ
1775 2525 1823 2560 μό-

1032 2580 1094 2603 νον,
1117 2572 1186 2598 ἀλλὰ
1209 2573 1256 2599 καὶ
1279 2573 1334 2599 ἀπὸ
1350 2572 1398 2607 τῆς
1418 2571 1465 2599 τοῦ
1489 2572 1571 2607 νόμον
1597 2571 1754 2608 κηρύξεως⁸
1775 2572 1824 2598 καὶ

1032 2617 1086 2653 πρὸ
1100 2617 1177 2644 τοῦδε
1194 2617 1277 2653 νόμου
1297 2618 1351 2644 ἀπὸ
1368 2617 1472 2644 πολλῶν
1485 2618 1539 2645 τῶν
1557 2617 1627 2644 κατὰ
1642 2617 1687 2644 τὸν
1708 2617 1823 2653 φυσικὸν

1031 2664 1113 2699 νόμον
1141 2665 1394 2699 πεπολιτευμένων·
1421 2665 1468 2691 καὶ
1502 2664 1541 2690 ἔτι
1563 2673 1593 2699 γε
1621 2663 1823 2699 περισσοτέρως

1031 2709 1085 2736 ἀπὸ
1100 2709 1149 2745 τῆς
1165 2709 1210 2736 τοῦ
1228 2710 1347 2746 Χριστοῦ
1369 2710 1502 2746 ἐνσαρκου
1527 2709 1695 2746 παρουσίας·
1721 2708 1822 2735 τελειό-

1030 2764 1099 2782 τατα
1107 2755 1134 2782 δὲ
1143 2755 1196 2782 ἀπὸ
1204 2756 1251 2791 τῆς
1257 2756 1311 2782 τῶν
1317 2755 1421 2792 νεκρῶν
1427 2756 1610 2787 ἀναστάσεως.
1620 2754 1728 2790 Ἐπειδὴ
1735 2753 1823 2780 σπεί-

1028 2809 1133 2834 ρονται
1146 2801 1180 2828 ἐν
1190 2801 1294 2836 φθορᾷ,
1310 2802 1474 2837 ἐγείρονται
1492 2802 1526 2828 ἐν
1541 2801 1707 2836 ἀφθαρσίᾳ,
1720 2799 1822 2835 μηκέτι

1321 2862 1330 2877 ³
1345 2861 1355 2887 l
1368 2861 1430 2889 Cor.
1447 2868 1477 2895 ιι,
1492 2860 1518 2888 6.
1569 2858 1581 2875 ⁸
1593 2868 1638 2890 το.
1668 2859 1809 2892 ἀργόντινιν
