1952 3045
102 159 154 188 781
440 159 621 188 ADVERSUS
641 159 811 186 HAEIKESES
829 159 890 186 LIB.

952 158 1034 186 TOM.
1054 158 1098 186 Ill.
1115 157 1293 187 .—IIERES.
1318 157 1398 185 XLII.
1682 157 1735 185 782

101 220 134 247 τὸ
149 219 233 247 κακὸν
251 219 448 255 ἐργαζόμενοι,
471 220 568 255 μηκέτι
595 220 822 253 ἀποθνήσκοντες.
842 219 890 246 Κατ

949 218 1109 246 collocarat.
1125 218 1210 253 lgitttr
1226 225 1280 245 non
1298 217 1385 244 solutn
1406 221 1465 252 post
1481 225 1624 252 corporum
1643 225 1736 246 resur-

101 265 145 292 ὃτι
165 265 195 291 δὲ
217 265 399 300 παυθήσεται.
423 266 593 300 μαρτυρήσει
612 267 625 292 ὁ
647 266 727 297 αὐτὸς
748 265 826 299 λόγος
844 265 890 291 τοῦ

949 265 1091 291 rectionem
1106 264 1222 295 desinet,
1239 264 1286 291 sed
1296 264 1457 298 jamdudum
1473 265 1507 291 ab
1519 265 1576 299 ipsa
1589 264 1657 298 legis
1670 272 1735 299 pro-

109 309 272 336 Ἀποστόλου
296 311 424 343 φάσκων·
448 309 514 336 Τῶν
531 311 684 344 ἀρχόντων
708 310 762 336 τοῦ
785 310 890 342 αἰῶνος

949 310 1128 344 mulgatione;
1157 311 1211 337 into
1234 314 1298 337 ante
1323 311 1407 345 legem
1436 310 1521 344 ipsam
1546 311 1573 337 in
1599 310 1735 345 plerisque

101 355 212 381 τούτου
224 354 284 380 τῶν
300 354 556 388 καταργουμένων.
572 356 626 381 Καὶ
640 355 773 390 ἀνῄρηται
790 363 890 382 παντα-

949 355 1034 386 Jcsiit.
1051 356 1096 391 qui
1113 356 1193 382 vitam
1206 364 1282 383 suam
1293 363 1325 382 ex
1342 356 1474 382 naturalis
1490 356 1557 390 legis
1573 357 1735 390 praescripto

101 401 181 437 κόθεν
193 402 209 435 ὴ
224 400 293 427 κατὰ
304 400 344 431 σὲ,
356 397 379 426 ὦ
395 400 537 436 Μαρκίων,
550 401 688 432 ὑπόῖεσις,
704 400 890 436 φαντασιώδης

949 406 1141 437 temperarunt.
1169 401 1221 429 Sed
1239 402 1323 428 multo
1343 402 1428 436 magis
1448 406 1509 436 post
1524 402 1626 429 Christi
1642 402 1737 428 Salva-

101 454 145 477 τις
159 443 225 471 οὖσα
240 446 285 471 καὶ
301 444 412 480 ψευδὴς,
428 446 475 471 καὶ
487 445 613 477 ἄστατος,
627 446 673 472 καὶ
685 445 790 479 ἄλογος.

954 448 1009 474 oris
1021 447 1186 479 adventum;
1203 455 1233 474 ac
1249 447 1366 481 denique
1383 451 1443 482 post
1459 450 1628 474 mortuorum
1644 454 1738 474 resur--

100 491 252 518 rectionem
265 491 343 525 longe
376 490 402 517 id
436 491 602 518 cumulatius
637 491 752 518 accidet.
780 489 1007 526 Quandoquidem
1029 493 1193 519 seminantur
1216 493 1244 519 iu
1267 493 1443 524 corruptione,
1462 497 1572 527 surgunt
1595 500 1682 519 autem
1710 493 1738 524 ιη

100 537 323 572 iucorruptione’,
335 545 385 564 nec
404 538 504 564 malum
514 538 630 572 amplius
643 542 809 572 perpetrant,
836 546 925 573 neque
950 540 1116 566 moriuntur.
1135 542 1173 567 Ac
1190 545 1360 567 cessaturum
1378 539 1486 574 quidem
1507 539 1617 566 omnino
1635 539 1736 566 malum

100 586 197 614 eadem
215 587 259 613 illa
277 586 398 622 Apostoli
438 590 554 613 testatur
583 585 673 613 oratio
700 595 706 612 :
727 585 882 620 Principum
912 585 991 620 hujus
1016 587 1115 619 strculi,
1139 588 1184 622 qui
1208 594 1375 614 evacuantur.
1398 586 1435 613 Ex
1459 595 1513 620 quo
1535 594 1632 613 vanum
1657 590 1735 612 tuutn

100 635 168 662 illud
185 635 288 671 'dogma
308 635 439 666 concidit,
462 634 573 666 Marcio,
589 634 662 669 quod
681 634 809 669 opinione
826 634 884 662 sola
903 635 1060 667 conﬁctum,
1077 635 1208 667 mendax,
1238 635 1409 667 inconstans,
1444 635 1597 670 rationique
1625 634 1737 661 minime

101 685 316 708 consentaneum
332 685 384 707 est.

138 726 159 752 δ’
169 727 216 753 καὶ
227 726 259 760 ιβ’
278 726 351 761 σχόλ.
369 724 600 760 Γέπρίιπτίιιτάρ
611 733 618 740 ν
635 726 661 750 Ὀ
679 724 888 760 δρασσόμενος

101 772 174 806 τοὺς
188 772 303 807 σοφοὺς
318 773 352 799 ἐν
369 772 406 806 τῇ
419 772 585 806 πανοιψγίςι
598 772 696 798 αὐτῶν
708 781 715 787 ·
729 773 775 799 καὶ
792 773 886 800 πάλιν·

101 820 211 853 Κύριος
230 819 367 854 γινώσκει
382 819 453 851 τοὺς
468 817 682 853 διαλογισμοὺς
703 818 762 845 τῶν
780 818 890 853 ἀνθρώ-

101 871 177 894 πων,
190 863 235 890 ὅτι
248 863 307 890 εἰσὶ
317 863 446 897 μάταιοι.

137 909 159 936 δ’
172 911 219 936 καὶ
235 909 266 945 ιβ’
280 909 370 945 ἕλεγχ.
387 910 433 940 Τὸ,
443 909 612 944 γέγραπται,
627 911 666 942 εἰς
676 910 774 945 χρῆσιν
789 918 890 946 προφε-

103 954 230 990 ρόμενον,
245 954 346 988 καὶτὸ,
370 955 508 990 γινώσκει
531 955 645 989 Κύριος.
665 956 889 991 ὁμολογούμενον,

101 1001 155 1028 οὐκ
175 1000 317 1036 ἀλλότριον
342 1001 460 1037 ὑπάρχει
484 1001 523 1036 τῷ
543 1001 734 1037 ἀναλεξαμένῳ
758 1002 788 1028 τὸ
810 1001 890 1037 ῥητὸν

101 1046 150 1073 τοῦ
170 1045 249 1080 λόγου
261 1055 269 1062 ⁷
281 1047 352 1081 φημὶ
368 1047 396 1073 δὲ
415 1046 454 1082 τῷ
472 1047 540 1082 ἁγίῳ
561 1047 726 1083 Ἀποστὸλῳ,
743 1048 808 1083 παρ’
831 1043 853 1081 ᾧ
872 1047 889 1082 ἡ

102 1092 201 1127 χρῆσις
215 1092 373 1128 ἐμφέρεται.
396 1092 440 1126 Ἐξ
456 1090 488 1128 ἦς
511 1094 634 1129 χρήσεως
648 1094 663 1120 ὸ
679 1093 821 1129 χαρακτὴρ
837 1102 890 1128 φα-

101 1139 187 1164 νεῖται
200 1138 249 1164 οὐκ
264 1137 403 1174 ἀλλοτρίου
418 1138 464 1165 τοῦ
477 1139 655 1174 κηρύγματος
666 1139 712 1165 τοῦ
729 1139 889 1166 ’Δποστόλου

102 1183 158 1210 ἀπὸ
173 1184 222 1219 τῆς
235 1183 355 1216 Παλαιᾶς
375 1184 522 1220 Διαθήκης,
543 1184 604 1211 ὃθεν
620 1184 695 1211 αύτῶ
719 1185 736 1220 ἡ
755 1187 890 1221 μαρτυρία

104 1229 230 1264 συνέστη.

140 1276 161 1302 ε’
175 1276 222 1302 καὶ
235 1275 269 1310 ιγ’
282 1275 355 1311 σχόλ.
370 1275 424 1303 Καὶ
442 1276 495 1311 γὰρ
510 1277 542 1303 τὸ
567 1277 675 1312 Πάσχα
696 1277 782 1312 ημῶν
800 1278 889 1311 ἐτύθη

103 1321 229 1355 Χριστός

139 1369 159 1392 ε’
174 1367 221 1393 καὶ
238 1370 270 1401 ιγ’
285 1367 374 1403 ἐλεγχ.
392 1367 424 1394 Εἰ
441 1367 537 1403 Πάσχα
549 1368 563 1393 ὁ
577 1369 736 1400 Ἀπόστολος
754 1369 890 1404 ὁμολογεῖ,

104 1411 152 1438 καὶ
163 1411 277 1438 τυθέντα
291 1411 338 1438 τὸν
351 1412 468 1448 Χριστὸν
483 1413 532 1439 οὐκ
544 1413 675 1447 ἀρνεῖται,
688 1414 737 1440 οὐκ
753 1413 890 1449 ἀλλότριον

103 1457 134 1484 τὸ
149 1458 244 1492 Πάσχα
258 1457 305 1484 τοῦ
324 1459 454 1494 Χριστοῦ,
470 1458 516 1485 τοῦ
530 1459 600 1485 κατὰ
616 1459 697 1494 νόμον
711 1459 806 1494 Πάσχα
822 1459 890 1496 πρό-

104 1503 184 1530 ϐατον
199 1503 306 1536 θύοντος
324 1504 469 1540 ἀληθινῶς,
488 1505 535 1531 καὶ
547 1505 576 1531 οὺ
590 1505 709 1541 δοκήσει,
725 1505 756 1531 οὺ
767 1506 775 1521 ¹
788 1505 891 1541 προϐά-

977 721 1069 749 Srltol.
1091 721 1108 748 4
1136 724 1162 748 et
1195 721 1238 748 12.
1263 721 1394 755 Scriptum
1412 726 1450 747 est
1474 722 1542 748 enim
1561 730 1570 748 :
1594 721 1646 755 Qui
1665 730 1737 751 unn—

940 767 1075 802 prehendit
1087 768 1216 800 sapientes
1232 768 1259 793 in
1275 768 1373 794 astutia
1396 775 1484 794 eorum
1501 768 1520 795 ³.
1536 768 1616 803 355
1637 769 1669 796 Ει
1683 769 1735 797 ite-

941 821 1002 840 rtttn
1021 822 1026 840 :
1045 813 1174 839 Dominus
1203 813 1274 839 novit
1304 814 1464 848 cognitiones
1495 813 1641 846 hominum,
1671 816 1734 851 quia

942 865 1016 885 vana:
1031 862 1090 884 sunt
1103 857 1114 873 ‘

977 902 1069 930 Refut.
1087 903 1103 929 4
1120 907 1146 930 et
1156 903 1198 930 12.
1222 902 1295 930 lstud
1319 903 1424 937 ipsutn,
1443 902 1574 937 Scriptum
1598 909 1647 937 est,
1666 909 1733 937 etc.,

943 949 977 976 ad
995 957 1073 977 usum
1090 949 1270 982 translatum;
1287 949 1416 984 itemque,
1432 951 1501 976 novit
1514 949 1651 980 Dominus,
1666 955 1732 982 etc.,

943 995 995 1022 hac
1015 995 1162 1022 autoritate
1182 995 1400 1030 comprobatum.
1426 996 1544 1022 alienutn
1568 996 1602 1022 ab
1623 1003 1656 1022 eo
1679 995 1734 1022 mi-

942 1040 1017 1068 nime
1040 1044 1177 1072 censetur,
1203 1040 1250 1075 qui
1276 1041 1347 1068 hanc
1371 1048 1386 1068 e
1406 1039 1549 1075 Scriptura
1570 1041 1733 1068 sententiam

942 1086 1065 1121 protulit,
1092 1086 1222 1120 Apostolo
1253 1085 1389 1119 videlicet,
1418 1094 1433 1113 a
1461 1095 1515 1121 qtto
1544 1087 1596 1114 ista
1618 1086 1733 1114 collecta

943 1135 1018 1160 sunt.
1043 1132 1132 1167 Atque
1160 1131 1211 1159 hoc
1241 1139 1274 1159 ex
1293 1140 1344 1159 usu
1360 1132 1482 1159 locorum
1514 1132 1582 1159 satis
1609 1136 1732 1167 apparet,

942 1178 1100 1213 apostolica!
1118 1177 1252 1205 doctrinae
1276 1177 1392 1205 formam
1411 1178 1480 1204 nihil
1495 1185 1510 1204 a
1527 1177 1623 1205 Vetere
1637 1177 1734 1206 Testa-

943 1227 1036 1250 mento
1050 1222 1195 1255 dissidere,
1209 1222 1289 1257 cujus
1303 1223 1348 1250 ille
1364 1223 1549 1250 testimonium
1561 1223 1695 1251 adhibuit.

979 1267 1072 1296 Schol.
1086 1269 1103 1296 5
1113 1273 1141 1296 et
1154 1269 1198 1296 13.
1212 1268 1316 1296 Etenim
1333 1268 1436 1296 Pascha
1448 1274 1567 1297 nostrum
1582 1270 1734 1297 immolatus

941 1318 980 1341 est
998 1314 1121 1342 Christus
1135 1314 1156 1341 ⁸.

978 1360 1069 1389 Refut.
1104 1362 1122 1389 5
1153 1366 1180 1389 et
1215 1362 1258 1389 15.
1287 1362 1355 1389 Cum
1387 1365 1414 1389 et
1445 1361 1551 1389 Pascha
1585 1362 1732 1397 Apostolus

943 1411 1084 1443 agnoscat,
1105 1411 1132 1434 et
1153 1407 1320 1434 immolatum
1338 1407 1478 1436 Christum
1498 1415 1553 1435 non
1567 1413 1655 1443 neget,
1678 1416 1731 1435 non

942 1458 984 1480 est
1000 1452 1207 1480 abalieuaudum
1221 1460 1236 1479 a
1248 1453 1358 1480 Christo
1371 1452 1477 1480 Pascha
1488 1453 1535 1488 qui
1546 1461 1578 1480 ex
1590 1453 1732 1481 Paschalis

942 1500 1002 1535 lege
1017 1507 1114 1526 verum
1135 1499 1241 1534 Agnou
1259 1507 1313 1526 non
1328 1500 1418 1535 specie
1430 1505 1509 1527 tenus
1524 1499 1645 1527 immolat
1660 1509 1667 1526 :
1683 1507 1718 1527 cu

103 1558 151 1576 του
173 1549 257 1581 τύπος
282 1548 316 1586 ἦν
330 1552 344 1577 ὁ
365 1551 395 1577 οὑ
411 1551 521 1586 δοκήσει
537 1550 666 1586 θυόμενος
684 1551 809 1586 Χριστὸς,
829 1551 890 1578 οὐδὲ

949 1546 987 1576 ius
1006 1546 1067 1580 agni
1087 1545 1200 1572 formam
1222 1553 1276 1573 non
1300 1546 1391 1580 specie
1411 1545 1474 1574 item
1500 1545 1559 1573 sola
1576 1544 1734 1573 immolatus

104 1595 168 1622 ἄνευ
196 1595 296 1631 σαρκὸς
321 1597 443 1631 πάσχων.
467 1596 529 1628 Πῶς
557 1597 610 1632 γὰρ
640 1597 755 1632 ἠδύνατο
781 1596 890 1632 πνεῦμα

105 1640 235 1675 θύεσθαι,
255 1642 339 1679 Δῆλον
354 1643 404 1670 οὐκ
416 1643 546 1678 ἠδύνατο·
565 1643 602 1678 μὴ
615 1643 764 1678 δυναμένου
781 1643 809 1669 δὲ
826 1643 889 1670 ἄνευ

106 1689 207 1724 σαρκὸς
224 1689 346 1725 τυθῆναι,
364 1691 489 1722 τυθέντος
504 1691 531 1717 δὲ
549 1691 579 1717 ἐν
597 1689 713 1725 ἀληθείᾳ
725 1690 781 1724 (Si)
797 1689 892 1724 ὁμολο-

104 1737 193 1770 γεῖται
207 1735 251 1761 διὰ
263 1735 314 1770 τῆς
326 1735 374 1763 τοῦ
395 1735 558 1762 Ἀποστόλου
578 1734 780 1771 ἀναμφιλέκτου
795 1733 891 1769 ὁμολο-

104 1781 176 1816 γίας.
200 1781 305 1808 Οὐκοῦν
326 1782 359 1808 ὲκ
388 1781 486 1814 παντὸς
509 1781 603 1816 σαφῶς
629 1781 816 1808 ἀποδέδεικται
841 1780 891 1807 οὐκ

104 1826 244 1861 ἀλλότριος
255 1827 269 1853 ὁ
285 1826 366 1861 νόμος
381 1826 459 1861 τύπῳ
473 1826 622 1863 φερόμενος
635 1827 722 1862 χρόνῳ
746 1827 827 1862 μέχρι
843 1824 890 1852 τοῦ

104 1872 292 1908 ἐντελεστέρου
315 1872 363 1898 καὶ
388 1872 521 1908 ἐναργοῦς
546 1872 682 1908 προϐάτου
709 1872 835 1903 τυθέντος
862 1873 890 1899 ἐν

104 1918 219 1955 ἀληθείᾳ
233 1918 364 1954 Χριστοῦ,
383 1915 413 1946 οὗ
429 1919 551 1954 προῆγεν
570 1919 599 1945 ὲν
615 1919 670 1950 τοῖς
686 1918 810 1949 παλαιοῖς
828 1917 892 1953 χρό-

105 1973 161 1996 νοις
171 1965 260 1996 ᾱλλοις
273 1964 402 2000 θυόμενον
413 1964 443 1991 τὺ
451 1964 586 2000 πρόϐατον
600 1964 631 1991 τὸ
643 1963 781 2000 αἰσθητόν.
797 1963 891 1999 Ὴμῶν

105 2011 140 2038 δὲ
155 2011 188 2038 τὸ
204 2010 312 2046 Πάσχα
329 2011 420 2046 ἐτύθη
436 2011 573 2046 Χριστός.

141 2148 168 2178 ς’
185 2145 232 2172 καὶ
249 2145 278 2172 ιδ’
291 2145 365 2181 σχόλ.
385 2145 447 2172 οὐκ
460 2144 571 2176 οἴδατε,
597 2143 642 2170 ὅτι
662 2144 679 2170 ὁ
700 2142 891 2177 κολλώμενος

105 2190 144 2226 τῇ
165 2192 258 2225 πόρνῃ
279 2190 314 2217 ἐν
324 2189 409 2225 σῶμά
432 2190 534 2222 ὲστιν;
551 2189 692 2216 Ἔσονται
713 2187 769 2222 γὰρ
787 2188 814 2213 οὶ
836 2186 891 2213 δύο

105 2239 148 2271 εἰς
162 2236 260 2272 σάρκα
275 2237 358 2271 μίαν.

142 2286 168 2316 ς’
186 2283 232 2309 καὶ
246 2282 275 2309 ιδ’
288 2282 377 2317 ἔλεγχ.
395 2283 426 2310 Et
442 2282 493 2308 οὐκ
515 2280 618 2316 ἀληθὴς
630 2280 756 2313 ὁινόμος,
777 2278 830 2306 τίνι
851 2279 891 2315 τῷ

105 2329 176 2364 λόγῳ
192 2329 216 2355 οἱ
233 2329 343 2362 ἀληθεῖς
357 2328 406 2360 τὰς
425 2327 575 2364 μαρτυρίας
590 2326 643 2353 ἀπὸ
659 2325 707 2352 τοῦ
723 2325 806 2360 νόμου
822 2324 892 2360 λαμ-

105 2375 248 2408 ϐάνουσινς
277 2371 315 2401 ὧν
333 2371 373 2405 εἷς
393 2374 509 2409 ὑπάρχει
526 2374 540 2400 ὁ
559 2373 636 2407 ἅγιος
656 2371 723 2398 Θεοῦ
743 2371 892 2401 ἀπόστολος

106 2421 222 2453 Παῦλος.
236 2421 250 2446 ὁ
270 2420 319 2456 τὴν
336 2420 488 2456 μαρτυρίαν
510 2418 612 2455 ταύτην
630 2419 700 2454 μετὰ
720 2418 767 2444 καὶ
786 2418 891 2444 πολλῶν

106 2467 192 2494 ἄλλων
208 2466 298 2494 λαϐὼν
319 2467 358 2498 εἰς
378 2467 479 2502 ἐναργῆ
502 2465 673 2502 παράστασιν
694 2464 822 2498 ἀληθείας
847 2464 892 2490 καὶ

106 2513 283 2548 κηρύγματος
299 2512 402 2547 ἀγαθοῦ
420 2512 486 2539 Θεοῦ
492 2532 498 2538 .

142 2557 163 2590 ζ’
176 2558 224 2585 καὶ
242 2558 271 2584 ιε’
287 2557 359 2593 σχόλ.
379 2557 626 2593 Μετηλλαγμένως·
638 2556 698 2583 ἀντὶ
714 2556 768 2592 γὰρ
783 2554 841 2588 τοῦ,
856 2555 891 2581 ἐν

107 2603 147 2637 τῷ
160 2605 249 2639 νόμῳ,
272 2604 357 2638 λέγει,
371 2603 406 2631 ἐν
419 2603 459 2636 τῷ
485 2603 632 2636 Μωῢσέως
654 2602 743 2637 νόμῳ.
761 2602 841 2637 Λέγει
861 2601 889 2628 δὲ

108 2650 161 2686 πρὸ
174 2650 286 2677 τούτου·
302 2651 329 2677 ει
343 2650 392 2676 καὶ
412 2650 428 2676 ὀ
442 2650 533 2684 νόμος
549 2648 642 2676 ταῦτα
654 2650 689 2676 οὐ
705 2649 796 2683 λέγει.

144 2759 153 2775 ¹
167 2758 197 2787 F.
212 2768 242 2786 ου
258 2760 385 2795 προοχΙιι
395 2758 455 2786 Vat.
472 2759 523 2794 leg.
533 2767 617 2795 τυπος
629 2757 664 2795 ἦν
679 2767 693 2785 ο
711 2759 831 2795 δοκήσει.

108 2802 185 2826 xcut,
202 2795 245 2822 Η.
281 2793 294 2811 ³
314 2793 324 2821 Ι
338 2794 402 2822 Cor.
417 2803 445 2828 v,
460 2795 485 2822 7.
501 2793 509 2794 ί
524 2795 533 2810 ⁶
549 2794 559 2821 l
577 2793 689 2827 (λοι-Νι,
705 2794 749 2822 16.

888 2761 898 2776 ⁸
917 2759 927 2786 l
942 2759 1005 2786 Cor.
1022 2766 1067 2789 xv,
1083 2758 1127 2785 42.

795 2795 804 2810 ⁷
820 2795 888 2823 Gen.
909 2802 939 2828 ll,
952 2794 1001 2828 2i;
1017 2793 1112 2821 Matth.
1129 2800 1186 2825 nx,
1209 2792 1235 2819 5.
1272 2792 1283 2807 '
1296 2791 1305 2817 l
1320 2792 1383 2819 Cor.
1399 2800 1437 2826 ix,
1454 2792 1479 2819 9.

941 1590 1067 1618 Christus
1082 1597 1132 1617 nec
1148 1590 1207 1618 sine
1221 1598 1304 1617 carne
1318 1598 1416 1625 passus
1433 1590 1577 1625 expressit.
1592 1588 1644 1622 Qui
1658 1589 1732 1616 enim

942 1636 1056 1663 mactari
1079 1636 1192 1670 spiritus
1215 1636 1327 1670 posset?
1352 1635 1424 1663 Sane
1442 1635 1500 1663 ﬁeri
1522 1634 1595 1662 istud
1619 1634 1734 1662 omnino

941 1683 1054 1717 nequit;
1075 1683 1123 1710 sed
1143 1690 1230 1718 neque
1251 1683 1310 1709 sine
1324 1690 1408 1710 carne
1427 1685 1516 1717 potest
1538 1682 1637 1709 occidi.
1656 1681 1733 1709 Occi-

942 1735 1002 1756 Sum
1017 1731 1108 1755 autem
1124 1735 1186 1756 esse
1202 1735 1308 1760 revera.
1327 1728 1400 1755 haud
1415 1727 1498 1755 dubia
1520 1727 1643 1763 ApOstoli
1663 1735 1734 1755 con-

943 1773 1062 1802 lessioue
1085 1775 1251 1802 declaratur.
1278 1774 1459 1807 Quamobrem
1481 1775 1639 1802 necessaria
1664 1775 1732 1803 illud

941 1821 1048 1849 ratione
1070 1821 1205 1856 colligitur
1225 1830 1232 1848 :
1252 1828 1306 1848 non
1329 1821 1445 1848 alienam
1467 1827 1528 1848 esse
1548 1821 1645 1856 legem,
1670 1828 1732 1856 quae

943 1862 1111 1896 adumbratis
1131 1868 1213 1896 rebus
1227 1874 1260 1895 ac
1277 1867 1371 1903 ﬁguris
1389 1866 1484 1894 tandiu
1506 1866 1666 1900 constabat,
1681 1866 1732 1894 do-

942 1921 992 1940 nec
1017 1913 1171 1948 perfectior,
1198 1913 1324 1948 idemque
1343 1912 1506 1941 manifestus
1529 1920 1614 1948 agnus
1635 1919 1732 1939 succe-

942 1958 1033 1990 deret,
1057 1959 1109 1986 hoc
1132 1963 1174 1986 est
1198 1958 1325 1987 Christus
1350 1959 1440 1994 reipsa
1465 1963 1618 1990 mactatus,
1646 1966 1730 1993 quem

941 2005 1041 2040 priscis
1053 2004 1221 2040 temporibus
1237 2005 1386 2032 antecessit
1400 2004 1468 2032 alter
1484 2005 1527 2032 ille
1541 2005 1587 2039 qui
1604 2004 1730 2031 immola-

942 2050 1021 2078 batur
1037 2058 1133 2086 agnus,
1146 2050 1245 2085 quique
1260 2057 1342 2077 sensu
1358 2050 1459 2084 percipi
1472 2054 1586 2084 poterat.
1600 2049 1731 2076 Nostrum

941 2104 1000 2123 vero
1018 2095 1122 2124 Pascha
1140 2096 1291 2122 immolatus
1305 2100 1344 2123 est
1359 2094 1479 2122 Christus

978 2141 1069 2169 Schol.
1085 2141 1102 2168 6
1116 2145 1142 2169 et
1159 2141 1201 2168 Η.
1223 2141 1337 2168 Nescitis
1357 2141 1426 2176 quod
1444 2141 1488 2176 qui
1509 2141 1624 2168 adluat-et
1651 2149 1731 2168 mare-

943 2187 1012 2220 trici,
1030 2196 1111 2214 unum
1122 2195 1214 2221 corpus
1229 2191 1267 2214 est
1278 2187 1300 2214 ⁴¹.
1322 2186 1406 2214 Erunt
1422 2187 1502 2219 enim,
1520 2187 1615 2222 inquit,
1635 2186 1687 2213 duo
1703 2187 1730 2213 in

907 2236 930 2264 ι)
943 2241 1048 2260 carnem
1063 2241 1143 2260 unum
1158 2233 1180 2260 ".

978 2278 1070 2306 Refut.
1086 2278 1102 2305 6
1116 2282 1142 2305 et
1155 2277 1197 2305 ιι.
1212 2277 1271 2304 Nisi
1285 2284 1349 2305 vera
1365 2277 1408 2304 lex
1424 2277 1469 2308 sit,
1483 2276 1546 2312 quid
1563 2280 1605 2303 est
1619 2277 1728 2304 tandem

944 2324 1016 2360 quod
1030 2323 1076 2360 qui
1091 2323 1197 2351 veritati
1214 2322 1324 2349 student
1337 2322 1513 2349 auctoritates
1532 2329 1565 2348 ex
1577 2321 1622 2348 illa
1633 2321 1730 2356 depro-

943 2371 1041 2399 munt?
1055 2369 1209 2404 cujusmodi
1224 2375 1336 2396 sanctus
1349 2367 1397 2395 Dei
1421 2367 1562 2402 apostolus
1572 2371 1614 2395 est
1628 2366 1730 2394 Paulus

944 2417 991 2452 qui
1003 2424 1064 2444 cum
1081 2415 1143 2442 aliis
1159 2414 1311 2442 innumeris
1326 2413 1378 2440 hoc
1394 2413 1477 2440 etiam
1492 2412 1677 2440 testimonium
1696 2411 1731 2438 ad

944 2463 1086 2491 veritatem
1101 2461 1219 2495 bonique
1231 2459 1276 2487 Dei
1299 2459 1518 2495 praedicationem
1533 2458 1671 2486 evidenter
1683 2465 1730 2484 as-

945 2509 1123 2536 severandam
1140 2514 1194 2533 non
1208 2506 1343 2534 dubitavit
1358 2505 1466 2533 aﬂerre.

979 2553 1070 2580 Schol.
1095 2552 1150 2580 7et
1173 2552 1216 2579 i5.
1241 2550 1359 2578 Mutatus
1382 2554 1424 2577 est
1442 2550 1527 2576 locus.
1548 2548 1616 2575 Nam
1631 2556 1679 2583 pro
1695 2555 1731 2575 eo

943 2599 1015 2635 quod
1046 2602 1105 2630 est,
1128 2597 1162 2625 In
1188 2597 1270 2633 lege“,
1293 2596 1413 2630 scripsit.
1426 2596 1453 2622 in
1472 2594 1572 2630 Moysi;
1590 2596 1653 2630 tege.
1675 2594 1729 2621 Sed

942 2650 1022 2674 antea
1038 2645 1154 2677 dixerat,
1170 2643 1274 2670 tametsi
1287 2642 1328 2669 lea:
1341 2650 1373 2669 eo
1387 2650 1438 2669 non
1452 2641 1533 2669 dicat.

1182 2756 1490 2792 ³1(Σοι·.νιιι.19;.1οὺ
1504 2765 1530 2792 ν,
1549 2756 1591 2784 IS.
1630 2755 1641 2771 ⁸
1654 2754 1727 2783 Psat.

142 2871 202 2907 (81)
224 2871 366 2905 Tudertth
382 2872 415 2900 δὲ
435 2872 470 2900 ὲν
492 2873 579 2907 alno.
602 2872 699 2902 Deessc
713 2873 834 2901 nonuihii
854 2872 887 2900 ad
905 2872 1087 2902 integritatem
1106 2872 1189 2899 huius
1206 2871 1257 2899 loci
1271 2870 1388 2896 vitiatur.
