1952 3045
204 143 254 171 785

896 140 926 168 S.
947 139 1119 168 EPlPllANll

1776 133 1832 164 784

243 202 334 230 Refut.
350 202 366 230 7
376 206 403 230 et
413 203 456 230 15,
470 202 542 230 Licet
557 203 583 229 in
597 201 715 230 secunda
730 201 863 229 sententia
877 200 992 228 formam

1078 202 1101 232 ζ’
1119 201 1166 227 καὶ
1182 203 1211 227 ιε’
1230 200 1320 236 ἔλεγχ.
1342 200 1401 227 Κᾶν
1420 207 1450 227 τε
1469 199 1499 226 ὲν
1519 199 1552 234 τῇ
1566 197 1680 234 δευτέρᾳ
1694 196 1833 231 ἀποφάσει

205 249 337 276 orationis
353 249 550 280 immutaveris,
562 247 672 279 Marcio,
689 251 769 282 atque
784 255 816 274 ex
836 254 868 274 eo
882 246 953 281 quod
966 247 993 273 in

207 295 260 330 lege
275 293 376 329 Moysi:
392 293 546 328 scripseris,
559 293 610 320 hac
629 300 704 324 voce,
718 291 830 326 Moysis,
843 290 959 318 alienum
977 298 992 318 a

205 341 264 375 lege
281 340 362 366 Deum
377 339 484 367 ostendi
499 339 638 374 putaveris
655 345 745 373 posse,
763 342 854 364 tamen
868 337 993 371 superior

206 386 252 412 illa
277 385 435 420 coniunctio
459 384 597 412 vesaniam
623 388 697 411 tuam
720 383 870 418 redarguit,
889 383 994 409 tametsi

207 431 248 458 lea:
260 435 313 458 ista
323 439 375 457 non
385 430 466 457 dicat.
477 428 559 464 356
571 429 598 455 In
609 428 666 464 lege
678 429 777 464 quippe
789 429 920 463 scriptutn
934 431 992 455 est:

208 476 269 504 Non
285 476 409 511 alligabis
422 484 450 503 os
465 475 521 502 bovi
536 476 673 502 trituranti
689 475 709 501 ¹.
726 475 859 502 Craterum
875 473 947 509 quod
964 477 993 500 tu

206 523 291 558 legem
306 522 407 558 Moysis
423 522 544 550 scribere
559 521 690 553 maluisti,
708 521 775 548 nihil
791 521 869 548 nobis
882 520 994 547 omnino

208 569 344 601 nocuisti,
358 568 405 596 sed
417 568 544 603 profuisti
560 567 661 602 potius,
680 574 711 594 ac
721 567 885 593 luculentius
899 569 996 592 contra

207 619 234 642 te
248 615 433 642 testimonium
447 613 613 645 obﬁrmasti,
634 617 665 640 ut
687 612 729 640 vel
749 611 907 646 imprudens
929 619 995 638 con-

207 660 314 687 ﬁterere
336 659 436 694 Moysis
458 659 543 694 legem
569 666 583 685 a
608 658 662 685 Deo
681 657 843 688 derivatatn,
866 657 917 684 hoc
936 657 995 691 ipso

206 706 289 741 quod,
317 706 344 732 in
370 706 422 741 lege
449 704 545 738 Hosis,
569 704 723 740 scripseris.
748 702 825 735 ltem,
848 703 890 729 lex
918 698 992 729 dicit.

207 752 378 786 Astipulatur
401 751 473 778 enim
491 754 519 777 ct
538 750 684 784 Apostolus
702 753 794 783 postea
820 748 969 782 subjiciens
986 757 993 775 :

208 796 334 831 Nunquid
361 796 392 823 de
412 796 493 823 bobus
515 803 579 822 cura
599 799 637 822 est
663 793 738 821 Deo?
763 793 805 820 An
825 798 930 827 propter
948 801 995 820 nos

207 843 294 878 utique
308 842 408 869 dicit"!
444 841 522 874 Quod
538 841 561 868 si
584 844 695 876 propter
717 840 855 875 apostolos
876 843 930 866 tam
952 839 992 866 lca

207 896 287 923 quam
305 888 351 923 qui
371 888 398 915 in
418 888 476 922 lege
494 887 602 913 locutus
620 890 662 912 est
691 884 761 912 Deus
784 885 837 912 ista
856 884 994 916 dixerunt,

208 939 322 968 uterque
349 931 468 967 profecto
489 928 672 966 apostolorbm
695 930 797 957 Christi
818 937 912 957 curam
934 937 998 957 sus-

207 978 282 1013 cipit,
302 978 365 1005 dum
384 978 437 1004 illis
468 984 499 1004 os
527 977 631 1012 alligari
653 976 794 1011 prohibet;
819 975 876 1003 sive
896 983 911 1002 a
929 983 997 1010 prte-

211 1023 328 1050 dicanda
342 1022 444 1050 Christi
461 1022 585 1049 doctrina
603 1022 726 1056 impediri
745 1024 835 1054 vetat;
856 1022 913 1048 sive
929 1028 997 1055 quo-

209 1067 311 1094 tidiana
327 1066 393 1102 ipsis
413 1066 541 1093 alimenta
561 1065 730 1101 suppeditari
751 1066 912 1101 populorum
928 1066 996 1093 lihe-

208 1113 316 1140 ralitate
340 1112 472 1147 praecipit.
496 1110 590 1145 Itaque
611 1118 661 1138 nec
694 1111 797 1138 alienos
818 1118 833 1137 a
855 1111 997 1138 divinitate

209 1165 258 1184 sua
270 1157 409 1192 apostolos
422 1157 467 1184 ille
477 1160 564 1191 putat,
576 1163 625 1183 nec
639 1156 684 1184 isti
698 1156 816 1184 alienum
832 1156 921 1190 ipsum
935 1164 997 1184 esse

209 1207 342 1230 statuunt.
357 1201 395 1228 Ex
407 1201 458 1228 hoc
471 1209 535 1228 vero
546 1201 684 1228 communi
699 1201 825 1228 omnibus
837 1201 996 1228 testimonio

210 1249 250 1276 sic
263 1248 364 1282 colligit
383 1247 530 1282 Apostolus
549 1256 556 1274 :
573 1245 701 1282 Nunquid
719 1246 752 1274 de
772 1246 852 1273 bobus
872 1255 937 1274 cura
956 1252 995 1274 est

210 1295 283 1322 Deo?
301 1293 355 1322 Sed
370 1298 480 1329 propter
495 1293 633 1328 apostolos
650 1293 729 1320 dixit.

245 1385 335 1419 Quare
348 1384 370 1413 si
388 1389 498 1421 propter
517 1385 656 1420 apostolos
677 1385 836 1421 usurpavit,
855 1386 994 1413 hominum

210 1438 292 1466 porro
315 1429 504 1466 pecudumque
534 1431 659 1458 conditor
681 1436 735 1463 est,
752 1438 767 1457 e
792 1432 893 1466 quibus
914 1432 996 1459 boves

211 1481 275 1504 sunt
292 1484 323 1504 ac
350 1484 486 1512 passeres,
510 1480 660 1511 serpentes,
687 1476 790 1509 bestiae,
817 1477 915 1511 pisces,
938 1478 996 1504 ani-

212 1522 370 1557 mantiaque
396 1522 518 1557 reliqua,
545 1528 716 1556 consequens
740 1526 782 1549 est
807 1529 900 1549 curam
922 1522 994 1549 illum

212 1568 332 1595 omnium
368 1575 417 1602 pro
441 1567 575 1602 cujusque
606 1568 710 1595 ratione
742 1575 895 1603 capessere.
928 1567 996 1595 Nam

214 1618 241 1639 et
275 1612 462 1639 universorum
497 1613 522 1640 ei
562 1619 656 1639 curam
690 1620 751 1640 esse
789 1613 856 1641 satis
894 1621 927 1641 ex
964 1621 997 1641 eo

215 1658 288 1693 quod
318 1658 449 1692 scriptum
476 1662 519 1685 est
546 1656 699 1685 ostenditur
724 1666 731 1683 :
761 1656 886 1684 Homines
913 1663 938 1685 et
951 1659 998 1693 ju-

213 1708 301 1730 menta
322 1702 448 1735 “litabis,
469 1701 579 1729 Domine
597 1700 695 1729 '.ltem
715 1709 748 1729 ex
759 1709 792 1729 eo
815 1711 821 1728 :
841 1702 906 1735 Quis
926 1702 997 1729 dedit

214 1757 290 1776 corvo
303 1748 388 1775 cibum
401 1749 428 1774 ⁸2
439 1752 466 1774 et
482 1757 487 1774 :
502 1747 574 1774 Pulli
586 1755 721 1774 corvorum
741 1747 775 1773 ad
786 1747 925 1774 Dominum
941 1749 997 1775 cla-

213 1800 286 1822 mant
313 1794 382 1821 cibos
411 1793 576 1827 postulantes
593 1793 604 1808 '
619 1802 627 1826 ;
646 1797 674 1820 et
690 1802 698 1820 :
716 1793 799 1820 Dabis
825 1799 996 1828 opportunam

213 1849 299 1867 escam
319 1839 438 1867 ommbus
455 1840 475 1866 °.
489 1839 583 1874 Neque
611 1846 676 1866 vero
697 1839 776 1866 boum
797 1840 824 1866 in
843 1840 997 1868 obturendis

214 1885 339 1920 frugibus
347 1884 479 1920 obstringi
491 1883 619 1918 capistris
631 1891 679 1911 ora
689 1884 846 1918 simpliciter
856 1884 995 1918 prohibet:

218 1931 318 1966 alioqui
341 1930 426 1958 Deum
450 1930 566 1957 conditis
587 1937 602 1956 a
621 1938 651 1958 se
675 1931 858 1958 animantibus
879 1931 997 1966 prtehere

215 1978 342 2005 alimenta
353 1984 407 2003 non
425 1984 506 2011 posse
521 1980 686 2003 monstraret
701 1985 708 2003 :
724 1984 812 2011 neque
823 1977 901 2004 aliter
916 1985 996 2013 quam

214 2031 266 2058 ope
277 2023 416 2050 hominum
430 2028 457 2050 et
471 2023 573 2049 auxilio
588 2029 715 2058 pecorum
733 2023 831 2057 pabulo
844 2023 996 2057 providere.

216 2068 268 2095 Sed
282 2068 346 2095 illud
361 2068 506 2103 Apostolus
517 2067 647 2099 declarat,
662 2075 716 2094 non
727 2068 891 2095 cibariorum
907 2069 996 2104 inopia

214 2113 299 2141 Deum
324 2113 411 2140 bobus
433 2114 536 2140 trilurte
555 2118 675 2148 tempore
693 2114 847 2141 consultum
867 2115 996 2148 voluisse,

215 2164 295 2194 atque
311 2159 424 2194 obligari
442 2159 577 2192 vetuisse;
598 2167 692 2186 verum
715 2159 766 2186 hoc
781 2160 895 2194 aenigma
910 2164 996 2188 totum

215 2204 248 2230 ad
273 2205 411 2239 apostolos
435 2204 550 2239 quadam
573 2204 731 2232 habitudine
757 2205 939 2233 referendum.
961 2206 996 2233 At

213 2257 279 2277 vero
302 2249 394 2277 infima
421 2249 522 2281 omnia,
547 2257 607 2284 quae
632 2258 713 2277 sensu
741 2252 842 2286 percipi
870 2256 995 2286 possunt,

214 2294 286 2322 Deus
303 2294 471 2330 providentia
486 2302 534 2322 sua
551 2295 749 2330 complectitur,
764 2300 790 2323 et
807 2297 997 2325 universorum

216 2347 309 2367 curam
337 2340 438 2375 pariter
462 2340 586 2376 suscipit.
609 2339 668 2368 Non
689 2342 761 2369 enim
783 2341 916 2370 Salvatori
934 2350 998 2370 con-

216 2385 299 2411 traria
313 2385 422 2420 scripsit
435 2386 593 2420 Apostolus,
609 2390 638 2413 ut
651 2386 722 2414 hanc
739 2387 791 2414 sibi
812 2388 934 2423 plerique
954 2397 998 2416 ex-

216 2429 365 2457 cusationis
381 2429 510 2457 latebram
527 2435 660 2464 quaerant.
680 2430 784 2458 Etenim
812 2433 889 2467 longe
909 2433 998 2461 bobus

217 2476 336 2502 minores
344 2481 406 2502 sunt
415 2483 550 2510 passeres,
558 2476 592 2503 de
602 2477 701 2511 quibus
716 2484 730 2503 a
740 2476 880 2506 Salvatore
895 2479 998 2507 dictum

216 2526 271 2548 est:
283 2520 401 2555 Quinque
414 2529 531 2555 passeres
545 2527 652 2549 veneunt
660 2522 783 2557 dipondio
792 2524 812 2550 ".
830 2524 862 2551 Et
871 2533 978 2553 rursum
990 2536 997 2553 :

218 2565 312 2593 Nonne
330 2566 409 2602 357
433 2567 485 2594 duo
510 2575 629 2602 passeres
657 2577 716 2595 asse
737 2574 856 2602 veneunt,
882 2576 907 2597 et
931 2580 999 2599 unus

216 2619 247 2638 ex
262 2611 327 2645 ipsis
342 2619 392 2638 non
403 2611 477 2638 cadet
488 2612 515 2638 in
527 2612 648 2646 laqueum
659 2613 714 2640 sine
727 2613 808 2641 Patre
820 2620 903 2643 oestro
916 2617 960 2650 qui
973 2617 1000 2643 iu

216 2656 287 2682 uelis
314 2661 351 2682 est
372 2655 406 2682 “‘3
430 2655 475 2682 Sic
496 2656 579 2691 igitur
598 2656 724 2685 universa
742 2657 812 2686 Dens
830 2659 997 2693 providentia

217 2709 265 2728 cun
277 2702 418 2737 gubernat.
432 2702 498 2734 Qum
512 2709 577 2729 vero
597 2703 699 2737 majora
722 2708 795 2736 sunt,
819 2705 915 2732 altiore
935 2713 999 2741 qua-

253 2780 262 2794 λ
280 2778 357 2806 Deut.
377 2786 442 2810 xxv,
454 2778 480 2805 ι.
518 2777 551 2804 ’l
568 2778 630 2805 Cor.
649 2787 686 2809 Ix.
705 2779 732 2811 9,
748 2780 781 2807 10
825 2780 835 2796 ³
848 2780 918 2809 Psal.
939 2791 1000 2810 xxv.
1017 2783 1041 2811 7.

1043 246 1160 282 ἀλλάξῃς
1177 246 1207 272 τὸ
1228 244 1307 278 εἶδος,
1323 243 1344 272 ὧ
1361 245 1505 281 Μαρκίων,
1523 245 1570 271 καὶ
1585 244 1698 280 νομίσῃς
1715 243 1769 270 ἀπὸ
1782 243 1832 270 τοῦ

1044 291 1223 326 πεποιηκέναι
1249 299 1277 316 σε
1289 311 1296 321 ,
1321 291 1355 317 ἐν
1371 290 1411 322 τῷ
1432 290 1513 324 νόμῳ
1530 289 1693 321 Μωῢσέως,
1710 287 1832 315 ἀπαλλο-

1043 336 1135 372 τριοῦν
1148 336 1191 362 διὰ
1211 336 1256 362 τὸν
1280 335 1406 362 Μωῢσέα
1421 335 1487 361 Θεοῦ
1509 335 1555 361 τὸν
1579 334 1677 370 νόμον,
1695 333 1798 360 ἀνωθεν
1818 334 1834 359 ὁ

1046 380 1192 416 σύνδεσμος
1208 381 1313 416 ἐλέγχει
1327 389 1372 407 σου
1389 381 1439 415 τὴν
1451 380 1616 416 ἀφροσύνην,
1635 380 1687 411 ὅτι,
1702 381 1727 406 εὶ
1746 380 1797 406 καὶ
1815 380 1833 406 ὁ

1043 429 1135 462 νόμος
1151 427 1244 455 ταῦτα
1271 428 1306 454 οὐ
1325 427 1415 462 λέγει.
1438 427 1482 453 Ἐν
1499 426 1554 461 γὰρ
1573 425 1612 461 τῷ
1638 426 1712 460 νόμῳ
1729 425 1833 460 γέγρα-

1045 481 1126 499 πται·
1143 473 1183 499 Οὐ
1198 470 1342 507 φιμώσεις
1359 471 1439 504 ,βοῦν
1451 471 1597 498 ἀλοῶντα.
1611 470 1695 496 Οὐδὲν
1711 470 1739 496 δὲ
1757 470 1832 505 ἡμᾶς

1043 519 1187 554 ἠδίκησας,
1207 518 1258 545 κᾶν
1272 526 1299 544 τε
1313 518 1441 552 προσθεὶς
1454 517 1484 543 τὸ
1498 517 1582 552 ὄνομα
1597 515 1748 547 Μωῡσέως·
1763 516 1833 542 ἀλλὰ

1045 564 1117 599 ἡμᾶς
1136 564 1184 598 μὲν
1199 563 1354 598 ὠφέλησας,
1369 563 1440 590 κατὰ
1455 562 1553 588 σαυτοῦ
1568 561 1595 587 δὲ
1612 560 1661 596 τὴν
1681 561 1832 596 μαρτυρίαν

1045 610 1193 644 ἑσφιγξας,
1211 608 1380 644 πανταχόθεν
1399 608 1429 636 δὲ
1450 608 1639 643 ὡμολόγησας,
1659 607 1763 642 ἀγνοῶν
1782 607 1831 633 τοῦ

1044 656 1111 683 Θεοῦ
1136 653 1205 682 εἶναι
1226 655 1271 682 τὸν
1289 654 1429 686 Μωῡσέως
1455 655 1536 690 νόμον
1565 654 1619 680 ἀπὸ
1639 653 1701 684 τοῦ,
1728 654 1775 679 Ἐν
1790 651 1832 685 τῷ

1044 701 1125 735 νόμῳ
1139 700 1294 733 Μωϋσέως.
1312 700 1377 732 Καὶ,
1392 701 1408 726 ὀ
1422 699 1513 734 νόμος
1528 698 1618 734 λέγει.
1642 697 1832 724 Ἐπακολουοεῖ

1045 747 1099 782 γὰρ
1124 748 1138 774 ὁ
1164 747 1324 778 Ἀπόστολος
1357 746 1545 780 συντιθέμενος
1568 746 1596 771 ὲν
1615 744 1654 779 τῷ
1683 743 1830 779 μετέπειτα

1045 793 1184 828 εἰρηκέναι
1194 801 1200 807 ·
1217 792 1265 826 Μὴ
1280 792 1339 818 τῶν
1351 791 1435 824 ,βοῶν
1446 791 1532 826 μέλει
1547 791 1587 823 τῷ
1601 789 1661 822 Θεῷ
1674 798 1684 822 ;
1706 791 1743 817 Ἣ
1756 789 1832 816 πάν-

1045 847 1103 872 τως
1115 838 1151 865 δι’
1165 837 1244 873 ἡμᾶς
1261 838 1399 872 εῖρηκσιπ
1415 838 1446 863 Εἰ
1463 837 1491 864 δὲ
1509 836 1552 863 διὰ
1584 837 1646 867 τοὺς
1662 836 1826 867 ἀποστόλους

1010 879 1031 906 Β
1047 885 1156 920 εἴρηκεν
1175 885 1189 910 ὁ
1207 884 1298 918 νόμος.
1322 883 1369 909 καὶ
1385 883 1399 908 ὁ
1419 883 1447 909 ὲν
1467 882 1506 917 τῷ
1526 882 1600 917 νόμῳ
1617 881 1682 913 Θεὸς
1700 881 1830 915 λαλήσας,

1047 931 1214 965 ἐπιμελεῖται
1229 929 1282 964 ἄρα
1299 928 1352 955 τῶν
1373 928 1528 955 ἀποστόλων
1545 927 1591 954 τοῦ
1614 926 1731 962 Χριστοῦ
1746 927 1775 953 ὲν
1791 926 1831 962 τῷ

1049 976 1086 1011 μὴ
1105 975 1204 1011 φιμοῦν
1228 975 1328 1006 αὐτοὺς
1345 972 1589 1010 παρακελεύεσθαι,
1608 973 1666 1008 ἦτοι
1681 972 1726 999 τοῦ
1740 971 1831 999 λαλεῖν

1051 1020 1100 1056 τὴν
1121 1020 1167 1047 τοῦ
1186 1019 1303 1056 Χριστοῦ
1335 1019 1416 1046 αὑτοῦ
1441 1018 1621 1048 διδασκαλίαν,
1638 1018 1697 1053 Ιἢτοι
1716 1018 1763 1053 τὴν
1782 1017 1831 1052 ἐφ-

1046 1066 1148 1101 ήμερον
1170 1065 1274 1100 τροφὴν
1296 1064 1374 1100 παρὰ
1398 1064 1451 1091 τῶν
1478 1063 1549 1090 λαῶν
1575 1063 1704 1095 ἀνενδεῶς
1733 1063 1831 1094 αὐτοὺς

1045 1111 1127 1146 ἐχειν.
1146 1111 1203 1137 Οὐκ
1225 1111 1278 1146 ἄρα
1299 1109 1455 1145 ἀλλοτρίους
1468 1110 1531 1141 τοὺς
1555 1109 1717 1140 ἀποστόλους
1734 1108 1830 1135 ἑαυτοῦ

1046 1158 1095 1192 τῆς
1119 1157 1245 1191 θεότητος
1268 1154 1356 1188 οἶδεν,
1381 1155 1442 1182 οὐδὲ
1469 1156 1494 1181 οἱ
1524 1155 1666 1182 ἀπόστολοι
1692 1154 1831 1187 ἀλλότριον

1046 1203 1126 1230 αὐτὸν
1141 1202 1207 1228 Θεὸν
1225 1202 1365 1237 ἡγοῦνται.
1385 1201 1430 1235 Ἐξ
1447 1201 1538 1238 ἧσπερ
1556 1202 1625 1237 ὑπὲρ
1641 1200 1746 1227 πάντων
1761 1208 1831 1235 μαρ-

1045 1247 1140 1281 τυρίας
1164 1248 1178 1273 ὁ
1199 1246 1276 1280 ἅγιος
1291 1246 1453 1278 Ἀπόστολος
1479 1246 1632 1273 ἀποδέδωκε
1660 1246 1766 1281 φήσας·
1781 1245 1830 1278 Mil

1046 1293 1112 1326 περὶ
1125 1291 1183 1319 τῶν
1196 1293 1280 1325 ,βοῶν
1291 1293 1376 1328 μέλει
1390 1292 1430 1325 τῷ
1443 1292 1521 1326 Θεῷ;
1539 1292 1618 1319 Ἀλλὰ
1633 1292 1676 1318 διὰ
1691 1292 1752 1323 τοὺς
1765 1291 1832 1317 ἁπο-

1047 1339 1154 1371 στόλους
1168 1340 1272 1375 εῐρηκε.

1081 1386 1137 1412 Καὶ
1160 1386 1184 1411 εἰ
1209 1385 1253 1412 διὰ
1271 1385 1334 1417 τοὺς
1353 1385 1519 1416 ἀποστόλους
1537 1384 1634 1420 εἴρηκε
1647 1402 1655 1415 ,
1672 1383 1783 1418 κτίστης
1803 1383 1832 1409 δέ

1046 1432 1104 1457 ἐστι
1129 1430 1280 1466 ἀνθρώπων
1308 1431 1354 1457 καὶ
1376 1431 1482 1466 κτηνῶν
1497 1451 1505 1462 ,
1526 1429 1556 1462 ἐξ
1581 1427 1618 1456 ὧν
1645 1429 1705 1464 βόες
1727 1438 1756 1455 τε
1784 1429 1833 1455 καὶ

1047 1476 1181 1512 στρουθοὶ,
1199 1477 1302 1513 ἑρπετά
1323 1485 1352 1503 τε
1367 1477 1414 1503 καὶ
1433 1476 1566 1508 κνώδαλα,
1584 1475 1676 1502 ὲνὰλιὰ
1690 1484 1719 1501 τε
1738 1475 1784 1501 καὶ
1798 1474 1832 1501 τὰ

1047 1523 1127 1549 ἄλλαι
1145 1523 1199 1559 ἄρα
1222 1523 1297 1558 μέλει
1316 1522 1389 1558 αὑτῷ
1405 1523 1469 1558 περὶ
1485 1523 1591 1549 πάντων
1608 1521 1679 1548 κατὰ
1697 1521 1745 1557 τὴν
1764 1521 1830 1547 ὲκὰ-

1049 1576 1113 1594 στου
1127 1567 1282 1602 ἀναλογίαν.
1293 1568 1348 1594 Καὶ
1362 1567 1436 1602 μέλει
1457 1567 1505 1602 μὲν
1519 1566 1593 1602 αὐτῷ
1608 1567 1671 1601 περὶ
1682 1566 1788 1592 πάντων
1803 1567 1832 1592 ὲν

1046 1612 1085 1648 τῷ
1095 1612 1183 1647 λέγειν
1193 1621 1199 1627 ·
1223 1612 1405 1646 Ἀνθρώπους
1418 1612 1466 1638 καὶ
1483 1612 1578 1646 κτήνη
1593 1612 1712 1644 σώσεις,
1725 1612 1812 1646 Κύριε
1823 1621 1830 1627 ·

1048 1658 1095 1684 καὶ
1116 1658 1145 1683 ἐν
1165 1657 1204 1692 τῷ
1226 1657 1381 1694 είρηκέναι·
1402 1658 1450 1690 Τίς
1470 1657 1578 1684 δέδωκε
1595 1658 1698 1691 κόρακι
1714 1657 1832 1691 βορὰν;

1048 1703 1245 1737 καὶχΝεοσσοὶ
1261 1702 1395 1737 κοράκων
1409 1703 1483 1737 πρὸς
1490 1703 1600 1737 Κύριον
1612 1703 1782 1738 κεκράγασι,
1797 1704 1832 1731 τὰ

1047 1748 1116 1775 σῖτα
1128 1748 1292 1782 ζητοῦντες·
1307 1749 1363 1781 καὶ,
1375 1748 1484 1782 Δώσεις
1498 1748 1556 1782 τὴν
1565 1749 1681 1783 τροφὴν
1692 1750 1832 1783 εὐκαιρον

1047 1795 1108 1827 τοῖς
1122 1794 1227 1823 πᾶσιν.
1246 1795 1326 1821 Ἀλλὰ
1343 1796 1393 1822 οὐκ
1409 1796 1438 1822 ὲν
1451 1795 1490 1830 τῷ
1505 1795 1588 1831 ἀλοᾷν
1607 1796 1669 1826 τοὺς
1682 1795 1744 1830 βοῦς
1760 1804 1832 1830 παρ-

1047 1841 1186 1867 εκελεύετο
1205 1841 1242 1876 μὴ
1261 1841 1361 1876 φιμοῦν
1379 1841 1441 1876 βοῦν
1453 1841 1591 1867 ἀλοῶντα·
1609 1841 1670 1867 ἐπεὶ
1697 1841 1832 1867 ἐδείκνυεν

1047 1886 1080 1912 ἂν
1094 1886 1130 1922 μὴ
1144 1886 1270 1912 δύνασθαι
1288 1887 1334 1912 τὸν
1353 1886 1418 1913 Θεὸν
1430 1886 1540 1922 τρέφειν
1555 1886 1635 1913 αὑτοῦ
1652 1886 1701 1921 τὴν
1718 1886 1831 1921 κτῆσιν·

1048 1931 1116 1958 ἀλλὰ
1135 1932 1158 1958 εἰ
1174 1932 1221 1958 καὶ
1239 1932 1276 1966 μὴ
1291 1931 1336 1958 διὰ
1357 1932 1406 1966 τῆς
1422 1932 1476 1958 τῶν
1494 1931 1644 1966 ἀνθρώπων
1660 1932 1714 1962 τοῖς
1735 1933 1832 1966 κτήνε-

1048 1986 1090 2004 σιν
1116 1977 1359 2012 ὲπικουρουμένους
1381 1977 1391 1992 ³
1411 1977 1524 2012 τροφῆς.
1544 1976 1647 2009 Ἐδειξε
1668 1976 1695 2002 δὲ
1717 1977 1731 2002 ὁ
1755 1976 1833 2009 ἅγιος

1054 2023 1212 2054 Ἀπόστολος
1232 2023 1261 2049 οὺ
1275 2023 1308 2049 δι’
1329 2023 1446 2058 ἀπορίαν
1462 2022 1566 2058 τροφῆς
1581 2023 1627 2049 τὸν
1643 2022 1708 2048 Θεὸν
1727 2022 1770 2048 διὰ
1784 2020 1831 2048 τοῦ

1050 2067 1164 2103 ἀλοητοῦ
1177 2068 1353 2103 ἐπιμέλεσθαι
1368 2068 1446 2103 βοῶν,
1459 2068 1486 2094 ἐν
1497 2068 1535 2103 τῷ
1547 2067 1779 2103 παρακελεύεσθαι
1794 2067 1832 2102 μὴ

1049 2113 1148 2148 ῳιμοῦν
1170 2114 1232 2145 τοὺς
1255 2113 1409 2146 τοιούτους-
1438 2113 1505 2140 ἀλλὰ
1529 2113 1573 2140 διὰ
1599 2113 1645 2139 τοῦ
1673 2112 1833 2147 αἰνίγματος

1050 2161 1114 2194 περὶ
1134 2158 1189 2185 τῶν
1210 2160 1366 2186 ἀποστόλων
1388 2159 1569 2195 σημαίνεσθαι
1584 2159 1633 2194 τὴν
1657 2158 1757 2194 σχέσιν.
1772 2158 1833 2185 Τῶν

1012 2219 1034 2247 ι)
1048 2205 1101 2241 γὰρ
1120 2205 1190 2232 κατὰ
1205 2205 1236 2232 τὸ
1249 2206 1270 2221 ¹⁰
1285 2206 1421 2241 αἰσθητῶν
1442 2206 1549 2233 πάντων
1569 2206 1684 2232 ποιεῖται
1706 2205 1754 2237 τὴν
1766 2203 1833 2239 πρό-

1049 2259 1133 2284 νοιαν,
1155 2252 1201 2277 καὶ
1215 2252 1314 2286 ὁμοίως
1332 2252 1408 2287 μέλει
1425 2252 1497 2287 αὐτῷ
1512 2252 1575 2286 περὶ
1590 2252 1705 2278 πάντων.
1722 2251 1760 2278 οὐ
1778 2250 1832 2286 γὰρ

1049 2296 1193 2328 ἀντιθέτως
1210 2298 1225 2323 ὁ
1244 2297 1402 2329 Ἀπόστολος
1425 2297 1493 2333 πρὸς
1515 2297 1560 2324 τὸν
1579 2297 1692 2332 Σωτῆρα
1703 2296 1832 2332 ἔγραφεν.

1050 2342 1094 2368 ἵνα
1108 2342 1194 2374 οὕτως
1210 2344 1431 2378 προφασίσωνται
1447 2344 1471 2369 οἱ
1490 2343 1590 2369 πολλοί.
1605 2343 1760 2378 Μικρότερα
1779 2342 1833 2377 γὰρ

1048 2387 1104 2414 τῶν
1119 2388 1187 2423 βοῶν
1201 2390 1234 2415 τὰ
1253 2389 1392 2424 στρουθία,
1409 2390 1477 2425 περὶ
1487 2386 1525 2416 ὧν
1536 2390 1549 2415 ὁ
1562 2389 1658 2424 Σωτὴρ
1677 2388 1780 2422 ἔλεγεν,
1792 2388 1832 2413 ὅτι

1049 2433 1142 2460 Πέντε
1166 2437 1310 2469 στρουθία
1336 2435 1475 2463 πωλεῖται
1505 2435 1661 2468 ἀσσαρίων
1687 2434 1758 2460 δύο·
1786 2433 1833 2460 καὶ

1051 2479 1149 2506 πάλιν
1175 2481 1248 2515 Οὐχὶ
1267 2481 1321 2508 δύο
1349 2482 1492 2515 στρουθιά
1516 2481 1656 2507 πωλεῖται
1682 2479 1833 2514 ἀσσαρίου

1050 2525 1133 2557 ἑνός;
1146 2526 1169 2541 ¹¹
1179 2527 1228 2552 καὶ
1247 2526 1282 2553 ἓν
1297 2527 1331 2559 ἐξ
1341 2527 1440 2554 αὐτῶν
1457 2517 1493 2554 οὗ
1512 2526 1654 2565 πεσεῖται,
1669 2526 1712 2557 εἰς
1725 2524 1834 2558 παγίδα

1051 2570 1124 2597 ἀνευ
1149 2572 1202 2598 τοῦ
1227 2573 1342 2607 Πατρός
1362 2572 1444 2608 ὑμῶν
1467 2573 1520 2600 τοῦ
1549 2573 1583 2599 ἑν
1607 2572 1669 2605 τοῖς
1683 2570 1832 2604 οὐρανοῖς.

1057 2615 1138 2650 Ὀμοῦ
1160 2617 1209 2652 μὲν
1226 2617 1335 2644 πάντων
1363 2620 1487 2653 προνοεῖ·
1506 2617 1559 2644 τῶν
1578 2617 1607 2644 δὲ
1629 2617 1758 2652 μειζόνων
1775 2615 1834 2640 ἐπι-

1052 2662 1192 2696 μελεῖται,
1218 2663 1289 2690 κατὰ
1313 2665 1342 2690 τὸ
1366 2664 1457 2699 μεῖζον
1480 2662 1549 2695 εἶδος
1573 2664 1624 2698 τῆς
1646 2661 1833 2697 πνευματικῆς

1050 2707 1218 2740 ἀκολουθίας.
1244 2710 1319 2736 Ὧστ¹
1344 2708 1390 2736 οὖν
1417 2711 1449 2736 ἐκ
1473 2709 1572 2741 παντὸς
1593 2708 1763 2744 ὁμολογεῖται
1787 2707 1832 2732 τὸν

1091 2783 1168 2812 ‘Job
1197 2788 1315 2817 'xxxvm,
1332 2787 1376 2813 Η.
1414 2787 1425 2802 ⁸
1443 2786 1515 2814 Psal.
1542 2794 1632 2818 cum,
1664 2785 1690 2812 9.
1729 2782 1828 2818 {Psal.

217 2814 375 2859 exciv,M15.
405 2814 423 2859 η’
435 2812 566 2856 μυίτηκιι,
644 2814 655 2859 ξ
670 2814 763 2859 bllatth.
782 2815 866 2848 x,29.
904 2817 953 2846 ’F.
969 2819 996 2845 ὲτ

1049 2820 1204 2855 υρουμένων
1224 2812 1275 2837 Ἶο
1292 2812 1322 2848 F'.
1337 2812 1422 2850 ᾄίάτω.
1443 2812 1557 2859 Ἧνίιις.
1575 2812 1650 2849 addit
1677 2820 1709 2846 Et
1725 2817 1830 2845 οὗνδύο

221 2848 346 2883 στρουθία
363 2848 490 2875 πωλεῖται
502 2848 632 2883 ἀσσαρίου
644 2849 702 2881 ἑνός
