1952 3045
111 130 170 158 785

470 129 655 158 ADVERSUS
674 128 844 157 HEIKESES
857 128 920 156 LIB.
942 128 962 155 Ι.
984 129 1066 158 ΤΟΜ.
1087 129 1131 157 Ill.
1149 145 1183 150 -—
1203 129 1339 157 HERES.
1361 129 1439 157 XLII.

1687 131 1736 158 786

108 190 198 217 αὑτὸν
219 189 343 225 ποιητὴν,
357 189 403 216 καὶ
423 189 598 225 δημιουργὸν,
617 189 664 216 καὶ
680 188 828 224 νομοθέτην
845 188 896 214 Πα-

951 186 1014 214 dam
1027 195 1092 215 cura
1107 193 1134 215 et
1149 189 1275 224 spiritali,
1297 196 1357 224 qua:
1373 189 1481 216 illorum
1497 192 1620 216 naturam
1637 196 1736 216 conse-

109 235 195 267 λαιᾶς
215 235 262 261 καὶ
287 235 391 270 Καινῆς
413 235 550 270 Διαθήκης
567 234 645 266 ὂντα,
669 234 735 261 Θεὸν
751 233 852 260 ἀγαθόν
872 241 901 259 τε

109 281 164 308 καὶ
177 281 281 308 δίκαιον
296 281 342 307 καὶ
357 281 410 307 τῶν
421 281 530 308 πάντων
544 280 656 316 Κύριον.

157 415 182 447 η’
198 411 244 438 καὶ
257 415 295 444 ις’
315 412 388 447 σχόλ.
404 413 452 447 Μὴ
466 413 525 440 τῶν
535 413 620 446 βοῶν
630 413 716 448 μέλει
733 413 772 446 τῷ
788 413 866 446 Qui);

150 507 176 538 η’
190 504 237 530 καὶ
252 507 289 536 ις’
305 504 394 538 ἕλεγχ.
406 504 473 539 Ἤδη
489 504 787 539 διαπεπραγμάτευται,
805 503 901 531 καὶδιὰ

112 549 235 581 πλάτους
259 551 426 585 ἡρμήνευται
452 551 480 576 ἐν
502 549 540 585 τῷ
567 550 619 585 πρὸ
641 549 722 576 αὐτοῦ
750 550 833 586 ῥητῷ.
857 551 902 578 Διὸ

112 596 243 631 περιττὸν
260 596 431 631 ἡγησάμενος
447 594 523 628 αὖθις
538 597 601 631 περὶ
615 595 696 622 αὐτοῦ
720 596 818 631 λέγειν,
850 598 901 632 ὴρο

111 641 216 677 κέσθην
231 643 286 673 τοῖς
301 641 516 676 προειρημένοις.

151 686 174 712 θ’
191 687 236 713 καὶ
252 686 283 719 ιζ’
295 687 367 722 σχόλ.
381 689 421 714 Ob
435 687 510 714 θέλω
519 687 573 722 γὰρ
587 687 665 721 ὑμᾶς
676 688 806 723 ἀγνοεῖν,
816 688 902 716 ἀδελ-

111 732 176 767 gol,
195 732 239 759 ὅτι
252 734 278 759 al
293 732 416 766 πατέρες
431 732 514 767 ὑμῶν
523 734 582 760 ὑπὸ
595 733 652 767 τὴν
666 734 797 768 νεφέλην
809 733 899 769 ἦσαν,

111 779 165 805 καὶ
182 778 293 810 πάντες
311 778 359 805 διὰ
372 777 426 812 τῆς
441 778 599 813 θαλάσσης
618 779 751 813 διῆλθον,
765 780 812 807 καὶ
827 780 901 807 πάν-

111 833 165 857 τες
189 824 221 850 τὸ
244 824 317 851 αὐτὸ
342 825 541 859 πνευματικὸν
568 825 681 860 ἔφαγον
708 825 825 860 βρῶμα,
851 826 900 853 καὶ

112 870 227 903 πάντες
239 870 271 896 τὸ
288 870 360 897 αὐτὸ
377 871 577 905 πνευματικὸν
594 872 679 898 ἔπιον
700 873 789 907 πόμα.
817 873 901 900 Ἔπι-

112 925 172 943 ι-ον
189 917 243 951 γὰρ
259 917 293 943 ἐκ
306 917 508 951 πνευματικῆς
528 918 756 952 ἀκολουθούσης
774 919 899 954 πέτρας·

112 963 133 993 7‘.
159 962 193 988 δὲ
213 962 305 996 πέτρα
330 961 369 997 ἦν
395 965 410 989 ὁ
436 965 570 997 Χριστός.
593 965 673 992 Ἀλλ’
693 967 750 992 οὐκ
777 965 812 992 ἐν
839 967 901 1000 τοῖς

111 1007 254 1034 πλείοσιν
269 1007 367 1034 αὐτῶν
382 1008 544 1042 ηὑδόκησε.
560 1010 653 1037 Ταῦτα
672 1011 705 1037 δὲ
721 1011 806 1038 τύποι
817 1011 901 1046 ἡμῶν

111 1053 311 1088 ἐγενήθησαν,
325 1054 368 1089 μὴ
389 1055 463 1088 πρὸς
479 1055 511 1082 τὸ
529 1054 604 1083 εἶναι
621 1057 700 1092 ἡμᾶς
719 1058 901 1093 ἐπιθυμητὰς

111 1099 230 1131 κακῶν,
257 1100 353 1133 καθὼς
381 1101 430 1127 καὶ
459 1102 565 1128 ἐκεῖνοι
587 1103 791 1138 ἐπεθύμησαν·
820 1104 900 1139 μηδὲ

112 1144 325 1179 εἰδωλολάτραι
346 1147 475 1180 γίνεσθε,
495 1147 590 1180 καθώς
615 1157 693 1181 τινες
721 1149 830 1182 αὐτῶν,
848 1159 900 1176 κα-

112 1190 172 1223 θὼς
194 1191 370 1225 τέκραπται·
398 1192 554 1219 Ἐκάθισεν
580 1195 596 1220 ό
624 1194 698 1227 λαὸς
725 1195 832 1229 φαγεῖν
850 1196 899 1223 καὶ

112 1238 203 1270 πιεῖν,
228 1238 278 1264 καὶ
292 1238 467 1271 ἀνέστησαν
483 1239 604 1269 παίζειν.
622 1240 705 1274 Μηδὲ
725 1241 899 1275 ἐκπειράζω-

109 1292 168 1318 μεν
181 1283 233 1310 τὸν
247 1285 375 1317 Χριστόν·
385 1292 391 1298 ”
410 1285 476 1311 ὅπου
496 1284 569 1319 λέγει
583 1294 590 1300 ·
605 1285 696 1312 ταῦτα
721 1286 754 1312 δὲ
769 1287 900 1320 τυπικῶς

112 1328 293 1356 συνέϐαινεν
316 1329 455 1379 ἐςείνοις·
480 1330 593 1365 ἐπράφη
616 1331 650 1358 δὲ
675 1332 763 1366 ἡμῖν,
791 1333 838 1360 καὶ
865 1334 901 1361 τὰ

112 1375 187 1410 ἑξῆς.

149 1422 170 1448 0'
193 1422 240 1448 καὶ
267 1421 299 1454 ιζ’
323 1422 412 1457 ἕλε-(χ.
433 1423 465 1448 Ὢ
483 1422 583 1458 πολλῆς
605 1424 832 1459 φρενοϐλαϐείαςι
851 1426 898 1458 Τίς

113 1467 183 1502 ἔχων
214 1467 379 1503 ὀφθαλμοὺς,
401 1468 475 1503 ἡλίου
496 1469 697 1501 ἀνατέλλοντος,
727 1470 822 1497 ἑαυτὸν
843 1471 897 1498 ἀπὸ

953 233 1056 267 quitur,
1070 233 1252 261 administrat.
1268 233 1491 262 Concludendum
1503 234 1585 269 igitur
1597 238 1649 266 est,
1662 241 1738 261 eum-

952 279 1013 306 dem
1030 278 1210 310 conditorem,
1232 283 1259 306 et
1277 280 1412 314 opiﬁcem,
1430 288 1462 307 ac
1476 280 1658 315 lcgislatorem
1675 288 1737 308 esse

956 324 1060 352 Veteris
1078 332 1109 352 ac
1123 325 1189 352 Novi
1205 325 1371 353 Testamenti
1382 347 1389 358 ,
1404 326 1487 353 Deum
1496 326 1619 359 bonum,
1641 330 1668 355 et
1687 327 1734 362 ju-

952 376 1035 402 stum.
1052 372 1295 406 universorumque
1312 371 1466 399 Dominum.

989 417 1082 444 Schol.
1111 417 1127 444 8
1152 423 1180 445 et
1212 417 1255 444 16.
1278 416 1405 452 Nunquid
1433 416 1465 444 de
1501 417 1582 445 bobus
1609 426 1673 445 cura
1699 422 1739 446 est

957 462 1013 490 Deo
1029 463 1048 489 '.

988 508 1083 535 ReI'ut.
1097 508 1114 535 8
1127 512 1154 535 et
1171 508 1214 535 16.
1241 507 1357 535 Abunde
1382 511 1516 535 tractatus
1532 507 1576 535 hic
1591 508 1669 535 locus
1685 512 1737 539 est,

952 558 979 582 et
999 555 1026 581 in
1043 555 1177 590 superiori
1205 555 1294 589 capite
1318 562 1333 581 a
1357 554 1436 581 nobis
1451 554 1603 588 expositus.
1621 554 1738 588 ideoque

953 607 1187 634 supervacaneum
1204 599 1255 626 rati
1270 599 1363 627 eadem
1380 600 1471 626 denuo
1483 604 1615 635 repetere,
1631 600 1665 627 iis
1678 607 1738 634 qua:

952 644 1023 672 dicta
1039 648 1102 671 sunt.
1117 644 1236 672 contenti
1253 652 1313 672 esse
1328 645 1469 673 debemus.

988 689 1080 716 Schol.
1097 690 1114 718 9
1128 693 1155 717 et
1169 690 1213 716 17.
1238 689 1309 717 Nolo
1333 691 1401 717 enim
1414 699 1458 718 vos
1475 692 1608 726 ignorare,
1628 691 1735 725 fratres,

951 735 1074 770 quoniam
1098 740 1186 769 patres
1210 736 1295 762 nostri
1315 735 1362 762 sub
1386 736 1452 763 nube
1472 736 1588 771 fuerunt,
1605 742 1630 763 et
1645 745 1734 764 omnes

951 789 1023 807 mare
1035 781 1208 813 transierunt,
1219 786 1244 808 et
1257 789 1344 808 omnes
1357 781 1475 808 eamdem
1487 790 1574 809 escam
1589 782 1737 817 spiritalem

952 827 1194 858 manducaverunt.
1224 832 1249 854 et
1277 835 1364 854 omnes
1392 828 1511 855 eumdem
1533 834 1624 863 potum
1660 828 1738 863 spiri-

951 872 1031 898 talem
1054 871 1184 899 biberunt.
1219 872 1346 899 Bibebant
1366 873 1435 900 enim
1461 877 1492 900 ae
1510 874 1626 908 spiritali
1647 882 1738 900 conse-

950 922 1041 953 quente
1055 926 1098 944 eos
1113 923 1207 951 petra;
1228 923 1304 952 petra
1327 923 1415 945 autem
1440 924 1499 945 erat
1522 918 1652 946 Christus.
1679 918 1732 945 Sed

951 970 1001 988 non
1016 963 1043 989 in
1058 962 1178 996 pluribus
1200 971 1288 989 eorum
1309 963 1499 997 beneplacitum
1519 967 1558 990 est
1580 962 1645 990 Deo.
1669 962 1732 990 Illac

951 1013 1038 1036 autem
1052 1010 1078 1036 in
1090 1010 1176 1045 ﬁgura
1192 1010 1264 1045 facta
1282 1015 1343 1037 sunt
1364 1011 1460 1042 nostri,
1475 1015 1504 1037 ut
1517 1019 1568 1037 non
1579 1011 1662 1038 simus
1674 1020 1733 1038 con-

951 1056 1110 1089 cupiscentes
1127 1056 1268 1088 malorum,
1292 1058 1360 1084 sicut
1380 1057 1421 1084 illi
1443 1057 1569 1091 fuerunt;
1586 1058 1735 1092 naqueido-

951 1101 1037 1128 larunt
1066 1102 1178 1129 cultores
1204 1102 1363 1136 e/ﬁciamini,
1382 1103 1451 1129 sicut
1473 1103 1580 1137 quidam
1604 1111 1635 1129 ea:
1656 1103 1730 1137 ipsis,

950 1147 1168 1183 quemadmodum
1183 1150 1307 1182 scriptum
1320 1154 1378 1176 est:
1398 1149 1472 1176 Sedit
1493 1149 1604 1184 populus
1625 1149 1734 1176 mandu-

950 1201 1009 1220 care
1035 1197 1060 1219 et
1074 1193 1170 1225 bibere,
1185 1197 1210 1220 et
1224 1199 1395 1220 surrezerunt
1414 1193 1512 1221 ludere.
1537 1193 1628 1229 Neque
1650 1199 1729 1221 tente-

949 1247 1007 1265 mus
1031 1238 1176 1270 Christum,
1204 1247 1290 1274 uSque
1315 1240 1348 1266 ad
1372 1240 1418 1266 illa
1439 1241 1521 1267 verba
1536 1250 1543 1267 :
1558 1240 1622 1268 litae
1641 1245 1728 1268 autent

951 1283 1039 1310 omnia
1056 1284 1084 1310 in
1098 1284 1185 1318 figura
1201 1284 1384 1319 contingebant
1400 1284 1466 1318 illis,
1486 1286 1586 1319 scripta
1602 1291 1662 1312 sunt
1680 1295 1729 1313 au-

950 1334 1001 1355 tem
1017 1328 1091 1356 nobis
1108 1329 1130 1362 ’,
1143 1335 1196 1357 etc.

983 1418 1073 1447 Κεῖαι.
1099 1420 1116 1447 9
1131 1423 1158 1447 et
1189 1420 1232 1447 17.
1255 1419 1437 1448 Oinauditam
1469 1421 1630 1448 amentiam!
1652 1421 1731 1454 Quis.

949 1465 1054 1492 oriente
1078 1466 1145 1497 sole,
1161 1466 1184 1493 si
1198 1465 1278 1493 tnodo
1297 1467 1392 1494 oculos
1413 1467 1521 1498 habeat,
1538 1474 1553 1493 a
1570 1467 1630 1494 luce
1647 1467 1731 1502 possit

112 1513 159 1540 τοῦ
176 1514 263 1547 φωτὸς
280 1514 426 1550 πλανήσει;
449 1515 480 1540 Εἰ
495 1515 548 1551 γὰρ
569 1515 689 1551 πατέρας
713 1515 810 1542 ἑαυτοῦ
834 1517 896 1548 τοὺς

950 1512 1095 1539 aberrare?
1114 1511 1183 1539 Num
1200 1513 1222 1539 si
1238 1516 1330 1547 patres
1347 1520 1412 1540 suos
1426 1516 1532 1540 veteres
1544 1511 1605 1539 illos
1619 1512 1728 1547 Aposto-

111 1559 170 1585 τότε
191 1559 265 1593 λέγει
289 1560 303 1585 ὁ
329 1560 405 1594 ἆγιος
437 1561 606 1594 ’Λπόστολος,
626 1563 672 1588 καὶ
696 1562 748 1589 ὑπὸ
773 1563 896 1598 νεφέλης,

112 1605 159 1632 καὶ
182 1606 226 1632 διὰ
257 1606 392 1642 θαλάσσης
417 1606 616 1642 διεληλυθέναι,
643 1609 689 1635 καὶ
716 1609 897 1644 πνευματικὸν

113 1652 210 1688 βρῶμα
226 1654 273 1679 καὶ
294 1654 369 1688 πόμα
385 1652 465 1687 εἶναι,
484 1655 648 1690 βεϐρωκέναι
675 1655 702 1681 δὲ
727 1657 773 1683 καὶ
802 1666 897 1683 πεπω-

111 1698 187 1725 κέναι
201 1700 232 1725 ἐκ
247 1700 433 1734 πνευματικῆς
443 1701 642 1736 ἀκολουθούσης
655 1701 767 1738 πέτρας,
779 1703 896 1738 Χριστὸν

111 1745 138 1770 δὲ
153 1743 221 1771 εἶναι
242 1744 291 1780 τὴν
310 1745 412 1780 πέτραν
433 1746 548 1780 φάσκεν
570 1748 612 1779 τίς
627 1748 803 1784 πεισθήσεται
817 1749 895 1784 Μαρ-

111 1791 207 1822 κίωνος
223 1793 255 1826 τῇ
275 1792 398 1827 ἀπονοίᾳ,
414 1792 459 1818 τοῦ
482 1792 649 1825 σκοτίζοντος
664 1794 760 1820 ἑαυτοῦ
774 1795 819 1822 τὸν
835 1795 896 1822 νοῦν

111 1837 157 1864 καὶ
181 1837 235 1863 τῶν
261 1837 412 1864 ἀκουόντων
436 1839 529 1871 αὐτοῦ,
550 1840 687 1875 ἀλλότριον
709 1841 825 1875 φάσκειν
849 1841 895 1867 τὸν

110 1883 226 1917 Χριοτὸν
241 1882 294 1908 τῶν
311 1884 340 1909 ἐν
356 1883 429 1918 νόμῳ
443 1882 605 1918 γενομένων,
624 1885 845 1921 ὁμολογουμένων
866 1885 895 1912 δὲ

111 1927 184 1964 παρὰ
207 1927 253 1953 τοῦ
279 1928 438 1955 Ἀποστόλου
453 1929 481 1955 ὲν
495 1929 618 1966 ἀληθείᾳ,
633 1930 679 1957 καὶ
703 1931 753 1957 οὐκ
774 1932 802 1957 ἐν
816 1931 895 1966 δοκή-

112 1980 168 2004 σει;
193 1972 293 1998 Φάσκει
314 1972 342 1998 δὲ
362 1974 376 1999 ὁ
399 1972 476 2007 ἆγιος
507 1974 677 2006 Ἀπὸστολος,
706 1974 749 2009 μὴ
776 1975 810 2002 ἐν
832 1975 894 2009 τοῖς

111 2018 263 2051 πλείστοις
279 2019 332 2045 τὸν
355 2019 482 2052 Χριστὸν
500 2019 709 2054 ηὐδοκηκέναι,
725 2022 833 2054 πάντως
849 2021 893 2050 διὰ

111 2065 266 2100 παράνομον
281 2065 380 2101 πρᾶξιν
395 2066 449 2093 τῶν
470 2067 569 2094 αὐτῶν.
591 2068 621 2094 Εἰ
636 2068 664 2094 δὲ
681 2068 730 2094 οὐκ
744 2068 893 2104 ηὐδόκησεν

110 2111 138 2137 ὲν
150 2112 206 2141 τοῖς
216 2112 285 2138 κατὰ
300 2112 344 2139 τὸν
357 2113 438 2147 νόμον
450 2114 595 2150 παράνομα
611 2115 815 2150 ἐργασαμένοις,
839 2116 892 2151 ἄρα

111 2157 257 2190 ἀγανακτεί
276 2158 344 2193 πρὸς
356 2160 419 2191 τοὺς
432 2159 578 2192 τοιούτους,
594 2160 632 2192 ὡς
645 2160 727 2188 αὑτοῦ
746 2160 892 2194 δεδωκότος

110 2201 154 2228 τὸν
169 2203 260 2239 νόμον,
276 2205 324 2231 καὶ
337 2205 456 2232 διδάσκει
474 2206 569 2232 ἑαυτοῦ
586 2208 630 2233 τὸν
646 2207 726 2242 νόμον
749 2209 891 2244 ὑπάρχειν,

111 2251 195 2288 καιρῷ
217 2251 327 2280 δοθέντα
350 2253 397 2279 καὶ
419 2250 529 2284 δικαίως
552 2253 803 2290 ὲξυπηρετηθέντα,
829 2255 892 2290 ἄχρι

110 2298 158 2333 τῆς
183 2298 314 2332 ὲνσάρκου
337 2297 417 2324 αὑτοῦ
440 2299 599 2334 παρουσίας.
617 2300 725 2335 Πρέπον
745 2300 800 2335 γάρ
819 2301 891 2327 ἐστιν

110 2345 281 2380 οἰκοδεσπότῃ
304 2344 364 2370 καθ’
380 2345 493 2371 ἕκαστον
516 2345 609 2380 καιρὸν
624 2346 759 2381 ἁρμοδίως
780 2347 891 2374 ἐπιτάσ-

111 2399 165 2416 σειν
187 2392 242 2419 τοῖς
264 2390 360 2416 ἑαυτοῦ
382 2391 500 2421 οἰκέταις
524 2391 558 2417 τὰ
580 2391 726 2427 πρέποντα.
753 2393 841 2424 Εὐθὺς
862 2393 890 2420 δὲ

111 2436 241 2471 ἐπιφέρει,
255 2435 358 2470 λέγων’
378 2436 473 2463 Ταῦτα
490 2436 523 2462 δὲ
538 2437 624 2464 τύποι
644 2437 729 2471 ἡμῶν
751 2439 890 2473 ἐγενήθη-

110 2489 176 2511 σαν,
193 2481 267 2515 πρὸς
280 2481 313 2508 τὸ
325 2481 368 2516 μὴ
386 2479 461 2508 εἶναι
477 2481 555 2516 ἡμᾶς
577 2483 759 2517 ἐπιθυμητὰς
779 2484 888 2517 κακῶν,

111 2526 204 2559 καθὼς
218 2526 348 2553 κάκεῖνοι
363 2526 557 2560 ἐπεθύμησαν
571 2534 578 2541 '
591 2527 668 2561 μηδὲ
682 2527 891 2562 εἰδωλολάτραι

111 2572 238 2606 γίνεσθε,
261 2571 357 2604 καθώς
373 2579 449 2603 τινες
467 2571 581 2598 αὐτῶν·
606 2572 665 2607 οὐχὶ
688 2572 759 2599 κατὰ
782 2573 890 2600 πάντων

110 2617 155 2653 τὴν
166 2617 255 2652 ψῆφον
273 2617 388 2650 διεξιών.
403 2618 457 2644 Καὶ
474 2618 555 2644 πόθεν
570 2616 643 2650 οἶδας
655 2619 750 2651 ταῦτα,
770 2617 792 2647 ὦ
813 2621 892 2648 ’Δτιό-

112 2663 201 2697 στολε;
218 2663 369 2699 Ἐπιφέρει,
398 2664 445 2696 Ὠς
463 2664 632 2698 τέτραπται,
653 2663 757 2701 φήσάς’
778 2667 890 2695 Ἐκάθι-

111 2717 164 2737 σεν
179 2711 196 2736 ό
218 2709 293 2742 λαός
319 2709 424 2744 φαγεῖν
450 2710 498 2736 καὶ
523 2710 616 2742 πιεῖν,
641 2711 690 2738 καὶ
715 2711 890 2747 ἀνέστησαν

110 2755 228 2786 παίζειν.

147 2854 178 2882 'l
195 2854 258 2883 Cor.
276 2864 315 2887 nt.
327 2855 354 2883 9.
393 2857 402 2873 '
420 2856 506 2885 lCor.
523 2865 550 2892 ι,
572 2857 584 2885 1
604 2865 680 2894 sqq;
695 2858 781 2887 Exod.
801 2869 885 2896 xxxn,
901 2862 927 2889 (3.

948 1558 991 1585 lus
1004 1559 1137 1592 nominat,
1149 1562 1177 1585 et
1190 1558 1242 1586 sub
1253 1559 1325 1586 nube
1337 1557 1432 1591 fuisse,
1449 1566 1481 1585 ac
1499 1565 1573 1585 mare
1587 1558 1730 1586 transiisse

948 1605 1092 1639 praedicat;
1115 1605 1138 1632 si
1155 1605 1310 1640 spiritalem
1330 1612 1420 1632 escam
1447 1609 1474 1632 et
1500 1609 1592 1640 potum
1613 1612 1726 1632 comme-

947 1655 1039 1678 morat
1055 1660 1061 1678 :
1080 1652 1198 1685 itemque
1215 1651 1396 1678 manducasse
1409 1658 1441 1678 ac
1455 1651 1557 1679 bibisse
1569 1651 1602 1678 de
1614 1651 1730 1686 spiritali

946 1701 1131 1730 consequente
1153 1696 1215 1724 illos
1235 1701 1322 1731 petra,
1340 1704 1456 1731 eamque
1469 1700 1574 1731 petram
1588 1696 1730 1724 Christum

946 1751 1007 1770 esse
1019 1743 1129 1775 scribit;
1143 1742 1204 1777 quis
1217 1741 1361 1770 Marcionis
1373 1742 1485 1770 insaniae
1495 1742 1573 1770 ﬁdem
1586 1743 1728 1770 adhibeat:

946 1788 992 1823 qui
1018 1796 1096 1816 suam
1123 1796 1155 1815 ac
1179 1792 1345 1816 sectatorum
1374 1795 1487 1815 suorum
1511 1792 1628 1815 mentem
1647 1789 1729 1816 tanlis

946 1833 1066 1860 tenebris
1092 1833 1225 1868 implicat,
1252 1838 1280 1860 ut
1298 1832 1438 1860 Christum
1456 1833 1489 1860 ab
1503 1833 1537 1860 iis
1563 1834 1610 1868 qui
1629 1833 1655 1860 in
1672 1835 1729 1869 lege

945 1880 1046 1907 versati
1071 1883 1135 1907 sunt
1159 1880 1315 1907 abalienare
1333 1880 1480 1907 contendat
1497 1889 1504 1907 :
1522 1888 1592 1915 quos
1618 1879 1726 1915 quidem

944 1925 1090 1962 Apostolus
1114 1934 1218 1960 revera,
1241 1935 1295 1954 non
1321 1926 1382 1954 ﬂeta
1404 1926 1522 1961 quadam
1542 1926 1642 1961 specie,
1653 1934 1727 1953 com-

944 1972 1100 2000 mendavit?
1117 1972 1193 2005 Quod
1218 1976 1309 2000 autem
1333 1973 1361 1999 in
1381 1973 1512 2007 plerisque
1533 1972 1629 2000 scribit
1655 1972 1726 2000 idem

944 2026 995 2045 non
1012 2018 1094 2053 fuisse
1107 2019 1235 2052 placitum
1247 2018 1363 2050 Christo.
1381 2018 1460 2053 plane
1477 2018 1559 2053 358
1572 2018 1604 2045 ad
1619 2018 1725 2045 illorutn

943 2064 1048 2091 scelera
1065 2064 1201 2099 pertinere
1217 2064 1368 2098 putandum
1383 2067 1436 2092 est.
1448 2063 1508 2091 Jam
1524 2071 1587 2091 vero
1602 2065 1624 2091 si
1651 2065 1678 2091 in
1692 2065 1726 2091 iis

943 2110 989 2144 qui
1005 2110 1031 2136 in
1054 2110 1111 2145 lege
1129 2110 1261 2137 scelerate
1280 2118 1310 2137 se
1327 2115 1471 2145 gesserunt
1500 2118 1670 2146 nequaquam
1687 2112 1724 2138 illi

944 2157 1072 2191 placitum
1088 2160 1140 2189 est,
1159 2156 1220 2183 ideo
1233 2156 1287 2183 illis
1299 2156 1488 2183 succensuerit
1510 2161 1628 2192 Oportet,
1653 2158 1724 2192 quod

908 2191 1031 2237 l)legem
1071 2203 1129 2236 ipse
1161 2203 1276 2235 tulerit;
1304 2209 1385 2237 quam
1417 2203 1530 2229 omnino
1563 2210 1640 2230 suam
1665 2211 1724 2231 esse

945 2247 1099 2278 conﬁrmat,
1132 2255 1192 2282 quae
1214 2255 1264 2283 pro
1288 2247 1420 2282 temporis
1438 2248 1640 2282 opportunitate
1661 2255 1719 2275 cou~

941 2301 1031 2326 cessa,
1054 2293 1148 2320 tandiu
1171 2293 1339 2320 iunctionem
1354 2300 1431 2321 suam
1450 2297 1492 2320 est
1509 2293 1724 2320 administratio—

943 2346 1061 2374 nemque
1078 2339 1187 2370 sortita,
1203 2338 1290 2366 donec
1304 2339 1348 2366 ille
1365 2345 1448 2366 carne
1460 2339 1590 2373 praeditus
1606 2339 1724 2366 advenit.

945 2385 1013 2412 Nam
1051 2389 1077 2412 et
1101 2385 1297 2420 paterfamilias
1329 2385 1415 2412 servis
1446 2385 1505 2412 suis
1543 2389 1724 2412 consentanea

942 2434 1041 2468 cuique
1057 2433 1172 2468 tempori
1191 2432 1273 2460 debet
1295 2433 1422 2460 mandata
1444 2433 1633 2468 praescribere.
1655 2432 1721 2460 Sub.

942 2479 1005 2506 inde
1017 2486 1081 2506 vero
1095 2479 1146 2506 ista
1162 2479 1315 2506 subtexuit:
1328 2478 1389 2505 Iiwc
1405 2483 1492 2505 autent
1504 2479 1532 2504 in
1545 2478 1631 2513 ﬁgura
1642 2484 1724 2504 nostr’

942 2526 1130 2560 contigerunt,
1158 2533 1189 2551 ne
1223 2525 1306 2552 simus
1341 2525 1551 2558 concupiscentes
1576 2525 1722 2555 malorum,

942 2571 1008 2598 sicut
1025 2572 1065 2598 illi
1080 2572 1284 2605 concupierunt;
1302 2579 1382 2606 neque
1398 2571 1529 2598 idolorum
1543 2570 1655 2597 cultores
1672 2571 1716 2604 e/fi.

943 2618 1061 2649 cinmiui,
1088 2618 1156 2644 sicut
1177 2617 1286 2652 quidam
1305 2625 1337 2644 ea:
1355 2617 1429 2651 ipxit.
1447 2616 1476 2643 In
1492 2624 1546 2652 quo
1561 2624 1613 2644 non
1630 2624 1720 2642 omnes

944 2663 1077 2690 sententia
1092 2671 1140 2690 sua
1156 2663 1356 2690 condemnavit.
1370 2662 1423 2690 Sed
1437 2663 1582 2694 undenam,
1599 2662 1712 2689 obsecro

943 2709 1010 2741 hac,
1037 2708 1175 2744 Apostole,
1204 2708 1295 2736 nosti?
1315 2707 1389 2735 Sicut
1404 2709 1529 2742 scriptum
1549 2713 1598 2739 est,
1615 2707 1719 2741 inquit-

943 2755 1017 2784 Sedit
1031 2755 1142 2791 populus
1158 2754 1318 2783 manducare
1336 2760 1361 2783 et
1382 2755 1477 2790 bibere,
1503 2760 1528 2782 et
1550 2762 1718 2783 surrexerun'

944 2804 1042 2831 ludere.
