  <div class='ocr_page' id='page_1' title='image "/cluster/home/n/w/nwhite01/storage/ocr_20150623/41/njp.32101007805813/419.png"; bbox 0 0 1952 3045; ppageno 0'>
   <div class='ocr_carea' id='block_1_1' title="bbox 210 128 261 156">
    <p class='ocr_par' dir='ltr' id='par_1_1' title="bbox 210 128 261 156">
     <span class='ocr_line' id='line_1_1' title="bbox 210 128 261 156; baseline -0.02 0"><span class='ocrx_word' id='word_1_1' title='bbox 210 128 261 156; x_wconf 88' lang='lat'><strong>787</strong></span> 
     </span>
    </p>
   </div>
   <div class='ocr_carea' id='block_1_2' title="bbox 245 187 1038 223">
    <p class='ocr_par' dir='ltr' id='par_1_2' title="bbox 245 187 1038 223">
     <span class='ocr_line' id='line_1_2' title="bbox 245 187 1038 223; baseline 0.003 -9"><span class='ocrx_word' id='word_1_2' title='bbox 245 187 315 216; x_wconf 85' lang='lat' dir='ltr'><strong>\‘era</strong></span> <span class='ocrx_word' id='word_1_3' title='bbox 329 191 370 216; x_wconf 90' lang='lat' dir='ltr'><strong>est</strong></span> <span class='ocrx_word' id='word_1_4' title='bbox 386 187 478 223; x_wconf 89' lang='lat' dir='ltr'><strong>itaque</strong></span> <span class='ocrx_word' id='word_1_5' title='bbox 494 187 647 223; x_wconf 73' lang='lat' dir='ltr'><strong>Scriptura,</strong></span> <span class='ocrx_word' id='word_1_6' title='bbox 666 187 700 215; x_wconf 88' lang='lat' dir='ltr'><strong>de</strong></span> <span class='ocrx_word' id='word_1_7' title='bbox 715 195 769 223; x_wconf 86' lang='lat' dir='ltr'><strong>qua</strong></span> <span class='ocrx_word' id='word_1_8' title='bbox 783 187 816 214; x_wconf 86' lang='lat' dir='ltr'><strong>ad</strong></span> <span class='ocrx_word' id='word_1_9' title='bbox 832 187 998 214; x_wconf 83' lang='lat' dir='ltr'><strong>convincen-</strong></span> <span class='ocrx_word' id='word_1_10' title='bbox 1014 189 1038 216; x_wconf 79' lang='grc' dir='ltr'>Α</span> 
     </span>
    </p>
   </div>
   <div class='ocr_carea' id='block_1_3' title="bbox 208 233 1003 270">
    <p class='ocr_par' dir='ltr' id='par_1_3' title="bbox 208 233 1003 270">
     <span class='ocr_line' id='line_1_3' title="bbox 208 233 1003 270; baseline -0.003 -8"><span class='ocrx_word' id='word_1_11' title='bbox 208 234 259 262; x_wconf 90' lang='lat' dir='ltr'><strong>dos</strong></span> <span class='ocrx_word' id='word_1_12' title='bbox 288 234 427 270; x_wconf 87' lang='lat' dir='ltr'><strong>improbos</strong></span> <span class='ocrx_word' id='word_1_13' title='bbox 454 233 555 262; x_wconf 84' lang='lat' dir='ltr'><strong>Paulus</strong></span> <span class='ocrx_word' id='word_1_14' title='bbox 581 239 740 269; x_wconf 80' lang='lat' dir='ltr'><strong>argumenta</strong></span> <span class='ocrx_word' id='word_1_15' title='bbox 765 234 877 269; x_wconf 80' lang='lat' dir='ltr'><strong>colligit.</strong></span> <span class='ocrx_word' id='word_1_16' title='bbox 902 233 1003 261; x_wconf 84' lang='lat' dir='ltr'><strong>Deinde</strong></span> 
     </span>
    </p>
   </div>
   <div class='ocr_carea' id='block_1_4' title="bbox 209 279 1004 315">
    <p class='ocr_par' dir='ltr' id='par_1_4' title="bbox 209 279 1004 315">
     <span class='ocr_line' id='line_1_4' title="bbox 209 279 1004 315; baseline -0.001 -7"><span class='ocrx_word' id='word_1_17' title='bbox 209 288 306 308; x_wconf 87' lang='lat' dir='ltr'><strong>rursus</strong></span> <span class='ocrx_word' id='word_1_18' title='bbox 321 289 327 307; x_wconf 91' lang='lat'>:</span> <span class='ocrx_word' id='word_1_19' title='bbox 344 279 435 315; x_wconf 81' lang='lat' dir='ltr'><strong>Neque</strong></span> <span class='ocrx_word' id='word_1_20' title='bbox 449 284 579 307; x_wconf 73' lang='lat' dir='ltr'><strong>tentemu:</strong></span> <span class='ocrx_word' id='word_1_21' title='bbox 591 280 745 307; x_wconf 84' lang='lat' dir='ltr'><strong>Dominum.</strong></span> <span class='ocrx_word' id='word_1_22' title='bbox 762 279 864 307; x_wconf 87' lang='lat' dir='ltr'><strong>Marcio</strong></span> <span class='ocrx_word' id='word_1_23' title='bbox 879 287 944 307; x_wconf 84' lang='lat' dir='ltr'><strong>vero</strong></span> <span class='ocrx_word' id='word_1_24' title='bbox 954 287 1004 314; x_wconf 88' lang='lat' dir='ltr'><strong>pro</strong></span> 
     </span>
    </p>
   </div>
   <div class='ocr_carea' id='block_1_5' title="bbox 208 325 1004 360">
    <p class='ocr_par' dir='ltr' id='par_1_5' title="bbox 208 325 1004 360">
     <span class='ocr_line' id='line_1_5' title="bbox 208 325 1004 360; baseline -0.001 -7"><span class='ocrx_word' id='word_1_25' title='bbox 208 326 324 353; x_wconf 87' lang='lat' dir='ltr'><strong>Domino</strong></span> <span class='ocrx_word' id='word_1_26' title='bbox 346 326 486 354; x_wconf 91' lang='lat' dir='ltr'><strong>Christum</strong></span> <span class='ocrx_word' id='word_1_27' title='bbox 512 326 665 353; x_wconf 89' lang='lat' dir='ltr'><strong>substituit.</strong></span> <span class='ocrx_word' id='word_1_28' title='bbox 696 325 750 353; x_wconf 86' lang='lat' dir='ltr'><strong>Sed</strong></span> <span class='ocrx_word' id='word_1_29' title='bbox 774 325 845 353; x_wconf 88' lang='lat' dir='ltr'><strong>idem</strong></span> <span class='ocrx_word' id='word_1_30' title='bbox 864 330 907 354; x_wconf 89' lang='lat' dir='ltr'><strong>est</strong></span> <span class='ocrx_word' id='word_1_31' title='bbox 922 326 1004 360; x_wconf 84' lang='lat' dir='ltr'><strong>plane</strong></span> 
     </span>
    </p>
   </div>
   <div class='ocr_carea' id='block_1_6' title="bbox 208 370 1002 402">
    <p class='ocr_par' dir='ltr' id='par_1_6' title="bbox 208 370 1002 402">
     <span class='ocr_line' id='line_1_6' title="bbox 208 370 1002 402; baseline 0 -4"><span class='ocrx_word' id='word_1_32' title='bbox 208 371 337 398; x_wconf 83' lang='lat' dir='ltr'><strong>Christus</strong></span> <span class='ocrx_word' id='word_1_33' title='bbox 359 379 391 398; x_wconf 85' lang='lat' dir='ltr'><strong>ac</strong></span> <span class='ocrx_word' id='word_1_34' title='bbox 416 370 558 402; x_wconf 85' lang='lat' dir='ltr'><strong>Dominus.</strong></span> <span class='ocrx_word' id='word_1_35' title='bbox 585 372 637 399; x_wconf 86' lang='lat' dir='ltr'><strong>etsi</strong></span> <span class='ocrx_word' id='word_1_36' title='bbox 666 370 798 398; x_wconf 86' lang='lat' dir='ltr'><strong>Marcioni</strong></span> <span class='ocrx_word' id='word_1_37' title='bbox 819 371 898 398; x_wconf 85' lang='lat' dir='ltr'><strong>aliter</strong></span> <span class='ocrx_word' id='word_1_38' title='bbox 912 371 1002 398; x_wconf 92' lang='lat' dir='ltr'><strong>visum</strong></span> 
     </span>
    </p>
   </div>
   <div class='ocr_carea' id='block_1_7' title="bbox 208 417 1000 452">
    <p class='ocr_par' dir='ltr' id='par_1_7' title="bbox 208 417 1000 452">
     <span class='ocr_line' id='line_1_7' title="bbox 208 417 1000 452; baseline -0.001 -8"><span class='ocrx_word' id='word_1_39' title='bbox 208 418 254 449; x_wconf 84' lang='lat' dir='ltr'><strong>sit,</strong></span> <span class='ocrx_word' id='word_1_40' title='bbox 268 425 329 444; x_wconf 90' lang='lat' dir='ltr'><strong>cum</strong></span> <span class='ocrx_word' id='word_1_41' title='bbox 343 417 444 444; x_wconf 85' lang='lat' dir='ltr'><strong>Christi</strong></span> <span class='ocrx_word' id='word_1_42' title='bbox 459 418 604 452; x_wconf 79' lang='lat' dir='ltr'><strong>appellatio</strong></span> <span class='ocrx_word' id='word_1_43' title='bbox 618 417 742 452; x_wconf 86' lang='lat' dir='ltr'><strong>subjecta</strong></span> <span class='ocrx_word' id='word_1_44' title='bbox 756 418 791 445; x_wconf 87' lang='lat' dir='ltr'><strong>sit</strong></span> <span class='ocrx_word' id='word_1_45' title='bbox 805 418 831 444; x_wconf 88' lang='lat' dir='ltr'><strong>in</strong></span> <span class='ocrx_word' id='word_1_46' title='bbox 846 418 880 445; x_wconf 92' lang='lat' dir='ltr'><strong>iis</strong></span> <span class='ocrx_word' id='word_1_47' title='bbox 895 417 1000 444; x_wconf 81' lang='lat' dir='ltr'><strong>verbis:</strong></span> 
     </span>
    </p>
   </div>
   <div class='ocr_carea' id='block_1_8' title="bbox 209 462 1003 497">
    <p class='ocr_par' dir='ltr' id='par_1_8' title="bbox 209 462 1003 497">
     <span class='ocr_line' id='line_1_8' title="bbox 209 462 1003 497; baseline 0.001 -8"><span class='ocrx_word' id='word_1_48' title='bbox 209 462 291 490; x_wconf 79' lang='lat' dir='ltr'><strong>Petra</strong></span> <span class='ocrx_word' id='word_1_49' title='bbox 317 467 405 489; x_wconf 82' lang='lat' dir='ltr'><strong>autent</strong></span> <span class='ocrx_word' id='word_1_50' title='bbox 430 467 487 489; x_wconf 89' lang='lat' dir='ltr'><strong>erat</strong></span> <span class='ocrx_word' id='word_1_51' title='bbox 512 463 650 495; x_wconf 72' lang='lat' dir='ltr'><strong>Christus;</strong></span> <span class='ocrx_word' id='word_1_52' title='bbox 685 468 724 494; x_wconf 89' lang='lat' dir='ltr'><strong>et,</strong></span> <span class='ocrx_word' id='word_1_53' title='bbox 748 471 800 490; x_wconf 83' lang='lat' dir='ltr'><strong>non</strong></span> <span class='ocrx_word' id='word_1_54' title='bbox 823 463 851 490; x_wconf 80' lang='lat' dir='ltr'><strong>in</strong></span> <span class='ocrx_word' id='word_1_55' title='bbox 872 463 1003 497; x_wconf 72' lang='lat' dir='ltr'><strong>plerisque</strong></span> 
     </span>
    </p>
   </div>
   <div class='ocr_carea' id='block_1_9' title="bbox 208 505 1002 542">
    <p class='ocr_par' dir='ltr' id='par_1_9' title="bbox 208 505 1002 542">
     <span class='ocr_line' id='line_1_9' title="bbox 208 505 1002 542; baseline 0.004 -10"><span class='ocrx_word' id='word_1_56' title='bbox 208 505 316 532; x_wconf 79' lang='lat' dir='ltr'><strong>illorum</strong></span> <span class='ocrx_word' id='word_1_57' title='bbox 342 505 532 540; x_wconf 82' lang='lat' dir='ltr'><strong>beneplacilum</strong></span> <span class='ocrx_word' id='word_1_58' title='bbox 554 511 594 534; x_wconf 81' lang='lat' dir='ltr'><strong>est</strong></span> <span class='ocrx_word' id='word_1_59' title='bbox 612 507 676 534; x_wconf 87' lang='lat' dir='ltr'><strong>Deo.</strong></span> <span class='ocrx_word' id='word_1_60' title='bbox 693 507 759 535; x_wconf 86' lang='lat' dir='ltr'><strong>Post</strong></span> <span class='ocrx_word' id='word_1_61' title='bbox 779 508 836 535; x_wconf 60' lang='lat' dir='ltr'><strong>haec</strong></span> <span class='ocrx_word' id='word_1_62' title='bbox 852 507 1002 542; x_wconf 82' lang='lat' dir='ltr'><strong>Apostolus</strong></span> 
     </span>
    </p>
   </div>
   <div class='ocr_carea' id='block_1_10' title="bbox 209 552 1000 590">
    <p class='ocr_par' dir='ltr' id='par_1_10' title="bbox 209 552 1000 590">
     <span class='ocr_line' id='line_1_10' title="bbox 209 552 1000 590; baseline 0.001 -11"><span class='ocrx_word' id='word_1_63' title='bbox 209 552 255 579; x_wconf 90' lang='lat' dir='ltr'><strong>ubi</strong></span> <span class='ocrx_word' id='word_1_64' title='bbox 279 557 366 580; x_wconf 91' lang='lat' dir='ltr'><strong>totum</strong></span> <span class='ocrx_word' id='word_1_65' title='bbox 391 553 457 580; x_wconf 89' lang='lat' dir='ltr'><strong>illud</strong></span> <span class='ocrx_word' id='word_1_66' title='bbox 486 558 676 588; x_wconf 78' lang='lat' dir='ltr'><strong>argumentum</strong></span> <span class='ocrx_word' id='word_1_67' title='bbox 699 554 845 590; x_wconf 82' lang='lat' dir='ltr'><strong>percurrit,</strong></span> <span class='ocrx_word' id='word_1_68' title='bbox 872 553 1000 588; x_wconf 88' lang='lat' dir='ltr'><strong>subjicit:</strong></span> 
     </span>
    </p>
   </div>
   <div class='ocr_carea' id='block_1_11' title="bbox 209 598 1003 635">
    <p class='ocr_par' dir='ltr' id='par_1_11' title="bbox 209 598 1003 635">
     <span class='ocr_line' id='line_1_11' title="bbox 209 598 1003 635; baseline 0 -9"><span class='ocrx_word' id='word_1_69' title='bbox 209 598 276 626; x_wconf 69' lang='grc' dir='ltr'><strong>Ηαξε</strong></span> <span class='ocrx_word' id='word_1_70' title='bbox 305 604 393 626; x_wconf 78' lang='lat' dir='ltr'><strong>autem</strong></span> <span class='ocrx_word' id='word_1_71' title='bbox 419 599 448 626; x_wconf 78' lang='lat' dir='ltr'><strong>in</strong></span> <span class='ocrx_word' id='word_1_72' title='bbox 472 600 559 634; x_wconf 80' lang='lat' dir='ltr'><strong>ﬁgura</strong></span> <span class='ocrx_word' id='word_1_73' title='bbox 589 600 776 635; x_wconf 80' lang='lat' dir='ltr'><strong>contingebant</strong></span> <span class='ocrx_word' id='word_1_74' title='bbox 801 600 876 631; x_wconf 74' lang='lat' dir='ltr'><strong>illis;</strong></span> <span class='ocrx_word' id='word_1_75' title='bbox 903 600 1003 635; x_wconf 75' lang='lat' dir='ltr'><strong>scripta</strong></span> 
     </span>
    </p>
   </div>
   <div class='ocr_carea' id='block_1_12' title="bbox 210 645 1004 681">
    <p class='ocr_par' dir='ltr' id='par_1_12' title="bbox 210 645 1004 681">
     <span class='ocr_line' id='line_1_12' title="bbox 210 645 1004 681; baseline 0.001 -9"><span class='ocrx_word' id='word_1_76' title='bbox 210 650 274 672; x_wconf 77' lang='lat' dir='ltr'><strong>sunt</strong></span> <span class='ocrx_word' id='word_1_77' title='bbox 295 650 384 672; x_wconf 86' lang='lat' dir='ltr'><strong>autem</strong></span> <span class='ocrx_word' id='word_1_78' title='bbox 409 645 443 672; x_wconf 83' lang='lat' dir='ltr'><strong>ad</strong></span> <span class='ocrx_word' id='word_1_79' title='bbox 464 646 656 679; x_wconf 79' lang='lat' dir='ltr'><strong>correptionem</strong></span> <span class='ocrx_word' id='word_1_80' title='bbox 672 651 803 674; x_wconf 75' lang='lat' dir='ltr'><strong>nostram.</strong></span> <span class='ocrx_word' id='word_1_81' title='bbox 834 646 902 674; x_wconf 88' lang='lat' dir='ltr'><strong>Cum</strong></span> <span class='ocrx_word' id='word_1_82' title='bbox 921 646 1004 681; x_wconf 67' lang='lat' dir='ltr'><strong>igitur</strong></span> 
     </span>
    </p>
   </div>
   <div class='ocr_carea' id='block_1_13' title="bbox 209 691 1004 727">
    <p class='ocr_par' dir='ltr' id='par_1_13' title="bbox 209 691 1004 727">
     <span class='ocr_line' id='line_1_13' title="bbox 209 691 1004 727; baseline 0.001 -9"><span class='ocrx_word' id='word_1_83' title='bbox 209 699 271 726; x_wconf 77' lang='lat' dir='ltr'><strong>quae</strong></span> <span class='ocrx_word' id='word_1_84' title='bbox 285 691 341 718; x_wconf 76' lang='lat' dir='ltr'><strong>illis</strong></span> <span class='ocrx_word' id='word_1_85' title='bbox 357 691 384 718; x_wconf 94' lang='lat' dir='ltr'><strong>in</strong></span> <span class='ocrx_word' id='word_1_86' title='bbox 416 691 502 726; x_wconf 79' lang='lat' dir='ltr'><strong>ﬁgura</strong></span> <span class='ocrx_word' id='word_1_87' title='bbox 524 691 720 727; x_wconf 79' lang='lat' dir='ltr'><strong>contingebant</strong></span> <span class='ocrx_word' id='word_1_88' title='bbox 744 692 778 719; x_wconf 85' lang='lat' dir='ltr'><strong>ad</strong></span> <span class='ocrx_word' id='word_1_89' title='bbox 804 692 1004 727; x_wconf 87' lang='lat' dir='ltr'><strong>correptionem</strong></span> 
     </span>
    </p>
   </div>
   <div class='ocr_carea' id='block_1_14' title="bbox 208 737 1004 774">
    <p class='ocr_par' dir='ltr' id='par_1_14' title="bbox 208 737 1004 774">
     <span class='ocr_line' id='line_1_14' title="bbox 208 737 1004 774; baseline 0.003 -10"><span class='ocrx_word' id='word_1_90' title='bbox 208 741 332 764; x_wconf 91' lang='lat' dir='ltr'><strong>nostram</strong></span> <span class='ocrx_word' id='word_1_91' title='bbox 358 738 461 773; x_wconf 85' lang='lat' dir='ltr'><strong>scripta</strong></span> <span class='ocrx_word' id='word_1_92' title='bbox 481 737 546 770; x_wconf 88' lang='lat' dir='ltr'><strong>sint,</strong></span> <span class='ocrx_word' id='word_1_93' title='bbox 565 738 611 774; x_wconf 89' lang='lat' dir='ltr'><strong>qui</strong></span> <span class='ocrx_word' id='word_1_94' title='bbox 625 746 657 766; x_wconf 89' lang='lat' dir='ltr'><strong>ea</strong></span> <span class='ocrx_word' id='word_1_95' title='bbox 672 746 733 773; x_wconf 67' lang='lat' dir='ltr'><strong>quae</strong></span> <span class='ocrx_word' id='word_1_96' title='bbox 768 742 825 766; x_wconf 91' lang='lat' dir='ltr'><strong>tum</strong></span> <span class='ocrx_word' id='word_1_97' title='bbox 846 738 1004 766; x_wconf 85' lang='lat' dir='ltr'><strong>acciderunt</strong></span> 
     </span>
    </p>
   </div>
   <div class='ocr_carea' id='block_1_15' title="bbox 209 783 1003 822">
    <p class='ocr_par' dir='ltr' id='par_1_15' title="bbox 209 783 1003 822">
     <span class='ocr_line' id='line_1_15' title="bbox 209 783 1003 822; baseline 0.001 -12"><span class='ocrx_word' id='word_1_98' title='bbox 209 783 245 810; x_wconf 90' lang='lat' dir='ltr'><strong>ad</strong></span> <span class='ocrx_word' id='word_1_99' title='bbox 270 784 470 819; x_wconf 90' lang='lat' dir='ltr'><strong>correptionem</strong></span> <span class='ocrx_word' id='word_1_100' title='bbox 496 789 620 822; x_wconf 73' lang='lat' dir='ltr'><strong>nastram</strong></span> <span class='ocrx_word' id='word_1_101' title='bbox 647 784 829 820; x_wconf 63' lang='lat' dir='ltr'><strong>praescripsit,</strong></span> <span class='ocrx_word' id='word_1_102' title='bbox 860 784 914 812; x_wconf 90' lang='lat' dir='ltr'><strong>illis</strong></span> <span class='ocrx_word' id='word_1_103' title='bbox 931 784 1003 812; x_wconf 87' lang='lat' dir='ltr'><strong>haud</strong></span> 
     </span>
    </p>
   </div>
   <div class='ocr_carea' id='block_1_16' title="bbox 209 829 1004 866">
    <p class='ocr_par' dir='ltr' id='par_1_16' title="bbox 209 829 1004 866">
     <span class='ocr_line' id='line_1_16' title="bbox 209 829 1004 866; baseline 0 -9"><span class='ocrx_word' id='word_1_104' title='bbox 209 829 294 857; x_wconf 80' lang='lat' dir='ltr'><strong>dubie</strong></span> <span class='ocrx_word' id='word_1_105' title='bbox 309 829 455 857; x_wconf 89' lang='lat' dir='ltr'><strong>consulere</strong></span> <span class='ocrx_word' id='word_1_106' title='bbox 475 829 593 863; x_wconf 86' lang='lat' dir='ltr'><strong>studuit,</strong></span> <span class='ocrx_word' id='word_1_107' title='bbox 612 838 681 866; x_wconf 91' lang='lat' dir='ltr'><strong>quos</strong></span> <span class='ocrx_word' id='word_1_108' title='bbox 698 830 838 866; x_wconf 76' lang='lat' dir='ltr'><strong>corrigere</strong></span> <span class='ocrx_word' id='word_1_109' title='bbox 859 835 940 866; x_wconf 85' lang='lat' dir='ltr'><strong>atque</strong></span> <span class='ocrx_word' id='word_1_110' title='bbox 957 830 1004 858; x_wconf 91' lang='lat' dir='ltr'><strong>ad-</strong></span> 
     </span>
    </p>
   </div>
   <div class='ocr_carea' id='block_1_17' title="bbox 209 876 1003 912">
    <p class='ocr_par' dir='ltr' id='par_1_17' title="bbox 209 876 1003 912">
     <span class='ocr_line' id='line_1_17' title="bbox 209 876 1003 912; baseline 0.003 -10"><span class='ocrx_word' id='word_1_111' title='bbox 209 883 323 903; x_wconf 84' lang='lat' dir='ltr'><strong>monere</strong></span> <span class='ocrx_word' id='word_1_112' title='bbox 355 876 502 910; x_wconf 86' lang='lat' dir='ltr'><strong>cupiebat,</strong></span> <span class='ocrx_word' id='word_1_113' title='bbox 537 884 572 905; x_wconf 90' lang='lat' dir='ltr'><strong>ne</strong></span> <span class='ocrx_word' id='word_1_114' title='bbox 603 878 738 904; x_wconf 89' lang='lat' dir='ltr'><strong>malorum</strong></span> <span class='ocrx_word' id='word_1_115' title='bbox 776 877 1003 912; x_wconf 85' lang='lat' dir='ltr'><strong>concupiscentes</strong></span> 
     </span>
    </p>
   </div>
   <div class='ocr_carea' id='block_1_18' title="bbox 210 922 1003 956">
    <p class='ocr_par' dir='ltr' id='par_1_18' title="bbox 210 922 1003 956">
     <span class='ocr_line' id='line_1_18' title="bbox 210 922 1003 956; baseline 0.001 -7"><span class='ocrx_word' id='word_1_116' title='bbox 210 930 345 950; x_wconf 85' lang='lat' dir='ltr'><strong>essemus.</strong></span> <span class='ocrx_word' id='word_1_117' title='bbox 375 922 559 956; x_wconf 83' lang='lat' dir='ltr'><strong>Quamobrem</strong></span> <span class='ocrx_word' id='word_1_118' title='bbox 585 923 675 951; x_wconf 90' lang='lat' dir='ltr'><strong>bonus</strong></span> <span class='ocrx_word' id='word_1_119' title='bbox 702 923 793 956; x_wconf 89' lang='lat' dir='ltr'><strong>idem,</strong></span> <span class='ocrx_word' id='word_1_120' title='bbox 827 931 882 950; x_wconf 86' lang='lat' dir='ltr'><strong>non</strong></span> <span class='ocrx_word' id='word_1_121' title='bbox 915 923 1003 950; x_wconf 86' lang='lat' dir='ltr'><strong>malus</strong></span> 
     </span>
    </p>
   </div>
   <div class='ocr_carea' id='block_1_19' title="bbox 209 964 1005 1002">
    <p class='ocr_par' dir='ltr' id='par_1_19' title="bbox 209 964 1005 1002">
     <span class='ocr_line' id='line_1_19' title="bbox 209 964 1005 1002; baseline 0.003 -9"><span class='ocrx_word' id='word_1_122' title='bbox 209 966 294 994; x_wconf 78' lang='lat' dir='ltr'><strong>fuerit</strong></span> <span class='ocrx_word' id='word_1_123' title='bbox 306 971 422 1002; x_wconf 89' lang='lat' dir='ltr'><strong>oportet.</strong></span> <span class='ocrx_word' id='word_1_124' title='bbox 443 967 550 1000; x_wconf 88' lang='lat' dir='ltr'><strong>Quibus</strong></span> <span class='ocrx_word' id='word_1_125' title='bbox 565 969 638 996; x_wconf 91' lang='lat' dir='ltr'><strong>enim</strong></span> <span class='ocrx_word' id='word_1_126' title='bbox 655 967 771 996; x_wconf 77' lang='lat' dir='ltr'><strong>aﬁ‘ectus</strong></span> <span class='ocrx_word' id='word_1_127' title='bbox 788 972 841 1000; x_wconf 84' lang='lat' dir='ltr'><strong>est,</strong></span> <span class='ocrx_word' id='word_1_128' title='bbox 860 964 958 996; x_wconf 84' lang='lat' dir='ltr'><strong>iisdem</strong></span> <span class='ocrx_word' id='word_1_129' title='bbox 976 971 1005 995; x_wconf 73' lang='lat' dir='ltr'><strong>ut.</strong></span> 
     </span>
    </p>
   </div>
   <div class='ocr_carea' id='block_1_20' title="bbox 210 1013 1004 1048">
    <p class='ocr_par' dir='ltr' id='par_1_20' title="bbox 210 1013 1004 1048">
     <span class='ocr_line' id='line_1_20' title="bbox 210 1013 1004 1048; baseline 0 -7"><span class='ocrx_word' id='word_1_130' title='bbox 210 1013 317 1048; x_wconf 63' lang='lat' dir='ltr'><strong>praediti</strong></span> <span class='ocrx_word' id='word_1_131' title='bbox 337 1022 399 1042; x_wconf 85' lang='lat' dir='ltr'><strong>esse</strong></span> <span class='ocrx_word' id='word_1_132' title='bbox 412 1014 528 1042; x_wconf 83' lang='lat' dir='ltr'><strong>velimus</strong></span> <span class='ocrx_word' id='word_1_133' title='bbox 546 1015 682 1047; x_wconf 83' lang='lat' dir='ltr'><strong>hortatur,</strong></span> <span class='ocrx_word' id='word_1_134' title='bbox 699 1015 787 1042; x_wconf 90' lang='lat' dir='ltr'><strong>bonus</strong></span> <span class='ocrx_word' id='word_1_135' title='bbox 810 1015 855 1042; x_wconf 90' lang='lat' dir='ltr'><strong>ille</strong></span> <span class='ocrx_word' id='word_1_136' title='bbox 876 1015 1004 1042; x_wconf 90' lang='lat' dir='ltr'><strong>nimirum</strong></span> 
     </span>
    </p>
   </div>
   <div class='ocr_carea' id='block_1_21' title="bbox 211 1058 1006 1096">
    <p class='ocr_par' dir='ltr' id='par_1_21' title="bbox 211 1058 1006 1096">
     <span class='ocr_line' id='line_1_21' title="bbox 211 1058 1006 1096; baseline 0.003 -10"><span class='ocrx_word' id='word_1_137' title='bbox 211 1058 295 1090; x_wconf 89' lang='lat' dir='ltr'><strong>Deus,</strong></span> <span class='ocrx_word' id='word_1_138' title='bbox 316 1067 349 1087; x_wconf 87' lang='lat' dir='ltr'><strong>ac</strong></span> <span class='ocrx_word' id='word_1_139' title='bbox 360 1059 473 1095; x_wconf 84' lang='lat' dir='ltr'><strong>justus;</strong></span> <span class='ocrx_word' id='word_1_140' title='bbox 497 1068 529 1088; x_wconf 87' lang='lat' dir='ltr'><strong>ac</strong></span> <span class='ocrx_word' id='word_1_141' title='bbox 544 1064 599 1088; x_wconf 90' lang='lat' dir='ltr'><strong>tam</strong></span> <span class='ocrx_word' id='word_1_142' title='bbox 618 1068 714 1088; x_wconf 92' lang='lat' dir='ltr'><strong>eorum</strong></span> <span class='ocrx_word' id='word_1_143' title='bbox 728 1068 797 1096; x_wconf 91' lang='lat' dir='ltr'><strong>quos</strong></span> <span class='ocrx_word' id='word_1_144' title='bbox 812 1065 874 1088; x_wconf 86' lang='lat' dir='ltr'><strong>ante</strong></span> <span class='ocrx_word' id='word_1_145' title='bbox 887 1061 1006 1095; x_wconf 86' lang='lat' dir='ltr'><strong>scripse-</strong></span> 
     </span>
    </p>
   </div>
   <div class='ocr_carea' id='block_1_22' title="bbox 211 1105 1004 1142">
    <p class='ocr_par' dir='ltr' id='par_1_22' title="bbox 211 1105 1004 1142">
     <span class='ocr_line' id='line_1_22' title="bbox 211 1105 1004 1142; baseline 0.004 -11"><span class='ocrx_word' id='word_1_146' title='bbox 211 1109 255 1132; x_wconf 84' lang='lat' dir='ltr'><strong>rat</strong></span> <span class='ocrx_word' id='word_1_147' title='bbox 281 1105 362 1139; x_wconf 86' lang='lat' dir='ltr'><strong>Deus,</strong></span> <span class='ocrx_word' id='word_1_148' title='bbox 388 1114 468 1142; x_wconf 88' lang='lat' dir='ltr'><strong>quam</strong></span> <span class='ocrx_word' id='word_1_149' title='bbox 494 1107 688 1142; x_wconf 88' lang='lat' dir='ltr'><strong>posteriorum.</strong></span> <span class='ocrx_word' id='word_1_150' title='bbox 724 1107 772 1142; x_wconf 90' lang='lat' dir='ltr'><strong>qui</strong></span> <span class='ocrx_word' id='word_1_151' title='bbox 795 1107 913 1142; x_wconf 88' lang='lat' dir='ltr'><strong>correpti</strong></span> <span class='ocrx_word' id='word_1_152' title='bbox 930 1110 1004 1138; x_wconf 85' lang='lat' dir='ltr'><strong>sunt,</strong></span> 
     </span>
    </p>
   </div>
   <div class='ocr_carea' id='block_1_23' title="bbox 212 1153 1006 1189">
    <p class='ocr_par' dir='ltr' id='par_1_23' title="bbox 212 1153 1006 1189">
     <span class='ocr_line' id='line_1_23' title="bbox 212 1153 1006 1189; baseline 0.003 -9"><span class='ocrx_word' id='word_1_153' title='bbox 212 1153 355 1182; x_wconf 86' lang='lat' dir='ltr'><strong>conditor:</strong></span> <span class='ocrx_word' id='word_1_154' title='bbox 375 1154 529 1181; x_wconf 89' lang='lat' dir='ltr'><strong>communis</strong></span> <span class='ocrx_word' id='word_1_155' title='bbox 559 1153 680 1189; x_wconf 85' lang='lat' dir='ltr'><strong>denique</strong></span> <span class='ocrx_word' id='word_1_156' title='bbox 703 1159 800 1181; x_wconf 84' lang='lat' dir='ltr'><strong>auctor</strong></span> <span class='ocrx_word' id='word_1_157' title='bbox 826 1154 949 1181; x_wconf 91' lang='lat' dir='ltr'><strong>omnium</strong></span> <span class='ocrx_word' id='word_1_158' title='bbox 974 1163 1006 1182; x_wconf 89' lang='lat' dir='ltr'><strong>ac</strong></span> 
     </span>
    </p>
   </div>
   <div class='ocr_carea' id='block_1_24' title="bbox 211 1200 1004 1236">
    <p class='ocr_par' dir='ltr' id='par_1_24' title="bbox 211 1200 1004 1236">
     <span class='ocr_line' id='line_1_24' title="bbox 211 1200 1004 1236; baseline 0 -9"><span class='ocrx_word' id='word_1_159' title='bbox 211 1200 368 1236; x_wconf 75' lang='lat' dir='ltr'><strong>legislalor;</strong></span> <span class='ocrx_word' id='word_1_160' title='bbox 383 1200 430 1235; x_wconf 90' lang='lat' dir='ltr'><strong>qui</strong></span> <span class='ocrx_word' id='word_1_161' title='bbox 445 1204 472 1227; x_wconf 90' lang='lat' dir='ltr'><strong>et</strong></span> <span class='ocrx_word' id='word_1_162' title='bbox 488 1200 634 1235; x_wconf 79' lang='lat' dir='ltr'><strong>Evangelia</strong></span> <span class='ocrx_word' id='word_1_163' title='bbox 652 1200 768 1235; x_wconf 81' lang='lat' dir='ltr'><strong>largitus</strong></span> <span class='ocrx_word' id='word_1_164' title='bbox 782 1203 835 1233; x_wconf 87' lang='lat' dir='ltr'><strong>est,</strong></span> <span class='ocrx_word' id='word_1_165' title='bbox 853 1204 880 1228; x_wconf 88' lang='lat' dir='ltr'><strong>et</strong></span> <span class='ocrx_word' id='word_1_166' title='bbox 893 1205 1004 1236; x_wconf 86' lang='lat' dir='ltr'><strong>aposto-</strong></span> 
     </span>
    </p>
   </div>
   <div class='ocr_carea' id='block_1_25' title="bbox 211 1246 726 1274">
    <p class='ocr_par' dir='ltr' id='par_1_25' title="bbox 211 1246 726 1274">
     <span class='ocr_line' id='line_1_25' title="bbox 211 1246 726 1274; baseline 0 0"><span class='ocrx_word' id='word_1_167' title='bbox 211 1247 303 1274; x_wconf 84' lang='lat' dir='ltr'><strong>lorum</strong></span> <span class='ocrx_word' id='word_1_168' title='bbox 319 1247 373 1274; x_wconf 80' lang='lat' dir='ltr'><strong>dux</strong></span> <span class='ocrx_word' id='word_1_169' title='bbox 390 1254 423 1273; x_wconf 90' lang='lat' dir='ltr'><strong>ac</strong></span> <span class='ocrx_word' id='word_1_170' title='bbox 439 1246 598 1274; x_wconf 83' lang='lat' dir='ltr'><strong>moderator</strong></span> <span class='ocrx_word' id='word_1_171' title='bbox 609 1246 726 1274; x_wconf 83' lang='lat' dir='ltr'><strong>exstitit.</strong></span> 
     </span>
    </p>
   </div>
   <div class='ocr_carea' id='block_1_26' title="bbox 249 1301 1006 1337">
    <p class='ocr_par' dir='ltr' id='par_1_26' title="bbox 249 1301 1006 1337">
     <span class='ocr_line' id='line_1_26' title="bbox 249 1301 1006 1337; baseline -0.003 -7"><span class='ocrx_word' id='word_1_172' title='bbox 249 1303 344 1331; x_wconf 89' lang='lat' dir='ltr'><strong>Schol.</strong></span> <span class='ocrx_word' id='word_1_173' title='bbox 366 1303 400 1330; x_wconf 79' lang='grc'><strong>10</strong></span> <span class='ocrx_word' id='word_1_174' title='bbox 414 1306 442 1330; x_wconf 92' lang='lat' dir='ltr'><strong>et</strong></span> <span class='ocrx_word' id='word_1_175' title='bbox 455 1302 498 1329; x_wconf 84' lang='grc'><strong>18.</strong></span> <span class='ocrx_word' id='word_1_176' title='bbox 516 1301 593 1335; x_wconf 83' lang='lat' dir='ltr'><strong>Quod</strong></span> <span class='ocrx_word' id='word_1_177' title='bbox 619 1309 680 1337; x_wconf 86' lang='lat' dir='ltr'><strong>ergo</strong></span> <span class='ocrx_word' id='word_1_178' title='bbox 701 1301 783 1330; x_wconf 81' lang='lat' dir='ltr'><strong>dico.’</strong></span> <span class='ocrx_word' id='word_1_179' title='bbox 800 1301 877 1335; x_wconf 84' lang='lat' dir='ltr'><strong>Quod</strong></span> <span class='ocrx_word' id='word_1_180' title='bbox 892 1302 919 1328; x_wconf 76' lang='lat' dir='ltr'><strong>in</strong></span> <span class='ocrx_word' id='word_1_181' title='bbox 940 1306 1006 1329; x_wconf 83' lang='lat' dir='ltr'><strong>lem-</strong></span> 
     </span>
    </p>
   </div>
   <div class='ocr_carea' id='block_1_27' title="bbox 213 1347 1007 1385">
    <p class='ocr_par' dir='ltr' id='par_1_27' title="bbox 213 1347 1007 1385">
     <span class='ocr_line' id='line_1_27' title="bbox 213 1347 1007 1385; baseline -0.004 -8"><span class='ocrx_word' id='word_1_182' title='bbox 213 1350 257 1385; x_wconf 84' lang='lat' dir='ltr'><strong>plo</strong></span> <span class='ocrx_word' id='word_1_183' title='bbox 270 1349 436 1376; x_wconf 80' lang='lat' dir='ltr'><strong>immolatum</strong></span> <span class='ocrx_word' id='word_1_184' title='bbox 451 1348 552 1383; x_wconf 83' lang='lat' dir='ltr'><strong>aliquid</strong></span> <span class='ocrx_word' id='word_1_185' title='bbox 572 1349 618 1380; x_wconf 72' lang='lat' dir='ltr'><strong>sit,</strong></span> <span class='ocrx_word' id='word_1_186' title='bbox 636 1353 682 1374; x_wconf 87' lang='lat' dir='ltr'><strong>aut</strong></span> <span class='ocrx_word' id='word_1_187' title='bbox 704 1347 881 1383; x_wconf 78' lang='lat' dir='ltr'><strong>idalothytum</strong></span> <span class='ocrx_word' id='word_1_188' title='bbox 904 1348 1007 1382; x_wconf 83' lang='lat' dir='ltr'><strong>aliquid</strong></span> 
     </span>
    </p>
   </div>
   <div class='ocr_carea' id='block_1_28' title="bbox 214 1393 1006 1431">
    <p class='ocr_par' dir='ltr' id='par_1_28' title="bbox 214 1393 1006 1431">
     <span class='ocr_line' id='line_1_28' title="bbox 214 1393 1006 1431; baseline -0.003 -8"><span class='ocrx_word' id='word_1_189' title='bbox 214 1397 270 1424; x_wconf 70' lang='lat' dir='ltr'><strong>sit!</strong></span> <span class='ocrx_word' id='word_1_190' title='bbox 285 1395 336 1423; x_wconf 79' lang='lat' dir='ltr'><strong>Sed</strong></span> <span class='ocrx_word' id='word_1_191' title='bbox 346 1403 404 1431; x_wconf 58' lang='lat' dir='ltr'><strong>quia</strong></span> <span class='ocrx_word' id='word_1_192' title='bbox 416 1393 716 1426; x_wconf 70' lang='lat' dir='ltr'><strong>immolantdwmoniis,</strong></span> <span class='ocrx_word' id='word_1_193' title='bbox 733 1399 759 1421; x_wconf 86' lang='lat' dir='ltr'><strong>et</strong></span> <span class='ocrx_word' id='word_1_194' title='bbox 775 1403 826 1422; x_wconf 86' lang='lat' dir='ltr'><strong>non</strong></span> <span class='ocrx_word' id='word_1_195' title='bbox 845 1394 898 1421; x_wconf 80' lang='lat' dir='ltr'><strong>Deo</strong></span> <span class='ocrx_word' id='word_1_196' title='bbox 917 1395 937 1421; x_wconf 83' lang='lat'><strong>&#39;.</strong></span> <span class='ocrx_word' id='word_1_197' title='bbox 955 1393 1006 1421; x_wconf 88' lang='lat' dir='ltr'><strong>Ubi</strong></span> 
     </span>
    </p>
   </div>
   <div class='ocr_carea' id='block_1_29' title="bbox 213 1440 770 1475">
    <p class='ocr_par' dir='ltr' id='par_1_29' title="bbox 213 1440 770 1475">
     <span class='ocr_line' id='line_1_29' title="bbox 213 1440 770 1475; baseline -0.005 -5"><span class='ocrx_word' id='word_1_198' title='bbox 213 1442 318 1470; x_wconf 73' lang='lat' dir='ltr'><strong>Marcio</strong></span> <span class='ocrx_word' id='word_1_199' title='bbox 327 1443 355 1469; x_wconf 79' lang='lat' dir='ltr'><strong>in</strong></span> <span class='ocrx_word' id='word_1_200' title='bbox 369 1442 454 1469; x_wconf 73' lang='lat' dir='ltr'><strong>sacris</strong></span> <span class='ocrx_word' id='word_1_201' title='bbox 474 1440 642 1468; x_wconf 85' lang='lat' dir='ltr'><strong>immolatum</strong></span> <span class='ocrx_word' id='word_1_202' title='bbox 659 1440 770 1475; x_wconf 86' lang='lat' dir='ltr'><strong>adjecit.</strong></span> 
     </span>
    </p>
   </div>
   <div class='ocr_carea' id='block_1_30' title="bbox 250 1485 1007 1522">
    <p class='ocr_par' dir='ltr' id='par_1_30' title="bbox 250 1485 1007 1522">
     <span class='ocr_line' id='line_1_30' title="bbox 250 1485 1007 1522; baseline -0.003 -7"><span class='ocrx_word' id='word_1_203' title='bbox 250 1488 342 1515; x_wconf 78' lang='lat' dir='ltr'><strong>Refut.</strong></span> <span class='ocrx_word' id='word_1_204' title='bbox 359 1488 393 1516; x_wconf 77' lang='grc'><strong>10</strong></span> <span class='ocrx_word' id='word_1_205' title='bbox 404 1492 432 1515; x_wconf 88' lang='lat' dir='ltr'><strong>et</strong></span> <span class='ocrx_word' id='word_1_206' title='bbox 446 1487 491 1515; x_wconf 77' lang='lat' dir='ltr'><strong>l8.</strong></span> <span class='ocrx_word' id='word_1_207' title='bbox 507 1487 579 1521; x_wconf 82' lang='lat' dir='ltr'><strong>Quid</strong></span> <span class='ocrx_word' id='word_1_208' title='bbox 592 1495 653 1522; x_wconf 85' lang='lat' dir='ltr'><strong>ergo</strong></span> <span class='ocrx_word' id='word_1_209' title='bbox 669 1487 750 1514; x_wconf 77' lang='lat' dir='ltr'><strong>dico?</strong></span> <span class='ocrx_word' id='word_1_210' title='bbox 761 1485 847 1514; x_wconf 74' lang='lat' dir='ltr'><strong>Idalis</strong></span> <span class='ocrx_word' id='word_1_211' title='bbox 862 1486 945 1522; x_wconf 79' lang='lat'><strong>359</strong></span> <span class='ocrx_word' id='word_1_212' title='bbox 956 1487 1007 1513; x_wconf 84' lang='lat' dir='ltr'><strong>im-</strong></span> 
     </span>
    </p>
   </div>
   <div class='ocr_carea' id='block_1_31' title="bbox 214 1532 1007 1569">
    <p class='ocr_par' dir='ltr' id='par_1_31' title="bbox 214 1532 1007 1569">
     <span class='ocr_line' id='line_1_31' title="bbox 214 1532 1007 1569; baseline -0.003 -8"><span class='ocrx_word' id='word_1_213' title='bbox 214 1535 346 1561; x_wconf 81' lang='lat' dir='ltr'><strong>molatum</strong></span> <span class='ocrx_word' id='word_1_214' title='bbox 363 1532 466 1569; x_wconf 86' lang='lat' dir='ltr'><strong>aliquid</strong></span> <span class='ocrx_word' id='word_1_215' title='bbox 481 1535 542 1561; x_wconf 72' lang='lat' dir='ltr'><strong>est?</strong></span> <span class='ocrx_word' id='word_1_216' title='bbox 565 1532 618 1561; x_wconf 86' lang='lat' dir='ltr'><strong>Sed</strong></span> <span class='ocrx_word' id='word_1_217' title='bbox 634 1541 693 1568; x_wconf 66' lang='lat' dir='ltr'><strong>quae</strong></span> <span class='ocrx_word' id='word_1_218' title='bbox 709 1533 849 1560; x_wconf 79' lang='lat' dir='ltr'><strong>immolant</strong></span> <span class='ocrx_word' id='word_1_219' title='bbox 867 1533 1007 1560; x_wconf 75' lang='lat' dir='ltr'><strong>dremom&#39;is</strong></span> 
     </span>
    </p>
   </div>
   <div class='ocr_carea' id='block_1_32' title="bbox 215 1576 1008 1614">
    <p class='ocr_par' dir='ltr' id='par_1_32' title="bbox 215 1576 1008 1614">
     <span class='ocr_line' id='line_1_32' title="bbox 215 1576 1008 1614; baseline 0 -8"><span class='ocrx_word' id='word_1_220' title='bbox 215 1584 242 1606; x_wconf 72' lang='lat' dir='ltr'><strong>et</strong></span> <span class='ocrx_word' id='word_1_221' title='bbox 255 1588 308 1607; x_wconf 82' lang='lat' dir='ltr'><strong>non</strong></span> <span class='ocrx_word' id='word_1_222' title='bbox 332 1579 398 1606; x_wconf 83' lang='lat' dir='ltr'><strong>Deo.</strong></span> <span class='ocrx_word' id='word_1_223' title='bbox 420 1578 480 1606; x_wconf 83' lang='lat' dir='ltr'><strong>Non</strong></span> <span class='ocrx_word' id='word_1_224' title='bbox 497 1579 587 1614; x_wconf 88' lang='lat' dir='ltr'><strong>prisca</strong></span> <span class='ocrx_word' id='word_1_225' title='bbox 608 1576 654 1606; x_wconf 84' lang='lat' dir='ltr'><strong>illa</strong></span> <span class='ocrx_word' id='word_1_226' title='bbox 677 1585 785 1614; x_wconf 90' lang='lat' dir='ltr'><strong>patrum</strong></span> <span class='ocrx_word' id='word_1_227' title='bbox 802 1583 923 1614; x_wconf 89' lang='lat' dir='ltr'><strong>tempora</strong></span> <span class='ocrx_word' id='word_1_228' title='bbox 940 1587 1008 1606; x_wconf 86' lang='lat' dir='ltr'><strong>con-</strong></span> 
     </span>
    </p>
   </div>
   <div class='ocr_carea' id='block_1_33' title="bbox 216 1624 1008 1660">
    <p class='ocr_par' dir='ltr' id='par_1_33' title="bbox 216 1624 1008 1660">
     <span class='ocr_line' id='line_1_33' title="bbox 216 1624 1008 1660; baseline 0.001 -8"><span class='ocrx_word' id='word_1_229' title='bbox 216 1624 356 1652; x_wconf 86' lang='lat' dir='ltr'><strong>demnavit</strong></span> <span class='ocrx_word' id='word_1_230' title='bbox 373 1624 531 1659; x_wconf 80' lang='lat' dir='ltr'><strong>Apostolus,</strong></span> <span class='ocrx_word' id='word_1_231' title='bbox 557 1632 619 1660; x_wconf 69' lang='lat' dir='ltr'><strong>quae</strong></span> <span class='ocrx_word' id='word_1_232' title='bbox 641 1625 675 1651; x_wconf 89' lang='lat' dir='ltr'><strong>ad</strong></span> <span class='ocrx_word' id='word_1_233' title='bbox 695 1628 802 1652; x_wconf 63' lang='lat' dir='ltr'><strong>aetatem</strong></span> <span class='ocrx_word' id='word_1_234' title='bbox 819 1633 905 1660; x_wconf 86' lang='lat' dir='ltr'><strong>usque</strong></span> <span class='ocrx_word' id='word_1_235' title='bbox 920 1633 1008 1656; x_wconf 86' lang='lat' dir='ltr'><strong>suam.</strong></span> 
     </span>
    </p>
   </div>
   <div class='ocr_carea' id='block_1_34' title="bbox 217 1670 1006 1707">
    <p class='ocr_par' dir='ltr' id='par_1_34' title="bbox 217 1670 1006 1707">
     <span class='ocr_line' id='line_1_34' title="bbox 217 1670 1006 1707; baseline 0 -9"><span class='ocrx_word' id='word_1_236' title='bbox 217 1673 340 1706; x_wconf 84' lang='lat' dir='ltr'><strong>adeoque</strong></span> <span class='ocrx_word' id='word_1_237' title='bbox 370 1670 492 1706; x_wconf 88' lang='lat' dir='ltr'><strong>quandiu</strong></span> <span class='ocrx_word' id='word_1_238' title='bbox 515 1675 617 1699; x_wconf 85' lang='lat' dir='ltr'><strong>stetere</strong></span> <span class='ocrx_word' id='word_1_239' title='bbox 637 1670 837 1707; x_wconf 86' lang='lat' dir='ltr'><strong>Hierosolyma,</strong></span> <span class='ocrx_word' id='word_1_240' title='bbox 855 1671 1006 1704; x_wconf 82' lang='lat' dir='ltr'><strong>ﬂuxerunt,</strong></span> 
     </span>
    </p>
   </div>
   <div class='ocr_carea' id='block_1_35' title="bbox 217 1716 1010 1752">
    <p class='ocr_par' dir='ltr' id='par_1_35' title="bbox 217 1716 1010 1752">
     <span class='ocr_line' id='line_1_35' title="bbox 217 1716 1010 1752; baseline 0.001 -9"><span class='ocrx_word' id='word_1_241' title='bbox 217 1724 281 1744; x_wconf 89' lang='lat' dir='ltr'><strong>cum</strong></span> <span class='ocrx_word' id='word_1_242' title='bbox 307 1724 354 1744; x_wconf 91' lang='lat' dir='ltr'><strong>eos</strong></span> <span class='ocrx_word' id='word_1_243' title='bbox 382 1716 461 1750; x_wconf 77' lang='lat' dir='ltr'><strong>dixit,</strong></span> <span class='ocrx_word' id='word_1_244' title='bbox 487 1717 534 1752; x_wconf 93' lang='lat' dir='ltr'><strong>qui</strong></span> <span class='ocrx_word' id='word_1_245' title='bbox 564 1717 646 1744; x_wconf 89' lang='lat' dir='ltr'><strong>idolis</strong></span> <span class='ocrx_word' id='word_1_246' title='bbox 670 1717 843 1745; x_wconf 88' lang='lat' dir='ltr'><strong>immolarent</strong></span> <span class='ocrx_word' id='word_1_247' title='bbox 868 1717 1010 1745; x_wconf 68' lang='lat' dir='ltr'><strong>daemoniis</strong></span> 
     </span>
    </p>
   </div>
   <div class='ocr_carea' id='block_1_36' title="bbox 218 1761 1010 1798">
    <p class='ocr_par' dir='ltr' id='par_1_36' title="bbox 218 1761 1010 1798">
     <span class='ocr_line' id='line_1_36' title="bbox 218 1761 1010 1798; baseline 0 -8"><span class='ocrx_word' id='word_1_248' title='bbox 218 1762 372 1794; x_wconf 89' lang='lat' dir='ltr'><strong>immolare,</strong></span> <span class='ocrx_word' id='word_1_249' title='bbox 400 1770 456 1790; x_wconf 93' lang='lat' dir='ltr'><strong>non</strong></span> <span class='ocrx_word' id='word_1_250' title='bbox 482 1762 548 1790; x_wconf 88' lang='lat' dir='ltr'><strong>Deo.</strong></span> <span class='ocrx_word' id='word_1_251' title='bbox 574 1761 634 1789; x_wconf 88' lang='lat' dir='ltr'><strong>Non</strong></span> <span class='ocrx_word' id='word_1_252' title='bbox 651 1762 725 1794; x_wconf 84' lang='lat' dir='ltr'><strong>illos.</strong></span> <span class='ocrx_word' id='word_1_253' title='bbox 738 1763 860 1798; x_wconf 87' lang='lat' dir='ltr'><strong>inquam,</strong></span> <span class='ocrx_word' id='word_1_254' title='bbox 880 1763 1010 1790; x_wconf 89' lang='lat' dir='ltr'><strong>damnare</strong></span> 
     </span>
    </p>
   </div>
   <div class='ocr_carea' id='block_1_37' title="bbox 217 1809 1011 1845">
    <p class='ocr_par' dir='ltr' id='par_1_37' title="bbox 217 1809 1011 1845">
     <span class='ocr_line' id='line_1_37' title="bbox 217 1809 1011 1845; baseline -0.001 -8"><span class='ocrx_word' id='word_1_255' title='bbox 217 1810 316 1842; x_wconf 86' lang='lat' dir='ltr'><strong>voluit,</strong></span> <span class='ocrx_word' id='word_1_256' title='bbox 330 1809 377 1845; x_wconf 90' lang='lat' dir='ltr'><strong>qui</strong></span> <span class='ocrx_word' id='word_1_257' title='bbox 393 1809 449 1837; x_wconf 90' lang='lat' dir='ltr'><strong>Deo</strong></span> <span class='ocrx_word' id='word_1_258' title='bbox 472 1809 673 1841; x_wconf 88' lang='lat' dir='ltr'><strong>sacriﬁcarent,</strong></span> <span class='ocrx_word' id='word_1_259' title='bbox 697 1816 752 1844; x_wconf 91' lang='lat' dir='ltr'><strong>quo</strong></span> <span class='ocrx_word' id='word_1_260' title='bbox 768 1813 891 1844; x_wconf 87' lang='lat' dir='ltr'><strong>tempore</strong></span> <span class='ocrx_word' id='word_1_261' title='bbox 907 1809 1011 1837; x_wconf 87' lang='lat' dir='ltr'><strong>sacriﬁ-</strong></span> 
     </span>
    </p>
   </div>
   <div class='ocr_carea' id='block_1_38' title="bbox 218 1855 1010 1891">
    <p class='ocr_par' dir='ltr' id='par_1_38' title="bbox 218 1855 1010 1891">
     <span class='ocr_line' id='line_1_38' title="bbox 218 1855 1010 1891; baseline 0 -8"><span class='ocrx_word' id='word_1_262' title='bbox 218 1856 277 1884; x_wconf 83' lang='lat' dir='ltr'><strong>cari</strong></span> <span class='ocrx_word' id='word_1_263' title='bbox 292 1856 425 1891; x_wconf 90' lang='lat' dir='ltr'><strong>oportuit.</strong></span> <span class='ocrx_word' id='word_1_264' title='bbox 449 1855 503 1883; x_wconf 84' lang='lat' dir='ltr'><strong>Sed</strong></span> <span class='ocrx_word' id='word_1_265' title='bbox 518 1863 566 1883; x_wconf 90' lang='lat' dir='ltr'><strong>eos</strong></span> <span class='ocrx_word' id='word_1_266' title='bbox 584 1855 718 1882; x_wconf 81' lang='lat' dir='ltr'><strong>duntaxat</strong></span> <span class='ocrx_word' id='word_1_267' title='bbox 734 1859 857 1887; x_wconf 87' lang='lat' dir='ltr'><strong>accusat,</strong></span> <span class='ocrx_word' id='word_1_268' title='bbox 874 1855 1010 1890; x_wconf 90' lang='lat' dir='ltr'><strong>quiidolis</strong></span> 
     </span>
    </p>
   </div>
   <div class='ocr_carea' id='block_1_39' title="bbox 219 1902 1010 1938">
    <p class='ocr_par' dir='ltr' id='par_1_39' title="bbox 219 1902 1010 1938">
     <span class='ocr_line' id='line_1_39' title="bbox 219 1902 1010 1938; baseline 0 -8"><span class='ocrx_word' id='word_1_269' title='bbox 219 1903 371 1934; x_wconf 85' lang='lat' dir='ltr'><strong>immolant,</strong></span> <span class='ocrx_word' id='word_1_270' title='bbox 390 1910 444 1930; x_wconf 88' lang='lat' dir='ltr'><strong>non</strong></span> <span class='ocrx_word' id='word_1_271' title='bbox 461 1903 496 1930; x_wconf 89' lang='lat' dir='ltr'><strong>ob</strong></span> <span class='ocrx_word' id='word_1_272' title='bbox 515 1902 567 1930; x_wconf 87' lang='lat' dir='ltr'><strong>hoc</strong></span> <span class='ocrx_word' id='word_1_273' title='bbox 583 1903 685 1938; x_wconf 80' lang='lat' dir='ltr'><strong>ipsum,</strong></span> <span class='ocrx_word' id='word_1_274' title='bbox 701 1902 773 1937; x_wconf 90' lang='lat' dir='ltr'><strong>quod</strong></span> <span class='ocrx_word' id='word_1_275' title='bbox 788 1902 941 1934; x_wconf 88' lang='lat' dir='ltr'><strong>immolant,</strong></span> <span class='ocrx_word' id='word_1_276' title='bbox 961 1902 1010 1930; x_wconf 88' lang='lat' dir='ltr'><strong>sed</strong></span> 
     </span>
    </p>
   </div>
   <div class='ocr_carea' id='block_1_40' title="bbox 220 1948 1011 1985">
    <p class='ocr_par' dir='ltr' id='par_1_40' title="bbox 220 1948 1011 1985">
     <span class='ocr_line' id='line_1_40' title="bbox 220 1948 1011 1985; baseline -0.003 -8"><span class='ocrx_word' id='word_1_277' title='bbox 220 1950 293 1985; x_wconf 87' lang='lat' dir='ltr'><strong>quod</strong></span> <span class='ocrx_word' id='word_1_278' title='bbox 317 1950 398 1978; x_wconf 80' lang='lat' dir='ltr'><strong>idolis</strong></span> <span class='ocrx_word' id='word_1_279' title='bbox 419 1949 493 1977; x_wconf 86' lang='lat' dir='ltr'><strong>istud</strong></span> <span class='ocrx_word' id='word_1_280' title='bbox 517 1949 606 1984; x_wconf 83' lang='lat' dir='ltr'><strong>ipsum</strong></span> <span class='ocrx_word' id='word_1_281' title='bbox 632 1957 683 1983; x_wconf 89' lang='lat' dir='ltr'><strong>pro</strong></span> <span class='ocrx_word' id='word_1_282' title='bbox 707 1948 761 1976; x_wconf 88' lang='lat' dir='ltr'><strong>Deo</strong></span> <span class='ocrx_word' id='word_1_283' title='bbox 786 1953 925 1984; x_wconf 68' lang='lat' dir='ltr'><strong>prmstant.</strong></span> <span class='ocrx_word' id='word_1_284' title='bbox 951 1948 1011 1976; x_wconf 91' lang='lat' dir='ltr'><strong>Non</strong></span> 
     </span>
    </p>
   </div>
   <div class='ocr_carea' id='block_1_41' title="bbox 219 1994 1011 2028">
    <p class='ocr_par' dir='ltr' id='par_1_41' title="bbox 219 1994 1011 2028">
     <span class='ocr_line' id='line_1_41' title="bbox 219 1994 1011 2028; baseline -0.004 -4"><span class='ocrx_word' id='word_1_285' title='bbox 219 1997 294 2024; x_wconf 88' lang='lat' dir='ltr'><strong>enim</strong></span> <span class='ocrx_word' id='word_1_286' title='bbox 322 1996 384 2024; x_wconf 91' lang='lat' dir='ltr'><strong>ideo</strong></span> <span class='ocrx_word' id='word_1_287' title='bbox 410 1995 579 2028; x_wconf 89' lang='lat' dir='ltr'><strong>sacriﬁcant,</strong></span> <span class='ocrx_word' id='word_1_288' title='bbox 608 2000 638 2023; x_wconf 87' lang='lat' dir='ltr'><strong>ut</strong></span> <span class='ocrx_word' id='word_1_289' title='bbox 663 1995 792 2022; x_wconf 83' lang='lat' dir='ltr'><strong>alimenta</strong></span> <span class='ocrx_word' id='word_1_290' title='bbox 822 1994 953 2022; x_wconf 88' lang='lat' dir='ltr'><strong>divinitus</strong></span> <span class='ocrx_word' id='word_1_291' title='bbox 977 1995 1011 2022; x_wconf 85' lang='lat' dir='ltr'><strong>ad</strong></span> 
     </span>
    </p>
   </div>
   <div class='ocr_carea' id='block_1_42' title="bbox 221 2042 1012 2077">
    <p class='ocr_par' dir='ltr' id='par_1_42' title="bbox 221 2042 1012 2077">
     <span class='ocr_line' id='line_1_42' title="bbox 221 2042 1012 2077; baseline -0.001 -6"><span class='ocrx_word' id='word_1_292' title='bbox 221 2051 302 2071; x_wconf 92' lang='lat' dir='ltr'><strong>usum</strong></span> <span class='ocrx_word' id='word_1_293' title='bbox 316 2050 447 2071; x_wconf 87' lang='lat' dir='ltr'><strong>concessa</strong></span> <span class='ocrx_word' id='word_1_294' title='bbox 460 2043 512 2070; x_wconf 89' lang='lat' dir='ltr'><strong>sibi</strong></span> <span class='ocrx_word' id='word_1_295' title='bbox 529 2046 699 2077; x_wconf 87' lang='lat' dir='ltr'><strong>comparent,</strong></span> <span class='ocrx_word' id='word_1_296' title='bbox 715 2042 765 2070; x_wconf 85' lang='lat' dir='ltr'><strong>sed</strong></span> <span class='ocrx_word' id='word_1_297' title='bbox 782 2042 964 2074; x_wconf 66' lang='lat' dir='ltr'><strong>da=monibus,</strong></span> <span class='ocrx_word' id='word_1_298' title='bbox 979 2050 1012 2070; x_wconf 86' lang='lat' dir='ltr'><strong>ac</strong></span> 
     </span>
    </p>
   </div>
   <div class='ocr_carea' id='block_1_43' title="bbox 221 2088 1014 2121">
    <p class='ocr_par' dir='ltr' id='par_1_43' title="bbox 221 2088 1014 2121">
     <span class='ocr_line' id='line_1_43' title="bbox 221 2088 1014 2121; baseline -0.004 -3"><span class='ocrx_word' id='word_1_299' title='bbox 221 2090 377 2118; x_wconf 82' lang='lat' dir='ltr'><strong>vanissimis</strong></span> <span class='ocrx_word' id='word_1_300' title='bbox 392 2090 550 2118; x_wconf 89' lang='lat' dir='ltr'><strong>numinibus</strong></span> <span class='ocrx_word' id='word_1_301' title='bbox 564 2097 642 2117; x_wconf 85' lang='lat' dir='ltr'><strong>sacra</strong></span> <span class='ocrx_word' id='word_1_302' title='bbox 658 2089 773 2117; x_wconf 83' lang='lat' dir='ltr'><strong>faciunt.</strong></span> <span class='ocrx_word' id='word_1_303' title='bbox 789 2088 830 2116; x_wconf 91' lang='lat' dir='ltr'><strong>Tu</strong></span> <span class='ocrx_word' id='word_1_304' title='bbox 847 2096 926 2121; x_wconf 90' lang='lat' dir='ltr'><strong>vero,</strong></span> <span class='ocrx_word' id='word_1_305' title='bbox 943 2088 1014 2115; x_wconf 87' lang='lat' dir='ltr'><strong>Mar-</strong></span> 
     </span>
    </p>
   </div>
   <div class='ocr_carea' id='block_1_44' title="bbox 221 2134 1010 2169">
    <p class='ocr_par' dir='ltr' id='par_1_44' title="bbox 221 2134 1010 2169">
     <span class='ocr_line' id='line_1_44' title="bbox 221 2134 1010 2169; baseline -0.003 -6"><span class='ocrx_word' id='word_1_306' title='bbox 221 2136 276 2169; x_wconf 87' lang='lat' dir='ltr'><strong>cio,</strong></span> <span class='ocrx_word' id='word_1_307' title='bbox 290 2143 385 2164; x_wconf 86' lang='lat' dir='ltr'><strong>vocem</strong></span> <span class='ocrx_word' id='word_1_308' title='bbox 409 2136 494 2166; x_wconf 89' lang='lat' dir='ltr'><strong>illam,</strong></span> <span class='ocrx_word' id='word_1_309' title='bbox 516 2135 545 2162; x_wconf 78' lang='lat' dir='ltr'><strong>in</strong></span> <span class='ocrx_word' id='word_1_310' title='bbox 566 2135 662 2167; x_wconf 82' lang='lat' dir='ltr'><strong>templo</strong></span> <span class='ocrx_word' id='word_1_311' title='bbox 678 2134 856 2166; x_wconf 79' lang='lat' dir='ltr'><strong>immolatum,</strong></span> <span class='ocrx_word' id='word_1_312' title='bbox 875 2134 1010 2169; x_wconf 89' lang='lat' dir='ltr'><strong>adjecisti,</strong></span> 
     </span>
    </p>
   </div>
   <div class='ocr_carea' id='block_1_45' title="bbox 221 2181 1006 2217">
    <p class='ocr_par' dir='ltr' id='par_1_45' title="bbox 221 2181 1006 2217">
     <span class='ocr_line' id='line_1_45' title="bbox 221 2181 1006 2217; baseline 0 -8"><span class='ocrx_word' id='word_1_313' title='bbox 221 2190 254 2209; x_wconf 86' lang='lat' dir='ltr'><strong>ex</strong></span> <span class='ocrx_word' id='word_1_314' title='bbox 265 2190 298 2210; x_wconf 91' lang='lat' dir='ltr'><strong>eo</strong></span> <span class='ocrx_word' id='word_1_315' title='bbox 311 2186 397 2214; x_wconf 88' lang='lat' dir='ltr'><strong>ratus,</strong></span> <span class='ocrx_word' id='word_1_316' title='bbox 425 2182 498 2217; x_wconf 87' lang='lat' dir='ltr'><strong>quod</strong></span> <span class='ocrx_word' id='word_1_317' title='bbox 524 2182 579 2209; x_wconf 91' lang='lat' dir='ltr'><strong>duo</strong></span> <span class='ocrx_word' id='word_1_318' title='bbox 601 2181 660 2209; x_wconf 53' lang='lat' dir='ltr'><strong>hac</strong></span> <span class='ocrx_word' id='word_1_319' title='bbox 674 2181 816 2214; x_wconf 88' lang='lat' dir='ltr'><strong>vocabula,</strong></span> <span class='ocrx_word' id='word_1_320' title='bbox 831 2181 963 2216; x_wconf 91' lang='lat' dir='ltr'><strong>templum</strong></span> <span class='ocrx_word' id='word_1_321' title='bbox 978 2185 1006 2209; x_wconf 85' lang='lat' dir='ltr'><strong>et</strong></span> 
     </span>
    </p>
   </div>
   <div class='ocr_carea' id='block_1_46' title="bbox 222 2227 1013 2264">
    <p class='ocr_par' dir='ltr' id='par_1_46' title="bbox 222 2227 1013 2264">
     <span class='ocr_line' id='line_1_46' title="bbox 222 2227 1013 2264; baseline -0.003 -7"><span class='ocrx_word' id='word_1_322' title='bbox 222 2229 307 2261; x_wconf 88' lang='lat' dir='ltr'><strong>idola,</strong></span> <span class='ocrx_word' id='word_1_323' title='bbox 331 2228 460 2264; x_wconf 84' lang='lat' dir='ltr'><strong>permista</strong></span> <span class='ocrx_word' id='word_1_324' title='bbox 488 2228 605 2256; x_wconf 83' lang='lat' dir='ltr'><strong>invicem</strong></span> <span class='ocrx_word' id='word_1_325' title='bbox 621 2227 722 2261; x_wconf 83' lang='lat' dir='ltr'><strong>forent,</strong></span> <span class='ocrx_word' id='word_1_326' title='bbox 738 2227 882 2254; x_wconf 86' lang='lat' dir='ltr'><strong>ambarum</strong></span> <span class='ocrx_word' id='word_1_327' title='bbox 903 2235 1013 2262; x_wconf 87' lang='lat' dir='ltr'><strong>quoque</strong></span> 
     </span>
    </p>
   </div>
   <div class='ocr_carea' id='block_1_47' title="bbox 222 2273 1012 2310">
    <p class='ocr_par' dir='ltr' id='par_1_47' title="bbox 222 2273 1012 2310">
     <span class='ocr_line' id='line_1_47' title="bbox 222 2273 1012 2310; baseline -0.001 -7"><span class='ocrx_word' id='word_1_328' title='bbox 222 2277 362 2306; x_wconf 86' lang='lat' dir='ltr'><strong>rationum</strong></span> <span class='ocrx_word' id='word_1_329' title='bbox 385 2275 560 2303; x_wconf 86' lang='lat' dir='ltr'><strong>habitudines</strong></span> <span class='ocrx_word' id='word_1_330' title='bbox 586 2282 668 2310; x_wconf 87' lang='lat' dir='ltr'><strong>posse</strong></span> <span class='ocrx_word' id='word_1_331' title='bbox 691 2273 837 2302; x_wconf 84' lang='lat' dir='ltr'><strong>confundi.</strong></span> <span class='ocrx_word' id='word_1_332' title='bbox 863 2273 917 2301; x_wconf 89' lang='lat' dir='ltr'><strong>Sed</strong></span> <span class='ocrx_word' id='word_1_333' title='bbox 933 2273 1012 2309; x_wconf 81' lang='lat' dir='ltr'><strong>longe</strong></span> 
     </span>
    </p>
   </div>
   <div class='ocr_carea' id='block_1_48' title="bbox 223 2319 1013 2357">
    <p class='ocr_par' dir='ltr' id='par_1_48' title="bbox 223 2319 1013 2357">
     <span class='ocr_line' id='line_1_48' title="bbox 223 2319 1013 2357; baseline -0.004 -8"><span class='ocrx_word' id='word_1_334' title='bbox 223 2322 352 2357; x_wconf 88' lang='lat' dir='ltr'><strong>opinione</strong></span> <span class='ocrx_word' id='word_1_335' title='bbox 367 2326 413 2349; x_wconf 89' lang='lat' dir='ltr'><strong>tua</strong></span> <span class='ocrx_word' id='word_1_336' title='bbox 428 2321 542 2349; x_wconf 80' lang='lat' dir='ltr'><strong>falleris.</strong></span> <span class='ocrx_word' id='word_1_337' title='bbox 560 2321 666 2349; x_wconf 87' lang='lat' dir='ltr'><strong>Etenim</strong></span> <span class='ocrx_word' id='word_1_338' title='bbox 695 2321 718 2348; x_wconf 89' lang='lat' dir='ltr'><strong>si</strong></span> <span class='ocrx_word' id='word_1_339' title='bbox 741 2324 888 2355; x_wconf 87' lang='lat' dir='ltr'><strong>postquam</strong></span> <span class='ocrx_word' id='word_1_340' title='bbox 908 2319 1013 2346; x_wconf 80' lang='lat' dir='ltr'><strong>Novum</strong></span> 
     </span>
    </p>
   </div>
   <div class='ocr_carea' id='block_1_49' title="bbox 223 2366 1015 2402">
    <p class='ocr_par' dir='ltr' id='par_1_49' title="bbox 223 2366 1015 2402">
     <span class='ocr_line' id='line_1_49' title="bbox 223 2366 1015 2402; baseline -0.003 -7"><span class='ocrx_word' id='word_1_341' title='bbox 223 2368 429 2396; x_wconf 88' lang='lat' dir='ltr'><strong>Testamentum</strong></span> <span class='ocrx_word' id='word_1_342' title='bbox 454 2367 559 2394; x_wconf 89' lang='lat' dir='ltr'><strong>illatum</strong></span> <span class='ocrx_word' id='word_1_343' title='bbox 582 2371 634 2398; x_wconf 87' lang='lat' dir='ltr'><strong>est,</strong></span> <span class='ocrx_word' id='word_1_344' title='bbox 659 2367 786 2402; x_wconf 88' lang='lat' dir='ltr'><strong>privatim</strong></span> <span class='ocrx_word' id='word_1_345' title='bbox 800 2367 911 2398; x_wconf 61' lang='lat' dir='ltr'><strong>Christo</strong></span> <span class='ocrx_word' id='word_1_346' title='bbox 925 2366 1015 2394; x_wconf 87' lang='lat' dir='ltr'><strong>adhuc</strong></span> 
     </span>
    </p>
   </div>
   <div class='ocr_carea' id='block_1_50' title="bbox 224 2412 1015 2448">
    <p class='ocr_par' dir='ltr' id='par_1_50' title="bbox 224 2412 1015 2448">
     <span class='ocr_line' id='line_1_50' title="bbox 224 2412 1015 2448; baseline -0.001 -8"><span class='ocrx_word' id='word_1_347' title='bbox 224 2413 422 2444; x_wconf 87' lang='lat' dir='ltr'><strong>immolaretur,</strong></span> <span class='ocrx_word' id='word_1_348' title='bbox 439 2417 466 2441; x_wconf 79' lang='lat' dir='ltr'><strong>et</strong></span> <span class='ocrx_word' id='word_1_349' title='bbox 486 2413 513 2440; x_wconf 89' lang='lat' dir='ltr'><strong>in</strong></span> <span class='ocrx_word' id='word_1_350' title='bbox 527 2414 588 2448; x_wconf 87' lang='lat' dir='ltr'><strong>ejus</strong></span> <span class='ocrx_word' id='word_1_351' title='bbox 605 2413 715 2440; x_wconf 85' lang='lat' dir='ltr'><strong>nomine</strong></span> <span class='ocrx_word' id='word_1_352' title='bbox 732 2412 895 2440; x_wconf 71' lang='lat' dir='ltr'><strong>oﬁerrentur</strong></span> <span class='ocrx_word' id='word_1_353' title='bbox 909 2412 1015 2439; x_wconf 85' lang='lat' dir='ltr'><strong>anima-</strong></span> 
     </span>
    </p>
   </div>
   <div class='ocr_carea' id='block_1_51' title="bbox 224 2457 1016 2493">
    <p class='ocr_par' dir='ltr' id='par_1_51' title="bbox 224 2457 1016 2493">
     <span class='ocr_line' id='line_1_51' title="bbox 224 2457 1016 2493; baseline -0.001 -8"><span class='ocrx_word' id='word_1_354' title='bbox 224 2459 271 2491; x_wconf 83' lang='lat' dir='ltr'><strong>lia,</strong></span> <span class='ocrx_word' id='word_1_355' title='bbox 296 2458 473 2493; x_wconf 79' lang='lat' dir='ltr'><strong>probabiliter</strong></span> <span class='ocrx_word' id='word_1_356' title='bbox 496 2459 545 2486; x_wconf 89' lang='lat' dir='ltr'><strong>abs</strong></span> <span class='ocrx_word' id='word_1_357' title='bbox 565 2463 590 2486; x_wconf 88' lang='lat' dir='ltr'><strong>te</strong></span> <span class='ocrx_word' id='word_1_358' title='bbox 616 2458 834 2486; x_wconf 71' lang='lat' dir='ltr'><strong>mendacissimw</strong></span> <span class='ocrx_word' id='word_1_359' title='bbox 849 2458 901 2485; x_wconf 77' lang='lat' dir='ltr'><strong>illae</strong></span> <span class='ocrx_word' id='word_1_360' title='bbox 912 2457 1016 2484; x_wconf 85' lang='lat' dir='ltr'><strong>calum-</strong></span> 
     </span>
    </p>
   </div>
   <div class='ocr_carea' id='block_1_52' title="bbox 225 2503 1015 2540">
    <p class='ocr_par' dir='ltr' id='par_1_52' title="bbox 225 2503 1015 2540">
     <span class='ocr_line' id='line_1_52' title="bbox 225 2503 1015 2540; baseline -0.001 -8"><span class='ocrx_word' id='word_1_361' title='bbox 225 2505 278 2532; x_wconf 65' lang='lat' dir='ltr'><strong>niaa</strong></span> <span class='ocrx_word' id='word_1_362' title='bbox 292 2508 406 2539; x_wconf 60' lang='lat' dir='ltr'><strong>repertae</strong></span> <span class='ocrx_word' id='word_1_363' title='bbox 420 2504 590 2537; x_wconf 88' lang='lat' dir='ltr'><strong>viderentur,</strong></span> <span class='ocrx_word' id='word_1_364' title='bbox 607 2509 636 2531; x_wconf 90' lang='lat' dir='ltr'><strong>ut</strong></span> <span class='ocrx_word' id='word_1_365' title='bbox 653 2510 680 2532; x_wconf 89' lang='lat' dir='ltr'><strong>et</strong></span> <span class='ocrx_word' id='word_1_366' title='bbox 695 2505 741 2540; x_wconf 88' lang='lat' dir='ltr'><strong>qui</strong></span> <span class='ocrx_word' id='word_1_367' title='bbox 756 2505 807 2532; x_wconf 89' lang='lat' dir='ltr'><strong>hoc</strong></span> <span class='ocrx_word' id='word_1_368' title='bbox 822 2510 943 2540; x_wconf 87' lang='lat' dir='ltr'><strong>tempore</strong></span> <span class='ocrx_word' id='word_1_369' title='bbox 960 2503 1015 2531; x_wconf 92' lang='lat' dir='ltr'><strong>Deo</strong></span> 
     </span>
    </p>
   </div>
   <div class='ocr_carea' id='block_1_53' title="bbox 227 2550 1014 2586">
    <p class='ocr_par' dir='ltr' id='par_1_53' title="bbox 227 2550 1014 2586">
     <span class='ocr_line' id='line_1_53' title="bbox 227 2550 1014 2586; baseline -0.001 -8"><span class='ocrx_word' id='word_1_370' title='bbox 227 2550 424 2582; x_wconf 85' lang='lat' dir='ltr'><strong>sacriﬁcarent,</strong></span> <span class='ocrx_word' id='word_1_371' title='bbox 444 2554 472 2578; x_wconf 89' lang='lat' dir='ltr'><strong>et</strong></span> <span class='ocrx_word' id='word_1_372' title='bbox 489 2551 541 2578; x_wconf 87' lang='lat' dir='ltr'><strong>hoc</strong></span> <span class='ocrx_word' id='word_1_373' title='bbox 555 2551 620 2578; x_wconf 91' lang='lat' dir='ltr'><strong>olim</strong></span> <span class='ocrx_word' id='word_1_374' title='bbox 641 2550 889 2586; x_wconf 82' lang='lat' dir='ltr'><strong>llierosolymitano</strong></span> <span class='ocrx_word' id='word_1_375' title='bbox 902 2551 928 2578; x_wconf 88' lang='lat' dir='ltr'><strong>in</strong></span> <span class='ocrx_word' id='word_1_376' title='bbox 945 2555 1014 2577; x_wconf 91' lang='lat' dir='ltr'><strong>tem-</strong></span> 
     </span>
    </p>
   </div>
   <div class='ocr_carea' id='block_1_54' title="bbox 226 2596 1015 2633">
    <p class='ocr_par' dir='ltr' id='par_1_54' title="bbox 226 2596 1015 2633">
     <span class='ocr_line' id='line_1_54' title="bbox 226 2596 1015 2633; baseline 0.001 -9"><span class='ocrx_word' id='word_1_377' title='bbox 226 2597 273 2633; x_wconf 86' lang='lat' dir='ltr'><strong>plo</strong></span> <span class='ocrx_word' id='word_1_378' title='bbox 289 2597 419 2624; x_wconf 77' lang='lat' dir='ltr'><strong>iecissent</strong></span> <span class='ocrx_word' id='word_1_379' title='bbox 432 2601 458 2624; x_wconf 86' lang='lat' dir='ltr'><strong>et</strong></span> <span class='ocrx_word' id='word_1_380' title='bbox 473 2596 554 2624; x_wconf 86' lang='lat' dir='ltr'><strong>idolis</strong></span> <span class='ocrx_word' id='word_1_381' title='bbox 571 2597 755 2629; x_wconf 87' lang='lat' dir='ltr'><strong>immolarent,</strong></span> <span class='ocrx_word' id='word_1_382' title='bbox 772 2598 798 2624; x_wconf 91' lang='lat' dir='ltr'><strong>in</strong></span> <span class='ocrx_word' id='word_1_383' title='bbox 815 2605 898 2624; x_wconf 91' lang='lat' dir='ltr'><strong>unum</strong></span> <span class='ocrx_word' id='word_1_384' title='bbox 916 2597 1015 2625; x_wconf 89' lang='lat' dir='ltr'><strong>misce-</strong></span> 
     </span>
    </p>
   </div>
   <div class='ocr_carea' id='block_1_55' title="bbox 227 2643 1016 2674">
    <p class='ocr_par' dir='ltr' id='par_1_55' title="bbox 227 2643 1016 2674">
     <span class='ocr_line' id='line_1_55' title="bbox 227 2643 1016 2674; baseline 0.001 -4"><span class='ocrx_word' id='word_1_385' title='bbox 227 2646 323 2670; x_wconf 85' lang='lat' dir='ltr'><strong>rentur</strong></span> <span class='ocrx_word' id='word_1_386' title='bbox 338 2650 444 2674; x_wconf 85' lang='lat' dir='ltr'><strong>omnes,</strong></span> <span class='ocrx_word' id='word_1_387' title='bbox 459 2650 491 2670; x_wconf 90' lang='lat' dir='ltr'><strong>ac</strong></span> <span class='ocrx_word' id='word_1_388' title='bbox 507 2643 659 2674; x_wconf 68' lang='lat' dir='ltr'><strong>daemoniis.</strong></span> <span class='ocrx_word' id='word_1_389' title='bbox 685 2651 739 2670; x_wconf 90' lang='lat' dir='ltr'><strong>non</strong></span> <span class='ocrx_word' id='word_1_390' title='bbox 760 2643 816 2671; x_wconf 88' lang='lat' dir='ltr'><strong>Deo</strong></span> <span class='ocrx_word' id='word_1_391' title='bbox 833 2651 910 2671; x_wconf 83' lang='lat' dir='ltr'><strong>sacra</strong></span> <span class='ocrx_word' id='word_1_392' title='bbox 927 2643 1016 2671; x_wconf 82' lang='lat' dir='ltr'><strong>facere</strong></span> 
     </span>
    </p>
   </div>
   <div class='ocr_carea' id='block_1_56' title="bbox 227 2686 1018 2724">
    <p class='ocr_par' dir='ltr' id='par_1_56' title="bbox 227 2686 1018 2724">
     <span class='ocr_line' id='line_1_56' title="bbox 227 2686 1018 2724; baseline 0.001 -9"><span class='ocrx_word' id='word_1_393' title='bbox 227 2688 400 2716; x_wconf 86' lang='lat' dir='ltr'><strong>dicerentur..</strong></span> <span class='ocrx_word' id='word_1_394' title='bbox 421 2686 474 2715; x_wconf 87' lang='lat' dir='ltr'><strong>Sed</strong></span> <span class='ocrx_word' id='word_1_395' title='bbox 498 2695 559 2715; x_wconf 89' lang='lat' dir='ltr'><strong>cum</strong></span> <span class='ocrx_word' id='word_1_396' title='bbox 583 2689 711 2716; x_wconf 90' lang='lat' dir='ltr'><strong>animalia</strong></span> <span class='ocrx_word' id='word_1_397' title='bbox 735 2697 815 2716; x_wconf 87' lang='lat' dir='ltr'><strong>nemo</strong></span> <span class='ocrx_word' id='word_1_398' title='bbox 831 2689 939 2716; x_wconf 89' lang='lat' dir='ltr'><strong>Christo</strong></span> <span class='ocrx_word' id='word_1_399' title='bbox 955 2693 1018 2724; x_wconf 89' lang='lat' dir='ltr'><strong>post-</strong></span> 
     </span>
    </p>
   </div>
   <div class='ocr_carea' id='block_1_57' title="bbox 227 2733 1015 2768">
    <p class='ocr_par' dir='ltr' id='par_1_57' title="bbox 227 2733 1015 2768">
     <span class='ocr_line' id='line_1_57' title="bbox 227 2733 1015 2768; baseline -0.001 -7"><span class='ocrx_word' id='word_1_400' title='bbox 227 2733 288 2768; x_wconf 83' lang='lat' dir='ltr'><strong>ejus</strong></span> <span class='ocrx_word' id='word_1_401' title='bbox 308 2733 453 2761; x_wconf 90' lang='lat' dir='ltr'><strong>adventum</strong></span> <span class='ocrx_word' id='word_1_402' title='bbox 472 2741 504 2761; x_wconf 88' lang='lat' dir='ltr'><strong>ac</strong></span> <span class='ocrx_word' id='word_1_403' title='bbox 530 2733 634 2761; x_wconf 84' lang='lat' dir='ltr'><strong>Novum</strong></span> <span class='ocrx_word' id='word_1_404' title='bbox 652 2733 858 2762; x_wconf 83' lang='lat' dir='ltr'><strong>Testamentum</strong></span> <span class='ocrx_word' id='word_1_405' title='bbox 874 2733 1015 2762; x_wconf 85' lang='lat' dir='ltr'><strong>conditum</strong></span> 
     </span>
    </p>
   </div>
   <div class='ocr_carea' id='block_1_58' title="bbox 276 2823 514 2866">
    <p class='ocr_par' dir='ltr' id='par_1_58' title="bbox 276 2823 514 2866">
     <span class='ocr_line' id='line_1_58' title="bbox 276 2823 514 2866; baseline 0.008 -17"><span class='ocrx_word' id='word_1_406' title='bbox 276 2823 309 2866; x_wconf 60' lang='grc' dir='ltr'>ξι</span> <span class='ocrx_word' id='word_1_407' title='bbox 331 2823 395 2852; x_wconf 87' lang='lat' dir='ltr'><strong>Cor.</strong></span> <span class='ocrx_word' id='word_1_408' title='bbox 421 2833 448 2859; x_wconf 70' lang='grc' dir='ltr'><strong>ιι,</strong></span> <span class='ocrx_word' id='word_1_409' title='bbox 469 2825 514 2853; x_wconf 76' lang='grc'><strong>19.</strong></span> 
     </span>
    </p>
   </div>
   <div class='ocr_carea' id='block_1_59' title="bbox 237 2867 352 2894">
    <p class='ocr_par' dir='ltr' id='par_1_59' title="bbox 237 2867 352 2894">
     <span class='ocr_line' id='line_1_59' title="bbox 237 2867 352 2894; baseline 0.017 -11"><span class='ocrx_word' id='word_1_410' title='bbox 237 2867 352 2894; x_wconf 60' lang='grc' dir='ltr'>ιρινετο.</span> 
     </span>
    </p>
   </div>
   <div class='ocr_carea' id='block_1_60' title="bbox 570 2824 809 2852">
    <p class='ocr_par' dir='ltr' id='par_1_60' title="bbox 570 2824 809 2852">
     <span class='ocr_line' id='line_1_60' title="bbox 570 2824 809 2852; baseline -0.004 0"><span class='ocrx_word' id='word_1_411' title='bbox 570 2825 580 2840; x_wconf 82' lang='grc'>³</span> <span class='ocrx_word' id='word_1_412' title='bbox 604 2824 634 2852; x_wconf 77' lang='lat' dir='ltr'><strong>F.</strong></span> <span class='ocrx_word' id='word_1_413' title='bbox 662 2824 708 2851; x_wconf 76' lang='grc' dir='ltr'>τοῦ</span> <span class='ocrx_word' id='word_1_414' title='bbox 731 2824 809 2851; x_wconf 70' lang='grc' dir='ltr'>Θεοῦ.</span> 
     </span>
    </p>
   </div>
   <div class='ocr_carea' id='block_1_61' title="bbox 908 123 1133 155">
    <p class='ocr_par' dir='ltr' id='par_1_61' title="bbox 908 123 1133 155">
     <span class='ocr_line' id='line_1_61' title="bbox 908 123 1133 155; baseline -0.004 0"><span class='ocrx_word' id='word_1_415' title='bbox 908 123 938 155; x_wconf 79' lang='lat' dir='ltr'><strong>S.</strong></span> <span class='ocrx_word' id='word_1_416' title='bbox 961 126 1133 154; x_wconf 76' lang='lat' dir='ltr'><strong>EPIPHAMI</strong></span> 
     </span>
    </p>
   </div>
   <div class='ocr_carea' id='block_1_62' title="bbox 863 2822 1745 2859">
    <p class='ocr_par' dir='ltr' id='par_1_62' title="bbox 863 2822 1745 2859">
     <span class='ocr_line' id='line_1_62' title="bbox 863 2822 1745 2859; baseline -0.003 -8"><span class='ocrx_word' id='word_1_417' title='bbox 863 2825 873 2840; x_wconf 93' lang='grc'>³</span> <span class='ocrx_word' id='word_1_418' title='bbox 893 2824 965 2859; x_wconf 56' lang='grc' dir='ltr'><strong>ναι-,ξ</strong></span> <span class='ocrx_word' id='word_1_419' title='bbox 979 2823 1075 2856; x_wconf 82' lang='lat' dir='ltr'><strong>addit.,</strong></span> <span class='ocrx_word' id='word_1_420' title='bbox 1095 2823 1205 2859; x_wconf 81' lang='grc' dir='ltr'>Χριστῷ</span> <span class='ocrx_word' id='word_1_421' title='bbox 1219 2823 1346 2851; x_wconf 75' lang='grc' dir='ltr'>θυόντων.</span> <span class='ocrx_word' id='word_1_422' title='bbox 1387 2822 1426 2850; x_wconf 68' lang='lat' dir='ltr'><strong>‘F</strong></span> <span class='ocrx_word' id='word_1_423' title='bbox 1455 2823 1603 2859; x_wconf 73' lang='grc' dir='ltr'><strong>δαιμονίοις</strong></span> <span class='ocrx_word' id='word_1_424' title='bbox 1617 2822 1745 2849; x_wconf 81' lang='grc' dir='ltr'>θυόντων.</span> 
     </span>
    </p>
   </div>
   <div class='ocr_carea' id='block_1_63' title="bbox 1790 123 1854 151">
    <p class='ocr_par' dir='ltr' id='par_1_63' title="bbox 1790 123 1854 151">
     <span class='ocr_line' id='line_1_63' title="bbox 1790 123 1854 151; baseline 0.031 -2"><span class='ocrx_word' id='word_1_425' title='bbox 1790 123 1854 151; x_wconf 83' lang='grc'><strong>788</strong></span> 
     </span>
    </p>
   </div>
   <div class='ocr_carea' id='block_1_64' title="bbox 1089 179 1855 222">
    <p class='ocr_par' dir='ltr' id='par_1_64' title="bbox 1089 179 1855 222">
     <span class='ocr_line' id='line_1_64' title="bbox 1089 179 1855 222; baseline -0.009 -9"><span class='ocrx_word' id='word_1_426' title='bbox 1089 187 1159 222; x_wconf 79' lang='grc' dir='ltr'>Ἀρσ.</span> <span class='ocrx_word' id='word_1_427' title='bbox 1172 185 1237 220; x_wconf 81' lang='grc' dir='ltr'>γοῦν</span> <span class='ocrx_word' id='word_1_428' title='bbox 1252 184 1355 221; x_wconf 81' lang='grc' dir='ltr'>ἀληθὴς</span> <span class='ocrx_word' id='word_1_429' title='bbox 1367 184 1383 220; x_wconf 79' lang='grc' dir='ltr'>ἡ</span> <span class='ocrx_word' id='word_1_430' title='bbox 1397 183 1505 220; x_wconf 84' lang='grc' dir='ltr'>Γραφὴ,</span> <span class='ocrx_word' id='word_1_431' title='bbox 1522 182 1552 215; x_wconf 79' lang='grc' dir='ltr'><strong>ἐξ</strong></span> <span class='ocrx_word' id='word_1_432' title='bbox 1567 179 1602 218; x_wconf 82' lang='grc' dir='ltr'>ἧς</span> <span class='ocrx_word' id='word_1_433' title='bbox 1614 181 1661 209; x_wconf 81' lang='grc' dir='ltr'>καὶ</span> <span class='ocrx_word' id='word_1_434' title='bbox 1673 181 1719 208; x_wconf 81' lang='grc' dir='ltr'>τὸν</span> <span class='ocrx_word' id='word_1_435' title='bbox 1734 181 1855 216; x_wconf 76' lang='grc' dir='ltr'>ἔλεγχον</span> 
     </span>
    </p>
   </div>
   <div class='ocr_carea' id='block_1_65' title="bbox 1054 225 1854 267">
    <p class='ocr_par' dir='ltr' id='par_1_65' title="bbox 1054 225 1854 267">
     <span class='ocr_line' id='line_1_65' title="bbox 1054 225 1854 267; baseline -0.009 -7"><span class='ocrx_word' id='word_1_436' title='bbox 1054 234 1124 260; x_wconf 84' lang='grc' dir='ltr'>κατὰ</span> <span class='ocrx_word' id='word_1_437' title='bbox 1138 232 1193 259; x_wconf 81' lang='grc' dir='ltr'>τῶν</span> <span class='ocrx_word' id='word_1_438' title='bbox 1209 233 1317 267; x_wconf 85' lang='grc' dir='ltr'>ἀνόμων</span> <span class='ocrx_word' id='word_1_439' title='bbox 1330 233 1344 258; x_wconf 91' lang='lat'><strong>6</strong></span> <span class='ocrx_word' id='word_1_440' title='bbox 1364 230 1524 262; x_wconf 78' lang='grc' dir='ltr'>Ἀπόστολος</span> <span class='ocrx_word' id='word_1_441' title='bbox 1543 228 1688 264; x_wconf 78' lang='grc' dir='ltr'>λαμϐάνει.</span> <span class='ocrx_word' id='word_1_442' title='bbox 1709 225 1776 254; x_wconf 72' lang='grc' dir='ltr'>Εἶτα</span> <span class='ocrx_word' id='word_1_443' title='bbox 1791 227 1854 254; x_wconf 80' lang='grc' dir='ltr'>πά-</span> 
     </span>
    </p>
   </div>
   <div class='ocr_carea' id='block_1_66' title="bbox 1053 275 1854 314">
    <p class='ocr_par' dir='ltr' id='par_1_66' title="bbox 1053 275 1854 314">
     <span class='ocr_line' id='line_1_66' title="bbox 1053 275 1854 314; baseline -0.009 -7"><span class='ocrx_word' id='word_1_444' title='bbox 1053 281 1096 308; x_wconf 84' lang='grc' dir='ltr'><strong>λιν</strong></span> <span class='ocrx_word' id='word_1_445' title='bbox 1105 290 1111 295; x_wconf 92' lang='grc'><strong>·</strong></span> <span class='ocrx_word' id='word_1_446' title='bbox 1131 279 1216 314; x_wconf 84' lang='grc' dir='ltr'><strong>Μηδὲ</strong></span> <span class='ocrx_word' id='word_1_447' title='bbox 1230 277 1410 313; x_wconf 76' lang='grc' dir='ltr'>πειράζωμεν</span> <span class='ocrx_word' id='word_1_448' title='bbox 1419 277 1472 304; x_wconf 81' lang='grc' dir='ltr'>τόν</span> <span class='ocrx_word' id='word_1_449' title='bbox 1485 277 1605 310; x_wconf 77' lang='grc' dir='ltr'><strong>Κύριον.</strong></span> <span class='ocrx_word' id='word_1_450' title='bbox 1627 275 1657 302; x_wconf 89' lang='lat'><strong>&#39;0</strong></span> <span class='ocrx_word' id='word_1_451' title='bbox 1670 275 1698 302; x_wconf 82' lang='grc' dir='ltr'><strong>δὲ</strong></span> <span class='ocrx_word' id='word_1_452' title='bbox 1711 275 1854 309; x_wconf 81' lang='grc' dir='ltr'><strong>Μαρκίων</strong></span> 
     </span>
    </p>
   </div>
   <div class='ocr_carea' id='block_1_67' title="bbox 1053 322 1854 360">
    <p class='ocr_par' dir='ltr' id='par_1_67' title="bbox 1053 322 1854 360">
     <span class='ocr_line' id='line_1_67' title="bbox 1053 322 1854 360; baseline -0.009 -6"><span class='ocrx_word' id='word_1_453' title='bbox 1053 327 1113 354; x_wconf 77' lang='grc' dir='ltr'>ἀντὶ</span> <span class='ocrx_word' id='word_1_454' title='bbox 1131 325 1189 359; x_wconf 80' lang='grc' dir='ltr'>τοῦ,</span> <span class='ocrx_word' id='word_1_455' title='bbox 1207 325 1328 359; x_wconf 82' lang='grc' dir='ltr'>Κύριον,</span> <span class='ocrx_word' id='word_1_456' title='bbox 1345 324 1461 360; x_wconf 83' lang='grc' dir='ltr'>Χριστὸν</span> <span class='ocrx_word' id='word_1_457' title='bbox 1477 323 1601 359; x_wconf 78' lang='grc' dir='ltr'>ἐποίησε.</span> <span class='ocrx_word' id='word_1_458' title='bbox 1623 322 1739 357; x_wconf 78' lang='grc' dir='ltr'>Χριστὸν</span> <span class='ocrx_word' id='word_1_459' title='bbox 1755 322 1785 348; x_wconf 78' lang='grc' dir='ltr'><strong>δὲ</strong></span> <span class='ocrx_word' id='word_1_460' title='bbox 1799 322 1854 348; x_wconf 80' lang='grc' dir='ltr'>καὶ</span> 
     </span>
    </p>
   </div>
   <div class='ocr_carea' id='block_1_68' title="bbox 1054 367 1851 408">
    <p class='ocr_par' dir='ltr' id='par_1_68' title="bbox 1054 367 1851 408">
     <span class='ocr_line' id='line_1_68' title="bbox 1054 367 1851 408; baseline -0.008 -8"><span class='ocrx_word' id='word_1_461' title='bbox 1054 373 1156 408; x_wconf 83' lang='grc' dir='ltr'><strong>Κύριον</strong></span> <span class='ocrx_word' id='word_1_462' title='bbox 1176 371 1275 399; x_wconf 81' lang='grc' dir='ltr'>ταυτὸν</span> <span class='ocrx_word' id='word_1_463' title='bbox 1290 371 1435 406; x_wconf 81' lang='grc' dir='ltr'><strong>ὑπάρχειν,</strong></span> <span class='ocrx_word' id='word_1_464' title='bbox 1457 369 1510 397; x_wconf 69' lang='grc' dir='ltr'>κᾶν</span> <span class='ocrx_word' id='word_1_465' title='bbox 1528 369 1565 405; x_wconf 85' lang='grc' dir='ltr'>μὴ</span> <span class='ocrx_word' id='word_1_466' title='bbox 1589 368 1680 403; x_wconf 82' lang='grc' dir='ltr'><strong>δοκοίη</strong></span> <span class='ocrx_word' id='word_1_467' title='bbox 1703 367 1742 401; x_wconf 87' lang='grc' dir='ltr'><strong>τῷ</strong></span> <span class='ocrx_word' id='word_1_468' title='bbox 1765 368 1851 403; x_wconf 77' lang='grc' dir='ltr'>Μαρ-</span> 
     </span>
    </p>
   </div>
   <div class='ocr_carea' id='block_1_69' title="bbox 1054 413 1854 454">
    <p class='ocr_par' dir='ltr' id='par_1_69' title="bbox 1054 413 1854 454">
     <span class='ocr_line' id='line_1_69' title="bbox 1054 413 1854 454; baseline -0.009 -8"><span class='ocrx_word' id='word_1_469' title='bbox 1054 419 1143 450; x_wconf 84' lang='grc' dir='ltr'>κίωνι,</span> <span class='ocrx_word' id='word_1_470' title='bbox 1159 417 1435 454; x_wconf 84' lang='grc' dir='ltr'>προῦποτεταγμένης</span> <span class='ocrx_word' id='word_1_471' title='bbox 1452 416 1502 451; x_wconf 80' lang='grc' dir='ltr'>τῆς</span> <span class='ocrx_word' id='word_1_472' title='bbox 1525 415 1572 442; x_wconf 82' lang='grc' dir='ltr'>τοῦ</span> <span class='ocrx_word' id='word_1_473' title='bbox 1595 413 1713 450; x_wconf 78' lang='grc' dir='ltr'><strong>Χριστοῦ</strong></span> <span class='ocrx_word' id='word_1_474' title='bbox 1741 414 1854 440; x_wconf 76' lang='grc' dir='ltr'>ἐπωνυ-</span> 
     </span>
    </p>
   </div>
   <div class='ocr_carea' id='block_1_70' title="bbox 1055 459 1851 501">
    <p class='ocr_par' dir='ltr' id='par_1_70' title="bbox 1055 459 1851 501">
     <span class='ocr_line' id='line_1_70' title="bbox 1055 459 1851 501; baseline -0.006 -10"><span class='ocrx_word' id='word_1_475' title='bbox 1055 465 1131 501; x_wconf 90' lang='grc' dir='ltr'>μίας,</span> <span class='ocrx_word' id='word_1_476' title='bbox 1147 465 1176 491; x_wconf 83' lang='grc' dir='ltr'>ἐν</span> <span class='ocrx_word' id='word_1_477' title='bbox 1192 463 1231 499; x_wconf 84' lang='grc' dir='ltr'><strong>τῷ</strong></span> <span class='ocrx_word' id='word_1_478' title='bbox 1248 464 1335 490; x_wconf 88' lang='grc' dir='ltr'>εἰπεῖν</span> <span class='ocrx_word' id='word_1_479' title='bbox 1346 471 1353 478; x_wconf 87' lang='grc'><em>”</em></span> <span class='ocrx_word' id='word_1_480' title='bbox 1380 463 1410 489; x_wconf 85' lang='grc' dir='ltr'><strong>Ἠ</strong></span> <span class='ocrx_word' id='word_1_481' title='bbox 1423 462 1516 496; x_wconf 79' lang='grc' dir='ltr'>πέτρα</span> <span class='ocrx_word' id='word_1_482' title='bbox 1529 459 1568 497; x_wconf 80' lang='grc' dir='ltr'><strong>ἦν</strong></span> <span class='ocrx_word' id='word_1_483' title='bbox 1587 463 1604 488; x_wconf 82' lang='grc' dir='ltr'><strong><em>ὀ</em></strong></span> <span class='ocrx_word' id='word_1_484' title='bbox 1626 461 1768 495; x_wconf 83' lang='grc' dir='ltr'>Χριστός·</span> <span class='ocrx_word' id='word_1_485' title='bbox 1787 460 1851 492; x_wconf 82' lang='grc' dir='ltr'>καὶ,</span> 
     </span>
    </p>
   </div>
   <div class='ocr_carea' id='block_1_71' title="bbox 1051 506 1852 543">
    <p class='ocr_par' dir='ltr' id='par_1_71' title="bbox 1051 506 1852 543">
     <span class='ocr_line' id='line_1_71' title="bbox 1051 506 1852 543; baseline -0.007 -5"><span class='ocrx_word' id='word_1_486' title='bbox 1051 512 1112 538; x_wconf 86' lang='grc' dir='ltr'><strong>Οὐκ</strong></span> <span class='ocrx_word' id='word_1_487' title='bbox 1133 511 1167 537; x_wconf 84' lang='grc' dir='ltr'><strong>ἐν</strong></span> <span class='ocrx_word' id='word_1_488' title='bbox 1189 510 1252 543; x_wconf 83' lang='grc' dir='ltr'>τοῖς</span> <span class='ocrx_word' id='word_1_489' title='bbox 1275 510 1417 537; x_wconf 75' lang='grc' dir='ltr'><strong>πλείοσιν</strong></span> <span class='ocrx_word' id='word_1_490' title='bbox 1432 507 1531 535; x_wconf 78' lang='grc' dir='ltr'>αὐτῶν</span> <span class='ocrx_word' id='word_1_491' title='bbox 1549 507 1714 541; x_wconf 79' lang='grc' dir='ltr'>ηὐδόκησε,</span> <span class='ocrx_word' id='word_1_492' title='bbox 1734 506 1852 540; x_wconf 82' lang='grc' dir='ltr'>Διεξιὼν</span> 
     </span>
    </p>
   </div>
   <div class='ocr_carea' id='block_1_72' title="bbox 1053 554 1853 590">
    <p class='ocr_par' dir='ltr' id='par_1_72' title="bbox 1053 554 1853 590">
     <span class='ocr_line' id='line_1_72' title="bbox 1053 554 1853 590; baseline -0.004 -7"><span class='ocrx_word' id='word_1_493' title='bbox 1053 557 1081 583; x_wconf 82' lang='grc' dir='ltr'><strong>δὲ</strong></span> <span class='ocrx_word' id='word_1_494' title='bbox 1096 557 1177 583; x_wconf 84' lang='grc' dir='ltr'>πάλιν</span> <span class='ocrx_word' id='word_1_495' title='bbox 1199 556 1213 582; x_wconf 93' lang='lat'><strong>6</strong></span> <span class='ocrx_word' id='word_1_496' title='bbox 1238 557 1315 590; x_wconf 75' lang='grc' dir='ltr'>ἅγιος</span> <span class='ocrx_word' id='word_1_497' title='bbox 1336 555 1496 586; x_wconf 79' lang='grc' dir='ltr'>Ἀπόστολος</span> <span class='ocrx_word' id='word_1_498' title='bbox 1512 555 1602 581; x_wconf 81' lang='grc' dir='ltr'>πᾶσαν</span> <span class='ocrx_word' id='word_1_499' title='bbox 1624 555 1675 590; x_wconf 79' lang='grc' dir='ltr'>τὴν</span> <span class='ocrx_word' id='word_1_500' title='bbox 1695 554 1742 581; x_wconf 83' lang='grc' dir='ltr'>τοῦ</span> <span class='ocrx_word' id='word_1_501' title='bbox 1761 562 1853 588; x_wconf 78' lang='grc' dir='ltr'>κεφα-</span> 
     </span>
    </p>
   </div>
   <div class='ocr_carea' id='block_1_73' title="bbox 1053 599 1852 637">
    <p class='ocr_par' dir='ltr' id='par_1_73' title="bbox 1053 599 1852 637">
     <span class='ocr_line' id='line_1_73' title="bbox 1053 599 1852 637; baseline -0.005 -7"><span class='ocrx_word' id='word_1_502' title='bbox 1053 603 1130 630; x_wconf 89' lang='grc' dir='ltr'>λαίου</span> <span class='ocrx_word' id='word_1_503' title='bbox 1147 603 1286 634; x_wconf 85' lang='grc' dir='ltr'>ὑπόθεσιν,</span> <span class='ocrx_word' id='word_1_504' title='bbox 1302 602 1383 637; x_wconf 81' lang='grc' dir='ltr'>φησι·</span> <span class='ocrx_word' id='word_1_505' title='bbox 1407 601 1502 628; x_wconf 81' lang='grc' dir='ltr'>Ταῦτα</span> <span class='ocrx_word' id='word_1_506' title='bbox 1515 599 1550 626; x_wconf 85' lang='grc' dir='ltr'><em>δὲ</em></span> <span class='ocrx_word' id='word_1_507' title='bbox 1564 599 1695 633; x_wconf 82' lang='grc' dir='ltr'><strong>τυπικῶς</strong></span> <span class='ocrx_word' id='word_1_508' title='bbox 1708 599 1852 627; x_wconf 79' lang='grc' dir='ltr'>συνέϐαι-</span> 
     </span>
    </p>
   </div>
   <div class='ocr_carea' id='block_1_74' title="bbox 1053 646 1853 684">
    <p class='ocr_par' dir='ltr' id='par_1_74' title="bbox 1053 646 1853 684">
     <span class='ocr_line' id='line_1_74' title="bbox 1053 646 1853 684; baseline -0.005 -7"><span class='ocrx_word' id='word_1_509' title='bbox 1053 659 1108 677; x_wconf 81' lang='grc' dir='ltr'><strong>νεν</strong></span> <span class='ocrx_word' id='word_1_510' title='bbox 1121 650 1249 682; x_wconf 80' lang='grc' dir='ltr'>ἐκεινοις</span> <span class='ocrx_word' id='word_1_511' title='bbox 1259 657 1267 664; x_wconf 73' lang='grc' dir='ltr'>θ</span> <span class='ocrx_word' id='word_1_512' title='bbox 1286 648 1400 684; x_wconf 53' lang='lat' dir='ltr'><strong>away&quot;</strong></span> <span class='ocrx_word' id='word_1_513' title='bbox 1417 647 1451 674; x_wconf 83' lang='grc' dir='ltr'><strong>δὲ</strong></span> <span class='ocrx_word' id='word_1_514' title='bbox 1465 646 1538 682; x_wconf 78' lang='grc' dir='ltr'><strong>ἡμῖν</strong></span> <span class='ocrx_word' id='word_1_515' title='bbox 1554 647 1598 679; x_wconf 79' lang='grc' dir='ltr'><strong>εἰς</strong></span> <span class='ocrx_word' id='word_1_516' title='bbox 1617 647 1790 674; x_wconf 83' lang='grc' dir='ltr'>νουθεσίαν.</span> <span class='ocrx_word' id='word_1_517' title='bbox 1816 647 1853 673; x_wconf 78' lang='lat' dir='ltr'><strong>Et</strong></span> 
     </span>
    </p>
   </div>
   <div class='ocr_carea' id='block_1_75' title="bbox 1053 693 1852 729">
    <p class='ocr_par' dir='ltr' id='par_1_75' title="bbox 1053 693 1852 729">
     <span class='ocr_line' id='line_1_75' title="bbox 1053 693 1852 729; baseline -0.006 -5"><span class='ocrx_word' id='word_1_518' title='bbox 1053 697 1143 724; x_wconf 77' lang='grc' dir='ltr'>τοίνυν</span> <span class='ocrx_word' id='word_1_519' title='bbox 1171 696 1206 723; x_wconf 70' lang='grc' dir='ltr'><strong>τὰ</strong></span> <span class='ocrx_word' id='word_1_520' title='bbox 1230 695 1352 727; x_wconf 83' lang='grc' dir='ltr'><strong>τυπικῶς</strong></span> <span class='ocrx_word' id='word_1_521' title='bbox 1378 694 1497 725; x_wconf 77' lang='grc' dir='ltr'>ἐκείνοις</span> <span class='ocrx_word' id='word_1_522' title='bbox 1514 693 1707 729; x_wconf 77' lang='grc' dir='ltr'>συμϐεϐηκότα</span> <span class='ocrx_word' id='word_1_523' title='bbox 1739 694 1852 729; x_wconf 74' lang='grc' dir='ltr'>ἐγράφη</span> 
     </span>
    </p>
   </div>
   <div class='ocr_carea' id='block_1_76' title="bbox 1053 740 1853 779">
    <p class='ocr_par' dir='ltr' id='par_1_76' title="bbox 1053 740 1853 779">
     <span class='ocr_line' id='line_1_76' title="bbox 1053 740 1853 779; baseline -0.006 -9"><span class='ocrx_word' id='word_1_524' title='bbox 1053 744 1120 779; x_wconf 74' lang='grc' dir='ltr'>ἡμῖν</span> <span class='ocrx_word' id='word_1_525' title='bbox 1142 743 1182 775; x_wconf 86' lang='grc' dir='ltr'><strong>εἰς</strong></span> <span class='ocrx_word' id='word_1_526' title='bbox 1201 742 1351 774; x_wconf 74' lang='grc' dir='ltr'>νουθεσίαν,</span> <span class='ocrx_word' id='word_1_527' title='bbox 1367 743 1382 769; x_wconf 98' lang='lat'><strong>6</strong></span> <span class='ocrx_word' id='word_1_528' title='bbox 1398 741 1507 777; x_wconf 80' lang='grc' dir='ltr'><strong>γράψας</strong></span> <span class='ocrx_word' id='word_1_529' title='bbox 1526 740 1561 767; x_wconf 82' lang='grc' dir='ltr'><strong>τὰ</strong></span> <span class='ocrx_word' id='word_1_530' title='bbox 1578 740 1708 774; x_wconf 79' lang='grc' dir='ltr'>γεγονότα</span> <span class='ocrx_word' id='word_1_531' title='bbox 1721 740 1784 766; x_wconf 86' lang='grc' dir='ltr'>τότε</span> <span class='ocrx_word' id='word_1_532' title='bbox 1808 740 1853 772; x_wconf 86' lang='grc' dir='ltr'><strong>εἰς</strong></span> 
     </span>
    </p>
   </div>
   <div class='ocr_carea' id='block_1_77' title="bbox 1054 785 1853 824">
    <p class='ocr_par' dir='ltr' id='par_1_77' title="bbox 1054 785 1853 824">
     <span class='ocr_line' id='line_1_77' title="bbox 1054 785 1853 824; baseline -0.006 -7"><span class='ocrx_word' id='word_1_533' title='bbox 1054 789 1196 817; x_wconf 77' lang='grc' dir='ltr'>νουθεσίαν</span> <span class='ocrx_word' id='word_1_534' title='bbox 1220 788 1299 824; x_wconf 82' lang='grc' dir='ltr'>ἡμῶν</span> <span class='ocrx_word' id='word_1_535' title='bbox 1319 788 1480 824; x_wconf 77' lang='grc' dir='ltr'>ἐπεμελεῖτο</span> <span class='ocrx_word' id='word_1_536' title='bbox 1496 785 1534 815; x_wconf 82' lang='grc' dir='ltr'><strong>ὧν</strong></span> <span class='ocrx_word' id='word_1_537' title='bbox 1559 788 1607 814; x_wconf 74' lang='grc' dir='ltr'>καὶ</span> <span class='ocrx_word' id='word_1_538' title='bbox 1631 786 1681 822; x_wconf 86' lang='grc' dir='ltr'>τὴν</span> <span class='ocrx_word' id='word_1_539' title='bbox 1705 786 1853 813; x_wconf 85' lang='grc' dir='ltr'>νουθεσίαν</span> 
     </span>
    </p>
   </div>
   <div class='ocr_carea' id='block_1_78' title="bbox 1055 832 1851 870">
    <p class='ocr_par' dir='ltr' id='par_1_78' title="bbox 1055 832 1851 870">
     <span class='ocr_line' id='line_1_78' title="bbox 1055 832 1851 870; baseline -0.005 -8"><span class='ocrx_word' id='word_1_540' title='bbox 1055 836 1183 867; x_wconf 74' lang='grc' dir='ltr'>ἐποιεῖτο,</span> <span class='ocrx_word' id='word_1_541' title='bbox 1203 835 1234 861; x_wconf 77' lang='grc' dir='ltr'>τὸ</span> <span class='ocrx_word' id='word_1_542' title='bbox 1257 835 1295 870; x_wconf 82' lang='grc' dir='ltr'>μὴ</span> <span class='ocrx_word' id='word_1_543' title='bbox 1312 833 1435 869; x_wconf 89' lang='grc' dir='ltr'>γίνεσθαι</span> <span class='ocrx_word' id='word_1_544' title='bbox 1453 835 1528 870; x_wconf 79' lang='grc' dir='ltr'>ἡμᾶς</span> <span class='ocrx_word' id='word_1_545' title='bbox 1550 833 1722 869; x_wconf 76' lang='grc' dir='ltr'><strong>ἐπιθυμητὰς</strong></span> <span class='ocrx_word' id='word_1_546' title='bbox 1743 832 1851 859; x_wconf 81' lang='grc' dir='ltr'>κακῶν.</span> 
     </span>
    </p>
   </div>
   <div class='ocr_carea' id='block_1_79' title="bbox 1019 870 1853 917">
    <p class='ocr_par' dir='ltr' id='par_1_79' title="bbox 1019 870 1853 917">
     <span class='ocr_line' id='line_1_79' title="bbox 1019 870 1853 917; baseline -0.004 -8"><span class='ocrx_word' id='word_1_547' title='bbox 1019 870 1041 898; x_wconf 77' lang='grc' dir='ltr'>Β</span> <span class='ocrx_word' id='word_1_548' title='bbox 1060 882 1090 909; x_wconf 90' lang='lat'><strong>&#39;0</strong></span> <span class='ocrx_word' id='word_1_549' title='bbox 1105 882 1134 908; x_wconf 85' lang='grc' dir='ltr'><strong>δὲ</strong></span> <span class='ocrx_word' id='word_1_550' title='bbox 1150 881 1187 917; x_wconf 84' lang='grc' dir='ltr'>μὴ</span> <span class='ocrx_word' id='word_1_551' title='bbox 1199 881 1284 908; x_wconf 90' lang='grc' dir='ltr'>θέλων</span> <span class='ocrx_word' id='word_1_552' title='bbox 1299 881 1393 908; x_wconf 83' lang='grc' dir='ltr'>κακῶν</span> <span class='ocrx_word' id='word_1_553' title='bbox 1405 880 1577 916; x_wconf 79' lang='grc' dir='ltr'><strong>ἐπιθυμητὰς</strong></span> <span class='ocrx_word' id='word_1_554' title='bbox 1594 881 1669 916; x_wconf 79' lang='grc' dir='ltr'>ἡμᾶς</span> <span class='ocrx_word' id='word_1_555' title='bbox 1699 877 1779 911; x_wconf 78' lang='grc' dir='ltr'>εἶναι,</span> <span class='ocrx_word' id='word_1_556' title='bbox 1793 879 1853 915; x_wconf 79' lang='grc' dir='ltr'>ἄρα</span> 
     </span>
    </p>
   </div>
   <div class='ocr_carea' id='block_1_80' title="bbox 1056 923 1852 963">
    <p class='ocr_par' dir='ltr' id='par_1_80' title="bbox 1056 923 1852 963">
     <span class='ocr_line' id='line_1_80' title="bbox 1056 923 1852 963; baseline -0.005 -8"><span class='ocrx_word' id='word_1_557' title='bbox 1056 928 1157 962; x_wconf 82' lang='grc' dir='ltr'>ἀγαθὸς</span> <span class='ocrx_word' id='word_1_558' title='bbox 1171 927 1299 963; x_wconf 78' lang='grc' dir='ltr'>ὑπάρχει,</span> <span class='ocrx_word' id='word_1_559' title='bbox 1317 928 1364 954; x_wconf 79' lang='grc' dir='ltr'>καὶ</span> <span class='ocrx_word' id='word_1_560' title='bbox 1377 927 1406 953; x_wconf 83' lang='grc' dir='ltr'>οὒ</span> <span class='ocrx_word' id='word_1_561' title='bbox 1422 927 1517 958; x_wconf 87' lang='grc' dir='ltr'>κακός.</span> <span class='ocrx_word' id='word_1_562' title='bbox 1542 926 1586 953; x_wconf 87' lang='grc' dir='ltr'>Ἐν</span> <span class='ocrx_word' id='word_1_563' title='bbox 1599 923 1639 958; x_wconf 76' lang='grc' dir='ltr'>οἷς</span> <span class='ocrx_word' id='word_1_564' title='bbox 1652 926 1706 961; x_wconf 86' lang='grc' dir='ltr'><strong>γὰρ</strong></span> <span class='ocrx_word' id='word_1_565' title='bbox 1717 926 1852 960; x_wconf 79' lang='grc' dir='ltr'>ὑπάρχει,</span> 
     </span>
    </p>
   </div>
   <div class='ocr_carea' id='block_1_81' title="bbox 1056 969 1853 1009">
    <p class='ocr_par' dir='ltr' id='par_1_81' title="bbox 1056 969 1853 1009">
     <span class='ocr_line' id='line_1_81' title="bbox 1056 969 1853 1009; baseline -0.001 -9"><span class='ocrx_word' id='word_1_566' title='bbox 1056 975 1086 1000; x_wconf 84' lang='grc' dir='ltr'>ὲν</span> <span class='ocrx_word' id='word_1_567' title='bbox 1099 972 1204 1005; x_wconf 79' lang='grc' dir='ltr'><strong>τούτοις</strong></span> <span class='ocrx_word' id='word_1_568' title='bbox 1222 973 1407 1009; x_wconf 82' lang='grc' dir='ltr'><strong>προτρέπεται</strong></span> <span class='ocrx_word' id='word_1_569' title='bbox 1427 973 1503 1009; x_wconf 78' lang='grc' dir='ltr'>ἡμᾶς</span> <span class='ocrx_word' id='word_1_570' title='bbox 1520 969 1600 1005; x_wconf 76' lang='grc' dir='ltr'>εἶναι,</span> <span class='ocrx_word' id='word_1_571' title='bbox 1616 973 1631 999; x_wconf 90' lang='lat'><strong>6</strong></span> <span class='ocrx_word' id='word_1_572' title='bbox 1648 972 1729 1004; x_wconf 76' lang='grc' dir='ltr'>αὐτὸς</span> <span class='ocrx_word' id='word_1_573' title='bbox 1746 971 1853 1006; x_wconf 77' lang='grc' dir='ltr'>ἀγαθὸς</span> 
     </span>
    </p>
   </div>
   <div class='ocr_carea' id='block_1_82' title="bbox 1056 1017 1853 1055">
    <p class='ocr_par' dir='ltr' id='par_1_82' title="bbox 1056 1017 1853 1055">
     <span class='ocr_line' id='line_1_82' title="bbox 1056 1017 1853 1055; baseline -0.001 -9"><span class='ocrx_word' id='word_1_574' title='bbox 1056 1019 1122 1052; x_wconf 83' lang='grc' dir='ltr'><strong>Θεὸς</strong></span> <span class='ocrx_word' id='word_1_575' title='bbox 1135 1019 1172 1046; x_wconf 86' lang='grc' dir='ltr'>ὢν</span> <span class='ocrx_word' id='word_1_576' title='bbox 1187 1019 1233 1046; x_wconf 80' lang='grc' dir='ltr'>καὶ</span> <span class='ocrx_word' id='word_1_577' title='bbox 1254 1019 1367 1051; x_wconf 82' lang='grc' dir='ltr'>δίκαιος,</span> <span class='ocrx_word' id='word_1_578' title='bbox 1384 1020 1398 1045; x_wconf 92' lang='lat'><strong>6</strong></span> <span class='ocrx_word' id='word_1_579' title='bbox 1413 1018 1467 1045; x_wconf 85' lang='grc' dir='ltr'><strong>τῶν</strong></span> <span class='ocrx_word' id='word_1_580' title='bbox 1482 1019 1694 1055; x_wconf 80' lang='grc' dir='ltr'>προγραφέντων</span> <span class='ocrx_word' id='word_1_581' title='bbox 1706 1018 1782 1051; x_wconf 77' lang='grc' dir='ltr'>Θεὸς,</span> <span class='ocrx_word' id='word_1_582' title='bbox 1802 1017 1853 1045; x_wconf 77' lang='grc' dir='ltr'>καὶ</span> 
     </span>
    </p>
   </div>
   <div class='ocr_carea' id='block_1_83' title="bbox 1056 1063 1853 1101">
    <p class='ocr_par' dir='ltr' id='par_1_83' title="bbox 1056 1063 1853 1101">
     <span class='ocr_line' id='line_1_83' title="bbox 1056 1063 1853 1101; baseline -0.003 -9"><span class='ocrx_word' id='word_1_583' title='bbox 1056 1065 1110 1092; x_wconf 84' lang='grc' dir='ltr'>τῶν</span> <span class='ocrx_word' id='word_1_584' title='bbox 1141 1066 1288 1101; x_wconf 82' lang='grc' dir='ltr'>μετέπειτα</span> <span class='ocrx_word' id='word_1_585' title='bbox 1315 1065 1533 1100; x_wconf 80' lang='grc' dir='ltr'>νουθετουμένων</span> <span class='ocrx_word' id='word_1_586' title='bbox 1568 1065 1681 1100; x_wconf 82' lang='grc' dir='ltr'><strong>κτίστης</strong></span> <span class='ocrx_word' id='word_1_587' title='bbox 1710 1063 1766 1096; x_wconf 83' lang='grc' dir='ltr'><strong>ὢν,</strong></span> <span class='ocrx_word' id='word_1_588' title='bbox 1795 1063 1853 1090; x_wconf 74' lang='grc' dir='ltr'>τῶν</span> 
     </span>
    </p>
   </div>
   <div class='ocr_carea' id='block_1_84' title="bbox 1057 1109 1853 1146">
    <p class='ocr_par' dir='ltr' id='par_1_84' title="bbox 1057 1109 1853 1146">
     <span class='ocr_line' id='line_1_84' title="bbox 1057 1109 1853 1146; baseline -0.003 -8"><span class='ocrx_word' id='word_1_589' title='bbox 1057 1111 1166 1138; x_wconf 80' lang='grc' dir='ltr'>πάντων</span> <span class='ocrx_word' id='word_1_590' title='bbox 1183 1110 1230 1137; x_wconf 80' lang='grc' dir='ltr'><strong>καὶ</strong></span> <span class='ocrx_word' id='word_1_591' title='bbox 1254 1110 1419 1146; x_wconf 81' lang='grc' dir='ltr'>δημιουργὸς</span> <span class='ocrx_word' id='word_1_592' title='bbox 1435 1110 1484 1137; x_wconf 77' lang='grc' dir='ltr'>καὶ</span> <span class='ocrx_word' id='word_1_593' title='bbox 1505 1109 1667 1145; x_wconf 80' lang='grc' dir='ltr'>νομοθέτης,</span> <span class='ocrx_word' id='word_1_594' title='bbox 1690 1110 1738 1136; x_wconf 67' lang='grc' dir='ltr'>καὶ</span> <span class='ocrx_word' id='word_1_595' title='bbox 1759 1110 1853 1145; x_wconf 83' lang='grc' dir='ltr'>δωρη-</span> 
     </span>
    </p>
   </div>
   <div class='ocr_carea' id='block_1_85' title="bbox 1056 1155 1851 1191">
    <p class='ocr_par' dir='ltr' id='par_1_85' title="bbox 1056 1155 1851 1191">
     <span class='ocr_line' id='line_1_85' title="bbox 1056 1155 1851 1191; baseline 0 -9"><span class='ocrx_word' id='word_1_596' title='bbox 1056 1156 1132 1188; x_wconf 79' lang='grc' dir='ltr'>τικὸς</span> <span class='ocrx_word' id='word_1_597' title='bbox 1156 1156 1210 1183; x_wconf 83' lang='grc' dir='ltr'>τῶν</span> <span class='ocrx_word' id='word_1_598' title='bbox 1237 1156 1421 1190; x_wconf 81' lang='grc' dir='ltr'>Εὐαγγελίων,</span> <span class='ocrx_word' id='word_1_599' title='bbox 1449 1157 1496 1183; x_wconf 75' lang='grc' dir='ltr'>καὶ</span> <span class='ocrx_word' id='word_1_600' title='bbox 1525 1155 1675 1191; x_wconf 78' lang='grc' dir='ltr'>καθοδηγὸς</span> <span class='ocrx_word' id='word_1_601' title='bbox 1699 1155 1754 1182; x_wconf 85' lang='grc' dir='ltr'>τῶν</span> <span class='ocrx_word' id='word_1_602' title='bbox 1779 1155 1851 1182; x_wconf 81' lang='grc' dir='ltr'>ἀπο-</span> 
     </span>
    </p>
   </div>
   <div class='ocr_carea' id='block_1_86' title="bbox 1058 1203 1170 1230">
    <p class='ocr_par' dir='ltr' id='par_1_86' title="bbox 1058 1203 1170 1230">
     <span class='ocr_line' id='line_1_86' title="bbox 1058 1203 1170 1230; baseline 0.009 -1"><span class='ocrx_word' id='word_1_603' title='bbox 1058 1203 1170 1230; x_wconf 81' lang='grc' dir='ltr'>στόλων.</span> 
     </span>
    </p>
   </div>
   <div class='ocr_carea' id='block_1_87' title="bbox 1095 1303 1854 1340">
    <p class='ocr_par' dir='ltr' id='par_1_87' title="bbox 1095 1303 1854 1340">
     <span class='ocr_line' id='line_1_87' title="bbox 1095 1303 1854 1340; baseline -0.001 -9"><span class='ocrx_word' id='word_1_604' title='bbox 1095 1309 1109 1331; x_wconf 90' lang='grc' dir='ltr'>ι’</span> <span class='ocrx_word' id='word_1_605' title='bbox 1125 1305 1172 1331; x_wconf 65' lang='grc' dir='ltr'><strong>καὶ⁹</strong></span> <span class='ocrx_word' id='word_1_606' title='bbox 1191 1308 1224 1340; x_wconf 83' lang='grc' dir='ltr'><strong>ιη’</strong></span> <span class='ocrx_word' id='word_1_607' title='bbox 1239 1305 1313 1340; x_wconf 81' lang='grc' dir='ltr'>σχόλ.</span> <span class='ocrx_word' id='word_1_608' title='bbox 1332 1305 1362 1332; x_wconf 85' lang='lat' dir='ltr'><strong>Tl</strong></span> <span class='ocrx_word' id='word_1_609' title='bbox 1373 1303 1429 1332; x_wconf 78' lang='grc' dir='ltr'><strong>οὖν</strong></span> <span class='ocrx_word' id='word_1_610' title='bbox 1454 1313 1546 1339; x_wconf 56' lang='lat' dir='ltr'><strong>gmw;</strong></span> <span class='ocrx_word' id='word_1_611' title='bbox 1561 1305 1625 1331; x_wconf 87' lang='grc' dir='ltr'>’Ὁτι</span> <span class='ocrx_word' id='word_1_612' title='bbox 1652 1304 1806 1338; x_wconf 81' lang='grc' dir='ltr'>ἱερόθυτόν</span> <span class='ocrx_word' id='word_1_613' title='bbox 1822 1303 1854 1330; x_wconf 80' lang='grc' dir='ltr'>τι</span> 
     </span>
    </p>
   </div>
   <div class='ocr_carea' id='block_1_88' title="bbox 1057 1349 1853 1384">
    <p class='ocr_par' dir='ltr' id='par_1_88' title="bbox 1057 1349 1853 1384">
     <span class='ocr_line' id='line_1_88' title="bbox 1057 1349 1853 1384; baseline -0.001 -7"><span class='ocrx_word' id='word_1_614' title='bbox 1057 1351 1157 1383; x_wconf 84' lang='grc' dir='ltr'>ἐστιν,</span> <span class='ocrx_word' id='word_1_615' title='bbox 1188 1350 1207 1384; x_wconf 82' lang='grc' dir='ltr'><strong>ἢ</strong></span> <span class='ocrx_word' id='word_1_616' title='bbox 1239 1350 1438 1377; x_wconf 74' lang='grc' dir='ltr'>εἰδωλόθυτόν</span> <span class='ocrx_word' id='word_1_617' title='bbox 1463 1351 1492 1377; x_wconf 84' lang='grc' dir='ltr'>τι</span> <span class='ocrx_word' id='word_1_618' title='bbox 1519 1351 1621 1382; x_wconf 81' lang='grc' dir='ltr'>ἑστιν;</span> <span class='ocrx_word' id='word_1_619' title='bbox 1649 1349 1729 1377; x_wconf 76' lang='grc' dir='ltr'><strong>Ἀλλ’</strong></span> <span class='ocrx_word' id='word_1_620' title='bbox 1760 1349 1807 1376; x_wconf 85' lang='grc' dir='ltr'>ὅτι</span> <span class='ocrx_word' id='word_1_621' title='bbox 1833 1349 1853 1377; x_wconf 84' lang='lat' dir='ltr'><strong>d</strong></span> 
     </span>
    </p>
   </div>
   <div class='ocr_carea' id='block_1_89' title="bbox 1057 1393 1853 1429">
    <p class='ocr_par' dir='ltr' id='par_1_89' title="bbox 1057 1393 1853 1429">
     <span class='ocr_line' id='line_1_89' title="bbox 1057 1393 1853 1429; baseline -0.005 -5"><span class='ocrx_word' id='word_1_622' title='bbox 1057 1397 1165 1424; x_wconf 84' lang='grc' dir='ltr'>θύουσι</span> <span class='ocrx_word' id='word_1_623' title='bbox 1186 1396 1361 1429; x_wconf 78' lang='grc' dir='ltr'>δαιμονίοις,</span> <span class='ocrx_word' id='word_1_624' title='bbox 1388 1395 1437 1422; x_wconf 77' lang='grc' dir='ltr'>καὶ</span> <span class='ocrx_word' id='word_1_625' title='bbox 1460 1396 1496 1422; x_wconf 82' lang='grc' dir='ltr'>οὐ</span> <span class='ocrx_word' id='word_1_626' title='bbox 1521 1393 1591 1428; x_wconf 83' lang='grc' dir='ltr'>Θεῷ.</span> <span class='ocrx_word' id='word_1_627' title='bbox 1609 1394 1761 1421; x_wconf 84' lang='grc' dir='ltr'>Ποοσέθετο</span> <span class='ocrx_word' id='word_1_628' title='bbox 1783 1394 1813 1421; x_wconf 83' lang='grc' dir='ltr'><strong>δὲ</strong></span> <span class='ocrx_word' id='word_1_629' title='bbox 1838 1395 1853 1420; x_wconf 94' lang='lat'><strong>6</strong></span> 
     </span>
    </p>
   </div>
   <div class='ocr_carea' id='block_1_90' title="bbox 1057 1440 1423 1475">
    <p class='ocr_par' dir='ltr' id='par_1_90' title="bbox 1057 1440 1423 1475">
     <span class='ocr_line' id='line_1_90' title="bbox 1057 1440 1423 1475; baseline -0.003 -7"><span class='ocrx_word' id='word_1_630' title='bbox 1057 1440 1190 1475; x_wconf 78' lang='grc' dir='ltr'>Μαρκίων</span> <span class='ocrx_word' id='word_1_631' title='bbox 1205 1441 1245 1472; x_wconf 82' lang='grc' dir='ltr'>τὸ,</span> <span class='ocrx_word' id='word_1_632' title='bbox 1260 1441 1423 1475; x_wconf 76' lang='grc' dir='ltr'>ἱερόθυτον.</span> 
     </span>
    </p>
   </div>
   <div class='ocr_carea' id='block_1_91' title="bbox 1094 1486 1854 1523">
    <p class='ocr_par' dir='ltr' id='par_1_91' title="bbox 1094 1486 1854 1523">
     <span class='ocr_line' id='line_1_91' title="bbox 1094 1486 1854 1523; baseline -0.003 -9"><span class='ocrx_word' id='word_1_633' title='bbox 1094 1497 1102 1514; x_wconf 96' lang='grc' dir='ltr'>ι</span> <span class='ocrx_word' id='word_1_634' title='bbox 1132 1487 1178 1514; x_wconf 79' lang='grc' dir='ltr'><strong>καὶ</strong></span> <span class='ocrx_word' id='word_1_635' title='bbox 1205 1491 1238 1523; x_wconf 83' lang='grc' dir='ltr'>ιη’</span> <span class='ocrx_word' id='word_1_636' title='bbox 1262 1487 1352 1523; x_wconf 79' lang='grc' dir='ltr'>ἐλεγχ.</span> <span class='ocrx_word' id='word_1_637' title='bbox 1371 1488 1401 1514; x_wconf 85' lang='grc' dir='ltr'>Τί</span> <span class='ocrx_word' id='word_1_638' title='bbox 1415 1486 1471 1515; x_wconf 83' lang='grc' dir='ltr'><strong>οὖν</strong></span> <span class='ocrx_word' id='word_1_639' title='bbox 1489 1495 1585 1522; x_wconf 74' lang='grc' dir='ltr'>φημι;</span> <span class='ocrx_word' id='word_1_640' title='bbox 1602 1486 1809 1514; x_wconf 75' lang='grc' dir='ltr'><strong>Εὶδωλόθυτόν</strong></span> <span class='ocrx_word' id='word_1_641' title='bbox 1824 1486 1854 1512; x_wconf 82' lang='grc' dir='ltr'>τι</span> 
     </span>
    </p>
   </div>
   <div class='ocr_carea' id='block_1_92' title="bbox 1021 1533 1854 1573">
    <p class='ocr_par' dir='ltr' id='par_1_92' title="bbox 1021 1533 1854 1573">
     <span class='ocr_line' id='line_1_92' title="bbox 1021 1533 1854 1573; baseline -0.002 -11"><span class='ocrx_word' id='word_1_642' title='bbox 1021 1545 1042 1573; x_wconf 75' lang='lat' dir='ltr'><strong>c</strong></span> <span class='ocrx_word' id='word_1_643' title='bbox 1059 1535 1160 1566; x_wconf 73' lang='lat' dir='ltr'><strong>éa‘rw;</strong></span> <span class='ocrx_word' id='word_1_644' title='bbox 1193 1535 1273 1562; x_wconf 77' lang='grc' dir='ltr'><strong>Ἀλλ’</strong></span> <span class='ocrx_word' id='word_1_645' title='bbox 1299 1534 1345 1561; x_wconf 81' lang='grc' dir='ltr'>ὅτι</span> <span class='ocrx_word' id='word_1_646' title='bbox 1372 1534 1391 1561; x_wconf 82' lang='grc' dir='ltr'><em>ἂ</em></span> <span class='ocrx_word' id='word_1_647' title='bbox 1415 1535 1523 1562; x_wconf 81' lang='grc' dir='ltr'>θύουσι</span> <span class='ocrx_word' id='word_1_648' title='bbox 1543 1534 1717 1569; x_wconf 81' lang='grc' dir='ltr'>δαιμονίοις,</span> <span class='ocrx_word' id='word_1_649' title='bbox 1742 1534 1792 1561; x_wconf 79' lang='grc' dir='ltr'>καὶ</span> <span class='ocrx_word' id='word_1_650' title='bbox 1816 1533 1854 1560; x_wconf 75' lang='grc' dir='ltr'>σὺ</span> 
     </span>
    </p>
   </div>
   <div class='ocr_carea' id='block_1_93' title="bbox 1062 1580 1853 1616">
    <p class='ocr_par' dir='ltr' id='par_1_93' title="bbox 1062 1580 1853 1616">
     <span class='ocr_line' id='line_1_93' title="bbox 1062 1580 1853 1616; baseline 0 -9"><span class='ocrx_word' id='word_1_651' title='bbox 1062 1580 1131 1613; x_wconf 84' lang='grc' dir='ltr'>Θεῷ.</span> <span class='ocrx_word' id='word_1_652' title='bbox 1157 1581 1214 1608; x_wconf 76' lang='grc' dir='ltr'>Οὐκ</span> <span class='ocrx_word' id='word_1_653' title='bbox 1235 1580 1410 1616; x_wconf 82' lang='grc' dir='ltr'>ἀπηγόρευσε</span> <span class='ocrx_word' id='word_1_654' title='bbox 1436 1580 1482 1607; x_wconf 82' lang='grc' dir='ltr'>τὸν</span> <span class='ocrx_word' id='word_1_655' title='bbox 1509 1580 1624 1607; x_wconf 80' lang='grc' dir='ltr'>παλαιὸν</span> <span class='ocrx_word' id='word_1_656' title='bbox 1645 1580 1698 1607; x_wconf 87' lang='grc' dir='ltr'>τῶν</span> <span class='ocrx_word' id='word_1_657' title='bbox 1725 1580 1853 1616; x_wconf 84' lang='grc' dir='ltr'>πατέρων</span> 
     </span>
    </p>
   </div>
   <div class='ocr_carea' id='block_1_94' title="bbox 1061 1626 1854 1662">
    <p class='ocr_par' dir='ltr' id='par_1_94' title="bbox 1061 1626 1854 1662">
     <span class='ocr_line' id='line_1_94' title="bbox 1061 1626 1854 1662; baseline -0.001 -9"><span class='ocrx_word' id='word_1_658' title='bbox 1061 1627 1156 1662; x_wconf 84' lang='grc' dir='ltr'>χρόνον</span> <span class='ocrx_word' id='word_1_659' title='bbox 1170 1627 1184 1653; x_wconf 85' lang='grc'>6</span> <span class='ocrx_word' id='word_1_660' title='bbox 1203 1627 1362 1658; x_wconf 75' lang='grc' dir='ltr'>’Δπόστολος</span> <span class='ocrx_word' id='word_1_661' title='bbox 1378 1627 1430 1658; x_wconf 74' lang='grc' dir='ltr'><strong>ἕως</strong></span> <span class='ocrx_word' id='word_1_662' title='bbox 1449 1627 1542 1659; x_wconf 80' lang='grc' dir='ltr'>αὐτοῦ,</span> <span class='ocrx_word' id='word_1_663' title='bbox 1559 1627 1606 1654; x_wconf 74' lang='grc' dir='ltr'><strong>καὶ</strong></span> <span class='ocrx_word' id='word_1_664' title='bbox 1628 1627 1681 1659; x_wconf 71' lang='grc' dir='ltr'>ἕως</span> <span class='ocrx_word' id='word_1_665' title='bbox 1703 1626 1854 1662; x_wconf 76' lang='grc' dir='ltr'>ἀνέστηκεν</span> 
     </span>
    </p>
   </div>
   <div class='ocr_carea' id='block_1_95' title="bbox 1067 1672 1854 1709">
    <p class='ocr_par' dir='ltr' id='par_1_95' title="bbox 1067 1672 1854 1709">
     <span class='ocr_line' id='line_1_95' title="bbox 1067 1672 1854 1709; baseline -0.001 -9"><span class='ocrx_word' id='word_1_666' title='bbox 1067 1673 1260 1709; x_wconf 82' lang='grc' dir='ltr'>Ἰερουσαλὴμ,</span> <span class='ocrx_word' id='word_1_667' title='bbox 1285 1673 1341 1700; x_wconf 83' lang='grc' dir='ltr'><strong>ἀπὸ</strong></span> <span class='ocrx_word' id='word_1_668' title='bbox 1363 1672 1410 1699; x_wconf 81' lang='grc' dir='ltr'>τοῦ</span> <span class='ocrx_word' id='word_1_669' title='bbox 1435 1673 1523 1700; x_wconf 87' lang='grc' dir='ltr'>εἰπεῖν</span> <span class='ocrx_word' id='word_1_670' title='bbox 1546 1674 1611 1706; x_wconf 80' lang='grc' dir='ltr'>τοὺς</span> <span class='ocrx_word' id='word_1_671' title='bbox 1631 1674 1671 1705; x_wconf 83' lang='grc' dir='ltr'><strong>εἰς</strong></span> <span class='ocrx_word' id='word_1_672' title='bbox 1694 1672 1729 1699; x_wconf 81' lang='grc' dir='ltr'><strong>τὰ</strong></span> <span class='ocrx_word' id='word_1_673' title='bbox 1755 1672 1854 1699; x_wconf 79' lang='grc' dir='ltr'>εἴδωλα</span> 
     </span>
    </p>
   </div>
   <div class='ocr_carea' id='block_1_96' title="bbox 1061 1717 1855 1754">
    <p class='ocr_par' dir='ltr' id='par_1_96' title="bbox 1061 1717 1855 1754">
     <span class='ocr_line' id='line_1_96' title="bbox 1061 1717 1855 1754; baseline -0.003 -8"><span class='ocrx_word' id='word_1_674' title='bbox 1061 1719 1175 1751; x_wconf 84' lang='grc' dir='ltr'>θύοντας</span> <span class='ocrx_word' id='word_1_675' title='bbox 1202 1719 1350 1754; x_wconf 80' lang='grc' dir='ltr'>δαιμονίοις</span> <span class='ocrx_word' id='word_1_676' title='bbox 1376 1719 1462 1751; x_wconf 79' lang='grc' dir='ltr'>θύειν,</span> <span class='ocrx_word' id='word_1_677' title='bbox 1490 1719 1536 1746; x_wconf 77' lang='grc' dir='ltr'>καὶ</span> <span class='ocrx_word' id='word_1_678' title='bbox 1560 1719 1590 1745; x_wconf 84' lang='grc' dir='ltr'>οὺ</span> <span class='ocrx_word' id='word_1_679' title='bbox 1620 1718 1689 1754; x_wconf 87' lang='grc' dir='ltr'>Θεῷ.</span> <span class='ocrx_word' id='word_1_680' title='bbox 1716 1718 1773 1745; x_wconf 86' lang='grc' dir='ltr'><strong>Οὐκ</strong></span> <span class='ocrx_word' id='word_1_681' title='bbox 1800 1717 1855 1752; x_wconf 76' lang='grc' dir='ltr'>ἄρα</span> 
     </span>
    </p>
   </div>
   <div class='ocr_carea' id='block_1_97' title="bbox 1061 1761 1853 1800">
    <p class='ocr_par' dir='ltr' id='par_1_97' title="bbox 1061 1761 1853 1800">
     <span class='ocr_line' id='line_1_97' title="bbox 1061 1761 1853 1800; baseline -0.001 -9"><span class='ocrx_word' id='word_1_682' title='bbox 1061 1764 1205 1800; x_wconf 80' lang='grc' dir='ltr'>κατέκρινε</span> <span class='ocrx_word' id='word_1_683' title='bbox 1218 1764 1257 1799; x_wconf 86' lang='grc' dir='ltr'><strong>τῷ</strong></span> <span class='ocrx_word' id='word_1_684' title='bbox 1271 1764 1330 1800; x_wconf 84' lang='grc' dir='ltr'>Θεῷ</span> <span class='ocrx_word' id='word_1_685' title='bbox 1351 1764 1500 1797; x_wconf 80' lang='grc' dir='ltr'>θυσάντων,</span> <span class='ocrx_word' id='word_1_686' title='bbox 1523 1765 1568 1791; x_wconf 66' lang='grc' dir='ltr'>ὅτε</span> <span class='ocrx_word' id='word_1_687' title='bbox 1584 1763 1665 1799; x_wconf 82' lang='grc' dir='ltr'>χρεία</span> <span class='ocrx_word' id='word_1_688' title='bbox 1686 1763 1785 1790; x_wconf 81' lang='grc' dir='ltr'>θυσιῶν</span> <span class='ocrx_word' id='word_1_689' title='bbox 1807 1761 1853 1799; x_wconf 81' lang='grc' dir='ltr'><strong>ἦν.</strong></span> 
     </span>
    </p>
   </div>
   <div class='ocr_carea' id='block_1_98' title="bbox 1061 1809 1853 1846">
    <p class='ocr_par' dir='ltr' id='par_1_98' title="bbox 1061 1809 1853 1846">
     <span class='ocr_line' id='line_1_98' title="bbox 1061 1809 1853 1846; baseline -0.003 -9"><span class='ocrx_word' id='word_1_690' title='bbox 1061 1811 1229 1846; x_wconf 84' lang='grc' dir='ltr'>Κατακρίνει</span> <span class='ocrx_word' id='word_1_691' title='bbox 1244 1810 1272 1837; x_wconf 81' lang='grc' dir='ltr'>δὲ</span> <span class='ocrx_word' id='word_1_692' title='bbox 1292 1811 1357 1842; x_wconf 76' lang='grc' dir='ltr'>τοὺς</span> <span class='ocrx_word' id='word_1_693' title='bbox 1380 1810 1494 1842; x_wconf 88' lang='grc' dir='ltr'>θύοντας</span> <span class='ocrx_word' id='word_1_694' title='bbox 1515 1809 1644 1842; x_wconf 81' lang='grc' dir='ltr'>εἰδώλοις,</span> <span class='ocrx_word' id='word_1_695' title='bbox 1662 1810 1692 1836; x_wconf 85' lang='grc' dir='ltr'>οὐ</span> <span class='ocrx_word' id='word_1_696' title='bbox 1711 1810 1756 1836; x_wconf 83' lang='grc' dir='ltr'><strong>διὰ</strong></span> <span class='ocrx_word' id='word_1_697' title='bbox 1769 1809 1853 1842; x_wconf 85' lang='grc' dir='ltr'>θύειν,</span> 
     </span>
    </p>
   </div>
   <div class='ocr_carea' id='block_1_99' title="bbox 1061 1856 1854 1892">
    <p class='ocr_par' dir='ltr' id='par_1_99' title="bbox 1061 1856 1854 1892">
     <span class='ocr_line' id='line_1_99' title="bbox 1061 1856 1854 1892; baseline -0.001 -8"><span class='ocrx_word' id='word_1_698' title='bbox 1061 1857 1130 1884; x_wconf 84' lang='grc' dir='ltr'>ἀλλὰ</span> <span class='ocrx_word' id='word_1_699' title='bbox 1154 1856 1198 1883; x_wconf 82' lang='grc' dir='ltr'><strong>διὰ</strong></span> <span class='ocrx_word' id='word_1_700' title='bbox 1214 1857 1245 1883; x_wconf 81' lang='grc' dir='ltr'>τὸ</span> <span class='ocrx_word' id='word_1_701' title='bbox 1266 1857 1327 1884; x_wconf 79' lang='grc' dir='ltr'>ἀντὶ</span> <span class='ocrx_word' id='word_1_702' title='bbox 1348 1856 1407 1892; x_wconf 84' lang='grc' dir='ltr'>Θεῷ</span> <span class='ocrx_word' id='word_1_703' title='bbox 1422 1857 1432 1872; x_wconf 89' lang='grc'>¹</span> <span class='ocrx_word' id='word_1_704' title='bbox 1460 1856 1581 1888; x_wconf 79' lang='grc' dir='ltr'>εἰδώλοις</span> <span class='ocrx_word' id='word_1_705' title='bbox 1600 1856 1684 1883; x_wconf 82' lang='grc' dir='ltr'>θύειν.</span> <span class='ocrx_word' id='word_1_706' title='bbox 1706 1856 1774 1883; x_wconf 82' lang='grc' dir='ltr'>Οὒτε</span> <span class='ocrx_word' id='word_1_707' title='bbox 1800 1856 1854 1892; x_wconf 80' lang='grc' dir='ltr'>γὰρ</span> 
     </span>
    </p>
   </div>
   <div class='ocr_carea' id='block_1_100' title="bbox 1063 1903 1855 1939">
    <p class='ocr_par' dir='ltr' id='par_1_100' title="bbox 1063 1903 1855 1939">
     <span class='ocr_line' id='line_1_100' title="bbox 1063 1903 1855 1939; baseline 0 -9"><span class='ocrx_word' id='word_1_708' title='bbox 1063 1903 1181 1934; x_wconf 83' lang='grc' dir='ltr'>θύουσιν.</span> <span class='ocrx_word' id='word_1_709' title='bbox 1203 1903 1246 1930; x_wconf 78' lang='grc' dir='ltr'>ἵνα</span> <span class='ocrx_word' id='word_1_710' title='bbox 1262 1903 1365 1939; x_wconf 74' lang='grc' dir='ltr'>τροφὴν</span> <span class='ocrx_word' id='word_1_711' title='bbox 1382 1903 1490 1935; x_wconf 83' lang='grc' dir='ltr'>ἑαυτοῖς</span> <span class='ocrx_word' id='word_1_712' title='bbox 1512 1904 1544 1930; x_wconf 81' lang='grc' dir='ltr'>ὲκ</span> <span class='ocrx_word' id='word_1_713' title='bbox 1567 1903 1635 1930; x_wconf 81' lang='grc' dir='ltr'>Θεοῦ</span> <span class='ocrx_word' id='word_1_714' title='bbox 1652 1903 1855 1939; x_wconf 77' lang='grc' dir='ltr'>κεχαρισμένην</span> 
     </span>
    </p>
   </div>
   <div class='ocr_carea' id='block_1_101' title="bbox 1062 1949 1856 1985">
    <p class='ocr_par' dir='ltr' id='par_1_101' title="bbox 1062 1949 1856 1985">
     <span class='ocr_line' id='line_1_101' title="bbox 1062 1949 1856 1985; baseline -0.001 -8"><span class='ocrx_word' id='word_1_715' title='bbox 1062 1951 1103 1982; x_wconf 85' lang='grc' dir='ltr'><strong>εἰς</strong></span> <span class='ocrx_word' id='word_1_716' title='bbox 1118 1949 1268 1985; x_wconf 69' lang='grc' dir='ltr'>μετάληψιν</span> <span class='ocrx_word' id='word_1_717' title='bbox 1283 1950 1462 1985; x_wconf 75' lang='grc' dir='ltr'>ἐργάσωνται,</span> <span class='ocrx_word' id='word_1_718' title='bbox 1479 1949 1547 1976; x_wconf 85' lang='grc' dir='ltr'><strong>ἀλλά</strong></span> <span class='ocrx_word' id='word_1_719' title='bbox 1561 1950 1670 1985; x_wconf 82' lang='grc' dir='ltr'>δαίμοσι</span> <span class='ocrx_word' id='word_1_720' title='bbox 1685 1949 1793 1981; x_wconf 82' lang='grc' dir='ltr'>θύοντες</span> <span class='ocrx_word' id='word_1_721' title='bbox 1808 1949 1856 1976; x_wconf 77' lang='grc' dir='ltr'>καὶ</span> 
     </span>
    </p>
   </div>
   <div class='ocr_carea' id='block_1_102' title="bbox 1065 1993 1856 2032">
    <p class='ocr_par' dir='ltr' id='par_1_102' title="bbox 1065 1993 1856 2032">
     <span class='ocr_line' id='line_1_102' title="bbox 1065 1993 1856 2032; baseline 0 -10"><span class='ocrx_word' id='word_1_722' title='bbox 1065 1995 1297 2032; x_wconf 79' lang='grc' dir='ltr'>ματαιοφροσύνῃ.</span> <span class='ocrx_word' id='word_1_723' title='bbox 1315 1996 1352 2022; x_wconf 81' lang='grc' dir='ltr'><strong>Σὺ</strong></span> <span class='ocrx_word' id='word_1_724' title='bbox 1369 1996 1407 2028; x_wconf 80' lang='grc' dir='ltr'><strong>δὲ,</strong></span> <span class='ocrx_word' id='word_1_725' title='bbox 1428 1993 1450 2023; x_wconf 85' lang='grc' dir='ltr'>ὧ</span> <span class='ocrx_word' id='word_1_726' title='bbox 1471 1995 1615 2032; x_wconf 84' lang='grc' dir='ltr'>Μαρκίων.</span> <span class='ocrx_word' id='word_1_727' title='bbox 1638 1996 1812 2032; x_wconf 74' lang='grc' dir='ltr'>προσέθηκας</span> <span class='ocrx_word' id='word_1_728' title='bbox 1825 1995 1856 2022; x_wconf 85' lang='grc' dir='ltr'>τὸ</span> 
     </span>
    </p>
   </div>
   <div class='ocr_carea' id='block_1_103' title="bbox 1064 2041 1857 2078">
    <p class='ocr_par' dir='ltr' id='par_1_103' title="bbox 1064 2041 1857 2078">
     <span class='ocr_line' id='line_1_103' title="bbox 1064 2041 1857 2078; baseline 0 -9"><span class='ocrx_word' id='word_1_729' title='bbox 1064 2043 1227 2077; x_wconf 76' lang='grc' dir='ltr'>ἱερόθυτον,</span> <span class='ocrx_word' id='word_1_730' title='bbox 1251 2042 1366 2077; x_wconf 84' lang='grc' dir='ltr'>νομίσας</span> <span class='ocrx_word' id='word_1_731' title='bbox 1384 2043 1437 2069; x_wconf 78' lang='grc' dir='ltr'>ἀπὸ</span> <span class='ocrx_word' id='word_1_732' title='bbox 1460 2042 1507 2070; x_wconf 81' lang='grc' dir='ltr'>τοῦ</span> <span class='ocrx_word' id='word_1_733' title='bbox 1532 2041 1663 2078; x_wconf 75' lang='grc' dir='ltr'>μεμίχθαι</span> <span class='ocrx_word' id='word_1_734' title='bbox 1678 2042 1712 2068; x_wconf 80' lang='grc' dir='ltr'><strong>τὰ</strong></span> <span class='ocrx_word' id='word_1_735' title='bbox 1730 2042 1776 2068; x_wconf 81' lang='grc' dir='ltr'>δύο</span> <span class='ocrx_word' id='word_1_736' title='bbox 1798 2042 1857 2069; x_wconf 73' lang='grc' dir='ltr'><strong>ὀνὸο</strong></span> 
     </span>
    </p>
   </div>
   <div class='ocr_carea' id='block_1_104' title="bbox 1066 2087 1857 2125">
    <p class='ocr_par' dir='ltr' id='par_1_104' title="bbox 1066 2087 1857 2125">
     <span class='ocr_line' id='line_1_104' title="bbox 1066 2087 1857 2125; baseline -0.001 -10"><span class='ocrx_word' id='word_1_737' title='bbox 1066 2097 1149 2125; x_wconf 85' lang='grc' dir='ltr'>ματα,</span> <span class='ocrx_word' id='word_1_738' title='bbox 1177 2088 1250 2124; x_wconf 81' lang='grc' dir='ltr'>ἱεροῦ</span> <span class='ocrx_word' id='word_1_739' title='bbox 1265 2096 1294 2115; x_wconf 81' lang='grc' dir='ltr'><strong>τε</strong></span> <span class='ocrx_word' id='word_1_740' title='bbox 1321 2089 1368 2114; x_wconf 72' lang='grc' dir='ltr'>καὶ</span> <span class='ocrx_word' id='word_1_741' title='bbox 1384 2088 1507 2120; x_wconf 85' lang='grc' dir='ltr'>εἰδώλου,</span> <span class='ocrx_word' id='word_1_742' title='bbox 1533 2087 1717 2115; x_wconf 85' lang='grc' dir='ltr'>συνάπτεσθαι</span> <span class='ocrx_word' id='word_1_743' title='bbox 1739 2088 1795 2115; x_wconf 84' lang='grc' dir='ltr'>τῶν</span> <span class='ocrx_word' id='word_1_744' title='bbox 1810 2088 1857 2115; x_wconf 75' lang='grc' dir='ltr'><strong>δύο</strong></span> 
     </span>
    </p>
   </div>
   <div class='ocr_carea' id='block_1_105' title="bbox 1064 2134 1856 2171">
    <p class='ocr_par' dir='ltr' id='par_1_105' title="bbox 1064 2134 1856 2171">
     <span class='ocr_line' id='line_1_105' title="bbox 1064 2134 1856 2171; baseline 0 -10"><span class='ocrx_word' id='word_1_745' title='bbox 1064 2135 1173 2171; x_wconf 87' lang='grc' dir='ltr'>τρόπων</span> <span class='ocrx_word' id='word_1_746' title='bbox 1196 2134 1246 2170; x_wconf 86' lang='grc' dir='ltr'>τὴν</span> <span class='ocrx_word' id='word_1_747' title='bbox 1266 2134 1368 2170; x_wconf 84' lang='grc' dir='ltr'>σχέσιν.</span> <span class='ocrx_word' id='word_1_748' title='bbox 1390 2134 1446 2161; x_wconf 70' lang='grc' dir='ltr'><strong>Καὶ</strong></span> <span class='ocrx_word' id='word_1_749' title='bbox 1473 2135 1524 2161; x_wconf 72' lang='grc' dir='ltr'>οὐκ</span> <span class='ocrx_word' id='word_1_750' title='bbox 1549 2134 1607 2161; x_wconf 76' lang='grc' dir='ltr'>ἐστι</span> <span class='ocrx_word' id='word_1_751' title='bbox 1629 2134 1719 2162; x_wconf 78' lang='grc' dir='ltr'>τοῦτο.</span> <span class='ocrx_word' id='word_1_752' title='bbox 1751 2134 1782 2161; x_wconf 84' lang='grc' dir='ltr'><strong>Εἰ</strong></span> <span class='ocrx_word' id='word_1_753' title='bbox 1807 2135 1856 2169; x_wconf 83' lang='grc' dir='ltr'>μὲν</span> 
     </span>
    </p>
   </div>
   <div class='ocr_carea' id='block_1_106' title="bbox 1065 2179 1856 2216">
    <p class='ocr_par' dir='ltr' id='par_1_106' title="bbox 1065 2179 1856 2216">
     <span class='ocr_line' id='line_1_106' title="bbox 1065 2179 1856 2216; baseline 0 -10"><span class='ocrx_word' id='word_1_754' title='bbox 1065 2180 1130 2214; x_wconf 82' lang='grc' dir='ltr'>γὰρ,</span> <span class='ocrx_word' id='word_1_755' title='bbox 1152 2179 1222 2215; x_wconf 84' lang='grc' dir='ltr'>μετὰ</span> <span class='ocrx_word' id='word_1_756' title='bbox 1240 2179 1271 2206; x_wconf 85' lang='grc' dir='ltr'>τὸ</span> <span class='ocrx_word' id='word_1_757' title='bbox 1288 2179 1375 2206; x_wconf 80' lang='grc' dir='ltr'>ἐλθεῖν</span> <span class='ocrx_word' id='word_1_758' title='bbox 1393 2179 1443 2215; x_wconf 81' lang='grc' dir='ltr'>τὴν</span> <span class='ocrx_word' id='word_1_759' title='bbox 1466 2179 1570 2216; x_wconf 84' lang='grc' dir='ltr'>Καινὴν</span> <span class='ocrx_word' id='word_1_760' title='bbox 1589 2179 1737 2215; x_wconf 80' lang='grc' dir='ltr'>Διαθήκην,</span> <span class='ocrx_word' id='word_1_761' title='bbox 1763 2179 1856 2207; x_wconf 76' lang='grc' dir='ltr'>ἐθύετο</span> 
     </span>
    </p>
   </div>
   <div class='ocr_carea' id='block_1_107' title="bbox 1028 2224 1857 2262">
    <p class='ocr_par' dir='ltr' id='par_1_107' title="bbox 1028 2224 1857 2262">
     <span class='ocr_line' id='line_1_107' title="bbox 1028 2224 1857 2262; baseline 0.001 -9"><span class='ocrx_word' id='word_1_762' title='bbox 1028 2224 1104 2261; x_wconf 75' lang='grc' dir='ltr'><strong>Βτῷ</strong></span> <span class='ocrx_word' id='word_1_763' title='bbox 1129 2226 1240 2262; x_wconf 86' lang='grc' dir='ltr'>Χριστῷ</span> <span class='ocrx_word' id='word_1_764' title='bbox 1263 2227 1324 2253; x_wconf 77' lang='grc' dir='ltr'>κατ’</span> <span class='ocrx_word' id='word_1_765' title='bbox 1351 2226 1429 2259; x_wconf 83' lang='grc' dir='ltr'>ἰδίαν,</span> <span class='ocrx_word' id='word_1_766' title='bbox 1459 2227 1505 2253; x_wconf 75' lang='grc' dir='ltr'><strong>καὶ</strong></span> <span class='ocrx_word' id='word_1_767' title='bbox 1521 2227 1561 2258; x_wconf 82' lang='grc' dir='ltr'><strong>εἰς</strong></span> <span class='ocrx_word' id='word_1_768' title='bbox 1587 2226 1672 2262; x_wconf 74' lang='grc' dir='ltr'>ὄνομα</span> <span class='ocrx_word' id='word_1_769' title='bbox 1698 2225 1780 2253; x_wconf 76' lang='grc' dir='ltr'>αὑτοῦ</span> <span class='ocrx_word' id='word_1_770' title='bbox 1799 2226 1857 2259; x_wconf 84' lang='grc' dir='ltr'>ζῶα</span> 
     </span>
    </p>
   </div>
   <div class='ocr_carea' id='block_1_108' title="bbox 1067 2271 1857 2309">
    <p class='ocr_par' dir='ltr' id='par_1_108' title="bbox 1067 2271 1857 2309">
     <span class='ocr_line' id='line_1_108' title="bbox 1067 2271 1857 2309; baseline 0.003 -11"><span class='ocrx_word' id='word_1_771' title='bbox 1067 2272 1214 2307; x_wconf 82' lang='grc' dir='ltr'>ἀνεφέρετο</span> <span class='ocrx_word' id='word_1_772' title='bbox 1226 2280 1233 2287; x_wconf 76' lang='grc'><em>’</em></span> <span class='ocrx_word' id='word_1_773' title='bbox 1255 2271 1368 2299; x_wconf 81' lang='grc' dir='ltr'>πιθανὸν</span> <span class='ocrx_word' id='word_1_774' title='bbox 1388 2272 1421 2299; x_wconf 83' lang='grc' dir='ltr'>ἄν</span> <span class='ocrx_word' id='word_1_775' title='bbox 1441 2281 1483 2299; x_wconf 87' lang='grc' dir='ltr'><strong>σοι</strong></span> <span class='ocrx_word' id='word_1_776' title='bbox 1505 2273 1648 2307; x_wconf 85' lang='grc' dir='ltr'>εὑρίσκετο</span> <span class='ocrx_word' id='word_1_777' title='bbox 1662 2273 1693 2299; x_wconf 83' lang='grc' dir='ltr'>τὸ</span> <span class='ocrx_word' id='word_1_778' title='bbox 1711 2274 1760 2309; x_wconf 82' lang='grc' dir='ltr'>τῆς</span> <span class='ocrx_word' id='word_1_779' title='bbox 1778 2282 1857 2300; x_wconf 87' lang='grc' dir='ltr'>συκο-</span> 
     </span>
    </p>
   </div>
   <div class='ocr_carea' id='block_1_109' title="bbox 1068 2318 1858 2355">
    <p class='ocr_par' dir='ltr' id='par_1_109' title="bbox 1068 2318 1858 2355">
     <span class='ocr_line' id='line_1_109' title="bbox 1068 2318 1858 2355; baseline 0.003 -10"><span class='ocrx_word' id='word_1_780' title='bbox 1068 2319 1183 2354; x_wconf 76' lang='grc' dir='ltr'>φαντίας</span> <span class='ocrx_word' id='word_1_781' title='bbox 1200 2319 1297 2354; x_wconf 79' lang='grc' dir='ltr'>ψεῦδος</span> <span class='ocrx_word' id='word_1_782' title='bbox 1307 2328 1313 2334; x_wconf 87' lang='grc'>·</span> <span class='ocrx_word' id='word_1_783' title='bbox 1330 2319 1368 2349; x_wconf 84' lang='grc' dir='ltr'>ὡς</span> <span class='ocrx_word' id='word_1_784' title='bbox 1382 2318 1436 2346; x_wconf 85' lang='grc' dir='ltr'><strong>τῶν</strong></span> <span class='ocrx_word' id='word_1_785' title='bbox 1453 2319 1501 2346; x_wconf 83' lang='grc' dir='ltr'>νῦν</span> <span class='ocrx_word' id='word_1_786' title='bbox 1518 2319 1578 2355; x_wconf 83' lang='grc' dir='ltr'>Θεῷ</span> <span class='ocrx_word' id='word_1_787' title='bbox 1591 2319 1708 2347; x_wconf 81' lang='grc' dir='ltr'>θυόντων</span> <span class='ocrx_word' id='word_1_788' title='bbox 1727 2320 1748 2351; x_wconf 87' lang='grc'>³,</span> <span class='ocrx_word' id='word_1_789' title='bbox 1763 2319 1817 2347; x_wconf 87' lang='grc' dir='ltr'><strong>τῶν</strong></span> <span class='ocrx_word' id='word_1_790' title='bbox 1829 2320 1858 2347; x_wconf 81' lang='grc' dir='ltr'><strong>δὲ</strong></span> 
     </span>
    </p>
   </div>
   <div class='ocr_carea' id='block_1_110' title="bbox 1067 2365 1857 2402">
    <p class='ocr_par' dir='ltr' id='par_1_110' title="bbox 1067 2365 1857 2402">
     <span class='ocr_line' id='line_1_110' title="bbox 1067 2365 1857 2402; baseline 0.001 -10"><span class='ocrx_word' id='word_1_791' title='bbox 1067 2366 1128 2392; x_wconf 82' lang='grc' dir='ltr'>τότε</span> <span class='ocrx_word' id='word_1_792' title='bbox 1153 2366 1291 2393; x_wconf 75' lang='grc' dir='ltr'>θυσάντων</span> <span class='ocrx_word' id='word_1_793' title='bbox 1311 2366 1340 2392; x_wconf 80' lang='grc' dir='ltr'>ὲν</span> <span class='ocrx_word' id='word_1_794' title='bbox 1361 2365 1400 2401; x_wconf 80' lang='grc' dir='ltr'><strong>τῷ</strong></span> <span class='ocrx_word' id='word_1_795' title='bbox 1423 2365 1488 2402; x_wconf 80' lang='grc' dir='ltr'>ἱερῷ</span> <span class='ocrx_word' id='word_1_796' title='bbox 1516 2366 1721 2401; x_wconf 86' lang='grc' dir='ltr'>Ἰεροσολύμων,</span> <span class='ocrx_word' id='word_1_797' title='bbox 1739 2366 1787 2393; x_wconf 83' lang='grc' dir='ltr'><strong>καὶ</strong></span> <span class='ocrx_word' id='word_1_798' title='bbox 1804 2366 1857 2393; x_wconf 82' lang='grc' dir='ltr'>τῶν</span> 
     </span>
    </p>
   </div>
   <div class='ocr_carea' id='block_1_111' title="bbox 1069 2411 1858 2449">
    <p class='ocr_par' dir='ltr' id='par_1_111' title="bbox 1069 2411 1858 2449">
     <span class='ocr_line' id='line_1_111' title="bbox 1069 2411 1858 2449; baseline 0.001 -11"><span class='ocrx_word' id='word_1_799' title='bbox 1069 2413 1126 2443; x_wconf 86' lang='grc' dir='ltr'>τοῖς</span> <span class='ocrx_word' id='word_1_800' title='bbox 1144 2411 1264 2444; x_wconf 71' lang='grc' dir='ltr'>εἰδώλοις</span> <span class='ocrx_word' id='word_1_801' title='bbox 1284 2411 1403 2438; x_wconf 86' lang='grc' dir='ltr'>θυόντων</span> <span class='ocrx_word' id='word_1_802' title='bbox 1422 2412 1489 2448; x_wconf 81' lang='grc' dir='ltr'>ὁμοῦ</span> <span class='ocrx_word' id='word_1_803' title='bbox 1510 2412 1731 2448; x_wconf 83' lang='grc' dir='ltr'>συναπτομένων,</span> <span class='ocrx_word' id='word_1_804' title='bbox 1748 2413 1795 2439; x_wconf 70' lang='grc' dir='ltr'>καὶ</span> <span class='ocrx_word' id='word_1_805' title='bbox 1812 2413 1858 2449; x_wconf 84' lang='grc' dir='ltr'><strong>δη-</strong></span> 
     </span>
    </p>
   </div>
   <div class='ocr_carea' id='block_1_112' title="bbox 1072 2458 1858 2494">
    <p class='ocr_par' dir='ltr' id='par_1_112' title="bbox 1072 2458 1858 2494">
     <span class='ocr_line' id='line_1_112' title="bbox 1072 2458 1858 2494; baseline 0 -9"><span class='ocrx_word' id='word_1_806' title='bbox 1072 2459 1251 2494; x_wconf 85' lang='grc' dir='ltr'>μοσιευόντων</span> <span class='ocrx_word' id='word_1_807' title='bbox 1265 2458 1286 2491; x_wconf 76' lang='grc'>⁸,</span> <span class='ocrx_word' id='word_1_808' title='bbox 1307 2459 1354 2486; x_wconf 76' lang='grc' dir='ltr'><strong>καὶ</strong></span> <span class='ocrx_word' id='word_1_809' title='bbox 1372 2459 1432 2494; x_wconf 50' lang='grc' dir='ltr'>σὺν).</span> <span class='ocrx_word' id='word_1_810' title='bbox 1447 2458 1517 2494; x_wconf 85' lang='grc' dir='ltr'>Θεῷ.</span> <span class='ocrx_word' id='word_1_811' title='bbox 1539 2459 1660 2494; x_wconf 80' lang='grc' dir='ltr'>Μηδενὺς</span> <span class='ocrx_word' id='word_1_812' title='bbox 1678 2459 1706 2486; x_wconf 85' lang='grc' dir='ltr'><strong>δὲ</strong></span> <span class='ocrx_word' id='word_1_813' title='bbox 1729 2459 1858 2491; x_wconf 81' lang='grc' dir='ltr'>θύσαντος</span> 
     </span>
    </p>
   </div>
   <div class='ocr_carea' id='block_1_113' title="bbox 1070 2504 1858 2541">
    <p class='ocr_par' dir='ltr' id='par_1_113' title="bbox 1070 2504 1858 2541">
     <span class='ocr_line' id='line_1_113' title="bbox 1070 2504 1858 2541; baseline 0 -9"><span class='ocrx_word' id='word_1_814' title='bbox 1070 2505 1127 2538; x_wconf 84' lang='grc' dir='ltr'>ζῷα</span> <span class='ocrx_word' id='word_1_815' title='bbox 1144 2505 1255 2541; x_wconf 84' lang='grc' dir='ltr'>Χριστῷ</span> <span class='ocrx_word' id='word_1_816' title='bbox 1270 2506 1324 2532; x_wconf 76' lang='grc' dir='ltr'><strong>ἀπὺ</strong></span> <span class='ocrx_word' id='word_1_817' title='bbox 1336 2506 1387 2541; x_wconf 87' lang='grc' dir='ltr'>τῆς</span> <span class='ocrx_word' id='word_1_818' title='bbox 1406 2505 1525 2541; x_wconf 80' lang='grc' dir='ltr'>Χριστοῦ</span> <span class='ocrx_word' id='word_1_819' title='bbox 1547 2505 1678 2541; x_wconf 77' lang='grc' dir='ltr'>ὲνδημίας</span> <span class='ocrx_word' id='word_1_820' title='bbox 1698 2505 1745 2532; x_wconf 78' lang='grc' dir='ltr'>καὶ</span> <span class='ocrx_word' id='word_1_821' title='bbox 1756 2504 1858 2540; x_wconf 77' lang='grc' dir='ltr'>Καινῆς</span> 
     </span>
    </p>
   </div>
   <div class='ocr_carea' id='block_1_114' title="bbox 1070 2551 1859 2588">
    <p class='ocr_par' dir='ltr' id='par_1_114' title="bbox 1070 2551 1859 2588">
     <span class='ocr_line' id='line_1_114' title="bbox 1070 2551 1859 2588; baseline -0.001 -10"><span class='ocrx_word' id='word_1_822' title='bbox 1070 2552 1218 2588; x_wconf 85' lang='grc' dir='ltr'>Διαθήκης,</span> <span class='ocrx_word' id='word_1_823' title='bbox 1235 2552 1342 2588; x_wconf 78' lang='grc' dir='ltr'>φανερὰ</span> <span class='ocrx_word' id='word_1_824' title='bbox 1356 2553 1373 2587; x_wconf 90' lang='grc' dir='ltr'><strong>ἡ</strong></span> <span class='ocrx_word' id='word_1_825' title='bbox 1395 2552 1471 2588; x_wconf 81' lang='grc' dir='ltr'>παρὰ</span> <span class='ocrx_word' id='word_1_826' title='bbox 1492 2552 1534 2579; x_wconf 79' lang='grc' dir='ltr'>σοὶ</span> <span class='ocrx_word' id='word_1_827' title='bbox 1555 2551 1709 2588; x_wconf 82' lang='grc' dir='ltr'>προσθήκη.</span> <span class='ocrx_word' id='word_1_828' title='bbox 1725 2552 1757 2578; x_wconf 77' lang='lat' dir='ltr'><strong>Et</strong></span> <span class='ocrx_word' id='word_1_829' title='bbox 1772 2551 1800 2578; x_wconf 85' lang='grc' dir='ltr'><strong>δὲ</strong></span> <span class='ocrx_word' id='word_1_830' title='bbox 1815 2552 1859 2578; x_wconf 80' lang='grc' dir='ltr'>καὶ</span> 
     </span>
    </p>
   </div>
   <div class='ocr_carea' id='block_1_115' title="bbox 1071 2595 1859 2631">
    <p class='ocr_par' dir='ltr' id='par_1_115' title="bbox 1071 2595 1859 2631">
     <span class='ocr_line' id='line_1_115' title="bbox 1071 2595 1859 2631; baseline -0.001 -9"><span class='ocrx_word' id='word_1_831' title='bbox 1071 2596 1150 2630; x_wconf 83' lang='grc' dir='ltr'>φύσει</span> <span class='ocrx_word' id='word_1_832' title='bbox 1171 2596 1262 2622; x_wconf 70' lang='grc' dir='ltr'>ἔκειτο</span> <span class='ocrx_word' id='word_1_833' title='bbox 1276 2597 1292 2631; x_wconf 89' lang='grc' dir='ltr'>ἡ</span> <span class='ocrx_word' id='word_1_834' title='bbox 1306 2596 1377 2629; x_wconf 82' lang='grc' dir='ltr'>Λέξις</span> <span class='ocrx_word' id='word_1_835' title='bbox 1388 2597 1415 2623; x_wconf 82' lang='grc' dir='ltr'>ὲν</span> <span class='ocrx_word' id='word_1_836' title='bbox 1437 2595 1476 2631; x_wconf 85' lang='grc' dir='ltr'><strong>τῷ</strong></span> <span class='ocrx_word' id='word_1_837' title='bbox 1504 2596 1658 2631; x_wconf 80' lang='grc' dir='ltr'>Ἀποστόλῳ</span> <span class='ocrx_word' id='word_1_838' title='bbox 1675 2595 1740 2631; x_wconf 76' lang='grc' dir='ltr'>περὶ</span> <span class='ocrx_word' id='word_1_839' title='bbox 1758 2595 1859 2631; x_wconf 68' lang='lat' dir='ltr'><strong>legali-J-</strong></span> 
     </span>
    </p>
   </div>
   <div class='ocr_carea' id='block_1_116' title="bbox 1071 2641 1858 2678">
    <p class='ocr_par' dir='ltr' id='par_1_116' title="bbox 1071 2641 1858 2678">
     <span class='ocr_line' id='line_1_116' title="bbox 1071 2641 1858 2678; baseline -0.001 -10"><span class='ocrx_word' id='word_1_840' title='bbox 1071 2651 1125 2669; x_wconf 81' lang='grc' dir='ltr'><strong>των</strong></span> <span class='ocrx_word' id='word_1_841' title='bbox 1141 2642 1189 2669; x_wconf 70' lang='grc' dir='ltr'><strong>καὶ¹</strong></span> <span class='ocrx_word' id='word_1_842' title='bbox 1205 2642 1392 2674; x_wconf 84' lang='grc' dir='ltr'>εἰδωλοθὺτου,</span> <span class='ocrx_word' id='word_1_843' title='bbox 1416 2642 1484 2678; x_wconf 77' lang='grc' dir='ltr'>ὁμοῦ</span> <span class='ocrx_word' id='word_1_844' title='bbox 1502 2642 1531 2668; x_wconf 83' lang='grc' dir='ltr'>ἓν</span> <span class='ocrx_word' id='word_1_845' title='bbox 1551 2643 1598 2669; x_wconf 82' lang='grc' dir='ltr'>καὶ</span> <span class='ocrx_word' id='word_1_846' title='bbox 1613 2642 1644 2668; x_wconf 85' lang='grc' dir='ltr'><strong>τὸ</strong></span> <span class='ocrx_word' id='word_1_847' title='bbox 1663 2642 1729 2669; x_wconf 77' lang='grc' dir='ltr'>αὐτὸ</span> <span class='ocrx_word' id='word_1_848' title='bbox 1747 2641 1835 2677; x_wconf 77' lang='grc' dir='ltr'>ἔκρινε</span> <span class='ocrx_word' id='word_1_849' title='bbox 1848 2641 1858 2658; x_wconf 86' lang='grc'><strong><em>⁵</em></strong></span> 
     </span>
    </p>
   </div>
   <div class='ocr_carea' id='block_1_117' title="bbox 1071 2687 1860 2724">
    <p class='ocr_par' dir='ltr' id='par_1_117' title="bbox 1071 2687 1860 2724">
     <span class='ocr_line' id='line_1_117' title="bbox 1071 2687 1860 2724; baseline -0.001 -9"><span class='ocrx_word' id='word_1_850' title='bbox 1071 2688 1147 2724; x_wconf 78' lang='grc' dir='ltr'>παρὰ</span> <span class='ocrx_word' id='word_1_851' title='bbox 1163 2689 1218 2720; x_wconf 78' lang='grc' dir='ltr'>τοῖς</span> <span class='ocrx_word' id='word_1_852' title='bbox 1232 2687 1342 2722; x_wconf 72' lang='grc' dir='ltr'>εὔλογον</span> <span class='ocrx_word' id='word_1_853' title='bbox 1358 2688 1487 2723; x_wconf 72' lang='grc' dir='ltr'>λογισμὸν</span> <span class='ocrx_word' id='word_1_854' title='bbox 1511 2688 1700 2723; x_wconf 82' lang='grc' dir='ltr'>κεκτημένοις,</span> <span class='ocrx_word' id='word_1_855' title='bbox 1723 2695 1860 2722; x_wconf 83' lang='grc' dir='ltr'>καταχρη-</span> 
     </span>
    </p>
   </div>
   <div class='ocr_carea' id='block_1_118' title="bbox 1074 2733 1859 2769">
    <p class='ocr_par' dir='ltr' id='par_1_118' title="bbox 1074 2733 1859 2769">
     <span class='ocr_line' id='line_1_118' title="bbox 1074 2733 1859 2769; baseline 0 -9"><span class='ocrx_word' id='word_1_856' title='bbox 1074 2733 1173 2766; x_wconf 80' lang='grc' dir='ltr'>στικῶς</span> <span class='ocrx_word' id='word_1_857' title='bbox 1194 2733 1345 2769; x_wconf 84' lang='grc' dir='ltr'>λεγομένης</span> <span class='ocrx_word' id='word_1_858' title='bbox 1370 2734 1420 2769; x_wconf 75' lang='grc' dir='ltr'>τῆς</span> <span class='ocrx_word' id='word_1_859' title='bbox 1438 2733 1537 2766; x_wconf 82' lang='grc' dir='ltr'>λέξεως</span> <span class='ocrx_word' id='word_1_860' title='bbox 1553 2734 1606 2760; x_wconf 84' lang='grc' dir='ltr'>ὑπὸ</span> <span class='ocrx_word' id='word_1_861' title='bbox 1624 2733 1672 2760; x_wconf 80' lang='grc' dir='ltr'>τοῦ</span> <span class='ocrx_word' id='word_1_862' title='bbox 1700 2733 1859 2761; x_wconf 80' lang='grc' dir='ltr'>Ἀποστόλον</span> 
     </span>
    </p>
   </div>
   <div class='ocr_carea' id='block_1_119' title="bbox 1801 2820 1857 2851">
    <p class='ocr_par' dir='ltr' id='par_1_119' title="bbox 1801 2820 1857 2851">
     <span class='ocr_line' id='line_1_119' title="bbox 1801 2820 1857 2851; baseline 0.036 -2"><span class='ocrx_word' id='word_1_863' title='bbox 1801 2821 1811 2838; x_wconf 85' lang='grc'><strong><em>³</em></strong></span> <span class='ocrx_word' id='word_1_864' title='bbox 1827 2820 1857 2851; x_wconf 77' lang='lat' dir='ltr'><strong>F.</strong></span> 
     </span>
    </p>
   </div>
  </div>
