1964 3047
208 138 253 165 791

895 137 922 162 S.
945 132 1112 160 ΕΡΙΡΙΙᾹΝΖΙ

1774 132 1832 160 793

208 198 259 226 etsi
279 201 306 225 et
326 197 462 232 acciperet
483 197 551 232 ipse,
568 201 595 224 et
608 198 634 224 in
652 197 761 225 nomine
776 196 835 232 ejus
849 195 988 224 oilerrent.

1059 204 1115 229 οιγε
1131 194 1213 224 αὑτοῦ
1243 194 1398 230 δεχομένου,
1422 194 1468 220 καὶ
1486 194 1525 225 εἰς
1539 193 1623 228 ὄνομα
1639 193 1720 220 αὑτοῦ
1737 193 1833 220 αὐτῶν

208 243 287 276 Quod
306 242 415 278 quidem
440 242 475 269 ob
499 243 676 270 inveteratam
697 241 851 270 istiusmodi
867 242 895 268 in
911 241 993 268 rebus

209 289 318 316 illorum
337 287 568 320 consuetudinem
591 292 633 315 est
657 287 771 320 factum,
796 287 884 315 donec
899 294 913 313 a
932 287 993 322 plu-

209 336 279 362 rium
301 335 415 362 deorum
431 342 484 361 usu
500 335 629 369 paulatim
653 335 682 361 in
705 334 787 362 unius
804 334 894 361 cultus
908 332 995 360 refor-

209 383 298 406 n‘atos
310 379 488 414 perduceret;
503 384 530 406 et
545 380 579 406 ab
594 380 641 406 illo
656 378 784 414 deinceps
801 379 993 414 intelligerent,

211 425 277 453 nihil
310 426 383 452 hunc
408 425 542 459 ejusmodi
565 425 666 452 ritibus
690 432 759 459 opus
785 424 926 455 habuisse,
947 431 996 450 nec

211 462 312 498 habere
327 480 333 497 :
351 475 432 505 atque
457 470 494 497 ita
515 470 624 497 demum
648 478 696 505 per
715 470 817 497 Christi
835 470 877 497 sui
897 468 997 496 adven¢

211 522 281 548 tum,
306 522 391 544 totum
414 517 480 543 illud
502 516 697 544 sacriﬁciorum
728 516 865 551 negotium
882 516 997 542 circum-

212 563 366 590 scriberet:
383 567 526 598 postquam
551 563 661 590 unicum
683 570 716 590 ac
737 562 875 597 singulare
895 560 987 588 sacriﬁ

211 609 286 636 cium
314 609 503 636 antecedentia
534 609 625 636 omnia
650 611 888 640 consummasset;
920 608 994 635 nimi»

213 664 274 683 rum
306 656 408 683 Christi
436 655 611 683 sacrilicium.
637 654 787 688 Quoniam,
811 658 842 681 ut
864 654 998 689 scriptum

213 707 265 733 est,
293 701 395 728 Pascha
411 707 530 728 nostrum
544 701 697 728 immolatus
711 706 748 727 est
761 699 882 727 Christus
898 700 919 726 ¹.
939 699 997 726 llu-

214 748 257 782 ius
269 756 348 782 porro
363 747 503 778 sacriﬁcii,
526 751 553 775 et
575 746 730 779 Paschalis,
759 751 786 775 et
801 747 934 774 doctrinm
946 754 997 781 pae-

214 793 336 828 dagogus
351 793 393 819 lex
408 792 468 824 fuit.
485 793 564 828 361
590 800 650 828 quae
670 800 718 828 per
734 792 881 827 ﬁgurarum
904 791 999 818 adum-

213 839 355 866 hrationes
369 839 527 872 deduceret,
544 843 571 866 et
590 838 624 866 ad
645 839 717 866 aliud
741 838 892 873 disciplinae
913 845 999 873 genus

215 884 363 912 conferret.

252 930 342 957 Schol.
359 930 389 956 Η
407 933 434 957 et
452 930 493 957 l9.
519 930 564 956 Vir
579 938 680 957 comam
706 938 756 956 non
778 929 890 961 nutriat,
915 929 1000 964 gloria

216 981 240 1003 ct
256 975 343 1010 imago
360 975 406 1001 Dei
421 984 478 1002 cum
491 976 525 1002 sit
534 976 555 1001 ’.

253 1020 342 1048 lietut.
361 1021 391 1047 11
405 1025 432 1048 et
454 1021 498 1049 19.
517 1021 577 1048 Non
601 1021 690 1048 solum
709 1020 756 1049 Dei
778 1016 933 1056 imaginem,
953 1020 1001 1048 sed

217 1071 244 1094 ﬂ
266 1066 380 1101 gloriam
399 1067 546 1101 Apostolus
576 1067 712 1094 hominem
737 1075 798 1094 esse
819 1067 925 1094 deﬁnit.
949 1067 1002 1093 Co-

218 1118 290 1138 mam
304 1119 369 1138 vero
385 1111 478 1147 utique
494 1119 664 1147 corpoream,
684 1119 736 1139 non
752 1112 849 1139 anima:
864 1111 1001 1146 propriam

218 1165 280 1184 eum
298 1157 430 1189 nominat,
451 1166 505 1184 non
524 1159 642 1185 alienum
663 1166 677 1184 a
691 1158 763 1184 bono
782 1157 836 1184 Deo
851 1165 919 1192 opus
936 1157 1002 1183 illud

218 1210 281 1230 esse
297 1203 441 1238 signiﬁcat.
462 1210 494 1230 eo
507 1204 579 1238 quod
595 1212 656 1238 quae
673 1204 700 1230 in
713 1203 810 1230 Vetere
830 1202 1003 1230 Testamento

219 1248 430 1275 continebantur
444 1249 470 1276 in
482 1248 558 1276 Novo
570 1250 680 1284 impleta
695 1257 756 1277 esse
771 1249 898 1276 fateatur.

255 1292 348 1320 Schol.
365 1293 399 1319 i9.
414 1298 440 1320 et
451 1293 496 1321 20.
518 1294 570 1322 Sed
587 1294 657 1321 Deus
675 1295 824 1329 temperavit
841 1302 934 1329 corpus
945 1294 966 1321 ⁸.

255 1381 345 1409 Refut.
370 1381 403 1408 12
417 1386 444 1409 et
462 1382 506 1410 20.
528 1381 556 1408 Si
581 1390 681 1417 corpus
705 1390 719 1408 a
745 1381 800 1409 Deo
823 1386 1003 1416 temperatum

221 1430 272 1459 est,
291 1433 341 1453 nec
357 1426 440 1453 alium
457 1434 536 1461 quam
561 1435 655 1454 verum
673 1426 754 1454 Deum
774 1427 920 1462 Apostolus
935 1435 1004 1462 pra:-

222 1472 304 1503 dicat,
317 1472 440 1499 eumdem
459 1480 540 1507 porro
552 1472 635 1500 Deum
657 1473 780 1507 corporis
801 1473 921 1500 membra
937 1477 1004 1500 tem—

223 1525 332 1552 perasse
351 1526 382 1545 ac
410 1518 543 1545 formasse
569 1520 730 1551 conﬁtetur;
755 1526 808 1545 non
835 1519 916 1546 alium
943 1527 1005 1553 pro-

223 1563 291 1590 fecto
315 1562 406 1594 Deum,
432 1570 514 1597 quam
539 1563 713 1591 Conditorem
733 1565 832 1598 ipsum,
855 1564 1004 1598 etquidem

224 1611 334 1640 bonum,
362 1612 389 1636 et
415 1613 576 1642 creatorem,
603 1613 629 1636 et
643 1609 759 1644 justum.
783 1614 811 1637 et
837 1610 1006 1638 conditorem

223 1654 344 1681 omnium
366 1656 501 1688 agnoscit.
523 1654 627 1687 Quibus
644 1663 677 1683 ex
702 1655 828 1683 omnibus
845 1656 926 1683 homo
944 1665 1007 1684 cen-

222 1699 324 1726 sendus
338 1703 380 1726 est
399 1699 433 1725 ab
447 1699 541 1726 eodem
557 1703 619 1734 apte
643 1701 701 1728 suis
720 1700 844 1735 partibus
864 1702 1008 1730 memini-

222 1751 275 1778 que
294 1747 470 1778 temperatus.

259 1789 351 1817 Schol.
368 1790 402 1816 15
415 1794 442 1817 et
456 1789 501 1817 21.
520 1789 665 1825 Perperam
683 1791 734 1819 ista
750 1793 876 1827 concepit
891 1802 898 1819 :
912 1793 965 1820 Sed
980 1794 1007 1820 in

223 1835 344 1863 Ecclesia
363 1835 420 1862 volo
434 1835 547 1870 quinque
570 1835 649 1862 verba
665 1844 743 1863 sensu
760 1846 816 1864 meo
832 1838 942 1874 loqui‘;
958 1839 1008 1865 ali-

223 1888 265 1910 ter
279 1883 352 1910 enim
368 1882 478 1917 scripsit
497 1886 524 1910 et
538 1882 569 1910 ob
586 1883 679 1918 legem,
700 1884 810 1919 adjecit.

258 1928 351 1956 Refut.
370 1929 404 1956 15
419 1932 447 1956 et
462 1928 507 1955 2i.
530 1927 641 1964 Lingua;
654 1929 736 1964 igitur
751 1938 766 1956 a
779 1930 899 1965 Spiritus
918 1932 1006 1958 sancti

223 1975 311 2009 gratia
325 1974 495 2002 derivantur.
511 1974 652 2010 Ejusmodi
669 1983 762 2010 porro,
778 1977 812 2003 de
823 1977 923 2011 quibus
936 1978 1009 2012 Apo-

224 2021 312 2048 stolus
334 2021 466 2055 loquitur,
499 2021 599 2057 lingua:
621 2025 696 2054 sunt,
722 2028 751 2048 ut
783 2030 836 2049 non
861 2022 1008 2051 llebraicas

224 2067 305 2094 modo
318 2075 398 2095 voces
417 2068 658 2103 comprehendant,
676 2076 736 2103 qua:
750 2068 777 2095 in
793 2069 908 2103 singulis
931 2077 1009 2096 voca-

225 2114 295 2141 bulis
311 2114 468 2148 praaclaram
483 2115 628 2149 quamdam
642 2122 673 2141 ac
687 2116 836 2149 sapientem
851 2115 1008 2143 varietatem

225 2158 369 2191 exhibent;
395 2159 444 2186 sed
470 2163 497 2186 et
520 2159 572 2186 alia
596 2166 705 2194 quoque
727 2160 884 2187 idiomatum
910 2160 1009 2188 discri-

1042 241 1265 278 προσφερόντων-
1291 240 1359 267 ἀλλὰ
1378 239 1429 274 ,διὰ
1453 240 1502 276 τὴν
1527 240 1615 267 αὐτῶν
1632 241 1660 266 ὲν
1673 240 1731 279 τοῖς
1744 238 1833 266 τοιού-

1041 296 1098 318 τοις
1126 286 1287 321 ἁναχθεῖααν
1317 286 1470 322 συνήθειαν,
1497 286 1551 317 ἕως
1579 285 1745 321 μεταλλεύσῃ
1773 285 1832 321 (δι)

1042 333 1212 365 καθελκύσας
1236 333 1289 360 ἀπὸ
1310 332 1453 368 συνηθείας
1475 333 1612 368 (τοιαύτης
1624 332 1678 358 τῶν
1690 331 1795 358 πολλῶν
1807 331 1831 365 ⁵)

1044 379 1084 410 εἰς
1097 378 1142 405 τὴν
1156 378 1214 410 ἕνα,
1229 378 1277 404 καὶ
1294 377 1342 404 τοῦ
1364 378 1422 410 ὲνὺς
1440 377 1531 404 λοιπὸν
1555 378 1686 413 μάθωσιν,
1706 377 1747 403 ὅτι
1768 376 1833 402 οὕτε

1044 423 1159 459 ἔχρῃζεν
1178 423 1239 450 οὔτε
1264 422 1374 459 χρῄζει·
1391 424 1438 450 καὶ
1463 423 1555 450 λοιπὸν
1575 423 1698 458 ἀποκόψῃ
1720 422 1763 449 διὰ
1780 422 1833 456 τῆς

1045 470 1178 505 ἐνσάρκου
1195 470 1346 505 παρουσίας
1367 470 1416 505 τῆς
1429 469 1476 496 τοῦ
1493 469 1611 506 Χριστοῦ
1634 468 1715 495 αὐτοῦ
1732 468 1762 494 τὸ
1777 468 1832 494 πᾶν

1045 515 1095 550 τῆς
1112 515 1266 548 ὑποθέσεως
1280 515 1332 542 τῶν
1346 515 1457 546 θυσιῶν.
1471 516 1520 551 τῆς
1535 516 1598 550 μιᾶς
1614 514 1708 546 θυσίας
1721 514 1832 541 τελειω-

1048 562 1133 596 σασης
1155 561 1204 593 τὰς
1224 561 1439 597 προῡπαρξάσας
1461 562 1567 592 πάσας·
1593 561 1652 596 ἥτις
1670 560 1728 586 ἐστὶ
1751 559 1834 586 θυσία.

1046 607 1175 644 Χριστοῦ.
1201 608 1262 634 ’Ὁτι
1283 607 1320 634 Τὸ
1344 607 1452 641 Πάσχα
1475 607 1559 642 ἡμῶν
1579 606 1668 640 ἐτύθη
1693 605 1832 640 Χριστὸς,

1048 654 1118 680 κατὰ
1134 653 1164 680 τὸ
1177 653 1379 689 γεγραμμένον.
1399 651 1454 685 Ἧς
1473 653 1576 685 θυσίας,
1595 653 1642 679 καὶ
1661 652 1766 687 Πάσχα.
1785 651 1834 678 καὶ

1047 700 1218 731 διδασκαλίας
1243 700 1415 734 παιδαγωγὸς
1437 700 1544 734 ἐγένετο
1568 701 1582 726 6
1606 699 1702 734 νόμος,
1729 699 1835 733 ὁδηγῶν

1047 746 1092 773 διὰ
1107 746 1152 772 τὸν
1167 746 1261 777 τύπον,
1280 746 1326 772 καὶ
1338 745 1528 773 ἀποκαθιστῶν
1551 746 1592 777 εἰς
1611 745 1660 771 τὶν
1683 744 1781 774 ἐτέρων
1795 743 1836 770 δι-

1048 792 1194 818 δασκαλίαν

1015 874 1038 902 Β

1087 923 1119 950 ια’
1138 923 1184 950 καὶ
1201 923 1232 949 ιθ¹
1251 924 1323 958 σχὸλ.
1343 922 1433 956 Ἀνὴρ
1446 922 1502 949 οὐκ
1515 921 1626 956 ὀφείλει
1641 919 1747 955 πσμᾷν,
1760 919 1838 951 δόξα

1052 970 1102 996 καὶ
1114 969 1201 996 εἰκὼν
1214 969 1288 995 Θεοῦ
1301 968 1452 1003 ὑπάρχων.

1088 1019 1122 1042 ια’
1139 1015 1185 1042 καὶ
1199 1014 1230 1041 ιθ¹
1245 1014 1334 1049 ἓλεγχ.
1355 1013 1453 1040 Είκόνα
1477 1013 1507 1040 οὐ
1535 1013 1614 1048 μόνον
1633 1012 1679 1038 τὸν
1693 1011 1840 1048 ἄνθρωπον

1051 1062 1119 1090 Θεοῦ
1132 1062 1251 1098 ὁρίζεται
1269 1062 1283 1087 6
1300 1059 1470 1092 Ἀπόστολος,
1484 1059 1550 1086 ἀλλὰ
1561 1059 1608 1086 καὶ
1623 1059 1710 1091 δόξαν.
1723 1059 1777 1094 Τὴν
1789 1059 1838 1085 κό-

1054 1117 1107 1144 μην
1121 1107 1149 1134 διὲ
1162 1107 1354 1142 ὑποτιθέμενος
1376 1105 1535 1141 σωματικὴν
1555 1103 1636 1132 οὖσαν
1651 1105 1710 1132 κατ’
1726 1104 1839 1131 ίδὶανὲν

1054 1155 1168 1190 σώματι,
1183 1153 1230 1180 καὶ
1243 1153 1292 1180 οὐκ
1306 1154 1334 1179 ἐν
1444 1153 1501 1178 Οὐκ
1516 1151 1654 1188 ἀλλότριον
1666 1151 1719 1187 ἄρα
1729 1151 1796 1178 Θεοῦ
1807 1150 1840 1178 ’τὸ

1053 1200 1156 1235 ποίημα
1171 1198 1289 1235 ὁρίζεται
1304 1198 1352 1225 τοῦ
1368 1197 1484 1232 ἀγαθοῦ·
1501 1197 1544 1224 διὰ
1558 1197 1587 1223 τὸ
1600 1197 1739 1232 ὁμολογεῖν
1757 1197 1840 1224 αὑτὸν

1052 1246 1087 1272 τὰ
1102 1245 1154 1272 ἀπὸ
1166 1245 1288 1276 Παλαιᾱς
1303 1245 1332 1271 ὲν
1347 1245 1435 1279 Καινῇ
1451 1243 1627 1279 πληρούμενα
1637 1243 1759 1279 Διαθήκῃ

1091 1291 1124 1326 ιβ’
1143 1291 1189 1318 καὶ
1209 1294 1232 1317 κ’
1256 1290 1329 1325 σκύλ.
1348 1289 1442 1317 Ἀλλὰ
1467 1291 1482 1316 ό
1507 1289 1579 1322 Θεὸς
1600 1289 1785 1324 συνεκέρασε
1805 1297 1841 1315 το

1054 1336 1148 1371 σῶμα.

1091 1382 1124 1417 ιβ’
1140 1382 1187 1409 καὶ
1211 1385 1236 1409 κ’
1248 1382 1340 1418 ἔλεγχε
1357 1382 1390 1414 El
1403 1383 1417 1409 ὁ
1432 1381 1498 1413 Θεδς
1516 1381 1680 1416 συνεκέρασε
1699 1380 1730 1407 τὸ
1748 1380 1841 1416 σῶμα,

1054 1428 1104 1454 οὐκ
1118 1428 1196 1455 ἄλλον
1209 1428 1237 1454 δὲ
1257 1417 1364 1463 Θεὸν-λό’
1374 1427 1538 1459 ’Δπόστολος
1550 1427 1693 1462 κηρύσσει,
1712 1426 1780 1453 ἀλλὰ
1793 1426 1841 1452 τὸν

1054 1474 1118 1500 ὅντα
1129 1482 1136 1489 '
1150 1474 1276 1510 ὁμολογεῖ
1288 1474 1316 1500 δὲ
1322 1473 1377 1501 “16v
1392 1474 1458 1500 Θεὸν
1469 1473 1500 1500 τὸ
1516 1473 1594 1508 σῶμα
1608 1475 1663 1505 τοῖς
1683 1473 1775 1508 μέλεσι
1793 1481 1841 1499 χε-

1056 1520 1201 1556 κερακέναι
1212 1528 1219 1535 '
1234 1521 1284 1547 οὐκ
1299 1521 1377 1548 ἄλλον
1391 1518 1444 1547 οἵδε
1460 1520 1526 1546 Θεὸν
1539 1519 1595 1546 ἀλλ’
1612 1519 1628 1554 ἢ
1644 1519 1688 1545 τὸν
1709 1519 1837 1554 δημιουρ-

1056 1567 1103 1601 γὺν
1120 1567 1199 1593 αὐτὸν
1216 1566 1326 1601 ἀγαθὸν,
1345 1567 1391 1594 καὶ
1404 1567 1527 1602 κτίστην,
1542 1567 1589 1593 καὶ
1607 1566 1718 1597 δίκαιον,
1733 1566 1842 1592 πάντων

1057 1614 1188 1649 ποιητήν·
1205 1612 1234 1645 ἐξ
1246 1610 1283 1640 ὧν
1300 1613 1408 1640 πάντων
1430 1612 1459 1639 ἓν
1480 1613 1558 1648 ἔργον
1579 1612 1695 1647 ὑπάρχει
1710 1612 1724 1638 6
1738 1611 1836 1646 ἄνθρω

1057 1667 1117 1691 πος,
1133 1659 1148 1685 6
1160 1660 1215 1690 τοῖς
1230 1659 1337 1694 μέλεσιν
1351 1659 1396 1685 ὑπ’
1411 1657 1493 1685 αὐτοῦ
1505 1657 1596 1689 καλῶς
1606 1656 1818 1692 κεκερασμένος.

1095 1800 1128 1831 ιγ’
1140 1796 1187 1823 καὶ
1198 1795 1240 1823 κα¹
1250 1796 1324 1831 σχόλ.
1344 1795 1472 1831 Πεπλανη
1477 1794 1564 1830 μένως
1573 1794 1587 1821 6
1597 1793 1727 1829 Μαρκίων
1737 1801 1744 1808 ’
1753 1793 1842 1820 Ἀλλὰ

1057 1843 1093 1869 ἐν
1105 1842 1267 1876 Ἐκκλησία
1283 1841 1358 1868 θέλω
1371 1841 1460 1868 πέντε
1478 1841 1586 1874 λόγους
1602 1839 1642 1872 τῷ
1654 1839 1770 1874 νοΐμου
1786 1841 1842 1866 λα-

1058 1887 1152 1922 λῆσαι
1161 1896 1167 1902 ·
1184 1888 1285 1922 ἑτέρως
1296 1887 1325 1913 δὲ
1340 1887 1389 1914 διὰ
1396 1887 1450 1914 τὸν
1457 1887 1561 1921 νόμον.
1783 1915 1786 1917 _

1096 1936 1128 1967 ιτ
1143 1933 1188 1959 καὶ
1203 1932 1244 1959 κα¹
1259 1932 1349 1967 ἕλεγχ.
1371 1933 1441 1967 ’Ἄρα
1455 1931 1501 1958 καὶ
1515 1932 1543 1958 αἱ
1557 1931 1676 1965 γλῶσσαι
1688 1930 1719 1957 ὲκ
1733 1929 1779 1957 τοῦ
1795 1939 1844 1965 χα-

1059 1982 1190 2018 ρίσματος
1206 1980 1251 2007 τοῦ
1265 1979 1421 2015 Πνεύματός
1437 1980 1498 2006 εἰσι.
1512 1978 1639 2009 Γλώσσας
1653 1977 1681 2004 δὲ
1694 1977 1789 2009 ὁποίας
1801 1977 1840 2004 λέ-

1058 2034 1102 2060 γει
1112 2025 1303 2057 ὁἈπόστολος,
1317 2025 1391 2055 ὅπως
1401 2024 1458 2059 γνῷ
1468 2025 1498 2050 οὐ
1513 2023 1559 2055 τὰς
1570 2022 1661 2058 φωνὰς
1675 2023 1724 2055 τὰς
1740 2022 1842 2058 Ἐϐραϊ-

1057 2072 1106 2103 δας
1120 2071 1169 2103 τὰς
1184 2071 1318 2107 διαφόρως
1344 2071 1391 2097 καὶ
1413 2070 1541 2102 ποικίλως
1553 2071 1581 2096 ὲν
1595 2070 1697 2106 ἑκάστῃ
1709 2069 1779 2101 λέξει
1793 2077 1844 2095 κα-

1058 2117 1112 2149 λῶς
1125 2116 1194 2152 μετὰ
1211 2106 1306 2151 σοφίας
1322 2115 1515 2148 ποικιλθείσας,
1532 2115 1600 2142 ἀλλὰ
1610 2115 1656 2142 καὶ
1669 2115 1716 2150 τὴν
1729 2114 1843 2149 κομπώ-

1058 2163 1090 2198 δη
1104 2163 1228 2197 γλῶσσαν
1245 2161 1300 2188 τῶν
1321 2162 1453 2197 Ἑλλήνων
1467 2160 1629 2197 αὐχοῦντες,
1645 2161 1676 2187 τὸ
1697 2161 1843 2192 ἀττικίζειν

225 2205 309 2236 mina,
325 2213 385 2239 quae
408 2205 531 2232 nonnulli
549 2205 650 2234 Graecae
665 2206 762 2240 linguae
776 2206 867 2241 periti,
881 2207 925 2233 cui
944 2207 1003 2234 insi-

1060 2208 1107 2235 καὶ
1133 2207 1272 2240 αἰολίζειν,
1289 2208 1337 2234 καὶ
1358 2207 1485 2243 Δωρικῶς
1508 2206 1672 2242 φθέγγεσθαί
1697 2214 1769 2237 τινες
1789 2205 1843 2231 τῶν

225 2253 270 2278 tus
291 2250 400 2285 quidam
418 2250 504 2279 fastus
530 2259 562 2278 ac
587 2252 694 2278 vanitas
713 2255 766 2283 est,
790 2251 907 2286 gloriose
922 2253 1008 2286 jacta-

225 2296 315 2324 bant:
337 2296 425 2331 qualis
450 2302 493 2325 est
507 2297 608 2329 Attica,
629 2297 748 2329 Eolica.
769 2305 801 2325 ac
828 2297 926 2325 Dorica
948 2306 1010 2332 pro-

225 2343 338 2378 prietas,
352 2351 468 2377 quarum
484 2343 545 2371 freti
559 2344 673 2372 scientia
692 2344 816 2371 nonnulli
835 2344 930 2372 turbas
949 2345 1009 2372 illas

224 2388 348 2416 Corinthi
370 2397 402 2416 ac
425 2390 574 2418 seditiones
600 2390 752 2417 excitarunt
767 2400 774 2418 :
791 2390 823 2418 ad
849 2398 919 2426 quos
949 2391 1010 2419 ideo

224 2435 296 2462 hanc
319 2435 467 2468 Apostolus
490 2435 639 2472 Epistolam
660 2437 745 2464 dedit.
766 2437 794 2464 In
818 2445 872 2472 qua
891 2437 1009 2472 primum

261 2514 269 2528 ¹
286 2512 294 2538 l
309 2513 371 2541 Cor.
390 2522 417 2546 v,
431 2514 456 2541 7.
494 2516 504 2530 ²
519 2514 529 2540 l
546 2514 608 2543 Cor.
625 2523 663 2547 ιι,
684 2515 725 2542 14.
765 2515 775 2530 ³
789 2515 798 2542 l
813 2515 877 2543 Cor.
896 2515 1007 2549 xu,'24.

223 2580 325 2618 gersati
350 2585 432 2618 sunt,
457 2589 536 2609 sacra
560 2583 668 2618 quidem
692 2583 825 2611 obtulisse
849 2582 905 2610 Deo
932 2587 1009 2618 putat

224 2616 410 2651 Epiphanius;
440 2618 486 2653 sed
514 2616 585 2652 quod
614 2625 645 2644 ea
671 2626 719 2652 per
740 2626 802 2646 sese
826 2616 940 2645 minime
958 2619 1010 2653 ipsi

225 2653 378 2686 placerent,
395 2652 522 2686 quodque
542 2659 572 2681 ut
587 2654 621 2680 ab
641 2653 792 2680 idololatria
814 2661 862 2680 eos
877 2652 1010 2681 averteret

226 2688 328 2721 potius,
343 2695 424 2723 quam
439 2689 511 2721 quod
526 2689 578 2716 illis
593 2688 755 2720 alliceretur,
770 2688 861 2716 oﬁ‘erri
884 2688 935 2716 sibi
947 2696 1009 2723 pas-

227 2729 275 2748 sus
291 2727 380 2758 esset,
398 2722 459 2749 ideo
483 2731 582 2758 negare
598 2724 648 2751 sibi
673 2724 730 2750 haec
752 2724 841 2751 oblata
857 2722 1009 2758 fuisse’per

227 2757 386 2790 prophetam
401 2757 548 2785 existimat.
557 2759 591 2786 At
601 2758 713 2786 llieron.
724 2763 871 2786 comment.
884 2758 917 2785 ad
928 2757 1007 2786 Amos

228 2792 324 2818 scribit
343 2792 479 2820 Israelitas
502 2798 559 2820 toto
582 2794 628 2820 illo
647 2802 702 2823 auo
724 2795 750 2820 in
774 2794 882 2821 deserto
901 2794 1012 2821 luerunt

228 2829 359 2859 tempore,
380 2835 434 2854 non
458 2828 522 2860 Deo,
547 2829 594 2856 sed
608 2829 688 2856 idolis
706 2829 870 2856 immolasse.
888 2828 922 2855 Et
942 2828 1011 2863 quod

192 2893 205 2906 κ,
228 2865 336 2894 unum,
357 2862 458 2897 inquit,
483 2864 602 2898 quautam
620 2863 733 2892 Domino
747 2871 791 2890 eos
813 2863 921 2898 legimus
935 2864 1012 2890 obm-

1060 2254 1136 2289 παρὰ
1150 2255 1206 2285 τοῖς
1218 2253 1368 2289 Κορινθίοις
1378 2253 1427 2284 τὰς
1441 2253 1570 2288 πτύρσεις
1584 2253 1630 2279 καὶ
1644 2253 1750 2283 στάσεις
1761 2253 1842 2287 ἐργα-

1062 2297 1244 2335 σαμένων,οίς
1257 2298 1424 2334 ἡῈπιο-τολὴ
1440 2299 1605 2326 ἐπετέλλετο.
1617 2299 1672 2325 Καὶ
1686 2298 1843 2333 ὡμολόγησε

1063 2346 1113 2381 μὲν
1135 2346 1257 2381 χάρισμα
1278 2344 1348 2372 εἶναι
1368 2345 1551 2380 πνευματικὸν
1564 2345 1594 2371 τὸ
1612 2346 1672 2376 ταῖς
1689 2344 1842 2379 Ἑϐραϊκαῖς

1062 2391 1150 2423 λέξεσι
1163 2391 1311 2426 κεχρῆσθαί
1321 2399 1351 2417 τε
1368 2391 1414 2417 καὶ
1432 2391 1476 2417 τὸν
1491 2391 1571 2425 νόμον
1583 2389 1717 2416 διδάσκειν
1727 2398 1734 2405 ·
1748 2389 1843 2424 οὑ-μὴν

1063 2437 1130 2464 ἀλλὰ
1146 2438 1193 2464 καὶ
1206 2438 1240 2464 τὰ
1257 2437 1323 2464 ἄλλα
1341 2437 1471 2472 κομπώδη
1483 2436 1603 2464 καθελὼν
1617 2435 1667 2471 τῆς
1681 2436 1734 2463 τῶν
1755 2435 1838 2471 Ἐλλή-

1045 2518 1056 2531 δ
1073 2516 1082 2542 l
1100 2515 1163 2543 Cor.
1180 2523 1237 2548 xw,
1254 2516 1296 2543 19.
1334 2517 1345 2531 ⁵
1361 2514 1479 2542 Aberan.
1495 2515 1552 2542 haae
1568 2522 1583 2541 a
1597 2514 1686 2541 Vatie.

1064 2583 1135 2616 lisse,
1153 2591 1204 2610 non
1218 2582 1361 2615 voluntate,
1381 2583 1427 2610 sed
1441 2591 1577 2617 poenarum
1592 2583 1708 2617 fecerunt
1721 2587 1801 2614 metu,
1819 2589 1843 2610 et

1062 2627 1152 2644 eorum
1179 2619 1358 2652 interfectione
1380 2618 1424 2653 qui
1446 2624 1551 2652 propter
1579 2618 1652 2645 idola
1677 2625 1841 2645 corruerunt.

1062 2653 1191 2680 Dominus
1207 2659 1293 2680 autem
1310 2662 1362 2680 non
1377 2662 1408 2679 ιια
1421 2661 1478 2687 qua!
1494 2654 1651 2688 o/feruntur.
1668 2653 1712 2680 sed
1724 2653 1841 2679 volunta-

1063 2693 1113 2715 tem
1126 2689 1230 2722 respicit
1239 2688 1541 2723 oﬂ"erenlium.tlyrillus
1549 2696 1613 2715 vero
1624 2688 1658 2714 ad
1667 2696 1682 2714 ν
1692 2696 1749 2721 cap.
1766 2689 1841 2715 Amos

1062 2724 1098 2750 ita
1116 2724 1212 2751 statuit
1229 2734 1234 2751 :
1253 2725 1335 2750 Deum
1358 2724 1385 2749 in
1408 2723 1471 2750 illud
1493 2724 1626 2750 duntaxat
1646 2727 1751 2757 tempus
1769 2724 1840 2750 cele-

1062 2758 1165 2785 branda
1195 2758 1396 2793 praescripsisse
1411 2759 1575 2793 sacriﬁcia,
1599 2765 1654 2793 quo
1681 2758 1840 2792 promissam

1065 2799 1164 2820 terram
1180 2792 1356 2828 occuparent,
1371 2792 1417 2820 sed
1430 2793 1492 2819 illos
1506 2801 1556 2820 nec
1571 2793 1725 2827 postulante
1736 2800 1786 2820 nec
1797 2801 1839 2820 eu-

1064 2833 1142 2856 ranle
1159 2828 1224 2860 Deo,
1243 2829 1269 2856 in
1285 2828 1393 2855 deserto
1409 2828 1583 2854 nihilominus
1597 2828 1738 2854 obtulisse.

1100 2864 1155 2899 (85)
1176 2864 1248 2897 Ἕως
1257 2862 1458 2898 μετα-πλεύσῃ.
1480 2862 1542 2890 For.
1559 2862 1719 2899 μεταλλάξῃ.
