1964 3047
144 117 203 147 793

475 122 666 152 ADVERSUS
685 124 857 153 HERESES
876 126 938 153 LIB.
959 126 980 153 Ι.
1001 126 1085 154 ΤΟΜ.
1101 126 1144 153 III.
1163 141 1196 147 ——
1217 125 1354 153 IIA'ZRES.
1372 125 1451 153 XLII.

1717 124 1771 154 794‘:

143 182 202 219 νων
220 175 354 211 γλώσσης.
366 176 466 213 ἔφησεν
485 179 584 214 μᾶλλον
596 180 731 215 γλώσσαις
749 178 829 209 αὐτὸν
846 183 930 210 αὐτῶν

987 183 1134 219 singularis
1151 183 1295 218 cujusdam
1314 190 1376 210 esse
1387 182 1509 210 beneﬁcii
1523 181 1611 213 docet,
1624 180 1767 209 Hebraicis

130 218 291 252 λαλοῦντα,
309 222 352 248 διὰ
366 222 396 248 τὺ
415 222 483 250 εἶναι
505 225 585 252 αὑτὸν
604 226 728 262 Ἐὗραῖον
744 228 773 260 ἐξ
792 228 934 264 Ἐϐραίων,

145 264 225 300 ’παρὰ
257 267 320 298 τοὺς
343 267 427 299 πόδας
451 269 591 306 Γαμαλιὴλ
613 271 868 308 ἀνατεθραμμένον·
899 271 936 301 ὧν

144 311 323 348 (”Ε6ραίοις¹)
334 313 368 339 τὰ
378 314 528 350 γράμματα
539 318 568 343 ὲν
579 317 698 349 ἐπαίνοις
711 319 811 354 τίθησι,
828 320 874 346 καὶ
887 321 936 355 τῆς

143 356 195 382 τοῦ
211 356 367 392 Πνεύματος
379 359 481 394 δωρεᾶς
492 361 555 388 ὄντα
569 363 734 398 χαρίσματα.
749 365 794 390 Διὸ
809 365 870 400 περὶ
882 365 935 392 τῶν

144 400 238 427 αὐτῶν
250 402 295 428 καὶ
311 402 432 439 Τιμοθέῳ
449 405 570 440 γράφων,
585 407 686 441 ἔλεγεν·
703 409 744 434 ὅτι
757 409 823 435 Ἀπὸ
834 410 934 443 νεότη-

143 453 199 478 τος
230 447 291 481 ιερὰ
309 448 470 483 Γράμματα
494 451 610 485 ἔμαθες.
641 453 702 480 Ὅτι
726 454 754 480 δὲ
778 455 933 490 προστιθεὶς

144 493 213 523 τοὺς
241 493 294 519 ἀπὸ
316 494 448 530 Ἑλλήνων
470 498 589 532 ποιητῶν
602 499 649 525 καὶ
665 500 786 535 ρητόρων
805 501 933 536 ὁρμωμέ-

144 546 211 570 νους
234 539 269 565 τὰ
289 540 332 566 ἴσα
358 542 477 576 φάσκων,
493 544 593 578 ὁμοίως
614 545 664 581 ἔφη
676 553 682 560 ·
697 545 819 572 Πάντων
838 546 933 572 πλέον

144 583 232 614 ὑμῶν
244 586 326 612 λαλῶ
343 586 505 621 γλώσσαις,
521 589 564 616 ἵνα
579 589 652 626 δείξῃ
677 592 724 617 καὶ
745 592 795 626 τῆς
812 592 932 627 Ἐλληνι-

145 631 200 665 κῆς
213 632 334 664 παιδείας
350 634 430 660 αὑτὸν
445 635 473 661 ὲν
488 635 570 671 πείρᾳ
588 636 809 673 ὑπερϐαλλόντως
821 640 933 675 γεγενῆ-

146 676 221 703 σθαι,
239 677 291 703 Καὶ
303 679 356 714 γὰρ
371 680 417 706 καὶ
430 681 444 706 ὁ
456 682 597 718 χαρακτὴρ
614 683 696 710 αὑτοῦ
712 685 838 720 σημαίνει
853 686 932 712 αὑτὸν

145 722 280 758 ὑπάρχειν
293 725 321 750 ὲν
334 727 506 764 προπαιδεία,
518 726 548 755 οὗ
563 730 612 755 οὐκ
627 730 797 766 ἠδυνήθησαν
808 731 933 758 Ἐπικού-

146 776 216 803 ρειοι
233 769 279 796 καὶ
293 770 404 798 Στωϊκοὶ
417 773 583 809 ἀντιστῆναι,
598 775 811 811 ἀνατρεπόμενοι
826 776 869 803 διὰ
881 777 932 811 τῆς

144 813 244 865 λογίως
259 817 322 850 παρ’
333 818 407 853 αὐτῷ
419 819 636 855 ἀναγνωσθείσης
647 821 693 847 τοῦ
709 822 799 857 βωμοῦ
815 824 932 858 ἐπιγρα-

143 862 200 893 φῆς
213 862 262 895 τῆς
287 862 527 900 ἐπιγεγραμμένης
553 865 593 898 τῷ
621 865 681 898 Θεῷ
707 867 865 900 ἀγνώστοις
893 868 930 900 ³⁸,

145 906 300 941 ῥητορικῶς
323 907 543 945 ἀναγνωσθείσης
574 912 638 946 παρ’
661 911 754 942 αὑτοῦ.
782 913 829 939 καὶ
853 913 934 945 εὐθὺς

145 953 375 986 μεταφραστιχῶς
399 955 542 991 ρηθείσης¹
565 956 614 982 “Or
641 957 821 991 ἀγνοοῦντες
847 959 934 985 εὐσε-

145 996 232 1028 ϐεῖτε,
256 998 362 1026 τοῦτον
462 1002 655 1037 καταγγέλλω
671 1004 757 1038 ὑμῖν·
781 1005 827 1030 καὶ
851 1004 933 1031 πάλιν

144 1044 278 1078 φήσαντος
289 1052 296 1058 ·
320 1043 393 1072 Εἰπέ
407 1047 537 1085 uatem
553 1048 652 1074 αὐτῶν
676 1050 831 1084 προφήτης
841 1058 847 1064 ·

987 231 1025 257 uti
1046 230 1185 257 vocabulis
1206 237 1297 264 posse,
1320 236 1351 256 ac
1367 229 1451 264 legem
1476 229 1583 256 docere.
1611 227 1714 255 Deinde
1737 230 1768 255 ut

986 274 1074 301 Grazei
1088 274 1223 302 sermonis
1243 279 1374 300 tumorem
1392 273 1630 308 arrogantiamque
1649 272 1766 306 compri-

986 324 1081 351 meret,
1102 326 1161 346 sese
1182 319 1334 353 linguarum
1355 319 1462 344 illorum
1489 325 1540 345 usu
1562 317 1765 345 instr'uctiorem

985 365 1040 392 illis
1057 365 1124 400 ipsis
1138 372 1198 392 esse
1223 364 1337 395 monuit,
1353 364 1427 398 quod
1448 363 1577 391 IIebrzeus
1591 363 1624 390 ab
1644 362 1765 390 Ilebraais

984 414 1056 438 esset
1077 411 1220 441 oriundus,
1243 414 1267 437 et
1286 410 1318 437 ad
1337 412 1419 446 pedes
1435 409 1591 437 Gamalielis
1612 410 1762 437 institutus.

984 456 1022 484 Ita
1041 456 1181 484 Ichraicze
1200 456 1298 490 linguae
1315 456 1457 483 scientiam
1473 455 1500 482 in
1514 455 1593 482 laude
1616 455 1717 490 posuit,
1737 458 1765 482 et

985 503 1055 530 inter
1081 502 1200 537 Spiritus
1227 502 1314 529 sancti
1338 501 1468 529 beneﬁcia
1500 501 1664 528 numeravit.
1685 500 1764 535 362

984 548 1062 575 Unde
1082 552 1109 575 et
1126 548 1159 575 ad
1186 548 1357 575 Timotheum
1379 547 1412 575 de
1434 547 1531 575 iisdem
1555 547 1699 575 scribens:
1715 546 1765 579 Tu,

983 593 1081 627 inquit,
1112 592 1144 619 ab
1169 593 1344 620 adolescentia
1366 600 1457 619 sacras
1474 592 1588 619 Litteras
1613 586 1765 618 didicisti‘.

983 638 1060 672 Quod
1075 647 1139 666 vero
1157 639 1190 665 ad
1207 639 1280 665 illam
1302 638 1481 665 eruditionem
1498 638 1638 672 politiores
1657 643 1766 671 quoque

982 684 1138 711 Graecorum
1155 683 1269 713 litteras,
1293 682 1345 709 hoc
1360 686 1401 709 est
1415 681 1535 716 poeticas
1557 688 1589 708 ac
1604 681 1764 711 rhetoricas,

982 730 1121 764 adiecerit,
1138 729 1204 756 iisce
1217 728 1308 755 verbis
1326 728 1461 762 expressit
1474 736 1487 754 :-
1497 726 1683 753 Abundantius
1698 725 1766 752 vobis

983 774 1101 803 omnibus
1121 774 1218 809 linguis
1242 774 1343 808 loquor,
1363 773 1401 800 uti
1427 780 1456 800 se
1471 771 1625 799 Graecarum
1647 770 1754 805 discipli

983 829 1078 848 narum
1106 820 1289 847 execllentiori
1314 818 1430 854 quodam
1459 825 1508 844 usu
1537 817 1680 852 prteditum
1706 824 1767 845 esse

947 858 967 885 Β
982 870 1155 894 monstraret.
1182 865 1248 892 Nam
1276 869 1303 893 et
1332 863 1468 892 scribendi
1492 871 1577 899 genus
1599 863 1688 898 ipsum
1713 870 1768 896 quo

982 913 1076 945 utitur,
1097 911 1275 939 humanitatis
1291 911 1366 938 illum
1386 911 1484 938 studiis
1502 909 1573 937 haud
1594 908 1767 936 mediocriter

981 958 1115 986 imbutum
1140 957 1225 984 fuisse
1246 957 1378 989 declarat,
1398 961 1428 983 ut
1449 964 1482 984 ne
1509 955 1634 991 Epicurei
1656 954 1766 990 quidem

980 1004 1032 1038 ipsi
1054 1003 1173 1030 Stoicive
1198 1007 1310 1038 possent
1332 1003 1480 1035 resistere;
1499 1009 1568 1036 quos
1593 1009 1688 1029 omnes
1704 1008 1766 1028 eum

981 1057 1034 1076 arae
1056 1049 1129 1077 IIIIllS
1153 1049 1357 1083 inscriptionem
1384 1047 1531 1083 ejusmodi,
1554 1046 1648 1082 Ignoto
1678 1045 1732 1074 Dea
1742 1046 1765 1077 ⁸,

143 1090 250 1117 erudite
267 1091 387 1126 legisset,
412 1100 518 1120 summa
541 1101 602 1121 cum
623 1095 776 1129 eloquentia
794 1096 994 1130 artiﬁcioseque
1015 1095 1153 1128 refutavit,
1186 1095 1213 1122 id
1231 1095 1375 1130 ipsumque
1408 1094 1445 1120 ita
1473 1093 1621 1121 declaravit
1651 1101 1657 1119 :
1684 1092 1766 1125 Quem

143 1136 295 1171 ignorantes
317 1138 414 1172 colitis,
435 1139 504 1166 Ιηιιισ
527 1141 656 1168 minantia
669 1141 772 1169 vobis“.
806 1143 872 1170 Item
896 1142 961 1169 illud
993 1141 1048 1168 alio
1073 1141 1134 1168 loco
1156 1141 1234 1173 dixit,
1265 1140 1341 1167 Dixit
1380 1140 1487 1175 quidam
1511 1139 1632 1173 proprius
1660 1138 1766 1165 illorum

147 1184 274 1218 vroplteta
282 1186 292 1200 "
315 1194 321 1212 :

144 1243 258 1276 Κρῆτες
266 1244 310 1270 ἀεὶ
319 1244 458 1278 ψεῦσται,
469 1246 546 1273 κακὰ
558 1247 655 1281 θηρία,
669 1246 811 1282 γαστέρες
825 1246 926 1280 ἀργαί·

143 1299 190 1326 ἴνα
203 1299 248 1325 τὸν
259 1300 432 1337 Ἐπιμενίδην
444 1302 518 1340 δείξῃ
533 1303 598 1339 (85),
615 1304 728 1340 ἀρχαῖον
746 1304 810 1330 ὄντα
825 1303 930 1338 φιλόσο-

145 1353 205 1379 φον,
225 1346 272 1372 καὶ
287 1346 378 1381 Μίθρα
388 1347 435 1374 τοῦ
451 1349 526 1383 παρὰ
543 1349 649 1384 Κρησὶν
668 1348 775 1376 εἰδώλου
786 1350 806 1375 ¹.
817 1349 874 1383 Ἀφ’
886 1344 931 1375 οὗ-

145 1399 198 1426 περ
211 1390 256 1417 καὶ
272 1391 443 1428 Καλλίμαχος
458 1394 472 1419 ὁ
485 1393 567 1425 Λίϐυς
581 1394 630 1430 τὴν
645 1395 797 1429 μαρτυρίαν
812 1395 851 1425 εἰς
868 1395 931 1420 ἑαυ-

143 1438 189 1465 τὸν
205 1439 384 1472 συνανέτεινε,
401 1440 504 1475 ψευδῶς
519 1441 583 1478 περὶ
595 1442 654 1474 Διὸς
667 1441 753 1476 λέγων
765 1450 771 1456 “

145 1527 257 1564 Κρῆτες
267 1527 311 1555 ἀεὶ
328 1529 466 1562 ψεῦσται.
485 1529 539 1556 Καὶ
556 1529 610 1563 γὰρ
625 1529 729 1564 τάφον,
744 1528 767 1557 ὦ
777 1529 844 1559 ἄνα,
863 1529 928 1556 σεῖο

143 1562 256 1598 Κρῆτες
269 1564 464 1598 ἐτεκτήναντο
476 1572 483 1580 '
500 1564 540 1591 σὺ
556 1562 582 1591 δ’
592 1562 636 1592 οὐ
658 1562 761 1598 θάνες·
791 1564 860 1636 ecfert
875 1564 928 1608 γὰρ

823 1608 891 1626 alet.

823 1608 891 1626 αιει.

144 1655 198 1681 Καὶ
212 1656 277 1691 ὁρᾷς
291 1656 349 1688 πῶς
362 1656 492 1691 διηγεῖται
509 1656 572 1692 περὶ
587 1656 716 1691 γλωσσῶν
730 1658 743 1683 ὁ
756 1656 832 1690 ἅγιος
849 1657 929 1682 ’Λπό-

145 1702 235 1733 στολος
245 1710 251 1717 ”
268 1701 355 1729 Ἀλλὰ
364 1703 438 1730 θέλω
451 1703 540 1730 πέντε
549 1704 660 1738 λόγους
671 1703 705 1729 ἐνι-
714 1704 743 1728 Ἐ
745 1703 875 1736 κκλησίᾳ
889 1702 928 1735 τῷ

143 1748 269 1782 νυΐμου,
282 1748 404 1775 τουτέστι
418 1749 462 1776 διὰ
479 1750 530 1784 τῆς
553 1750 710 1785 ἑρμηνείας,
722 1749 834 1784 φράσαι
843 1758 850 1765 ·
864 1750 901 1781 ὼς
915 1751 929 1775 ὁ

145 1794 296 1828 προφήτης,
310 1794 338 1819 ἐν
353 1794 490 1830 Πνεύματι
513 1795 583 1830 ἁγίῳ
605 1795 644 1826 είς
659 1795 705 1821 τὸν
719 1795 780 1821 νοῦν
796 1803 928 1830 προκεχω-

146 1839 286 1875 ρηγημένα
302 1839 392 1875 φέρων
411 1840 450 1872 εἰς
471 1840 538 1874 φῶς,
555 1840 598 1866 διὰ
611 1841 660 1875 τῆς
676 1840 842 1876 προφητείας
856 1840 928 1874 ὠφε-

145 1885 185 1912 λεῖ
208 1885 270 1916 τοὺς
290 1885 448 1918 ἀκούοντας.
461 1885 555 1918 Οὕτως
567 1886 654 1920 κάγὼ,
670 1887 746 1921 φησὶ,
760 1885 874 1921 λαλῆσαι
889 1886 928 1917 εἰς

145 1930 228 1965 ἀκοὴν
243 1930 292 1965 τῆς
309 1931 469 1966 Ἐκκλησίας
486 1932 532 1957 καὶ
545 1931 696 1966 οἰκοδομὴν,
715 1930 760 1957 καὶ
775 1930 811 1966 μὴ
825 1930 869 1956 διὰ
881 1929 928 1956 τοῦ

146 1976 251 2009 κόμπου
273 1975 422 2010 Ἑλληνίδος
437 1985 467 2002 τε
484 1977 531 2003 καὶ
551 1975 690 2011 Ἑϐραῖδος
713 1975 807 2002 ἑαυτὸν
828 1975 929 2002 οἰκοδο-

148 2021 206 2055 μεῖν
219 2021 265 2047 τὸν
277 2020 374 2054 εἰδότα,
389 2022 436 2048 καὶ
455 2021 515 2056 οὐχὶ
528 2021 576 2057 τὴν
588 2021 760 2057 Ἐκκλησίαν,
774 2022 808 2058 δι’
819 2019 853 2056 ἦς
869 2021 929 2047 ἐπί-

147 2074 240 2092 σταται
254 2065 389 2102 γλώσσης.
403 2067 439 2093 Σὺ
452 2066 480 2092 δὲ
501 2067 683 2101 προσέθηκας,
696 2064 718 2093 ὦ
731 2067 874 2103 Μαρκίωνί
887 2067 927 2098 τὺ,

147 2110 194 2137 διὰ
205 2111 258 2137 τὸν
270 2112 378 2145 ’νόμοιμ
396 2112 434 2143 ὼς
449 2111 495 2138 τοῦ
510 2112 671 2138 Ἀποστόλου
692 2112 830 2146 λέγοντοςο
849 2111 929 2138 Θέλω

147 2156 233 2184 πέντε
244 2158 355 2192 λόγους
367 2158 401 2184 ἐν
412 2158 572 2192 Ἐκκλησίᾳ
592 2157 640 2184 διὰ
661 2158 713 2184 τὸν
733 2157 837 2192 νόμον.
850 2157 928 2184 Αίδέ-
944 2177 967 2205 D

147 2202 234 2237 σθητι.
252 2202 377 2229 Βαϐυλὼν
390 2203 513 2238 δευτέρα,
529 2203 574 2229 καὶ
586 2203 664 2238 καινὴ
682 2202 804 2237 Σοδόμων
815 2202 929 2237 πολυμι-

148 2247 275 2280 ξία.’⁷Εως
285 2248 349 2274 πότε
361 2248 494 2283 συνέχεις³
503 2247 551 2279 τὰς
562 2247 686 2281 γλώσσας
695 2256 702 2279 ;
712 2247 785 2278 Ἕως
795 2248 859 2273 πότε
869 2247 929 2274 τολ-

149 2295 200 2330 μᾶς
215 2293 285 2321 κατὰ
306 2294 360 2320 τῶν
384 2294 435 2320 ὑπὸ
451 2293 498 2320 σοῦ
518 2293 600 2329 μηδὲν
620 2293 816 2328 ἀδικουμένων;
835 2294 929 2327 Ζητεῖς

148 2343 199 2375 γὰρ
215 2339 357 2375 βιάσασθαι
373 2339 519 2374 ἁγγελικὰς
531 2339 668 2374 δυνάμεις,
683 2338 804 2366 ἐκϐαλὼν
814 2339 877 2370 τοὺς
887 2338 930 2364 λό-

148 2395 210 2420 γους
225 2386 274 2420 τῆς
286 2385 412 2421 ἀληθείας
427 2386 481 2412 ἀπὸ
502 2385 552 2420 τῆς
563 2385 727 2420 Ἐκκλησίας
742 2384 853 2419 φάσκων
867 2384 929 2411 Λὼτ

148 2432 185 2467 τῷ
206 2431 288 2467 ἁγίῳ·
308 2431 447 2466 Ἐξάγαγε
462 2431 532 2464 τοὺς
547 2431 666 2465 ἄνδρας.
680 2431 733 2457 Καὶ
745 2431 759 2457 ὃ
770 2431 927 2465 ἐπιχειρεῖς,

149 2477 217 2503 κατὰ
234 2477 346 2503 σεαυτοῦ
362 2478 523 2512 ἐπιχειρεῖς·
544 2478 606 2508 τοὺς
626 2476 655 2502 δὲ
676 2476 771 2508 λόγους
791 2476 840 2510 τῆς
862 2475 928 2510 ἀλη-

149 2523 221 2554 θείας
233 2523 282 2549 οὐκ
301 2523 436 2555 ὲκόαλεῖς,
450 2522 516 2549 ἀλλὰ
527 2522 638 2549 σεαυτὸν
651 2523 798 2554 πατάσσεις
807 2523 835 2548 ὲν
845 2523 928 2559 ἀθρα-

149 2569 203 2604 σίᾳ,
226 2569 274 2596 καὶ
289 2571 318 2597 ὲν
338 2569 414 2596 νυκτὶ
430 2569 588 2606 ἰξοιρωμὲνῃ
605 2570 716 2604 διάγεις,
732 2569 863 2605 ψηλαφῶν
879 2570 929 2605 τὴν

184 2646 283 2674 ’Forte
300 2643 337 2674 ὧν
350 2646 520 2681 (Ἐϐραίων).
540 2660 546 2664 -

149 2681 191 2709 25.
228 2682 317 2709 ‘ibid.
355 2681 523 2715 'Tit.r,12.

183 2749 238 2785 (85)
259 2750 320 2777 Ἵνα
338 2749 392 2777 τὸν
411 2749 597 2785 Ἐπιμενίδην
609 2749 704 2784 δείξῃ.
717 2749 822 2777 Mithra‘.
838 2757 929 2778 sacer-

151 2784 237 2812 dotem
255 2785 328 2812 Itum:
343 2786 429 2813 luisse
444 2785 542 2820 scribit
560 2785 744 2820 Epiphanius,
761 2785 834 2820 quod
855 2786 926 2820 apud

151 2820 293 2848 Cretenses
305 2820 407 2848 idolum
422 2820 513 2849 l‘uerit.
527 2819 694 2855 Quod’apud
707 2819 789 2848 alium
801 2828 856 2850 non
871 2819 928 2848 ine-

983 1242 1117 1270 Cretenses
1123 1250 1224 1276 semper
1233 1242 1379 1274 mendaces,
1392 1243 1470 1270 mala:
1478 1242 1576 1276 bestia',
1583 1248 1681 1271 ventres
1688 1243 1766 1278 pigri.

982 1298 1169 1335 Epimenidem
1185 1303 1303 1326 veterem
1321 1298 1510 1333 philosophum
1529 1299 1698 1334 intelligens,
1717 1298 1768 1326 Hi-

983 1345 1051 1372 lhra:
1074 1344 1213 1379 cujusdam
1238 1343 1307 1378 apud
1327 1344 1472 1372 Cretenses
1494 1344 1558 1371 idoli
1585 1344 1766 1372 sacerdotem.

983 1389 1021 1417 De
1036 1397 1090 1424 quo
1105 1393 1131 1417 et
1148 1388 1331 1416 Callimachus
1357 1388 1474 1424 Libycus
1491 1393 1571 1424 poeta
1595 1389 1666 1417 idem
1688 1389 1767 1416 testi—

983 1436 1105 1462 monium
1129 1435 1198 1463 falso
1213 1435 1246 1462 ad
1267 1435 1421 1462 institutum
1442 1442 1521 1462 suum
1542 1435 1689 1467 transtulit,
1704 1443 1766 1463 cum

983 1481 1019 1508 ita
1037 1481 1070 1509 de
1084 1480 1150 1508 Jove
1157 1481 1276 1508 cecinit:

978 1538 1057 1566 Creta
1065 1537 1167 1573 quidem
1181 1537 1287 1563 assidite
1301 1536 1423 1573 mendax.
1437 1535 1491 1563 Rea:
1503 1543 1605 1573 magne,
1620 1535 1767 1573 sepulcrum

979 1573 1058 1600 Creta
1071 1571 1145 1599 tuum
1159 1573 1305 1606 exstruxit,
1318 1571 1362 1598 sed
1376 1576 1400 1598 te
1413 1580 1482 1599 mors
1501 1572 1576 1598 nulla
1590 1571 1700 1606 subegit.

1015 1660 1096 1688 Vides
1107 1668 1236 1696 quorsum
1247 1660 1291 1687 ille
1301 1659 1334 1687 de
1346 1659 1445 1695 linguis
1455 1659 1576 1694 Apostoli
1588 1666 1678 1687 sermo
1684 1657 1768 1694 perti-

978 1711 1041 1733 neat
1053 1714 1058 1732 :
1072 1705 1134 1732 Volo
1142 1705 1252 1740 quinque
1260 1713 1298 1731 vet
1305 1703 1371 1730 bain
1380 1704 1496 1731 Ecclesia
1505 1712 1583 1731 sensu
1592 1712 1658 1735 meo,
1667 1703 1716 1731 hoc
1725 1707 1767 1730 est

978 1758 1040 1778 cum
1054 1750 1381 1785 interpretatione-,loqui.
1390 1749 1623 1782 Quemadmodum
1636 1749 1767 1785 propheta

980 1804 1040 1832 quae
1054 1796 1105 1823 sibi
1123 1796 1209 1824 sancti
1222 1796 1342 1830 Spiritus
1356 1796 1447 1822 amata
1461 1796 1488 1822 in
1502 1795 1623 1822 animum
1640 1795 1765 1822 immissa

979 1839 1082 1867 fuerint
1102 1839 1129 1866 in
1145 1840 1263 1866 mediuut
1282 1839 1434 1874 proferens,
1453 1840 1626 1868 auditoribus
1644 1839 1702 1868 suis
1717 1847 1766 1874 per

978 1885 1148 1921 prophetiam
1169 1885 1240 1912 illam
1259 1885 1338 1912 alIcrt
1357 1885 1513 1917 utilitatem,
1534 1885 1572 1912 ita
1587 1892 1648 1920 ego,
1665 1884 1764 1919 inquit,

978 1932 1052 1966 loqui
1076 1931 1116 1959 sic
1130 1931 1223 1966 cupio,
1241 1934 1271 1957 ut
1292 1937 1335 1957 me
1355 1929 1477 1957 Ecclesia
1496 1929 1586 1957 omnis
1611 1929 1715 1962 audiat,
1738 1933 1766 1956 et

981 1977 1111 2004 aediﬁcari
1126 1976 1222 2011 possit,
1231 1983 1285 2002 non
1301 1980 1330 2002 ut
1342 1974 1442 2002 Graeca:
1455 1979 1502 2002 aut
1515 1975 1655 2002 lIebraicae
1668 1975 1766 2010 linguae

979 2023 1091 2050 scientia
1109 2021 1197 2048 elatus
1218 2028 1261 2048 me
1281 2028 1375 2052 unum,
1393 2021 1439 2055 qui
1461 2028 1521 2048 eam
1542 2021 1646 2048 scilicet
1664 2020 1766 2048 intelli-

978 2074 1049 2102 gam,
1065 2074 1119 2093 non
1140 2065 1290 2092 Ecclesium
1306 2066 1406 2100 ipsam,
1425 2064 1567 2092 mdilicem.
1585 2064 1626 2092 Tu
1645 2072 1710 2092 vero
1733 2064 1769 2092 il-

979 2111 1026 2138 lud
1042 2110 1183 2143 addidisti,
1205 2110 1317 2143 Marcio,
1334 2111 1365 2138 ob
1385 2111 1476 2146 legem,
1492 2111 1571 2146 quasi
1586 2111 1623 2138 ita
1647 2111 1765 2146 scripse-

980 2158 1016 2185 rit
1028 2157 1175 2191 Apostolus
1189 2166 1195 2184 :
1214 2157 1279 2184 Volo
1297 2158 1409 2192 quinque
1426 2157 1503 2184 verba
1517 2158 1544 2184 in
1566 2156 1685 2184 Ecclesia
1703 2162 1766 2191 pro-

980 2210 1037 2239 pter
1044 2204 1134 2239 legem.
1147 2203 1250 2230 Pudeat
1261 2208 1297 2237 te,
1312 2203 1431 2231 secunda
1442 2203 1572 2238 Babylon,
1586 2210 1618 2230 ac
1631 2202 1765 2230 Sodomo-

982 2258 1043 2277 rum
1067 2257 1137 2277 nova
1161 2250 1295 2277 confusio.
1322 2249 1469 2284 Quousque
1490 2250 1597 2285 linguas
1614 2249 1681 2276 istas
1700 2257 1766 2276 con-

982 2295 1096 2323 fundes?
1111 2295 1258 2330 Quousque
1273 2300 1369 2323 contra
1388 2303 1435 2323 eos
1459 2295 1558 2330 quibus
1577 2303 1676 2322 nocere
1697 2295 1764 2322 nihil

982 2347 1060 2378 potes
1076 2346 1149 2369 tuam
1175 2343 1294 2369 armabis
1317 2342 1479 2369 audaciam?
1504 2341 1572 2368 Nam
1593 2341 1696 2376 angelis
1710 2341 1766 2368 vim

982 2388 1087 2415 moliris
1112 2387 1221 2418 afferre.
1238 2392 1265 2415 et
1280 2387 1314 2414 ab
1337 2387 1459 2416 Ecclesia
1485 2387 1608 2414 veritatis
1625 2394 1766 2414 sermones

980 2433 1131 2467 abjudicas,
1144 2433 1224 2468 363
1240 2433 1319 2468 quasi
1339 2433 1374 2460 ita
1392 2436 1516 2460 sanctum
1534 2432 1586 2459 Lot
1607 2431 1764 2467 alloquare:

982 2477 1056 2504 Educ
1071 2478 1140 2505 uiros
1152 2478 1224 2505 illos.
1243 2477 1343 2504 Verum
1360 2482 1422 2504 tuus
1437 2477 1463 2504 in
1481 2481 1506 2504 te
1518 2480 1633 2503 conatus
1645 2474 1765 2506 recidet;

981 2531 1032 2551 nec
1052 2523 1113 2551 ideo
1129 2524 1251 2551 veritatis
1270 2523 1331 2551 illos
1358 2530 1498 2551 sermones
1519 2522 1607 2557 ejicis,
1629 2521 1678 2549 sed
1699 2520 1765 2548 tibi-

982 2570 1090 2606 metipsi
1105 2570 1254 2598 caecitatem
1270 2569 1379 2606 inﬂigis,
1395 2574 1477 2605 atque
1491 2569 1519 2596 in
1533 2568 1696 2598 densissima
1713 2573 1764 2594 no-

567 2646 586 2661 "
605 2645 637 2674 F.
651 2645 791 2682 ἀγνώστῳ.
832 2648 841 2663 ³
864 2655 909 2680 γρ.
926 2655 930 2672 ι

982 2647 1059 2674 ιλίου.
1098 2648 1109 2663 ³
1131 2647 1161 2674 F.
1178 2649 1299 2684 συγχεῖς.
1328 2647 1369 2675 ‘ll
1379 2647 1449 2676 Tim.
1465 2656 1507 2681 tu,
1524 2649 1567 2676 IS.
1590 2649 1601 2665 ⁵
1614 2648 1675 2676 Act.
1694 2655 1762 2680 xv",

981 2749 1048 2776 mini
1067 2749 1157 2783 legere
1169 2768 1176 2780 ,
1193 2757 1281 2783 neque
1298 2757 1391 2777 vermn
1415 2750 1542 2777 arbitror.
1567 2748 1604 2776 De
1625 2747 1762 2783 proverbii

981 2785 1055 2821 illius
1071 2784 1308 2821 origine_I§pﬁ-.ac
1327 2785 1370 2812 ἀεὶ
1389 2784 1521 2820 ψεῦσται,
1541 2784 1603 2812 vide
1622 2784 1762 2819 Photium,

981 2828 1010 2848 ιι.
1026 2820 1085 2853 I90,
1102 2827 1164 2856 pag.
1179 2819 1243 2847 249.
