1964 3047
253 121 304 150 795

251 182 302 209 etis
318 181 435 218 caligine
449 186 579 218 versaris,
596 187 668 217 fores
680 189 805 226 palpans,
822 200 872 220 nec
887 194 1040 230 inveniens,

254 228 342 257 donec
356 231 397 258 sol
412 235 489 259 ortus
506 232 600 266 fuerit,
615 236 808 271 tuquejudicii
825 239 897 267 diem
914 228 1042 277 aspicias,

250 275 279 303 in
302 284 357 312 quo
376 278 528 307 mendaciis
549 281 602 308 tuis
616 282 714 310 vindex
727 284 798 320 ignis
815 294 955 316 occurrat.
976 289 1043 318 Nam

249 322 296 350 hic
311 327 348 355 te,
364 324 405 350 uti
418 324 506 358 vides,
520 331 670 362 exspectat.
686 329 822 359 Caeterum
837 333 908 368 apud
925 335 1042 370 Aposto-

249 368 305 396 lum
321 377 376 397 non
394 370 503 406 legitur,
519 379 625 407 propter
640 375 739 410 legem;
757 377 805 405 sed
822 379 888 407 illud
903 389 918 408 a
943 368 969 409 te
981 390 1043 417 per-

247 422 342 449 peram
359 420 401 444 est
420 417 566 452 adjectum.
580 419 657 452 Quod
673 421 696 448 si
713 423 786 450 istud
800 425 963 460 addidisset,
975 436 1042 456 con-

247 465 409 489 sentaneum
433 464 458 490 ei
482 464 562 498 foret,
585 467 658 497 quod
678 468 713 495 ab
734 470 794 503 ejus
816 470 931 500 Domino
953 474 1042 502 fuerat

246 506 366 534 dictum:
385 508 444 536 Non
461 511 570 539 venisse
593 519 622 540 se
639 518 670 540 ut
692 515 778 550 legem
794 517 922 550 solveret,
947 519 995 547 sed
1012 525 1040 548 ut

246 553 409 588 adimpleret
419 555 438 583 ⁸.

283 598 375 627 Schol.
392 601 426 628 M
442 606 470 630 et
484 603 529 631 2‘2.
552 603 585 631 In
609 605 662 641 lege
678 608 807 642 scriptum
829 615 867 636 est
882 617 892 637 :
906 611 1037 644 Quoniam

244 645 272 671 in
287 646 348 673 aliis
364 646 460 683 linguis
487 657 512 676 et
524 650 601 678 labiis
613 652 674 679 aliis
690 653 785 688 loquar
798 656 893 690 populo
908 657 969 685 huic
979 660 1001 686 ³.

280 736 372 764 ltelut.
391 738 425 765 Η
447 743 474 766 et
485 739 530 767 22.
551 740 608 768 Nisi
627 742 672 769 illa
691 752 752 778 quae
772 745 800 772 in
824 746 883 782 lege
906 754 1035 783 praedicta

242 781 352 810 fuerant
369 783 501 814 Dominus
517 786 667 822 implesset.
681 790 747 824 quid
768 781 1036 830 attinebat-Aposto-

241 827 298 854 lum
323 836 354 856 ea
375 836 601 865 commemorare,
615 841 676 868 qua:
697 843 731 862 ex
749 835 809 871 lege
825 839 909 866 veteri
925 839 1034 868 fuerant

240 873 269 900 in
294 873 369 902 Novo
392 875 569 905 Testamento
589 880 726 914 perlecta?
746 881 982 915 Quemadmodum
1005 893 1032 916 et
1049 880 1070 908 Β

241 916 368 946 Salvator
384 920 443 955 ipse
454 921 635 956 demonstrat,
650 927 775 954 eumdem
791 936 821 956 se
832 937 903 963 esse,
917 932 963 966 qui
975 936 1032 961 tum

240 963 268 991 in
286 964 345 1000 lege
363 966 471 995 locutus
485 973 536 1000 est,
552 969 579 996 in
595 970 667 998 hunc
678 973 787 1001 modum
809 975 1004 1007 interminatus
1023 989 1030 1007 :

239 1008 305 1037 Ideo
322 1011 438 1046 a/I’ensus
455 1013 495 1047 fui
515 1016 679 1049 generationi
701 1019 772 1051 huic,
791 1025 817 1047 et
833 1021 911 1049 dixi:
924 1022 1033 1059 Semper

238 1055 364 1084 Iu'errant
378 1060 457 1086 corde
468 1060 496 1093 ';
514 1065 542 1088 et
555 1070 561 1088 :
575 1060 670 1089 Juravi
680 1064 705 1090 si
717 1064 864 1094 introibunl
876 1068 903 1095 in
917 1071 1032 1105 requiem

237 1104 357 1132 meant“.
384 1104 531 1141 Propterea
560 1108 588 1134 in
613 1109 676 1137 aliis
694 1110 794 1146 linguis
820 1104 975 1142 locuturum
1002 1125 1032 1145 se

238 1156 301 1176 esse
317 1149 501 1183 denuntiavit,
516 1157 546 1179 ut
560 1158 588 1181 et
602 1154 712 1184 locutus
722 1161 783 1192 est;
797 1166 847 1186 nec
860 1160 978 1194 ingressi
992 1162 1030 1190 illi

237 1199 312 1222 sunt.
348 1196 514 1230 Hujusmodi
540 1199 613 1226 enim
640 1201 770 1235 quiddam
800 1204 944 1240 discipulis
971 1209 1029 1236 suis

234 1240 338 1268 dixisse
351 1241 451 1277 legitur
465 1252 472 1268 :
494 1242 571 1270 Vobis
586 1244 678 1272 datum
694 1252 734 1274 est
755 1257 830 1276 nosse
840 1253 967 1286 mysteria
989 1262 1030 1281 re-

234 1286 279 1320 gni
297 1286 364 1319 Dei;
382 1287 436 1314 illis
455 1294 543 1316 autent
566 1291 593 1317 in
615 1292 761 1326 parabolis,
786 1300 815 1322 ut
836 1298 952 1326 videntes
976 1308 1029 1328 non

234 1332 338 1359 videant
349 1333 370 1365 ‘,
387 1338 440 1361 etc.
466 1334 534 1362 Cum
551 1336 644 1372 itaque
669 1339 694 1366 in
709 1339 786 1368 Novo
802 1341 978 1373 Testamento
995 1355 1028 1374 ea

234 1379 336 1414 ubique
354 1380 411 1408 sint
429 1381 551 1416 impleta,
571 1392 632 1419 qua:
648 1385 675 1411 in
693 1384 787 1414 Vetere
799 1389 1025 1426 continebantur,

232 1425 360 1454 dubitare
383 1435 464 1454 nemo
483 1433 583 1463 potest,
600 1431 666 1464 quin
691 1432 814 1467 ejusdem
833 1436 914 1464 ambo
931 1437 1027 1466 Testa-

231 1476 323 1499 menta
342 1472 388 1500 Dei
407 1474 473 1506 sint,
491 1483 545 1502 non
564 1476 676 1505 alterius
691 1485 723 1505 ac
738 1479 848 1508 diversi.

267 1517 360 1546 Schol.
388 1519 420 1547 15
444 1524 471 1547 et
493 1521 538 1551 25.
559 1521 684 1550 Mulieres
710 1525 738 1552 in
760 1526 871 1554 ecclesia
907 1533 1022 1556 taceant.

230 1563 294 1591 Non
315 1566 383 1591 enim
397 1567 559 1599 permittitur
575 1568 630 1596 illis
646 1569 736 1605 loqui;
751 1573 796 1599 sed
818 1572 932 1602 subdita:
956 1576 1021 1609 sint,

228 1610 296 1636 sicut
310 1615 335 1637 et
352 1612 394 1637 lea:
407 1611 500 1639 dieit‘.

264 1656 356 1684 Refut.
374 1657 407 1684 15
423 1662 452 1685 et
468 1659 513 1686 25.
535 1659 562 1687 Si
583 1668 616 1688 ex
639 1661 705 1696 legis
722 1664 882 1699 praescripto
904 1666 1021 1694 sanctis-

227 1700 314 1728 simus
328 1701 374 1730 Dei
395 1704 543 1738 Apostolus
561 1706 689 1734 Ecclesiae
704 1708 827 1737 ordinem
856 1718 888 1738 ac
903 1711 1021 1747 discipli-

226 1755 290 1775 nam
307 1750 460 1782 constituit,
484 1760 538 1779 non
555 1754 607 1780 erit
622 1754 664 1781 lcx
680 1755 786 1784 ordinis
809 1765 917 1792 expers,
935 1767 950 1786 e
967 1767 1020 1795 qua

226 1794 350 1822 ordinem
365 1796 513 1831 Apostolus
529 1800 686 1834 transtulit;
702 1810 790 1837 neque
813 1804 847 1831 ab
861 1805 951 1832 alieno
965 1794 1019 1833 Deo

225 1842 434 1876 proﬁciscetur,
460 1853 520 1880 qua:
543 1847 603 1873 viro
626 1847 753 1875 feminam
782 1858 843 1878 esse
866 1852 1018 1885 subjectam

226 1888 357 1922 praecipit.
374 1888 432 1916 lloc
449 1891 523 1918 enim
542 1897 570 1919 ct
586 1892 718 1928 Apostolo
740 1895 768 1922 in
800 1897 951 1925 condendis
967 1899 1018 1926 Ec-

225 1934 316 1962 clesia:
332 1935 438 1970 legibus
453 1937 566 1972 placuit,
586 1945 614 1966 ut
629 1940 687 1975 ipse
702 1945 830 1975 testatur,
843 1943 925 1980 364
940 1944 1016 1972 Sicut

223 1984 249 2006 et
263 1979 306 2006 lex
317 1980 390 2008 dicit.
410 1982 463 2010 Sed
485 1984 596 2012 ubinam
609 1986 718 2013 demum
733 1987 784 2015 ista
801 1989 843 2016 lex
863 1979 951 2018 dicit?
970 1991 1017 2019 Ni-

223 2026 322 2053 mirum
345 2035 378 2054 eo
396 2029 423 2054 in
438 2029 507 2062 loco,
529 2030 574 2057 ubi
597 2032 633 2058 ita
648 2031 781 2061 Dominus
798 2034 879 2062 Evam
899 2036 1015 2072 alloqui-

223 2076 268 2098 tur
282 2082 288 2100 :
305 2073 346 2098 Ad
363 2074 447 2101 virum
461 2076 511 2102 erit
534 2078 668 2105 conversio
688 2083 744 2111 tua,
761 2085 786 2107 et
798 2081 852 2115 ipse
865 2083 1015 2110 dominabi-

223 2123 267 2144 tur
282 2119 358 2146 tibi'.
384 2119 464 2152 Nam,
489 2122 541 2149 etsi
561 2123 700 2158 plerisque
723 2125 785 2152 aliis
802 2127 830 2153 in
851 2127 918 2160 locis
944 2129 1013 2157 idem

221 2166 368 2200 repetitum
392 2166 495 2200 fuerit;
512 2168 567 2196 illic
587 2173 678 2197 tamen
700 2172 816 2205 primum
840 2177 881 2201 est
901 2183 1015 2209 usurpa-

969 136 998 164 S.
1015 136 1187 166 EPIPHANH

1837 151 1899 179 796

1057 200 1078 228 Λ
1095 198 1190 235 θύραν,
1208 200 1256 227 καὶ
1279 200 1317 236 μὴ
1341 202 1478 238 εὑρίσκων
1491 203 1545 236 ἕως
1558 204 1686 242 ἀνατείλῃ
1709 207 1723 233 6
1742 206 1827 241 ἥλιος,
1844 209 1898 236 καὶ

1097 246 1155 282 ἴδῃς
1169 247 1218 282 τὴν
1229 247 1336 283 ἡμέραν
1348 249 1397 284 τῆς
1410 250 1541 285 κρίσεως·
1554 252 1583 278 ἐν
1626 253 1672 279 καὶ
1686 253 1717 279 τὸ
1731 253 1785 289 πῦρ
1799 255 1889 282 ἀπαν-

1094 293 1204 328 τήσεται
1220 295 1252 329 τῇ
1274 295 1306 329 σῇ
1321 294 1498 332 ψευδηγορίᾳ.
1515 297 1600 324 Τοῦτο
1612 298 1667 334 γάρ
1685 307 1714 325 σε
1737 299 1895 335 ἐκδέχεται,

1093 338 1131 369 ὡς
1144 339 1220 374 ὁρᾷς.
1235 339 1303 366 Οὔτε
1321 339 1375 375 γὰρ
1392 342 1481 368 κεῖται
1503 343 1580 378 παρὰ
1599 343 1637 379 τῷ
1653 344 1820 380 ’Λποστόλῳ,
1840 345 1896 371 διὰ

1092 385 1146 412 τὸν
1157 386 1261 420 νόμον,
1277 387 1324 413 καὶ
1340 387 1415 423 παρὰ
1437 388 1478 414 σοὶ
1499 389 1577 416 τοῦτο
1590 391 1794 426 πεποιήτευται.
1814 393 1849 419 El.
1862 393 1894 418 δὲ

1092 432 1139 458 καὶ
1151 431 1243 466 ἔλεγεν
1256 432 1270 458 6
1284 433 1455 467 Ἀπόστολο;,
1469 434 1519 462 διὰ
1531 436 1585 462 τὸν
1596 437 1700 471 νόμον,
1716 439 1893 474 συνᾳδόντως

1090 477 1167 511 ἔλεγε
1180 477 1219 513 τῷ
1232 479 1329 505 ἑαυτοῦ
1340 479 1443 515 Κυρίῳπ
1457 480 1512 515 Οὐχ
1528 481 1571 508 ἵνα
1586 483 1724 519 καταλύσῃ
1733 484 1778 510 τὸν
1792 484 1891 520 νόμον,

1089 523 1148 550 ἀλλ’
1165 524 1208 550 ἵνα
1222 524 1364 561 πληρώσῃ.

1123 616 1153 643 ιδ’
1169 618 1215 644 καὶ
1230 618 1272 653 κβ¹
1290 619 1362 654 σχόλ.
1383 621 1434 649 Ἐν
1445 623 1485 655 τῷ
1499 623 1580 657 νόμῳ
1589 623 1760 658 τέγραπταῖ,
1775 626 1821 653 ὅτι
1832 628 1882 655 Ἐν

1087 662 1344 699 ἑτερογλώσσοις,
1371 667 1419 694 καὶ
1449 668 1586 703 χείλεσιν
1615 670 1727 704 ἑτέροις
1755 672 1885 706 λαλήσω

1087 707 1164 741 πρὸς
1176 709 1230 735 τὸν
1244 710 1322 737 λαὸν
1337 713 1455 741 τοῦτον.

1123 753 1152 780 ιδ’
1170 755 1217 781 καὶ
1230 755 1271 791 κβ¹
1285 756 1375 793 ἔλεγχ.
1396 758 1429 786 Et
1452 759 1488 795 μὴ
1511 760 1654 796 ἐπλήρωσε
1676 762 1779 798 Κύριος
1800 764 1836 790 τὰ
1854 764 1883 791 ὲν

1083 798 1123 834 τῷ
1147 799 1221 835 νόμῳ
1238 802 1435 838 προειρημένα,
1451 804 1493 836 τίς
1505 802 1539 840 ἦν
1556 806 1634 840 χρεία
1656 807 1701 833 τὸν
1719 809 1883 836 Ἀπόστολον

1084 846 1241 881 ὑπομνῆσαι
1257 847 1290 874 τὰ
1306 848 1360 874 ἀπὸ
1371 848 1454 884 νόμου
1468 851 1498 876 ὲν
1511 851 1599 886 Καινῇ
1615 851 1737 889 Διαθήκῃ
1759 854 1882 889 πληρού-

1086 900 1171 927 μενας
1192 892 1235 924 Ὠς
1250 893 1297 920 καὶ
1310 894 1324 920 6
1342 895 1438 931 Σωτὴρ
1452 895 1563 929 ἔδειξεν,
1578 897 1620 924 ὅτι
1635 897 1716 930 αὐτὸς
1737 896 1772 934 ἦν
1794 900 1810 926 ὁ
1833 901 1880 927 καὶ

1083 938 1144 965 τότε
1157 939 1185 965 ἐν
1200 939 1275 975 νόμῳ
1286 940 1417 976 λαλήσας,
1432 942 1479 969 καὶ
1494 943 1564 970 κατὰ
1581 943 1696 979 ἀπειλὴν
1712 945 1807 980 ὁρίσας
1831 947 1881 973 αὑ-

1082 984 1139 1015 τοῖς
1150 983 1251 1017 λέγων·
1264 985 1313 1012 Διὸ
1327 986 1532 1022 προσώχθησα
1547 988 1586 1023 τῇ
1598 989 1687 1023 γενεᾷ
1702 991 1808 1025 ταύτῃ,
1829 992 1879 1019 καὶ

1081 1026 1182 1055 εἷπον·
1192 1029 1250 1056 Ἀεὶ
1270 1030 1442 1058 πλανῶνται
1461 1031 1498 1066 τῇ
1512 1032 1618 1067 καρδίᾳ
1630 1041 1636 1047 ·
1654 1034 1711 1066 καὶ,
1724 1035 1840 1070 "Quom:
1853 1037 1879 1062 ει

1081 1075 1307 1103 εἰσελεύσονται
1328 1078 1371 1110 εὶς
1393 1077 1451 1112 τὴν
1474 1078 1667 1107 κατάπαυσίν
1677 1089 1746 1114 μου.
1767 1081 1815 1107 Διὸ
1831 1083 1879 1109 καὶ

1081 1122 1110 1148 ἐν
1125 1122 1336 1158 ἑτερογλώσσοις
1346 1124 1528 1159 ἐπηγγείλατο
1537 1125 1653 1161 λαλῆσαι
1664 1128 1765 1159 αὐτοῖς,
1777 1129 1817 1161 ὡς
1828 1130 1878 1156 καὶ

1080 1168 1211 1204 ὲλάλησε·
1227 1169 1274 1196 καὶ
1299 1170 1349 1196 οὐκ
1373 1171 1506 1206 εἰσῆλθον.
1527 1172 1612 1200 Τοῦτο
1638 1173 1692 1210 γὰρ
1717 1175 1877 1210 εὑρίσγεται

1080 1213 1168 1248 λέγων
1177 1215 1234 1246 τοῖς
1248 1215 1331 1241 αὑτοῦ
1347 1215 1481 1252 μαθηταῖς
1489 1225 1496 1232 ο
1518 1217 1597 1251 Ὑμῖν
1607 1218 1726 1246 ὃεδοται
1738 1220 1876 1254 λαλῆσαι

1079 1259 1116 1286 τὰ
1124 1260 1278 1294 μυστήρια
1291 1259 1346 1293 τῆς
1358 1261 1519 1295 ,βασιλείας
1530 1272 1537 1279 ”
1554 1263 1681 1298 ἐκείνοις
1692 1265 1726 1291 δὲ
1736 1266 1771 1292 ἐν
1782 1273 1871 1301 nam

1079 1305 1193 1338 6ολαῖς,
1208 1306 1259 1332 ἵνα
1269 1306 1439 1340 βλέποντες
1456 1308 1499 1343 μὴ
1517 1310 1668 1343 βλέπωσι,
1690 1313 1735 1338 καὶ
1749 1313 1782 1339 τὰ
1799 1313 1874 1349 ἑξῆς.

1078 1351 1221 1386 Πανταχοῦ
1238 1352 1328 1379 τοίνυν
1344 1353 1374 1378 ἑν
1391 1355 1423 1388 τῇ
1441 1354 1528 1391 Καινῇ
1542 1355 1577 1382 τὰ
1592 1357 1646 1383 ἀπὸ
1660 1357 1783 1390 Παλαιᾶς
1805 1359 1873 1395 πλη-

1078 1397 1210 1433 ρούμενα,
1226 1398 1306 1425 παντί
1318 1408 1356 1434 τῳ
1371 1400 1455 1434 σαφές
1468 1401 1551 1431 ἐστιν,
1570 1402 1610 1429 ὅτι
1626 1404 1674 1439 οὐχ
1692 1405 1784 1440 ἐτέρου
1804 1406 1875 1433 Θεοῦ

1077 1445 1124 1471 καὶ
1138 1438 1245 1482 ἑτέρου,
1262 1446 1329 1473 ἀλλὰ
1340 1446 1386 1473 τοῦ
1400 1447 1482 1474 αὐτοῦ
1495 1449 1522 1475 αἱ
1532 1448 1579 1476 δύο
1587 1450 1718 1486 Διαθῆκαι
1731 1438 1873 1480 συνίστανη

1076 1499 1130 1518 ται.

1111 1541 1142 1564 ιε’
1158 1538 1205 1565 καὶ
1219 1542 1262 1571 κγ’
1277 1539 1351 1574 σχόλ.
1371 1541 1406 1567 Al
1421 1540 1565 1575 γυναῖκες
1588 1541 1624 1568 ἐν
1652 1543 1804 1578 ἐκκλησίᾳ
1825 1553 1866 1572 σι-

1074 1583 1224 1618 γάτωσαν.
1238 1585 1280 1612 Οὺ
1294 1585 1351 1620 γὰρ
1364 1585 1551 1620 ἐπιτρέπεται
1563 1589 1668 1621 αὑταῖς
1680 1590 1799 1622 λαλεῖν,
1816 1591 1869 1618 ἀλ-

1072 1629 1112 1656 λὰ
1125 1631 1417 1665 ὑποτασσέσθωσαν,
1433 1633 1531 1667 καθὼς
1543 1634 1591 1661 καὶ
1604 1636 1621 1661 ό
1637 1636 1733 1670 νόμος
1749 1636 1843 1671 λέγει.

1109 1680 1138 1703 ιε’
1154 1677 1200 1704 καὶ
1213 1681 1255 1712 κγ’
1273 1678 1363 1714 ἐλεγχ.
1386 1680 1416 1706 Et
1432 1680 1503 1707 κατὰ
1523 1681 1569 1708 τὸν
1588 1681 1670 1717 νόμον
1692 1683 1867 1711 διατάσσεται

1071 1723 1086 1749 6
1106 1723 1183 1757 ἅγιος
1199 1724 1247 1750 τοῦ
1271 1724 1339 1751 Ε)εοῦ
1355 1726 1516 1758 Ἀπόστολος
1536 1727 1585 1763 τὴν
1609 1727 1735 1760 εὐταξίαν
1749 1731 1782 1765 τῇ
1802 1730 1865 1766 ἁγίᾳ

1070 1767 1117 1794 τοῦ
1135 1768 1203 1795 Θεοῦ
1220 1768 1380 1806 Ἐκκλησία,
1394 1771 1443 1797 οὐκ
1457 1771 1575 1804 ἄτακτος
1585 1774 1600 1799 6
1613 1773 1704 1809 νόμος,
1719 1775 1765 1809 ἀφ’
1781 1772 1867 1812 οὗπερ

1069 1813 1119 1848 τὴν
1130 1814 1255 1848 εὐταξίαν
1271 1817 1482 1852 μετακομίζεται
1490 1825 1497 1832 ·
1511 1818 1571 1844 οὐδὲ
1583 1819 1724 1855 ἀλλοτρίου
1736 1820 1804 1848 Θεοῦ
1816 1822 1866 1848 ὑπ-

1070 1859 1148 1895 άρχει
1166 1862 1180 1888 ὁ
1194 1862 1285 1897 νόμος,
1300 1863 1350 1898 τὴν
1364 1865 1480 1897 γυναῖκα
1501 1865 1692 1898 καθυποτάξας
1714 1866 1752 1901 τῷ
1776 1867 1865 1903 ἀνδρί.

1069 1905 1235 1941 Συναρέσκει
1256 1908 1309 1944 γὰρ
1326 1909 1372 1935 καὶ
1385 1910 1540 1947 Ἀποστὸλῳ
1556 1912 1635 1938 τοῦτο
1649 1913 1678 1939 ὲν
1692 1914 1724 1948 τῇ
1736 1913 1785 1949 τῆς
1802 1914 1865 1941 Ἐκ-

1068 1952 1181 1987 κλησίας
1198 1954 1352 1991 νομοθεσίᾳ,
1366 1956 1405 1988 ὥς
1426 1965 1492 1993 φησι
1504 1966 1511 1972 ·
1535 1958 1638 1991 Καθὼς
1657 1959 1706 1986 καὶ
1731 1961 1747 1986 ό
1771 1961 1865 1995 νόμος

1067 1996 1158 2032 λέγέι.
1180 1999 1235 2026 Ποῦ
1260 2000 1288 2027 δὲ
1315 2002 1328 2027 ό
1346 2000 1422 2029 εἶπεν
1440 2004 1453 2029 6
1468 2003 1566 2039 νόμος;
1585 2005 1667 2032 Ἀλλὰ
1680 2007 1709 2032 ἐν
1724 2006 1764 2042 τῷ
1775 2008 1864 2034 εἰπεῖν

1067 2043 1112 2069 τὸν
1129 2043 1195 2070 Θεὸν
1211 2046 1280 2081 πρὸς
1291 2047 1340 2083 τὴν
1352 2047 1424 2075 Εὕαν
1433 2049 1514 2080 εὐθύς
1524 2058 1532 2065 ·
1545 2050 1623 2085 Πρὸς
1634 2051 1688 2078 τὸν
1698 2051 1792 2086 ἄνδρα
1803 2061 1863 2081 σου

1065 2089 1085 2122 ἡ
1101 2089 1279 2125 ἀποστροφή
1306 2099 1375 2126 σου,
1398 2094 1446 2120 καὶ
1469 2095 1560 2128 αὑτός
1574 2104 1633 2122 σου
1647 2098 1809 2131 κυριεύσει.
1830 2100 1862 2126 El

1065 2134 1120 2170 γὰρ
1142 2136 1189 2162 καὶ
1206 2137 1234 2162 ἐν
1247 2137 1337 2170 ἄλλοις
1351 2139 1453 2173 τόποις,
1469 2140 1538 2167 ἀλλὰ
1555 2142 1680 2169 ἐντεῦθεν
1697 2145 1713 2178 ή
1730 2144 1812 2180 ἀρχή.
1829 2144 1862 2172 Εἰ

1064 2182 1154 2208 τοίνυν
1170 2183 1224 2209 ἀπὸ
1245 2184 1305 2211 τότε
1329 2186 1344 2220 ἡ
1370 2187 1438 2223 γυνὴ
1465 2188 1587 2224 ὑπετάγη
1604 2190 1636 2216 ὲκ
1649 2191 1862 2226 προστάγματος

221 2214 290 2238 tum.
305 2209 364 2237 Jam
378 2219 439 2239 cum
456 2220 489 2239 ex
510 2213 557 2240 illo
572 2218 696 2250 tempore
710 2216 839 2252 deinceps
857 2220 955 2247 nmlier
969 2221 1013 2248 di-

221 2255 282 2267 ..2...‘
299 2256 425 2267 _.-..J_n_
442 2257 476 2267 κνᾷ
490 2265 498 2267 _
552 2259 558 2267 ι
571 2259 576 2264 ε
615 2264 621 2267 .
829 2263 833 2267 .
928 2266 932 2267 ν

1253 2209 1304 2211 ηπ
1332 2209 1344 2220 -ι
1376 2209 1438 2223 iw.
1466 2209 1860 2226 ν’·-η-ιἿ”η”·1¹“¹’¹”’⁸Η⁸”“”·’ν³

1079 2227 1136 2254 ὺεοῦ
1150 2228 1189 2263 τῷ
1202 2229 1289 2265 ἀνδρὶ,
1304 2231 1350 2257 καὶ
1364 2232 1519 2266 ἀκολούθως
1534 2235 1547 2260 ὁ
1558 2235 1720 2267 ’Λπόστολος
1737 2236 1862 2264 καθυπο-

220 2255 285 2282 vino
299 2256 428 2283 mandato
442 2257 502 2284 viro
517 2259 641 2294 subjecta
656 2269 717 2288 esse
732 2263 858 2297 coeperit,
879 2269 907 2292 et
927 2266 953 2292 id
972 2275 1016 2294 se-

218 2305 301 2328 cutus
322 2301 471 2337 Apostolus
492 2306 616 2333 eamdem
638 2307 798 2342 subjecerit,
819 2318 869 2338 nec
889 2312 927 2338 illi
949 2313 1013 2346 Deo,

218 2349 265 2383 qui
278 2349 364 2376 virum
377 2349 688 2387 feminamquecondidit
700 2357 869 2384 contrarium
882 2359 1014 2394 quiddam

218 2392 390 2426 praeceperit.
421 2393 500 2428 plane
525 2395 600 2422 istud
625 2397 744 2431 indicat,
772 2392 899 2434 ejusdem
920 2409 950 2429 se
968 2401 1014 2430 Dei

216 2437 371 2471 aposmlum
385 2446 417 2465 ac
431 2439 615 2474 legislatorem
632 2450 704 2476 esse,
719 2451 734 2471 a
752 2452 807 2479 quo
827 2445 868 2472 lex
883 2446 943 2481 ipsa
958 2446 1010 2474 Ve-

216 2486 316 2517 tusque
333 2487 376 2511 est
392 2485 596 2514 Testamentum
614 2495 695 2516 omne
707 2489 862 2518 derivatum
877 2501 882 2519 :
898 2493 940 2520 cui
955 2493 1009 2520 No-

215 2537 280 2556 vum
300 2530 394 2564 etiam,
411 2531 533 2567 adeoque
546 2539 693 2569 utrumque
705 2535 910 2565 Testamentum
927 2539 1009 2567 tribui

214 2579 350 2609 oporteat,
370 2577 443 2611 quod
461 2578 613 2613 mulierem,
629 2585 658 2607 ut
681 2581 756 2612 olim,
778 2584 814 2609 ita
833 2588 860 2610 et
881 2592 953 2611 nunc
974 2585 1010 2612 ob

215 2621 288 2654 piam
307 2626 389 2656 atque
405 2624 566 2658 aequabilem
586 2627 803 2655 moderationem
828 2631 887 2658 viro
914 2631 1008 2659 subdi-

213 2672 270 2695 tam
282 2677 344 2696 esse
356 2670 506 2705 praecipiat.

250 2713 340 2742 Schol.
361 2714 396 2742 16
418 2720 445 2742 et
469 2717 514 2744 24.
535 2717 574 2746 De
595 2720 798 2749 resurrectione
822 2726 1003 2750 mortuorum.

212 2759 315 2788 Notum
330 2767 418 2789 autem
429 2762 499 2791 vobis
517 2764 598 2799 facio,
613 2766 721 2801 fratres,
738 2767 921 2802 Evangelium,
935 2770 1004 2805 quod

249 2823 258 2837 ‘
273 2821 368 2849 Matth.
384 2831 411 2854 v,
426 2823 470 2851 17.

214 2855 257 2883 tl.
297 2857 306 2872 ι
327 2857 414 2886 lCor.
433 2859 551 2890 ωλι.
590 2861 600 2876 τ
619 2861 743 2896 οριωιι,
762 2855 805 2889 ιδζ

544 2824 554 2839 ⁸
569 2825 577 2852 l
594 2824 658 2852 Cor.
675 2833 731 2856 xw,
749 2825 804 2858 ΞΗ
825 2826 876 2856 lsa.
896 2835 992 2861 xxvttt,
1014 2828 1056 2857 Η.

1063 2273 1159 2300 τάσσει
1175 2275 1277 2311 ταύτην
1288 2285 1294 2292 ·
1313 2278 1362 2304 οὐκ
1378 2279 1525 2312 ἀντιθέτοις
1540 2281 1579 2316 τῷ
1596 2283 1739 2317 ποιήσαντι
1755 2283 1800 2310 τὸν
1814 2284 1860 2311 ἆν-

1064 2319 1173 2355 θρωπον
1187 2322 1234 2348 καὶ
1248 2323 1297 2358 τὴν
1313 2327 1431 2358 γυναῖκα
1443 2326 1502 2362 Θεῷ
1518 2327 1599 2360 αὐτὸς
1615 2328 1745 2361 κελεύων,
1758 2330 1859 2357 δείκνυ-

1065 2373 1107 2391 σιν
1123 2366 1284 2401 ἐξάτταντος,
1300 2369 1341 2398 ὃτι
1368 2371 1414 2397 τοῦ
1438 2372 1518 2398 αὑτοῦ
1537 2373 1604 2400 Θεοῦ
1618 2375 1735 2410 ὑπάρχει
1749 2377 1764 2402 6
1778 2377 1858 2403 Ἀπό-

1065 2412 1157 2444 στολος
1168 2414 1315 2451 νομοθέτης
1323 2416 1402 2449 Θεοῦ,
1414 2414 1444 2444 οὗ
1456 2419 1503 2445 καὶ
1515 2419 1530 2444 6
1541 2419 1622 2454 νόμος
1632 2418 1675 2455 ἦν,
1691 2421 1737 2448 καὶ
1749 2422 1765 2457 ὴ
1782 2423 1858 2450 πᾶσα

1064 2458 1170 2486 Παλαιὰ
1193 2461 1330 2498 Διαθήκη·
1348 2463 1396 2489 καὶ
1412 2464 1459 2491 τοῦ
1475 2465 1557 2491 αὑτοῦ
1579 2467 1595 2501 ἡ
1614 2467 1701 2502 Καινὴ
1722 2467 1855 2504 Διαθήκη,

1063 2503 1202 2531 τουτέστιν
1219 2506 1247 2532 αἱ
1263 2506 1309 2533 δύο
1322 2508 1466 2542 Διαθῆκαι,
1482 2512 1508 2537 αἱ
1524 2511 1572 2547 τὴν
1590 2514 1705 2546 γυναῖκα
1726 2514 1787 2540 τότε
1809 2516 1855 2542 καὶ

1064 2548 1111 2575 νῦν
1123 2549 1346 2585 καθυποτάξασαι
1362 2553 1401 2589 τῷ
1417 2555 1494 2592 ἀνδρὶ
1510 2556 1543 2582 δι’
1557 2558 1657 2593 εὐσεϐῆ
1673 2559 1719 2585 καὶ
1734 2560 1854 2596 ἀντίρρο-

1064 2602 1114 2621 πον
1125 2595 1259 2629 εὐταξίαν.

1097 2730 1135 2759 ις’
1151 2727 1198 2753 καὶ
1211 2728 1249 2755 κδ’
1266 2730 1340 2765 σχόλ.
1362 2732 1430 2768 Περὶ
1442 2732 1617 2765 ἀναστασεως
1633 2734 1748 2770 νεκρῶν.
1768 2736 1848 2763 Γνω-

1054 2771 1123 2805 ρίζω
1139 2773 1172 2799 δὲ
1193 2775 1272 2806 ὑμῖν.
1289 2776 1425 2812 ἀὸρλςροὶ,
1443 2779 1475 2805 τὸ
1491 2780 1679 2814 Εὐαγγέλιον
1702 2780 1717 2806 ὃ
1729 2781 1851 2816 εὐηγγε-

1133 2831 1144 2848 ³
1160 2830 1233 2861 Psal.
1252 2842 1324 2869 scrv,
1342 2835 1376 2863 l0
1443 2835 1453 2853 ⁴
1471 2836 1537 2865 ibid.
1555 2837 1596 2867 ll.
1647 2839 1763 2868 'Mattb.
1787 2849 1848 2876 xui.
