1964 3047
141 95 202 124 '497
507 99 694 130 ADVERSUS
713 101 884 132 lLEBESES
899 105 964 133 LIB.

985 104 1006 132 1.
1030 103 1112 132 ΤΟΜ.
1134 103 1180 130 111.
1196 116 1230 122 -
1249 102 1385 130 ΙΙᾹΞΒΕΞ.
1406 101 1487 129 XLII.
1745 99 1796 128 7‘38

138 154 287 189 ,κισ-ἀμην
310 156 382 191 ὑμῖν
395 164 403 173 ·
418 157 476 191 καὶ,
493 158 534 185 ὅτι
554 159 591 186 El
603 160 729 194 Χριστὸς
751 163 806 190 οὐκ
828 163 940 198 ἐγήγερ

999 162 1142 198 prwdicavi
1167 161 1249 190 vobis.
1265 161 1331 188 Item
1349 171 1356 188 :
1372 160 1402 188 Si
1423 160 1544 189 Christus
1563 169 1615 189 non
1637 160 1794 195 resurrexit,

140 208 208 232 ται,
220 201 357 236 μάταιον,
372 204 419 230 καὶ
435 204 468 231 τὰ
481 205 555 240 ἑξῆς.
570 206 669 239 Οὕτως
680 208 884 244 κηρύσσομεν,
895 210 946 237 καὶ

139 246 246 280 οὕτως
265 247 483 277 ἐπιστεύσατε·
502 251 561 278 ’Ότι
585 253 713 286 Χριστὸς
733 254 874 287 ἀπέθανε,
895 257 946 284 καὶ

140 294 257 329 ἑτάρη,
270 294 319 321 καὶ
331 295 487 330 ἐγήγερται
501 297 538 332 τῇ
552 299 634 333 τρίτῃ
651 299 850 334 ἡμέρᾳ.”οταν
868 302 902 328 δὲ
912 303 945 329 τι)

141 341 262 374 θνητὸν
277 340 363 368 τοῦτο
377 342 540 376 ἐνδύσηται
552 345 731 377 ἀθανασίαν,
743 348 808 374 τότε
821 348 947 382 γενήσε-

141 394 195 413 ται
223 388 240 414 ό
259 388 350 422 λόγος
369 389 386 416 ό
404 389 625 425 γεγραμμένος-⁸
649 390 805 428 Κατεπόθη
823 396 840 421 ό
856 394 947 423 θάνα-

140 440 210 466 τος.

187 481 225 511 ις’
242 480 289 506 καὶ
311 480 350 507 κδ’
364 480 454 518 ἑλεγχ.
474 483 608 518 Γνωρίζω
634 485 669 512 δὲ
693 486 775 521 ὑμῖν,
797 487 945 523 ἀδελφοὶ,

142 525 181 552 τὸ
201 526 396 561 Euan-Mam",
415 529 431 555 ὃ
448 530 694 567 εὐηγγελισάμην
708 533 790 568 ὑμῖν.
811 535 843 561 Et
863 535 947 571 εὐηγ-

142 572 293 607 γελίσατο,
319 575 368 602 καὶ
390 575 456 603 αὐτὸ
483 577 564 604 πάλιν
588 579 736 615 γνωρίζει,
759 581 809 608 οὐκ
833 581 945 609 ἄλλοθεν

143 618 325 653 Εὑαγγέλιον,
341 620 402 648 οὔτε
413 622 480 658 ἄλλη
495 623 596 658 γνῶσις
612 626 680 660 μετὰ
696 626 745 662 τὴν
763 627 838 662 μίαν,
853 629 900 655 καὶ
915 629 945 656 τὸ

144 665 178 691 ὲν
195 662 272 701 ᾧπερ
286 667 446 703 ἐντυγχάνει
455 670 462 684 ¹
481 669 525 697 διὰ
538 670 593 697 τῶν
602 672 743 708 τεσσάρων
759 673 943 708 Εὐαγγελίων,

143 710 197 736 καὶ
220 710 274 737 τῶν
298 711 472 740 ἀποστόλων·
488 714 532 742 ἵνα
552 715 650 752 ἐλέγξῃ
664 716 710 743 τὸν
731 717 884 753 Μαρκίωνα
899 719 945 745 τὸν

145 756 221 791 μετὰ
235 757 354 785 τοιαῦτα
374 758 423 795 ἔτη
445 760 557 795 ἥκοντι,
574 762 644 797 μετὰ
661 763 772 798 χρόνους
785 764 832 791 τοῦ
847 765 946 792 καλου-

145 803 232 837 μένου
246 803 401 840 Ἀνικήτου,
418 806 466 833 τοῦ
485 807 629 843 Ῥωμαίων
640 809 800 844 ἐπισκόπου,
812 810 859 838 τοῦ
873 811 945 839 κατὰ

143 847 275 885 διαδοχὴν
299 850 394 878 ἐνάτου
417 853 564 888 ’γενομένου
578 854 632 881 ἀπὸ
651 855 701 891 τῆς
716 855 771 882 τῶν
787 857 944 884 ἀποστόλων

144 894 254 931 Πέτρου
270 896 317 923 καὶ
332 897 439 924 Παύλου
452 899 627 933 τελειώσεως.
637 902 682 928 Διὸ
693 902 944 939 ὲπατφαλιζὸμενος

144 940 161 966 ὁ
175 941 258 972 αὐτὸς
274 942 445 975 Ἀπόστολος,
457 944 533 978 ἔλεγε
542 954 548 961 ι
561 945 626 972 Κᾶν
636 955 667 973 τε
678 947 774 981 ἡμεῖς,
785 949 805 982 ἣ
817 949 944 984 ἅγγελος

143 986 381 1022 εὐαγγελίσηται
396 989 469 1024 ὑμῖν
481 990 550 1024 παρ’
566 991 582 1017 ὃ
598 992 790 1026 παρελάϐετε,
810 995 943 1030 ἀνάθεμα

144 1032 243 1079 ἔστω·
260 1033 403 1068 γινώσκων
427 1036 567 1072 Πνεύματι
591 1038 672 1074 ἁγίῳ,
691 1040 732 1066 ὅτι
755 1041 846 1076 μέλλει
861 1042 942 1079 Μαρ-

144 1077 216 1124 κίων
231 1079 280 1106 καὶ
295 1080 319 1106 ot
333 1081 393 1108 κατ’
409 1082 491 1109 αὐτὸν
503 1083 675 1120 διαστρέφειν
691 1085 742 1120 τὴν
757 1086 814 1114 ὁδὸν
827 1087 876 1124 τὴν
892 1077 943 1115 κα-

143 1122 201 1155 λῶς
214 1123 497 1161 ὲδραιωμένην.Ὀθεν
509 1128 601 1156 οὐκέτι
614 1128 699 1158 εἶπεν·
709 1122 942 1168 Εὐατγελίζομαι

143 1169 228 1204 ὑμῖν·
240 1170 308 1197 ἀλλὰ
316 1191 323 1202 ,
336 1171 470 1207 Γνωρίζω
481 1174 553 1209 ὑμῖν
561 1175 595 1202 τὸ
606 1177 787 1212 Εὐαγγέλιω
818 1179 869 1206 οὐκ
878 1180 941 1207 ἀλλο

144 1214 188 1247 ὃν,
204 1215 273 1262 ἀλλὰ
288 1216 302 1243 δ
315 1217 364 1253 ἤδη
380 1218 600 1258 εὐηγγελισάμην
619 1221 694 1257 ὑμῖν,
708 1219 738 1249 οὗ
753 1223 803 1260 τὴν
818 1224 942 1262 ὑπόμνη-

145 1269 190 1288 σιν
202 1261 266 1296 ὑμῖν
283 1262 422 1298 ποιοῦμαι.
432 1264 559 1301 Γνωρίζω
573 1266 637 1302 ὑμῖν
648 1268 700 1294 τίνι
714 1268 784 1304 λόγῳ
796 1270 941 1305 εὐηγγελι-

145 1307 240 1343 σάμην
256 1309 330 1344 ὑμῖν,
352 1311 378 1336 εὶ
401 1312 561 1346 κατέχετε·
582 1313 670 1348 ἐκτὸς
690 1315 717 1341 εὶ
731 1315 775 1349 μὴ
795 1316 861 1351 εἰκῆ
877 1318 940 1345 ἐπι-

144 1355 305 1382 στεύσατε.
323 1355 354 1382 Εἰ
380 1356 416 1392 μὴ
443 1357 497 1393 γὰρ
521 1359 660 1395 κατέχετε,
675 1361 713 1392 ὡς
729 1363 849 1398 ὲκήρυξα
864 1364 938 1400 ὑμῖν,

145 1401 239 1447 χωρὶς,
252 1401 336 1429 αὑτοῦ
359 1403 422 1438 εικῆ
437 1403 626 1434 ἐπιστεύσατε,
643 1407 871 1446 Εὑηγγελισάμην
885 1411 940 1447 γὰρ

146 1446 222 1492 ὑμῖν,
233 1446 273 1473 ὅτι
287 1447 403 1483 Χριστὸς
413 1448 548 1477 ἀπέθανεν
559 1451 630 1488 ὑπὲρ
641 1452 697 1480 τῶν
707 1454 849 1490 ἁμαρτιῶν
860 1446 939 1492 ἡμῶν

145 1491 218 1519 κατὰ
233 1492 282 1547 τὰς
296 1493 418 1547 Γραῖὰς,
434 1495 480 1547 καὶ
504 1496 545 1547 ὅτι
569 1499 600 1547 τῇ
618 1498 696 1535 τρίτῃ
711 1500 803 1537 ἡμέρᾳ
819 1491 938 1538 ἐγήγερ-
953 1517 975 1547 c

145 1547 192 1565 ται
210 1539 280 1566 κατά
293 1540 343 1571 τὰς
359 1541 481 1577 Γραφὰς,
498 1544 546 1570 καὶ
558 1544 588 1571 οὐ
605 1545 677 1573 κατὰ
695 1547 789 1581 μῦθον.
811 1550 857 1576 καὶ
880 1550 941 1577 οὐδὲ

146 1585 217 1612 κατὰ
231 1586 281 1622 τὴν
295 1586 469 1616 διδασκαλίαν
480 1590 534 1617 τῶν
551 1590 702 1626 μελλόντων
718 1593 764 1628 ἀφ’
774 1595 880 1622 ἑαυτῶν
895 1596 943 1623 λα-

146 1631 201 1659 λεῖν
213 1632 231 1659 ἃ
247 1633 284 1668 μὴ
296 1633 461 1670 γέγραπται.
472 1637 504 1663 Οἱ
516 1637 564 1673 μὲν
579 1637 633 1674 γὰρ
647 1639 768 1667 Ἰουδαῖοι
781 1641 827 1676 ἀφ’
838 1642 942 1670 ἑαυτῶν

146 1680 254 1716 λέγουσι
275 1682 312 1718 μὴ
324 1684 490 1720 ὲγηγέρθαι·
507 1687 641 1723 Μαρκίων
657 1689 685 1715 δὲ
703 1689 750 1716 καὶ
764 1690 788 1716 οἱ
799 1689 873 1717 ἄλλοι
896 1689 941 1716 λέ-

146 1735 241 1762 γουσιν
251 1729 296 1764 ἀφ’
308 1730 415 1758 ἑαυτῶν
427 1731 538 1768 δοκήσει
550 1734 725 1767 πεπονθέναι,
739 1736 785 1762 καὶ
795 1736 939 1771 τεθάφθαι.

153 1772 224 1807 Ἐγὼ
238 1774 267 1800 δὲ
282 1775 352 1802 κατὰ
364 1775 413 1808 τὰς
428 1777 540 1812 Γραφὰς
555 1779 740 1816 ἁσφαλίζομαι
753 1781 836 1816 ὑμᾶς.
853 1781 942 1814 Εὐθὺς

146 1819 201 1855 γὰρ
218 1820 354 1857 ἐπιφέρει,
374 1822 460 1857 λέγων
470 1833 477 1841 ο
493 1825 592 1859 Οὕτως
605 1828 810 1862 κηρύσσομεν,
824 1828 873 1855 καὶ
889 1829 941 1856 οὒ-

147 1874 203 1899 τως
217 1867 427 1902 ἐπιστεύσατε,
442 1870 487 1898 ὅτι
507 1872 635 1906 Χριστὸς
648 1873 788 1906 ἀπέθανε,
804 1875 854 1902 καὶ
873 1875 940 1902 ἐτά-

147 1921 198 1947 φη,
219 1914 268 1941 καὶ
289 1915 445 1951 ἐγήγερται
467 1916 506 1952 τῇ
524 1919 608 1953 τρίτῃ
632 1919 744 1954 ἡμέρᾳ-
771 1921 819 1948 καὶ
840 1921 938 1953 εὐθύς·

147 1960 182 1986 El
203 1960 304 1994 νεκροὶ
325 1963 380 1989 οὐκ
399 1963 576 1999 ἐγείρονται,
589 1965 659 1993 οὐδὲ
682 1968 809 2001 Χριστὸς
821 1968 941 2004 ἐγήγερ-

147 2013 193 2032 ται
206 2014 212 2020 ·
234 2006 284 2033 καὶ
305 2008 332 2034 εὶ
353 2009 481 2042 Χριστὸς
502 2011 558 2037 οὐκ
578 2011 742 2047 ἐγήγερται,
755 2013 883 2048 μάταιον
906 2015 940 2042 τὸ

148 2052 283 2088 κήρυγμα
296 2055 381 2090 ἡμῶν
391 2064 398 2071 ·
412 2055 459 2082 καὶ
476 2056 544 2090 μετά
558 2057 644 2085 ταῦτα
660 2059 750 2086 πάντα
759 2068 766 2074 '
781 2060 832 2087 Δεῖ
838 2061 893 2095 γὰρ
906 2061 939 2087 τὸ

147 2099 257 2133 θνητὸν
286 2101 375 2128 τοῦτο
397 2102 583 2131 ἐνδύσασθαι
604 2105 794 2139 ἀθανασίαν,
822 2107 873 2134 καὶ
904 2107 938 2134 τὸ

147 2146 277 2180 φθαρτὸν
290 2147 381 2174 τοῦτο
392 2148 577 2176 ἐνδύσασθαι
591 2151 772 2185 ἀφθαρσίαν.

997 210 1097 240 inanis,
1115 213 1169 237 etc.
1186 209 1231 236 Sic
1241 208 1428 242 pra'ditamus,
1444 212 1469 234 et
1484 208 1523 235 sic
1538 207 1706 235 credidistis:
1722 207 1793 241 Quo-

996 257 1069 284 niam
1083 255 1207 283 Christus
1222 259 1341 281 mortuus
1361 260 1410 287 est,
1426 258 1451 281 et
1468 254 1596 286 sepultus,
1609 258 1634 281 et
1649 255 1794 282 resurrexit

996 303 1078 329 tertia
1093 302 1146 328 die.
1165 300 1233 329 Cum
1251 304 1339 327 autem
1356 300 1470 326 mortale
1485 300 1532 326 hoc
1551 299 1667 327 induerit
1682 300 1793 326 immor-

996 349 1144 379 talitatem,
1178 353 1239 374 tum:
1254 347 1297 381 ﬁet
1312 354 1412 378 sermo,
1431 346 1475 381 qui
1485 346 1598 380 scriptus
1618 351 1677 373 est:
1694 345 1794 373 Absor-

996 398 1043 428 pta
1054 398 1093 420 est
1112 401 1182 420 mors
1193 393 1220 420 in
1235 392 1345 419 uictoria
1355 393 1375 418 ¹.

1031 484 1126 512 Refut.
1148 483 1181 511 16
1203 487 1230 512 et
1248 483 1293 511 24.
1317 483 1419 510 Natum
1439 487 1526 510 autem
1546 486 1618 511 vobis
1637 483 1718 517 facio,
1734 483 1791 519 [rn-

997 535 1061 563 tres,
1090 530 1263 567 Evangelium
1294 530 1364 565 quod
1389 530 1532 565 prmdicaui
1567 530 1649 557 vobis.
1683 528 1711 556 Si
1740 529 1792 556 ali-

996 577 1107 613 quando
1127 576 1294 612 pra‘dicavit,
1311 579 1339 603 et
1352 575 1378 603 id
1390 576 1477 610 ipsum
1491 579 1586 603 notum
1596 575 1670 608 facit,
1686 574 1791 602 nullum

995 622 1107 651 aliunde
1119 623 1273 650 derivatum
1290 621 1466 657 Evangelium
1487 625 1540 655 est,
1563 621 1650 649 aliave
1671 620 1791 655 cognitio

994 673 1096 705 praeter
1118 676 1198 696 unam
1217 668 1301 701 illam,
1329 675 1470 702 unumque
1482 667 1559 698 illud,
1579 666 1653 701 quod
1678 667 1706 693 in
1723 673 1791 701 qua-

996 719 1059 743 tuor
1074 714 1228 750 Evangeliis
1251 717 1279 742 et
1309 713 1442 749 apostolis
1457 713 1586 741 omnibus
1602 712 1714 740 unicum
1737 715 1790 739 est.

996 761 1037 789 Ex
1055 769 1110 796 quo
1126 761 1230 789 Marcio
1246 760 1390 793 refellitur,
1405 760 1451 795 qui
1469 763 1546 787 tanto
1567 758 1710 787 intervallo
1727 765 1792 794 pro-

998 806 1097 840 dierit;
1126 807 1256 834 nimirum
1283 810 1345 842 post
1374 806 1480 833 Aniceti
1510 805 1628 833 Romani
1653 804 1791 839 pontiﬁcis

959 841 980 869 Β
997 857 1117 888 tempus,
1132 853 1180 889 qui
1195 853 1229 880 ab
1243 841 1430 888 apostoiorum
1442 851 1515 879 Petri
1532 859 1563 879 ac
1573 850 1649 878 Pauli
1661 850 1791 886 passione

994 907 1084 927 nonus
1105 899 1201 927 ordine
1227 903 1398 926 numeratur.
1425 897 1559 931 Quocirca
1584 901 1614 924 ut
1641 904 1692 924 nos
1717 896 1790 924 idem

993 945 1172 980 praemuniret
1188 945 1347 980 Apostolus,
1359 944 1466 972 aiebat:
1481 943 1595 971 Etiamsi
1607 951 1665 973 nos.
1680 951 1727 970 aut
1740 951 1791 970 an-

993 992 1067 1027 gelus
1079 991 1298 1026 euengetizaverit
1314 992 1385 1018 vobis
1400 995 1496 1025 pra-ter
1507 998 1586 1025 quam
1601 989 1671 1025 quod
1685 989 1789 1024 accepi-

993 1037 1054 1069 stis,
1066 1036 1207 1064 anathema
1218 1036 1282 1064 sit'.
1299 1035 1392 1063 Sancti
1404 1036 1504 1071 quippe
1521 1034 1640 1071 Spiritus
1653 1035 1786 1063 instinctu

993 1087 1107 1111 noverat
1134 1087 1278 1110 venturum
1304 1082 1452 1118 aliquando
1468 1089 1531 1109 cutn
1557 1081 1700 1117 discipulis
1719 1081 1790 1108 Mar-

992 1128 1111 1162 cionem,
1129 1128 1176 1164 qui
1192 1128 1300 1163 egregie
1317 1127 1450 1154 munitam
1468 1127 1538 1154 viam
1556 1127 1709 1154 niterentur
1724 1134 1788 1162 per-

991 1179 1109 1203 vertere.
1126 1174 1218 1208 Quare
1232 1182 1287 1202 non
1309 1175 1407 1202 iterum
1424 1174 1509 1206 dixit,
1529 1173 1689 1209 Evangelizo
1705 1174 1790 1208 vobis,

991 1222 1050 1254 sed,
1065 1221 1165 1249 Natum
1181 1221 1252 1249 vobis
1266 1220 1336 1255 facio
1349 1219 1538 1256 Evangelium;
1555 1228 1608 1247 non
1625 1220 1698 1248 aliud
1712 1220 1747 1248 ab
1757 1228 1789 1248 eo

993 1270 1089 1305 utique
1108 1268 1183 1304 quod
1206 1269 1263 1304 jam
1281 1267 1429 1303 pratdicavi
1445 1267 1536 1300 vobis,
1557 1275 1589 1294 ac
1604 1267 1694 1295 denuo
1710 1267 1790 1294 vobis

991 1316 1019 1343 in
1043 1315 1203 1343 memoriam
1218 1322 1326 1342 revoco.
1350 1314 1449 1342 Notum
1466 1313 1545 1341 vobis
1568 1313 1651 1346 facio,
1670 1320 1789 1349 quanam

991 1363 1098 1391 ratione
1125 1361 1370 1397 evangelizaverim
1400 1361 1488 1391 vobis.
1502 1360 1584 1396 365
1605 1361 1628 1388 si
1652 1361 1789 1393 retinetis,

991 1409 1043 1436 nisi
1066 1410 1135 1444 forte
1157 1409 1262 1444 frustra
1288 1407 1450 1435 credidistis.
1478 1406 1537 1435 Nisi
1562 1407 1634 1434 enim
1661 1407 1789 1434 retinetis

990 1455 1223 1490 quemadmodum
1250 1453 1395 1490 praedicavi
1422 1453 1509 1486 vobis,
1536 1454 1596 1481 sine
1619 1454 1666 1480 illo
1687 1453 1789 1480 frustra

991 1501 1158 1530 credidistis.
1175 1501 1232 1529 Hoc
1247 1502 1320 1529 enim
1335 1500 1459 1528 nuntiavi
1474 1499 1552 1527 vobis
1567 1499 1725 1527 :Christum
1737 1507 1788 1535 pro

993 1548 1115 1584 peccatis
1132 1548 1236 1576 nostris
1247 1547 1399 1576 secundum
1419 1547 1578 1581 Scripturas
1595 1546 1698 1573 obiisse
1711 1554 1788 1573 mor-

993 1598 1058 1627 tem,
1073 1602 1105 1622 ac
1121 1594 1273 1622 secundum
1293 1594 1404 1622 easdem
1422 1593 1502 1620 tertia
1524 1592 1569 1620 die
1593 1591 1788 1625 resurrexisse,

992 1649 1048 1669 non
1070 1641 1224 1669 secundum
1239 1641 1358 1669 fabulam
1373 1640 1503 1675 aliquam,
1517 1639 1559 1666 vel
1575 1646 1670 1666 eorum
1686 1638 1790 1665 doctri-

992 1695 1057 1714 nam
1080 1688 1127 1723 qui
1146 1695 1180 1715 ex
1200 1695 1262 1715 sese
1287 1695 1348 1722 qua:
1363 1686 1474 1714 minimc
1492 1686 1594 1720 scripta
1616 1689 1681 1712 sunt
1694 1685 1790 1720 profc-

991 1738 1062 1762 rent.
1086 1734 1193 1762 Etenim
1207 1733 1301 1762 ‘Judzei
1321 1742 1355 1761 ex
1385 1741 1446 1761 sese
1472 1733 1612 1761 Christum
1634 1733 1789 1759 surrexisse

992 1784 1106 1814 negant,
1121 1780 1223 1808 Marcio
1240 1787 1272 1807 ac
1288 1779 1377 1807 culteri
1392 1779 1506 1814 perinde
1523 1786 1555 1806 ex
1571 1785 1632 1806 sese
1643 1778 1734 1812 specie
1746 1781 1788 1804 te-

991 1833 1044 1854 nus
1060 1834 1122 1854 esse
1136 1834 1247 1862 passum
1265 1833 1297 1852 ac
1317 1825 1456 1860 sepultum
1468 1824 1629 1860 prmdicant.
1651 1822 1707 1858 Ego
1722 1830 1788 1850 vero

991 1879 1024 1898 ex
1041 1871 1247 1906 Scripturarum
1258 1878 1308 1897 vos
1322 1870 1485 1897 auctoritate
1501 1868 1646 1896 conﬁrmo.
1663 1869 1701 1895 Ac
1717 1868 1784 1895 sub-

991 1918 1054 1946 inde
1067 1918 1181 1945 scribit:
1194 1917 1238 1945 Sic
1248 1916 1437 1952 pra-dicamus,
1450 1920 1475 1942 et
1486 1915 1525 1942 sic
1537 1915 1699 1946 credidistis,
1712 1914 1786 1947 Quo-

990 1966 1063 1993 niam
1085 1964 1207 1992 Christus
1230 1968 1350 1990 mortuus
1369 1967 1418 1994 est,
1442 1966 1466 1989 et
1492 1962 1621 1995 sepultus,
1654 1965 1678 1987 et
1696 1969 1787 1987 resur-

991 2012 1060 2039 rexit
1074 2010 1151 2038 tertia
1165 2009 1218 2037 die.
1235 2009 1267 2036 Et
1280 2009 1361 2044 paulo
1379 2011 1441 2043 post
1455 2017 1461 2035 :
1477 2007 1507 2035 Si
1523 2007 1622 2034 mortui
1635 2015 1685 2034 non
1703 2015 1788 2033 resur-

989 2062 1066 2093 gunt,
1086 2065 1167 2092 neque
1189 2056 1312 2084 Christus
1326 2054 1482 2082 resurrexit.
1500 2053 1534 2080 Et
1551 2054 1574 2080 si
1594 2053 1715 2081 Christus
1735 2061 1787 2080 non

990 2104 1148 2135 resurrexit,
1169 2103 1257 2129 inanis
1282 2106 1321 2128 est
1336 2101 1493 2136 praedicatio
1510 2105 1612 2127 nostra.
1636 2099 1704 2127 Tum
1726 2105 1788 2135 post

991 2149 1048 2177 hinc
1065 2149 1156 2176 omnia
1173 2157 1179 2175 ε
1197 2148 1306 2182 Oportet
1329 2148 1398 2174 enim
1410 2146 1522 2178 mortale
1547 2146 1594 2173 hoc
1612 2146 1720 2172 induere
1736 2146 1787 2172 im-

956 2195 1195 2228 Dmortalitatem,
1219 2198 1244 2221 et
1271 2192 1441 2228 corruptibile
1468 2192 1516 2220 hoc
1537 2191 1645 2219 induere
1669 2192 1788 2218 incorru-

180 2280 234 2307 Καὶ
248 2280 297 2308 οὐκ
310 2279 369 2308 εἷπε
380 2303 387 2315 ,
402 2282 438 2309 Τὸ
452 2282 549 2318 θνητὸν
569 2283 649 2311 τοῦτο
661 2285 784 2321 χωρῆσαι
799 2286 848 2322 τὴν
865 2287 935 2316 ἀθα-

147 2327 249 2358 νασίαν,
269 2327 284 2362 ἢ
299 2327 329 2353 τὺ
343 2327 459 2364 φθαρτὸν
472 2329 551 2356 τοῦτο
569 2331 692 2366 χωρῆσαι
706 2331 756 2367 τὴν
770 2333 934 2368 ἀφθαρσίαν·

148 2372 212 2400 ἀλλὰ
227 2372 257 2398 τὸ
270 2371 365 2407 θνητὸν
382 2373 428 2399 καὶ
439 2373 577 2410 ἄφθαρτον
597 2376 759 2404 ἐνδύσασθαι
779 2378 936 2414 ἀφθαρσίαν

147 2419 190 2446 καὶ
202 2419 362 2446 ἀθανασίαν.
379 2420 457 2446 Ποῖον
470 2420 499 2447 δέ
516 2422 574 2448 ἐστι
587 2422 684 2458 θνητὸν
701 2423 759 2449 ἀλλ’
775 2423 791 2459 ἢ
809 2424 839 2450 τὸ
855 2425 935 2461 σῶμα

147 2466 174 2492 rb
186 2467 215 2492 οὐ
241 2466 369 2501 χωρῆσαν
384 2467 413 2492 ὲν
434 2467 508 2502 αὺτῷ
526 2468 606 2502 μόνον
620 2469 771 2496 ἀθανασίαν
782 2491 789 2502 ,
803 2471 871 2499 ἀλλὰ
886 2473 934 2499 καὶ

147 2512 257 2547 οἱκῆσαν
269 2532 276 2543 ,
292 2513 340 2538 καὶ
364 2512 460 2547 μέλλον
479 2513 619 2541 ἐνδύεσθαι
644 2515 693 2550 τὴν
714 2516 861 2544 ἀθανασίαν
873 2539 880 2550 ,
903 2519 933 2545 οὐ

147 2557 190 2584 τοῦ
204 2557 328 2593 σώματος
343 2558 575 2594 ἀποϐαλλομένου,
597 2561 643 2587 καὶ
658 2561 708 2597 τῆς
721 2562 811 2598 ψυχῆς
827 2563 877 2599 τῆς
895 2565 933 2600 μὴ

148 2603 385 2640 ἀποθνησκούσης,
403 2605 566 2641 ἐνδυομένης
591 2606 762 2640 ἀθανασίαν,
792 2609 859 2636 ἀλλά
886 2610 933 2637 τοῦ

148 2651 240 2687 θνητοῦ
258 2653 418 2688 ἐνδυομένου
443 2653 493 2688 τὴν
510 2653 659 2680 ἀθανασίαν
669 2673 676 2686 ,
691 2654 739 2680 καὶ
752 2655 799 2681 τοῦ
815 2655 934 2691 φθαρτοῦ

147 2698 298 2734 ἀφθαρσίαν
311 2719 318 2730 ,
334 2698 456 2725 τουτέστι
473 2699 520 2726 τοῦ
540 2699 684 2734 σώματος
705 2700 793 2727 Αὑτοῦ
816 2701 870 2738 γὰρ
887 2703 935 2729 καὶ

149 2742 258 2776 θάνατός
275 2744 333 2770 ἐστι
357 2745 404 2771 καὶ
417 2744 505 2781 φθορὰ
521 2744 687 2781 πρόσκαιρος
717 2745 762 2772 διὰ
786 2746 835 2782 τὴν
858 2746 935 2774 λύσιν

989 2242 1115 2277 ptionem.
1768 2261 1774 2268 _

1024 2286 1078 2314 Nec
1103 2287 1141 2314 ita
1164 2285 1233 2314 dixit
1257 2285 1392 2314 :Mortale
1417 2285 1470 2313 hoc
1502 2293 1600 2321 capere
1623 2285 1787 2313 immortali-

986 2334 1089 2361 litatcm
1116 2336 1164 2359 aut
1188 2332 1368 2367 corruptibile
1398 2332 1450 2359 hoc
1475 2339 1574 2366 capere
1603 2332 1788 2368 incorruptio-

990 2387 1065 2411 nem,
1096 2379 1143 2406 sed
1161 2378 1276 2405 mortale
1294 2382 1321 2406 et
1335 2377 1512 2413 corruptibile
1530 2378 1643 2405 induere
1660 2379 1786 2405 incorru-

987 2426 1107 2461 ptionem
1122 2429 1149 2452 et
1165 2425 1409 2453 immortalitatem.
1423 2424 1501 2458 Quod
1513 2429 1555 2452 est
1566 2429 1656 2452 autent
1672 2425 1786 2452 mortale

988 2471 1054 2498 illud
1073 2470 1125 2498 nisi
1144 2477 1260 2505 corpus,
1276 2470 1349 2505 quod
1366 2470 1598 2498 immortalitatem
1611 2478 1665 2498 non
1689 2471 1785 2498 induat

989 2516 1081 2547 modo.
1103 2516 1150 2543 sed
1164 2517 1192 2543 in
1204 2524 1235 2543 ea
1259 2517 1342 2544 etiam
1359 2516 1476 2544 habitet:
1493 2517 1566 2551 quod
1592 2517 1784 2544 immortalita-

989 2568 1053 2594 tem.
1069 2563 1196 2598 inquam,
1208 2563 1281 2589 illam
1297 2563 1338 2590 sic
1353 2563 1462 2596 induat,
1478 2568 1507 2590 ut
1523 2571 1578 2591 non
1604 2564 1706 2598 rejecto
1723 2571 1784 2591 cor-

988 2617 1066 2644 pore,
1081 2609 1172 2636 anima
1190 2609 1248 2637 sola
1265 2616 1327 2644 quae
1341 2609 1439 2637 mortis
1455 2613 1498 2637 est
1512 2617 1626 2644 expers,
1640 2610 1768 2638 immorta

988 2656 1092 2683 lttatem
1119 2655 1231 2689 induat;
1248 2656 1296 2683 sed
1321 2660 1350 2683 ut
1370 2656 1398 2683 id
1411 2656 1501 2691 ipsum
1520 2657 1593 2692 quod
1609 2657 1724 2684 mortale
1740 2661 1784 2684 est

988 2702 1232 2736 immortalitatem,
1248 2706 1275 2730 et
1294 2703 1473 2737 corruptibile
1490 2703 1721 2738 incorruptionem
1740 2704 1768 2732 in

988 2748 1055 2776 duat
1071 2758 1077 2776 :
1092 2748 1144 2776 hoc
1163 2753 1206 2777 est
1230 2756 1330 2784 corpus
1346 2749 1456 2785 ipsum;
1479 2749 1558 2786 cujus
1579 2749 1688 2787 propria
1708 2757 1784 2780 mors

182 2823 188 2839 ¹
203 2822 233 2851 F.
249 2823 279 2851 τὸ
293 2823 322 2851 ἓν
334 2824 402 2859 ὅπερ
416 2824 445 2852 ἒν
459 2825 597 2861 τυγχάνει.
637 2827 648 2843 ³
666 2825 752 2854 lCor.
772 2834 815 2860 xv,
832 2830 843 2854 l
863 2835 923 2863 sqq.
937 2837 940 2863 ;

995 2837 1018 2857 ε.
1038 2836 1099 2863 xm,
1117 2829 1158 2857 lt.
1200 2830 1210 2846 ³
1224 2828 1312 2858 Galat.
1331 2838 1351 2864 ι,
1369 2830 1396 2858 9.
