  <div class='ocr_page' id='page_1' title='image "/cluster/home/n/w/nwhite01/storage/ocr_20150623/41/njp.32101007805813/425.png"; bbox 0 0 1964 3047; ppageno 0'>
   <div class='ocr_carea' id='block_1_1' title="bbox 233 129 286 159">
    <p class='ocr_par' dir='ltr' id='par_1_1' title="bbox 233 129 286 159">
     <span class='ocr_line' id='line_1_1' title="bbox 233 129 286 159; baseline 0 -1"><span class='ocrx_word' id='word_1_1' title='bbox 233 129 286 159; x_wconf 78' lang='lat'><strong>799</strong></span> 
     </span>
    </p>
   </div>
   <div class='ocr_carea' id='block_1_2' title="bbox 931 130 1147 159">
    <p class='ocr_par' dir='ltr' id='par_1_2' title="bbox 931 130 1147 159">
     <span class='ocr_line' id='line_1_2' title="bbox 931 130 1147 159; baseline 0 -1"><span class='ocrx_word' id='word_1_2' title='bbox 931 131 960 159; x_wconf 85' lang='lat' dir='ltr'><strong>S.</strong></span> <span class='ocrx_word' id='word_1_3' title='bbox 981 130 1147 159; x_wconf 77' lang='lat' dir='ltr'><strong>EPlPllANll</strong></span> 
     </span>
    </p>
   </div>
   <div class='ocr_carea' id='block_1_3' title="bbox 1804 129 1864 158">
    <p class='ocr_par' dir='ltr' id='par_1_3' title="bbox 1804 129 1864 158">
     <span class='ocr_line' id='line_1_3' title="bbox 1804 129 1864 158; baseline 0 0"><span class='ocrx_word' id='word_1_4' title='bbox 1804 129 1864 158; x_wconf 79' lang='lat'><strong>800</strong></span> 
     </span>
    </p>
   </div>
   <div class='ocr_carea' id='block_1_4' title="bbox 234 187 1022 226">
    <p class='ocr_par' dir='ltr' id='par_1_4' title="bbox 234 190 1020 226">
     <span class='ocr_line' id='line_1_4' title="bbox 234 190 1020 226; baseline -0.001 -7"><span class='ocrx_word' id='word_1_5' title='bbox 234 194 294 225; x_wconf 79' lang='lat' dir='ltr'><strong>est,</strong></span> <span class='ocrx_word' id='word_1_6' title='bbox 310 198 341 218; x_wconf 92' lang='lat' dir='ltr'><strong>ac</strong></span> <span class='ocrx_word' id='word_1_7' title='bbox 356 190 521 226; x_wconf 80' lang='lat' dir='ltr'><strong>temporaria</strong></span> <span class='ocrx_word' id='word_1_8' title='bbox 537 190 584 218; x_wconf 86' lang='lat' dir='ltr'><strong>illa</strong></span> <span class='ocrx_word' id='word_1_9' title='bbox 600 190 755 226; x_wconf 78' lang='lat' dir='ltr'><strong>corruptio,</strong></span> <span class='ocrx_word' id='word_1_10' title='bbox 772 190 971 226; x_wconf 76' lang='lat' dir='ltr'><strong>dissolutiOque</strong></span> <span class='ocrx_word' id='word_1_11' title='bbox 985 191 1020 218; x_wconf 90' lang='lat' dir='ltr'><strong>ob</strong></span> 
     </span>
    </p>
   </div>
   <div class='ocr_carea' id='block_1_5' title="bbox 1078 187 1863 226">
    <p class='ocr_par' dir='ltr' id='par_1_5' title="bbox 1078 187 1863 226">
     <span class='ocr_line' id='line_1_5' title="bbox 1078 187 1863 226; baseline 0 -9"><span class='ocrx_word' id='word_1_12' title='bbox 1078 191 1119 226; x_wconf 65' lang='grc' dir='ltr'>τὴν</span> <span class='ocrx_word' id='word_1_13' title='bbox 1134 189 1323 225; x_wconf 71' lang='grc' dir='ltr'><strong>ἐπενεχθεῖσαν</strong></span> <span class='ocrx_word' id='word_1_14' title='bbox 1339 188 1413 224; x_wconf 80' lang='grc' dir='ltr'>αὐτῷ</span> <span class='ocrx_word' id='word_1_15' title='bbox 1426 188 1470 215; x_wconf 72' lang='grc' dir='ltr'>διὰ</span> <span class='ocrx_word' id='word_1_16' title='bbox 1477 187 1528 223; x_wconf 82' lang='grc' dir='ltr'>τῆς</span> <span class='ocrx_word' id='word_1_17' title='bbox 1539 188 1586 216; x_wconf 86' lang='grc' dir='ltr'><strong>τοῦ</strong></span> <span class='ocrx_word' id='word_1_18' title='bbox 1607 188 1692 224; x_wconf 76' lang='grc' dir='ltr'>Ἀδὰμ</span> <span class='ocrx_word' id='word_1_19' title='bbox 1703 189 1863 225; x_wconf 79' lang='grc' dir='ltr'>παρακοῆς.</span> 
     </span>
    </p>
   </div>
   <div class='ocr_carea' id='block_1_6' title="bbox 233 235 1019 265">
    <p class='ocr_par' dir='ltr' id='par_1_6' title="bbox 233 235 1019 265">
     <span class='ocr_line' id='line_1_6' title="bbox 233 235 1019 265; baseline -0.001 -1"><span class='ocrx_word' id='word_1_20' title='bbox 233 237 330 265; x_wconf 75' lang='lat' dir='ltr'><strong>Adami</strong></span> <span class='ocrx_word' id='word_1_21' title='bbox 354 237 554 265; x_wconf 92' lang='lat' dir='ltr'><strong>contumaciam</strong></span> <span class='ocrx_word' id='word_1_22' title='bbox 579 245 611 264; x_wconf 85' lang='lat' dir='ltr'><strong>ac</strong></span> <span class='ocrx_word' id='word_1_23' title='bbox 633 236 723 264; x_wconf 86' lang='lat' dir='ltr'><strong>scelus</strong></span> <span class='ocrx_word' id='word_1_24' title='bbox 740 236 862 263; x_wconf 82' lang='lat' dir='ltr'><strong>inﬂicta?</strong></span> <span class='ocrx_word' id='word_1_25' title='bbox 875 235 934 263; x_wconf 85' lang='lat' dir='ltr'><strong>Jam</strong></span> <span class='ocrx_word' id='word_1_26' title='bbox 954 244 1019 264; x_wconf 85' lang='lat' dir='ltr'><strong>vero</strong></span> 
     </span>
    </p>
   </div>
   <div class='ocr_carea' id='block_1_7' title="bbox 233 281 1020 317">
    <p class='ocr_par' dir='ltr' id='par_1_7' title="bbox 233 281 1020 317">
     <span class='ocr_line' id='line_1_7' title="bbox 233 281 1020 317; baseline -0.003 -7"><span class='ocrx_word' id='word_1_27' title='bbox 233 284 268 311; x_wconf 87' lang='lat' dir='ltr'><strong>de</strong></span> <span class='ocrx_word' id='word_1_28' title='bbox 284 283 382 310; x_wconf 82' lang='lat' dir='ltr'><strong>futuris</strong></span> <span class='ocrx_word' id='word_1_29' title='bbox 395 283 459 310; x_wconf 92' lang='lat' dir='ltr'><strong>olim</strong></span> <span class='ocrx_word' id='word_1_30' title='bbox 477 283 624 313; x_wconf 80' lang='lat' dir='ltr'><strong>beneﬁciis.</strong></span> <span class='ocrx_word' id='word_1_31' title='bbox 640 290 700 317; x_wconf 69' lang='lat' dir='ltr'><strong>qum</strong></span> <span class='ocrx_word' id='word_1_32' title='bbox 715 282 741 308; x_wconf 92' lang='lat' dir='ltr'><strong>in</strong></span> <span class='ocrx_word' id='word_1_33' title='bbox 756 289 857 317; x_wconf 89' lang='lat' dir='ltr'><strong>corpus</strong></span> <span class='ocrx_word' id='word_1_34' title='bbox 871 281 1020 309; x_wconf 87' lang='lat' dir='ltr'><strong>derivanda</strong></span> 
     </span>
    </p>
   </div>
   <div class='ocr_carea' id='block_1_8' title="bbox 233 326 1020 364">
    <p class='ocr_par' dir='ltr' id='par_1_8' title="bbox 233 326 1020 364">
     <span class='ocr_line' id='line_1_8' title="bbox 233 326 1020 364; baseline -0.004 -8"><span class='ocrx_word' id='word_1_35' title='bbox 233 334 315 362; x_wconf 90' lang='lat' dir='ltr'><strong>sunt,</strong></span> <span class='ocrx_word' id='word_1_36' title='bbox 330 329 487 364; x_wconf 79' lang='lat' dir='ltr'><strong>Apostolum</strong></span> <span class='ocrx_word' id='word_1_37' title='bbox 505 329 594 363; x_wconf 85' lang='lat' dir='ltr'><strong>loqui,</strong></span> <span class='ocrx_word' id='word_1_38' title='bbox 612 336 645 356; x_wconf 80' lang='lat' dir='ltr'><strong>ex</strong></span> <span class='ocrx_word' id='word_1_39' title='bbox 659 335 692 355; x_wconf 90' lang='lat' dir='ltr'><strong>eo</strong></span> <span class='ocrx_word' id='word_1_40' title='bbox 703 331 787 362; x_wconf 89' lang='lat' dir='ltr'><strong>patet,</strong></span> <span class='ocrx_word' id='word_1_41' title='bbox 799 326 871 361; x_wconf 87' lang='lat' dir='ltr'><strong>quod</strong></span> <span class='ocrx_word' id='word_1_42' title='bbox 887 327 1020 361; x_wconf 86' lang='lat' dir='ltr'><strong>pollicita-</strong></span> 
     </span>
    </p>
   </div>
   <div class='ocr_carea' id='block_1_9' title="bbox 233 372 1021 409">
    <p class='ocr_par' dir='ltr' id='par_1_9' title="bbox 233 372 1021 409">
     <span class='ocr_line' id='line_1_9' title="bbox 233 372 1021 409; baseline -0.005 -7"><span class='ocrx_word' id='word_1_43' title='bbox 233 376 316 402; x_wconf 80' lang='lat' dir='ltr'><strong>tionis</strong></span> <span class='ocrx_word' id='word_1_44' title='bbox 341 375 455 402; x_wconf 81' lang='lat' dir='ltr'><strong>formula</strong></span> <span class='ocrx_word' id='word_1_45' title='bbox 484 374 511 401; x_wconf 91' lang='lat' dir='ltr'><strong>id</strong></span> <span class='ocrx_word' id='word_1_46' title='bbox 541 373 612 409; x_wconf 86' lang='lat' dir='ltr'><strong>quod</strong></span> <span class='ocrx_word' id='word_1_47' title='bbox 639 373 727 400; x_wconf 87' lang='lat' dir='ltr'><strong>eidem</strong></span> <span class='ocrx_word' id='word_1_48' title='bbox 757 372 914 407; x_wconf 80' lang='lat' dir='ltr'><strong>contingere</strong></span> <span class='ocrx_word' id='word_1_49' title='bbox 940 372 1021 399; x_wconf 89' lang='lat' dir='ltr'><strong>debet</strong></span> 
     </span>
    </p>
   </div>
   <div class='ocr_carea' id='block_1_10' title="bbox 233 417 1021 456">
    <p class='ocr_par' dir='ltr' id='par_1_10' title="bbox 233 417 1021 456">
     <span class='ocr_line' id='line_1_10' title="bbox 233 417 1021 456; baseline -0.009 -7"><span class='ocrx_word' id='word_1_50' title='bbox 233 422 409 456; x_wconf 72' lang='lat' dir='ltr'><strong>expresserit.</strong></span> <span class='ocrx_word' id='word_1_51' title='bbox 423 420 505 453; x_wconf 86' lang='lat' dir='ltr'><strong>Tunc,</strong></span> <span class='ocrx_word' id='word_1_52' title='bbox 515 419 613 454; x_wconf 87' lang='lat' dir='ltr'><strong>inquit,</strong></span> <span class='ocrx_word' id='word_1_53' title='bbox 623 419 667 454; x_wconf 78' lang='lat' dir='ltr'><strong>ﬁet</strong></span> <span class='ocrx_word' id='word_1_54' title='bbox 677 426 773 450; x_wconf 71' lang='lat' dir='ltr'><strong>sermo,</strong></span> <span class='ocrx_word' id='word_1_55' title='bbox 783 417 828 453; x_wconf 88' lang='lat' dir='ltr'><strong>qui</strong></span> <span class='ocrx_word' id='word_1_56' title='bbox 836 417 948 450; x_wconf 73' lang='lat' dir='ltr'><strong>scriptus</strong></span> <span class='ocrx_word' id='word_1_57' title='bbox 959 420 998 443; x_wconf 76' lang='lat' dir='ltr'><strong>est</strong></span> <span class='ocrx_word' id='word_1_58' title='bbox 1011 423 1021 442; x_wconf 88' lang='lat'><strong><em>:</em></strong></span> 
     </span>
    </p>
   </div>
   <div class='ocr_carea' id='block_1_11' title="bbox 234 463 1021 500">
    <p class='ocr_par' dir='ltr' id='par_1_11' title="bbox 234 463 1021 500">
     <span class='ocr_line' id='line_1_11' title="bbox 234 463 1021 500; baseline -0.008 -6"><span class='ocrx_word' id='word_1_59' title='bbox 234 467 365 500; x_wconf 72' lang='lat' dir='ltr'><strong>Absorpta</strong></span> <span class='ocrx_word' id='word_1_60' title='bbox 379 471 417 493; x_wconf 71' lang='lat' dir='ltr'><strong>est</strong></span> <span class='ocrx_word' id='word_1_61' title='bbox 435 474 504 492; x_wconf 76' lang='lat' dir='ltr'><strong>mors</strong></span> <span class='ocrx_word' id='word_1_62' title='bbox 531 465 557 492; x_wconf 84' lang='lat' dir='ltr'><strong>in</strong></span> <span class='ocrx_word' id='word_1_63' title='bbox 578 465 699 492; x_wconf 78' lang='lat' dir='ltr'><strong>victoria.</strong></span> <span class='ocrx_word' id='word_1_64' title='bbox 715 463 820 496; x_wconf 85' lang='lat' dir='ltr'><strong>Quibus</strong></span> <span class='ocrx_word' id='word_1_65' title='bbox 839 463 930 490; x_wconf 84' lang='lat' dir='ltr'><strong>verbis</strong></span> <span class='ocrx_word' id='word_1_66' title='bbox 946 463 1021 488; x_wconf 89' lang='lat' dir='ltr'><strong>l&#39;utu-</strong></span> 
     </span>
    </p>
   </div>
   <div class='ocr_carea' id='block_1_12' title="bbox 232 506 1021 543">
    <p class='ocr_par' dir='ltr' id='par_1_12' title="bbox 232 506 1021 543">
     <span class='ocr_line' id='line_1_12' title="bbox 232 506 1021 543; baseline -0.005 -6"><span class='ocrx_word' id='word_1_67' title='bbox 232 519 289 538; x_wconf 81' lang='lat' dir='ltr'><strong>ram</strong></span> <span class='ocrx_word' id='word_1_68' title='bbox 300 516 364 537; x_wconf 88' lang='lat' dir='ltr'><strong>tunc</strong></span> <span class='ocrx_word' id='word_1_69' title='bbox 372 515 541 537; x_wconf 91' lang='lat' dir='ltr'><strong>mortuorum</strong></span> <span class='ocrx_word' id='word_1_70' title='bbox 550 509 775 537; x_wconf 76' lang='lat' dir='ltr'><strong>resurrectionem</strong></span> <span class='ocrx_word' id='word_1_71' title='bbox 785 506 1021 543; x_wconf 72' lang='lat' dir='ltr'><strong>signiﬁcat.Quan-</strong></span> 
     </span>
    </p>
   </div>
   <div class='ocr_carea' id='block_1_13' title="bbox 232 553 1016 592">
    <p class='ocr_par' dir='ltr' id='par_1_13' title="bbox 232 553 1016 592">
     <span class='ocr_line' id='line_1_13' title="bbox 232 553 1016 592; baseline -0.005 -9"><span class='ocrx_word' id='word_1_72' title='bbox 232 557 378 592; x_wconf 87' lang='lat' dir='ltr'><strong>doquidem</strong></span> <span class='ocrx_word' id='word_1_73' title='bbox 408 563 442 583; x_wconf 73' lang='lat' dir='ltr'><strong>ex</strong></span> <span class='ocrx_word' id='word_1_74' title='bbox 468 556 559 590; x_wconf 87' lang='lat' dir='ltr'><strong>aliqua</strong></span> <span class='ocrx_word' id='word_1_75' title='bbox 582 561 657 590; x_wconf 82' lang='lat' dir='ltr'><strong>parte</strong></span> <span class='ocrx_word' id='word_1_76' title='bbox 676 555 704 582; x_wconf 94' lang='lat' dir='ltr'><strong>in</strong></span> <span class='ocrx_word' id='word_1_77' title='bbox 720 555 821 582; x_wconf 79' lang='lat' dir='ltr'><strong>Christi</strong></span> <span class='ocrx_word' id='word_1_78' title='bbox 837 553 1016 582; x_wconf 88' lang='lat' dir='ltr'><strong>resurrectio-</strong></span> 
     </span>
    </p>
   </div>
   <div class='ocr_carea' id='block_1_14' title="bbox 233 599 1016 636">
    <p class='ocr_par' dir='ltr' id='par_1_14' title="bbox 233 599 1016 636">
     <span class='ocr_line' id='line_1_14' title="bbox 233 599 1016 636; baseline -0.006 -7"><span class='ocrx_word' id='word_1_79' title='bbox 233 610 276 634; x_wconf 83' lang='lat' dir='ltr'><strong>ne,</strong></span> <span class='ocrx_word' id='word_1_80' title='bbox 293 609 442 636; x_wconf 87' lang='lat' dir='ltr'><strong>eorumque</strong></span> <span class='ocrx_word' id='word_1_81' title='bbox 455 602 502 636; x_wconf 89' lang='lat' dir='ltr'><strong>qui</strong></span> <span class='ocrx_word' id='word_1_82' title='bbox 516 609 577 628; x_wconf 94' lang='lat' dir='ltr'><strong>cum</strong></span> <span class='ocrx_word' id='word_1_83' title='bbox 593 601 702 628; x_wconf 83' lang='lat' dir='ltr'><strong>Christo</strong></span> <span class='ocrx_word' id='word_1_84' title='bbox 716 603 780 628; x_wconf 87' lang='lat' dir='ltr'><strong>sunt</strong></span> <span class='ocrx_word' id='word_1_85' title='bbox 793 600 826 627; x_wconf 90' lang='lat' dir='ltr'><strong>ad</strong></span> <span class='ocrx_word' id='word_1_86' title='bbox 842 599 924 627; x_wconf 83' lang='lat' dir='ltr'><strong>vitam</strong></span> <span class='ocrx_word' id='word_1_87' title='bbox 941 599 1016 626; x_wconf 80' lang='lat' dir='ltr'><strong>exci-</strong></span> 
     </span>
    </p>
   </div>
   <div class='ocr_carea' id='block_1_15' title="bbox 233 645 1018 681">
    <p class='ocr_par' dir='ltr' id='par_1_15' title="bbox 233 645 1018 681">
     <span class='ocr_line' id='line_1_15' title="bbox 233 645 1018 681; baseline -0.004 -9"><span class='ocrx_word' id='word_1_88' title='bbox 233 646 295 678; x_wconf 85' lang='lat' dir='ltr'><strong>tati,</strong></span> <span class='ocrx_word' id='word_1_89' title='bbox 311 647 438 681; x_wconf 81' lang='lat' dir='ltr'><strong>absorpta</strong></span> <span class='ocrx_word' id='word_1_90' title='bbox 458 654 531 673; x_wconf 87' lang='lat' dir='ltr'><strong>mors</strong></span> <span class='ocrx_word' id='word_1_91' title='bbox 546 649 596 673; x_wconf 86' lang='lat' dir='ltr'><strong>est.</strong></span> <span class='ocrx_word' id='word_1_92' title='bbox 612 645 699 672; x_wconf 84' lang='lat' dir='ltr'><strong>Multa</strong></span> <span class='ocrx_word' id='word_1_93' title='bbox 713 645 781 672; x_wconf 80' lang='lat' dir='ltr'><strong>enim</strong></span> <span class='ocrx_word' id='word_1_94' title='bbox 795 649 947 672; x_wconf 69' lang='lat' dir='ltr'><strong>sanctorum</strong></span> <span class='ocrx_word' id='word_1_95' title='bbox 960 651 1018 670; x_wconf 80' lang='lat' dir='ltr'><strong>cor-</strong></span> 
     </span>
    </p>
   </div>
   <div class='ocr_carea' id='block_1_16' title="bbox 231 690 1019 726">
    <p class='ocr_par' dir='ltr' id='par_1_16' title="bbox 231 690 1019 726">
     <span class='ocr_line' id='line_1_16' title="bbox 231 690 1019 726; baseline -0.003 -8"><span class='ocrx_word' id='word_1_96' title='bbox 231 699 297 726; x_wconf 77' lang='lat' dir='ltr'><strong>pora</strong></span> <span class='ocrx_word' id='word_1_97' title='bbox 311 696 498 725; x_wconf 71' lang='lat' dir='ltr'><strong>surrexerunt,</strong></span> <span class='ocrx_word' id='word_1_98' title='bbox 511 696 539 719; x_wconf 90' lang='lat' dir='ltr'><strong>ut</strong></span> <span class='ocrx_word' id='word_1_99' title='bbox 550 692 577 718; x_wconf 94' lang='lat' dir='ltr'><strong>in</strong></span> <span class='ocrx_word' id='word_1_100' title='bbox 594 691 740 726; x_wconf 76' lang='lat' dir='ltr'><strong>Evangelia</strong></span> <span class='ocrx_word' id='word_1_101' title='bbox 754 690 890 726; x_wconf 87' lang='lat' dir='ltr'><strong>proditum</strong></span> <span class='ocrx_word' id='word_1_102' title='bbox 905 693 946 717; x_wconf 88' lang='lat' dir='ltr'><strong>est</strong></span> <span class='ocrx_word' id='word_1_103' title='bbox 959 690 980 722; x_wconf 86' lang='grc'><strong>¹,</strong></span> <span class='ocrx_word' id='word_1_104' title='bbox 994 694 1019 716; x_wconf 69' lang='lat' dir='ltr'><strong>er</strong></span> 
     </span>
    </p>
   </div>
   <div class='ocr_carea' id='block_1_17' title="bbox 1073 235 1862 272">
    <p class='ocr_par' dir='ltr' id='par_1_17' title="bbox 1073 235 1862 272">
     <span class='ocr_line' id='line_1_17' title="bbox 1073 235 1862 272; baseline -0.003 -9"><span class='ocrx_word' id='word_1_105' title='bbox 1073 237 1134 263; x_wconf 83' lang='grc' dir='ltr'><strong>Ὀτι</strong></span> <span class='ocrx_word' id='word_1_106' title='bbox 1149 237 1177 262; x_wconf 77' lang='grc' dir='ltr'><strong>δὲ</strong></span> <span class='ocrx_word' id='word_1_107' title='bbox 1192 237 1256 272; x_wconf 78' lang='grc' dir='ltr'>περὶ</span> <span class='ocrx_word' id='word_1_108' title='bbox 1270 236 1323 263; x_wconf 82' lang='grc' dir='ltr'><strong>τῶν</strong></span> <span class='ocrx_word' id='word_1_109' title='bbox 1338 235 1491 271; x_wconf 78' lang='grc' dir='ltr'><strong>μελλουσῶν</strong></span> <span class='ocrx_word' id='word_1_110' title='bbox 1506 244 1587 271; x_wconf 82' lang='grc' dir='ltr'>φησιν</span> <span class='ocrx_word' id='word_1_111' title='bbox 1607 236 1637 262; x_wconf 82' lang='grc' dir='ltr'>ὲν</span> <span class='ocrx_word' id='word_1_112' title='bbox 1652 235 1725 271; x_wconf 84' lang='grc' dir='ltr'>αὐτῷ</span> <span class='ocrx_word' id='word_1_113' title='bbox 1736 235 1862 262; x_wconf 83' lang='grc' dir='ltr'>τελειοῦ-</span> 
     </span>
    </p>
   </div>
   <div class='ocr_carea' id='block_1_18' title="bbox 1073 280 1863 317">
    <p class='ocr_par' dir='ltr' id='par_1_18' title="bbox 1073 280 1863 317">
     <span class='ocr_line' id='line_1_18' title="bbox 1073 280 1863 317; baseline -0.001 -9"><span class='ocrx_word' id='word_1_114' title='bbox 1073 281 1135 308; x_wconf 87' lang='grc' dir='ltr'>σθαι</span> <span class='ocrx_word' id='word_1_115' title='bbox 1151 281 1330 317; x_wconf 77' lang='grc' dir='ltr'><strong>εὐεργεσιῶν,</strong></span> <span class='ocrx_word' id='word_1_116' title='bbox 1349 281 1392 308; x_wconf 84' lang='grc' dir='ltr'>διὰ</span> <span class='ocrx_word' id='word_1_117' title='bbox 1418 281 1468 316; x_wconf 86' lang='grc' dir='ltr'><strong>τῆς</strong></span> <span class='ocrx_word' id='word_1_118' title='bbox 1484 281 1657 316; x_wconf 78' lang='grc' dir='ltr'><strong>ὑποσχέσεως</strong></span> <span class='ocrx_word' id='word_1_119' title='bbox 1679 281 1710 308; x_wconf 79' lang='grc' dir='ltr'><strong>τὸ</strong></span> <span class='ocrx_word' id='word_1_120' title='bbox 1735 280 1863 316; x_wconf 80' lang='grc' dir='ltr'>πληροῦ-</span> 
     </span>
    </p>
   </div>
   <div class='ocr_carea' id='block_1_19' title="bbox 1073 327 1864 363">
    <p class='ocr_par' dir='ltr' id='par_1_19' title="bbox 1073 327 1864 363">
     <span class='ocr_line' id='line_1_19' title="bbox 1073 327 1864 363; baseline 0 -9"><span class='ocrx_word' id='word_1_121' title='bbox 1073 327 1135 354; x_wconf 81' lang='grc' dir='ltr'>σθαί</span> <span class='ocrx_word' id='word_1_122' title='bbox 1149 336 1183 361; x_wconf 88' lang='grc' dir='ltr'><strong>με</strong></span> <span class='ocrx_word' id='word_1_123' title='bbox 1194 328 1204 343; x_wconf 91' lang='grc'><strong>¹</strong></span> <span class='ocrx_word' id='word_1_124' title='bbox 1224 328 1350 363; x_wconf 76' lang='grc' dir='ltr'><strong>σημαίνει</strong></span> <span class='ocrx_word' id='word_1_125' title='bbox 1362 327 1447 362; x_wconf 85' lang='grc' dir='ltr'>λέγων</span> <span class='ocrx_word' id='word_1_126' title='bbox 1457 336 1464 343; x_wconf 75' lang='grc'><strong><em>⁸</em></strong></span> <span class='ocrx_word' id='word_1_127' title='bbox 1481 328 1548 354; x_wconf 74' lang='grc' dir='ltr'>Τότε</span> <span class='ocrx_word' id='word_1_128' title='bbox 1564 327 1721 362; x_wconf 68' lang='grc' dir='ltr'>γενήσεται</span> <span class='ocrx_word' id='word_1_129' title='bbox 1734 328 1750 353; x_wconf 84' lang='grc' dir='ltr'>ό</span> <span class='ocrx_word' id='word_1_130' title='bbox 1766 328 1864 361; x_wconf 66' lang='grc' dir='ltr'>λόγος</span> 
     </span>
    </p>
   </div>
   <div class='ocr_carea' id='block_1_20' title="bbox 1073 373 1862 409">
    <p class='ocr_par' dir='ltr' id='par_1_20' title="bbox 1073 373 1862 409">
     <span class='ocr_line' id='line_1_20' title="bbox 1073 373 1862 409; baseline -0.001 -8"><span class='ocrx_word' id='word_1_131' title='bbox 1073 375 1089 401; x_wconf 81' lang='grc' dir='ltr'><em>ό</em></span> <span class='ocrx_word' id='word_1_132' title='bbox 1103 374 1318 409; x_wconf 65' lang='grc' dir='ltr'>τεποαμμένος·</span> <span class='ocrx_word' id='word_1_133' title='bbox 1339 374 1493 408; x_wconf 81' lang='grc' dir='ltr'><strong>Κατεπόθη</strong></span> <span class='ocrx_word' id='word_1_134' title='bbox 1516 375 1533 401; x_wconf 81' lang='grc' dir='ltr'><em>ὁ</em></span> <span class='ocrx_word' id='word_1_135' title='bbox 1548 374 1675 407; x_wconf 79' lang='grc' dir='ltr'>θάνατος</span> <span class='ocrx_word' id='word_1_136' title='bbox 1691 375 1734 406; x_wconf 79' lang='grc' dir='ltr'>εις</span> <span class='ocrx_word' id='word_1_137' title='bbox 1754 373 1862 407; x_wconf 76' lang='grc' dir='ltr'><strong>νῖκος·</strong></span> 
     </span>
    </p>
   </div>
   <div class='ocr_carea' id='block_1_21' title="bbox 1072 418 1864 455">
    <p class='ocr_par' dir='ltr' id='par_1_21' title="bbox 1072 418 1864 455">
     <span class='ocr_line' id='line_1_21' title="bbox 1072 418 1864 455; baseline -0.001 -9"><span class='ocrx_word' id='word_1_138' title='bbox 1072 421 1116 447; x_wconf 78' lang='grc' dir='ltr'>ἵνα</span> <span class='ocrx_word' id='word_1_139' title='bbox 1131 420 1238 455; x_wconf 75' lang='grc' dir='ltr'>σημάνῃ</span> <span class='ocrx_word' id='word_1_140' title='bbox 1254 419 1302 454; x_wconf 80' lang='grc' dir='ltr'>τὴν</span> <span class='ocrx_word' id='word_1_141' title='bbox 1314 419 1374 446; x_wconf 84' lang='grc' dir='ltr'>τότε</span> <span class='ocrx_word' id='word_1_142' title='bbox 1390 420 1538 455; x_wconf 78' lang='grc' dir='ltr'>μέλλουσαν</span> <span class='ocrx_word' id='word_1_143' title='bbox 1551 419 1660 446; x_wconf 73' lang='grc' dir='ltr'>ἔσεσθαι</span> <span class='ocrx_word' id='word_1_144' title='bbox 1675 418 1780 455; x_wconf 82' lang='grc' dir='ltr'>νεκρῶν</span> <span class='ocrx_word' id='word_1_145' title='bbox 1793 419 1864 446; x_wconf 80' lang='grc' dir='ltr'><strong>ἀνά-</strong></span> 
     </span>
    </p>
   </div>
   <div class='ocr_carea' id='block_1_22' title="bbox 1073 463 1864 500">
    <p class='ocr_par' dir='ltr' id='par_1_22' title="bbox 1073 463 1864 500">
     <span class='ocr_line' id='line_1_22' title="bbox 1073 463 1864 500; baseline -0.003 -8"><span class='ocrx_word' id='word_1_146' title='bbox 1073 473 1177 492; x_wconf 80' lang='grc' dir='ltr'>στασιν.</span> <span class='ocrx_word' id='word_1_147' title='bbox 1201 464 1308 500; x_wconf 77' lang='grc' dir='ltr'><strong>Ἐπειδὴ</strong></span> <span class='ocrx_word' id='word_1_148' title='bbox 1324 464 1462 500; x_wconf 83' lang='grc' dir='ltr'><strong>κατεπόθη</strong></span> <span class='ocrx_word' id='word_1_149' title='bbox 1478 465 1492 490; x_wconf 85' lang='grc' dir='ltr'>ὁ</span> <span class='ocrx_word' id='word_1_150' title='bbox 1510 465 1624 496; x_wconf 78' lang='grc' dir='ltr'>θάνατος</span> <span class='ocrx_word' id='word_1_151' title='bbox 1639 463 1693 491; x_wconf 75' lang='grc' dir='ltr'><strong>ἀπὸ</strong></span> <span class='ocrx_word' id='word_1_152' title='bbox 1713 464 1797 498; x_wconf 51' lang='lat' dir='ltr'><strong>item?</strong></span> <span class='ocrx_word' id='word_1_153' title='bbox 1813 463 1822 476; x_wconf 76' lang='grc'><strong>⁸</strong></span> <span class='ocrx_word' id='word_1_154' title='bbox 1832 464 1864 490; x_wconf 76' lang='grc' dir='ltr'>ὲν</span> 
     </span>
    </p>
   </div>
   <div class='ocr_carea' id='block_1_23' title="bbox 1070 509 1861 547">
    <p class='ocr_par' dir='ltr' id='par_1_23' title="bbox 1070 509 1861 547">
     <span class='ocr_line' id='line_1_23' title="bbox 1070 509 1861 547; baseline -0.001 -10"><span class='ocrx_word' id='word_1_155' title='bbox 1070 513 1104 547; x_wconf 81' lang='grc' dir='ltr'>τῇ</span> <span class='ocrx_word' id='word_1_156' title='bbox 1119 511 1166 537; x_wconf 86' lang='grc' dir='ltr'><strong>τοῦ</strong></span> <span class='ocrx_word' id='word_1_157' title='bbox 1183 510 1300 546; x_wconf 82' lang='grc' dir='ltr'><strong>Χριστοῦ</strong></span> <span class='ocrx_word' id='word_1_158' title='bbox 1316 511 1461 537; x_wconf 79' lang='grc' dir='ltr'><strong>ἀναστάσει</strong></span> <span class='ocrx_word' id='word_1_159' title='bbox 1485 511 1539 537; x_wconf 85' lang='grc' dir='ltr'><strong>τῶν</strong></span> <span class='ocrx_word' id='word_1_160' title='bbox 1560 511 1609 537; x_wconf 76' lang='grc' dir='ltr'>καὶ</span> <span class='ocrx_word' id='word_1_161' title='bbox 1632 510 1680 536; x_wconf 82' lang='grc' dir='ltr'>σὺν</span> <span class='ocrx_word' id='word_1_162' title='bbox 1703 509 1777 541; x_wconf 81' lang='grc' dir='ltr'><strong>αὺτῷ</strong></span> <span class='ocrx_word' id='word_1_163' title='bbox 1792 510 1861 536; x_wconf 67' lang='grc' dir='ltr'>ἀνα-</span> 
     </span>
    </p>
   </div>
   <div class='ocr_carea' id='block_1_24' title="bbox 1069 554 1863 590">
    <p class='ocr_par' dir='ltr' id='par_1_24' title="bbox 1069 554 1863 590">
     <span class='ocr_line' id='line_1_24' title="bbox 1069 554 1863 590; baseline -0.001 -8"><span class='ocrx_word' id='word_1_164' title='bbox 1069 556 1199 582; x_wconf 84' lang='grc' dir='ltr'>στάντων·</span> <span class='ocrx_word' id='word_1_165' title='bbox 1208 555 1333 589; x_wconf 75' lang='grc' dir='ltr'>’Λνέστη</span> <span class='ocrx_word' id='word_1_166' title='bbox 1344 555 1399 590; x_wconf 82' lang='grc' dir='ltr'><strong>τὰρ</strong></span> <span class='ocrx_word' id='word_1_167' title='bbox 1407 557 1506 582; x_wconf 74' lang='grc' dir='ltr'><em>πολλὰ</em></span> <span class='ocrx_word' id='word_1_168' title='bbox 1514 554 1634 590; x_wconf 80' lang='grc' dir='ltr'>σώματα</span> <span class='ocrx_word' id='word_1_169' title='bbox 1645 555 1704 582; x_wconf 83' lang='grc' dir='ltr'>τῶν</span> <span class='ocrx_word' id='word_1_170' title='bbox 1710 555 1813 590; x_wconf 75' lang='grc' dir='ltr'>ἁγίων,</span> <span class='ocrx_word' id='word_1_171' title='bbox 1822 555 1863 587; x_wconf 80' lang='grc' dir='ltr'>ὥς</span> 
     </span>
    </p>
   </div>
   <div class='ocr_carea' id='block_1_25' title="bbox 1070 601 1864 636">
    <p class='ocr_par' dir='ltr' id='par_1_25' title="bbox 1070 601 1864 636">
     <span class='ocr_line' id='line_1_25' title="bbox 1070 601 1864 636; baseline 0 -9"><span class='ocrx_word' id='word_1_172' title='bbox 1070 609 1136 636; x_wconf 83' lang='grc' dir='ltr'>φησι</span> <span class='ocrx_word' id='word_1_173' title='bbox 1150 602 1179 628; x_wconf 77' lang='grc' dir='ltr'>τὸ</span> <span class='ocrx_word' id='word_1_174' title='bbox 1191 601 1364 635; x_wconf 80' lang='grc' dir='ltr'>Εὐαγγέλιον,</span> <span class='ocrx_word' id='word_1_175' title='bbox 1377 601 1426 629; x_wconf 78' lang='grc' dir='ltr'><strong>καὶ</strong></span> <span class='ocrx_word' id='word_1_176' title='bbox 1435 601 1639 635; x_wconf 71' lang='grc' dir='ltr'>συνεισῆλθον</span> <span class='ocrx_word' id='word_1_177' title='bbox 1651 601 1730 633; x_wconf 78' lang='grc' dir='ltr'>αὐτῷ</span> <span class='ocrx_word' id='word_1_178' title='bbox 1742 602 1786 633; x_wconf 83' lang='grc' dir='ltr'>εις</span> <span class='ocrx_word' id='word_1_179' title='bbox 1802 601 1864 634; x_wconf 72' lang='grc' dir='ltr'><strong>τὴν</strong></span> 
     </span>
    </p>
   </div>
   <div class='ocr_carea' id='block_1_26' title="bbox 1070 645 1864 679">
    <p class='ocr_par' dir='ltr' id='par_1_26' title="bbox 1070 645 1864 679">
     <span class='ocr_line' id='line_1_26' title="bbox 1070 645 1864 679; baseline 0 -7"><span class='ocrx_word' id='word_1_180' title='bbox 1070 645 1266 679; x_wconf 73' lang='grc' dir='ltr'>ἀγίανπὸλιν.</span> <span class='ocrx_word' id='word_1_181' title='bbox 1290 645 1358 672; x_wconf 84' lang='grc' dir='ltr'><strong>Τότε</strong></span> <span class='ocrx_word' id='word_1_182' title='bbox 1383 645 1412 672; x_wconf 75' lang='grc' dir='ltr'>δὲ</span> <span class='ocrx_word' id='word_1_183' title='bbox 1431 647 1471 677; x_wconf 84' lang='grc' dir='ltr'><strong>εἰς</strong></span> <span class='ocrx_word' id='word_1_184' title='bbox 1495 647 1568 677; x_wconf 80' lang='grc' dir='ltr'>νῖκος</span> <span class='ocrx_word' id='word_1_185' title='bbox 1592 646 1788 677; x_wconf 78' lang='grc' dir='ltr'><strong>καταπίνεται,</strong></span> <span class='ocrx_word' id='word_1_186' title='bbox 1815 645 1864 672; x_wconf 78' lang='grc' dir='ltr'>ὅτε</span> 
     </span>
    </p>
   </div>
   <div class='ocr_carea' id='block_1_27' title="bbox 1072 690 1603 726">
    <p class='ocr_par' dir='ltr' id='par_1_27' title="bbox 1072 690 1603 726">
     <span class='ocr_line' id='line_1_27' title="bbox 1072 690 1603 726; baseline 0 -8"><span class='ocrx_word' id='word_1_187' title='bbox 1072 690 1125 718; x_wconf 63' lang='lat' dir='ltr'><strong>ams</strong></span> <span class='ocrx_word' id='word_1_188' title='bbox 1143 691 1250 718; x_wconf 72' lang='grc' dir='ltr'>πάντων</span> <span class='ocrx_word' id='word_1_189' title='bbox 1265 691 1416 723; x_wconf 82' lang='grc' dir='ltr'>καθολικῶς</span> <span class='ocrx_word' id='word_1_190' title='bbox 1428 690 1603 726; x_wconf 73' lang='grc' dir='ltr'>ἁφαντοῦται.</span> 
     </span>
    </p>
   </div>
   <div class='ocr_carea' id='block_1_28' title="bbox 232 736 1864 774">
    <p class='ocr_par' dir='ltr' id='par_1_28' title="bbox 232 736 1864 774">
     <span class='ocr_line' id='line_1_28' title="bbox 232 736 1864 774; baseline -0.002 -6"><span class='ocrx_word' id='word_1_191' title='bbox 232 747 292 768; x_wconf 79' lang='lat' dir='ltr'><strong>cum</strong></span> <span class='ocrx_word' id='word_1_192' title='bbox 305 747 334 766; x_wconf 85' lang='lat' dir='ltr'><strong>eo</strong></span> <span class='ocrx_word' id='word_1_193' title='bbox 348 743 466 774; x_wconf 70' lang='lat' dir='ltr'><strong>ingressa</strong></span> <span class='ocrx_word' id='word_1_194' title='bbox 480 743 542 766; x_wconf 64' lang='lat' dir='ltr'><strong>sunt</strong></span> <span class='ocrx_word' id='word_1_195' title='bbox 554 739 580 765; x_wconf 87' lang='lat' dir='ltr'><strong>in</strong></span> <span class='ocrx_word' id='word_1_196' title='bbox 599 743 718 765; x_wconf 73' lang='lat' dir='ltr'><strong>sanctam</strong></span> <span class='ocrx_word' id='word_1_197' title='bbox 735 738 878 764; x_wconf 82' lang='lat' dir='ltr'><strong>civitatem.</strong></span> <span class='ocrx_word' id='word_1_198' title='bbox 913 736 965 764; x_wconf 80' lang='lat' dir='ltr'><strong>Sed</strong></span> <span class='ocrx_word' id='word_1_199' title='bbox 998 740 1054 763; x_wconf 88' lang='lat' dir='ltr'><strong>tum</strong></span> <span class='ocrx_word' id='word_1_200' title='bbox 1074 737 1235 765; x_wconf 82' lang='lat' dir='ltr'><strong>absorbetur</strong></span> <span class='ocrx_word' id='word_1_201' title='bbox 1258 738 1286 765; x_wconf 90' lang='lat' dir='ltr'><strong>in</strong></span> <span class='ocrx_word' id='word_1_202' title='bbox 1305 738 1444 772; x_wconf 52' lang='lat' dir='ltr'><strong>,victoria,</strong></span> <span class='ocrx_word' id='word_1_203' title='bbox 1463 745 1525 765; x_wconf 87' lang='lat' dir='ltr'><strong>cum</strong></span> <span class='ocrx_word' id='word_1_204' title='bbox 1544 739 1580 765; x_wconf 83' lang='lat' dir='ltr'><strong>ab</strong></span> <span class='ocrx_word' id='word_1_205' title='bbox 1598 737 1726 765; x_wconf 88' lang='lat' dir='ltr'><strong>omnibus</strong></span> <span class='ocrx_word' id='word_1_206' title='bbox 1747 738 1864 764; x_wconf 87' lang='lat' dir='ltr'><strong>omnino</strong></span> 
     </span>
    </p>
   </div>
   <div class='ocr_carea' id='block_1_29' title="bbox 232 787 686 825">
    <p class='ocr_par' dir='ltr' id='par_1_29' title="bbox 232 787 686 825">
     <span class='ocr_line' id='line_1_29' title="bbox 232 787 686 825; baseline -0.007 -8"><span class='ocrx_word' id='word_1_207' title='bbox 232 789 344 825; x_wconf 88' lang='lat' dir='ltr'><strong>depulsa</strong></span> <span class='ocrx_word' id='word_1_208' title='bbox 359 788 521 823; x_wconf 86' lang='lat' dir='ltr'><strong>corporibus</strong></span> <span class='ocrx_word' id='word_1_209' title='bbox 536 787 686 814; x_wconf 79' lang='lat' dir='ltr'><strong>evanescit.</strong></span> 
     </span>
    </p>
   </div>
   <div class='ocr_carea' id='block_1_30' title="bbox 346 841 900 878">
    <p class='ocr_par' dir='ltr' id='par_1_30' title="bbox 346 841 900 878">
     <span class='ocr_line' id='line_1_30' title="bbox 346 841 900 878; baseline -0.004 -8"><span class='ocrx_word' id='word_1_210' title='bbox 346 843 428 878; x_wconf 78' lang='lat'><strong>366</strong></span> <span class='ocrx_word' id='word_1_211' title='bbox 446 842 487 870; x_wconf 71' lang='lat' dir='ltr'><strong>Ex</strong></span> <span class='ocrx_word' id='word_1_212' title='bbox 500 841 620 877; x_wconf 76' lang='grc' dir='ltr'>Ερίδιοία</span> <span class='ocrx_word' id='word_1_213' title='bbox 637 841 667 869; x_wconf 88' lang='grc' dir='ltr'><em>ΙΙ</em></span> <span class='ocrx_word' id='word_1_214' title='bbox 685 841 718 868; x_wconf 81' lang='lat' dir='ltr'><strong>ad</strong></span> <span class='ocrx_word' id='word_1_215' title='bbox 738 841 900 869; x_wconf 73' lang='lat' dir='ltr'><strong>Corinthios.</strong></span> 
     </span>
    </p>
   </div>
   <div class='ocr_carea' id='block_1_31' title="bbox 268 896 1023 931">
    <p class='ocr_par' dir='ltr' id='par_1_31' title="bbox 268 896 1023 931">
     <span class='ocr_line' id='line_1_31' title="bbox 268 896 1023 931; baseline -0.004 -5"><span class='ocrx_word' id='word_1_216' title='bbox 268 899 344 926; x_wconf 91' lang='lat' dir='ltr'><strong>llanc</strong></span> <span class='ocrx_word' id='word_1_217' title='bbox 374 898 475 925; x_wconf 79' lang='lat' dir='ltr'><strong>Marcio</strong></span> <span class='ocrx_word' id='word_1_218' title='bbox 495 898 601 925; x_wconf 83' lang='lat' dir='ltr'><strong>tertiam</strong></span> <span class='ocrx_word' id='word_1_219' title='bbox 632 897 728 925; x_wconf 86' lang='lat' dir='ltr'><strong>ordine</strong></span> <span class='ocrx_word' id='word_1_220' title='bbox 755 898 916 929; x_wconf 82' lang='lat' dir='ltr'><strong>collocavit,</strong></span> <span class='ocrx_word' id='word_1_221' title='bbox 940 896 1023 931; x_wconf 87' lang='lat' dir='ltr'><strong>idque</strong></span> 
     </span>
    </p>
   </div>
   <div class='ocr_carea' id='block_1_32' title="bbox 232 943 1020 978">
    <p class='ocr_par' dir='ltr' id='par_1_32' title="bbox 232 943 1020 978">
     <span class='ocr_line' id='line_1_32' title="bbox 232 943 1020 978; baseline -0.004 -5"><span class='ocrx_word' id='word_1_222' title='bbox 232 949 398 973; x_wconf 82' lang='lat' dir='ltr'><strong>commutata</strong></span> <span class='ocrx_word' id='word_1_223' title='bbox 413 945 493 973; x_wconf 82' lang='lat' dir='ltr'><strong>serie.</strong></span> <span class='ocrx_word' id='word_1_224' title='bbox 509 945 574 978; x_wconf 71' lang='lat' dir='ltr'><strong>Qua:</strong></span> <span class='ocrx_word' id='word_1_225' title='bbox 592 943 663 971; x_wconf 87' lang='lat' dir='ltr'><strong>enim</strong></span> <span class='ocrx_word' id='word_1_226' title='bbox 678 943 710 971; x_wconf 87' lang='lat' dir='ltr'><strong>ad</strong></span> <span class='ocrx_word' id='word_1_227' title='bbox 725 943 834 971; x_wconf 85' lang='lat' dir='ltr'><strong>Galatas</strong></span> <span class='ocrx_word' id='word_1_228' title='bbox 851 943 951 978; x_wconf 85' lang='lat' dir='ltr'><strong>scripta</strong></span> <span class='ocrx_word' id='word_1_229' title='bbox 967 946 1020 975; x_wconf 82' lang='lat' dir='ltr'><strong>est,</strong></span> 
     </span>
    </p>
   </div>
   <div class='ocr_carea' id='block_1_33' title="bbox 230 991 586 1028">
    <p class='ocr_par' dir='ltr' id='par_1_33' title="bbox 230 991 586 1028">
     <span class='ocr_line' id='line_1_33' title="bbox 230 991 586 1028; baseline 0 -8"><span class='ocrx_word' id='word_1_230' title='bbox 230 1001 292 1021; x_wconf 84' lang='lat' dir='ltr'><strong>eam</strong></span> <span class='ocrx_word' id='word_1_231' title='bbox 305 993 393 1028; x_wconf 90' lang='lat' dir='ltr'><strong>primo</strong></span> <span class='ocrx_word' id='word_1_232' title='bbox 410 993 470 1019; x_wconf 88' lang='lat' dir='ltr'><strong>loco</strong></span> <span class='ocrx_word' id='word_1_233' title='bbox 486 991 586 1027; x_wconf 87' lang='lat' dir='ltr'><strong>posuit.</strong></span> 
     </span>
    </p>
   </div>
   <div class='ocr_carea' id='block_1_34' title="bbox 268 1035 1022 1073">
    <p class='ocr_par' dir='ltr' id='par_1_34' title="bbox 268 1035 1022 1073">
     <span class='ocr_line' id='line_1_34' title="bbox 268 1035 1022 1073; baseline -0.005 -7"><span class='ocrx_word' id='word_1_234' title='bbox 268 1038 360 1066; x_wconf 86' lang='lat' dir='ltr'><strong>Schol.</strong></span> <span class='ocrx_word' id='word_1_235' title='bbox 380 1039 391 1066; x_wconf 84' lang='lat' dir='ltr'><strong>l</strong></span> <span class='ocrx_word' id='word_1_236' title='bbox 416 1043 443 1066; x_wconf 84' lang='lat' dir='ltr'><strong>et</strong></span> <span class='ocrx_word' id='word_1_237' title='bbox 464 1039 509 1066; x_wconf 71' lang='grc'><strong>25.</strong></span> <span class='ocrx_word' id='word_1_238' title='bbox 535 1037 666 1073; x_wconf 82' lang='lat' dir='ltr'><strong>Quotquot</strong></span> <span class='ocrx_word' id='word_1_239' title='bbox 679 1037 748 1064; x_wconf 83' lang='lat' dir='ltr'><strong>enim</strong></span> <span class='ocrx_word' id='word_1_240' title='bbox 769 1036 956 1071; x_wconf 66' lang='lat' dir='ltr'><strong>promissione;</strong></span> <span class='ocrx_word' id='word_1_241' title='bbox 974 1035 1022 1063; x_wconf 81' lang='lat' dir='ltr'><strong>Dei</strong></span> 
     </span>
    </p>
   </div>
   <div class='ocr_carea' id='block_1_35' title="bbox 231 1082 955 1120">
    <p class='ocr_par' dir='ltr' id='par_1_35' title="bbox 231 1082 955 1120">
     <span class='ocr_line' id='line_1_35' title="bbox 231 1082 955 1120; baseline -0.004 -7"><span class='ocrx_word' id='word_1_242' title='bbox 231 1090 292 1113; x_wconf 69' lang='lat' dir='ltr'><strong>sunt</strong></span> <span class='ocrx_word' id='word_1_243' title='bbox 310 1086 338 1112; x_wconf 78' lang='grc' dir='ltr'>ἱιι</span> <span class='ocrx_word' id='word_1_244' title='bbox 353 1085 400 1112; x_wconf 78' lang='lat' dir='ltr'><strong>illo</strong></span> <span class='ocrx_word' id='word_1_245' title='bbox 410 1089 450 1113; x_wconf 69' lang='lat' dir='ltr'><strong>est</strong></span> <span class='ocrx_word' id='word_1_246' title='bbox 463 1092 473 1111; x_wconf 87' lang='lat'><strong><em>:</em></strong></span> <span class='ocrx_word' id='word_1_247' title='bbox 488 1084 546 1111; x_wconf 74' lang='lat' dir='ltr'><strong>ideo</strong></span> <span class='ocrx_word' id='word_1_248' title='bbox 560 1090 584 1111; x_wconf 84' lang='lat' dir='ltr'><strong>et</strong></span> <span class='ocrx_word' id='word_1_249' title='bbox 600 1092 646 1120; x_wconf 77' lang='lat' dir='ltr'><strong>per</strong></span> <span class='ocrx_word' id='word_1_250' title='bbox 661 1083 747 1118; x_wconf 78' lang='lat' dir='ltr'><strong>ipsum</strong></span> <span class='ocrx_word' id='word_1_251' title='bbox 766 1084 849 1110; x_wconf 82' lang='lat' dir='ltr'><strong>Amen</strong></span> <span class='ocrx_word' id='word_1_252' title='bbox 870 1082 918 1110; x_wconf 86' lang='lat' dir='ltr'><strong>Dei</strong></span> <span class='ocrx_word' id='word_1_253' title='bbox 934 1083 955 1110; x_wconf 81' lang='lat'><strong>’.</strong></span> 
     </span>
    </p>
   </div>
   <div class='ocr_carea' id='block_1_36' title="bbox 267 1170 1012 1206">
    <p class='ocr_par' dir='ltr' id='par_1_36' title="bbox 267 1170 1012 1206">
     <span class='ocr_line' id='line_1_36' title="bbox 267 1170 1012 1206; baseline -0.004 -6"><span class='ocrx_word' id='word_1_254' title='bbox 267 1172 357 1200; x_wconf 79' lang='lat' dir='ltr'><strong>Refut.</strong></span> <span class='ocrx_word' id='word_1_255' title='bbox 376 1172 388 1199; x_wconf 81' lang='lat' dir='ltr'><strong>l</strong></span> <span class='ocrx_word' id='word_1_256' title='bbox 407 1176 434 1199; x_wconf 88' lang='lat' dir='ltr'><strong>et</strong></span> <span class='ocrx_word' id='word_1_257' title='bbox 450 1171 496 1198; x_wconf 69' lang='lat'><strong>25.</strong></span> <span class='ocrx_word' id='word_1_258' title='bbox 512 1171 592 1206; x_wconf 83' lang='lat' dir='ltr'><strong>Aperi</strong></span> <span class='ocrx_word' id='word_1_259' title='bbox 607 1171 703 1198; x_wconf 86' lang='lat' dir='ltr'><strong>oculos</strong></span> <span class='ocrx_word' id='word_1_260' title='bbox 717 1175 743 1198; x_wconf 91' lang='lat' dir='ltr'><strong>et</strong></span> <span class='ocrx_word' id='word_1_261' title='bbox 763 1171 869 1198; x_wconf 81' lang='lat' dir='ltr'><strong>salvare</strong></span> <span class='ocrx_word' id='word_1_262' title='bbox 879 1191 886 1203; x_wconf 86' lang='lat'><strong>,</strong></span> <span class='ocrx_word' id='word_1_263' title='bbox 901 1170 1012 1198; x_wconf 82' lang='lat' dir='ltr'><strong>Marcio.</strong></span> 
     </span>
    </p>
   </div>
   <div class='ocr_carea' id='block_1_37' title="bbox 231 1217 1022 1252">
    <p class='ocr_par' dir='ltr' id='par_1_37' title="bbox 231 1217 1022 1252">
     <span class='ocr_line' id='line_1_37' title="bbox 231 1217 1022 1252; baseline -0.004 -5"><span class='ocrx_word' id='word_1_264' title='bbox 231 1219 310 1252; x_wconf 87' lang='lat' dir='ltr'><strong>Quod</strong></span> <span class='ocrx_word' id='word_1_265' title='bbox 336 1218 360 1246; x_wconf 89' lang='lat' dir='ltr'><strong>si</strong></span> <span class='ocrx_word' id='word_1_266' title='bbox 386 1218 476 1245; x_wconf 85' lang='lat' dir='ltr'><strong>facere</strong></span> <span class='ocrx_word' id='word_1_267' title='bbox 505 1218 577 1244; x_wconf 89' lang='lat' dir='ltr'><strong>istud</strong></span> <span class='ocrx_word' id='word_1_268' title='bbox 602 1217 683 1244; x_wconf 88' lang='lat' dir='ltr'><strong>modo</strong></span> <span class='ocrx_word' id='word_1_269' title='bbox 708 1225 762 1244; x_wconf 92' lang='lat' dir='ltr'><strong>non</strong></span> <span class='ocrx_word' id='word_1_270' title='bbox 783 1222 874 1252; x_wconf 82' lang='lat' dir='ltr'><strong>potes.</strong></span> <span class='ocrx_word' id='word_1_271' title='bbox 898 1225 931 1244; x_wconf 85' lang='lat' dir='ltr'><strong>eo</strong></span> <span class='ocrx_word' id='word_1_272' title='bbox 950 1218 1022 1252; x_wconf 88' lang='lat' dir='ltr'><strong>quod</strong></span> 
     </span>
    </p>
   </div>
   <div class='ocr_carea' id='block_1_38' title="bbox 231 1263 1021 1298">
    <p class='ocr_par' dir='ltr' id='par_1_38' title="bbox 231 1263 1021 1298">
     <span class='ocr_line' id='line_1_38' title="bbox 231 1263 1021 1298; baseline -0.003 -6"><span class='ocrx_word' id='word_1_273' title='bbox 231 1264 351 1296; x_wconf 86' lang='lat' dir='ltr'><strong>obieris,</strong></span> <span class='ocrx_word' id='word_1_274' title='bbox 367 1264 404 1291; x_wconf 94' lang='lat' dir='ltr'><strong>illi</strong></span> <span class='ocrx_word' id='word_1_275' title='bbox 425 1264 520 1291; x_wconf 83' lang='lat' dir='ltr'><strong>saltem</strong></span> <span class='ocrx_word' id='word_1_276' title='bbox 546 1263 685 1297; x_wconf 85' lang='lat' dir='ltr'><strong>aperiant,</strong></span> <span class='ocrx_word' id='word_1_277' title='bbox 711 1270 780 1298; x_wconf 85' lang='lat' dir='ltr'><strong>quos</strong></span> <span class='ocrx_word' id='word_1_278' title='bbox 799 1266 828 1290; x_wconf 93' lang='lat' dir='ltr'><strong>tu</strong></span> <span class='ocrx_word' id='word_1_279' title='bbox 849 1263 876 1290; x_wconf 92' lang='lat' dir='ltr'><strong>in</strong></span> <span class='ocrx_word' id='word_1_280' title='bbox 901 1271 1021 1291; x_wconf 88' lang='lat' dir='ltr'><strong>errorem</strong></span> 
     </span>
    </p>
   </div>
   <div class='ocr_carea' id='block_1_39' title="bbox 231 1307 1023 1346">
    <p class='ocr_par' dir='ltr' id='par_1_39' title="bbox 231 1307 1023 1346">
     <span class='ocr_line' id='line_1_39' title="bbox 231 1307 1023 1346; baseline -0.004 -7"><span class='ocrx_word' id='word_1_281' title='bbox 231 1311 380 1346; x_wconf 86' lang='lat' dir='ltr'><strong>impulisti,</strong></span> <span class='ocrx_word' id='word_1_282' title='bbox 392 1307 488 1345; x_wconf 80' lang='lat' dir='ltr'><strong>teque,</strong></span> <span class='ocrx_word' id='word_1_283' title='bbox 506 1314 536 1337; x_wconf 88' lang='lat' dir='ltr'><strong>ut</strong></span> <span class='ocrx_word' id='word_1_284' title='bbox 551 1314 716 1338; x_wconf 76' lang='lat' dir='ltr'><strong>venenatum</strong></span> <span class='ocrx_word' id='word_1_285' title='bbox 735 1313 888 1345; x_wconf 81' lang='lat' dir='ltr'><strong>serpentem</strong></span> <span class='ocrx_word' id='word_1_286' title='bbox 899 1329 907 1341; x_wconf 88' lang='lat'><strong>,</strong></span> <span class='ocrx_word' id='word_1_287' title='bbox 931 1313 959 1337; x_wconf 89' lang='lat' dir='ltr'><strong>ct</strong></span> <span class='ocrx_word' id='word_1_288' title='bbox 974 1317 1023 1345; x_wconf 90' lang='lat' dir='ltr'><strong>ap-</strong></span> 
     </span>
    </p>
   </div>
   <div class='ocr_carea' id='block_1_40' title="bbox 231 1355 1023 1392">
    <p class='ocr_par' dir='ltr' id='par_1_40' title="bbox 231 1355 1023 1392">
     <span class='ocr_line' id='line_1_40' title="bbox 231 1355 1023 1392; baseline -0.001 -9"><span class='ocrx_word' id='word_1_289' title='bbox 231 1356 477 1392; x_wconf 82' lang='lat' dir='ltr'><strong>propinquantibus</strong></span> <span class='ocrx_word' id='word_1_290' title='bbox 493 1356 606 1383; x_wconf 83' lang='lat' dir='ltr'><strong>noxium</strong></span> <span class='ocrx_word' id='word_1_291' title='bbox 627 1356 756 1383; x_wconf 76' lang='lat' dir='ltr'><strong>devitem.</strong></span> <span class='ocrx_word' id='word_1_292' title='bbox 775 1355 841 1382; x_wconf 84' lang='lat' dir='ltr'><strong>Nam</strong></span> <span class='ocrx_word' id='word_1_293' title='bbox 859 1355 882 1382; x_wconf 92' lang='lat' dir='ltr'><strong>si</strong></span> <span class='ocrx_word' id='word_1_294' title='bbox 896 1360 1023 1391; x_wconf 80' lang='lat' dir='ltr'><strong>quotquot</strong></span> 
     </span>
    </p>
   </div>
   <div class='ocr_carea' id='block_1_41' title="bbox 230 1401 1023 1437">
    <p class='ocr_par' dir='ltr' id='par_1_41' title="bbox 230 1401 1023 1437">
     <span class='ocr_line' id='line_1_41' title="bbox 230 1401 1023 1437; baseline -0.001 -8"><span class='ocrx_word' id='word_1_295' title='bbox 230 1403 416 1437; x_wconf 76' lang='lat' dir='ltr'><strong>promissione:</strong></span> <span class='ocrx_word' id='word_1_296' title='bbox 434 1401 482 1428; x_wconf 85' lang='lat' dir='ltr'><strong>Dei</strong></span> <span class='ocrx_word' id='word_1_297' title='bbox 495 1407 567 1434; x_wconf 76' lang='lat' dir='ltr'><strong>81ml,</strong></span> <span class='ocrx_word' id='word_1_298' title='bbox 592 1402 619 1428; x_wconf 83' lang='lat' dir='ltr'><strong>in</strong></span> <span class='ocrx_word' id='word_1_299' title='bbox 637 1401 682 1428; x_wconf 76' lang='lat' dir='ltr'><strong>illo</strong></span> <span class='ocrx_word' id='word_1_300' title='bbox 704 1401 804 1432; x_wconf 80' lang='lat' dir='ltr'><strong>etiam;</strong></span> <span class='ocrx_word' id='word_1_301' title='bbox 827 1401 1023 1436; x_wconf 86' lang='lat' dir='ltr'><strong>promissiones</strong></span> 
     </span>
    </p>
   </div>
   <div class='ocr_carea' id='block_1_42' title="bbox 231 1447 1023 1483">
    <p class='ocr_par' dir='ltr' id='par_1_42' title="bbox 231 1447 1023 1483">
     <span class='ocr_line' id='line_1_42' title="bbox 231 1447 1023 1483; baseline 0 -9"><span class='ocrx_word' id='word_1_302' title='bbox 231 1455 314 1483; x_wconf 86' lang='lat' dir='ltr'><strong>porro</strong></span> <span class='ocrx_word' id='word_1_303' title='bbox 330 1447 376 1475; x_wconf 87' lang='lat' dir='ltr'><strong>Dei</strong></span> <span class='ocrx_word' id='word_1_304' title='bbox 391 1455 438 1475; x_wconf 88' lang='lat' dir='ltr'><strong>eas</strong></span> <span class='ocrx_word' id='word_1_305' title='bbox 452 1448 598 1482; x_wconf 77' lang='lat' dir='ltr'><strong>Apostolus</strong></span> <span class='ocrx_word' id='word_1_306' title='bbox 616 1447 751 1482; x_wconf 78' lang='lat' dir='ltr'><strong>intelligit,</strong></span> <span class='ocrx_word' id='word_1_307' title='bbox 766 1455 827 1482; x_wconf 64' lang='lat' dir='ltr'><strong>quae</strong></span> <span class='ocrx_word' id='word_1_308' title='bbox 841 1447 897 1482; x_wconf 78' lang='lat' dir='ltr'><strong>lcge</strong></span> <span class='ocrx_word' id='word_1_309' title='bbox 911 1455 944 1474; x_wconf 87' lang='lat' dir='ltr'><strong>ac</strong></span> <span class='ocrx_word' id='word_1_310' title='bbox 960 1455 1023 1482; x_wconf 90' lang='lat' dir='ltr'><strong>pro-</strong></span> 
     </span>
    </p>
   </div>
   <div class='ocr_carea' id='block_1_43' title="bbox 231 1493 1023 1530">
    <p class='ocr_par' dir='ltr' id='par_1_43' title="bbox 231 1493 1023 1530">
     <span class='ocr_line' id='line_1_43' title="bbox 231 1493 1023 1530; baseline 0.001 -10"><span class='ocrx_word' id='word_1_311' title='bbox 231 1493 320 1529; x_wconf 90' lang='lat' dir='ltr'><strong>phetis</strong></span> <span class='ocrx_word' id='word_1_312' title='bbox 337 1494 522 1527; x_wconf 80' lang='lat' dir='ltr'><strong>continentur,</strong></span> <span class='ocrx_word' id='word_1_313' title='bbox 543 1495 677 1529; x_wconf 86' lang='lat' dir='ltr'><strong>sequitur.</strong></span> <span class='ocrx_word' id='word_1_314' title='bbox 694 1494 776 1522; x_wconf 88' lang='lat' dir='ltr'><strong>etiam</strong></span> <span class='ocrx_word' id='word_1_315' title='bbox 794 1494 861 1521; x_wconf 87' lang='lat' dir='ltr'><strong>illud</strong></span> <span class='ocrx_word' id='word_1_316' title='bbox 877 1494 1023 1530; x_wconf 88' lang='lat' dir='ltr'><strong>implenda-</strong></span> 
     </span>
    </p>
   </div>
   <div class='ocr_carea' id='block_1_44' title="bbox 231 1539 1024 1574">
    <p class='ocr_par' dir='ltr' id='par_1_44' title="bbox 231 1539 1024 1574">
     <span class='ocr_line' id='line_1_44' title="bbox 231 1539 1024 1574; baseline 0.001 -8"><span class='ocrx_word' id='word_1_317' title='bbox 231 1547 292 1566; x_wconf 87' lang='lat' dir='ltr'><strong>rum</strong></span> <span class='ocrx_word' id='word_1_318' title='bbox 315 1540 516 1574; x_wconf 84' lang='lat' dir='ltr'><strong>prophetiarunt</strong></span> <span class='ocrx_word' id='word_1_319' title='bbox 540 1540 678 1574; x_wconf 89' lang='lat' dir='ltr'><strong>proprium</strong></span> <span class='ocrx_word' id='word_1_320' title='bbox 699 1540 726 1566; x_wconf 90' lang='lat' dir='ltr'><strong>iu</strong></span> <span class='ocrx_word' id='word_1_321' title='bbox 746 1539 855 1568; x_wconf 87' lang='lat' dir='ltr'><strong>Christo</strong></span> <span class='ocrx_word' id='word_1_322' title='bbox 877 1540 1024 1567; x_wconf 80' lang='lat' dir='ltr'><strong>conﬁrma-</strong></span> 
     </span>
    </p>
   </div>
   <div class='ocr_carea' id='block_1_45' title="bbox 231 1584 1027 1621">
    <p class='ocr_par' dir='ltr' id='par_1_45' title="bbox 231 1584 1027 1621">
     <span class='ocr_line' id='line_1_45' title="bbox 231 1584 1027 1621; baseline 0 -9"><span class='ocrx_word' id='word_1_323' title='bbox 231 1590 289 1612; x_wconf 90' lang='lat' dir='ltr'><strong>tum</strong></span> <span class='ocrx_word' id='word_1_324' title='bbox 305 1586 400 1612; x_wconf 77' lang='lat' dir='ltr'><strong>fuisse.</strong></span> <span class='ocrx_word' id='word_1_325' title='bbox 417 1584 506 1618; x_wconf 81' lang='lat' dir='ltr'><strong>Quare</strong></span> <span class='ocrx_word' id='word_1_326' title='bbox 522 1593 572 1612; x_wconf 89' lang='lat' dir='ltr'><strong>nec</strong></span> <span class='ocrx_word' id='word_1_327' title='bbox 588 1593 603 1611; x_wconf 86' lang='lat' dir='ltr'><strong>a</strong></span> <span class='ocrx_word' id='word_1_328' title='bbox 623 1585 707 1612; x_wconf 81' lang='lat' dir='ltr'><strong>veteri</strong></span> <span class='ocrx_word' id='word_1_329' title='bbox 724 1585 796 1620; x_wconf 76' lang='lat' dir='ltr'><strong>lege,</strong></span> <span class='ocrx_word' id='word_1_330' title='bbox 816 1593 867 1612; x_wconf 90' lang='lat' dir='ltr'><strong>nec</strong></span> <span class='ocrx_word' id='word_1_331' title='bbox 878 1594 893 1612; x_wconf 90' lang='lat' dir='ltr'><strong>a</strong></span> <span class='ocrx_word' id='word_1_332' title='bbox 909 1586 1027 1621; x_wconf 85' lang='lat' dir='ltr'><strong>prophe-</strong></span> 
     </span>
    </p>
   </div>
   <div class='ocr_carea' id='block_1_46' title="bbox 232 1629 1027 1666">
    <p class='ocr_par' dir='ltr' id='par_1_46' title="bbox 232 1629 1027 1666">
     <span class='ocr_line' id='line_1_46' title="bbox 232 1629 1027 1666; baseline 0.004 -11"><span class='ocrx_word' id='word_1_333' title='bbox 232 1629 286 1660; x_wconf 85' lang='lat' dir='ltr'><strong>tis,</strong></span> <span class='ocrx_word' id='word_1_334' title='bbox 303 1630 407 1656; x_wconf 87' lang='lat' dir='ltr'><strong>alienus</strong></span> <span class='ocrx_word' id='word_1_335' title='bbox 422 1634 463 1656; x_wconf 88' lang='lat' dir='ltr'><strong>cst</strong></span> <span class='ocrx_word' id='word_1_336' title='bbox 479 1630 606 1657; x_wconf 89' lang='lat' dir='ltr'><strong>Christus</strong></span> <span class='ocrx_word' id='word_1_337' title='bbox 618 1650 625 1662; x_wconf 89' lang='lat'><strong><em>,</em></strong></span> <span class='ocrx_word' id='word_1_338' title='bbox 638 1638 688 1657; x_wconf 90' lang='lat' dir='ltr'><strong>nec</strong></span> <span class='ocrx_word' id='word_1_339' title='bbox 706 1637 721 1657; x_wconf 89' lang='lat' dir='ltr'><strong>a</strong></span> <span class='ocrx_word' id='word_1_340' title='bbox 736 1630 791 1657; x_wconf 88' lang='lat' dir='ltr'><strong>Deo</strong></span> <span class='ocrx_word' id='word_1_341' title='bbox 803 1631 868 1665; x_wconf 87' lang='lat' dir='ltr'><strong>.qui</strong></span> <span class='ocrx_word' id='word_1_342' title='bbox 885 1636 912 1658; x_wconf 88' lang='lat' dir='ltr'><strong>et</strong></span> <span class='ocrx_word' id='word_1_343' title='bbox 931 1631 957 1658; x_wconf 98' lang='lat' dir='ltr'><strong>in</strong></span> <span class='ocrx_word' id='word_1_344' title='bbox 970 1632 1027 1666; x_wconf 79' lang='lat' dir='ltr'><strong>lege</strong></span> 
     </span>
    </p>
   </div>
   <div class='ocr_carea' id='block_1_47' title="bbox 232 1675 1024 1711">
    <p class='ocr_par' dir='ltr' id='par_1_47' title="bbox 232 1675 1024 1711">
     <span class='ocr_line' id='line_1_47' title="bbox 232 1675 1024 1711; baseline 0.001 -8"><span class='ocrx_word' id='word_1_345' title='bbox 232 1677 340 1704; x_wconf 84' lang='lat' dir='ltr'><strong>locutus</strong></span> <span class='ocrx_word' id='word_1_346' title='bbox 356 1678 413 1707; x_wconf 88' lang='lat' dir='ltr'><strong>est,</strong></span> <span class='ocrx_word' id='word_1_347' title='bbox 436 1680 462 1702; x_wconf 88' lang='lat' dir='ltr'><strong>ct</strong></span> <span class='ocrx_word' id='word_1_348' title='bbox 486 1683 535 1702; x_wconf 88' lang='lat' dir='ltr'><strong>sua</strong></span> <span class='ocrx_word' id='word_1_349' title='bbox 558 1676 586 1702; x_wconf 89' lang='lat' dir='ltr'><strong>in</strong></span> <span class='ocrx_word' id='word_1_350' title='bbox 611 1675 721 1704; x_wconf 85' lang='lat' dir='ltr'><strong>Christo</strong></span> <span class='ocrx_word' id='word_1_351' title='bbox 744 1677 880 1711; x_wconf 89' lang='lat' dir='ltr'><strong>promissa</strong></span> <span class='ocrx_word' id='word_1_352' title='bbox 900 1677 1024 1711; x_wconf 78' lang='lat' dir='ltr'><strong>perfecit.</strong></span> 
     </span>
    </p>
   </div>
   <div class='ocr_carea' id='block_1_48' title="bbox 243 1720 1027 1757">
    <p class='ocr_par' dir='ltr' id='par_1_48' title="bbox 243 1720 1027 1757">
     <span class='ocr_line' id='line_1_48' title="bbox 243 1720 1027 1757; baseline 0.001 -9"><span class='ocrx_word' id='word_1_353' title='bbox 243 1721 296 1749; x_wconf 81' lang='lat' dir='ltr'><strong>Sed</strong></span> <span class='ocrx_word' id='word_1_354' title='bbox 320 1729 407 1756; x_wconf 85' lang='lat' dir='ltr'><strong>neque</strong></span> <span class='ocrx_word' id='word_1_355' title='bbox 424 1720 479 1748; x_wconf 87' lang='lat' dir='ltr'><strong>Deo</strong></span> <span class='ocrx_word' id='word_1_356' title='bbox 505 1721 543 1748; x_wconf 88' lang='lat' dir='ltr'><strong>illi</strong></span> <span class='ocrx_word' id='word_1_357' title='bbox 570 1723 616 1756; x_wconf 87' lang='lat' dir='ltr'><strong>qui</strong></span> <span class='ocrx_word' id='word_1_358' title='bbox 638 1722 722 1757; x_wconf 80' lang='lat' dir='ltr'><strong>legem</strong></span> <span class='ocrx_word' id='word_1_359' title='bbox 739 1730 771 1750; x_wconf 87' lang='lat' dir='ltr'><strong>ac</strong></span> <span class='ocrx_word' id='word_1_360' title='bbox 792 1722 939 1757; x_wconf 80' lang='lat' dir='ltr'><strong>prophetas</strong></span> <span class='ocrx_word' id='word_1_361' title='bbox 952 1723 1027 1750; x_wconf 86' lang='lat' dir='ltr'><strong>dedit</strong></span> 
     </span>
    </p>
   </div>
   <div class='ocr_carea' id='block_1_49' title="bbox 233 1767 1024 1804">
    <p class='ocr_par' dir='ltr' id='par_1_49' title="bbox 233 1767 1024 1804">
     <span class='ocr_line' id='line_1_49' title="bbox 233 1767 1024 1804; baseline 0.003 -10"><span class='ocrx_word' id='word_1_362' title='bbox 233 1767 304 1795; x_wconf 86' lang='lat' dir='ltr'><strong>idem</strong></span> <span class='ocrx_word' id='word_1_363' title='bbox 328 1767 373 1794; x_wconf 86' lang='lat' dir='ltr'><strong>ille</strong></span> <span class='ocrx_word' id='word_1_364' title='bbox 391 1767 517 1794; x_wconf 79' lang='lat' dir='ltr'><strong>Christus</strong></span> <span class='ocrx_word' id='word_1_365' title='bbox 543 1768 714 1795; x_wconf 65' lang='lat' dir='ltr'><strong>advorsatur.</strong></span> <span class='ocrx_word' id='word_1_366' title='bbox 731 1767 798 1794; x_wconf 80' lang='lat' dir='ltr'><strong>Nam</strong></span> <span class='ocrx_word' id='word_1_367' title='bbox 825 1775 876 1803; x_wconf 90' lang='lat' dir='ltr'><strong>pro</strong></span> <span class='ocrx_word' id='word_1_368' title='bbox 899 1776 932 1795; x_wconf 88' lang='lat' dir='ltr'><strong>co</strong></span> <span class='ocrx_word' id='word_1_369' title='bbox 952 1769 1024 1804; x_wconf 87' lang='lat' dir='ltr'><strong>quod</strong></span> 
     </span>
    </p>
   </div>
   <div class='ocr_carea' id='block_1_50' title="bbox 233 1813 1025 1848">
    <p class='ocr_par' dir='ltr' id='par_1_50' title="bbox 233 1813 1025 1848">
     <span class='ocr_line' id='line_1_50' title="bbox 233 1813 1025 1848; baseline 0.001 -8"><span class='ocrx_word' id='word_1_370' title='bbox 233 1813 309 1840; x_wconf 79' lang='lat' dir='ltr'><strong>illius</strong></span> <span class='ocrx_word' id='word_1_371' title='bbox 327 1813 538 1848; x_wconf 77' lang='lat' dir='ltr'><strong>pollicitationes</strong></span> <span class='ocrx_word' id='word_1_372' title='bbox 564 1813 591 1840; x_wconf 94' lang='lat' dir='ltr'><strong>in</strong></span> <span class='ocrx_word' id='word_1_373' title='bbox 609 1813 668 1848; x_wconf 90' lang='lat' dir='ltr'><strong>ipso</strong></span> <span class='ocrx_word' id='word_1_374' title='bbox 690 1817 890 1848; x_wconf 59' lang='lat' dir='ltr'><strong>repratsentatae</strong></span> <span class='ocrx_word' id='word_1_375' title='bbox 905 1820 982 1847; x_wconf 86' lang='lat' dir='ltr'><strong>sum,</strong></span> <span class='ocrx_word' id='word_1_376' title='bbox 1000 1819 1025 1841; x_wconf 89' lang='lat' dir='ltr'><strong>et</strong></span> 
     </span>
    </p>
   </div>
   <div class='ocr_carea' id='block_1_51' title="bbox 233 1859 1025 1895">
    <p class='ocr_par' dir='ltr' id='par_1_51' title="bbox 233 1859 1025 1895">
     <span class='ocr_line' id='line_1_51' title="bbox 233 1859 1025 1895; baseline 0.001 -9"><span class='ocrx_word' id='word_1_377' title='bbox 233 1867 279 1894; x_wconf 75' lang='lat' dir='ltr'><strong>per</strong></span> <span class='ocrx_word' id='word_1_378' title='bbox 293 1860 378 1894; x_wconf 77' lang='lat' dir='ltr'><strong>ipsum</strong></span> <span class='ocrx_word' id='word_1_379' title='bbox 389 1859 508 1894; x_wconf 82' lang='lat' dir='ltr'><strong>,inquit,</strong></span> <span class='ocrx_word' id='word_1_380' title='bbox 521 1859 603 1887; x_wconf 77' lang='lat' dir='ltr'><strong>Amen</strong></span> <span class='ocrx_word' id='word_1_381' title='bbox 621 1859 678 1887; x_wconf 81' lang='lat' dir='ltr'><strong>Dei.</strong></span> <span class='ocrx_word' id='word_1_382' title='bbox 695 1859 765 1887; x_wconf 62' lang='lat' dir='ltr'><strong>Dens</strong></span> <span class='ocrx_word' id='word_1_383' title='bbox 779 1860 852 1888; x_wconf 85' lang='lat' dir='ltr'><strong>enim</strong></span> <span class='ocrx_word' id='word_1_384' title='bbox 862 1859 944 1888; x_wconf 59' lang='lat' dir='ltr'><strong>Pater</strong></span> <span class='ocrx_word' id='word_1_385' title='bbox 963 1869 1025 1895; x_wconf 50' lang='lat' dir='ltr'><strong>pro.</strong></span> 
     </span>
    </p>
   </div>
   <div class='ocr_carea' id='block_1_52' title="bbox 235 1905 1023 1938">
    <p class='ocr_par' dir='ltr' id='par_1_52' title="bbox 235 1905 1023 1938">
     <span class='ocr_line' id='line_1_52' title="bbox 235 1905 1023 1938; baseline 0.003 -6"><span class='ocrx_word' id='word_1_386' title='bbox 235 1906 327 1938; x_wconf 72' lang='lat' dir='ltr'><strong>misit,</strong></span> <span class='ocrx_word' id='word_1_387' title='bbox 343 1905 469 1934; x_wconf 82' lang='lat' dir='ltr'><strong>Christus</strong></span> <span class='ocrx_word' id='word_1_388' title='bbox 494 1914 558 1934; x_wconf 72' lang='lat' dir='ltr'><strong>vero</strong></span> <span class='ocrx_word' id='word_1_389' title='bbox 584 1905 716 1933; x_wconf 83' lang='lat' dir='ltr'><strong>Dominus</strong></span> <span class='ocrx_word' id='word_1_390' title='bbox 743 1909 801 1933; x_wconf 82' lang='lat' dir='ltr'><strong>rata</strong></span> <span class='ocrx_word' id='word_1_391' title='bbox 826 1906 872 1934; x_wconf 92' lang='lat' dir='ltr'><strong>illa</strong></span> <span class='ocrx_word' id='word_1_392' title='bbox 892 1906 973 1938; x_wconf 65' lang='lat' dir='ltr'><strong>fecit,</strong></span> <span class='ocrx_word' id='word_1_393' title='bbox 997 1911 1023 1934; x_wconf 87' lang='lat' dir='ltr'><strong>et</strong></span> 
     </span>
    </p>
   </div>
   <div class='ocr_carea' id='block_1_53' title="bbox 235 1953 1022 1988">
    <p class='ocr_par' dir='ltr' id='par_1_53' title="bbox 235 1953 1022 1988">
     <span class='ocr_line' id='line_1_53' title="bbox 235 1953 1022 1988; baseline 0 -8"><span class='ocrx_word' id='word_1_394' title='bbox 235 1953 321 1980; x_wconf 68' lang='lat' dir='ltr'><strong>Amen</strong></span> <span class='ocrx_word' id='word_1_395' title='bbox 337 1953 461 1980; x_wconf 85' lang='lat' dir='ltr'><strong>adhibuit</strong></span> <span class='ocrx_word' id='word_1_396' title='bbox 487 1953 540 1980; x_wconf 88' lang='lat' dir='ltr'><strong>illis</strong></span> <span class='ocrx_word' id='word_1_397' title='bbox 561 1961 630 1988; x_wconf 93' lang='lat' dir='ltr'><strong>quos</strong></span> <span class='ocrx_word' id='word_1_398' title='bbox 648 1953 692 1980; x_wconf 87' lang='lat' dir='ltr'><strong>illa</strong></span> <span class='ocrx_word' id='word_1_399' title='bbox 711 1954 855 1988; x_wconf 91' lang='lat' dir='ltr'><strong>promissio</strong></span> <span class='ocrx_word' id='word_1_400' title='bbox 877 1953 1022 1980; x_wconf 84' lang='lat' dir='ltr'><strong>conﬁrma-</strong></span> 
     </span>
    </p>
   </div>
   <div class='ocr_carea' id='block_1_54' title="bbox 235 1998 1023 2034">
    <p class='ocr_par' dir='ltr' id='par_1_54' title="bbox 235 1998 1023 2034">
     <span class='ocr_line' id='line_1_54' title="bbox 235 1998 1023 2034; baseline 0.003 -10"><span class='ocrx_word' id='word_1_401' title='bbox 235 1998 295 2026; x_wconf 74' lang='lat' dir='ltr'><strong>vit:</strong></span> <span class='ocrx_word' id='word_1_402' title='bbox 314 1999 415 2034; x_wconf 79' lang='lat' dir='ltr'><strong>quique</strong></span> <span class='ocrx_word' id='word_1_403' title='bbox 438 1998 545 2026; x_wconf 84' lang='lat' dir='ltr'><strong>Patrem</strong></span> <span class='ocrx_word' id='word_1_404' title='bbox 565 1999 640 2026; x_wconf 87' lang='lat' dir='ltr'><strong>illum</strong></span> <span class='ocrx_word' id='word_1_405' title='bbox 660 2007 740 2026; x_wconf 89' lang='lat' dir='ltr'><strong>suum</strong></span> <span class='ocrx_word' id='word_1_406' title='bbox 765 2003 950 2034; x_wconf 78' lang='lat' dir='ltr'><strong>agnoverunt,</strong></span> <span class='ocrx_word' id='word_1_407' title='bbox 977 2000 1023 2034; x_wconf 89' lang='lat' dir='ltr'><strong>qui</strong></span> 
     </span>
    </p>
   </div>
   <div class='ocr_carea' id='block_1_55' title="bbox 236 2045 1023 2079">
    <p class='ocr_par' dir='ltr' id='par_1_55' title="bbox 236 2045 1023 2079">
     <span class='ocr_line' id='line_1_55' title="bbox 236 2045 1023 2079; baseline 0.001 -7"><span class='ocrx_word' id='word_1_408' title='bbox 236 2045 264 2073; x_wconf 88' lang='lat' dir='ltr'><strong>in</strong></span> <span class='ocrx_word' id='word_1_409' title='bbox 282 2045 338 2079; x_wconf 78' lang='lat' dir='ltr'><strong>lege</strong></span> <span class='ocrx_word' id='word_1_410' title='bbox 358 2045 465 2072; x_wconf 93' lang='lat' dir='ltr'><strong>locutus</strong></span> <span class='ocrx_word' id='word_1_411' title='bbox 484 2049 535 2078; x_wconf 77' lang='lat' dir='ltr'><strong>est,</strong></span> <span class='ocrx_word' id='word_1_412' title='bbox 550 2053 581 2072; x_wconf 81' lang='lat' dir='ltr'><strong>ac</strong></span> <span class='ocrx_word' id='word_1_413' title='bbox 601 2045 776 2072; x_wconf 86' lang='lat' dir='ltr'><strong>credentibus</strong></span> <span class='ocrx_word' id='word_1_414' title='bbox 799 2045 928 2073; x_wconf 84' lang='lat' dir='ltr'><strong>salutaria</strong></span> <span class='ocrx_word' id='word_1_415' title='bbox 951 2045 1023 2073; x_wconf 83' lang='lat' dir='ltr'><strong>dona</strong></span> 
     </span>
    </p>
   </div>
   <div class='ocr_carea' id='block_1_56' title="bbox 236 2091 1021 2125">
    <p class='ocr_par' dir='ltr' id='par_1_56' title="bbox 236 2091 1021 2125">
     <span class='ocr_line' id='line_1_56' title="bbox 236 2091 1021 2125; baseline 0.001 -7"><span class='ocrx_word' id='word_1_416' title='bbox 236 2092 361 2119; x_wconf 87' lang='lat' dir='ltr'><strong>contulit.</strong></span> <span class='ocrx_word' id='word_1_417' title='bbox 377 2091 426 2118; x_wconf 86' lang='lat' dir='ltr'><strong>llis</strong></span> <span class='ocrx_word' id='word_1_418' title='bbox 440 2091 512 2118; x_wconf 88' lang='lat' dir='ltr'><strong>enim</strong></span> <span class='ocrx_word' id='word_1_419' title='bbox 530 2091 574 2119; x_wconf 85' lang='lat' dir='ltr'><strong>ille</strong></span> <span class='ocrx_word' id='word_1_420' title='bbox 587 2092 678 2119; x_wconf 88' lang='lat' dir='ltr'><strong>verbis</strong></span> <span class='ocrx_word' id='word_1_421' title='bbox 693 2099 759 2119; x_wconf 91' lang='lat' dir='ltr'><strong>usus</strong></span> <span class='ocrx_word' id='word_1_422' title='bbox 774 2096 816 2119; x_wconf 89' lang='lat' dir='ltr'><strong>est</strong></span> <span class='ocrx_word' id='word_1_423' title='bbox 833 2101 839 2119; x_wconf 93' lang='lat'>:</span> <span class='ocrx_word' id='word_1_424' title='bbox 853 2092 912 2124; x_wconf 83' lang='lat' dir='ltr'><strong>Ita,</strong></span> <span class='ocrx_word' id='word_1_425' title='bbox 930 2091 1021 2125; x_wconf 82' lang='lat' dir='ltr'><strong>Pater,</strong></span> 
     </span>
    </p>
   </div>
   <div class='ocr_carea' id='block_1_57' title="bbox 236 2138 694 2174">
    <p class='ocr_par' dir='ltr' id='par_1_57' title="bbox 236 2138 694 2174">
     <span class='ocr_line' id='line_1_57' title="bbox 236 2138 694 2174; baseline 0 -8"><span class='ocrx_word' id='word_1_426' title='bbox 236 2139 298 2174; x_wconf 74' lang='lat' dir='ltr'><strong>quia</strong></span> <span class='ocrx_word' id='word_1_427' title='bbox 314 2140 351 2166; x_wconf 83' lang='lat' dir='ltr'><strong>ita</strong></span> <span class='ocrx_word' id='word_1_428' title='bbox 364 2139 490 2173; x_wconf 86' lang='lat' dir='ltr'><strong>placitum</strong></span> <span class='ocrx_word' id='word_1_429' title='bbox 506 2143 544 2166; x_wconf 76' lang='lat' dir='ltr'><strong>est</strong></span> <span class='ocrx_word' id='word_1_430' title='bbox 560 2143 620 2166; x_wconf 74' lang='lat' dir='ltr'><strong>ante</strong></span> <span class='ocrx_word' id='word_1_431' title='bbox 635 2143 658 2165; x_wconf 86' lang='lat' dir='ltr'><strong>te</strong></span> <span class='ocrx_word' id='word_1_432' title='bbox 673 2138 694 2166; x_wconf 92' lang='grc'>³.</span> 
     </span>
    </p>
   </div>
   <div class='ocr_carea' id='block_1_58' title="bbox 273 2263 1022 2300">
    <p class='ocr_par' dir='ltr' id='par_1_58' title="bbox 273 2263 1022 2300">
     <span class='ocr_line' id='line_1_58' title="bbox 273 2263 1022 2300; baseline 0.003 -10"><span class='ocrx_word' id='word_1_433' title='bbox 273 2263 365 2290; x_wconf 90' lang='lat' dir='ltr'><strong>Schol.</strong></span> <span class='ocrx_word' id='word_1_434' title='bbox 379 2263 398 2290; x_wconf 78' lang='grc'>2</span> <span class='ocrx_word' id='word_1_435' title='bbox 410 2268 436 2291; x_wconf 89' lang='lat' dir='ltr'><strong>et</strong></span> <span class='ocrx_word' id='word_1_436' title='bbox 451 2263 496 2291; x_wconf 75' lang='lat'><strong>26.</strong></span> <span class='ocrx_word' id='word_1_437' title='bbox 519 2263 579 2291; x_wconf 85' lang='lat' dir='ltr'><strong>Non</strong></span> <span class='ocrx_word' id='word_1_438' title='bbox 593 2265 662 2291; x_wconf 79' lang='lat' dir='ltr'><strong>enim</strong></span> <span class='ocrx_word' id='word_1_439' title='bbox 681 2272 727 2291; x_wconf 80' lang='lat' dir='ltr'><strong>nos</strong></span> <span class='ocrx_word' id='word_1_440' title='bbox 744 2265 813 2300; x_wconf 78' lang='lat' dir='ltr'><strong>ipso:</strong></span> <span class='ocrx_word' id='word_1_441' title='bbox 829 2265 1005 2299; x_wconf 71' lang='lat' dir='ltr'><strong>prwdicamus</strong></span> <span class='ocrx_word' id='word_1_442' title='bbox 1015 2286 1022 2298; x_wconf 83' lang='lat'><strong>,</strong></span> 
     </span>
    </p>
   </div>
   <div class='ocr_carea' id='block_1_59' title="bbox 236 2311 1023 2347">
    <p class='ocr_par' dir='ltr' id='par_1_59' title="bbox 236 2311 1023 2347">
     <span class='ocr_line' id='line_1_59' title="bbox 236 2311 1023 2347; baseline 0.003 -8"><span class='ocrx_word' id='word_1_443' title='bbox 236 2312 281 2339; x_wconf 70' lang='lat' dir='ltr'><strong>sed</strong></span> <span class='ocrx_word' id='word_1_444' title='bbox 298 2311 432 2339; x_wconf 82' lang='lat' dir='ltr'><strong>Christum</strong></span> <span class='ocrx_word' id='word_1_445' title='bbox 450 2312 558 2345; x_wconf 74' lang='lat' dir='ltr'><strong>Iesum,</strong></span> <span class='ocrx_word' id='word_1_446' title='bbox 579 2321 626 2340; x_wconf 83' lang='lat' dir='ltr'><strong>nos</strong></span> <span class='ocrx_word' id='word_1_447' title='bbox 646 2313 715 2347; x_wconf 65' lang='lat' dir='ltr'><strong>ipso;</strong></span> <span class='ocrx_word' id='word_1_448' title='bbox 734 2321 793 2340; x_wconf 75' lang='lat' dir='ltr'><strong>vero</strong></span> <span class='ocrx_word' id='word_1_449' title='bbox 817 2321 903 2340; x_wconf 76' lang='lat' dir='ltr'><strong>servos</strong></span> <span class='ocrx_word' id='word_1_450' title='bbox 926 2319 1023 2342; x_wconf 74' lang='lat' dir='ltr'><strong>rastros</strong></span> 
     </span>
    </p>
   </div>
   <div class='ocr_carea' id='block_1_60' title="bbox 236 2357 1024 2392">
    <p class='ocr_par' dir='ltr' id='par_1_60' title="bbox 236 2357 1024 2392">
     <span class='ocr_line' id='line_1_60' title="bbox 236 2357 1024 2392; baseline 0.004 -8"><span class='ocrx_word' id='word_1_451' title='bbox 236 2365 282 2392; x_wconf 83' lang='lat' dir='ltr'><strong>per</strong></span> <span class='ocrx_word' id='word_1_452' title='bbox 299 2357 400 2385; x_wconf 71' lang='lat' dir='ltr'><strong>Iesum.</strong></span> <span class='ocrx_word' id='word_1_453' title='bbox 417 2357 549 2391; x_wconf 82' lang='lat' dir='ltr'><strong>Quoniam</strong></span> <span class='ocrx_word' id='word_1_454' title='bbox 568 2358 636 2385; x_wconf 72' lang='lat' dir='ltr'><strong>Deus</strong></span> <span class='ocrx_word' id='word_1_455' title='bbox 652 2360 696 2385; x_wconf 82' lang='lat' dir='ltr'><strong>aui</strong></span> <span class='ocrx_word' id='word_1_456' title='bbox 715 2359 782 2386; x_wconf 64' lang='lat' dir='ltr'><strong>dixit</strong></span> <span class='ocrx_word' id='word_1_457' title='bbox 806 2359 838 2386; x_wconf 82' lang='lat' dir='ltr'><strong>de</strong></span> <span class='ocrx_word' id='word_1_458' title='bbox 859 2359 970 2387; x_wconf 78' lang='lat' dir='ltr'><strong>tenebris</strong></span> <span class='ocrx_word' id='word_1_459' title='bbox 983 2360 1024 2386; x_wconf 92' lang='lat' dir='ltr'><strong>Iu-</strong></span> 
     </span>
    </p>
   </div>
   <div class='ocr_carea' id='block_1_61' title="bbox 237 2403 517 2437">
    <p class='ocr_par' dir='ltr' id='par_1_61' title="bbox 237 2403 517 2437">
     <span class='ocr_line' id='line_1_61' title="bbox 237 2403 517 2437; baseline 0.004 -8"><span class='ocrx_word' id='word_1_460' title='bbox 237 2411 293 2430; x_wconf 77' lang='lat' dir='ltr'><strong>cem</strong></span> <span class='ocrx_word' id='word_1_461' title='bbox 308 2403 484 2437; x_wconf 71' lang='lat' dir='ltr'><strong>splendescere</strong></span> <span class='ocrx_word' id='word_1_462' title='bbox 496 2404 517 2430; x_wconf 73' lang='grc' dir='ltr'>δ.</span> 
     </span>
    </p>
   </div>
   <div class='ocr_carea' id='block_1_62' title="bbox 274 2449 1023 2485">
    <p class='ocr_par' dir='ltr' id='par_1_62' title="bbox 274 2449 1023 2485">
     <span class='ocr_line' id='line_1_62' title="bbox 274 2449 1023 2485; baseline 0.001 -9"><span class='ocrx_word' id='word_1_463' title='bbox 274 2449 365 2477; x_wconf 75' lang='lat' dir='ltr'><strong>Reint.</strong></span> <span class='ocrx_word' id='word_1_464' title='bbox 381 2450 399 2476; x_wconf 74' lang='lat'><strong>2</strong></span> <span class='ocrx_word' id='word_1_465' title='bbox 417 2454 444 2477; x_wconf 89' lang='lat' dir='ltr'><strong>ct</strong></span> <span class='ocrx_word' id='word_1_466' title='bbox 459 2449 505 2478; x_wconf 75' lang='lat'><strong>26.</strong></span> <span class='ocrx_word' id='word_1_467' title='bbox 522 2449 581 2478; x_wconf 85' lang='lat' dir='ltr'><strong>Non</strong></span> <span class='ocrx_word' id='word_1_468' title='bbox 603 2450 725 2485; x_wconf 90' lang='lat' dir='ltr'><strong>seipsos,</strong></span> <span class='ocrx_word' id='word_1_469' title='bbox 750 2451 799 2479; x_wconf 86' lang='lat' dir='ltr'><strong>sed</strong></span> <span class='ocrx_word' id='word_1_470' title='bbox 822 2450 915 2478; x_wconf 81' lang='lat' dir='ltr'><strong>Jesum</strong></span> <span class='ocrx_word' id='word_1_471' title='bbox 941 2450 1023 2478; x_wconf 90' lang='lat' dir='ltr'><strong>Chri-</strong></span> 
     </span>
    </p>
   </div>
   <div class='ocr_carea' id='block_1_63' title="bbox 238 2495 1025 2532">
    <p class='ocr_par' dir='ltr' id='par_1_63' title="bbox 238 2495 1025 2532">
     <span class='ocr_line' id='line_1_63' title="bbox 238 2495 1025 2532; baseline 0 -8"><span class='ocrx_word' id='word_1_472' title='bbox 238 2501 309 2524; x_wconf 79' lang='lat' dir='ltr'><strong>5tum</strong></span> <span class='ocrx_word' id='word_1_473' title='bbox 326 2495 469 2522; x_wconf 91' lang='lat' dir='ltr'><strong>Dominum</strong></span> <span class='ocrx_word' id='word_1_474' title='bbox 489 2500 611 2524; x_wconf 89' lang='lat' dir='ltr'><strong>nostrum</strong></span> <span class='ocrx_word' id='word_1_475' title='bbox 627 2497 776 2532; x_wconf 68' lang='lat' dir='ltr'><strong>praedicant</strong></span> <span class='ocrx_word' id='word_1_476' title='bbox 794 2497 921 2532; x_wconf 88' lang='lat' dir='ltr'><strong>apostoli.</strong></span> <span class='ocrx_word' id='word_1_477' title='bbox 935 2498 1025 2530; x_wconf 78' lang='lat' dir='ltr'><strong>Quare</strong></span> 
     </span>
    </p>
   </div>
   <div class='ocr_carea' id='block_1_64' title="bbox 238 2542 1025 2578">
    <p class='ocr_par' dir='ltr' id='par_1_64' title="bbox 238 2542 1025 2578">
     <span class='ocr_line' id='line_1_64' title="bbox 238 2542 1025 2578; baseline 0 -10"><span class='ocrx_word' id='word_1_478' title='bbox 238 2549 327 2576; x_wconf 89' lang='lat' dir='ltr'><strong>nequc</strong></span> <span class='ocrx_word' id='word_1_479' title='bbox 339 2546 413 2569; x_wconf 88' lang='lat' dir='ltr'><strong>secta</strong></span> <span class='ocrx_word' id='word_1_480' title='bbox 431 2546 472 2570; x_wconf 91' lang='lat' dir='ltr'><strong>est</strong></span> <span class='ocrx_word' id='word_1_481' title='bbox 497 2542 566 2574; x_wconf 82' lang='lat' dir='ltr'><strong>ulla,</strong></span> <span class='ocrx_word' id='word_1_482' title='bbox 583 2551 671 2578; x_wconf 83' lang='lat' dir='ltr'><strong>neque</strong></span> <span class='ocrx_word' id='word_1_483' title='bbox 694 2542 817 2570; x_wconf 85' lang='lat' dir='ltr'><strong>Ecclesia</strong></span> <span class='ocrx_word' id='word_1_484' title='bbox 840 2543 1025 2578; x_wconf 88' lang='lat' dir='ltr'><strong>apostolorum</strong></span> 
     </span>
    </p>
   </div>
   <div class='ocr_carea' id='block_1_65' title="bbox 240 2587 1025 2624">
    <p class='ocr_par' dir='ltr' id='par_1_65' title="bbox 240 2587 1025 2624">
     <span class='ocr_line' id='line_1_65' title="bbox 240 2587 1025 2624; baseline 0 -10"><span class='ocrx_word' id='word_1_485' title='bbox 240 2587 369 2623; x_wconf 77' lang='lat' dir='ltr'><strong>insignita</strong></span> <span class='ocrx_word' id='word_1_486' title='bbox 389 2589 508 2615; x_wconf 87' lang='lat' dir='ltr'><strong>nomine.</strong></span> <span class='ocrx_word' id='word_1_487' title='bbox 528 2588 583 2616; x_wconf 85' lang='lat' dir='ltr'><strong>Nec</strong></span> <span class='ocrx_word' id='word_1_488' title='bbox 600 2597 720 2624; x_wconf 86' lang='lat' dir='ltr'><strong>unquam</strong></span> <span class='ocrx_word' id='word_1_489' title='bbox 735 2589 853 2616; x_wconf 74' lang='lat' dir='ltr'><strong>Pctrzeos</strong></span> <span class='ocrx_word' id='word_1_490' title='bbox 873 2588 945 2616; x_wconf 89' lang='lat' dir='ltr'><strong>ullos</strong></span> <span class='ocrx_word' id='word_1_491' title='bbox 956 2608 964 2620; x_wconf 90' lang='lat'><strong>,</strong></span> <span class='ocrx_word' id='word_1_492' title='bbox 977 2592 1025 2614; x_wconf 87' lang='lat' dir='ltr'><strong>aut</strong></span> 
     </span>
    </p>
   </div>
   <div class='ocr_carea' id='block_1_66' title="bbox 240 2633 1026 2666">
    <p class='ocr_par' dir='ltr' id='par_1_66' title="bbox 240 2633 1026 2666">
     <span class='ocr_line' id='line_1_66' title="bbox 240 2633 1026 2666; baseline 0 -6"><span class='ocrx_word' id='word_1_493' title='bbox 240 2633 395 2666; x_wconf 84' lang='lat' dir='ltr'><strong>Paulianos,</strong></span> <span class='ocrx_word' id='word_1_494' title='bbox 410 2638 456 2660; x_wconf 92' lang='lat' dir='ltr'><strong>aut</strong></span> <span class='ocrx_word' id='word_1_495' title='bbox 468 2633 695 2664; x_wconf 65' lang='lat' dir='ltr'><strong>Bartholommos.</strong></span> <span class='ocrx_word' id='word_1_496' title='bbox 707 2638 754 2661; x_wconf 89' lang='lat' dir='ltr'><strong>aut</strong></span> <span class='ocrx_word' id='word_1_497' title='bbox 771 2633 901 2661; x_wconf 62' lang='lat' dir='ltr'><strong>Taddaaos</strong></span> <span class='ocrx_word' id='word_1_498' title='bbox 919 2633 1026 2660; x_wconf 81' lang='lat' dir='ltr'><strong>audivi-</strong></span> 
     </span>
    </p>
   </div>
   <div class='ocr_carea' id='block_1_67' title="bbox 240 2679 1024 2714">
    <p class='ocr_par' dir='ltr' id='par_1_67' title="bbox 240 2679 1024 2714">
     <span class='ocr_line' id='line_1_67' title="bbox 240 2679 1024 2714; baseline -0.001 -8"><span class='ocrx_word' id='word_1_499' title='bbox 240 2687 315 2710; x_wconf 85' lang='lat' dir='ltr'><strong>mus,</strong></span> <span class='ocrx_word' id='word_1_500' title='bbox 341 2680 389 2707; x_wconf 88' lang='lat' dir='ltr'><strong>scd</strong></span> <span class='ocrx_word' id='word_1_501' title='bbox 415 2687 469 2706; x_wconf 91' lang='lat' dir='ltr'><strong>una</strong></span> <span class='ocrx_word' id='word_1_502' title='bbox 489 2679 545 2713; x_wconf 84' lang='lat' dir='ltr'><strong>jam</strong></span> <span class='ocrx_word' id='word_1_503' title='bbox 574 2685 631 2707; x_wconf 91' lang='lat' dir='ltr'><strong>tum</strong></span> <span class='ocrx_word' id='word_1_504' title='bbox 656 2680 734 2707; x_wconf 89' lang='lat' dir='ltr'><strong>initio</strong></span> <span class='ocrx_word' id='word_1_505' title='bbox 760 2679 812 2707; x_wconf 83' lang='lat' dir='ltr'><strong>fuit</strong></span> <span class='ocrx_word' id='word_1_506' title='bbox 840 2680 1024 2714; x_wconf 88' lang='lat' dir='ltr'><strong>apostolorum</strong></span> 
     </span>
    </p>
   </div>
   <div class='ocr_carea' id='block_1_68' title="bbox 240 2725 1026 2760">
    <p class='ocr_par' dir='ltr' id='par_1_68' title="bbox 240 2725 1026 2760">
     <span class='ocr_line' id='line_1_68' title="bbox 240 2725 1026 2760; baseline 0 -8"><span class='ocrx_word' id='word_1_507' title='bbox 240 2726 361 2752; x_wconf 73' lang='lat' dir='ltr'><strong>omnium</strong></span> <span class='ocrx_word' id='word_1_508' title='bbox 386 2725 542 2760; x_wconf 68' lang='lat' dir='ltr'><strong>prredicatio</strong></span> <span class='ocrx_word' id='word_1_509' title='bbox 558 2735 565 2752; x_wconf 86' lang='lat'>:</span> <span class='ocrx_word' id='word_1_510' title='bbox 580 2733 641 2760; x_wconf 72' lang='lat' dir='ltr'><strong>qua:</strong></span> <span class='ocrx_word' id='word_1_511' title='bbox 657 2733 711 2752; x_wconf 93' lang='lat' dir='ltr'><strong>non</strong></span> <span class='ocrx_word' id='word_1_512' title='bbox 731 2725 863 2760; x_wconf 87' lang='lat' dir='ltr'><strong>ipsosmct</strong></span> <span class='ocrx_word' id='word_1_513' title='bbox 879 2725 958 2756; x_wconf 84' lang='lat' dir='ltr'><strong>illos,</strong></span> <span class='ocrx_word' id='word_1_514' title='bbox 977 2725 1026 2752; x_wconf 87' lang='lat' dir='ltr'><strong>sed</strong></span> 
     </span>
    </p>
   </div>
   <div class='ocr_carea' id='block_1_69' title="bbox 240 2770 1026 2806">
    <p class='ocr_par' dir='ltr' id='par_1_69' title="bbox 240 2770 1026 2806">
     <span class='ocr_line' id='line_1_69' title="bbox 240 2770 1026 2806; baseline 0.004 -10"><span class='ocrx_word' id='word_1_515' title='bbox 240 2770 320 2806; x_wconf 77' lang='lat'><strong>367</strong></span> <span class='ocrx_word' id='word_1_516' title='bbox 343 2770 487 2798; x_wconf 88' lang='lat' dir='ltr'><strong>Dominum</strong></span> <span class='ocrx_word' id='word_1_517' title='bbox 510 2770 603 2799; x_wconf 82' lang='lat' dir='ltr'><strong>Jesum</strong></span> <span class='ocrx_word' id='word_1_518' title='bbox 619 2771 757 2799; x_wconf 88' lang='lat' dir='ltr'><strong>Christum</strong></span> <span class='ocrx_word' id='word_1_519' title='bbox 774 2771 963 2799; x_wconf 86' lang='lat' dir='ltr'><strong>tantummodo</strong></span> <span class='ocrx_word' id='word_1_520' title='bbox 982 2779 1026 2799; x_wconf 86' lang='lat' dir='ltr'><strong>ce—</strong></span> 
     </span>
    </p>
   </div>
   <div class='ocr_carea' id='block_1_70' title="bbox 1177 837 1763 873">
    <p class='ocr_par' dir='ltr' id='par_1_70' title="bbox 1177 837 1763 873">
     <span class='ocr_line' id='line_1_70' title="bbox 1177 837 1763 873; baseline 0.005 -10"><span class='ocrx_word' id='word_1_521' title='bbox 1177 837 1244 864; x_wconf 74' lang='grc' dir='ltr'><strong>Ἁπὸ</strong></span> <span class='ocrx_word' id='word_1_522' title='bbox 1260 837 1315 872; x_wconf 82' lang='grc' dir='ltr'><strong>τῆς</strong></span> <span class='ocrx_word' id='word_1_523' title='bbox 1333 839 1409 872; x_wconf 76' lang='grc' dir='ltr'>πρὸς</span> <span class='ocrx_word' id='word_1_524' title='bbox 1423 838 1598 872; x_wconf 80' lang='grc' dir='ltr'><strong>Κορινθίους</strong></span> <span class='ocrx_word' id='word_1_525' title='bbox 1612 839 1763 873; x_wconf 80' lang='grc' dir='ltr'>δευτέρας.</span> 
     </span>
    </p>
   </div>
   <div class='ocr_carea' id='block_1_71' title="bbox 1107 892 1864 932">
    <p class='ocr_par' dir='ltr' id='par_1_71' title="bbox 1107 892 1864 932">
     <span class='ocr_line' id='line_1_71' title="bbox 1107 892 1864 932; baseline 0.005 -13"><span class='ocrx_word' id='word_1_526' title='bbox 1107 892 1181 928; x_wconf 73' lang='grc' dir='ltr'>Αὕτη</span> <span class='ocrx_word' id='word_1_527' title='bbox 1197 893 1225 920; x_wconf 83' lang='grc' dir='ltr'><strong>δὲ</strong></span> <span class='ocrx_word' id='word_1_528' title='bbox 1238 893 1317 929; x_wconf 81' lang='grc' dir='ltr'>τρίτη</span> <span class='ocrx_word' id='word_1_529' title='bbox 1335 895 1424 920; x_wconf 84' lang='grc' dir='ltr'>κεῖται</span> <span class='ocrx_word' id='word_1_530' title='bbox 1439 893 1515 930; x_wconf 79' lang='grc' dir='ltr'>παρὰ.</span> <span class='ocrx_word' id='word_1_531' title='bbox 1531 894 1571 929; x_wconf 84' lang='grc' dir='ltr'>τῷ</span> <span class='ocrx_word' id='word_1_532' title='bbox 1585 894 1735 930; x_wconf 82' lang='grc' dir='ltr'>Μαρκίωνι.</span> <span class='ocrx_word' id='word_1_533' title='bbox 1750 896 1864 932; x_wconf 83' lang='grc' dir='ltr'>Μετηλ-</span> 
     </span>
    </p>
   </div>
   <div class='ocr_carea' id='block_1_72' title="bbox 1072 938 1866 979">
    <p class='ocr_par' dir='ltr' id='par_1_72' title="bbox 1072 938 1866 979">
     <span class='ocr_line' id='line_1_72' title="bbox 1072 938 1866 979; baseline 0.005 -14"><span class='ocrx_word' id='word_1_534' title='bbox 1072 938 1214 974; x_wconf 76' lang='grc' dir='ltr'>λαγμένως</span> <span class='ocrx_word' id='word_1_535' title='bbox 1228 939 1267 971; x_wconf 79' lang='grc' dir='ltr'><strong>δὲ,</strong></span> <span class='ocrx_word' id='word_1_536' title='bbox 1281 939 1326 967; x_wconf 76' lang='grc' dir='ltr'>διὰ</span> <span class='ocrx_word' id='word_1_537' title='bbox 1338 940 1369 966; x_wconf 67' lang='grc' dir='ltr'><strong>τὺ</strong></span> <span class='ocrx_word' id='word_1_538' title='bbox 1382 940 1494 976; x_wconf 86' lang='grc' dir='ltr'>πρώτην</span> <span class='ocrx_word' id='word_1_539' title='bbox 1508 940 1573 976; x_wconf 82' lang='grc' dir='ltr'>παρ’</span> <span class='ocrx_word' id='word_1_540' title='bbox 1585 941 1659 976; x_wconf 83' lang='grc' dir='ltr'>αὐτῷ</span> <span class='ocrx_word' id='word_1_541' title='bbox 1672 941 1801 977; x_wconf 80' lang='grc' dir='ltr'>τετάχθαι</span> <span class='ocrx_word' id='word_1_542' title='bbox 1812 943 1866 979; x_wconf 76' lang='grc' dir='ltr'>τὴν</span> 
     </span>
    </p>
   </div>
   <div class='ocr_carea' id='block_1_73' title="bbox 1074 985 1290 1021">
    <p class='ocr_par' dir='ltr' id='par_1_73' title="bbox 1074 985 1290 1021">
     <span class='ocr_line' id='line_1_73' title="bbox 1074 985 1290 1021; baseline 0 -9"><span class='ocrx_word' id='word_1_543' title='bbox 1074 985 1142 1021; x_wconf 71' lang='grc' dir='ltr'>πρὸς</span> <span class='ocrx_word' id='word_1_544' title='bbox 1157 985 1290 1017; x_wconf 77' lang='grc' dir='ltr'>Γαλάτας.</span> 
     </span>
    </p>
   </div>
   <div class='ocr_carea' id='block_1_74' title="bbox 1107 1032 1865 1069">
    <p class='ocr_par' dir='ltr' id='par_1_74' title="bbox 1107 1032 1865 1069">
     <span class='ocr_line' id='line_1_74' title="bbox 1107 1032 1865 1069; baseline 0.007 -11"><span class='ocrx_word' id='word_1_545' title='bbox 1107 1035 1131 1058; x_wconf 89' lang='grc' dir='ltr'>α’</span> <span class='ocrx_word' id='word_1_546' title='bbox 1146 1033 1193 1059; x_wconf 83' lang='grc' dir='ltr'><strong>καὶ</strong></span> <span class='ocrx_word' id='word_1_547' title='bbox 1214 1036 1253 1058; x_wconf 81' lang='grc' dir='ltr'>κε’</span> <span class='ocrx_word' id='word_1_548' title='bbox 1270 1032 1343 1068; x_wconf 80' lang='grc' dir='ltr'>σχόλ.</span> <span class='ocrx_word' id='word_1_549' title='bbox 1361 1032 1459 1060; x_wconf 86' lang='grc' dir='ltr'>Πᾶσαι</span> <span class='ocrx_word' id='word_1_550' title='bbox 1476 1034 1532 1068; x_wconf 74' lang='grc' dir='ltr'>γὰρ</span> <span class='ocrx_word' id='word_1_551' title='bbox 1549 1035 1579 1060; x_wconf 87' lang='lat' dir='ltr'><strong>al</strong></span> <span class='ocrx_word' id='word_1_552' title='bbox 1596 1034 1769 1069; x_wconf 71' lang='grc' dir='ltr'>ἐπαγγελίαι</span> <span class='ocrx_word' id='word_1_553' title='bbox 1785 1037 1865 1063; x_wconf 84' lang='grc' dir='ltr'><strong>Θεοῦ</strong></span> 
     </span>
    </p>
   </div>
   <div class='ocr_carea' id='block_1_75' title="bbox 1071 1077 1865 1116">
    <p class='ocr_par' dir='ltr' id='par_1_75' title="bbox 1071 1077 1865 1116">
     <span class='ocr_line' id='line_1_75' title="bbox 1071 1077 1865 1116; baseline 0.005 -12"><span class='ocrx_word' id='word_1_554' title='bbox 1071 1078 1107 1105; x_wconf 77' lang='grc' dir='ltr'><em>ἐν</em></span> <span class='ocrx_word' id='word_1_555' title='bbox 1127 1077 1207 1110; x_wconf 82' lang='grc' dir='ltr'>αὐτῷ</span> <span class='ocrx_word' id='word_1_556' title='bbox 1221 1078 1254 1104; x_wconf 86' lang='grc' dir='ltr'>τὸ</span> <span class='ocrx_word' id='word_1_557' title='bbox 1270 1079 1321 1105; x_wconf 83' lang='grc' dir='ltr'>ναί</span> <span class='ocrx_word' id='word_1_558' title='bbox 1335 1087 1342 1094; x_wconf 86' lang='grc'><strong>·</strong></span> <span class='ocrx_word' id='word_1_559' title='bbox 1359 1078 1404 1105; x_wconf 82' lang='grc' dir='ltr'><strong>διὸ</strong></span> <span class='ocrx_word' id='word_1_560' title='bbox 1423 1079 1471 1105; x_wconf 77' lang='grc' dir='ltr'>καὶ</span> <span class='ocrx_word' id='word_1_561' title='bbox 1491 1079 1528 1106; x_wconf 84' lang='grc' dir='ltr'><strong>δι’</strong></span> <span class='ocrx_word' id='word_1_562' title='bbox 1541 1079 1634 1107; x_wconf 81' lang='grc' dir='ltr'>αὑτοῦ</span> <span class='ocrx_word' id='word_1_563' title='bbox 1656 1079 1689 1106; x_wconf 82' lang='grc' dir='ltr'>τὸ</span> <span class='ocrx_word' id='word_1_564' title='bbox 1712 1081 1807 1116; x_wconf 80' lang='grc' dir='ltr'><strong>Ἀμὴν</strong></span> <span class='ocrx_word' id='word_1_565' title='bbox 1823 1082 1865 1115; x_wconf 81' lang='grc' dir='ltr'>τῷ</span> 
     </span>
    </p>
   </div>
   <div class='ocr_carea' id='block_1_76' title="bbox 1073 1123 1144 1155">
    <p class='ocr_par' dir='ltr' id='par_1_76' title="bbox 1073 1123 1144 1155">
     <span class='ocr_line' id='line_1_76' title="bbox 1073 1123 1144 1155; baseline -0.028 -5"><span class='ocrx_word' id='word_1_566' title='bbox 1073 1123 1144 1155; x_wconf 82' lang='grc' dir='ltr'>Θεῷ.</span> 
     </span>
    </p>
   </div>
   <div class='ocr_carea' id='block_1_77' title="bbox 1108 1168 1863 1205">
    <p class='ocr_par' dir='ltr' id='par_1_77' title="bbox 1108 1168 1863 1205">
     <span class='ocr_line' id='line_1_77' title="bbox 1108 1168 1863 1205; baseline 0.005 -11"><span class='ocrx_word' id='word_1_567' title='bbox 1108 1171 1132 1195; x_wconf 88' lang='grc' dir='ltr'>α’</span> <span class='ocrx_word' id='word_1_568' title='bbox 1149 1168 1195 1194; x_wconf 76' lang='grc' dir='ltr'>καὶ</span> <span class='ocrx_word' id='word_1_569' title='bbox 1214 1168 1254 1194; x_wconf 86' lang='grc' dir='ltr'>κε’</span> <span class='ocrx_word' id='word_1_570' title='bbox 1273 1168 1364 1203; x_wconf 80' lang='grc' dir='ltr'>ἐλεγχ.</span> <span class='ocrx_word' id='word_1_571' title='bbox 1389 1168 1525 1201; x_wconf 81' lang='grc' dir='ltr'>Διάνοιξον</span> <span class='ocrx_word' id='word_1_572' title='bbox 1547 1169 1612 1201; x_wconf 84' lang='grc' dir='ltr'>τοὺς</span> <span class='ocrx_word' id='word_1_573' title='bbox 1629 1177 1787 1205; x_wconf 78' lang='grc' dir='ltr'>οφοαΑμους</span> <span class='ocrx_word' id='word_1_574' title='bbox 1815 1180 1863 1198; x_wconf 80' lang='grc' dir='ltr'><strong>σου</strong></span> 
     </span>
    </p>
   </div>
   <div class='ocr_carea' id='block_1_78' title="bbox 1073 1211 1865 1250">
    <p class='ocr_par' dir='ltr' id='par_1_78' title="bbox 1073 1211 1865 1250">
     <span class='ocr_line' id='line_1_78' title="bbox 1073 1211 1865 1250; baseline 0.005 -9"><span class='ocrx_word' id='word_1_575' title='bbox 1073 1215 1120 1241; x_wconf 77' lang='grc' dir='ltr'><strong>καὶ</strong></span> <span class='ocrx_word' id='word_1_576' title='bbox 1145 1214 1257 1249; x_wconf 77' lang='grc' dir='ltr'>σώθητι,</span> <span class='ocrx_word' id='word_1_577' title='bbox 1275 1211 1297 1241; x_wconf 80' lang='grc' dir='ltr'>ὦ</span> <span class='ocrx_word' id='word_1_578' title='bbox 1312 1215 1456 1250; x_wconf 77' lang='grc' dir='ltr'>Μαρκίων.</span> <span class='ocrx_word' id='word_1_579' title='bbox 1478 1215 1508 1241; x_wconf 79' lang='lat' dir='ltr'><strong>Et</strong></span> <span class='ocrx_word' id='word_1_580' title='bbox 1537 1215 1566 1241; x_wconf 81' lang='grc' dir='ltr'><strong>δὲ</strong></span> <span class='ocrx_word' id='word_1_581' title='bbox 1584 1216 1616 1242; x_wconf 80' lang='grc' dir='ltr'>σὺ</span> <span class='ocrx_word' id='word_1_582' title='bbox 1640 1217 1730 1243; x_wconf 87' lang='grc' dir='ltr'>οὐκέτι</span> <span class='ocrx_word' id='word_1_583' title='bbox 1749 1217 1865 1245; x_wconf 82' lang='grc' dir='ltr'>δύνασαι</span> 
     </span>
    </p>
   </div>
   <div class='ocr_carea' id='block_1_79' title="bbox 1073 1260 1866 1298">
    <p class='ocr_par' dir='ltr' id='par_1_79' title="bbox 1073 1260 1866 1298">
     <span class='ocr_line' id='line_1_79' title="bbox 1073 1260 1866 1298; baseline 0.005 -12"><span class='ocrx_word' id='word_1_584' title='bbox 1073 1260 1281 1296; x_wconf 80' lang='grc' dir='ltr'>(τετελεύτηκας</span> <span class='ocrx_word' id='word_1_585' title='bbox 1296 1260 1374 1296; x_wconf 82' lang='grc' dir='ltr'>γὰρ),</span> <span class='ocrx_word' id='word_1_586' title='bbox 1389 1262 1413 1287; x_wconf 79' lang='grc' dir='ltr'>οἱ</span> <span class='ocrx_word' id='word_1_587' title='bbox 1426 1261 1479 1287; x_wconf 81' lang='grc' dir='ltr'><strong>ἀπὸ</strong></span> <span class='ocrx_word' id='word_1_588' title='bbox 1491 1261 1538 1288; x_wconf 88' lang='grc' dir='ltr'><strong>σοῦ</strong></span> <span class='ocrx_word' id='word_1_589' title='bbox 1555 1261 1740 1298; x_wconf 82' lang='grc' dir='ltr'>ἀπατηθέντες</span> <span class='ocrx_word' id='word_1_590' title='bbox 1755 1264 1866 1295; x_wconf 80' lang='grc' dir='ltr'>ἀνοιξὰ-</span> 
     </span>
    </p>
   </div>
   <div class='ocr_carea' id='block_1_80' title="bbox 1073 1302 1865 1342">
    <p class='ocr_par' dir='ltr' id='par_1_80' title="bbox 1073 1302 1865 1342">
     <span class='ocr_line' id='line_1_80' title="bbox 1073 1302 1865 1342; baseline 0.004 -10"><span class='ocrx_word' id='word_1_591' title='bbox 1073 1314 1161 1332; x_wconf 84' lang='grc' dir='ltr'>τωσαν</span> <span class='ocrx_word' id='word_1_592' title='bbox 1174 1307 1237 1338; x_wconf 81' lang='grc' dir='ltr'>τοὺς</span> <span class='ocrx_word' id='word_1_593' title='bbox 1253 1305 1408 1341; x_wconf 69' lang='grc' dir='ltr'>ὀφθαλμοὺς</span> <span class='ocrx_word' id='word_1_594' title='bbox 1424 1306 1514 1333; x_wconf 80' lang='grc' dir='ltr'>αὐτῶν</span> <span class='ocrx_word' id='word_1_595' title='bbox 1527 1327 1535 1339; x_wconf 88' lang='lat'>,</span> <span class='ocrx_word' id='word_1_596' title='bbox 1551 1302 1611 1333; x_wconf 54' lang='grc' dir='ltr'><strong>και</strong></span> <span class='ocrx_word' id='word_1_597' title='bbox 1623 1308 1784 1342; x_wconf 83' lang='grc' dir='ltr'>φυγέτωσαν</span> <span class='ocrx_word' id='word_1_598' title='bbox 1808 1309 1865 1335; x_wconf 78' lang='grc' dir='ltr'><strong>ἀπὸ</strong></span> 
     </span>
    </p>
   </div>
   <div class='ocr_carea' id='block_1_81' title="bbox 1074 1351 1866 1388">
    <p class='ocr_par' dir='ltr' id='par_1_81' title="bbox 1074 1351 1866 1388">
     <span class='ocr_line' id='line_1_81' title="bbox 1074 1351 1866 1388; baseline 0.003 -10"><span class='ocrx_word' id='word_1_599' title='bbox 1074 1351 1122 1378; x_wconf 80' lang='grc' dir='ltr'><strong>σοῦ</strong></span> <span class='ocrx_word' id='word_1_600' title='bbox 1135 1372 1142 1383; x_wconf 89' lang='grc'>,</span> <span class='ocrx_word' id='word_1_601' title='bbox 1157 1351 1195 1383; x_wconf 86' lang='grc' dir='ltr'><strong>ὡς</strong></span> <span class='ocrx_word' id='word_1_602' title='bbox 1212 1351 1266 1378; x_wconf 80' lang='grc' dir='ltr'><strong>ἀπὸ</strong></span> <span class='ocrx_word' id='word_1_603' title='bbox 1281 1351 1395 1387; x_wconf 75' lang='grc' dir='ltr'>ἑρπετοῦ</span> <span class='ocrx_word' id='word_1_604' title='bbox 1409 1352 1505 1383; x_wconf 80' lang='grc' dir='ltr'>δεινοῦ,</span> <span class='ocrx_word' id='word_1_605' title='bbox 1524 1352 1571 1379; x_wconf 80' lang='grc' dir='ltr'>καὶ</span> <span class='ocrx_word' id='word_1_606' title='bbox 1585 1352 1784 1388; x_wconf 81' lang='grc' dir='ltr'>λυμαινομένου</span> <span class='ocrx_word' id='word_1_607' title='bbox 1800 1355 1866 1386; x_wconf 72' lang='grc' dir='ltr'>τοὺς</span> 
     </span>
    </p>
   </div>
   <div class='ocr_carea' id='block_1_82' title="bbox 1073 1396 1866 1431">
    <p class='ocr_par' dir='ltr' id='par_1_82' title="bbox 1073 1396 1866 1431">
     <span class='ocr_line' id='line_1_82' title="bbox 1073 1396 1866 1431; baseline 0.003 -9"><span class='ocrx_word' id='word_1_608' title='bbox 1073 1397 1242 1431; x_wconf 75' lang='grc' dir='ltr'>ὲγγίξοντας.</span> <span class='ocrx_word' id='word_1_609' title='bbox 1261 1397 1292 1422; x_wconf 82' lang='grc' dir='ltr'>Εἰ</span> <span class='ocrx_word' id='word_1_610' title='bbox 1306 1396 1360 1431; x_wconf 73' lang='grc' dir='ltr'>γὰρ</span> <span class='ocrx_word' id='word_1_611' title='bbox 1380 1396 1449 1423; x_wconf 83' lang='grc' dir='ltr'>ὅσαι</span> <span class='ocrx_word' id='word_1_612' title='bbox 1467 1397 1640 1431; x_wconf 67' lang='grc' dir='ltr'><strong>ἐπαγγελίαι</strong></span> <span class='ocrx_word' id='word_1_613' title='bbox 1659 1397 1750 1430; x_wconf 79' lang='grc' dir='ltr'>Θεοῦ,</span> <span class='ocrx_word' id='word_1_614' title='bbox 1771 1397 1801 1423; x_wconf 87' lang='grc' dir='ltr'>ἐν</span> <span class='ocrx_word' id='word_1_615' title='bbox 1816 1398 1866 1424; x_wconf 78' lang='grc' dir='ltr'><strong>αὺ-</strong></span> 
     </span>
    </p>
   </div>
   <div class='ocr_carea' id='block_1_83' title="bbox 1073 1440 1865 1477">
    <p class='ocr_par' dir='ltr' id='par_1_83' title="bbox 1073 1440 1865 1477">
     <span class='ocr_line' id='line_1_83' title="bbox 1073 1440 1865 1477; baseline 0.001 -8"><span class='ocrx_word' id='word_1_616' title='bbox 1073 1442 1113 1477; x_wconf 84' lang='grc' dir='ltr'>τῷ</span> <span class='ocrx_word' id='word_1_617' title='bbox 1134 1442 1165 1468; x_wconf 84' lang='grc' dir='ltr'>τὸ</span> <span class='ocrx_word' id='word_1_618' title='bbox 1179 1442 1225 1469; x_wconf 79' lang='grc' dir='ltr'>ναὶ</span> <span class='ocrx_word' id='word_1_619' title='bbox 1237 1462 1244 1473; x_wconf 87' lang='grc'>,</span> <span class='ocrx_word' id='word_1_620' title='bbox 1266 1442 1433 1476; x_wconf 76' lang='grc' dir='ltr'>ἐπαγγελίας</span> <span class='ocrx_word' id='word_1_621' title='bbox 1449 1442 1477 1469; x_wconf 80' lang='grc' dir='ltr'>δὲ</span> <span class='ocrx_word' id='word_1_622' title='bbox 1496 1443 1563 1469; x_wconf 80' lang='grc' dir='ltr'>Θεοῦ</span> <span class='ocrx_word' id='word_1_623' title='bbox 1579 1440 1648 1470; x_wconf 84' lang='grc' dir='ltr'>οἶδεν</span> <span class='ocrx_word' id='word_1_624' title='bbox 1663 1444 1676 1470; x_wconf 82' lang='grc' dir='ltr'>ὁ</span> <span class='ocrx_word' id='word_1_625' title='bbox 1704 1443 1865 1475; x_wconf 70' lang='grc' dir='ltr'>Ἀπόςτολος</span> 
     </span>
    </p>
   </div>
   <div class='ocr_carea' id='block_1_84' title="bbox 1074 1487 1865 1525">
    <p class='ocr_par' dir='ltr' id='par_1_84' title="bbox 1074 1487 1865 1525">
     <span class='ocr_line' id='line_1_84' title="bbox 1074 1487 1865 1525; baseline 0.001 -10"><span class='ocrx_word' id='word_1_626' title='bbox 1074 1489 1118 1515; x_wconf 74' lang='grc' dir='ltr'>διὰ</span> <span class='ocrx_word' id='word_1_627' title='bbox 1134 1488 1180 1514; x_wconf 81' lang='grc' dir='ltr'><strong>τοῦ</strong></span> <span class='ocrx_word' id='word_1_628' title='bbox 1193 1488 1276 1523; x_wconf 85' lang='grc' dir='ltr'>νόμου</span> <span class='ocrx_word' id='word_1_629' title='bbox 1291 1488 1337 1514; x_wconf 70' lang='grc' dir='ltr'>καὶ</span> <span class='ocrx_word' id='word_1_630' title='bbox 1352 1487 1405 1514; x_wconf 86' lang='grc' dir='ltr'><strong>τῶν</strong></span> <span class='ocrx_word' id='word_1_631' title='bbox 1419 1488 1565 1524; x_wconf 69' lang='grc' dir='ltr'>προφητῶν</span> <span class='ocrx_word' id='word_1_632' title='bbox 1575 1496 1582 1503; x_wconf 85' lang='lat'><strong><em>°</em></strong></span> <span class='ocrx_word' id='word_1_633' title='bbox 1596 1489 1648 1524; x_wconf 81' lang='grc' dir='ltr'>ἄρα</span> <span class='ocrx_word' id='word_1_634' title='bbox 1662 1497 1694 1523; x_wconf 92' lang='grc' dir='ltr'><strong>γε</strong></span> <span class='ocrx_word' id='word_1_635' title='bbox 1710 1489 1739 1514; x_wconf 83' lang='grc' dir='ltr'>ἐν</span> <span class='ocrx_word' id='word_1_636' title='bbox 1751 1489 1865 1525; x_wconf 79' lang='grc' dir='ltr'>Χριστῷ</span> 
     </span>
    </p>
   </div>
   <div class='ocr_carea' id='block_1_85' title="bbox 1077 1533 1862 1569">
    <p class='ocr_par' dir='ltr' id='par_1_85' title="bbox 1077 1533 1862 1569">
     <span class='ocr_line' id='line_1_85' title="bbox 1077 1533 1862 1569; baseline 0.003 -10"><span class='ocrx_word' id='word_1_637' title='bbox 1077 1534 1108 1560; x_wconf 70' lang='grc' dir='ltr'><strong>τὸ</strong></span> <span class='ocrx_word' id='word_1_638' title='bbox 1123 1534 1168 1560; x_wconf 70' lang='grc' dir='ltr'>ναὶ</span> <span class='ocrx_word' id='word_1_639' title='bbox 1182 1533 1236 1560; x_wconf 86' lang='grc' dir='ltr'><strong>τῶν</strong></span> <span class='ocrx_word' id='word_1_640' title='bbox 1253 1533 1423 1567; x_wconf 76' lang='grc' dir='ltr'>ἐπαγγελιῶν</span> <span class='ocrx_word' id='word_1_641' title='bbox 1437 1533 1484 1559; x_wconf 83' lang='grc' dir='ltr'><strong>τοῦ</strong></span> <span class='ocrx_word' id='word_1_642' title='bbox 1500 1533 1681 1569; x_wconf 80' lang='grc' dir='ltr'>πληρώματος</span> <span class='ocrx_word' id='word_1_643' title='bbox 1696 1533 1862 1562; x_wconf 73' lang='grc' dir='ltr'>ἐϐεϐαιοῦτο.</span> 
     </span>
    </p>
   </div>
   <div class='ocr_carea' id='block_1_86' title="bbox 1078 1578 1865 1616">
    <p class='ocr_par' dir='ltr' id='par_1_86' title="bbox 1078 1578 1865 1616">
     <span class='ocr_line' id='line_1_86' title="bbox 1078 1578 1865 1616; baseline 0.003 -11"><span class='ocrx_word' id='word_1_644' title='bbox 1078 1579 1135 1605; x_wconf 82' lang='grc' dir='ltr'><strong>Οὐκ</strong></span> <span class='ocrx_word' id='word_1_645' title='bbox 1151 1579 1289 1614; x_wconf 78' lang='grc' dir='ltr'>ἀλλότριος</span> <span class='ocrx_word' id='word_1_646' title='bbox 1304 1578 1351 1605; x_wconf 82' lang='grc' dir='ltr'>οὖν</span> <span class='ocrx_word' id='word_1_647' title='bbox 1365 1580 1379 1605; x_wconf 83' lang='grc' dir='ltr'>ὁ</span> <span class='ocrx_word' id='word_1_648' title='bbox 1392 1579 1509 1614; x_wconf 81' lang='grc' dir='ltr'>Χριστὸς</span> <span class='ocrx_word' id='word_1_649' title='bbox 1528 1580 1574 1606; x_wconf 78' lang='grc' dir='ltr'><strong>τοῦ</strong></span> <span class='ocrx_word' id='word_1_650' title='bbox 1590 1580 1705 1607; x_wconf 80' lang='grc' dir='ltr'>παλαιοῦ</span> <span class='ocrx_word' id='word_1_651' title='bbox 1718 1580 1800 1616; x_wconf 83' lang='grc' dir='ltr'>νόμου</span> <span class='ocrx_word' id='word_1_652' title='bbox 1817 1582 1865 1607; x_wconf 74' lang='grc' dir='ltr'>καὶ</span> 
     </span>
    </p>
   </div>
   <div class='ocr_carea' id='block_1_87' title="bbox 1077 1624 1864 1663">
    <p class='ocr_par' dir='ltr' id='par_1_87' title="bbox 1077 1624 1864 1663">
     <span class='ocr_line' id='line_1_87' title="bbox 1077 1624 1864 1663; baseline 0.005 -13"><span class='ocrx_word' id='word_1_653' title='bbox 1077 1625 1131 1651; x_wconf 77' lang='grc' dir='ltr'><strong>τῶν</strong></span> <span class='ocrx_word' id='word_1_654' title='bbox 1148 1625 1292 1660; x_wconf 71' lang='grc' dir='ltr'>προφητῶν</span> <span class='ocrx_word' id='word_1_655' title='bbox 1301 1645 1308 1655; x_wconf 88' lang='grc'>,</span> <span class='ocrx_word' id='word_1_656' title='bbox 1321 1625 1381 1651; x_wconf 74' lang='grc' dir='ltr'>οὐδὲ</span> <span class='ocrx_word' id='word_1_657' title='bbox 1399 1625 1447 1651; x_wconf 86' lang='grc' dir='ltr'><strong>τοῦ</strong></span> <span class='ocrx_word' id='word_1_658' title='bbox 1465 1625 1532 1651; x_wconf 80' lang='grc' dir='ltr'>Θεοῦ</span> <span class='ocrx_word' id='word_1_659' title='bbox 1543 1624 1589 1652; x_wconf 86' lang='grc' dir='ltr'><strong>τοῦ</strong></span> <span class='ocrx_word' id='word_1_660' title='bbox 1606 1626 1771 1661; x_wconf 80' lang='grc' dir='ltr'>λαλήσαντος</span> <span class='ocrx_word' id='word_1_661' title='bbox 1783 1628 1812 1653; x_wconf 81' lang='grc' dir='ltr'>ἐν</span> <span class='ocrx_word' id='word_1_662' title='bbox 1824 1628 1864 1663; x_wconf 78' lang='grc' dir='ltr'>τῷ</span> 
     </span>
    </p>
   </div>
   <div class='ocr_carea' id='block_1_88' title="bbox 1078 1670 1864 1708">
    <p class='ocr_par' dir='ltr' id='par_1_88' title="bbox 1078 1670 1864 1708">
     <span class='ocr_line' id='line_1_88' title="bbox 1078 1670 1864 1708; baseline 0.004 -12"><span class='ocrx_word' id='word_1_663' title='bbox 1078 1671 1151 1705; x_wconf 85' lang='grc' dir='ltr'>νόμῳ</span> <span class='ocrx_word' id='word_1_664' title='bbox 1161 1690 1168 1701; x_wconf 87' lang='grc'><em>,</em></span> <span class='ocrx_word' id='word_1_665' title='bbox 1184 1671 1231 1697; x_wconf 79' lang='grc' dir='ltr'>καὶ</span> <span class='ocrx_word' id='word_1_666' title='bbox 1245 1671 1272 1696; x_wconf 79' lang='grc' dir='ltr'>ἐν</span> <span class='ocrx_word' id='word_1_667' title='bbox 1288 1670 1398 1705; x_wconf 81' lang='grc' dir='ltr'>Χριστῷ</span> <span class='ocrx_word' id='word_1_668' title='bbox 1412 1670 1460 1702; x_wconf 76' lang='grc' dir='ltr'><strong>τὰς</strong></span> <span class='ocrx_word' id='word_1_669' title='bbox 1475 1671 1559 1698; x_wconf 86' lang='grc' dir='ltr'>αὐτοῦ</span> <span class='ocrx_word' id='word_1_670' title='bbox 1576 1672 1738 1706; x_wconf 73' lang='grc' dir='ltr'>ἐπαγγελίας</span> <span class='ocrx_word' id='word_1_671' title='bbox 1757 1673 1864 1708; x_wconf 83' lang='grc' dir='ltr'>πεπλη-</span> 
     </span>
    </p>
   </div>
   <div class='ocr_carea' id='block_1_89' title="bbox 1078 1715 1864 1753">
    <p class='ocr_par' dir='ltr' id='par_1_89' title="bbox 1078 1715 1864 1753">
     <span class='ocr_line' id='line_1_89' title="bbox 1078 1715 1864 1753; baseline 0.005 -13"><span class='ocrx_word' id='word_1_672' title='bbox 1078 1715 1206 1750; x_wconf 82' lang='grc' dir='ltr'>ρωκότος.</span> <span class='ocrx_word' id='word_1_673' title='bbox 1238 1715 1306 1741; x_wconf 86' lang='grc' dir='ltr'>’Λλλ“</span> <span class='ocrx_word' id='word_1_674' title='bbox 1330 1716 1389 1742; x_wconf 75' lang='grc' dir='ltr'><strong>οὐδὲ</strong></span> <span class='ocrx_word' id='word_1_675' title='bbox 1415 1716 1553 1747; x_wconf 83' lang='grc' dir='ltr'>ἀντίθετος</span> <span class='ocrx_word' id='word_1_676' title='bbox 1580 1717 1594 1742; x_wconf 81' lang='grc' dir='ltr'>ὁ</span> <span class='ocrx_word' id='word_1_677' title='bbox 1612 1717 1730 1752; x_wconf 82' lang='grc' dir='ltr'>Χριστὸς</span> <span class='ocrx_word' id='word_1_678' title='bbox 1752 1717 1790 1752; x_wconf 82' lang='grc' dir='ltr'>τῷ</span> <span class='ocrx_word' id='word_1_679' title='bbox 1804 1718 1864 1753; x_wconf 82' lang='grc' dir='ltr'><strong>Θεῷ</strong></span> 
     </span>
    </p>
   </div>
   <div class='ocr_carea' id='block_1_90' title="bbox 1076 1761 1863 1798">
    <p class='ocr_par' dir='ltr' id='par_1_90' title="bbox 1076 1761 1863 1798">
     <span class='ocr_line' id='line_1_90' title="bbox 1076 1761 1863 1798; baseline 0.004 -11"><span class='ocrx_word' id='word_1_680' title='bbox 1076 1761 1115 1796; x_wconf 83' lang='grc' dir='ltr'>τῷ</span> <span class='ocrx_word' id='word_1_681' title='bbox 1128 1761 1253 1788; x_wconf 77' lang='grc' dir='ltr'>δεδωκότι</span> <span class='ocrx_word' id='word_1_682' title='bbox 1266 1762 1346 1796; x_wconf 78' lang='grc' dir='ltr'>νόμον</span> <span class='ocrx_word' id='word_1_683' title='bbox 1359 1762 1405 1788; x_wconf 71' lang='grc' dir='ltr'>καὶ</span> <span class='ocrx_word' id='word_1_684' title='bbox 1420 1763 1574 1797; x_wconf 78' lang='grc' dir='ltr'>προφήτας.</span> <span class='ocrx_word' id='word_1_685' title='bbox 1589 1763 1639 1790; x_wconf 85' lang='grc' dir='ltr'><strong>Διὰ</strong></span> <span class='ocrx_word' id='word_1_686' title='bbox 1654 1763 1708 1798; x_wconf 88' lang='grc' dir='ltr'><strong>γὰρ</strong></span> <span class='ocrx_word' id='word_1_687' title='bbox 1724 1763 1756 1790; x_wconf 78' lang='grc' dir='ltr'><strong>τὺ</strong></span> <span class='ocrx_word' id='word_1_688' title='bbox 1771 1764 1800 1790; x_wconf 81' lang='grc' dir='ltr'>ἐν</span> <span class='ocrx_word' id='word_1_689' title='bbox 1813 1765 1863 1790; x_wconf 76' lang='grc' dir='ltr'><strong>αὺ-</strong></span> 
     </span>
    </p>
   </div>
   <div class='ocr_carea' id='block_1_91' title="bbox 1075 1807 1862 1844">
    <p class='ocr_par' dir='ltr' id='par_1_91' title="bbox 1075 1807 1862 1844">
     <span class='ocr_line' id='line_1_91' title="bbox 1075 1807 1862 1844; baseline 0.004 -10"><span class='ocrx_word' id='word_1_690' title='bbox 1075 1808 1115 1844; x_wconf 83' lang='grc' dir='ltr'>τῷ</span> <span class='ocrx_word' id='word_1_691' title='bbox 1133 1808 1181 1840; x_wconf 75' lang='grc' dir='ltr'>τὰς</span> <span class='ocrx_word' id='word_1_692' title='bbox 1195 1808 1409 1842; x_wconf 78' lang='grc' dir='ltr'>ἐπαγγελθείσας</span> <span class='ocrx_word' id='word_1_693' title='bbox 1423 1809 1584 1843; x_wconf 75' lang='grc' dir='ltr'>ὑποσχέσεις</span> <span class='ocrx_word' id='word_1_694' title='bbox 1603 1807 1707 1844; x_wconf 73' lang='grc' dir='ltr'>(εἶναι)</span> <span class='ocrx_word' id='word_1_695' title='bbox 1729 1810 1862 1844; x_wconf 80' lang='grc' dir='ltr'>γίνεσθαι,</span> 
     </span>
    </p>
   </div>
   <div class='ocr_carea' id='block_1_92' title="bbox 1075 1853 1862 1889">
    <p class='ocr_par' dir='ltr' id='par_1_92' title="bbox 1075 1853 1862 1889">
     <span class='ocr_line' id='line_1_92' title="bbox 1075 1853 1862 1889; baseline 0 -8"><span class='ocrx_word' id='word_1_696' title='bbox 1075 1854 1119 1881; x_wconf 75' lang='grc' dir='ltr'><strong>διὰ</strong></span> <span class='ocrx_word' id='word_1_697' title='bbox 1135 1854 1213 1881; x_wconf 83' lang='grc' dir='ltr'>τοῦτό</span> <span class='ocrx_word' id='word_1_698' title='bbox 1225 1863 1305 1889; x_wconf 71' lang='grc' dir='ltr'>φησιν</span> <span class='ocrx_word' id='word_1_699' title='bbox 1323 1854 1378 1880; x_wconf 85' lang='grc' dir='ltr'><strong>Καὶ</strong></span> <span class='ocrx_word' id='word_1_700' title='bbox 1392 1853 1429 1880; x_wconf 83' lang='grc' dir='ltr'><strong>δι’</strong></span> <span class='ocrx_word' id='word_1_701' title='bbox 1444 1854 1538 1881; x_wconf 87' lang='grc' dir='ltr'>αὑτοῦ</span> <span class='ocrx_word' id='word_1_702' title='bbox 1561 1854 1594 1880; x_wconf 84' lang='grc' dir='ltr'>τὸ</span> <span class='ocrx_word' id='word_1_703' title='bbox 1616 1853 1706 1888; x_wconf 80' lang='grc' dir='ltr'><strong>Ἀμὴν</strong></span> <span class='ocrx_word' id='word_1_704' title='bbox 1723 1853 1763 1886; x_wconf 86' lang='grc' dir='ltr'>τῷ</span> <span class='ocrx_word' id='word_1_705' title='bbox 1782 1854 1842 1887; x_wconf 85' lang='grc' dir='ltr'><strong>Θεῷ</strong></span> <span class='ocrx_word' id='word_1_706' title='bbox 1855 1863 1862 1870; x_wconf 76' lang='grc'><em>’</em></span> 
     </span>
    </p>
   </div>
   <div class='ocr_carea' id='block_1_93' title="bbox 1075 1899 1863 1936">
    <p class='ocr_par' dir='ltr' id='par_1_93' title="bbox 1075 1899 1863 1936">
     <span class='ocr_line' id='line_1_93' title="bbox 1075 1899 1863 1936; baseline 0 -10"><span class='ocrx_word' id='word_1_707' title='bbox 1075 1900 1142 1926; x_wconf 85' lang='grc' dir='ltr'>Θεοῦ</span> <span class='ocrx_word' id='word_1_708' title='bbox 1168 1900 1218 1935; x_wconf 80' lang='grc' dir='ltr'>μὲν</span> <span class='ocrx_word' id='word_1_709' title='bbox 1242 1900 1347 1936; x_wconf 86' lang='grc' dir='ltr'>Πατρὸς</span> <span class='ocrx_word' id='word_1_710' title='bbox 1364 1900 1599 1935; x_wconf 78' lang='grc' dir='ltr'>ἐπαγγειλαμένου</span> <span class='ocrx_word' id='word_1_711' title='bbox 1613 1919 1620 1932; x_wconf 84' lang='grc'><em>,</em></span> <span class='ocrx_word' id='word_1_712' title='bbox 1640 1899 1758 1936; x_wconf 79' lang='grc' dir='ltr'>Χριστοῦ</span> <span class='ocrx_word' id='word_1_713' title='bbox 1772 1900 1800 1927; x_wconf 80' lang='grc' dir='ltr'>δὲ</span> <span class='ocrx_word' id='word_1_714' title='bbox 1816 1900 1863 1927; x_wconf 80' lang='grc' dir='ltr'><strong>τοῦ</strong></span> 
     </span>
    </p>
   </div>
   <div class='ocr_carea' id='block_1_94' title="bbox 1075 1945 1863 1981">
    <p class='ocr_par' dir='ltr' id='par_1_94' title="bbox 1075 1945 1863 1981">
     <span class='ocr_line' id='line_1_94' title="bbox 1075 1945 1863 1981; baseline 0 -10"><span class='ocrx_word' id='word_1_715' title='bbox 1075 1946 1122 1971; x_wconf 74' lang='grc' dir='ltr'><strong>καὶ</strong></span> <span class='ocrx_word' id='word_1_716' title='bbox 1139 1945 1320 1977; x_wconf 75' lang='grc' dir='ltr'>βεϐαιοῦντος,</span> <span class='ocrx_word' id='word_1_717' title='bbox 1336 1946 1382 1971; x_wconf 77' lang='grc' dir='ltr'>καὶ</span> <span class='ocrx_word' id='word_1_718' title='bbox 1399 1945 1501 1980; x_wconf 84' lang='grc' dir='ltr'>Κυρίου</span> <span class='ocrx_word' id='word_1_719' title='bbox 1513 1945 1544 1972; x_wconf 82' lang='grc' dir='ltr'>τὸ</span> <span class='ocrx_word' id='word_1_720' title='bbox 1567 1945 1651 1980; x_wconf 83' lang='grc' dir='ltr'>Ἀμὴν</span> <span class='ocrx_word' id='word_1_721' title='bbox 1669 1945 1863 1981; x_wconf 78' lang='grc' dir='ltr'>περιποιουμέ-</span> 
     </span>
    </p>
   </div>
   <div class='ocr_carea' id='block_1_95' title="bbox 1075 1991 1864 2027">
    <p class='ocr_par' dir='ltr' id='par_1_95' title="bbox 1075 1991 1864 2027">
     <span class='ocr_line' id='line_1_95' title="bbox 1075 1991 1864 2027; baseline 0.001 -10"><span class='ocrx_word' id='word_1_722' title='bbox 1075 2000 1119 2018; x_wconf 81' lang='grc' dir='ltr'><strong>νου</strong></span> <span class='ocrx_word' id='word_1_723' title='bbox 1132 2011 1140 2022; x_wconf 81' lang='lat'><strong>,</strong></span> <span class='ocrx_word' id='word_1_724' title='bbox 1162 1991 1195 2018; x_wconf 84' lang='grc' dir='ltr'><strong>δι’</strong></span> <span class='ocrx_word' id='word_1_725' title='bbox 1214 1991 1295 2018; x_wconf 79' lang='grc' dir='ltr'>αὐτοῦ</span> <span class='ocrx_word' id='word_1_726' title='bbox 1323 1992 1351 2017; x_wconf 78' lang='grc' dir='ltr'>ἐν</span> <span class='ocrx_word' id='word_1_727' title='bbox 1367 1993 1423 2023; x_wconf 83' lang='grc' dir='ltr'>τοῖς</span> <span class='ocrx_word' id='word_1_728' title='bbox 1443 1991 1476 2017; x_wconf 85' lang='grc' dir='ltr'><strong>δι’</strong></span> <span class='ocrx_word' id='word_1_729' title='bbox 1495 1991 1577 2018; x_wconf 83' lang='grc' dir='ltr'>αὐτοῦ</span> <span class='ocrx_word' id='word_1_730' title='bbox 1601 1993 1635 2027; x_wconf 83' lang='grc' dir='ltr'>τῇ</span> <span class='ocrx_word' id='word_1_731' title='bbox 1654 1991 1804 2027; x_wconf 73' lang='grc' dir='ltr'>ἐπαγγελίᾳ</span> <span class='ocrx_word' id='word_1_732' title='bbox 1820 1992 1864 2027; x_wconf 83' lang='grc' dir='ltr'>βε-</span> 
     </span>
    </p>
   </div>
   <div class='ocr_carea' id='block_1_96' title="bbox 1075 2037 1863 2073">
    <p class='ocr_par' dir='ltr' id='par_1_96' title="bbox 1075 2037 1863 2073">
     <span class='ocr_line' id='line_1_96' title="bbox 1075 2037 1863 2073; baseline 0.004 -11"><span class='ocrx_word' id='word_1_733' title='bbox 1075 2037 1214 2064; x_wconf 73' lang='grc' dir='ltr'>ϐαιωθεῖσι</span> <span class='ocrx_word' id='word_1_734' title='bbox 1239 2038 1286 2064; x_wconf 76' lang='grc' dir='ltr'>καὶ</span> <span class='ocrx_word' id='word_1_735' title='bbox 1308 2037 1499 2071; x_wconf 71' lang='grc' dir='ltr'>ἐπι-γνωσθεῖσι</span> <span class='ocrx_word' id='word_1_736' title='bbox 1523 2038 1569 2064; x_wconf 83' lang='grc' dir='ltr'>τὸν</span> <span class='ocrx_word' id='word_1_737' title='bbox 1590 2038 1699 2073; x_wconf 77' lang='grc' dir='ltr'>Πατέρα</span> <span class='ocrx_word' id='word_1_738' title='bbox 1723 2038 1805 2065; x_wconf 78' lang='grc' dir='ltr'>αὑτοῦ</span> <span class='ocrx_word' id='word_1_739' title='bbox 1834 2040 1863 2065; x_wconf 85' lang='grc' dir='ltr'>ἐν</span> 
     </span>
    </p>
   </div>
   <div class='ocr_carea' id='block_1_97' title="bbox 1074 2083 1863 2118">
    <p class='ocr_par' dir='ltr' id='par_1_97' title="bbox 1074 2083 1863 2118">
     <span class='ocr_line' id='line_1_97' title="bbox 1074 2083 1863 2118; baseline 0.004 -10"><span class='ocrx_word' id='word_1_740' title='bbox 1074 2083 1149 2118; x_wconf 82' lang='grc' dir='ltr'>νόμῳ</span> <span class='ocrx_word' id='word_1_741' title='bbox 1162 2083 1340 2118; x_wconf 78' lang='grc' dir='ltr'>λελαληκὸτα,</span> <span class='ocrx_word' id='word_1_742' title='bbox 1355 2084 1403 2110; x_wconf 82' lang='grc' dir='ltr'>καὶ</span> <span class='ocrx_word' id='word_1_743' title='bbox 1426 2085 1454 2110; x_wconf 85' lang='grc' dir='ltr'>ὲν</span> <span class='ocrx_word' id='word_1_744' title='bbox 1467 2084 1626 2118; x_wconf 78' lang='grc' dir='ltr'>Εὑαγγελίῳ</span> <span class='ocrx_word' id='word_1_745' title='bbox 1642 2086 1697 2116; x_wconf 86' lang='grc' dir='ltr'>τοῖς</span> <span class='ocrx_word' id='word_1_746' title='bbox 1716 2093 1863 2111; x_wconf 74' lang='grc' dir='ltr'>πεπιστευ-</span> 
     </span>
    </p>
   </div>
   <div class='ocr_carea' id='block_1_98' title="bbox 1074 2129 1864 2168">
    <p class='ocr_par' dir='ltr' id='par_1_98' title="bbox 1074 2129 1864 2168">
     <span class='ocr_line' id='line_1_98' title="bbox 1074 2129 1864 2168; baseline 0.003 -13"><span class='ocrx_word' id='word_1_747' title='bbox 1074 2129 1134 2155; x_wconf 69' lang='grc' dir='ltr'>κόσι</span> <span class='ocrx_word' id='word_1_748' title='bbox 1149 2129 1335 2164; x_wconf 81' lang='grc' dir='ltr'>δεδωρημένον</span> <span class='ocrx_word' id='word_1_749' title='bbox 1350 2129 1385 2155; x_wconf 84' lang='grc' dir='ltr'><strong>τὰ</strong></span> <span class='ocrx_word' id='word_1_750' title='bbox 1404 2130 1525 2165; x_wconf 85' lang='grc' dir='ltr'>σωτήρια</span> <span class='ocrx_word' id='word_1_751' title='bbox 1541 2129 1594 2157; x_wconf 90' lang='grc' dir='ltr'><strong>τῶν</strong></span> <span class='ocrx_word' id='word_1_752' title='bbox 1614 2130 1746 2164; x_wconf 79' lang='grc' dir='ltr'>λεγόντων</span> <span class='ocrx_word' id='word_1_753' title='bbox 1764 2130 1798 2168; x_wconf 61' lang='grc' dir='ltr'><strong>δεῖ</strong></span> <span class='ocrx_word' id='word_1_754' title='bbox 1815 2131 1864 2157; x_wconf 75' lang='grc' dir='ltr'><strong>αὺ-</strong></span> 
     </span>
    </p>
   </div>
   <div class='ocr_carea' id='block_1_99' title="bbox 1074 2174 1865 2211">
    <p class='ocr_par' dir='ltr' id='par_1_99' title="bbox 1074 2174 1865 2211">
     <span class='ocr_line' id='line_1_99' title="bbox 1074 2174 1865 2211; baseline 0.001 -10"><span class='ocrx_word' id='word_1_755' title='bbox 1074 2174 1120 2201; x_wconf 85' lang='grc' dir='ltr'><strong>τοῦ</strong></span> <span class='ocrx_word' id='word_1_756' title='bbox 1146 2175 1269 2209; x_wconf 78' lang='grc' dir='ltr'>λέγοντος</span> <span class='ocrx_word' id='word_1_757' title='bbox 1284 2175 1402 2211; x_wconf 82' lang='grc' dir='ltr'>Χριστοῦ</span> <span class='ocrx_word' id='word_1_758' title='bbox 1416 2183 1423 2190; x_wconf 81' lang='lat'><strong>&#39;</strong></span> <span class='ocrx_word' id='word_1_759' title='bbox 1446 2177 1502 2202; x_wconf 79' lang='lat' dir='ltr'><strong>Nat</strong></span> <span class='ocrx_word' id='word_1_760' title='bbox 1527 2177 1544 2203; x_wconf 84' lang='grc' dir='ltr'><em>ὁ</em></span> <span class='ocrx_word' id='word_1_761' title='bbox 1568 2175 1682 2209; x_wconf 76' lang='grc' dir='ltr'>πατὴρ,</span> <span class='ocrx_word' id='word_1_762' title='bbox 1703 2175 1748 2202; x_wconf 84' lang='grc' dir='ltr'>ὅτι</span> <span class='ocrx_word' id='word_1_763' title='bbox 1770 2176 1865 2209; x_wconf 82' lang='grc' dir='ltr'>οὓτως</span> 
     </span>
    </p>
   </div>
   <div class='ocr_carea' id='block_1_100' title="bbox 1075 2219 1579 2256">
    <p class='ocr_par' dir='ltr' id='par_1_100' title="bbox 1075 2219 1579 2256">
     <span class='ocr_line' id='line_1_100' title="bbox 1075 2219 1579 2256; baseline 0.002 -10"><span class='ocrx_word' id='word_1_764' title='bbox 1075 2220 1192 2256; x_wconf 68' lang='grc' dir='ltr'>ἐγένετο</span> <span class='ocrx_word' id='word_1_765' title='bbox 1206 2221 1225 2253; x_wconf 78' lang='grc' dir='ltr'>ἡ</span> <span class='ocrx_word' id='word_1_766' title='bbox 1236 2219 1358 2247; x_wconf 77' lang='grc' dir='ltr'>εὐδοκία</span> <span class='ocrx_word' id='word_1_767' title='bbox 1369 2220 1496 2247; x_wconf 78' lang='grc' dir='ltr'><strong>ἐνώπιόν</strong></span> <span class='ocrx_word' id='word_1_768' title='bbox 1510 2229 1579 2247; x_wconf 89' lang='grc' dir='ltr'>σου.</span> 
     </span>
    </p>
   </div>
   <div class='ocr_carea' id='block_1_101' title="bbox 1113 2264 1864 2300">
    <p class='ocr_par' dir='ltr' id='par_1_101' title="bbox 1113 2264 1864 2300">
     <span class='ocr_line' id='line_1_101' title="bbox 1113 2264 1864 2300; baseline -0.001 -8"><span class='ocrx_word' id='word_1_769' title='bbox 1113 2265 1134 2300; x_wconf 77' lang='grc' dir='ltr'><strong>β’</strong></span> <span class='ocrx_word' id='word_1_770' title='bbox 1152 2266 1198 2292; x_wconf 74' lang='grc' dir='ltr'>καὶ</span> <span class='ocrx_word' id='word_1_771' title='bbox 1213 2265 1259 2292; x_wconf 74' lang='grc' dir='ltr'><strong>κς¹</strong></span> <span class='ocrx_word' id='word_1_772' title='bbox 1279 2265 1352 2300; x_wconf 83' lang='grc' dir='ltr'>σχόλ.</span> <span class='ocrx_word' id='word_1_773' title='bbox 1374 2266 1415 2292; x_wconf 79' lang='grc' dir='ltr'><strong>Οὐ</strong></span> <span class='ocrx_word' id='word_1_774' title='bbox 1435 2264 1490 2300; x_wconf 75' lang='grc' dir='ltr'>γὰρ</span> <span class='ocrx_word' id='word_1_775' title='bbox 1514 2265 1637 2297; x_wconf 73' lang='grc' dir='ltr'>ἑαυτοὺς</span> <span class='ocrx_word' id='word_1_776' title='bbox 1660 2266 1864 2300; x_wconf 77' lang='grc' dir='ltr'>κηρύσσομεν,</span> 
     </span>
    </p>
   </div>
   <div class='ocr_carea' id='block_1_102' title="bbox 1076 2311 1864 2345">
    <p class='ocr_par' dir='ltr' id='par_1_102' title="bbox 1076 2311 1864 2345">
     <span class='ocr_line' id='line_1_102' title="bbox 1076 2311 1864 2345; baseline 0 -7"><span class='ocrx_word' id='word_1_777' title='bbox 1076 2312 1157 2339; x_wconf 74' lang='grc' dir='ltr'><em>ἀλλὰ</em></span> <span class='ocrx_word' id='word_1_778' title='bbox 1186 2311 1316 2345; x_wconf 80' lang='grc' dir='ltr'>Χριστὸν</span> <span class='ocrx_word' id='word_1_779' title='bbox 1348 2311 1464 2345; x_wconf 84' lang='grc' dir='ltr'>Ἰησοῦν</span> <span class='ocrx_word' id='word_1_780' title='bbox 1481 2331 1489 2343; x_wconf 88' lang='lat'><strong><em>,</em></strong></span> <span class='ocrx_word' id='word_1_781' title='bbox 1517 2312 1644 2344; x_wconf 77' lang='grc' dir='ltr'>ἑαυτοὺς</span> <span class='ocrx_word' id='word_1_782' title='bbox 1671 2312 1704 2338; x_wconf 81' lang='grc' dir='ltr'><strong>δὲ</strong></span> <span class='ocrx_word' id='word_1_783' title='bbox 1734 2311 1864 2344; x_wconf 77' lang='grc' dir='ltr'><strong>δούλους</strong></span> 
     </span>
    </p>
   </div>
   <div class='ocr_carea' id='block_1_103' title="bbox 1076 2357 1864 2392">
    <p class='ocr_par' dir='ltr' id='par_1_103' title="bbox 1076 2357 1864 2392">
     <span class='ocr_line' id='line_1_103' title="bbox 1076 2357 1864 2392; baseline 0 -7"><span class='ocrx_word' id='word_1_784' title='bbox 1076 2357 1159 2392; x_wconf 80' lang='grc' dir='ltr'><strong>ὑμῶν</strong></span> <span class='ocrx_word' id='word_1_785' title='bbox 1172 2357 1221 2383; x_wconf 81' lang='grc' dir='ltr'><strong>διὰ</strong></span> <span class='ocrx_word' id='word_1_786' title='bbox 1241 2357 1354 2390; x_wconf 81' lang='grc' dir='ltr'>Ἰησοῦ.</span> <span class='ocrx_word' id='word_1_787' title='bbox 1375 2357 1436 2384; x_wconf 84' lang='grc' dir='ltr'>Ὅτι</span> <span class='ocrx_word' id='word_1_788' title='bbox 1453 2357 1520 2390; x_wconf 72' lang='grc' dir='ltr'>θεὸς</span> <span class='ocrx_word' id='word_1_789' title='bbox 1545 2359 1561 2384; x_wconf 83' lang='grc' dir='ltr'><em>ὁ</em></span> <span class='ocrx_word' id='word_1_790' title='bbox 1577 2357 1668 2384; x_wconf 82' lang='grc' dir='ltr'>εἰπὼν</span> <span class='ocrx_word' id='word_1_791' title='bbox 1679 2358 1714 2384; x_wconf 77' lang='grc' dir='ltr'>ἐκ</span> <span class='ocrx_word' id='word_1_792' title='bbox 1733 2358 1864 2390; x_wconf 76' lang='grc' dir='ltr'>σκότους</span> 
     </span>
    </p>
   </div>
   <div class='ocr_carea' id='block_1_104' title="bbox 1076 2404 1281 2439">
    <p class='ocr_par' dir='ltr' id='par_1_104' title="bbox 1076 2404 1281 2439">
     <span class='ocr_line' id='line_1_104' title="bbox 1076 2404 1281 2439; baseline -0.005 -8"><span class='ocrx_word' id='word_1_793' title='bbox 1076 2404 1139 2439; x_wconf 62' lang='grc' dir='ltr'><strong>φῶς</strong></span> <span class='ocrx_word' id='word_1_794' title='bbox 1154 2405 1281 2438; x_wconf 68' lang='grc' dir='ltr'>λάμψαι.</span> 
     </span>
    </p>
   </div>
   <div class='ocr_carea' id='block_1_105' title="bbox 1113 2450 1863 2486">
    <p class='ocr_par' dir='ltr' id='par_1_105' title="bbox 1113 2450 1863 2486">
     <span class='ocr_line' id='line_1_105' title="bbox 1113 2450 1863 2486; baseline -0.003 -8"><span class='ocrx_word' id='word_1_795' title='bbox 1113 2451 1135 2486; x_wconf 84' lang='grc' dir='ltr'><strong>β’</strong></span> <span class='ocrx_word' id='word_1_796' title='bbox 1148 2452 1194 2478; x_wconf 69' lang='grc' dir='ltr'>καὶ</span> <span class='ocrx_word' id='word_1_797' title='bbox 1209 2455 1254 2484; x_wconf 79' lang='grc' dir='ltr'><strong>κς¹</strong></span> <span class='ocrx_word' id='word_1_798' title='bbox 1271 2453 1359 2486; x_wconf 78' lang='grc' dir='ltr'>ἐλεγχ.</span> <span class='ocrx_word' id='word_1_799' title='bbox 1377 2452 1414 2477; x_wconf 81' lang='lat' dir='ltr'><strong>Ou</strong></span> <span class='ocrx_word' id='word_1_800' title='bbox 1433 2458 1613 2485; x_wconf 79' lang='grc' dir='ltr'>κηρυσσουσιν</span> <span class='ocrx_word' id='word_1_801' title='bbox 1629 2450 1741 2481; x_wconf 73' lang='grc' dir='ltr'>ἑαυτοὺς</span> <span class='ocrx_word' id='word_1_802' title='bbox 1752 2450 1777 2476; x_wconf 83' lang='grc' dir='ltr'>οἱ</span> <span class='ocrx_word' id='word_1_803' title='bbox 1796 2450 1863 2476; x_wconf 78' lang='grc' dir='ltr'>ἀπό-</span> 
     </span>
    </p>
   </div>
   <div class='ocr_carea' id='block_1_106' title="bbox 1079 2495 1863 2532">
    <p class='ocr_par' dir='ltr' id='par_1_106' title="bbox 1079 2495 1863 2532">
     <span class='ocr_line' id='line_1_106' title="bbox 1079 2495 1863 2532; baseline -0.001 -10"><span class='ocrx_word' id='word_1_804' title='bbox 1079 2496 1166 2522; x_wconf 82' lang='grc' dir='ltr'>στολοι</span> <span class='ocrx_word' id='word_1_805' title='bbox 1179 2516 1187 2529; x_wconf 83' lang='grc'>,</span> <span class='ocrx_word' id='word_1_806' title='bbox 1215 2497 1282 2523; x_wconf 82' lang='grc' dir='ltr'>ἀλλὰ</span> <span class='ocrx_word' id='word_1_807' title='bbox 1306 2497 1422 2532; x_wconf 86' lang='grc' dir='ltr'>Χριστὸν</span> <span class='ocrx_word' id='word_1_808' title='bbox 1441 2496 1543 2532; x_wconf 79' lang='grc' dir='ltr'>Ἰησοῦν</span> <span class='ocrx_word' id='word_1_809' title='bbox 1563 2495 1673 2532; x_wconf 83' lang='grc' dir='ltr'>Κύριον.</span> <span class='ocrx_word' id='word_1_810' title='bbox 1691 2495 1736 2521; x_wconf 69' lang='grc' dir='ltr'>Διὸ</span> <span class='ocrx_word' id='word_1_811' title='bbox 1751 2496 1801 2522; x_wconf 74' lang='grc' dir='ltr'>οὐκ</span> <span class='ocrx_word' id='word_1_812' title='bbox 1824 2495 1863 2521; x_wconf 80' lang='grc' dir='ltr'>ἔνι</span> 
     </span>
    </p>
   </div>
   <div class='ocr_carea' id='block_1_107' title="bbox 1080 2541 1863 2577">
    <p class='ocr_par' dir='ltr' id='par_1_107' title="bbox 1080 2541 1863 2577">
     <span class='ocr_line' id='line_1_107' title="bbox 1080 2541 1863 2577; baseline -0.001 -9"><span class='ocrx_word' id='word_1_813' title='bbox 1080 2542 1186 2577; x_wconf 77' lang='grc' dir='ltr'>αἵρεσις</span> <span class='ocrx_word' id='word_1_814' title='bbox 1198 2562 1206 2573; x_wconf 82' lang='grc'><em>,</em></span> <span class='ocrx_word' id='word_1_815' title='bbox 1233 2543 1293 2569; x_wconf 78' lang='grc' dir='ltr'><strong>οὐδὲ</strong></span> <span class='ocrx_word' id='word_1_816' title='bbox 1322 2542 1468 2577; x_wconf 80' lang='grc' dir='ltr'>Ἐκκλησία</span> <span class='ocrx_word' id='word_1_817' title='bbox 1484 2543 1524 2572; x_wconf 83' lang='grc' dir='ltr'><strong>είς</strong></span> <span class='ocrx_word' id='word_1_818' title='bbox 1542 2541 1626 2576; x_wconf 73' lang='grc' dir='ltr'>ὄνομα</span> <span class='ocrx_word' id='word_1_819' title='bbox 1645 2541 1799 2567; x_wconf 81' lang='grc' dir='ltr'>ἀποστόλων</span> <span class='ocrx_word' id='word_1_820' title='bbox 1818 2542 1863 2568; x_wconf 76' lang='grc' dir='ltr'><strong>ἁν-</strong></span> 
     </span>
    </p>
   </div>
   <div class='ocr_carea' id='block_1_108' title="bbox 1077 2585 1861 2625">
    <p class='ocr_par' dir='ltr' id='par_1_108' title="bbox 1077 2585 1861 2625">
     <span class='ocr_line' id='line_1_108' title="bbox 1077 2585 1861 2625; baseline -0.003 -12"><span class='ocrx_word' id='word_1_821' title='bbox 1077 2587 1262 2623; x_wconf 80' lang='grc' dir='ltr'>ηγορευμένη.</span> <span class='ocrx_word' id='word_1_822' title='bbox 1277 2588 1410 2614; x_wconf 78' lang='grc' dir='ltr'>Οὐδέποτε</span> <span class='ocrx_word' id='word_1_823' title='bbox 1424 2587 1478 2622; x_wconf 82' lang='grc' dir='ltr'>γὰρ</span> <span class='ocrx_word' id='word_1_824' title='bbox 1490 2587 1644 2622; x_wconf 71' lang='grc' dir='ltr'>ἠκούσαμεν</span> <span class='ocrx_word' id='word_1_825' title='bbox 1658 2587 1674 2621; x_wconf 83' lang='grc' dir='ltr'>ἢ</span> <span class='ocrx_word' id='word_1_826' title='bbox 1690 2586 1829 2625; x_wconf 71' lang='grc' dir='ltr'>Πετρὶους,</span> <span class='ocrx_word' id='word_1_827' title='bbox 1845 2585 1861 2620; x_wconf 82' lang='grc' dir='ltr'>ἢ</span> 
     </span>
    </p>
   </div>
   <div class='ocr_carea' id='block_1_109' title="bbox 1076 2631 1863 2668">
    <p class='ocr_par' dir='ltr' id='par_1_109' title="bbox 1076 2631 1863 2668">
     <span class='ocr_line' id='line_1_109' title="bbox 1076 2631 1863 2668; baseline -0.003 -9"><span class='ocrx_word' id='word_1_828' title='bbox 1076 2633 1226 2664; x_wconf 80' lang='grc' dir='ltr'>Παυλίους,</span> <span class='ocrx_word' id='word_1_829' title='bbox 1250 2633 1266 2668; x_wconf 88' lang='grc' dir='ltr'>ἦ</span> <span class='ocrx_word' id='word_1_830' title='bbox 1294 2633 1512 2668; x_wconf 78' lang='grc' dir='ltr'>Βαρθολομαίους</span> <span class='ocrx_word' id='word_1_831' title='bbox 1528 2653 1536 2665; x_wconf 87' lang='lat'><strong><em>,</em></strong></span> <span class='ocrx_word' id='word_1_832' title='bbox 1562 2633 1578 2668; x_wconf 88' lang='grc' dir='ltr'>ἢ</span> <span class='ocrx_word' id='word_1_833' title='bbox 1604 2631 1749 2663; x_wconf 78' lang='grc' dir='ltr'>Θαδδαίους</span> <span class='ocrx_word' id='word_1_834' title='bbox 1765 2640 1772 2647; x_wconf 81' lang='lat'>&#39;</span> <span class='ocrx_word' id='word_1_835' title='bbox 1796 2631 1863 2658; x_wconf 72' lang='grc' dir='ltr'>ἀλλὰ</span> 
     </span>
    </p>
   </div>
   <div class='ocr_carea' id='block_1_110' title="bbox 1076 2679 1862 2716">
    <p class='ocr_par' dir='ltr' id='par_1_110' title="bbox 1076 2679 1862 2716">
     <span class='ocr_line' id='line_1_110' title="bbox 1076 2679 1862 2716; baseline -0.001 -10"><span class='ocrx_word' id='word_1_836' title='bbox 1076 2680 1202 2716; x_wconf 85' lang='grc' dir='ltr'>ἀπαρχῆς</span> <span class='ocrx_word' id='word_1_837' title='bbox 1217 2680 1245 2707; x_wconf 84' lang='grc' dir='ltr'>ἒν</span> <span class='ocrx_word' id='word_1_838' title='bbox 1265 2681 1396 2716; x_wconf 84' lang='grc' dir='ltr'>κήρυγμα</span> <span class='ocrx_word' id='word_1_839' title='bbox 1414 2681 1522 2707; x_wconf 73' lang='grc' dir='ltr'>πάντων</span> <span class='ocrx_word' id='word_1_840' title='bbox 1539 2680 1594 2706; x_wconf 84' lang='grc' dir='ltr'><strong>τῶν</strong></span> <span class='ocrx_word' id='word_1_841' title='bbox 1617 2679 1790 2713; x_wconf 71' lang='grc' dir='ltr'>ἀποστόλων,</span> <span class='ocrx_word' id='word_1_842' title='bbox 1814 2679 1862 2705; x_wconf 73' lang='grc' dir='ltr'>οὐκ</span> 
     </span>
    </p>
   </div>
   <div class='ocr_carea' id='block_1_111' title="bbox 1077 2725 1862 2762">
    <p class='ocr_par' dir='ltr' id='par_1_111' title="bbox 1077 2725 1862 2762">
     <span class='ocr_line' id='line_1_111' title="bbox 1077 2725 1862 2762; baseline -0.003 -10"><span class='ocrx_word' id='word_1_843' title='bbox 1077 2727 1175 2757; x_wconf 71' lang='grc' dir='ltr'>αὐτοὺς</span> <span class='ocrx_word' id='word_1_844' title='bbox 1188 2725 1334 2761; x_wconf 80' lang='grc' dir='ltr'>κηρύσσον,</span> <span class='ocrx_word' id='word_1_845' title='bbox 1351 2726 1420 2752; x_wconf 78' lang='grc' dir='ltr'>ἀλλὰ</span> <span class='ocrx_word' id='word_1_846' title='bbox 1431 2726 1548 2762; x_wconf 80' lang='grc' dir='ltr'>Χριστὸν</span> <span class='ocrx_word' id='word_1_847' title='bbox 1568 2725 1671 2761; x_wconf 86' lang='grc' dir='ltr'>Ἰησοῦν</span> <span class='ocrx_word' id='word_1_848' title='bbox 1688 2725 1798 2761; x_wconf 78' lang='grc' dir='ltr'>Κύριον.</span> <span class='ocrx_word' id='word_1_849' title='bbox 1818 2725 1862 2751; x_wconf 74' lang='grc' dir='ltr'>Διὸ</span> 
     </span>
    </p>
   </div>
   <div class='ocr_carea' id='block_1_112' title="bbox 1078 2771 1862 2808">
    <p class='ocr_par' dir='ltr' id='par_1_112' title="bbox 1078 2771 1862 2808">
     <span class='ocr_line' id='line_1_112' title="bbox 1078 2771 1862 2808; baseline -0.001 -10"><span class='ocrx_word' id='word_1_850' title='bbox 1078 2771 1125 2798; x_wconf 78' lang='grc' dir='ltr'>καὶ</span> <span class='ocrx_word' id='word_1_851' title='bbox 1139 2772 1223 2808; x_wconf 78' lang='grc' dir='ltr'>ὄνομα</span> <span class='ocrx_word' id='word_1_852' title='bbox 1236 2773 1285 2808; x_wconf 83' lang='grc' dir='ltr'><strong>τῆς</strong></span> <span class='ocrx_word' id='word_1_853' title='bbox 1303 2772 1466 2807; x_wconf 81' lang='grc' dir='ltr'>Ἐκκλησίας</span> <span class='ocrx_word' id='word_1_854' title='bbox 1489 2773 1514 2798; x_wconf 88' lang='grc' dir='ltr'>οἰ</span> <span class='ocrx_word' id='word_1_855' title='bbox 1535 2772 1634 2804; x_wconf 84' lang='grc' dir='ltr'>πάντες</span> <span class='ocrx_word' id='word_1_856' title='bbox 1654 2771 1744 2798; x_wconf 75' lang='grc' dir='ltr'>ἔθεντο</span> <span class='ocrx_word' id='word_1_857' title='bbox 1757 2771 1802 2804; x_wconf 82' lang='grc' dir='ltr'><strong>ἓν,</strong></span> <span class='ocrx_word' id='word_1_858' title='bbox 1815 2771 1862 2806; x_wconf 64' lang='grc' dir='ltr'><strong>οὐχ</strong></span> 
     </span>
    </p>
   </div>
   <div class='ocr_carea' id='block_1_113' title="bbox 279 2847 1022 2885">
    <p class='ocr_par' dir='ltr' id='par_1_113' title="bbox 279 2847 1022 2883">
     <span class='ocr_line' id='line_1_113' title="bbox 279 2847 1022 2883; baseline 0.003 -8"><span class='ocrx_word' id='word_1_859' title='bbox 279 2848 286 2863; x_wconf 97' lang='grc'>¹</span> <span class='ocrx_word' id='word_1_860' title='bbox 302 2847 395 2876; x_wconf 84' lang='lat' dir='ltr'><strong>Matth.</strong></span> <span class='ocrx_word' id='word_1_861' title='bbox 412 2857 494 2882; x_wconf 73' lang='lat' dir='ltr'><strong>xxvu,</strong></span> <span class='ocrx_word' id='word_1_862' title='bbox 512 2849 556 2882; x_wconf 64' lang='lat'><strong>5&#39;2.</strong></span> <span class='ocrx_word' id='word_1_863' title='bbox 573 2849 615 2877; x_wconf 77' lang='grc'>55.</span> <span class='ocrx_word' id='word_1_864' title='bbox 655 2851 665 2866; x_wconf 87' lang='grc'>¹</span> <span class='ocrx_word' id='word_1_865' title='bbox 685 2849 706 2877; x_wconf 75' lang='lat' dir='ltr'><strong>ll</strong></span> <span class='ocrx_word' id='word_1_866' title='bbox 720 2849 783 2878; x_wconf 86' lang='lat' dir='ltr'><strong>Cor.</strong></span> <span class='ocrx_word' id='word_1_867' title='bbox 802 2857 821 2883; x_wconf 84' lang='grc' dir='ltr'>ι,</span> <span class='ocrx_word' id='word_1_868' title='bbox 833 2849 878 2878; x_wconf 75' lang='lat'><strong>20.</strong></span> <span class='ocrx_word' id='word_1_869' title='bbox 917 2850 927 2866; x_wconf 85' lang='grc'><strong>⁸</strong></span> <span class='ocrx_word' id='word_1_870' title='bbox 946 2849 1022 2878; x_wconf 72' lang='lat' dir='ltr'><strong>Matt!</strong></span> 
     </span>
    </p>
   </div>
   <div class='ocr_carea' id='block_1_114' title="bbox 1078 2847 1661 2885">
    <p class='ocr_par' dir='ltr' id='par_1_114' title="bbox 1078 2849 1661 2885">
     <span class='ocr_line' id='line_1_114' title="bbox 1078 2849 1661 2885; baseline -0.002 -8"><span class='ocrx_word' id='word_1_871' title='bbox 1078 2857 1081 2877; x_wconf 81' lang='grc' dir='ltr'><strong>ι</strong></span> <span class='ocrx_word' id='word_1_872' title='bbox 1108 2850 1152 2878; x_wconf 72' lang='grc'>26.</span> <span class='ocrx_word' id='word_1_873' title='bbox 1191 2850 1202 2868; x_wconf 80' lang='grc'><strong>⁸</strong></span> <span class='ocrx_word' id='word_1_874' title='bbox 1219 2849 1241 2877; x_wconf 87' lang='grc' dir='ltr'><strong>ιι</strong></span> <span class='ocrx_word' id='word_1_875' title='bbox 1275 2850 1338 2877; x_wconf 83' lang='lat' dir='ltr'><strong>Cor.</strong></span> <span class='ocrx_word' id='word_1_876' title='bbox 1358 2858 1398 2882; x_wconf 89' lang='lat' dir='ltr'>III,</span> <span class='ocrx_word' id='word_1_877' title='bbox 1415 2850 1441 2878; x_wconf 84' lang='lat'><strong>5.</strong></span> <span class='ocrx_word' id='word_1_878' title='bbox 1479 2851 1489 2866; x_wconf 81' lang='grc'><strong><em>⁵</em></strong></span> <span class='ocrx_word' id='word_1_879' title='bbox 1510 2849 1540 2877; x_wconf 80' lang='lat' dir='ltr'><strong>F.</strong></span> <span class='ocrx_word' id='word_1_880' title='bbox 1557 2849 1661 2885; x_wconf 77' lang='grc' dir='ltr'>μέλλον.</span> 
     </span>
    </p>
   </div>
  </div>
