1964 3047
91 166 144 195 801

429 164 615 194 ADVERSUS
634 164 804 192 llAillESES
822 164 887 192 LIB.
907 163 930 191 Ι.
949 163 1032 191 ΤΟΜ.
1048 163 1091 191 Ill.
1109 179 1142 184 —
1163 163 1299 191 naues.
1319 163 1398 191 XLII.

1664 164 1717 192 802

92 226 218 257 ἑαυτῶν.
233 225 301 252 ἀλλὰ
324 225 372 252 τοῦ
397 225 500 260 Κυρίου
523 224 611 251 αὐτῶν
641 224 727 259 Ἰησοῦ
751 223 880 258 Χριστοῦ,

948 222 1059 249 :braret.
1077 221 1117 249 0b
1134 221 1160 248 id
1178 221 1306 248 Ecclesiae
1327 229 1424 248 nomen
1449 229 1532 248 unum
1552 228 1648 249 omnes
1666 222 1718 249 im-

92 273 148 300 ἀπὺ
169 272 332 306 ’Λντιοχείας
359 270 517 306 ἀρξαμένων
533 270 702 306 Χριστιανῶν
725 269 877 296 καλεῖσθαι·

92 318 162 352 ὅπερ
177 316 250 342 ἐστὶν
264 317 280 351 ἡ
296 315 363 351 μόνη
376 314 506 350 καθολικὴ
525 314 687 349 Ἐκκλησία,
707 314 757 340 οὐκ
777 314 841 340 ἄλλο
853 322 880 339 τι

94 362 204 397 ἔχουσα,
223 361 290 388 ἀλλὰ
303 360 435 397 Χριστοῦ,
453 360 622 396 Χριστιανῶν
636 358 701 386 οὖσα
722 359 879 395 Ἐκκλησία,

97 409 130 434 οὐ
144 407 270 442 Χριστῶν
283 427 290 438 ,
319 405 563 440 ἀλλὰΧριστιανῶν
576 413 584 421 ³
598 404 645 432 τοῦ
663 406 711 440 μὲν
726 405 784 437 ἑνὸς
799 405 882 440 ὑπάρ-

95 461 200 489 χοντος,
215 452 267 478 τῶν
277 452 304 478 δὲ
319 452 372 478 ἀπὸ
385 451 431 478 τοῦ
443 451 502 482 ἐνὸς
515 450 684 486 Χριστιανῶν
697 450 880 485 καλουμένων,

97 499 176 526 Μετὰ
192 497 293 533 ταύτην
310 497 338 523 δὲ
357 497 479 528 καὶτοὺς
493 496 576 532 αὐτῆς
592 496 716 532 κήρυκας
735 496 819 522 πᾶσαι
838 495 883 522 οὕ-

97 544 157 571 κέτι
171 543 218 570 τοῦ
235 542 317 570 αὐτοῦ
336 542 508 578 χαρακτῆρος
520 541 680 577 φαινόμεναι
695 541 738 567 διὰ
753 541 806 567 τῶν
823 541 883 567 ἐπι-

98 590 184 617 θέτων
204 588 343 625 ὀνομάτων
363 589 538 623 Μανιχαίων,
561 587 608 614 καὶ
629 587 820 622 Σιμωνιανῶν,
837 586 884 613 καὶ

99 635 299 668 Οὐαλεντίνων,
317 635 363 661 καὶ
388 634 551 661 Ἐϐιωναίων
561 642 568 649 ·
586 630 622 659 ὧν
636 630 677 664 εἷς
689 633 735 659 καὶ
747 632 789 664 σὺ,
806 633 885 667 Μαρ-

96 680 176 712 κίων,
192 679 334 714 ὑπάρχεις.
350 678 404 705 Καί
429 687 476 704 σου
491 678 522 704 τὸ
544 678 628 713 ὄνομα
653 677 845 711 ἐπικέκληνται
859 677 884 703 at

99 725 154 752 ὑπὸ
178 724 225 751 σοῦ
243 723 412 759 ἠπατημένοι
424 744 431 756 ,
446 723 483 755 ὡς
507 723 618 749 σεαυτὸν
635 721 818 758 κηρύξαντος,
840 721 886 748 καὶ

99 771 161 805 οὐχὶ
177 770 304 806 Χριστόν.
321 768 388 796 Εἶτά
397 778 496 804 φασιν,
513 769 554 795 ὅτι
573 768 601 794 '0
620 767 692 801 Θεὸς
708 769 724 794 ὁ
743 767 834 794 εἰπὼν
852 767 886 794 ἐκ

101 818 232 850 σκότους
249 815 311 850 φῶς
324 815 449 851 λάμψαι.
474 816 503 841 '0
515 814 580 846 Θεὸς
597 814 626 841 δὲ
647 815 721 846 ποῖος
740 813 795 840 ἀλλ’
817 814 830 839 6
847 811 887 845 εἷς

101 865 116 891 6
136 864 166 890 ὲν
179 863 217 898 τῷ
231 863 360 898 προφήτῃ·
371 861 461 895 δείξας
481 862 513 888 ἐκ
534 861 645 892 σκότους
665 860 737 895 φῶς,
751 861 887 887 τουτέστιν

933 271 1099 302 posuerunt,
1109 275 1163 294 non
1183 275 1262 294 suum
1279 267 1381 301 utique.
1395 266 1442 294 sed
1453 266 1553 294 Christi
1564 266 1638 300 Jesu,
1653 275 1718 295 cum

932 314 1083 341 Antiochiae
1103 314 1225 349 primum
1239 313 1368 348 appellari
1394 313 1542 340 Christiani
1566 319 1717 348 cmpcrunt.

934 360 1010 393 Quod
1028 359 1136 394 quidem
1152 359 1237 387 solam
1252 359 1285 386 ad
1305 359 1465 386 catholicam
1489 359 1636 387 Ecclesiam
1652 367 1718 386 con-

934 407 1007 434 venit
1020 427 1027 437 ,
1041 414 1101 441 qua:
1117 405 1191 432 nullo
1204 405 1257 433 alio
1273 413 1353 440 quam
1366 405 1467 432 Christi
1483 405 1592 433 nomine
1607 405 1721 440 praedito

935 452 1155 479 Christianorum
1171 450 1309 483 Ecclesia,
1324 458 1378 477 non
1393 450 1565 477 Christorum
1577 470 1584 482 ,
1599 450 1698 477 dicitur
1713 457 1719 475 :

935 498 1003 525 adeo
1026 502 1055 525 ut
1083 505 1144 524 cum
1163 505 1234 525 unus
1261 497 1305 524 ille
1324 497 1375 528 sit,
1401 497 1492 532 plures
1517 501 1607 523 tamen
1632 497 1665 523 ab
1690 504 1722 523 eo

936 541 1083 570 Christiani
1108 533 1293 568 nominentur.
1318 541 1359 567 Ab
1388 541 1440 568 hac
1462 540 1582 567 Ecclesia
1610 540 1724 576 ejusque

936 587 1107 622 praeconibus
1132 587 1178 614 ubi
1204 586 1381 618 discesseris,
1409 586 1519 620 reliqua:
1537 593 1632 613 omnes
1652 585 1724 612 haud

937 632 1030 660 eadem
1058 636 1121 659 nota
1148 635 1291 663 constant,
1316 639 1376 666 qua:
1404 632 1539 665 adjunrtis
1568 631 1725 658 nominibus

938 683 1020 714 atque
1036 678 1162 712 epithetis
1183 682 1330 711 vocantur;
1353 677 1563 704 Manichaeorum
1582 677 1725 710 videlicet,

940 723 1159 751 Simonianorum
1171 744 1178 756 ,
1196 723 1401 750 Valentinorum
1414 743 1422 756 ,
1438 723 1626 750 Ebionmorum
1637 743 1644 754 ,
1663 723 1728 757 qui-

939 769 990 797 bus
1006 773 1032 796 et
1046 773 1085 801 tu,
1099 768 1210 801 Marcio,
1224 769 1445 796 annumerandus
1462 777 1493 796 es
1508 777 1514 795 :
1532 769 1611 803 cujus
1628 776 1727 796 nomen

940 813 1095 840 inscribunt
1109 813 1126 840 ii
1141 813 1192 840 sibi
1205 832 1212 844 ,
1227 820 1296 848 quos
1308 817 1367 839 tute
1383 813 1410 839 in
1423 820 1542 840 errorem
1563 812 1702 840 induxeris
1719 821 1727 839 :

942 863 1036 894 utpote
1058 858 1104 894 qui
1130 860 1266 893 teipsmn,
1287 866 1341 885 non
1368 858 1506 886 Christum
1529 858 1728 893 prmdicavcris.

101 910 159 936 ἀπὸ
173 908 223 943 τῆς
237 908 292 935 τῶν
305 907 456 944 ἀνθρώπων
474 907 602 938 ἀπιστίας
621 907 667 933 καὶ
679 906 814 939 ἀγνωσίας
830 906 887 940 φῶς

948 905 1008 932 Γυιη
1023 905 1130 932 demum
1151 904 1278 939 inquiunt.
1303 914 1310 932 :
1335 904 1402 931 Deus
1423 905 1466 938 qui
1489 905 1555 930 dixit
1572 904 1602 931 de
1619 904 1730 931 tenebris

102 955 151 982 καὶ
168 954 268 989 γνῶσιν
290 954 320 980 ὲν
342 952 452 990 Χριστῷ
465 952 575 988 saltem
593 953 601 968 ¹
626 953 655 979 ἐν
683 953 743 984 ταῖς
766 952 890 987 καρδίαις

106 1000 186 1036 ἡμῶν
209 1000 263 1026 τῶν
287 1007 352 1025 ποτε
374 998 458 1025 sava»
485 997 761 1033 εἰδωλολατρούντων,
789 996 836 1023 νῦν
863 997 892 1023 δὲ

106 1046 174 1072 Θεὸν
192 1044 237 1071 τὸν
255 1044 315 1070 τότε
329 1044 358 1070 ἐν
376 1043 415 1078 τῷ
427 1043 552 1079 προφήτῃ
565 1042 851 1078 προεπαγγειλάμενον
862 1042 892 1068 τὸ

105 1092 164 1128 φῶς
179 1090 275 1118 ἑαυτοῦ
291 1090 320 1116 ὲν
336 1089 376 1125 τῷ
388 1089 482 1124 κόσμῳ
498 1089 623 1124 λάμψαις
638 1089 675 1120 ὡς
690 1089 740 1116 οὐκ
751 1088 890 1122 ἀλλοτρίου

105 1138 181 1168 ὗντος
197 1136 318 1167 Παλαιᾶς
344 1135 391 1162 καὶ
408 1134 512 1169 Καινῆς
523 1134 673 1169 Διαθήκης,
689 1134 726 1165 ὡς
753 1134 817 1168 ἡμῖν
832 1132 892 1164 ἔθος

105 1184 202 1218 γέγονε
218 1182 323 1209 πείθειν
335 1189 374 1213 σε,
387 1178 410 1207 ὦ
423 1180 565 1216 Μαρκίων,
581 1181 626 1214 ἀφ’
638 1177 675 1206 ὧν
689 1179 761 1215 ἔχεις
770 1187 894 1215 γεγραμ-

107 1229 198 1264 μένων
215 1228 348 1262 λειψάνων
371 1226 419 1253 τοῦ
442 1225 607 1260 Εὑαγγελίου
620 1245 628 1257 ,
642 1225 689 1252 καὶ
714 1224 751 1260 μὴ
768 1225 821 1251 ὑπὸ
845 1224 893 1251 σοῦ

106 1273 274 1300 ἀπατᾶσθαι.

942 951 1222 986 δρίθιιόεεεεγειιιερηι,
1239 951 1306 984 Quis
1317 951 1361 978 hic
1376 950 1447 979 Deus
1461 955 1501 978 est
1528 951 1582 978 nisi
1599 959 1670 978 unus
1686 951 1732 978 ille

943 997 989 1032 qni
1003 996 1073 1031 apud
1090 997 1237 1032 prophetas
1251 1004 1265 1024 e
1281 997 1400 1024 tenebris
1419 997 1509 1024 lumen
1527 997 1666 1025 ostendit?
1679 997 1731 1024 hoc

944 1047 984 1070 est
1001 1051 1032 1070 ex
1050 1042 1191 1069 hominum
1218 1042 1378 1070 inﬁdelitate
1392 1047 1420 1070 et
1441 1043 1548 1071 inscitia
1560 1063 1567 1075 ,
1586 1051 1634 1078 per
1653 1043 1733 1070 Chri-

945 1092 1016 1116 stum
1034 1088 1121 1116 lucem
1137 1096 1169 1115 ac
1188 1088 1330 1116 scientiam
1348 1089 1374 1116 in
1398 1088 1526 1116 cordibus
1543 1088 1645 1116 nostris
1659 1088 1734 1115 exci-

945 1134 1020 1161 tavit.
1032 1133 1083 1167 Qui
1102 1141 1163 1161 cum
1174 1134 1237 1161 olim
1249 1135 1318 1162 inter
1327 1139 1420 1170 gentes
1429 1142 1635 1162 numeraremur
1649 1134 1734 1161 simu-

946 1179 1029 1207 lacris
1041 1180 1182 1214 addictas,
1207 1181 1290 1208 Deum
1307 1181 1383 1208 illum
1398 1181 1479 1208 modo
1495 1188 1668 1212 venerantur,
1687 1180 1733 1214 qui

947 1233 995 1260 per
1010 1226 1168 1260 prophetam
1186 1227 1275 1254 lucem
1290 1235 1366 1254 suam
1386 1227 1523 1254 illaturum
1548 1234 1609 1254 sese
1634 1225 1735 1252 mundo

948 1272 1121 1306 promiserat,
1136 1276 1166 1299 ut
1183 1273 1318 1309 intelligas
1339 1273 1464 1301 eumdem
1489 1281 1576 1308 neque
1592 1281 1606 1300 a
1626 1272 1735 1314 Veteri,

108 1327 197 1354 neque
209 1326 225 1345 a
238 1317 312 1345 Novo
327 1316 501 1345 Testamento
516 1315 649 1344 dissidere
664 1324 670 1342 :
686 1315 713 1343 id
723 1314 796 1350 quod
811 1315 895 1343 certis
915 1315 964 1344 tibi
984 1318 1138 1344 rationibus
1159 1318 1274 1345 Suadere
1284 1339 1291 1351 ,
1305 1318 1405 1346 Marcio
1416 1339 1423 1350 ,
1447 1321 1566 1345 solemus
1576 1340 1583 1350 ,
1614 1326 1646 1346 ex
1683 1318 1736 1345 illis

109 1367 178 1402 ipsis
194 1365 330 1401 Evangelii
343 1363 484 1400 reliquiis,
500 1371 560 1400 quae
573 1363 644 1399 apud
659 1368 686 1392 te
708 1365 816 1399 scriptae
830 1364 1006 1400 reperiuntur
1020 1385 1028 1398 ,
1046 1373 1136 1400 neque
1160 1366 1256 1394 fraude
1291 1371 1336 1393 tua
1368 1376 1417 1394 nos
1447 1367 1639 1394 circumveniri
1666 1367 1736 1402 pati-

109 1422 181 1443 mur.

145 1463 170 1494 γ’
183 1459 230 1486 καὶ
242 1458 282 1491 κζ’
296 1458 369 1494 σχόλ.
382 1458 522 1492 Ἔχοντες
535 1457 568 1484 δὲ
580 1458 613 1485 τὸ
624 1457 696 1485 αὐτὸ
712 1458 830 1494 πνεῦμα
841 1458 897 1492 τῆς

110 1507 239 1537 πίστεως
257 1504 306 1531 καί
330 1504 415 1538 ἡμεῖς
431 1504 611 1538 πιστεύομεν
623 1512 631 1519 ·
659 1503 704 1530 διὸ
722 1504 771 1530 καὶ
786 1505 897 1532 ,λαλοῦ-

107 1560 177 1587 per.
201 1550 326 1585 Ἐξέκοψε
343 1550 370 1576 δὲ
382 1550 423 1581 τὸ,
442 1550 517 1576 κατὰ
529 1549 561 1576 rd
576 1549 788 1584 γεγραμμένον.

147 1600 171 1631 γ’
185 1596 231 1623 καὶ
249 1595 288 1627 κζ’
306 1595 394 1630 ἐλεγχ.
411 1595 449 1620 Οὐ
467 1594 607 1629 δοθήσεταί
622 1603 663 1621 σοι
674 1595 754 1626 τόπος
764 1596 792 1622 ὲν
809 1593 849 1626 οἷς
863 1595 896 1621 ἂν

111 1643 284 1678 τολμήσειας.
299 1642 358 1668 Κάν
380 1649 410 1668 τε
432 1641 487 1676 γὰρ
502 1641 620 1676 ἐκκόψῃς
633 1641 662 1667 τὸ
673 1661 680 1673 ,
703 1641 778 1668 κατὰ
800 1641 832 1668 rd
849 1649 897 1676 τε-

112 1687 290 1723 τραμμένον,
306 1687 430 1722 φαίνεται
447 1688 464 1722 ὴ
478 1687 527 1721 τῆς
541 1687 788 1722 προγεγραμμένης
800 1687 898 1720 λέξεως

112 1733 266 1762 ἀκολουθία.
291 1732 358 1759 Ἀπὸ
383 1731 430 1758 τοῦ
455 1731 529 1767 γὰρ,
562 1732 742 1759 Ἐπίστευσα
757 1753 763 1763 ,
780 1732 826 1759 διὸ
849 1733 899 1758 καὶ

112 1780 270 1812 ἐλάλησα,
291 1778 371 1809 εὐθὺς
393 1777 428 1804 τὰ
455 1776 499 1803 [σα
521 1776 672 1811 ἐπενέγκας
697 1778 710 1803 ὁ
740 1777 899 1808 Ἀπύστολος

114 1826 182 1860 ἔφη·
201 1825 341 1858 Ἔχοντες
354 1823 388 1850 τὸ
401 1823 474 1850 αὐτὸ
501 1823 618 1858 πνεῦμα
634 1822 690 1856 τῆς
706 1824 833 1856 πίστεως
850 1823 899 1850 καὶ

114 1871 200 1906 ἡμεῖς
218 1871 414 1905 πιστεύομεν,
437 1869 483 1895 διὸ
505 1868 556 1895 καὶ
583 1869 747 1902 λαλοῦμεν.
770 1869 854 1895 Παντὶ
870 1868 899 1895 δέ

114 1924 154 1951 τῳ
171 1915 254 1949 σαφές
271 1915 327 1941 ἐστι
342 1914 430 1944 τοῦτο.
448 1914 489 1940 ὃτι
506 1914 536 1940 ἐν
550 1913 589 1948 τῷ
605 1913 743 1949 ἑκατοστῷ
758 1922 900 1940 πεντεκαι-

115 1960 220 1996 δεκάτῳ
234 1959 333 1995 ψαλμῷ
357 1961 386 1986 ὲν
409 1959 449 1994 τῷ
471 1959 521 1994 τὴν
549 1958 703 1994 ἐπιγραφὴν
726 1959 900 1992 numam

117 2006 214 2042 ἔχοντι,
232 2006 281 2041 τῆς
301 2006 330 2032 δὲ
343 2004 389 2032 τοῦ
407 2004 489 2031 Δαϐὶδ
505 2004 597 2039 βίϐλου
612 2004 677 2036 ὄντι,
696 2005 741 2030 καὶ
759 2005 804 2031 ὑπ’
818 2003 900 2031 αὑτοῦ

117 2051 377 2087 προπεφητευμένῳ,
395 2051 409 2077 6
421 2050 499 2084 λόγος
521 2050 578 2081 τοῦ,
587 2050 774 2076 Ἐπίστευσα
788 2049 846 2076 ἐστὶ
857 2058 901 2083 γε-

117 2097 286 2134 γραμμένος.
303 2096 383 2123 Ὅθεν
398 2097 445 2123 καὶ
458 2097 473 2123 6
493 2096 652 2127 Ἀπόστολος
670 2095 749 2122 ἔλαϐε
763 2088 794 2121 τὸ
810 2095 900 2130 ῥητὸν,

118 2143 166 2170 καὶ
177 2143 276 2178 ὁμοίως
290 2142 341 2178 ἔφη
357 2142 403 2174 τὸ,
418 2142 466 2169 Διὸ
489 2142 671 2176 πιστεύομεν
687 2143 736 2168 καὶ
750 2141 835 2176 ἡμεῖς
853 2142 901 2168 καὶ

118 2189 282 2223 λαλοῦμεν,
293 2186 333 2220 εἷς
346 2187 383 2215 ὢν
394 2187 440 2215 τοῦ
453 2187 569 2224 ἀριθμοῦ
581 2188 635 2214 τῶν
645 2187 809 2214 ἀποστόλων.
822 2186 903 2214 Ὅθεν

986 1459 1078 1488 Schol.
1093 1459 1110 1487 5
1125 1464 1151 1487 et
1165 1459 1209 1485 27.
1226 1458 1356 1485 Habentes
1378 1464 1465 1485 autem
1483 1467 1600 1487 eumaem
1615 1461 1737 1494 spiritum

953 1505 1012 1540 ﬁdei
1039 1509 1063 1532 et
1082 1513 1129 1531 nos
1150 1503 1297 1535 credimus,
1319 1509 1424 1538 propter
1436 1505 1505 1539 quod
1522 1512 1545 1531 el
1566 1506 1696 1540 loquimur
1714 1508 1736 1534 ¹.

951 1550 1001 1578 Ubi
1016 1558 1097 1578 voces
1112 1551 1172 1577 illas
1184 1550 1306 1581 sustulit,
1330 1550 1398 1576 sicut
1413 1552 1540 1584 scrip/um
1553 1557 1603 1579 est.

983 1596 1075 1624 Refut.
1094 1597 1110 1623 5
1130 1600 1156 1623 et
1173 1596 1219 1624 27.
1232 1595 1401 1630 Quocunque
1422 1596 1563 1624 audaciam
1585 1602 1658 1624 tuam
1672 1605 1738 1625 con—

948 1643 1074 1673 verteris,
1100 1643 1204 1669 nullum
1226 1650 1280 1676 quo
1307 1646 1332 1669 te
1352 1642 1456 1670 inseras
1480 1643 1583 1670 aditum
1605 1644 1742 1673 invenies.

950 1689 1012 1716 Sive
1035 1689 1107 1715 enim
1132 1688 1176 1715 illa
1203 1688 1301 1721 verba,
1319 1688 1385 1714 sicut
1404 1689 1532 1722 scriptum
1552 1694 1607 1723 est,
1629 1691 1737 1724 deleas,

949 1733 1167 1761 antecedentium
1193 1734 1338 1760 verborum
1360 1732 1418 1767 ipsa
1436 1734 1521 1761 series
1537 1739 1657 1769 apparet.
1675 1734 1740 1763 Post

949 1780 1006 1807 haec
1016 1779 1087 1807 cnim
1103 1779 1185 1806 verba
1202 1787 1209 1806 :
1225 1778 1340 1811 Credidi,
1352 1784 1457 1814 propter
1468 1781 1537 1814 quod
1550 1781 1650 1807 locutus
1665 1789 1738 1814 sum,

950 1825 1065 1853 subinde
1077 1825 1192 1859 aequalia
1208 1825 1377 1860 subjungens
1390 1827 1426 1852 ait
1441 1826 1589 1861 Apostolus
1604 1835 1611 1853 :
1630 1826 1739 1854 [luben—

950 1877 988 1897 tas
1003 1870 1121 1896 eumdem
1140 1869 1262 1904 spiritum
1283 1869 1346 1904 ﬁdei
1361 1873 1385 1896 et
1403 1878 1448 1896 nos
1468 1870 1614 1903 credimus,
1635 1875 1741 1904 propter

950 1917 1018 1951 quod
1034 1917 1176 1950 loquimur.
1198 1915 1283 1957 Nemo
1300 1919 1389 1942 autem
1401 1915 1465 1942 illud
1482 1915 1614 1950 ignorate
1634 1916 1740 1950 psalmo

950 1970 1012 1993 cxv,
1025 1962 1068 1989 cui
1083 1962 1244 1996 inscriptum
1261 1964 1302 1988 est
1318 1961 1449 1994 Alleluia,
1466 1961 1567 1996 quique
1585 1962 1611 1988 in
1630 1961 1740 1989 Davidis

951 2008 1021 2034 libro
1045 2008 1152 2042 legitur,
1164 2010 1191 2034 et
1211 2007 1281 2034 inter
1295 2006 1354 2040 ejus
1369 2007 1480 2034 oracula
1497 2012 1624 2034 censetur
1634 2027 1642 2038 ,
1657 2007 1739 2034 verba

952 2053 997 2080 illa
1011 2061 1072 2080 esse
1092 2053 1250 2087 deprompta
1260 2073 1266 2084 ,
1284 2052 1401 2084 Credidi,
1417 2057 1470 2080 etc.
1485 2053 1562 2081 Unde
1575 2057 1602 2081 et
1623 2053 1740 2088 Aposto—

952 2099 994 2126 lus
1009 2099 1142 2133 ejusmodi
1159 2098 1322 2125 sententiam
1334 2099 1493 2131 transtulit,
1509 2107 1541 2126 ac
1556 2099 1681 2126 similiter
1692 2107 1741 2126 ex.

952 2146 1050 2180 pressit
1067 2154 1074 2172 :
1093 2145 1203 2180 Propter
1216 2146 1284 2180 quod
1301 2145 1430 2172 credimus
1453 2149 1476 2172 et
1499 2145 1581 2180 368
1601 2153 1646 2171 nos
1663 2149 1687 2171 et
1702 2145 1742 2172 lo-

952 2190 1057 2224 quimur
1073 2197 1082 2216 :
1098 2190 1144 2217 ille
1166 2190 1276 2226 inquam
1301 2189 1418 2222 Paulus,
1433 2190 1478 2225 qui
1500 2198 1533 2217 ex
1554 2190 1740 2224 apostolorum

118 2236 150 2262 οὐ
163 2235 259 2269 λέγει’
275 2234 320 2260 Διὸ
343 2234 391 2261 καὶ
416 2235 574 2265 ἐπίστευσα,
604 2233 651 2260 καὶ
675 2233 804 2268 ἐλάλησα·
820 2233 895 2265 ἀλλὰ,

955 2244 1068 2263 numero
1091 2244 1162 2263 unus
1179 2237 1293 2264 exstitit.
1320 2236 1421 2263 Idcirco
1446 2244 1499 2263 non
1517 2236 1585 2263 dixit
1602 2246 1609 2263 ;
1628 2235 1742 2270 Propter

126 2280 224 2314 Ἡμεῖς
237 2279 428 2313 πιστεύομεν,
444 2278 490 2306 διὸ
505 2279 554 2305 καί
570 2278 733 2313 λαλοῦμεν.
751 2279 795 2305 ἴνα
808 2278 903 2305 ἑαυτὸν

123 2326 192 2362 μετὰ
213 2326 268 2352 τῶν
291 2325 378 2352 ἄλλων
404 2325 560 2352 ἀποστόλων
587 2324 704 2360 συνάψῃ.
727 2324 781 2351 Καί
802 2332 901 2359 φησιν·

122 2372 265 2406 Ἔχοντες
286 2370 320 2397 δὲ
336 2370 370 2397 τὸ
384 2371 456 2398 αὐτὸ
473 2370 604 2405 πνεῦμαε
626 2370 669 2396 ἵνα
683 2369 758 2405 δείξῃ
779 2369 808 2396 τὺ
822 2370 851 2396 ἐν
864 2368 903 2404 τῷ

120 2417 203 2444 Δαῦὶδ
213 2417 330 2452 λαλῆσαν
338 2417 449 2453 Πνεῦμα
461 2416 492 2443 τδ
506 2417 570 2444 αὐτὸ
580 2415 609 2442 ὃν
622 2416 732 2452 Πνεῦμα
744 2416 791 2443 καὶ
805 2417 833 2442 ὲν
847 2416 904 2447 τοίς

121 2463 278 2495 ἀποστόλοις
292 2483 300 2496 ,
327 2464 374 2498 ἀφ’
398 2460 483 2498 οὗπερ
510 2462 570 2489 τότε
595 2463 699 2494 ἐκεῖνος
726 2461 905 2497 προφητεύων

122 2509 278 2536 ἐπίστευεν
303 2510 332 2536 ὲν
358 2505 380 2543 ᾧ
411 2508 549 2543 Πνεῦματι
578 2509 625 2535 καὶ
652 2508 728 2535 αὐτοὶ
754 2508 829 2539 ὄντες
858 2517 905 2535 m-

123 2553 246 2580 στεύουσι
259 2553 306 2580 καὶ
327 2553 446 2580 λαλοῦσι.
467 2553 554 2589 Πολλὴ
573 2553 602 2579 δὲ
615 2553 706 2580 ἀδικία
732 2553 779 2580 καὶ
809 2553 905 2580 πλεον-

121 2599 193 2631 εξία,
207 2599 244 2631 ὡς
260 2599 356 2631 είπεῖν,
371 2598 414 2625 διὰ
427 2598 597 2634 νοημάτων¹.
612 2598 664 2625 Τοῦ
674 2598 728 2634 γὰρ
742 2599 904 2625 ’Δποστόλου

123 2644 151 2669 ἓν
168 2644 214 2670 καὶ
227 2643 257 2670 τὸ
274 2643 339 2670 αὐτὸ
353 2642 463 2678 Πνεῦμα
476 2642 625 2678 φάσκοντος
634 2663 641 2675 ,
659 2643 718 2675 πῶς
732 2644 749 2679 ἡ
767 2643 814 2670 τοῦ
827 2645 906 2679 Μαρ-

123 2689 219 2720 κίωνος
234 2689 321 2720 ἄνοια,
331 2687 498 2724 ὁμολογοῦσα
511 2688 604 2715 τοῦτον
617 2689 661 2715 τὸν
674 2688 752 2722 λόγον
767 2689 813 2715 τὸν
828 2689 905 2723 ἅγιον

129 2734 287 2761 Ἀπόστολον
303 2733 461 2769 εἰρηκέναι,
475 2733 561 2769 τολμᾷ
580 2734 667 2768 λέγειν
682 2734 745 2761 ἄλλο
761 2732 830 2762 εἶναι
845 2734 906 2762 τότε

121 2778 153 2807 τὸ
171 2779 291 2814 Πνεῦμα,
305 2779 352 2806 καὶ
368 2779 431 2807 ἄλλο
442 2780 472 2807 τὸ
484 2781 513 2807 ὲν
526 2782 581 2813 τοῖς
595 2781 752 2812 ἀποστόλοις
760 2782 775 2813 ;’

161 2859 168 2874 ¹
185 2857 216 2886 F.
233 2857 356 2919 λάμψαςῖ
372 2859 420 2887 sed
440 2859 517 2888 deest
529 2859 642 2896 aliquid.
681 2861 692 2877 ³
711 2859 742 2888 F.
755 2860 954 2897 διανοημάτων.

955 2283 1026 2317 quod
1042 2287 1068 2309 et
1083 2282 1197 2315 credidi,
1212 2287 1238 2309 et
1256 2283 1363 2310 locutus
1380 2290 1450 2315 sum,
1467 2282 1513 2310 scd
1524 2282 1597 2315 ,Nos
1613 2282 1742 2308 credimus

954 2332 1059 2362 propter
1072 2329 1142 2363 quod
1161 2333 1185 2355 et
1208 2328 1348 2362 loquimur,
1369 2332 1398 2354 ut
1415 2336 1444 2356 se
1466 2335 1527 2354 cum
1546 2327 1659 2363 reliquis
1677 2335 1743 2362 apo—

956 2374 1033 2401 stolis
1060 2374 1246 2408 conjungeret.
1271 2375 1360 2406 Quare
1384 2375 1420 2401 ita
1452 2374 1578 2408 scripsit,
1613 2373 1742 2400 (labentes

956 2418 1075 2445 eumdem
1096 2419 1235 2454 spiritum,
1259 2423 1289 2445 ut
1313 2419 1466 2446 ostenderet
1479 2419 1554 2446 illum
1576 2419 1679 2454 ipsum,
1696 2420 1743 2455 qui

958 2471 1006 2498 per
1033 2463 1162 2490 Davidem
1189 2464 1368 2499 loquebatur,
1393 2472 1441 2498 per
1468 2465 1606 2500 apostolos
1634 2472 1744 2500 quoque

960 2507 1092 2543 Spiritum
1102 2516 1162 2536 esse
1172 2509 1292 2536 locutum
1306 2519 1313 2536 :
1329 2509 1407 2544 cujus
1419 2509 1463 2537 ille
1474 2510 1611 2544 quondam
1624 2510 1743 2545 impulsu

959 2554 1110 2582 vaticinans
1125 2554 1253 2588 credidit,
1270 2560 1296 2583 et
1321 2556 1354 2582 ad
1372 2556 1497 2584 eumdem
1514 2557 1681 2592 pertinentes
1697 2557 1743 2585 isti

959 2600 1041 2628 modo
1059 2600 1174 2628 credunt
1190 2605 1217 2628 et
1232 2601 1391 2635 loquuntur.
1402 2601 1534 2632 Versatur
1546 2607 1635 2630 autem
1649 2603 1677 2629 in
1691 2602 1745 2629 hoc

958 2646 1020 2673 loco
1047 2646 1215 2682 intelligendi
1238 2655 1271 2674 ac
1289 2647 1447 2682 disputandi
1472 2655 1598 2683 perversa
1619 2647 1743 2682 quaedam

959 2698 992 2718 ac
1016 2691 1121 2720 fraudis
1144 2693 1222 2727 plena
1238 2693 1317 2720 ratio.
1337 2693 1403 2720 Nam
1416 2701 1478 2722 cum
1499 2694 1643 2729 Apostolus
1658 2701 1743 2720 unum

959 2737 1139 2772 eumdemque
1165 2737 1296 2773 Spiritum
1327 2746 1388 2766 esse
1416 2739 1541 2771 deliniat,
1568 2746 1621 2774 qua
1654 2738 1745 2766 fronte

959 2791 1054 2812 vecors
1071 2784 1115 2813 illc
1135 2784 1257 2818 Marcio,
1281 2784 1328 2821 qui
1351 2785 1425 2813 illam
1444 2792 1602 2821 germanam
1620 2784 1743 2820 Apostoli
