1964 3047
214 149 266 177 εθδ
917 156 946 182 S.
967 155 1139 184 EPIPHANII
1793 163 1847 192 ὃοι

215 208 366 236 orationem
380 216 441 238 csse
455 213 550 246 negat,
564 210 647 238 alium
664 215 729 239 tunc
744 211 876 247 Spiritum
909 213 1013 246 fuisse,
1050 222 1133 250 quam
1158 222 1203 250 qut
1222 215 1353 250 apostolis
1377 215 1507 252 deinceps
1531 218 1666 253 adfuerit,
1693 229 1778 251 ausus
1802 227 1849 251 est

215 256 357 292 proﬁteri?

306 315 426 350 Epistula
438 317 473 343 ad
486 316 626 350 Romanos,
638 326 696 352 qua:
710 323 748 345 est
763 319 852 346 ordine
867 319 920 347 IV.

1109 320 1164 355 Τῆς
1179 322 1254 356 πρὸς
1271 322 1432 358 Ῥωμαίους
1448 324 1588 359 τετάρτης
1603 326 1790 363 Ἐπιστολῆς.

249 369 307 398 Hoc
322 372 392 398 enim
408 372 503 400 ordine
517 380 532 399 a
553 372 689 401 lllarcione
712 375 824 409 ponitur
845 383 852 402 :
874 383 908 402 ne
940 375 1007 410 quid

214 421 317 444 rectum
332 418 401 452 apud
419 418 492 445 illum
508 426 539 445 ac
557 427 714 453 germanum
731 421 896 454 reperiatur.

251 462 342 489 Schol.
360 463 372 489 1
390 467 417 489 et
432 463 477 490 28.
499 463 652 499 Quicunque
671 465 727 491 sine
745 465 799 500 lege
819 471 1003 500 peccat-erunt,

213 508 269 533 aine
285 507 338 542 lege
352 513 376 534 et
396 508 528 541 peribunt.
549 508 582 535 Et
599 510 746 544 quicunque
767 511 794 537 in
813 510 868 545 lege
885 519 1005 544 peccave-

214 558 283 584 runt,
293 561 337 587 per
347 553 427 588 legem
436 554 636 588 judicabuutur.
643 554 702 581 Non
713 556 781 582 enim
796 557 929 583 auditores
942 557 1004 592 legis

213 600 277 631 iusti
291 599 361 634 apud
378 600 477 633 Deum,
492 600 536 627 sed
553 601 662 636 factum
676 602 738 635 legis
749 601 967 636 justi/imbuatur
982 604 1002 631 ¹.

247 698 361 726 Βοΐυι.1
377 703 403 726 et
418 699 462 726 28.
476 699 503 726 Si
517 699 672 735 quicunque
687 700 747 728 sitte
765 700 823 732 leue
838 706 1001 736 peccarunt,

212 744 272 772 sine
288 745 344 780 lege
361 746 473 780 perituri
491 750 565 777 sunt,
576 746 699 780 profecto
715 747 757 773 lex
777 748 892 774 salutem
906 748 1002 776 obser-

212 793 274 816 vata
290 791 426 820 conciliat.
439 799 489 818 nec
501 799 549 818 eos
566 792 612 826 qui
629 797 738 819 servant
756 793 844 827 perire
859 794 999 828 permittit.

213 836 277 863 ltem
297 836 320 862 si
337 837 383 871 qui
399 837 426 863 in
443 837 500 871 lege
515 841 679 871 pecearunt,
697 846 744 873 per
761 839 844 874 legem
858 839 1000 874 judicandi

211 886 288 914 sunt,
313 882 397 916 judex
414 883 495 917 igitur
520 884 767 918 transgressionunt
795 885 836 912 lex
863 891 922 918 est,
940 893 1000 920 qum

211 935 266 955 non
285 927 422 954 interitum
441 927 517 955 affert
536 936 569 956 ex
594 937 670 962 sese,
696 930 742 957 sed
764 930 912 965 legitimum
927 930 1000 965 judi-

210 972 282 999 cium
297 977 420 1004 exercet,
437 973 524 1008 deque
542 974 575 1001 iis
591 975 637 1008 qui
664 975 791 1002 mandata
817 976 999 1011 violarintju-

210 1022 280 1046 stam
300 1018 480 1053 cognitionem
495 1019 623 1046 instituit.
647 1019 709 1046 Non
730 1021 799 1047 enim
814 1021 947 1048 auditores
962 1021 1000 1048 le-

209 1065 249 1100 gis
259 1064 327 1099 justi
343 1063 412 1098 apud
427 1063 510 1090 Deum
520 1084 527 1096 ,
541 1064 586 1091 sed
603 1066 716 1099 [actores
731 1065 794 1101 legis
811 1066 1000 1101 justiﬁcabun-

210 1114 262 1136 tur.
281 1109 341 1137 Jam
358 1117 422 1136 vero
448 1117 510 1137 cum
543 1110 585 1137 lex
615 1111 694 1139 factis
719 1112 840 1146 praestita
869 1112 999 1141 factorem

209 1156 297 1190 ipsum
312 1155 459 1190 justilicet,
476 1163 530 1183 non
545 1156 645 1191 injusta
656 1176 663 1188 ,
680 1164 768 1192 neque
780 1158 937 1192 ptenitenda
956 1159 1000 1186 lex

208 1200 271 1234 erit,
287 1204 397 1236 propter
409 1209 491 1236 quam
513 1202 579 1236 justi
597 1202 685 1234 ﬁunt,
700 1204 745 1238 qui
760 1203 785 1231 ei
798 1204 999 1239 obtemperant.

208 1247 344 1275 Caeterum
358 1247 392 1274 ad
408 1248 492 1283 legem
509 1248 607 1276 attittet
620 1249 686 1277 ﬁdes
708 1250 789 1277 etiam
812 1250 839 1277 in
860 1249 999 1278 Christum

210 1294 238 1322 in
254 1293 348 1322 eadem
372 1294 431 1329 lege
445 1294 575 1329 praedicta
586 1315 594 1327 ,
611 1295 671 1322 sine
689 1303 744 1330 quo
757 1296 905 1331 justiﬁcari
919 1303 999 1324 nemo

210 1343 311 1375 potest;
329 1344 355 1368 et
372 1340 397 1367 ei
411 1341 523 1375 insuper
535 1341 693 1376 quicunque
717 1341 879 1374 crediderit,
895 1343 999 1378 absque

208 1386 276 1422 legis
306 1386 353 1413 illo
378 1386 534 1414 testimonio
555 1386 704 1421 justiﬁcari
729 1388 838 1423 nequit;
868 1389 998 1424 quoniam

208 1434 334 1461 Christus
349 1433 416 1468 legis
433 1434 660 1468 complementum
674 1437 733 1466 est,
750 1438 779 1460 ut
795 1434 941 1469 Apostolus
955 1435 998 1463 his

209 1480 299 1507 verbis
310 1479 430 1507 declarat
444 1488 450 1506 :
463 1478 604 1506 Plenitudo
616 1479 679 1514 legis
690 1480 812 1507 Christus
824 1485 863 1507 est
874 1480 908 1507 ad
916 1481 1000 1515 justi-

208 1526 273 1553 tiam
287 1527 308 1553 ³.
325 1525 408 1561 369
421 1524 525 1558 Quibus
543 1526 607 1552 illud
623 1526 739 1557 iudicat.
764 1527 822 1554 sine
837 1527 895 1561 lege
918 1531 999 1561 atque

207 1571 317 1599 Christo
331 1571 434 1598 nullam
444 1571 759 1607 essejusutiainﬁeque
773 1572 845 1599 enim
859 1571 998 1608 .ludaciqui

207 1617 346 1644 Christum
359 1617 512 1652 repudiaut.
529 1618 588 1645 sine
603 1626 636 1645 eo
650 1618 895 1653 justiﬁeahuntur;
911 1627 999 1655 neque

207 1668 236 1690 tu
251 1663 450 1697 iustiﬁcabere,
468 1662 584 1695 Marcio,
601 1664 647 1698 qui
663 1664 747 1698 legem
761 1665 889 1699 abnegas.

244 1707 336 1735 Schol.
353 1708 371 1734 2
387 1712 413 1735 et
426 1707 471 1735 29.
489 1708 662 1736 Circuntcisio
676 1710 744 1736 enim
759 1710 865 1744 prodest
881 1710 904 1736 si
916 1711 998 1745 legem

207 1753 290 1789 facias
299 1761 309 1785 ,'
328 1753 352 1780 si
364 1757 451 1779 autem
467 1754 657 1787 praevaricator
681 1755 717 1781 sis
732 1756 796 1790 legis
806 1775 814 1789 ,
829 1756 994 1784 circumcisio

207 1801 254 1823 tua
267 1797 426 1832 prwputium
438 1796 511 1831 facta
524 1802 563 1823 est
580 1797 601 1824 ³.

242 1841 334 1869 Refut.
354 1842 372 1869 2
397 1846 424 1870 et
444 1842 491 1870 29.
512 1842 736 1878 Quandoquidem
760 1844 932 1879 profuturam
944 1847 999 1874 cir-

206 1888 402 1917 cumcisionctn
426 1888 574 1923 Apostolus
588 1890 760 1924 pronuntiat,
775 1891 837 1926 quis
849 1891 998 1922 fructuosis

207 1934 289 1962 rebus
312 1934 478 1962 calumniam
501 1940 608 1962 struere
640 1936 758 1964 audeat?
782 1936 861 1965 Hunc
886 1939 998 1974 quidem

207 1981 342 2016 serpentis
369 1981 485 2008 similem
511 1984 619 2016 oportet
646 1989 723 2014 esse,
741 1990 757 2010 a
784 1991 838 2019 quo
863 1992 951 2021 neque
969 1990 998 2013 tu

206 2025 355 2058 abhorres,
371 2025 484 2052 Marcio.
509 2025 651 2062 Siquidem
677 2027 722 2055 ille
739 2027 784 2056 Dei
803 2029 886 2057 verba
905 2031 999 2058 detor-

205 2080 293 2108 quens
317 2071 398 2099 Evam
416 2072 594 2107 persuasione
616 2081 665 2100 sua
687 2074 810 2110 decepit,
827 2075 865 2102 ita
879 2077 998 2112 compel-

207 2118 290 2146 laus:
312 2117 486 2154 Nequaquam
512 2119 660 2146 moriemini
675 2119 697 2147 ⁵.
722 2120 827 2148 Etenim
850 2122 997 2157 Apostolus

207 2165 291 2200 legem
303 2164 338 2191 ad
352 2165 589 2192 circumcisiouem
602 2165 747 2198 astrinxit,
765 2170 793 2194 et
809 2167 997 2196 circumcisio-

207 2218 268 2237 nem
286 2211 338 2245 legi
361 2215 573 2238 consentaneum
591 2219 652 2238 esse
667 2213 844 2246 monstravit,
861 2214 997 2248 ejusdem-

206 2264 259 2292 que
286 2257 444 2284 mandatum
470 2265 532 2285 esse
548 2257 612 2289 Dei,
638 2258 684 2293 qui
709 2263 735 2286 et
759 2259 996 2288 circumcisionem

205 2303 270 2330 ollm
286 2302 421 2334 instituit,
436 2307 463 2330 et
483 2303 568 2338 legem
588 2303 708 2339 praesidii
721 2311 804 2332 causa
819 2306 898 2339 tulit,
915 2307 996 2341 cujus

206 2349 337 2376 betteﬁcio
366 2349 487 2377 creditus
518 2338 646 2378 Clu‘iStus
672 2351 846 2379 credentibus
872 2338 993 2386 perfecta
1010 2338 1033 2366 D

205 2403 320 2431 quaeque
338 2395 429 2423 dicere
443 2403 474 2423 ac
490 2395 581 2424 facere
594 2397 730 2424 concedit.

242 2452 334 2479 Schol.
357 2453 373 2480 5
388 2457 415 2480 et
438 2452 483 2480 50.
510 2451 643 2481 Habentes
663 2454 877 2488 informationem
903 2457 996 2491 cogni-

205 2497 285 2524 tionis
297 2503 321 2524 et
340 2498 458 2525 veritatis
471 2499 498 2525 in
516 2497 571 2533 lege
579 2498 602 2526 ⁸.

242 2553 333 2581 Refut.
348 2553 401 2581 ὅθι
414 2554 458 2581 50.
477 2553 505 2581 Si
520 2555 641 2589 cognitio
664 2555 883 2585 informationem
906 2558 993 2586 couti-

207 2605 253 2628 net
271 2621 278 2631 .
290 2600 382 2627 .forma
397 2608 462 2628 vero
483 2601 518 2629 ab
541 2601 734 2630 informatione
752 2604 856 2637 oritur;
874 2603 994 2637 Aposto-

207 2648 224 2675 li
243 2654 324 2683 porro
338 2647 493 2682 cognitione
514 2655 547 2674 ac
571 2648 684 2675 veritate
698 2649 804 2684 praediti
816 2658 849 2677 ex
865 2650 932 2686 legis
952 2651 994 2677 in-

207 2692 368 2719 formatione
384 2691 497 2718 formam
514 2692 600 2727 ipsam
613 2692 752 2726 obtinent,
769 2694 821 2721 hoc
842 2699 884 2723 est
899 2696 993 2730 cogni-

207 2737 308 2764 tionem
320 2743 352 2763 ac
362 2735 516 2768 veritatem,
528 2736 653 2772 sequitur
666 2737 753 2773 legem
771 2745 786 2765 a
798 2739 954 2773 cognitione
965 2743 993 2766 et

208 2783 321 2811 veritate
333 2783 446 2811 minime
461 2783 578 2811 alienam
592 2783 688 2812 videri.
711 2784 762 2812 Per
775 2784 843 2821 legis
861 2785 934 2813 enim
947 2786 991 2813 in-

1093 377 1187 409 Οὖτως
1199 378 1253 414 γάρ
1270 380 1328 406 ἐστι
1345 381 1420 416 παρὰ
1442 381 1480 416 τῷ
1492 382 1635 417 Μαρκίωνι
1652 385 1781 420 κειμένη,
1801 386 1846 414 ἵνα

1059 423 1140 458 μηδὲν
1153 423 1232 458 ὀρθὸν
1249 425 1313 460 παρ’
1328 425 1401 460 αὑτῷ
1420 426 1473 462 εἴη.

1091 468 1115 496 α’
1132 470 1178 496 καὶ
1197 473 1240 505 κη’
1263 471 1336 506 σχόλ.
1358 473 1444 499 Ὅσοι
1466 473 1582 508 ἀνόμως
1604 474 1752 509 ἥμαρτον,
1772 477 1846 504 ἀνό-

1052 524 1115 549 μως
1134 516 1182 542 καὶ
1200 517 1398 545 ἁπολοῦνταν
1414 519 1464 546 καὶ
1479 519 1544 546 ὅσοι
1556 520 1591 546 ἐν
1602 522 1682 556 νόμῳ
1698 522 1843 556 ἥμαρτον,

1055 560 1104 587 διὰ
1119 561 1212 596 νόμον
1234 562 1436 596 κριθήσονται.
1455 566 1496 591 Οὐ
1511 566 1565 600 γὰρ
1586 569 1613 594 οἰ
1638 567 1778 602 ἀκροαταὶ
1791 570 1844 596 νό-

1051 613 1112 639 μου
1128 605 1235 634 ὃίκαιοι
1262 610 1343 642 παρὰ
1363 609 1403 642 τῷ
1422 610 1499 643 Θεῷ,
1524 612 1593 638 ἀλλ’
1606 614 1634 639 οἱ
1653 614 1771 648 ποιηταὶ
1790 615 1844 642 νό-

1051 660 1111 685 μου
1130 652 1387 688 δικαιωθήσονται.

1088 696 1112 723 α’
1129 698 1175 725 καὶ
1187 703 1229 734 κη’
1248 700 1337 735 ἓλεγχ.
1350 701 1381 728 Εἰ
1397 702 1452 728 ὅσοι
1463 703 1571 739 ἀνόμως
1584 705 1715 741 ἥμαρτον,
1732 706 1843 742 ἀνόμως

1053 744 1100 770 καὶ
1112 744 1273 773 ἀπολοῦνται
1287 767 1293 778 ,
1310 748 1446 784 σωτηρίας
1460 751 1473 776 ὁ
1487 751 1568 785 νόμος
1582 751 1724 788 παραίτιος
1738 753 1843 787 φυλατ-

1051 791 1179 825 τόμενος,
1195 793 1241 819 καὶ
1265 793 1302 829 μὴ
1322 794 1375 821 ἑῶν
1387 795 1449 827 τοὺς
1462 796 1644 830 φυλάττοντας
1661 799 1840 827 ἀπόλλυσθαι..

1052 836 1106 862 Καὶ
1121 838 1146 863 εἰ
1159 838 1184 864 οἱ
1197 837 1242 865 διὰ
1258 839 1339 875 νόμου
1359 841 1566 876 ἀμαρτήσαντες
1580 841 1623 868 διὰ
1637 842 1718 878 νόμου
1742 844 1841 879 κριθή-

1052 889 1153 915 σονται,
1177 883 1231 918 ἄρα
1252 885 1346 921 κριτὴς
1370 886 1423 912 τῶν
1440 886 1622 922 παραϐάσεων
1637 889 1651 914 ό
1671 889 1769 924 νόμος,
1786 890 1845 916 οὐκ

1051 929 1187 962 ἀπωλείας
1197 930 1245 963 ὢν,
1263 932 1329 958 ἀλλὰ
1345 932 1551 968 δικαιοκρισίας,
1566 934 1646 966 ὁσίως
1661 935 1761 971 κρίνων
1773 937 1839 968 τοὺς

1051 975 1285 1011 παραϐεϐηκότας.
1305 978 1346 1004 Οὐ
1360 977 1414 1012 γὰρ
1428 980 1455 1005 οἱ
1467 979 1608 1013 ἀκροαταὶ
1622 981 1715 1016 νόμου
1728 982 1840 1010 δίκαιοι

1051 1021 1130 1054 παρὰ
1140 1021 1210 1054 Θεῷ,
1225 1022 1293 1049 ἀλλ’
1304 1024 1331 1049 ol
1343 1024 1461 1057 ποιηταὶ
1472 1026 1565 1059 νόμου
1579 1025 1838 1062 δικαιωθήσονται.

1050 1066 1082 1092 Et
1096 1066 1123 1092 δὲ
1143 1067 1302 1102 ποιούμενος
1312 1069 1326 1095 ὀ
1339 1069 1420 1104 νόμος
1437 1070 1536 1097 δικαιοῖ
1552 1071 1597 1098 τὸν
1611 1073 1771 1107 ποιήσαντα,
1786 1075 1839 1100 οὐκ

1050 1111 1140 1143 ἄδικος
1153 1114 1167 1138 ὁ
1179 1112 1275 1148 νόμος,
1292 1114 1354 1140 οὔτε
1369 1115 1484 1149 φαῦλος,
1500 1117 1533 1143 δι’
1552 1117 1582 1144 ὃν
1596 1119 1620 1145 οἱ
1637 1119 1775 1151 τελοῦντες
1790 1119 1838 1146 τὸν

1050 1156 1131 1192 νόμον
1155 1157 1254 1185 δίκαιοι
1273 1159 1460 1188 καθίστανται.
1483 1162 1529 1189 Ἐκ
1553 1163 1582 1190 δὲ
1598 1164 1644 1190 τοῦ
1668 1165 1750 1200 νόμου
1776 1166 1838 1193 ἐστὶ

1050 1203 1124 1238 καὶὴ
1140 1204 1179 1236 εἰς
1198 1205 1314 1240 Χριστὸν
1331 1208 1556 1244 προφητευομένη
1579 1210 1681 1242 πίστις·
1701 1211 1785 1247 χωρὶς
1805 1209 1838 1240 οὗ

1049 1250 1079 1277 οὐ
1092 1250 1301 1287 δικαιωθήσεται
1315 1253 1402 1286 οὐδεὶς
1412 1274 1419 1285 ,
1443 1255 1490 1282 καὶ
1509 1257 1538 1282 ἐν
1558 1253 1580 1290 ᾧ
1593 1257 1740 1290 πιστεύσας
1759 1260 1839 1294 παρὰ

1048 1297 1098 1333 τὴν
1109 1297 1154 1324 τοῦ
1170 1298 1251 1334 νόμον
1266 1302 1507 1337 προφητευομένην
1525 1304 1676 1339 μαρτυρίαν
1688 1325 1695 1336 ,
1710 1305 1741 1331 οὐ
1755 1305 1839 1332 δύνα-

1049 1353 1093 1371 ται
1109 1345 1190 1372 πάλιν
1206 1345 1392 1379 δικαιοῦσθαι,
1411 1349 1434 1383 (ὃ
1460 1350 1517 1385 καὶ)
1535 1350 1573 1381 ὡς
1592 1350 1774 1387 πληρώματος
1792 1352 1837 1379 δν-

1048 1399 1094 1422 τος
1116 1391 1161 1418 τοῦ
1181 1392 1298 1427 Χριστοῦ
1316 1393 1362 1420 τοῦ
1379 1394 1461 1429 νόμου
1477 1395 1548 1422 κατὰ
1561 1396 1592 1422 τὸ
1607 1397 1684 1432 παρὰ
1697 1397 1735 1432 τῷ
1755 1398 1838 1425 Ἀπο-

1050 1436 1134 1471 στόλῳ
1155 1438 1308 1472 εἰρημένον,
1336 1439 1377 1465 ὃτι
1391 1439 1539 1474 Πλήρωμα
1546 1441 1639 1475 νόμου
1652 1442 1779 1477 Χριστὸς
1791 1444 1838 1477 εις

1049 1482 1245 1517 δικαιοσύνην
1257 1504 1263 1516 ,
1280 1485 1430 1518 δεικνύντι,
1448 1487 1490 1513 ὅτι
1516 1486 1580 1513 ἄνευ
1599 1487 1682 1524 νόμου
1699 1490 1745 1516 καὶ
1765 1490 1836 1526 Χρι-

1050 1528 1113 1554 στοῦ
1140 1530 1189 1556 οὐκ
1209 1529 1248 1557 ἔνι
1266 1530 1432 1567 δικαιοσύνη.
1455 1532 1524 1560 οὔτε
1547 1534 1601 1569 γὰρ
1629 1534 1750 1562 Ἰουδαῖοι
1769 1536 1837 1563 ἄνευ

1049 1575 1167 1610 Χριστοῦ
1185 1576 1408 1613 δικαιωθήσονται
1429 1578 1466 1614 μὴ
1487 1579 1614 1612 λαϐόντες
1634 1581 1761 1616 Χριστὸν,
1772 1581 1837 1609 οὔτε

1051 1620 1093 1652 σὺ,
1109 1621 1240 1656 Μαρκίων
1253 1642 1260 1654 ,
1278 1621 1446 1659 δικαιωθήσῃ
1461 1624 1666 1660 ὰπαρνούμενος
1678 1626 1725 1653 τὸν
1741 1627 1835 1662 νόμον.

1085 1707 1107 1742 β’
1122 1708 1169 1734 καὶ
1184 1708 1224 1734 κϐ¹
1242 1708 1316 1744 σχόλ.
1342 1711 1484 1746 Περιτομὴ
1503 1712 1563 1747 μὲν
1578 1713 1633 1748 γὰρ
1642 1713 1759 1749 ὠφελεῖ,
1780 1715 1837 1743 ἐὰν·

1048 1755 1142 1788 ’νόμον
1159 1754 1301 1790 πράσσῃς
1312 1764 1318 1770 ·
1335 1755 1389 1783 ἐὰν
1411 1756 1445 1783 δὲ
1466 1758 1637 1793 παραϐάτης
1673 1761 1766 1795 νόμου
1784 1759 1835 1798 ᾖς.

1049 1799 1190 1834 περιτομή
1207 1808 1265 1827 σου
1280 1801 1465 1835 ἀκροϐυστία
1479 1803 1613 1839 γέγονεν.

1084 1854 1107 1890 β’
1120 1856 1167 1881 καὶ
1179 1854 1219 1882 κθ¹
1232 1855 1321 1891 ἐλεγχ.
1331 1857 1363 1884 Εἰ
1373 1857 1553 1893 ἀποφαίνεται
1564 1861 1578 1887 ὸ
1592 1860 1668 1896 ἅγιος
1676 1863 1837 1897 Ἀπόστολος

1047 1901 1098 1937 τὴν
1117 1902 1267 1937 περιτομὴν
1283 1903 1444 1940 ὠφελήσειν,
1460 1907 1545 1938 τίς,ὲν
1559 1908 1615 1939 τοῖς
1629 1908 1763 1943 ὠφελοῦσι
1777 1911 1836 1946 μῶ-

1050 1954 1099 1982 μον
1110 1945 1217 1982 θήσειεν
1229 1955 1236 1980 ;
1254 1948 1333 1976 Ἀλλὰ
1348 1950 1372 1976 εἰ
1385 1950 1439 1985 ἄρα
1449 1951 1540 1987 ὅμοιος
1548 1951 1585 1988 τῷ
1599 1953 1659 1988 ὕφει
1673 1945 1817 1990 γενήσεται
1826 1965 1834 1972 -

1048 1992 1141 2024 ἔοικας
1157 1993 1212 2029 γὰρ
1226 1994 1323 2030 τούτῳ,
1336 1992 1359 2022 ὦ
1371 1997 1513 2031 Μαρκίων.
1531 1999 1664 2031 Κάκεῖνος
1678 2000 1742 2036 γὰρ,
1758 2003 1836 2029 ἀντι-

1049 2039 1172 2074 στρέφων
1181 2041 1215 2067 τὰ
1230 2041 1305 2077 παρὰ
1317 2041 1383 2069 Θεοῦ
1394 2044 1536 2079 εἰρημένα,
1547 2046 1696 2081 παρέπειθε
1704 2048 1753 2083 τὴν
1762 2048 1836 2076 Εὕαν

1047 2084 1150 2120 λέγων·
1177 2087 1218 2113 οὐ
1240 2087 1357 2121 θανάτῳ
1380 2089 1587 2118 ἀποθανεῖσθε.
1613 2092 1705 2127 Νόμον
1725 2094 1778 2130 γὰρ
1800 2096 1835 2130 τῇ

1047 2133 1182 2168 περιτομῇ
1196 2133 1333 2168 συνέδησε,
1345 2135 1392 2161 καὶ
1402 2134 1450 2170 τὴν
1461 2135 1611 2172 περιτομὴν
1622 2137 1661 2172 τῷ
1675 2138 1749 2174 νόμῳ
1764 2147 1836 2175 συμ-

1047 2177 1205 2212 πρέπουσαν
1230 2179 1361 2212 ἐπέδειξε,
1383 2181 1431 2208 καὶ
1450 2181 1498 2208 τοῦ
1517 2182 1598 2209 αὐτοῦ
1619 2183 1686 2210 Θεοῦ
1702 2183 1733 2210 τὸ
1753 2186 1836 2220 πρόσ-

1047 2231 1139 2259 ταγμα
1163 2224 1295 2260 ὑπάρχειν
1315 2227 1437 2262 ὑπέφηνε
1451 2228 1498 2254 τοῦ
1521 2228 1571 2263 τὴν
1586 2230 1737 2266 περιτομήν
1768 2239 1836 2258 ποτε

1047 2268 1200 2302 δεδωκότος,
1223 2272 1270 2298 καὶ
1293 2272 1374 2307 νόμον
1393 2274 1433 2305 εἰς
1455 2273 1578 2310 βοήθειαν
1598 2275 1759 2308 δεδωκότος·
1788 2277 1835 2312 ἀφ’

1047 2311 1132 2350 οὗπερ
1142 2316 1259 2351 Χριστὸς
1272 2318 1464 2352 πιστευόμενος
1473 2319 1505 2345 τὰ
1513 2319 1605 2346 τέλεια
1612 2322 1668 2352 τοῖς
1677 2321 1835 2350 πιστεύουσι

1047 2360 1137 2388 λαλεῖν
1155 2370 1184 2389 τε
1198 2364 1244 2390 καὶ
1258 2366 1342 2390 ποιεῖν
1358 2364 1515 2400 παρέχεται.

1082 2457 1106 2487 γ’
1120 2455 1168 2480 καὶ
1184 2453 1205 2480 λ’
1217 2455 1292 2490 σχόλ.
1313 2457 1439 2490 Ἔχοντα
1454 2457 1511 2491 τὴν
1523 2458 1678 2492 μόρφωσιν
1690 2459 1745 2494 τῆς
1757 2460 1834 2496 γνὼ-

1045 2507 1132 2532 σεως,
1147 2500 1196 2526 καὶ
1213 2501 1268 2534 τῆς
1281 2501 1423 2535 ἀληθείας
1436 2502 1471 2528 ἑν
1485 2502 1523 2535 τῷ
1538 2504 1627 2537 νόμῳ.

1081 2555 1105 2589 γ’
1119 2555 1166 2582 καὶ
1184 2556 1206 2582 λ’
1220 2556 1310 2592 ἕλεγχ.
1331 2557 1364 2583 Εἰ
1380 2558 1397 2593 ὴ
1417 2558 1517 2592 γνῶσις
1533 2561 1673 2596 μόρφωσιν
1695 2561 1761 2598 ἔχει,
1779 2565 1835 2592 ἀπὸ

1045 2603 1073 2629 δὲ
1086 2603 1136 2637 τῆς
1147 2603 1311 2643 μορφώσεως
1323 2604 1353 2631 τὸ
1365 2603 1434 2637 εἶδος
1447 2605 1582 2640 φαίνεται,
1596 2608 1620 2633 οἱ
1633 2607 1662 2634 δὲ
1674 2608 1723 2643 τὴν
1731 2609 1834 2643 γνῶσιν

1045 2648 1093 2675 καὶ
1112 2649 1160 2684 τὴν
1179 2641 1309 2685 ἀλήθειαν
1329 2650 1435 2686 ἔχοντες
1455 2652 1597 2679 ἀπόστολοι
1617 2654 1664 2680 καὶ
1686 2654 1712 2680 οἱ
1730 2655 1835 2683 τούτων

1046 2695 1163 2730 μαθηταὶ
1186 2696 1288 2723 οἴδασιν
1311 2697 1366 2724 ἀπὸ
1387 2698 1436 2733 τῆς
1454 2698 1620 2734 μορφώσεως
1640 2699 1687 2726 τοῦ
1706 2701 1789 2735 νόμου
1804 2701 1835 2728 τὸ

1044 2739 1113 2772 εἶδος
1126 2742 1283 2777 κεκτῆσθαι,
1306 2743 1430 2770 τουτέστι
1449 2744 1498 2780 τὴν
1515 2745 1616 2779 γνῶσιν
1632 2746 1679 2772 καὶ
1696 2746 1747 2782 τὴν
1765 2746 1834 2782 ἀλή-

1047 2787 1137 2814 θειαν·
1150 2787 1200 2814 οὐκ
1211 2788 1266 2824 ἄρα
1276 2788 1416 2825 ἀλλότριος
1431 2791 1445 2816 ὁ
1454 2790 1536 2825 νόμος
1551 2790 1598 2817 τοῦ
1611 2791 1692 2827 νόμον
1702 2792 1710 2807 ¹
1725 2793 1773 2819 καὶ
1785 2794 1833 2828 τῆς

195 2882 204 2909 ι
245 2875 254 2888 ⁵
271 2871 348 2900 item.
366 2880 395 2907 tt,
413 2873 454 2900 l2.
482 2875 503 2915 ι’
519 2873 596 2902 Rom.
613 2882 641 2908 ι,
654 2874 680 2902 4.
721 2874 730 2891 ³
746 2873 824 2902 Rom.
843 2882 873 2911 tt,
887 2875 933 2904 25.
972 2875 998 2897 δι

1056 2897 1063 2904 .
1081 2885 1119 2912 ιιι,
1132 2877 1158 2907 4.
1196 2879 1206 2895 ⁸
1221 2878 1301 2907 Rom.
1319 2887 1348 2913 tt,
1364 2879 1407 2907 20.
1449 2880 1458 2895 ‘
1476 2879 1506 2908 F.
1521 2880 1569 2914 τῆς
1586 2881 1720 2914 γνώσεως.
