1964 3047
90 133 153 160 305

441 136 624 165 ADVERSUS
642 136 816 164 HIERESES
832 137 894 165 LIB.

956 137 1038 166 TOM.
1058 138 1100 166 Ill.
1117 139 1299 168 —H.IERES.
1322 141 1405 170 XLII.

1703 143 1754 171 806

93 191 245 228 ἀληθείας.
261 191 310 218 Διὰ
322 191 377 228 γὰρ
394 191 445 228 τῆς
459 193 488 219 ὲν
505 192 580 228 αὑτῷ
600 194 767 228 μορφώσεως
781 193 890 227 ἐπέγνω

957 193 1148 223 formationem
1180 196 1305 225 veritatis
1335 205 1477 233 praecones
1506 199 1693 235 cognitionem
1721 209 1753 229 ac

95 246 154 264 σαν
177 238 201 264 οἱ
227 237 347 273 κήρυκες
365 238 415 274 τῆς
434 238 562 274 ἀληθείας
584 239 635 276 τὴν
662 239 762 274 γνῶσιν
786 241 832 266 καὶ
854 239 904 276 τὴν

93 283 246 319 ἀλήθειαν.

135 331 159 357 δ’
174 331 221 357 καὶ
235 330 276 357 λα’
292 330 365 366 σχόλ.
397 332 459 358 Ἔτι
479 332 533 368 γὰρ
552 333 680 367 Χριστὸς
697 332 794 359 ὄντων
821 331 904 366 ἡμῶν

93 377 253 410 ἀσθενῶν,
263 377 306 403 ἔτι
320 377 396 405 κατὰ
404 379 509 413 καιρὸν
519 379 596 414 ὑπὲρ
607 378 726 406 ἀσεϐῶν
739 378 902 406 ἀπέθανεν.

135 468 158 493 δ’
175 468 222 494 καὶ
241 467 280 495 λα’
295 468 385 504 ἓλεγχ.
407 469 454 501 Τὸ,
470 469 514 496 ἔτι
531 469 579 496 καὶ
597 469 758 502 ἀπέθανεν,
775 469 804 496 οὐ
819 470 901 505 δοκη-

97 522 184 546 σεως,
200 515 267 542 ἀλλὰ
280 515 409 550 ἀληθείας
419 516 477 542 ἐστὶ
487 516 663 551 σημαντικόν.
680 517 712 543 Εἰ
724 515 778 552 γὰρ
790 516 901 550 δόκησις

96 558 146 595 ἦν,
161 560 201 591 τίς
210 560 289 595 χρεία
298 561 345 587 τοῦ
357 560 400 587 ἔτι
411 561 550 595 λέγεσθαι,
563 561 712 596 δυναμένου
723 561 769 588 τοῦ
781 560 900 596 Χριστοῦ

96 607 220 633 πὰντοτε
236 606 283 633 καὶ
291 606 338 632 νῦν
350 607 460 642 δοκήσει
477 607 629 641 φαίνεσθαι,
645 607 693 634 καὶ
704 607 741 642 μὴ
757 606 898 641 λέγεσθαι,

96 652 145 678 ἔτι
156 652 252 679 ὄντων
261 652 346 687 ἡμῶν
353 652 503 685 difﬁsi-dir;
525 653 552 678 'A
558 652 590 678 πὸ
602 652 645 678 τοῦ
657 652 722 687 γὰρ,
731 652 785 684 ἔτι,
798 652 828 678 τὸ
840 652 900 678 τότε

96 697 193 724 θανεῖν
207 697 341 730 ἀπέδωκε,
357 698 404 724 καὶ
418 698 559 724 ἐδικαίωσε
577 698 615 732 τῷ
633 697 756 733 θανάτῳ·
770 698 813 724 Eva
831 706 901 733 μηκ-

96 744 140 770 έτι
156 744 251 779 χρείαν
265 744 314 780 ἔχῃ
329 745 419 771 θανεῖν
430 745 444 771 ὁ
454 745 524 780 ὑπὲρ
551 744 720 780 ἁμαρτωλῶν
744 744 818 774 ἅπαξ
832 744 900 770 ἀπο-

96 788 202 820 Θανὼν,
220 789 268 815 καὶ
287 789 319 815 δι’
339 789 443 816 ἑαυτῶν
465 788 562 824 μηκέτι
579 789 768 823 ἀποῦνήσκων.

956 240 1099 267 veritatem
1116 245 1181 268 sunt
1197 240 1298 276 adepti.

994 329 1086 356 Schol.
1103 329 1120 356 4
1144 334 1171 357 et
1186 329 1231 356 5i.
1250 329 1345 356 Adhuc
1369 330 1438 357 enim
1465 329 1587 357 Christus
1604 339 1662 357 cum
1682 339 1738 358 esse

955 383 1014 401 mus
1035 375 1147 410 in/irmi.
1171 375 1257 402 adhuc
1273 377 1299 402 in
1320 381 1436 411 tempore
1461 384 1508 409 pro
1524 377 1612 411 impiis
1633 383 1751 404 mortuus

954 425 994 447 est
1007 421 1026 447 ι.

989 466 1082 495 Rcl‘ut.
1098 467 1115 495 4
1129 471 1156 495 et
1170 468 1214 496 51.
1237 468 1377 495 Vocabula
1402 469 1476 501 haec,
1503 468 1608 501 adhuc,
1630 474 1655 497 et
1679 478 1752 497 mor-

955 516 1014 539 tuus
1033 517 1090 546 est,
1114 521 1168 539 non
1186 513 1287 540 nudam
1310 515 1448 548 speciem,
1469 514 1517 540 sed
1542 516 1684 542 veritatem
1705 522 1751 542 ar-

953 563 1051 594 guunt.
1077 558 1105 586 Si
1122 559 1194 586 enim
1212 560 1270 586 sola
1297 560 1404 594 species
1420 560 1589 593 exstitisset,
1604 561 1669 595 quid
1690 568 1750 588 eam

954 605 1127 640 particulam,
1140 605 1241 636 adhuc,
1252 606 1407 640 exprimere
1424 613 1494 641 Opus
1511 611 1581 639 erat,
1599 615 1660 634 cum
1676 607 1751 635 omni

955 655 1072 685 tempore
1104 650 1227 685 adeoque
1247 659 1320 678 nunc
1349 651 1441 686 specie
1457 657 1539 680 tenus
1561 653 1650 688 possit
1666 661 1750 688 appa-

954 704 1014 724 rere
1031 696 1175 728 Christus,
1197 704 1286 732 neque
1302 701 1393 724 tamen
1420 697 1540 731 adjicere
1564 706 1679 726 necesse
1694 699 1749 731 sit,

954 750 1013 768 cunt
1031 742 1117 769 adhuc
1129 742 1229 777 inﬁrmi
1247 743 1383 769 exsertius?
1403 742 1459 770 llac
1474 743 1546 770 enim
1562 751 1639 777 voce,
1652 743 1748 776 adhuc,

952 791 1009 814 tum
1024 788 1100 814 illum
1117 793 1233 815 mortem
1250 789 1353 816 obiisse
1370 789 1508 824 signiﬁcat
1519 810 1527 822 ,
1543 797 1575 817 ac
1589 794 1678 817 morte
1699 798 1749 817 sua

95 834 268 869 justiﬁeasse
280 856 287 867 ,
312 843 363 863 nec
381 836 499 871 amplius
524 836 593 863 mori
608 844 722 864 necesse
749 835 786 863 sit
806 834 900 868 illum,
922 835 969 870 qui
989 842 1037 870 pro
1054 831 1247 870 peccatoribus
1259 836 1344 862 semel
1360 841 1402 863 est
1414 840 1550 868 mortuus,
1578 844 1610 863 ac
1624 844 1673 872 per
1687 843 1750 864 sese

96 891 156 911 non
175 884 293 918 amplius
310 884 453 911 moriatur.

133 933 156 956 ε’
171 930 218 957 καὶ
230 930 268 965 λβ¹
285 930 358 966 σχόλ.
388 930 477 956 Ὥστε
495 931 511 957 ὀ
524 930 584 964 μὲν·
595 930 687 965 νόμος
704 929 799 965 ἅγιος,
815 929 863 956 καί
876 929 894 963 ἢ

984 926 1067 962 370
1083 927 1176 954 Schol.
1194 926 1211 953 5
1228 930 1255 953 et
1274 926 1318 953 52.
1337 925 1400 953 Ideo
1427 926 1470 953 lea:
1484 932 1577 954 sancta
1592 933 1616 955 et
1639 931 1748 958 manda-

97 974 211 1008 ἐντολὴ
227 974 306 1010 ἁγία,
325 975 373 1001 λαὶ
390 975 490 1001 δικαία
509 975 558 1001 καί
574 975 682 1009 ἀγαθή.

135 1025 156 1047 ε’
178 1021 225 1047 καὶ
245 1020 284 1056 λβ’
306 1020 398 1056 ἕλεγχ.
425 1021 582 1048 Συντίθεται
608 1020 646 1056 τῷ
674 1021 747 1057 νόμῳ
767 1022 797 1049 τὸ
819 1022 898 1056 ἅγιον

98 1065 184 1092 αὐτὸν
205 1063 285 1098 εἶναι,
308 1066 355 1092 καὶ
371 1067 404 1101 τῇ
426 1066 455 1092 ὲν
466 1065 539 1100 αὐτῷ
555 1065 647 1101 ἐντολῇ
661 1066 807 1102 γενομένῃ,
823 1066 897 1101 τρισὶ

100 1113 264 1147 μαρτυρίαις
286 1112 505 1147 ἀσφαλισάμενος
521 1112 634 1146 ταύτην,
655 1112 736 1146 ἁγίαν
752 1112 837 1147 αὐτὴν
852 1112 898 1138 λέ-

97 1167 156 1193 γων
175 1159 223 1184 καὶ
241 1158 348 1185 δικαίαν
367 1158 416 1185 καὶ
433 1158 557 1193 ἀγαθήν·
588 1158 629 1184 ἵνα
652 1157 749 1194 ἐλέγξῃ
768 1165 808 1190 σε,
823 1158 898 1193 Μαρ-

99 1205 180 1236 κίων,
210 1204 257 1231 καὶ
274 1205 348 1240 ἡμᾶς
366 1204 459 1240 διδάξῃ
475 1204 522 1231 τοῦ
539 1204 617 1239 ἁγίου
641 1202 709 1230 εἶναι
732 1204 778 1230 τὸν
801 1204 892 1239 νόμον,

99 1247 131 1277 οὗ
156 1251 203 1277 καὶ
220 1251 237 1286 ή
264 1250 358 1286 ἐντολὴ
374 1250 449 1284 ἁγία,
479 1251 526 1277 καὶ
553 1250 635 1276 αὑτὸν
654 1250 700 1276 τὸν
725 1250 802 1283 ἅγιον
826 1248 896 1276 εἶναι

99 1297 149 1324 καὶ
165 1296 275 1329 ἀγαθόν.
299 1296 344 1322 Διὸ
367 1296 471 1330 ἀγαθοῦ
487 1294 555 1323 οὖσα
569 1296 674 1331 ἐντολὴ,
695 1297 786 1333 ἀγαθὴ
802 1296 896 1324 κοιλεῖ-

97 1351 142 1368 sat
155 1350 162 1357 ·
185 1342 232 1368 καὶ
250 1342 328 1376 ἁγίου
344 1339 422 1372 οὖσα..
444 1342 509 1377 ἁγία
525 1343 599 1369 ἐστί·
622 1343 668 1369 καὶ
686 1342 790 1369 δικαίου
808 1343 897 1379 ὑπάρ-

97 1396 193 1424 χουσα,
218 1387 310 1414 δικαία
332 1387 426 1423 ἐντολὴ
449 1387 581 1417 καλεῖται,
599 1387 658 1419 ἑνὸς
674 1387 749 1418 lino;
769 1387 817 1414 τοῦ
832 1388 894 1415 τότε

97 1434 144 1460 καὶ
163 1433 227 1466 νῦν,
257 1433 305 1460 τοῦ
321 1433 397 1465 avsa;
419 1433 497 1468 ἁγίου
517 1434 564 1460 καὶ
587 1434 692 1460 δικαίου
715 1433 763 1460 καὶ
780 1433 894 1467 ἀγαθοῦ.

97 1479 143 1505 Διὸ
157 1478 205 1504 καὶ
215 1479 231 1511 ἡ
247 1478 329 1504 αὑτοῦ
343 1478 449 1513 ἐντολὴ,
469 1479 485 1513 ὴ
503 1478 557 1505 ὀιπὸ
571 1478 630 1504 τότε
651 1478 698 1505 καὶ
712 1478 761 1505 νῦν
775 1480 804 1504 ὲν
820 1481 895 1514 νόμῳ

97 1525 144 1551 καί
159 1526 188 1550 ἐν
201 1525 288 1560 Καυῇ
303 1523 435 1560 Διαῡήκῃ,
461 1524 526 1557 ἁγία
546 1524 663 1559 ὑπάρχει
678 1524 725 1550 καὶ
743 1524 836 1552 δικαία
848 1525 896 1552 καὶ

96 1569 198 1604 ἀγαθή.

133 1664 159 1692 ς’
169 1661 218 1687 καὶ
231 1660 270 1695 λγ¹
280 1660 355 1695 lxx/.1.
370 1661 434 1688 Ἵνα
444 1659 478 1687 τὸ
489 1660 633 1695 ΰικαίωμα
645 1661 699 1688 τοῦ
710 1662 805 1696 νόμον
817 1663 892 1696 πλη-

95 1707 176 1744 ρωθῇ
191 1708 225 1734 ἐνν-
245 1707 328 1742 ἡμῖν.

133 1757 159 1784 ς’
173 1754 219 1780 καὶ
231 1753 270 1788 λγ¹
283 1753 372 1789 ἕλε-(χ.
390 1753 422 1780 Εἰ
434 1753 463 1780 ἐν
476 1755 533 1785 τοῖς
546 1753 706 1785 ἀποστόλοις
721 1753 768 1780 καὶ
781 1755 809 1780 ὲν
824 1755 892 1790 ἡμῖν

94 1799 126 1826 τὸ
140 1799 278 1835 δικαίωμα.
290 1799 336 1826 τοῦ
357 1799 439 1834 νόμον
456 1799 618 1834 πληροῦται,
639 1799 697 1831 πῶς
715 1800 759 1830 σὺ,
773 1797 795 1826 ὦ
810 1801 891 1836 Μαρ-

96 1845 173 1877 κίων,
197 1845 299 1881 τολμᾷς
318 1845 408 1879 λέγειν
429 1845 475 1871 τὺν
492 1845 574 1880 νόμον
589 1845 730 1881 ἀλλότριον
746 1846 801 1872 τῶν
821 1847 891 1873 κατὰ

97 1891 126 1918 τὺ
137 1891 272 1926 πλήρωμα
296 1889 343 1917 τοῦ
362 1891 444 1926 νόμου
456 1891 654 1927 δικαιουμένων
668 1891 826 1919 ἀποστόλων
842 1892 890 1920 τοῦ

96 1937 162 1965 Θεοῦ
172 1946 180 1970 ς

131 1983 152 2015 ζ’
164 1984 210 2011 καὶ
224 1984 260 2012 λδ*
272 1984 346 2020 σχὸλ.
366 1984 457 2017 Τέλος
472 1983 528 2019 γὰρ
543 1986 639 2020 νόμον
647 1985 776 2020 Χριστὸς
789 1986 832 2019 είς
845 1985 890 2013 δι-

97 2030 265 2064 xui-‘0'di
281 2030 371 2058 παντὶ
384 2029 425 2062 τῷ
440 2030 623 2059 πιστεύοντι.

133 2076 154 2109 ζ’
165 2077 213 2103 καὶ
224 2077 259 2104 λδ¹
271 2077 361 2113 ἔλεγχ.
372 2078 450 2110 Εἰείς
461 2077 636 2113 δικαιοσύνην
648 2077 765 2114 Χριστὸς
776 2078 890 2114 ἐλήλυθε

98 2124 178 2151 παντὶ
190 2123 229 2159 τῷ
244 2123 409 2156 πιστεύοντι,
425 2124 455 2151 οὐ
472 2124 520 2150 τοῦ
544 2124 627 2160 νόμου
648 2124 848 2160 τελειουμένου,
865 2126 890 2152 εί

100 2169 135 2206 μὴ
149 2169 264 2204 Χριστδς
277 2169 407 2206 τελειώσῃ
423 2171 456 2206 τῇ
472 2170 569 2197 ἑαυτοῦ
587 2171 725 2206 παρουσίᾳ
738 2179 745 2185 ·
771 2171 821 2197 οὐκ
835 2171 889 2207 ἄρα

98 2215 316 2251 τελειωθήσεσθε,
341 2212 364 2242 ὦ
388 2216 520 2249 Ἰουδαῖοι,
545 2217 575 2242 ὲν
594 2215 668 2251 νόμῳ
687 2216 826 2252 μένοντες,
841 2216 890 2243 ἐὰν

100 2262 136 2297 μὴ
155 2262 271 2293 Χριστὸν
289 2262 478 2298 ἐνδημήσαντα
497 2261 692 2293 πιστεύσαντες
710 2262 886 2298 ὑποδέξησθε.

950 975 1006 998 tum
1025 977 1146 998 sanctum
1162 978 1186 998 et
1197 972 1317 1005 justum,
1335 976 1359 997 et
1375 973 1473 998 borium
1487 973 1509 998 ‘.

984 1017 1077 1045 Refut.
1094 1018 1111 1045 5
1131 1022 1158 1045 et
1185 1017 1230 1044 52.
1246 1016 1311 1052 Legi
1337 1017 1389 1044 hoc
1415 1018 1562 1052 Apostolus
1590 1020 1701 1051 tribuit,
1716 1026 1748 1049 ut

949 1070 1044 1094 sancta
1073 1066 1126 1097 sit,
1153 1064 1334 1099 ejusdemque
1360 1065 1488 1091 mandato
1512 1074 1519 1092 :
1544 1066 1617 1100 quod
1644 1067 1747 1102 triplici

948 1110 1106 1139 testimonio
1123 1110 1284 1141 conlirmat,
1303 1113 1430 1137 sanctum
1453 1118 1515 1138 esse
1532 1112 1700 1147 prazdicans,
1720 1119 1748 1141 et

945 1158 1064 1192 justum,
1079 1162 1106 1184 et
1119 1157 1238 1190 bonum,
1256 1160 1286 1183 ut
1298 1161 1335 1190 te,
1352 1156 1474 1190 Marcio,
1495 1158 1679 1192 condemnet,
1696 1168 1747 1189 nos

947 1212 1014 1232 vero
1038 1205 1113 1240 ipsos
1147 1203 1277 1236 edoceat,
1296 1204 1384 1238 legem
1410 1205 1531 1232 auctoris
1555 1212 1616 1232 esse
1640 1207 1745 1240 sancti,

948 1251 1027 1285 cujus
1055 1249 1215 1277 mandatum
1249 1254 1376 1277 sanctum
1405 1250 1455 1282 sit;
1492 1251 1673 1286 eumdemque
1697 1254 1745 1288 qui

947 1303 1061 1325 sanctus
1078 1300 1130 1329 est,
1143 1304 1206 1324 esse
1219 1296 1331 1324 bonum.
1345 1296 1494 1331 Pr0pterea
1509 1304 1571 1324 cum
1585 1298 1744 1327 mandatum

947 1351 962 1370 a
986 1343 1059 1371 bono
1087 1342 1240 1377 profectum
1270 1342 1372 1373 fuerit,
1399 1341 1501 1369 bonum
1528 1341 1647 1375 dicitur;
1676 1347 1703 1371 it
1729 1352 1745 1372 a

947 1394 1053 1421 sancto,
1064 1393 1189 1416 sanctum
1202 1396 1209 1421 ;
1222 1394 1248 1416 et
1261 1396 1276 1416 a
1286 1389 1360 1423 justo
1369 1388 1522 1416 derivatum
1531 1409 1538 1420 ,
1546 1388 1651 1423 justum
1662 1389 1744 1417 etiam

946 1436 1114 1470 appellatur;
1127 1442 1275 1462 cum-unus
1291 1435 1418 1469 idemque
1433 1434 1515 1461 modo
1531 1434 1578 1466 sit,
1592 1434 1639 1469 qui
1653 1441 1744 1469 quon-

945 1481 1008 1513 dam
1022 1481 1143 1513 exstitit,
1171 1485 1303 1513 sanctus,
1323 1481 1416 1516 justus
1441 1488 1474 1508 ac
1498 1481 1598 1509 bonus.
1618 1481 1696 1509 Unde
1716 1485 1744 1509 et

946 1526 1104 1553 mandatum
1118 1526 1205 1561 ipsius
1222 1530 1278 1554 tam
1296 1527 1369 1562 quod
1384 1527 1461 1559 olim,
1477 1535 1560 1563 quam
1574 1528 1646 1563 quod
1661 1527 1743 1555 modo

946 1576 988 1600 est
1027 1573 1153 1605 editum,
1183 1574 1211 1600 in
1245 1577 1363 1609 utroque
1389 1574 1520 1602 videlicet
1547 1574 1742 1608 Testamento,
1764 1584 1768 1588 ’

900 1620 923 1650 C
939 1622 1064 1645 sanctum
1082 1638 1089 1650 ,
1108 1619 1209 1653 iustum
1224 1626 1257 1646 ac
1271 1619 1373 1647 bonum
1389 1619 1603 1647 existimandum
1619 1626 1671 1648 est.

979 1664 1071 1692 Schol.
1090 1665 1107 1693 6
1122 1669 1149 1693 et
1172 1666 1216 1693 53.
1237 1665 1271 1693 Ut
1291 1665 1450 1693 iustiﬁcatio
1473 1666 1537 1701 legis
1557 1667 1698 1702 impleatur
1714 1667 1743 1695 in

941 1708 1016 1736 nobis
1030 1709 1041 1724 ³

978 1753 1070 1781 Refut.
1085 1753 1102 1781 6
1117 1758 1143 1782 et
1160 1755 1205 1782 55.
1220 1754 1249 1782 Si
1268 1755 1296 1782 in
1311 1755 1445 1790 apostolis
1462 1761 1490 1784 et
1510 1756 1538 1784 in
1563 1757 1643 1785 nobis
1659 1757 1742 1791 iusti-

943 1799 1034 1827 licatio
1052 1800 1120 1835 legis
1135 1801 1277 1836 impletur,
1291 1808 1346 1837 qua
1359 1802 1432 1830 istud
1456 1802 1548 1831 fronte
1559 1805 1741 1839 pronuntiare

942 1846 1042 1878 amics,
1064 1846 1166 1873 Marcio
1177 1867 1184 1879 ,
1204 1847 1289 1882 legem
1310 1847 1346 1875 ab
1360 1848 1492 1883 apostolis
1509 1848 1575 1882 Dei,
1589 1850 1636 1885 qui
1649 1858 1683 1878 ex
1699 1850 1740 1879 le.-

941 1894 982 1929 gis
996 1894 1199 1929 complementa
1214 1893 1414 1929 justiﬁeantur,
1433 1895 1550 1923 alienam
1567 1896 1671 1924 videri?

978 1980 1071 2009 Schol.
1087 1981 1102 2008 7
1117 1985 1145 2009 et
1161 1981 1204 2009 5L
1215 1981 1293 2010 Finis
1304 1982 1375 2010 enim
1391 1982 1457 2019 legis
1474 1982 1597 2010 Christus
1613 1983 1647 2010 ad
1655 1983 1740 2019 justi.

942 2027 1007 2055 tiam
1025 2028 1098 2055 omni
1109 2027 1227 2055 credenti
1242 2028 1263 2055 ⁸.

976 2073 1070 2102 Refut.
1089 2075 1104 2101 7
1119 2079 1145 2102 et
1162 2074 1208 2102 54.
1225 2073 1254 2101 Si
1268 2073 1303 2102 ad
1321 2074 1493 2102 credentium
1515 2075 1638 2103 omnium
1655 2075 1739 2111 justi-

941 2120 1007 2148 tiam
1027 2120 1154 2148 Christus
1172 2120 1298 2153 advenit,
1315 2120 1352 2148 ita
1365 2125 1394 2148 ut
1411 2120 1506 2156 perlici
1529 2121 1571 2149 lex
1593 2122 1673 2150 aliter
1687 2131 1738 2151 ne-

940 2171 1032 2202 queat,
1043 2166 1098 2194 nisi
1111 2174 1171 2194 eam
1186 2166 1314 2195 Christus
1330 2175 1381 2195 suo
1396 2167 1514 2195 adventu
1525 2168 1660 2203 perﬁciat,
1673 2177 1737 2204 per-

941 2213 985 2240 lici
1006 2221 1071 2246 vos,
1094 2212 1200 2246 Judaei,
1223 2213 1299 2240 nullo
1326 2214 1408 2241 modo
1432 2214 1567 2249 potestis,
1591 2215 1614 2242 si
1634 2214 1661 2241 in
1678 2215 1737 2250 lege

941 2260 1087 2292 maneatis,
1104 2259 1158 2293 nisi
1174 2259 1314 2287 Christum
1325 2279 1333 2291 ,
1349 2261 1397 2295 qui
1411 2260 1468 2295 jam
1481 2261 1574 2294 venit,
1591 2261 1736 2290 credentes

105 2309 181 2335 Ἀλλὰ
190 2309 250 2336 οὐδὲ
264 2309 307 2341 σὺ,
318 2297 459 2345 Μαρέιῐων,
474 2310 577 2347 δυνήσῃ
591 2309 709 2345 σωθῆναι
721 2310 751 2336 ἐν
769 2297 891 2345 Χριστῷ,

954 2313 970 2332 n
985 2313 1046 2332 eum
1063 2305 1151 2332 velitis
1166 2305 1299 2340 recipere.
1317 2304 1370 2333 Sed
1386 2313 1436 2333 nec
1454 2309 1484 2332 tu
1497 2297 1624 2338 {Marcio
1636 2326 1643 2339 ,
1662 2307 1735 2334 salu-

98 2354 142 2381 τοῦ
153 2355 330 2391 κηρύγματος
344 2356 393 2391 τὴν
409 2355 496 2392 ἀρχὴν
511 2356 558 2383 καὶ
576 2356 626 2391 τὴν
644 2355 720 2392 ῥίζαν
734 2355 886 2383 ἀποϐαλλό-

101 2410 186 2437 μενος.
199 2402 266 2438 ὅπερ
281 2402 340 2428 ἐστὶ
352 2402 445 2438 νόμος,
463 2402 510 2436 ἀφ’
523 2399 610 2438 οὗπερ
622 2401 740 2437 Χριστὸς
755 2401 888 2436 γινωσκό-

100 2457 174 2484 μενος
184 2448 281 2475 τελειοῖ
290 2448 334 2475 τδν
348 2447 385 2484 μὴ
393 2448 438 2475 τδν
450 2449 531 2483 νόμον
542 2448 618 2484 βδελυ
622 2448 669 2475 σσό
673 2456 752 2484 μενον
761 2448 798 2479 ὼς
806 2447 886 2475 ἀλλό-

98 2504 169 2532 τριον
181 2495 301 2531 Χριστοῦ
316 2495 485 2530 ὑπάρχοντα.

131 2545 154 2578 η’
167 2542 214 2569 καὶ
227 2542 263 2568 λε’
279 2542 352 2578 σχόλ.
374 2541 400 2568 '0
412 2541 468 2577 γὰρ
477 2540 602 2576 ἀγαπῶν
614 2541 669 2568 τὸν
677 2540 822 2576 πλησίον,
834 2541 886 2568 νό-

97 2596 151 2622 ιιυν
168 2586 356 2621 πεπλήρωκε.

132 2637 154 2670 η’
169 2633 214 2660 καὶ
229 2633 266 2659 λε’
278 2633 368 2668 ἕλεγχ.
399 2632 431 2659 El
447 2631 492 2659 διὰ
507 2630 555 2658 τοῦ
583 2632 695 2667 ἀγαπᾷν
712 2631 757 2658 τὸν
775 2630 889 2666 πλησίον

101 2681 174 2717 νόμος
195 2680 359 2716 πληροῦται,
380 2681 431 2707 οὐκ
452 2679 592 2716 ἀλλότριος
610 2679 730 2714 Χριστοῦ
753 2679 800 2706 καὶ
821 2677 889 2705 Θεοῦ

101 2725 200 2761 Πατρὺς
222 2726 270 2752 τοῦ
289 2724 392 2761 Κυρίου
413 2724 492 2760 ἡμῶν
513 2724 599 2759 Ἰησοῦ
622 2723 740 2760 Χριστοῦ
758 2724 806 2751 καὶ
820 2723 887 2750 Θεοῦ

940 2355 993 2379 tem
1010 2352 1038 2378 in
1053 2351 1165 2379 Christo
1177 2356 1254 2386 potes
1270 2351 1398 2386 adipisci,
1412 2359 1475 2379 cum
1492 2352 1555 2380 lldei
1570 2352 1734 2387 principium

938 2405 971 2425 ac
987 2398 1107 2425 radicem
1124 2398 1273 2433 abjeceris,
1286 2398 1417 2425 nimirum
1434 2398 1531 2434 legem,
1547 2405 1562 2425 e
1575 2405 1629 2433 qua
1644 2398 1735 2433 cogni-

938 2449 983 2472 tus
1011 2443 1139 2472 Christus
1161 2451 1223 2471 eum
1257 2444 1363 2479 perﬁcit
1392 2444 1439 2480 qui
1460 2444 1547 2480 legem
1571 2444 1683 2472 minime
1706 2448 1736 2471 ut

937 2491 1054 2518 alienam
1067 2498 1082 2517 a
1096 2490 1207 2518 Christo
1224 2490 1361 2526 repudiat.

976 2536 1068 2564 Schol.
1084 2537 1101 2564 8
1114 2542 1141 2565 et
1156 2537 1200 2566 55.
1220 2538 1273 2570 Qui
1287 2538 1357 2566 enim
1374 2538 1465 2574 diligit
1479 2538 1643 2573 proximum,
1653 2536 1734 2572 legem

939 2584 1054 2617 implevit
1065 2584 1086 2611 '.

974 2629 1129 2657 Refut.8et
1143 2630 1186 2657 55.
1196 2630 1265 2657 Cum
1285 2637 1332 2665 per
1342 2637 1463 2658 amorem
1479 2629 1599 2665 proximi
1618 2629 1660 2655 lex
1679 2628 1733 2655 im-

938 2671 1062 2711 pleatur‘,
1087 2685 1142 2704 non
1164 2680 1207 2704 est
1221 2684 1236 2704 a
1259 2677 1370 2704 Christo
1397 2681 1424 2704 et
1445 2676 1500 2704 Deo
1526 2675 1607 2703 Patre
1623 2675 1732 2702 Domini

938 2723 1027 2751 nostri
1049 2722 1115 2751 Jesu
1130 2722 1235 2751 Christi
1251 2722 1433 2751 abalienanda
1455 2723 1516 2756 lex,
1541 2729 1602 2757 qua:
1621 2720 1734 2756 diligere

133 2851 142 2868 ¹
157 2850 236 2879 Rom.
256 2859 283 2882 v,
300 2850 326 2879 6.
365 2851 375 2867 '
391 2849 470 2878 Rom.
487 2857 535 2884 vu,
552 2849 595 2877 12.
635 2849 645 2866 ³
663 2848 741 2877 Rom.
763 2856 822 2883 vui,
839 2849 866 2878 4.

952 2856 1006 2878 om.
1023 2857 1051 2882 x,
1065 2849 1092 2877 4.
1130 2849 1142 2866 ⁵
1157 2848 1236 2877 Rom.
1253 2856 1314 2882 xui,
1330 2848 1356 2876 8.
