1964 3047
222 127 274 155 807

221 187 375 223 proximum
396 186 485 221 jubet.
505 185 640 219 Quoniam
670 185 740 213 Deus
754 185 873 213 charitas
884 191 922 213 est
936 191 962 218 ι,
992 191 1019 214 et
1036 197 1055 224 ,χ

221 242 283 269 quoe
296 234 330 261 ab
349 234 409 268 ipso
432 233 627 268 prardicantur,
653 233 746 260 omnia
764 233 860 260 eodem
884 237 1017 268 perpetuo

222 278 303 306 modo
319 278 510 313 pranlicantur,
527 278 583 312 jam
599 281 657 305 tum
673 278 738 305 olim
754 278 872 310 scilicet,
886 283 914 305 et
930 286 1016 311 nunc,

221 328 250 352 et
264 325 291 351 in
310 323 403 351 Veteri
415 322 544 357 Novoque
557 322 743 350 Testamento.

257 369 334 405 37]
370 368 409 395 Ex
428 368 548 404 Epistola
571 368 605 395 ad
627 368 908 400 Tllessaloniccnscs.
935 377 1017 404 quam

223 417 325 444 Marcio
347 417 463 451 septimo
481 416 541 442 loco
563 416 659 450 ponit,
678 419 707 442 ut
724 415 873 450 Apostolus
902 419 1017 447 octavo,

224 465 291 493 nihil
308 465 412 492 idcirco
427 464 585 499 selegimus,
606 464 680 499 quod
696 464 802 500 integra
830 464 877 492 illa
903 472 919 492 a
944 465 1018 492 Mar-

224 512 304 539 cione
318 512 466 546 depravata
482 510 531 538 sit.

260 557 494 590 Quemadmodum
516 563 604 591 neque
623 563 656 583 cx
677 555 797 584 secundo
819 556 852 583 ail
870 555 1019 584 Thessalo-

225 604 352 632 nicenses
377 603 515 638 Epistola,
543 609 626 637 quam
655 601 758 629 Marcio
786 602 884 629 ordine
912 606 1020 629 sextam

224 651 358 682 collocat,
380 650 526 684 Apostolus
553 656 617 675 vero
633 656 746 680 nonam,
762 648 967 683 excerpsimus,
987 655 1021 676 eo

225 696 299 732 quod
316 695 425 731 penitus
443 695 477 722 ab
490 694 584 722 eodem
602 694 649 721 illo
671 697 801 728 corrupta
817 695 865 722 sit.

243 752 286 780 Ex
302 752 423 787 Epistola
437 751 471 778 ad
494 750 630 787 Ephesios,
645 759 704 786 qum
718 755 757 778 est
778 750 910 778 Marciani
928 750 983 778 VII
994 771 1003 784 ,

384 787 510 821 Apostolo
530 794 588 813 vero
610 786 646 819 V,
664 787 717 813 ista
732 787 897 822 collegimus.

263 866 356 894 Schol.
379 866 392 892 Ι
408 870 436 893 et
452 866 497 893 56.
521 865 652 892 Memores
671 869 753 892 estote
764 884 771 896 ,
788 867 857 900 quod
875 865 1019 900 aliquando
1035 868 1059 898 Β

226 922 270 941 vos
290 918 379 948 gentes
390 933 397 945 ,
411 913 456 947 qui
470 912 591 938 dieimini
610 912 782 947 prreputium,
798 911 831 938 ab
859 919 889 938 ea
904 919 962 946 (μιιιι
978 911 1021 938 di-

226 961 296 988 citur
310 959 477 987 circumcisio
489 959 516 985 in
526 966 606 985 carne
623 958 778 992 manufacla
788 977 795 988 ,
808 958 872 992 quia
881 957 963 985 eratis
974 957 1021 984 illo

225 1007 254 1034 in
263 1011 377 1040 tempore
387 1006 442 1033 sine
453 1005 569 1036 Christo,
583 1005 693 1031 alienati
705 1005 905 1031 conversatione
923 1003 1021 1036 Israel,

225 1058 251 1080 et
274 1053 390 1086 hospites
411 1056 629 1078 testamentorum
653 1050 854 1085 promissionis,
875 1057 945 1084 spent
970 1059 1022 1077 non

227 1098 350 1125 habentes
361 1118 369 1130 ,
382 1102 406 1124 et
423 1098 478 1125 sine
491 1097 547 1124 Deo
560 1098 587 1124 in
610 1097 658 1123 hoc
675 1096 784 1123 nntndo.
801 1095 879 1122 Num:
891 1102 979 1123 autem
995 1097 1022 1122 in

227 1144 332 1172 Christo
349 1143 432 1176 Jesu,
454 1152 498 1170 vos
514 1144 559 1178 qui
583 1143 728 1178 aliquando
748 1143 830 1169 eratis
853 1141 945 1177 longe,
957 1142 1024 1177 facti

226 1191 288 1217 estis
302 1197 381 1224 prope
392 1190 418 1216 in
432 1190 560 1224 sanguine
577 1189 670 1222 ipsius.
686 1188 745 1222 Ipse
759 1189 829 1215 enim
846 1193 885 1215 est
900 1196 954 1223 pax
975 1197 1024 1216 no-

227 1241 296 1268 stra,
308 1236 353 1271 qui
372 1235 433 1270 fecit
447 1241 559 1270 utraque
577 1243 659 1261 unum
678 1235 700 1266 ’,
712 1239 765 1262 ctc.

263 1328 356 1355 Relut.
373 1327 384 1354 1
404 1331 431 1355 et
443 1326 562 1354 3b.'Vox
578 1327 638 1359 illa,
651 1326 782 1354 Iuniores
796 1332 889 1359 estote,
903 1326 1023 1362 speciem

228 1375 311 1403 habet
335 1375 477 1409 temporis.
495 1373 564 1401 Tum
593 1374 662 1405 ista,
688 1375 733 1408 qui
756 1374 893 1406 dicimini,
919 1377 946 1400 ct
965 1380 1024 1408 qua:

228 1422 340 1454 dicitur,
366 1429 458 1448 rerum
485 1420 586 1456 ﬁguras
611 1421 780 1455 exprimunt.
804 1421 870 1448 [tein
890 1419 976 1450 illud.
996 1420 1024 1446 in

229 1475 326 1498 carne,
342 1474 374 1494 eo
393 1471 516 1502 spectat,
532 1472 561 1493 ut
586 1467 706 1494 inustam
731 1467 808 1493 carni
828 1470 921 1493 notam
943 1469 1024 1500 atque

229 1513 375 1549 imaginem
400 1513 539 1544 osltndat,
559 1521 620 1548 qua:
645 1513 751 1540 venturi
776 1512 894 1548 Spiritus
915 1517 1023 1547 tempus

228 1564 411 1593 exspectaret,
427 1565 457 1587 ut
471 1568 504 1587 ex
520 1560 607 1594 ligura
622 1560 785 1595 perfectiora
805 1560 951 1595 signiﬁcet.
978 1559 1023 1586 Et-
1038 1558 1060 1587 C

228 1608 304 1635 enim
319 1608 379 1635 sine
400 1607 509 1635 Clu-isto
523 1607 619 1641 procul
636 1606 670 1632 ab
688 1605 797 1633 lsraclis
815 1605 1025 1633 conversatione

229 1659 388 1688 separatum
407 1657 467 1681 erat
480 1652 658 1687 praeputium;
675 1659 707 1678 ac
731 1651 847 1686 proinde
873 1659 888 1678 a
907 1651 1026 1686 promis-

229 1700 308 1728 sione
331 1707 363 1726 ac
381 1703 547 1726 testamento
569 1698 754 1732 peregrinum.
771 1698 810 1724 Ac
829 1698 877 1732 qui
896 1697 941 1723 illa
956 1704 1024 1723 con-

229 1746 333 1773 ditione
356 1745 556 1774 censebantur,
573 1742 647 1768 omni
670 1750 718 1776 spe
741 1743 887 1774 carebant,
913 1746 941 1769 et
967 1741 1026 1768 sine

229 1792 285 1820 Deo
298 1795 378 1819 erant
394 1792 422 1818 in
438 1791 490 1817 hoc
507 1789 628 1822 mundo,
646 1793 676 1816 ut
691 1789 814 1822 Apostoli
835 1789 917 1815 verba
935 1788 1026 1814 decla-

229 1842 303 1866 rant.
322 1837 375 1864 Sed
392 1837 460 1864 nihil
476 1836 568 1869 vides,
587 1835 654 1862 nihil
666 1835 747 1862 audis
758 1854 765 1867 ,
782 1834 882 1861 Marcio
897 1844 904 1862 :
923 1834 1026 1869 alioqui

229 1886 296 1914 illud
313 1885 555 1915 animadverteres,
566 1886 669 1918 quanta
688 1882 721 1909 ab
737 1881 795 1916 lege
810 1882 881 1908 bona
897 1889 1026 1908 manasse

230 1933 304 1960 dicat
319 1930 478 1966 Apostolus,
495 1937 556 1964 quae
571 1928 704 1963 singulari
721 1927 766 1955 Dei
784 1927 954 1962 providentia
970 1928 1024 1955 illis

230 1977 400 2012 temporibus
413 1974 604 2002 administrata
621 1978 696 2001 sunt.
711 1972 776 2000 Nam
792 1973 818 1999 in
831 1971 936 2000 Christo
948 1971 1024 2005 Jesu,

229 2023 274 2059 qui
286 2023 349 2049 olim
365 2022 440 2051 lonqe
459 2025 549 2052 erant,
572 2028 640 2046 nunc
660 2027 739 2053 prope
758 2024 835 2049 sunt.
851 2019 877 2045 in
899 2018 1026 2053 sanguine

229 2069 314 2096 illius.
341 2067 401 2102 Ipse
421 2068 489 2094 enim
513 2070 552 2093 est
576 2073 630 2100 pas:
649 2071 751 2095 nostra.
770 2065 815 2100 qui
836 2064 895 2099 fecit
914 2069 1026 2099 utraque

231 2121 324 2140 unum.
339 2112 418 2146 Quod
433 2112 455 2139 si
471 2119 556 2138 unum
579 2114 695 2145 utraque
710 2110 790 2141 fecit,
807 2109 874 2137 adeo
891 2114 918 2137 ut
939 2109 1026 2136 altero

230 2159 374 2186 destructo
391 2158 504 2185 minime
521 2157 638 2184 alterum
661 2155 851 2186 constituerit,
868 2163 921 2182 non
942 2155 1026 2191 igitur

230 2205 307 2239 prius
322 2212 337 2231 a
357 2212 387 2232 se
413 2204 531 2230 alienum
551 2202 671 2234 exstitit,
687 2209 775 2236 neque
790 2201 871 2236 372
887 2202 1024 2235 posterius

231 2258 247 2277 a
265 2252 357 2286 priore
378 2251 530 2285 separavit;
550 2249 596 2276 sed
619 2248 647 2275 in
664 2256 748 2274 unum
764 2249 845 2274 ambo
860 2248 906 2274 illa
923 2248 1024 2275 conﬂa-
1041 2243 1063 2270 Ῐ)

229 2295 286 2327 vit,
302 2303 358 2322 non
383 2303 494 2330 quaquo
512 2293 607 2326 modo,
634 2293 674 2319 vel
697 2293 789 2327 specie
810 2296 890 2320 tenus
912 2293 1022 2328 aliqua,

231 2342 280 2369 sed
296 2342 438 2376 perspicue
453 2341 479 2367 in
494 2341 621 2375 sanguine
633 2347 692 2370 suo,
703 2338 934 2373 quemadmodum
948 2343 1024 2366 certa

231 2395 264 2415 ac
279 2388 365 2415 solida
381 2387 502 2422 Apostoli
520 2386 645 2413 doctrina
665 2385 846 2413 demonstrat.

267 2432 360 2460 Schol.
377 2433 395 2460 2
413 2438 440 2460 et
459 2433 504 2459 57.
525 2431 589 2459 Ideo
606 2431 671 2458 dicit
692 2431 810 2466 :Surge,
827 2433 879 2467 [qui
901 2433 1003 2459 dormis
1017 2452 1025 2466 ,

230 2483 255 2505 et
274 2487 379 2513 resurge
395 2488 412 2506 α
432 2479 541 2505 mortuis
554 2498 561 2511 ,
579 2483 603 2506 et
626 2477 789 2505 illuminabit
815 2483 838 2505 te
862 2477 984 2506 Christus
1000 2479 1025 2507 ³.

267 2577 360 2606 Relut.
379 2578 435 2605 eet
453 2577 498 2605 57.
513 2577 654 2605 Undenam
671 2578 717 2606 illa
733 2579 814 2606 verba
825 2599 832 2610 .
859 2578 923 2606 Ideo
937 2579 1002 2605 dicit
1015 2599 1023 2611 ,

227 2623 401 2660 deprompsit
421 2623 585 2658 Apostolus?
602 2623 660 2650 Non
683 2625 794 2652 aliunde
813 2625 922 2660 utique.
939 2633 1023 2660 quam

229 2679 266 2699 ex
281 2670 458 2698 Testamento
475 2670 580 2698 Vetere.
604 2670 667 2698 llaec
690 2671 763 2699 enim
785 2672 857 2706 apud
885 2669 970 2699 Ellam
986 2673 1024 2699 le-

231 2722 343 2753 guntur.
357 2716 417 2744 Jam
432 2725 496 2744 vero
510 2725 565 2752 quo
578 2725 611 2745 ex
627 2725 707 2753 grege
721 2717 796 2745 Elias
812 2718 936 2746 exstitit?
950 2718 1024 2746 Non-

231 2772 267 2792 ne
278 2772 294 2792 e
307 2763 448 2799 prophetis
464 2771 547 2796 unus,
563 2765 610 2799 qui
625 2772 659 2792 ex
678 2764 746 2800 legis
769 2765 930 2800 praescripto
946 2766 1023 2793 vixe-

231 2814 306 2843 runt,
320 2814 350 2837 ut
362 2815 389 2838 et
408 2810 454 2837 ille
471 2810 522 2846 legi
544 2818 578 2837 ac
597 2811 739 2846 prophetis
756 2811 886 2839 inhaesit?
905 2811 984 2844 Quod
999 2812 1023 2839 si

929 127 959 156 S.
977 127 1149 155 El’ll’llANll

1808 131 1867 158 838

1069 190 1084 215 ὁ
1097 188 1189 224 νόμος,
1200 189 1214 215 ὸ
1225 187 1344 214 κελεύων
1355 188 1466 224 ἀγαπᾷν
1476 187 1523 214 τὸν
1538 187 1662 223 πλησίον.
1680 187 1752 214 Διότι
1764 189 1782 215 ὁ
1789 188 1868 220 Θεὸς

1069 234 1169 270 duim;
1184 235 1249 261 ἐστὶ
1262 255 1268 267 ,
1296 234 1343 261 καὶ
1358 234 1446 261 πάντα
1460 234 1494 260 τὰ
1509 234 1554 260 ὑπ’
1567 233 1650 260 αὑτοῦ
1667 234 1866 270 κηρυττόμενα

1068 280 1168 315 ὁμοίως
1180 281 1224 306 ἀεὶ
1238 280 1413 316 κηρύττεται,
1429 280 1476 307 καὶ
1487 279 1559 312 τότε,
1574 280 1620 306 καὶ
1631 279 1690 313 νῦν,
1703 280 1749 306 καὶ
1761 281 1789 306 ὲν
1807 280 1866 306 Πα-

1069 326 1132 362 λαιᾷ
1141 327 1187 353 καὶ
1202 328 1291 363 Καινῇ
1305 327 1434 362 Διαοήκῃ.

1107 373 1163 408 Τῆς
1179 374 1247 408 πρὸς
1254 373 1461 405 Θεσσαλονικείς
1473 374 1602 407 πέμπτης
1613 372 1756 408 ἐπιστολῆς
1766 381 1775 389 ο
1790 372 1868 399 οὕτω

1070 418 1125 455 γὰρ
1143 420 1231 446 κεῖται
1253 420 1282 446 ἐν
1303 419 1342 454 τῷ
1356 419 1510 454 Μαρκίωνι,
1525 419 1622 454 ὀγδόης
1638 419 1666 445 δὲ
1683 418 1766 453 οὔσης
1785 418 1866 452 παρὰ

1070 466 1110 502 τῷ
1127 466 1291 501 Ἀποστόλῳ,
1318 466 1352 493 τὰ
1371 466 1458 493 πάντα
1471 465 1516 492 τοῦ
1533 465 1695 501 Μαρκίωνος
1714 465 1865 500 διεστραμ-

1073 512 1161 548 μένως
1175 512 1222 538 ἀπ’
1233 511 1317 547 αὐτῆς
1325 511 1443 546 ἔχοντος,
1452 511 1527 537 οὐδὲν
1539 511 1568 542 ἐξ
1580 510 1666 545 αὐτῆς
1676 509 1864 546 παρεθέμεθα.

1107 557 1164 592 Τῆς
1185 557 1253 593 πρὸς
1271 557 1479 588 Θεσσαλονικεῖς
1497 556 1636 592 δευτέρας,
1654 555 1736 590 ἕκτης
1758 556 1785 582 δὲ
1804 564 1868 581 κει-

1073 603 1157 639 μένης
1173 603 1249 639 παρὰ
1263 603 1302 639 τῷ
1314 604 1468 639 Μαρκίωνι,
1482 603 1581 639 ἐνάτης
1597 603 1625 629 δὲ
1639 602 1722 638 οὔσης
1735 602 1813 637 παρὰ
1826 602 1867 638 τῷ

1078 649 1241 685 Ἀποστόλῳ,
1249 648 1566 684 όμοίωςδιαστραφεὶσης
1576 648 1621 674 ὑπ’
1633 647 1715 674 αὑτοῦ
1725 647 1772 674 τοῦ
1783 648 1867 682 Μαρ-

1072 696 1180 728 κίωνος,
1195 696 1275 723 πάλιν
1287 696 1364 723 οὐδὲν
1378 695 1538 731 ὲξεθέμεθα,

1074 751 1214 813 τῆξιιεῖς
1222 748 1868 813 ἷέὲἷςέέδξιῗέἕςτὲῠείᾞυὲῗὲῗιῖῗὲἷὲῗ

1255 797 1269 822 ἰ(

1108 789 1203 818 κίων-ι,
1221 786 1358 820 πέμπτης
1371 786 1405 813 δὲ
1424 786 1504 819 παρὰ
1520 786 1560 818 τῷ
1579 786 1748 819 Ἀπυστόλῳ
1767 786 1868 819 χειμέ-

1107 831 1174 856 νης,
1191 822 1262 849 τάδε
1273 830 1279 836 ·

1107 873 1130 895 α’
1142 869 1189 895 καὶ
1202 868 1245 901 λς’
1255 868 1329 904 σχόλ.
1342 869 1551 903 ᾹΙνημονεύετε
1560 868 1645 902 ὑμεῖς
1655 875 1726 894 ποτε
1736 867 1771 893 τὰ
1779 866 1867 900 ἔθνη,

1072 915 1099 941 οὶ
1111 915 1268 949 λεγιίμενοι
1281 915 1475 948 ἀκροϐυστία,
1489 914 1549 942 ὑπὸ
1563 914 1619 948 τῆς
1634 913 1799 948 λεγομένης
1813 921 1869 939 ειε-

1068 960 1195 995 ριτομῆς
1209 960 1244 987 ὲν
1259 961 1347 995 σαρκὶ
1361 961 1566 996 χειροποιήτῳ,
1582 961 1626 987 ὅτι
1640 958 1693 996 ἦτε
1711 958 1750 992 τῷ
1771 958 1868 993 καιρῷ

1071 1008 1176 1038 ἐκείνῳ
1190 1007 1279 1041 χωρὶς
1291 1007 1430 1042 Χριστοῦ,
1447 1007 1721 1041 ἀπηλλοτριωμένοι
1735 1005 1791 1039 τῆς
1811 1012 1868 1032 πο-

1072 1053 1185 1086 λιτείας
1200 1053 1253 1079 τοῦ
1270 1053 1399 1087 Ἰσραὴλ,
1413 1053 1462 1079 καὶ
1477 1052 1556 1085 ξένοι
1572 1052 1631 1079 τῶν
1645 1051 1795 1086 διαθηκῶν
1809 1051 1868 1084 τῆς

1072 1097 1266 1132 ἐπαγγελίας·
1288 1098 1397 1125 ἐλπίδα
1411 1098 1454 1133 μὴ
1469 1098 1602 1132 ἔχοντες,
1619 1098 1666 1124 καὶ
1680 1098 1760 1125 ἄθεοι
1775 1097 1811 1123 ἐν
1826 1095 1869 1129 τῷ

1073 1143 1186 1178 κόσμῳ.
1209 1144 1285 1170 Νυνὶ
1302 1143 1336 1170 δὲ
1354 1143 1389 1170 ἐν
1398 1142 1514 1177 Χριστῷ
1531 1143 1628 1176 Ἰησοῦ
1644 1141 1728 1177 ὑμεῖς
1750 1143 1777 1168 cl
1792 1141 1868 1168 ποτὲ

1074 1189 1160 1222 ὄντες
1171 1190 1291 1225 μακρὰν
1305 1189 1465 1225 ἐγενήθητε
1479 1189 1569 1224 ἐγγὺς
1584 1188 1624 1221 τῷ
1639 1189 1738 1223 αἵματι
1757 1187 1866 1215 αὑτοῦ.

1074 1236 1171 1270 Αὐτὸς
1184 1236 1238 1271 γάρ
1250 1237 1360 1271 ἐστινὴ
1370 1236 1474 1271 εἰρήνη
1489 1235 1582 1270 ἡμῶν,
1596 1235 1612 1262 ὁ
1623 1235 1753 1268 ποιήσας
1765 1236 1801 1261 τὰ
1812 1235 1868 1269 ἀμ-

1074 1284 1194 1317 φότερα,
1210 1282 1256 1309 καὶ
1269 1282 1303 1309 τὰ
1318 1282 1390 1318 ἑξῆς.

1109 1333 1133 1355 α’
1149 1329 1195 1355 καὶ
1207 1328 1250 1361 λς’
1266 1328 1354 1363 ἐλεγχ.
1369 1328 1416 1359 Τὸ,
1426 1328 1647 1363 Μνημονεύετε,
1658 1336 1753 1363 καιρου
1767 1327 1870 1362 σημαί-

1075 1385 1114 1403 νει
1125 1375 1155 1402 τὸ
1169 1374 1248 1407 εἶδος.
1263 1375 1328 1407 Καὶ,
1343 1376 1369 1402 οἰ
1380 1375 1545 1409 Jay-Littera,
1555 1375 1614 1402 ἀπὸ
1626 1374 1680 1407 τῆς
1689 1375 1869 1408 λεγομένης,

1075 1422 1129 1448 τῶν
1149 1421 1319 1458 πραγμάτων
1338 1421 1401 1453 τοὺς
1421 1421 1524 1453 τύπους
1545 1422 1683 1456 σημαίνει.
1705 1421 1759 1448 Καὶ
1774 1421 1817 1453 τὸ,
1833 1421 1871 1447 ὲν

1075 1468 1176 1502 σαρκὶ,
1193 1468 1237 1495 ἵνα
1250 1467 1323 1503 δείξῃ
1339 1468 1384 1494 τὸν
1399 1468 1484 1494 τύπον
1501 1468 1546 1494 τὸν
1559 1469 1588 1494 ὲν
1602 1468 1634 1503 τῇ
1651 1467 1732 1503 σαρκὶ
1751 1467 1871 1493 ἀπεκδε-

1076 1515 1189 1550 χόμενον
1208 1514 1254 1540 τὸν
1274 1514 1321 1540 τοῦ
1337 1514 1493 1549 Πνεύματος
1519 1514 1632 1550 καιρόν·
1658 1514 1702 1540 ἵνα
1715 1513 1750 1539 τὰ
1764 1513 1872 1539 ἐντελὲ-

1077 1569 1160 1596 στερα
1170 1561 1224 1587 ἀπὸ
1236 1560 1284 1586 τοῦ
1297 1560 1382 1587 τύπου
1397 1559 1481 1597 δείξῃ.
1503 1560 1595 1596 Χωρὶς
1611 1560 1665 1595 γὰρ
1680 1559 1801 1594 Χριστοῦ
1817 1568 1870 1585 πο-

1076 1607 1178 1638 λιτείας
1200 1606 1248 1633 τοῦ
1278 1606 1386 1642 Ἰσραὴλ
1411 1607 1427 1641 ἡ
1451 1606 1619 1642 ἀκροϐυστία
1643 1605 1867 1641 ἀπηλλοτρίωτο·

1076 1653 1321 1690 ἀπηλλοτριωμένη
1331 1654 1359 1680 δὲ
1370 1654 1433 1689 ξένη
1441 1652 1474 1689 ἦν
1486 1652 1650 1687 ἐπαγγελίας
1661 1652 1707 1678 καὶ
1717 1651 1852 1686 διαθήκης
1861 1660 1867 1666 ·

1076 1701 1124 1727 καὶ
1137 1702 1160 1727 οξ
1173 1701 1227 1728 ἀπὸ
1241 1700 1342 1736 ταύτης
1356 1700 1511 1736 ὁρμώμενοι
1532 1700 1627 1726 ἐλπίδα
1643 1700 1692 1727 οὐκ
1708 1697 1791 1735 εἶχον,
1810 1698 1868 1725 ἀλλ’

1076 1747 1151 1774 ἄθεοι
1164 1746 1234 1783 ἦσαν
1251 1748 1280 1774 ἐν
1302 1747 1341 1782 τῷ
1358 1748 1463 1782 κόσμῳ,
1489 1747 1526 1778 ὡς
1545 1747 1733 1773 ἀποδέδεικται
1747 1745 1802 1772 ἀπὸ
1814 1745 1869 1771 τῶν

1076 1795 1123 1822 τοῦ
1146 1794 1308 1821 Ἀποστόλου
1327 1794 1466 1829 ῥημάτων.
1494 1792 1574 1819 Ἀλλὰ
1587 1792 1629 1826 σὺ,
1646 1791 1790 1827 Μαρκίων,
1806 1790 1869 1817 οὔτε

1076 1842 1152 1876 ὁρᾷς,
1174 1840 1236 1867 οὔτε
1257 1840 1380 1871 ἀκούεις·
1408 1839 1469 1866 ἐπεὶ
1490 1839 1523 1866 ἂν
1540 1839 1624 1870 ὲνόεις
1646 1839 1736 1865 πόσων
1755 1838 1869 1872 ἀγαθῶν

1077 1887 1222 1922 παραίτιον
1237 1886 1283 1912 τὸν
1300 1885 1381 1921 νόμον
1396 1885 1495 1919 φάσκει
1507 1886 1520 1911 ό
1536 1885 1613 1919 ἅγιος
1633 1883 1803 1915 Ἀπόστολος,
1815 1883 1869 1910 τῶν

1077 1934 1105 1960 ἐν
1122 1933 1160 1968 τῷ
1174 1933 1249 1967 νόμῳ
1266 1932 1334 1968 πρὸς
1354 1932 1400 1958 τὸν
1416 1932 1477 1958 τότε
1502 1932 1597 1967 καιρὸν
1617 1931 1867 1966 πεπολιτευμένων.

1083 1982 1132 2007 Ἐν
1144 1980 1198 2015 γὰρ
1206 1979 1322 2014 Χριστῷ
1342 1980 1438 2014 Ἰησοῦ
1453 1982 1480 2007 al
1492 1980 1565 2007 ποτὲ
1574 1980 1693 2014 μακρὰν
1705 1980 1764 2007 νῦν
1778 1980 1869 2015 ἐγγὺς

1076 2027 1111 2054 ἐν
1126 2027 1166 2060 τῷ
1183 2028 1282 2062 αἵματι
1297 2026 1400 2054 αὐτοῦ.
1426 2027 1523 2060 Αὐτὸς
1539 2026 1594 2062 γάρ
1613 2027 1700 2054 ἐστιν
1722 2027 1741 2061 ἡ
1763 2026 1868 2061 εἰρήνη

1076 2073 1171 2108 ἡμῶν,
1191 2075 1207 2100 ὀ
1220 2073 1351 2106 ποιήσας
1364 2075 1400 2101 τὰ
1414 2074 1565 2109 ἀμφότερα
1582 2074 1625 2102 ἓν.
1645 2073 1677 2100 Εἰ
1689 2073 1717 2100 δὲ
1733 2074 1767 2100 τὰ
1779 2074 1870 2109 ἀμφόο

1075 2129 1142 2157 τερα
1159 2121 1288 2156 ἐποίησεν
1304 2120 1343 2152 ἓν,
1355 2121 1402 2147 καὶ
1417 2121 1447 2147 οὺ
1463 2121 1494 2147 τὸ
1507 2120 1556 2156 μὲν
1571 2120 1670 2152 ἀνεῖλε,
1687 2120 1717 2146 τὸ
1733 2120 1761 2146 δὲ
1776 2120 1869 2155 ἓτερον

1077 2167 1278 2202 συνεστήσατο·
1313 2167 1366 2202 ἄρα
1386 2175 1418 2201 γε
1436 2167 1497 2193 οὐδὲ
1519 2167 1550 2194 τὸ
1571 2167 1704 2202 πρότερον
1728 2166 1869 2202 ἀλλότριον

1077 2212 1170 2244 αὐτοῦ,
1183 2212 1243 2238 οὐδὲ
1254 2212 1283 2238 τὸ
1292 2212 1416 2247 δεύτερον
1428 2212 1523 2239 διεῖλεν
1531 2212 1585 2239 ἀπὸ
1603 2212 1649 2239 τοῦ
1662 2211 1769 2239 πρώτου
1780 2221 1787 2227 '
1801 2211 1870 2238 ἀλλὰ

1077 2258 1110 2284 τὰ
1123 2258 1263 2293 ἀμφότερα
1281 2259 1321 2290 εἰς
1337 2258 1366 2284 ἒν
1385 2259 1547 2294 συνήγαγεν,
1564 2259 1613 2294 οὐχ
1630 2258 1732 2290 ἁπλῶς,
1745 2259 1776 2285 οὐ
1788 2259 1867 2295 δοκή-

1077 2313 1129 2334 σει,
1138 2304 1206 2330 ἀλλὰ
1214 2304 1336 2339 ἐναργῶς
1348 2305 1383 2331 ἐν
1392 2304 1431 2336 τῷ
1441 2305 1540 2338 αἵματι
1550 2305 1653 2336 αὐτοῦ,
1665 2305 1702 2337 ὡς
1715 2306 1730 2341 ἡ
1744 2305 1868 2341 ἀσφαλὴς

1077 2351 1125 2378 τοῦ
1149 2351 1309 2378 Ἀποστόλου
1325 2351 1497 2377 ὑποδείκνυσι
1512 2351 1680 2378 διδασκαλία.

1115 2442 1135 2477 β’
1145 2443 1193 2469 καὶ
1201 2443 1238 2475 λζ’
1246 2442 1318 2478 σχόλ.
1327 2441 1373 2468 Διὸ
1388 2441 1480 2476 λέγει’
1492 2442 1614 2476 Ἔγειρε,
1624 2441 1808 2471 όκαθεύδων.
1817 2443 1866 2469 καὶ

1075 2488 1193 2516 ἀνάστα
1201 2489 1235 2515 ἐκ
1250 2488 1309 2514 τῶν
1323 2487 1449 2522 νεκρῶν,
1466 2488 1515 2514 καὶ
1531 2488 1692 2522 ἐπιφαύσει
1703 2496 1754 2515 σοι
1770 2490 1787 2514 ὀ
1802 2489 1868 2523 Χρι-

1075 2535 1161 2567 στός.

1112 2582 1134 2617 β’
1148 2581 1195 2608 καὶ
1211 2581 1249 2613 λζ’
1264 2581 1353 2617 ἕλεγχ.
1373 2582 1459 2609 Πόθεν
1475 2581 1513 2616 τῷ
1531 2581 1684 2616 Ἀποστὸλῳ
1700 2581 1742 2613 τὸ,
1758 2581 1807 2607 Διὸ
1819 2581 1866 2608 καὶ

1074 2627 1165 2662 λέγει,
1180 2627 1247 2654 ἀλλὰ
1258 2628 1310 2654 ἀπὸ
1324 2628 1373 2664 τῆς
1387 2628 1508 2659 Παλαιᾱς
1519 2628 1598 2663 δῆλον
1611 2627 1748 2662 Διαθήκης
1760 2635 1767 2659 ς
1782 2626 1867 2653 Τοῦτο

1075 2674 1103 2700 δὲ
1127 2673 1276 2710 ἐμφέρεται
1303 2674 1378 2710 παρὰ
1397 2674 1437 2710 τῷ
1455 2674 1545 2710 Ἠλίᾳ.
1572 2674 1656 2700 Πόθεν
1673 2673 1702 2700 δὲ
1719 2673 1832 2709 ὡρμᾶτο
1852 2674 1866 2699 ὁ

1083 2720 1190 2753 Ἦλίας;
1207 2720 1287 2747 Ἀλλὰ
1300 2717 1340 2752 εἷς
1353 2718 1386 2756 ἧν
1397 2721 1452 2747 τῶν
1463 2720 1622 2756 προφητῶν,
1631 2719 1685 2746 τῶν
1696 2720 1767 2746 κατὰ
1785 2720 1865 2754 νόμον

1076 2765 1324 2800 πεπολιτευμένων,
1347 2765 1402 2792 ἀπὸ
1423 2765 1506 2801 νόμου
1535 2766 1582 2792 καὶ
1606 2765 1755 2802 προφητῶν
1775 2764 1866 2800 ὁρμώ-

1077 2819 1164 2846 μενος.
1186 2811 1216 2838 Εἰ
1233 2811 1303 2839 δὲέν
1316 2811 1428 2848 Χριστῷ
1444 2812 1632 2847 προεφήτευσε
1649 2811 1690 2844 τὸ,
1710 2811 1742 2837 Ἐ
1747 2819 1834 2845 rupe,
1849 2815 1865 2837 ο

269 2867 277 2883 ¹
297 2867 398 2897 lJoan.
413 2876 450 2903 ιν,
466 2868 493 2897 8.
532 2868 542 2885 ¹
556 2867 654 2903 Ephes.
671 2877 701 2902 ιι,
720 2869 751 2896 il
766 2877 842 2906 seqq.
881 2869 891 2885 ³
908 2868 1006 2903 Ephes.
1023 2877 1049 2902 v,
1069 2869 1112 2896 li.
