1964 3047
108 148 162 177 ῑοθ

440 148 624 178 ADVERSUS
643 148 813 177 IIERESES
831 148 895 176 LIB.
916 148 936 176 Ι.
957 147 1040 176 ΤΟΜ.
1058 148 1101 175 III.
1121 164 1156 169 —
1175 148 1312 176 HXERES.
1330 148 1410 177 XLII.

1685 147 1738 177 8l0

110 209 273 242 καθεύδων,
295 208 345 236 και
360 209 478 238 ἀνάστα
499 210 534 237 ἐκ
550 209 610 236 τῶν
629 209 752 243 νεκρῶν,
772 208 820 235 καὶ
833 208 896 235 ἐπι-

961 211 985 234 ta
1010 208 1036 234 in
1059 207 1170 235 Christo
1189 207 1356 234 vaticinatus
1378 211 1420 235 est
1438 217 1444 233 :
1461 206 1544 242 Surge
1557 207 1601 242 qui
1616 206 1716 234 dormis
1729 227 1736 238 .

110 256 221 290 spatioet
235 263 285 282 σοι
302 257 318 282 ό
330 256 456 290 Χριστός
466 264 472 270 ·
495 255 549 291 ἄρα
568 264 599 289 γε
619 255 648 281 τὸ
664 255 840 291 πρωτὸτυπον
853 253 897 280 διὰ

111 301 237 337 Λαζάρου
258 301 305 328 καὶ
328 301 381 328 τῶν
398 302 485 329 ἄλλων
510 302 705 337 ἐπεπλήρωτο·
732 301 796 337 περὶ
813 297 851 327 ὧν
873 301 897 327 oi.

111 347 188 374 αὐτοὶ
195 347 530 383 (ςᾶε)άμφέ6αλλονΜάρθα
538 348 583 374 καὶ
588 347 681 383 Μαρία
687 347 898 382 λέγουσαι·Ἦδη

113 393 186 424 ὄζει·
203 393 371 428 τεταρταῒός
383 394 463 421 ἐστι·
484 394 531 420 καὶ
541 393 595 420 τῶν
609 394 656 420 τοῦ
674 393 897 430 ἀρχισυναγώγου

112 439 245 474 λεγόντων
256 448 262 454 ·
274 439 386 473 Μηκέτι
398 440 548 467 (rutulus
564 440 618 466 τὸν
632 439 820 466 διδάσκαλον
828 447 834 454 ·
852 438 898 465 καὶ

113 485 195 512 αὑτοῦ
211 485 350 519 λέγοντος·
374 484 423 518 Μὴ
438 485 578 519 φοϐεῖσθε
590 493 598 500 ·
620 485 656 512 οὐ
669 485 723 520 γὰρ
738 484 897 518 ἀπέθανεν,

113 531 193 559 ἀλλὰ
207 531 352 558 καθεύδει.
372 532 468 566 Σαφῶς
478 531 533 568 γὰρ
545 531 637 558 ἔκτοτε
651 531 682 557 τὸ
696 531 825 567 κήρυγμα
834 531 900 558 ὲκά-

113 576 155 603 λει
169 576 316 603 ἀνάστασιν
329 576 372 603 διὰ
388 577 508 612 Χριστοῦ
522 576 641 603 ἔσεσθαι.
665 577 719 603 Καὶ
734 577 764 603 τὸ
779 576 900 609 ἐξουσια-

113 621 206 648 στικὺν
219 621 267 656 τῆς
281 621 421 657 εὐχερείας
431 622 615 654 ὑπεδείκνυεν,
632 622 675 648 ἵνα
690 622 719 648 τὸ
729 622 840 649 δυνατὸν
852 621 899 648 τοῦ

113 666 232 702 Χριστοῦ
247 666 385 702 ὑποδείξῃ,
401 667 453 700 ὅτι,
471 668 509 700 ὡς
525 667 564 703 τῷ
580 667 717 703 ἀνθρώπῳ
731 668 851 703 εὐχερὲς,
870 668 900 694 οὐ

113 713 159 740 τὸν
171 713 351 745 ἀποθανόντα,
363 713 430 740 ἀλλὰ
440 713 485 740 τὸν
497 714 661 741 καθεύδοντα
675 714 719 741 διὰ
731 714 822 749 φωνῆς
833 715 902 748 ὲγεῐ-

114 768 170 795 ραι,
185 758 270 791 οὕτως
283 759 329 786 καί
345 759 384 795 τῷ
399 759 508 796 Χριστῷ
521 758 554 795 ἦν
571 760 733 796 ἑτοιμότατα
751 760 782 786 τὸ
798 761 883 786 εἰπεῖν
893 767 899 773 ’

114 804 237 839 Λάζὶιρε,
261 805 349 839 δεῦρο
360 805 428 838 ἔξω,
446 806 492 832 καὶ
505 806 545 838 τὺ,
560 806 664 840 Κουμὶ,
681 806 769 840 κουμὶ
786 805 900 837 ταλιοὰ,

112 851 262 883 τουτέστιν,
286 850 451 885 Ἀνάστηθι,
464 852 483 886 ἠ
501 852 581 885 παῖς.
591 851 667 887 (Καὶ)
683 852 716 878 δι’
728 849 765 879 ὧν
780 851 903 888 ἐναργῶν

949 258 973 280 et
984 261 1090 288 remige
1101 261 1117 279 a
1133 253 1254 285 mortuis,
1263 257 1287 279 et
1299 251 1460 279 illuminabit
1472 257 1496 279 te
1508 251 1628 280 Christus
1638 272 1645 284 ,
1658 252 1739 287 plane

950 300 1038 334 ipsum
1053 299 1201 334 exemplar,
1212 299 1285 334 quod
1301 298 1394 334 ﬁguris
1413 299 1468 326 illis
1481 298 1671 326 adumbratqu
1684 303 1738 333 est,

950 345 978 372 ill
1003 344 1121 377 Lazaro,
1138 345 1299 379 ueterisque
1315 345 1341 372 id
1361 353 1447 380 genus
1470 345 1611 380 impletum
1629 350 1681 373 est.
1702 345 1740 373 De

951 389 1054 417 Lazaro
1070 390 1179 425 quidem
1193 389 1297 417 Martha
1313 397 1345 416 ac
1361 389 1445 416 Maria
1468 390 1626 418 dubitantes
1643 390 1680 418 ita
1697 390 1739 417 lo-

951 440 1021 464 cutaa
1034 440 1098 464 sunt
1115 446 1121 463 :
1135 435 1198 462 Iam
1219 436 1291 470 fetet,
1306 435 1501 471 quatriduanus
1515 441 1554 464 est
1575 437 1595 464 ¹.
1612 436 1646 463 At
1659 443 1741 470 syna-

951 489 1026 518 gogaa
1042 481 1174 517 principis
1194 482 1309 509 comites
1325 491 1331 508 :
1350 481 1455 513 Nolite,
1473 481 1649 516 inquiebant,
1677 482 1741 516 fati-

951 537 1013 564 gare
1029 529 1201 564 magistrum;
1214 528 1261 556 sed
1279 527 1410 556 Dominus
1424 528 1476 555 ista
1495 528 1612 562 subjecit
1628 538 1634 556 :
1651 527 1741 555 Nolite

953 576 1070 608 timere;
1090 583 1141 602 non
1158 578 1227 602 enim
1253 579 1359 601 mortua
1377 579 1435 606 est,
1457 573 1502 601 sed
1522 574 1618 601 dormit
1639 577 1659 601 '.
1681 574 1741 601 Jam

954 625 1010 648 tum
1033 621 1106 649 enim
1123 621 1215 648 futura
1241 629 1289 656 per
1310 620 1449 648 Christum
1474 621 1640 648 resurrectio
1656 621 1742 648 divini

953 667 1027 695 verbi
1054 667 1191 702 praeconio
1218 667 1419 694 celebrabatur.
1449 665 1503 693 Sed
1533 671 1560 694 et
1582 671 1742 702 potestatem

954 713 1044 747 illius,
1069 712 1222 748 agendique
1248 712 1406 740 facilitatem
1427 713 1580 748 expressit,
1607 717 1637 740 ut
1661 721 1742 748 quam

955 763 1050 794 potens
1066 763 1140 786 esset
1160 759 1287 786 Christus
1310 759 1466 786 ostenderet
1480 767 1532 790 ,ex
1556 767 1589 787 eo
1612 762 1685 795 quod
1704 762 1745 790 uti
1802 760 1808 767 ’

954 805 1056 832 homini
1072 805 1232 832 facillimum
1245 809 1287 832 est
1304 812 1360 832 non
1375 809 1513 832 mortuum
1523 827 1531 836 ,
1545 807 1592 834 sed
1604 807 1744 836 dormien-

955 855 1009 878 tem
1039 858 1105 879 voce
1134 851 1287 884 suscitare,
1317 851 1353 878 ita
1372 850 1481 879 Christo
1508 853 1744 888 promptissimum

114 896 277 929 ἀποδείξεων
293 897 429 933 ἐσήμανεν
448 899 462 924 ὁ
479 897 556 932 λόγος
571 899 620 933 τὴν
637 897 715 933 ἡμῶν
733 898 828 934 κλῆσιν
847 898 901 924 ἀπὸ

961 900 1011 924 :rat
1036 897 1128 924 dicere
1145 906 1153 925 :
1169 896 1289 928 Lazare,
1315 898 1372 924 υειιὶ
1399 898 1473 932 {aras
1491 901 1516 932 a;
1547 904 1621 930 tum,
1647 900 1743 936 Kumi,

113 942 218 978 νεκρῶν
236 942 334 978 ἔργων,
363 944 410 970 καὶ
427 943 511 970 ὕπνου
532 943 646 979 βαρέως,
669 943 747 979 ἡμῶν
762 943 817 969 τῶν
836 952 901 970 ποτε

113 987 298 1014 καθευδόντων
319 988 494 1024 ἀνεγείροντα
514 988 559 1015 τὸν
578 988 705 1024 Χριστὸν,
731 988 779 1015 καὶ
797 987 842 1015 διὰ
855 988 902 1024 τῆς

113 1033 237 1068 κλήσεως
253 1033 403 1067 φωτίζοντα
417 1035 490 1070 ἡμᾶς
500 1042 507 1050 ³
522 1035 582 1070 ἥτις
594 1035 688 1068 γέγονε
704 1034 816 1070 δευτέρα
834 1034 904 1070 αὕτη

115 1079 217 1114 σχέσις.
237 1079 274 1106 Τὸ
291 1079 319 1106 δὲ
331 1080 432 1106 τέλειον
449 1081 495 1107 καὶ
510 1080 652 1107 καθολικὺν
670 1080 904 1117 προσδοκώμενον,

113 1124 179 1150 ὅταν
191 1125 206 1151 ὁ
221 1124 302 1156 αὐτὸς
314 1126 329 1151 ὁ
350 1124 446 1159 λέγων,
460 1125 531 1160 Ἐγώ
543 1127 600 1157 ειμι
612 1126 631 1159 ή
642 1125 820 1158 ἀνάστασις,
835 1126 905 1152 πάν-

114 1177 163 1201 τας
187 1170 289 1206 καλέσῃ
317 1171 364 1197 καὶ
384 1170 478 1207 ἐγείρῃ
497 1170 604 1207 σώματι
625 1171 769 1207 καὶῲυχῇ,
787 1171 833 1198 καὶ
847 1179 905 1206 φω-

114 1215 177 1251 τίσῃ
192 1216 221 1243 ὲν
237 1217 270 1251 τῇ
284 1215 366 1242 αὐτοῦ
385 1216 519 1253 μελλούσῃ
532 1217 678 1252 παρουσίᾳ.

954 942 1036 969 Kumi
1053 942 1232 976 Talitha,hoc
1245 947 1296 975 est,
1313 942 1407 978 Surge,
1424 944 1512 979 puella
1523 945 1640 981 ‘Jisque
1656 948 1745 975 mani-

955 988 1111 1016 festissimis
1130 990 1300 1024 argumentis
1317 989 1362 1017 Dei
1377 990 1489 1017 verbum
1510 991 1680 1019 vocationem
1704 993 1745 1020 in-

955 1034 1065 1061 dicabat
1087 1038 1228 1066 nostram,
1250 1033 1445 1069 Christumque
1463 1034 1606 1063 Dominum
1631 1037 1666 1065 ab
1681 1046 1746 1073 ope-

957 1079 1033 1107 ribus
1053 1079 1183 1112 mortuis,
1200 1083 1228 1107 et
1248 1080 1383 1108 altissimo
1403 1088 1458 1116 quo
1474 1082 1635 1110 tenebamur
1650 1091 1746 1112 somno

958 1124 1142 1159 nosmetipsos
1166 1125 1348 1157 excitantcm,
1373 1133 1406 1152 ac
1428 1127 1572 1155 vocatione
1593 1136 1643 1156 sua
1658 1130 1745 1157 coliti-

957 1174 1089 1198 strantem
1107 1179 1114 1198 ε
1129 1178 1188 1206 qua:
1202 1171 1312 1206 quidem
1323 1171 1443 1199 secunda
1455 1171 1506 1199 fuit
1522 1173 1664 1202 habitudo.
1677 1175 1746 1207 Nam

956 1215 1107 1250 perfectum
1138 1223 1170 1242 ac
1198 1216 1324 1249 generale
1349 1216 1416 1243 illud
1441 1219 1656 1252 exspectandum
1685 1224 1744 1251 est,

113 1271 178 1291 cum
196 1263 323 1291 nmiirum
348 1264 392 1292 ille
414 1264 473 1299 ipse
487 1265 534 1300 qui
550 1265 641 1292 dixit:
667 1264 722 1299 Ego
743 1273 800 1291 sum
828 1264 1000 1296 resurrectio,
1034 1263 1179 1291 universos
1201 1263 1376 1296 evocaverit,
1401 1266 1430 1291 et
1464 1271 1579 1299 corpore
1597 1272 1631 1292 ac
1656 1269 1748 1293 mente

115 1311 218 1347 pariter
232 1310 376 1343 excitarit,
394 1314 476 1345 atque
495 1311 522 1338 in
537 1310 628 1338 l'uturo
641 1311 759 1338 adventu
778 1318 828 1338 sua
846 1306 909 1338 luce
928 1308 1089 1346 perfuderit.

150 1361 175 1393 γ’
191 1358 239 1384 καὶ
252 1358 292 1393 λη’
305 1357 378 1393 σχόλ.
400 1358 472 1385 ’Λντὶ
485 1357 542 1388 τοῦ,
557 1359 737 1392 Καταλείψει
751 1358 906 1393 ἄνθρωπος

115 1403 170 1430 τὸν
190 1403 304 1437 πατέρα
325 1403 419 1430 αὐτοῦ
443 1403 492 1430 καὶ
511 1402 570 1437 τὴν
582 1403 706 1438 μητέρα.
726 1403 774 1430 καὶ
794 1405 905 1438 κολλη-

114 1449 239 1483 θήσεται
254 1449 291 1484 τῇ
303 1449 422 1483 γυναικί
428 1457 435 1464 ·
456 1449 506 1476 καὶ
516 1449 637 1476 ἔσονται
653 1451 679 1477 οὶ
691 1451 745 1477 δύο
755 1451 797 1484 εὶς
807 1450 906 1485 σάρκα

117 1495 198 1527 ιιίαν,
215 1495 290 1530 παρὰ
305 1494 346 1527 τὺ,
363 1493 401 1529 τῇ
418 1495 548 1529 γυναικί.

150 1544 175 1576 γ’
191 1541 238 1568 καὶ
247 1541 289 1577 λη’
303 1541 395 1576 ἐλεγχ.
424 1540 622 1568 ’Δποδὲδεικται
635 1540 765 1573 πολλάκις
780 1540 816 1577 μὴ
830 1540 905 1567 ἀλλό-

114 1595 179 1622 τρια
196 1585 266 1614 εἴναι
281 1587 317 1615 τὰ
335 1588 364 1614 ὲν
377 1587 417 1623 τῷ
440 1587 515 1623 νόμῳ
535 1589 593 1619 τοῖς
607 1588 661 1614 ἀπὸ
677 1587 724 1614 τοῦ
746 1587 906 1614 Ἀποστὸλου
921 1579 942 1608 c

114 1632 333 1667 διδασκομένοις·
359 1631 411 1658 κᾶν
426 1640 457 1658 τε
473 1632 517 1664 σὺ,
540 1629 563 1658 ὦ
579 1631 723 1668 Μαρκίων,
747 1630 909 1667 παρακὸψῃς

114 1679 155 1712 τὸ,
168 1679 298 1714 γυναικί.
314 1677 379 1706 Ἀπὸ
392 1678 440 1705 τοῦ
451 1677 516 1714 γὰρ,
526 1678 649 1705 ἔσονται
662 1679 706 1712 εις
718 1677 816 1713 σάρκα
823 1677 907 1713 μίαν,

75 1758 80 1764 Ι
94 1761 97 1763 ἓ
114 1724 182 1764 δήλη
195 1733 241 1751 σου
255 1725 330 1752 ἔσται
341 1725 359 1760 ἡ
373 1725 447 1751 πᾶσα
461 1723 628 1760 ρᾳδιουργία.

117 1781 176 1816 Τῆς
193 1782 268 1816 πρὸς
287 1780 456 1817 Κολοσσεῖς
476 1780 586 1817 ῥγδόης
600 1781 678 1816 παρὰ
696 1781 736 1814 τῷ
749 1780 909 1817 Μαρκίων-ι

151 1815 301 1887 etme-nc,
316 1816 397 1851 παρὰ
414 1816 449 1844 δὲ
460 1815 503 1850 τῷἺ
527 1815 696 1849 Ἁποστόλῳ
708 1815 835 1852 ἑϐδόμῄς
848 1824 908 1844 κει-

151 1862 172 1887 μ
231 1862 257 1885 ς.

149 1862 257 1888 μενης.

152 1909 177 1936 α’
193 1908 240 1936 καὶ
256 1908 295 1935 λθ¹
321 1907 395 1944 σχόλ.
414 1906 464 1943 Μὴ
480 1904 538 1936 οὖν
558 1917 603 1942 τις
627 1907 705 1944 ὑμᾶς
727 1907 848 1943 κρινέτω
873 1909 908 1935 ἐν

116 1954 238 1989 βρώσει,
253 1955 273 1989 ἣ
288 1954 323 1982 ἐν
339 1950 440 1988 πόσει,
456 1954 475 1990 ἢ
499 1955 533 1982 ἐν
547 1953 645 1989 ἑορτῇ,
669 1954 689 1989 ἣ
711 1955 746 1981 ἐν
766 1955 909 1989 νεομηνία

117 2002 166 2028 καὶ
184 2000 331 2033 Σαϐϐάτῳ,
347 2001 364 2027 ὅ
378 2001 445 2028 ἐστι
458 1999 531 2027 σκιὰ
548 1999 608 2027 τῶν
624 2001 809 2036 μελλόντων.

154 2051 179 2073 α’
200 2047 248 2073 καὶ
263 2046 302 2073 λθ¹
318 2046 409 2082 ἑλεγχ.
436 2046 591 2082 Οὐδαμόθεν
610 2046 758 2073 ὑποπίπτει
789 2045 862 2077 σκιὰ,
885 2043 908 2073 ὦ

118 2093 260 2130 Μαρκίων.
284 2093 341 2120 ἀλλ’
357 2093 374 2127 ἢ
394 2092 449 2120 ἀπὸ
463 2092 604 2128 σώματος’
628 2093 676 2120 καὶ
691 2092 771 2128 σῶμα
787 2093 816 2119 οὐ
831 2092 909 2119 δύνα-

117 2148 164 2167 ται
186 2137 267 2171 εἶναι,
293 2139 372 2171 σκιᾶς
396 2139 443 2165 ἀπ’
461 2137 543 2165 αὑτοῦ
569 2138 606 2174 μὴ
629 2138 804 2174 φαινομένης.
827 2138 908 2166 Ὅθεν

117 2185 263 2220 πεισθῆναι
277 2184 429 2219 ὀφείλουσιν
443 2185 467 2210 οἱ
483 2183 537 2210 ἀπὸ
550 2183 597 2210 σοῦ
611 2183 782 2219 ἠπατημένοι
797 2183 841 2210 διὰ
854 2182 908 2210 τῶν

118 2231 159 2258 ἔτι
173 2231 248 2267 παρὰ
261 2229 308 2257 σοῦ
329 2229 537 2265 φυλαττομένων
549 2229 599 2264 τῆς
613 2229 742 2266 ἀληθείας
761 2229 815 2256 τῶν
828 2229 908 2256 θείων

992 1356 1086 1384 Schol.
1107 1357 1124 1384 5
1138 1361 1165 1384 et
1188 1357 1232 1384 58.
1247 1356 1277 1384 In
1290 1364 1324 1385 eo
1343 1357 1417 1392 quod
1433 1358 1564 1394 scriptum
1578 1364 1621 1387 est
1635 1371 1643 1388 ς
1658 1360 1748 1388 Relin-

956 1409 1016 1436 quet
1037 1403 1114 1430 homo
1136 1408 1239 1438 patrem
1261 1411 1338 1430 suum
1352 1409 1378 1430 et
1404 1409 1534 1436 matrem,
1556 1410 1581 1432 et
1604 1405 1748 1434 adhaerebit

956 1450 1035 1476 uxori
1044 1457 1054 1481 ;
1076 1453 1101 1476 et
1116 1454 1191 1476 erunt
1206 1449 1258 1476 duo
1272 1449 1300 1476 in
1318 1457 1423 1476 carnem
1442 1458 1522 1477 unam
1534 1450 1554 1483 ⁵,
1584 1452 1747 1480 vocabulum

955 1495 1034 1521 uxori
1051 1495 1174 1522 sustulit.

991 1539 1082 1567 Refut.
1091 1540 1108 1567 5
1115 1543 1142 1568 et
1154 1539 1199 1566 58.
1210 1538 1403 1574 Saepenumero
1417 1540 1571 1573 docuimus,
1579 1541 1650 1569 haud
1659 1542 1748 1570 aliena

957 1593 1018 1614 esse
1034 1593 1095 1621 qure
1115 1585 1143 1613 in
1165 1585 1223 1621 lege
1247 1589 1311 1613 sunt
1330 1585 1410 1621 373
1426 1586 1460 1613 ab
1476 1585 1510 1612 iis
1526 1594 1587 1621 quae
1601 1587 1750 1622 Apostolus

960 1631 1084 1665 tradidit;
1102 1631 1171 1663 etsi,
1201 1631 1313 1664 Marcio,
1334 1639 1432 1659 nomen
1458 1634 1551 1660 uxoris
1571 1634 1748 1669 expunxeris.

958 1679 1066 1707 Etenim
1089 1678 1135 1706 illa
1162 1679 1221 1713 ipsa
1243 1677 1344 1711 verba,
1368 1683 1443 1704 erunt
1470 1678 1497 1705 in
1525 1687 1631 1707 carnem
1650 1688 1748 1714 unum.

959 1724 1081 1752 fraudem
1099 1728 1172 1751 tuam
1188 1724 1257 1752 satis
1273 1732 1410 1760 superque
1423 1723 1554 1761 detegunt

961 1781 1002 1809 Ea:
1018 1781 1140 1816 Epistula
1158 1781 1192 1807 ad
1210 1780 1389 1810 Colossenses.
1409 1789 1490 1816 quam
1504 1786 1623 1810 octavam
1645 1782 1749 1811 Marcio

1132 1817 1255 1849 collocat,
1270 1817 1412 1851 Apostolus
1430 1825 1490 1845 vero
1511 1816 1566 1844 VII

995 1904 1089 1933 Schol.
1110 1905 1123 1933 1
1140 1909 1168 1933 et
1188 1905 1232 1933 39.
1254 1904 1340 1932 Nemo
1361 1914 1422 1941 ergo
1449 1914 1492 1934 vos
1515 1907 1618 1942 judicet
1634 1908 1662 1935 in
1678 1908 1748 1941 cibo,

959 1955 1005 1978 aut
1016 1952 1043 1978 in
1057 1956 1131 1985 pota,
1154 1956 1200 1978 aut
1216 1952 1242 1979 in
1258 1951 1335 1986 festo,
1359 1956 1405 1979 aut
1423 1953 1451 1979 in
1468 1951 1624 1987 Neamenia,
1638 1958 1663 1981 et
1680 1953 1750 1982 Sab-

959 1997 1031 2030 bato,
1046 2005 1104 2033 quw
1118 2002 1156 2024 est
1175 1998 1268 2024 umbra
1282 1997 1433 2032 futurorum
1443 1999 1464 2027 ‘.

995 2044 1086 2071 Relut.
1112 2044 1124 2071 l
1142 2048 1169 2072 et
1184 2045 1228 2073 59.
1249 2045 1341 2080 Neque
1363 2046 1473 2074 aliunde
1491 2055 1573 2081 quam
1595 2055 1610 2074 a
1633 2055 1749 2083 corpore

960 2090 1058 2117 umbra
1076 2091 1229 2126 spargitur;
1252 2099 1340 2126 neque
1363 2099 1464 2127 corpus
1483 2100 1544 2120 esse
1561 2097 1659 2128 potest,
1681 2094 1749 2129 quin

959 2136 994 2163 ab
1010 2143 1043 2163 eo
1065 2136 1162 2163 umbra
1182 2142 1332 2171 promonet.
1357 2137 1541 2170 Quamobrem
1558 2146 1590 2166 ex
1612 2139 1666 2167 illis
1681 2140 1749 2175 ipsis

958 2180 1082 2208 veritatis
1111 2188 1143 2209 ac
1167 2189 1308 2209 sacrarum
1332 2181 1497 2210 Litterarum
1524 2183 1657 2219 reliquiis,
1678 2193 1748 2220 quas

960 2226 1032 2261 apud
1047 2232 1074 2254 te
1094 2227 1207 2260 retines,
1228 2227 1335 2255 discere
1352 2228 1532 2256 circumventi
1550 2229 1600 2258 abs
1619 2234 1645 2258 te
1660 2230 1748 2257 homi-

117 2278 233 2314 Γραφῶν
252 2277 395 2312 λειψάνων.
417 2277 468 2308 ὅτι,
496 2276 646 2312 μελλόντων
669 2276 780 2312 ἀγαθῶν
805 2277 904 2303 ἀποκα-

961 2281 1010 2301 nes
1023 2273 1134 2307 debent,
1151 2274 1186 2302 ab
1202 2273 1236 2302 iis
1248 2273 1329 2302 bonis
1343 2281 1404 2309 qua:
1419 2275 1564 2310 retegenda
1579 2276 1645 2303 olim
1657 2280 1748 2309 erant,

117 2324 278 2356 λύπτεσθαι,
305 2323 354 2351 οὐκ
380 2323 508 2359 ἀλλότρια
532 2320 567 2359 ἦν
591 2322 626 2349 τὰ
649 2323 710 2350 τότε
735 2322 908 2358 δικαιώματα

117 2369 293 2406 προσκαίρως
312 2369 538 2405 προστεταγμένα
561 2369 625 2405 περὶ
652 2368 779 2406 βρώσεως
796 2369 842 2396 καὶ
857 2369 907 2395 πό-

119 2423 198 2446 σεως,
216 2413 262 2440 καὶ
278 2413 376 2450 μέρους
392 2413 494 2450 ἑορτῶν
511 2414 558 2440 καὶ
573 2415 721 2449 νεομηνιῶν
742 2415 789 2441 καὶ
801 2415 907 2441 Σαῦὁά-

116 2469 182 2491 των,
194 2456 232 2487 ὧν
245 2459 354 2494 ἀγαθῶν
376 2460 440 2487 σκιὰ
459 2457 529 2496 ἦσαν
547 2460 581 2487 τὰ
596 2461 798 2497 προειρημένα·
820 2462 853 2488 δι’
870 2457 907 2488 ὧν

118 2506 203 2533 σκιῶν
226 2507 258 2533 τὸ
281 2507 360 2541 σῶμα
375 2507 578 2542 κατειλήφαμεν
596 2506 650 2533 τῶν
671 2506 826 2534 ἐνεστώτων
840 2507 907 2542 ἀγα-

118 2552 173 2579 θῶν
197 2554 225 2579 ὲν
239 2552 314 2589 νόμῳ
337 2553 387 2589 μὲν
408 2552 677 2589 σκιαγραφηθέντων,
698 2555 727 2581 ὲν
748 2553 858 2590 Χριστῷ
878 2553 907 2580 δὲ

117 2598 325 2627 τελειωθέντων.

324 2655 402 2688 Πρὸς
417 2654 570 2689 Φιλήμονα
583 2654 702 2689 ἐνάτης.

154 2710 246 2742 Οὕτως
269 2709 324 2746 γὰρ
340 2709 416 2745 παρὰ
434 2709 474 2745 τῷ
487 2710 631 2745 Μαρκίωνι
657 2712 755 2738 κεῖται.
779 2711 857 2747 Παρὰ
876 2711 905 2738 δὲ

122 2756 157 2793 τῷ
178 2755 331 2791 ’Δποστόλῳ
351 2755 454 2791 ἐσχάτη
468 2757 573 2784 κεῖται·
591 2756 621 2783 ὲν
640 2757 713 2792 τρισὶ
727 2757 756 2784 δὲ
774 2757 904 2793 ἀντιγράι-

157 2844 165 2860 ¹
183 2843 261 2871 Joan.
280 2851 318 2876 xi,
338 2843 381 2870 39.

288 2914 421 2944 PATROL-
451 2915 510 2946 Gn.
538 2915 620 2945 XLI.

422 2844 432 2858 ’
453 2842 538 2870 Marc.
557 2851 583 2874 ν,
601 2843 644 2873 55.
657 2844 701 2871 59.
740 2844 749 2860 ³
767 2843 900 2877 10am“,
920 2846 962 2873 45.

960 2319 1090 2346 mandata
1105 2320 1151 2347 illa
1166 2327 1339 2356 nequaquam
1353 2321 1544 2354 abhorruisse,
1565 2330 1625 2357 quae
1638 2322 1671 2350 de
1685 2322 1748 2350 cibo

961 2372 993 2392 ac
1009 2372 1086 2400 potu,
1102 2365 1191 2399 festis,
1208 2374 1240 2393 ac
1252 2366 1418 2401 Neomeniis,
1435 2372 1462 2395 et
1476 2366 1604 2396 Sabbatis
1617 2376 1665 2403 pro
1678 2372 1748 2396 tem-

960 2413 1036 2447 poris
1059 2413 1164 2440 ratione
1188 2413 1347 2448 praescripta
1370 2417 1435 2441 sunt
1450 2422 1458 2441 :
1473 2421 1589 2449 quarum
1610 2422 1660 2441 nos
1685 2422 1747 2442 um-

959 2458 1071 2486 brarum
1088 2459 1220 2487 beneﬁcio
1238 2460 1413 2496 praesentium
1435 2461 1581 2494 bonorum,
1600 2464 1630 2488 ut
1653 2461 1689 2488 ita
1704 2462 1747 2490 di-

960 2511 1032 2535 cam.
1048 2513 1149 2541 corpus
1163 2505 1253 2541 adepti
1268 2514 1373 2540 sumus,
1389 2515 1449 2542 qua:
1464 2507 1490 2535 in
1506 2507 1566 2543 lege
1584 2507 1747 2536 adumbrata

960 2555 1100 2585 postremo
1117 2553 1145 2581 in
1160 2551 1272 2580 Christo
1287 2552 1408 2588 perfecta
1425 2557 1490 2581 sunt

1044 2655 1080 2682 De
1096 2654 1215 2690 Epistula
1229 2655 1282 2689 IX,
1298 2664 1356 2691 quo:
1370 2662 1408 2683 est
1422 2657 1457 2683 ad
1472 2656 1659 2684 Philemonem.

994 2711 1051 2738 Hoc
1068 2711 1141 2738 illam
1165 2712 1261 2740 ordine
1281 2711 1384 2740 Marcio
1408 2713 1568 2746 collocavit,
1591 2721 1653 2740 cun
1674 2712 1747 2748 Apo—

958 2757 1047 2785 stolus
1059 2757 1155 2785 ultimo
1171 2758 1232 2785 loco
1247 2759 1377 2793 posuerit.
1395 2758 1449 2787 Sed
1466 2760 1493 2787 in
1516 2760 1656 2787 nonnullis
1671 2759 1744 2787 codi-

1004 2847 1012 2861 ⁸
1027 2845 1108 2873 Marc,
1123 2854 1148 2878 ν,
1170 2846 1214 2873 Η.
1254 2847 1263 2862 ⁸
1280 2847 1376 2882 Ephes.
1394 2856 1419 2879 v,
1431 2848 1475 2875 5|.
1515 2849 1525 2864 ⁸
1541 2849 1636 2877 Coloss
1651 2857 1680 2881 ll,
1698 2849 1740 2876 16.

1557 2918 1595 2948 20
