1964 3047
232 133 281 162 8H

927 132 955 160 S.
977 131 1146 161 EPIPHANII

1794 132 1851 160 8t2

232 191 312 219 cibus
325 188 384 216 XIII
393 192 456 217 ante
465 189 616 225 Epistolam
627 189 660 216 ad
669 189 807 222 Hebraeos,
821 197 881 224 qua:
891 193 934 217 cst
941 188 1010 220 XIV,

1066 197 1123 222 φοις
1146 191 1356 226 τρισκαιδεκάτη
1381 191 1434 227 πρὸ
1455 191 1504 226 τῆς
1526 191 1594 227 πρὸς
1624 191 1766 227 Ἐϐραίους
1785 201 1853 218 τεσ-

232 241 402 264 numeratur.
424 235 483 263 Alia
503 243 601 263 rursus
621 235 787 270 exemplaria
807 234 955 269 Epistolam
981 234 1014 261 ad

233 281 360 309 Hebraeos
383 281 517 308 decimam
540 284 656 315 ponunt,
681 279 766 306 ante!
791 283 817 306 et
834 278 854 304 ll
872 278 905 306 ad
925 277 1016 304 Timo-

231 328 337 359 theum,
366 327 399 354 ad
421 327 522 359 Titum,
543 330 569 354 et
591 325 785 353 Philemonem.
813 324 865 352 Sed
881 323 1014 359 quidquid

231 378 273 402 est
289 374 455 409 integrorum
477 380 509 399 ac
529 372 580 400 ﬁde
595 373 737 407 dignorum
758 370 882 398 codicum
899 370 1013 404 primam

232 420 264 447 ad
284 419 422 447 Romanos
438 418 587 454 Epistulam
603 418 730 449 collocat,
749 424 802 444 non
819 424 879 444 eam
903 424 963 451 quae
980 415 1014 442 ad

231 465 340 493 Galatas
351 469 404 495 est,
418 472 498 500 quam
515 467 543 491 tu
554 464 669 498 primam
685 470 756 494 esse,
768 462 879 494 Marcio,
893 461 1013 489 voluisti.

231 512 365 539 Caaterum
382 511 450 538 nihil
465 518 497 538 ex
518 509 638 544 Epistola
652 509 686 536 ad
698 508 883 536 Philemonem
900 507 1015 535 adnota-

231 557 331 590 vimus,
346 556 419 592 quod
436 556 508 591 apud
524 556 600 582 illum
615 555 726 582 omnino
741 554 888 590 depravata
903 554 1012 589 legitur.

389 623 431 650 Ea:
446 623 564 657 Epistola
578 623 612 650 ad
629 622 808 657 Philippense:
820 621 856 649 X.

265 681 327 709 llaec
344 681 415 708 enim
439 681 510 716 apud
526 680 692 708 Marcionem
714 680 819 707 decima
838 683 880 706 est
892 677 974 714 37E,
987 682 1015 706 et

230 727 335 758 ultima,
359 727 429 762 apud
447 726 606 761 Apostolum
628 729 716 754 sexta.
736 725 778 753 Ab
803 725 864 758 hac,
881 725 954 760 quod
974 725 1015 752 vi-

229 772 296 799 tiata
318 773 425 807 penitus
443 775 515 800 esset
541 779 573 799 ac
599 775 737 807 corrupta,
761 770 830 798 nihil
846 769 1013 805 seligendum

229 818 367 846 duximus.

1065 237 1312 272 σαρεσκαιδεκάτης
1324 238 1462 264 τέτακται.
1482 238 1566 265 ’Δλλα
1581 238 1611 265 δὲ
1623 239 1777 274 ἀντίγραφα
1791 238 1851 273 ἔχει

1064 282 1113 318 τὴν
1127 283 1195 319 πρὸς
1222 283 1362 319 Ἐϐραίους
1383 285 1498 320 δεκάτην
1510 284 1563 319 πρὸ
1581 285 1635 312 τῶν
1650 284 1696 311 δύο
1709 285 1763 311 τῶν
1779 284 1852 321 πρὸς

1064 328 1205 362 Τιμόθεον,
1231 330 1277 356 καὶ
1298 330 1387 363 Τίτον,
1411 331 1458 357 καὶ
1481 331 1631 366 Φιλήμονα.
1652 331 1744 357 Πάντα
1761 331 1790 357 δὲ
1814 331 1852 357 τὰ

1063 375 1217 411 ἀντίγραφα
1234 375 1267 402 τὰ
1288 376 1345 402 σῶα
1366 377 1414 403 καλ¹
1428 377 1514 412 άληθῆ
1532 377 1581 412 τὴν
1604 377 1672 412 πρὸς
1696 377 1851 411 Ῥωμαίους

1064 419 1154 456 ἔχουσι
1171 420 1291 456 πρώτην,
1305 422 1355 457 οὐχ
1369 422 1406 454 ὼς
1421 423 1464 454 σὺ,
1486 422 1626 455 Μαρκίων,
1639 422 1686 456 τὴν
1703 421 1772 457 πρὸς
1793 421 1849 447 Γαι-

1064 466 1148 498 λάτας
1161 466 1258 500 ἔταξας
1274 467 1395 503 πρώτην.
1418 468 1511 503 Ὅμως
1524 468 1579 494 ἀπὸ
1598 467 1700 502 ταύτης
1711 468 1761 502 τῆς
1779 467 1852 501 πρὸς

1063 512 1201 547 Φιλήμονα
1214 513 1290 539 οὐδὲν
1304 512 1488 548 παρεθέμεθα,
1501 513 1544 540 διὰ
1553 513 1583 539 τὺ
1598 513 1746 549 ὁλοσχερῶς
1762 512 1852 548 αὐτὴν

1063 556 1231 593 διαστρόφως
1250 558 1314 594 παρ’
1328 558 1401 594 αὐτῷ
1415 558 1531 585 κεῖσθαι.

1220 627 1298 660 Πρὸς
1319 627 1539 660 Φιλιππησίους
1550 626 1686 660 δεκάτης.

1099 682 1191 714 οὕτως
1213 683 1266 718 γὰρ
1295 684 1382 710 κεῖται
1410 682 1484 718 παρὰ
1508 682 1547 718 τῷ
1573 683 1715 718 Μαρκίωνι
1743 682 1849 717 ἐσχάτη

1064 728 1111 755 καὶ
1130 727 1241 763 δεκάτη,
1257 729 1332 764 παρὰ
1342 729 1369 755 δὲ
1381 729 1420 764 τῷ
1441 728 1592 764 Ἀποστόλῳ
1606 729 1681 763 ἕκτη.
1711 728 1850 759 Ὡσαύτως

1063 773 1123 799 οὐδὲ
1139 773 1185 800 ἀπ’
1204 774 1299 808 αὐτῆς,
1315 774 1359 800 διὰ
1374 774 1404 800 τὸ
1422 774 1589 810 διαστρόφως
1611 775 1676 809 παρ’
1696 773 1769 809 αὐτῷ
1788 774 1849 800 κεί-

1065 817 1137 850 σθαι,
1151 818 1226 845 οὐδὲν
1239 818 1428 854 ἐξελεξάμεθα,

268 863 406 891 Ποειοηιιε
425 863 570 891 Marcionis
587 870 656 898 opus
669 871 701 890 ex
718 861 855 897 Evangelii
873 860 964 892 Lucae,
986 863 1013 887 et

1099 865 1172 900 Αὕτη
1189 865 1363 901 πεπλήρωται
1381 866 1397 901 ἡ
1417 865 1462 891 τοῦ
1479 866 1639 901 Μαρκίωνος
1653 865 1777 898 σύνταξις
1792 865 1850 892 ἀπὺ

231 909 355 945 Apostoli
373 909 549 944 scriptorum,
565 916 595 936 ac
609 908 726 943 denique
739 914 878 934 sacrorum
895 906 1012 933 volumi-

230 962 294 981 num
313 953 435 988 reliquiis
451 957 620 980 contextum.
637 951 676 978 Ex
689 951 789 986 quibus
811 950 845 977 ab
859 957 892 977 eo
912 948 1013 976 relictis

229 1000 383 1036 particulis,
403 1007 464 1034 quae
476 999 509 1026 ad
526 999 600 1026 illum
622 996 837 1025 convincendum
854 995 943 1023 facere
961 993 1013 1030 ipo-

229 1049 319 1074 terant
337 1045 496 1080 delegimus.
515 1044 615 1072 Pra-ter
632 1044 690 1071 haec
714 1050 780 1070 vero
797 1050 829 1070 ex
849 1049 881 1069 ea
903 1049 964 1077 qua;
979 1041 1014 1068 ad

229 1092 412 1119 Laodicenses
428 1092 557 1125 inscripta
572 1096 613 1118 est
625 1090 755 1124 Epistola,
770 1089 893 1124 quaedam
909 1087 936 1114 in
951 1094 1013 1115 eum

229 1139 340 1170 librum,
355 1145 434 1173 quem
449 1136 626 1172 Apostolicum
642 1140 731 1168 vocat,
747 1135 896 1162 transtulit.

265 1183 358 1212 Schol.
378 1184 390 1211 1
411 1189 437 1211 et
451 1184 497 1210 40.
519 1182 592 1210 Unus
611 1183 751 1216 Dominus,
772 1192 824 1210 una
839 1183 914 1218 ﬁdes,
931 1191 1013 1210 unum

229 1230 371 1264 baptisma,
394 1238 460 1257 unus
483 1229 615 1262 Christus,
632 1238 700 1257 unus
719 1229 791 1257 Deus
814 1235 838 1257 et
860 1229 942 1256 Pater
958 1238 1014 1256 om-

228 1278 301 1304 nium
315 1286 321 1304 :
335 1277 379 1312 qui
389 1285 466 1311 super
477 1276 566 1304 omnia
579 1281 604 1303 et
622 1283 668 1311 per
679 1277 768 1303 omnia
782 1281 805 1303 et
820 1277 846 1302 in
861 1275 980 1302 omnibus
991 1276 1012 1301 ¹.

262 1368 353 1396 Reful.
368 1369 381 1396 1
400 1372 427 1396 et
441 1368 484 1396 40.
506 1368 688 1396 Consentium
707 1363 768 1395 cum
783 1367 816 1395 iis
832 1375 893 1402 qua:
908 1367 935 1394 in
949 1366 1013 1402 Epi-

234 1417 304 1442 stola
316 1415 371 1442 adE
381 1415 490 1450 phesios
504 1414 640 1449 leguntur,
652 1422 711 1449 qua:
720 1421 754 1441 ex
766 1413 886 1448 Epistola
901 1413 933 1440 ad
944 1412 1014 1440 Lao-

233 1462 347 1489 dicenos
367 1461 417 1496 (sic
436 1460 508 1488 cnim
524 1460 693 1495 inscribitur)
709 1463 804 1486 contra
819 1463 846 1486 te
858 1458 1012 1486 testimonia

229 1508 376 1543 protulisti,
400 1511 430 1534 ut
449 1508 475 1535 in
500 1507 553 1534 ﬁne
577 1505 687 1533 tandem
700 1513 760 1540 qua:
783 1504 817 1531 ad
834 1508 861 1532 te
876 1504 1012 1540 pertinent

229 1555 343 1590 legendo
358 1554 508 1586 discamus,
524 1557 638 1588 tuasque
651 1560 696 1579 res
716 1551 891 1586 intelligendo
904 1552 956 1578 tria
967 1551 1013 1578 illa

229 1605 332 1628 temere
343 1600 392 1628 abs
407 1603 433 1627 te
450 1600 604 1634 excogitata
619 1598 753 1634 principia
767 1597 902 1633 principio
913 1605 1013 1625 caren-

228 1647 277 1678 tia,
307 1650 334 1673 et
352 1653 366 1672 a
397 1653 427 1673 se
458 1645 573 1672 invicem
597 1644 703 1672 diversa
730 1643 902 1671 damnemus.
922 1642 1014 1678 Longe

228 1693 302 1719 enim
321 1692 374 1718 alia
396 1694 438 1719 est
454 1690 577 1726 Apostoli
591 1690 727 1721 doctrina,
749 1697 782 1717 ac
803 1689 900 1725 dogma
918 1689 1014 1717 ﬁrmis-

229 1738 340 1770 simum,
368 1737 440 1772 quod
462 1744 477 1763 a
493 1736 574 1771 nugis
600 1736 654 1764 tuis
672 1743 703 1763 ac
726 1735 825 1763 fabulis
850 1743 1014 1771 magnopere

229 1783 352 1811 dissidet.
369 1782 475 1810 Etenim
491 1781 635 1817 perspicue
656 1789 740 1809 unum
757 1781 900 1809 Dominum
920 1782 1014 1809 deﬁnit

228 1837 301 1861 esse,
331 1835 413 1856 unam
433 1829 524 1861 ﬁdem,
546 1835 630 1855 unum
653 1828 799 1862 baptisma,
822 1835 906 1854 unum
928 1827 1013 1855 Deum

229 1875 408 1910 eumdemque
427 1874 534 1902 Patrem
551 1874 686 1905 omnium,
711 1874 758 1908 qui
776 1881 858 1908 super
876 1874 967 1901 omnia
986 1878 1014 1901 et

229 1921 258 1948 in
271 1921 395 1948 omnibus
409 1925 462 1953 est,
481 1925 535 1948 tam
550 1920 576 1947 in
593 1920 650 1955 lege
664 1927 744 1955 quam
766 1920 794 1946 in
815 1920 965 1954 prophetis,
986 1924 1015 1948 et

229 1967 257 1994 in
273 1966 404 2002 apostolis
421 1966 560 1999 omnibus,
580 1973 612 1992 ac
629 1965 758 2000 deinceps
774 1965 888 1992 caeteris.

264 2013 328 2040 Haec
342 2012 424 2047 igitur
437 2019 452 2039 e
466 2019 608 2039 sacrarum
625 2010 791 2039 Litterarum
806 2011 939 2045 reliquiis,
952 2018 1013 2046 qua:

229 2057 300 2092 apud
321 2056 484 2084 Marcionem
499 2056 588 2083 adhuc
606 2057 790 2091 reperiuntur,
806 2063 821 2083 a
836 2057 916 2084 nobis
931 2056 1014 2084 colle-

229 2108 274 2131 cta
297 2103 319 2131 si
334 2103 397 2138 quis
417 2102 582 2135 consideret,
602 2101 701 2130 divina:
714 2102 890 2137 providentia:
907 2102 1013 2137 magni-

231 2148 364 2176 ﬁcentiam
381 2148 563 2183 obstupescet.
579 2147 647 2174 Cum
668 2148 741 2174 enim
756 2147 881 2182 quaelibet
906 2155 950 2175 res
968 2147 1015 2174 tri-

230 2195 282 2222 bus
298 2195 462 2222 testimoniis
475 2194 632 2229 approbari,
649 2197 676 2221 et
695 2193 789 2221 haberi
804 2201 853 2228 pro
874 2199 1012 2229 comperta

230 2240 326 2271 soleat,
344 2240 474 2275 singulari
491 2243 533 2267 est
553 2238 600 2266 Dei
623 2239 765 2270 beneﬁcio,
789 2244 817 2266 et
838 2239 1012 2267 administra-

229 2286 313 2318 tione,
329 2286 366 2312 uti
386 2286 515 2316 diximus,
534 2285 646 2316 t'actum,
670 2289 700 2312 ut
715 2285 766 2312 hoc
781 2286 809 2311 in
825 2286 935 2320 negotio
949 2290 1012 2312 octo

230 2331 311 2359 nobis
327 2339 360 2358 ac
376 2331 546 2366 septuaginta
561 2330 717 2358 testimonia
734 2338 767 2358 ex
783 2330 929 2366 Evangelia
947 2339 1013 2366 sup-

229 2380 364 2411 peterent,
379 2383 413 2403 ex
425 2375 554 2410 Apostolo
573 2375 764 2411 quadraginta.
780 2375 845 2409 Quae
870 2377 960 2403 omnia
978 2376 1012 2404 ad

229 2421 300 2449 hanc
315 2429 401 2457 usque
414 2421 485 2449 diem
505 2422 575 2457 apud
593 2421 668 2449 illum
687 2426 806 2455 servata,
826 2430 876 2449 nec
900 2422 928 2450 in
947 2430 1013 2450 con-

228 2469 389 2495 troversiam
411 2467 527 2495 adducta
543 2471 615 2500 sunt,
639 2467 706 2495 adeo
722 2472 751 2495 ut
772 2472 882 2496 centum
900 2470 1011 2496 omnino

229 2519 311 2549 atque
333 2515 482 2543 octodecim
504 2519 622 2543 exstent.
645 2515 711 2548 Qum
730 2516 837 2551 quidem
863 2516 1009 2544 Marcionis

228 2562 402 2596 r~pinionibus
418 2561 610 2589 contradicunt
624 2572 630 2589 :
648 2562 688 2590 sic
705 2566 833 2597 tanquam
847 2570 878 2589 ex
893 2570 1010 2597 persona

229 2607 335 2635 Domini
352 2607 456 2642 prolata
473 2608 536 2634 sint.
553 2606 606 2634 Sed
627 2611 654 2635 et
669 2607 742 2634 aliud
757 2608 869 2642 insuper
886 2608 1010 2635 additum

228 2658 270 2681 est
299 2658 396 2688 praeter
417 2653 572 2688 Evangelii,
588 2653 669 2689 375
684 2653 861 2689 Apostolirue
888 2655 1012 2683 testimo-

262 2745 272 2760 ³
286 2744 385 2779 Ερὶιθε.
402 2751 439 2776 ιν,
456 2743 483 2770 5.
521 2745 530 2760 ³
544 2743 608 2771 For.
622 2753 667 2780 ης.
704 2744 715 2760 ³
727 2743 792 2780 Leg.
807 2745 857 2771 οὐκ
871 2745 942 2780 ἀμφ.

1063 911 1109 938 τοῦ
1132 911 1202 939 κατὰ
1220 913 1325 939 Λουκᾶν
1347 912 1523 947 Εὑαγγελίου,
1548 913 1594 939 καὶ
1616 912 1663 939 τοῦ
1686 912 1848 939 Ἀποστόλου

1064 957 1224 992 σωζομένων
1244 957 1387 992 λειψάνων,
1403 958 1488 992 λόγων
1507 967 1537 984 τε
1558 958 1724 989 ὑποθέσεως·
1748 959 1794 990 ἀφ’
1812 955 1849 993 ἦς

1063 1003 1256 1038 ἀναλεξάμενοι
1280 1003 1314 1030 τὰ
1338 1005 1397 1030 κατ’
1419 1003 1500 1030 αὑτοῦ
1523 1004 1577 1030 ἀπὸ
1599 1004 1652 1031 τῶν
1674 1004 1738 1039 παρ’
1763 1004 1848 1032 αὐτοῦ

1065 1048 1234 1084 σωζομένων,
1256 1049 1318 1079 τοὺς
1341 1049 1467 1084 ἐλέγχους
1487 1049 1671 1085 παρεθέμεθα.
1696 1049 1850 1085 Προσέῡετο

1063 1094 1091 1120 δὲ
1109 1095 1137 1120 ὲν
1149 1093 1188 1129 τῷ
1209 1093 1264 1129 ἰδίῳ
1279 1094 1333 1130 (86)
1357 1095 1555 1128 Ἀποστολικῷ
1569 1095 1724 1130 καλουμένῳ
1737 1095 1783 1121 καὶ
1796 1095 1849 1130 τῆς

1064 1138 1233 1174 καλουμένης
1248 1140 1315 1175 πρὸς
1329 1140 1488 1172 Λαοδικέας.

1098 1190 1123 1213 α’
1143 1187 1190 1213 καὶ
1214 1190 1240 1222 μ’
1267 1186 1341 1222 σχόλ.
1369 1184 1420 1220 Εἷς
1448 1187 1566 1221 Κύριος.
1590 1186 1646 1221 μία
1671 1186 1788 1219 πίστις,
1812 1186 1851 1213 ἓν

1061 1232 1235 1267 βάπτισμα,
1262 1230 1306 1266 εἷς
1329 1233 1466 1267 Χριστὸς,
1491 1231 1535 1266 εἷς
1567 1233 1638 1266 Θεὸς
1670 1233 1718 1259 καὶ
1746 1232 1850 1266 Πατὴρ

1064 1278 1194 1311 πάντων,
1217 1280 1234 1306 ό
1254 1278 1303 1305 ἐπὶ
1326 1278 1445 1306 πάντων
1460 1279 1508 1306 καὶ
1528 1278 1577 1306 διὰ
1601 1279 1720 1307 πάντων
1742 1279 1790 1306 καί
1813 1279 1851 1304 ὲν

1064 1323 1167 1351 πᾶσιν.

1099 1373 1123 1397 α’
1138 1370 1185 1396 καὶ
1208 1369 1235 1405 μ’
1254 1369 1343 1406 ἔλεγχ.
1360 1371 1530 1406 Συνᾳδόντως
1548 1371 1596 1405 μὲν
1616 1372 1649 1406 τῇ
1671 1370 1738 1406 πρὸς
1768 1370 1849 1404 Ἐφε-

1065 1413 1148 1446 σίους,
1163 1410 1186 1440 ὧ
1199 1414 1342 1449 Μαρκίων,
1356 1415 1403 1441 καὶ
1415 1414 1517 1446 ταύτας
1529 1414 1577 1446 τὰς
1592 1414 1662 1440 κατὰ
1677 1414 1722 1441 σοῦ
1743 1423 1851 1449 μαρτυ-

1065 1460 1126 1496 ρίας
1140 1460 1194 1487 ἀπὸ
1214 1461 1264 1496 τῆς
1280 1460 1429 1496 λεγομένης
1445 1460 1513 1497 πρὸς
1528 1460 1676 1491 Λαοδικέας
1695 1461 1850 1496 συνήγαγες

1064 1506 1134 1533 κατὰ
1160 1506 1206 1533 σοῦ
1222 1507 1390 1542 μαρτυρίας·
1407 1506 1449 1532 ἵνα
1477 1507 1523 1533 ἐπὶ
1537 1505 1576 1541 τῷ
1599 1506 1668 1532 τέλει
1689 1505 1735 1532 τοῦ
1759 1514 1848 1541 σφρα-

1065 1553 1197 1588 γισματος
1226 1552 1355 1588 μάθωμεν
1378 1552 1540 1587 ἀναγνόντες
1565 1551 1598 1578 τὰ
1623 1552 1698 1587 παρὰ
1719 1551 1777 1582 σοὶ,
1801 1553 1850 1578 καὶ

1064 1598 1172 1632 γνόντες
1188 1597 1222 1624 τὰ
1242 1598 1313 1624 κατὰ
1327 1598 1368 1631 σὲ,
1383 1598 1562 1633 καταγνῶμεν
1581 1597 1634 1624 τῶν
1646 1597 1690 1623 διὰ
1705 1595 1752 1622 σοῦ
1770 1596 1849 1623 ἀλλο-

1063 1644 1147 1679 τρίως
1162 1643 1376 1679 ἐπινενοημένων
1393 1644 1476 1679 τριῶν
1497 1644 1623 1679 ἁνάρχων
1643 1643 1733 1678 ἀρχῶν
1754 1642 1849 1676 διαφο-

1065 1689 1115 1726 ρὰς
1137 1690 1204 1724 πρὸς
1217 1689 1335 1725 ἀλλήλας
1355 1689 1484 1725 ἐχουσῶν.
1501 1689 1556 1725 Οὐχ
1578 1688 1664 1720 οὕτως
1685 1689 1739 1724 γὰρ
1751 1688 1807 1723 ἔχει
1831 1689 1848 1723 ὴ

1063 1735 1110 1762 τοῦ
1136 1736 1213 1770 ἁγίου
1241 1735 1402 1763 Ἀποστόλου
1427 1734 1553 1767 ὑπόθεσις
1581 1735 1627 1762 καὶ
1648 1735 1849 1769 ἠσφαλισμένην

1064 1781 1202 1817 κήρυγμα,
1223 1781 1291 1808 ἀλλὰ
1306 1781 1402 1814 ἄλλως,
1418 1781 1492 1817 παρὰ
1507 1781 1538 1808 τὸ
1553 1781 1598 1808 σὸν
1614 1781 1775 1816 ποιήτευμα.
1796 1781 1849 1806 Σα-

1065 1827 1122 1861 φῶς
1136 1827 1189 1862 γὰρ
1211 1827 1262 1863 ἔφη
1278 1828 1324 1854 ἕνα
1337 1828 1448 1863 Κύριον.
1466 1828 1528 1864 μίαν
1541 1828 1640 1860 πίστιν,
1655 1827 1683 1853 ἒν
1695 1827 1847 1862 βάπτισμα,

1063 1873 1111 1903 ἕνα
1129 1873 1195 1899 Θεὸν
1212 1873 1257 1899 τὸν
1271 1874 1351 1900 αὑτὸν
1368 1874 1479 1909 Πατέρα
1501 1874 1620 1904 πάντων,
1639 1873 1685 1900 τὸν
1706 1873 1786 1900 αὐτὸν
1801 1874 1849 1899 ἐπὶ

1064 1918 1182 1950 πάντων,
1205 1918 1253 1945 καὶ
1274 1919 1304 1945 ὲν
1318 1919 1385 1945 πᾶσι
1400 1918 1444 1945 διά
1466 1927 1495 1945 τε
1516 1919 1597 1954 νόμου
1620 1919 1666 1945 καὶ
1688 1918 1848 1954 προφητῶν,

1064 1963 1111 1990 καὶ
1126 1964 1155 1990 ἐν
1169 1965 1251 1991 πᾶσιν
1270 1964 1438 1997 ἀποστόλοις,
1454 1965 1502 1991 καὶ
1515 1965 1544 1990 ὲν
1561 1965 1617 1996 τοῖς
1632 1964 1757 1999 καθεξῆς.

1099 2010 1172 2045 Δῦτη
1188 2010 1237 2045 μὲν
1256 2010 1333 2045 ἡμῶν
1348 2011 1365 2046 ή
1389 2009 1609 2046 προθεωρηθεῖσα
1630 2011 1659 2036 ὲν
1680 2011 1735 2041 τοῖς
1755 2018 1849 2045 προει-

1065 2056 1194 2092 ρημένοις
1208 2056 1391 2092 ἀναλεχθεῖσιν
1403 2056 1457 2082 ἀπὸ
1477 2056 1526 2092 τῆς
1546 2056 1611 2092 παρ’
1624 2055 1698 2091 αὐτῷ
1719 2055 1758 2090 τῷ
1772 2055 1849 2091 Μαρ-

1064 2103 1141 2129 κίωνι
1165 2103 1205 2129 ἔτι
1232 2102 1390 2138 σωζομένης
1412 2103 1535 2138 Γραφῆς,
1557 2103 1596 2134 εἰς
1624 2103 1634 2118 ¹
1653 2102 1701 2137 τὴν
1724 2101 1849 2134 ἀνάλεξιν

1065 2149 1202 2184 σκοπήσας
1219 2157 1259 2181 τις
1279 2149 1428 2184 ἐκπλαγείη
1441 2149 1490 2181 τὰς
1504 2148 1705 2184 μεγαλοδώρους
1724 2147 1792 2175 Θεοῦ
1808 2149 1848 2174 ot-

1028 2216 1050 2244 D
1064 2199 1201 2234 κονομίας.
1224 2199 1354 2234 Έκάστου
1371 2199 1424 2234 γὰρ
1441 2199 1601 2234 πράγματος
1615 2198 1658 2224 διὰ
1675 2197 1757 2232 τριῶν
1780 2206 1848 2232 μαρ-

1064 2245 1164 2281 τυριῶν
1184 2245 1434 2281 ὲτιιϐεϐαιουμένου,
1456 2245 1504 2271 καὶ
1526 2244 1729 2280 συνισταμένου,
1745 2244 1783 2275 ὡς
1805 2245 1849 2270 tv-

1063 2292 1150 2319 ταῦθα
1169 2291 1254 2327 ψιλῶς
1274 2292 1289 2318 ὁ
1308 2291 1374 2324 Θεὸς
1397 2292 1543 2326 ἐχαρίσατο
1570 2292 1696 2326 συνάψαι,
1715 2291 1752 2322 ὼς
1768 2290 1848 2325 ἔφην,

1063 2340 1137 2374 ἡμᾶς
1161 2338 1220 2364 κατ’
1243 2338 1396 2372 οἰκονομίαν
1422 2337 1604 2373 ὲόδομήκςντα
1632 2337 1681 2372 μὲν
1706 2338 1752 2364 καὶ
1776 2338 1848 2366 ὀκτὼ

1065 2383 1217 2419 μαρτυρίας
1239 2383 1292 2409 ἀπὸ
1315 2383 1361 2409 τοῦ
1382 2382 1565 2417 Εὐαγγελίου,
1591 2382 1793 2418 τεσσαράκοντα
1819 2383 1848 2410 δὲ

1064 2429 1117 2456 ἀπὸ
1133 2429 1178 2455 τοῦ
1200 2428 1370 2459 Ἀποστόλου,
1387 2429 1434 2454 καὶ
1455 2427 1556 2459 ταύτας
1573 2427 1637 2462 παρ’
1652 2427 1725 2462 αὐτῷ
1749 2428 1790 2459 εἰς
1808 2427 1847 2454 ἑτι

1064 2474 1111 2500 καὶ
1125 2473 1203 2509 δεῦρο
1219 2471 1374 2508 σωζομένας
1396 2481 1425 2498 τε
1449 2472 1496 2498 καὶ
1510 2472 1749 2507 ἀμφιὸαλλομένας
1765 2473 1775 2487 ³
1785 2481 1791 2486 ·
1810 2473 1846 2504 ὡς

1064 2518 1133 2546 εἶναι
1147 2519 1194 2552 τὰς
1210 2520 1300 2550 πάσας
1316 2519 1411 2546 ἑκατὸν
1435 2517 1572 2545 δεκαοκτώ
1582 2526 1589 2533 ⁶
1606 2517 1798 2552 άντιλεγούσας
1819 2518 1846 2545 δὲ

1063 2566 1152 2597 πάσας
1167 2566 1199 2600 τῇ
1215 2565 1298 2592 αὐτοῦ
1323 2565 1486 2600 Μαρκίωνος
1511 2563 1618 2600 γνώμῃ,
1633 2563 1672 2596 ὡς
1695 2563 1845 2600 ἀπὺ-προσ-

1062 2611 1136 2637 ώπου
1152 2611 1282 2645 ὀνόματος
1296 2611 1398 2646 Κυρίου
1415 2610 1436 2641 ⁸,
1451 2610 1494 2636 διὰ
1509 2610 1562 2636 τῶν
1574 2609 1722 2641 δεκαοκτὼ,
1740 2610 1787 2636 καὶ
1800 2610 1846 2644 τῆς

1064 2655 1145 2682 αὐτοῦ
1162 2655 1278 2688 ἑνδεξίου
1299 2655 1422 2689 εὐλογίας
1445 2654 1488 2681 διὰ
1503 2655 1557 2681 τῶν
1571 2654 1677 2682 ἑκατόν.
1699 2654 1779 2681 Ἀλλὰ
1802 2655 1844 2681 κα’

981 2745 992 2760 ⁵
1006 2743 1135 2772 Mendosa
1152 2744 1221 2771 haec.

252 2832 321 2867 ,(86)
340 2832 504 2867 Προσέθετο
523 2832 558 2859 δὲ
576 2833 610 2861 ἐν
632 2833 672 2866 τῷ
688 2832 760 2865 ἰδίῳ.
782 2832 818 2861 De
833 2832 952 2868 Epistola
973 2833 1006 2861 ad

1067 2833 1208 2862 odicenses
1225 2836 1354 2861 accurate
1367 2832 1489 2868 disputat
1506 2831 1604 2860 Baron.
1618 2840 1664 2862 an.
1679 2833 1724 2861 60.
