1964 3047
115 156 170 186 815

458 153 642 182 ADVERSUS
662 153 831 182 HIERESES
849 152 913 180 LIB.
935 151 953 180 Ι.
975 151 1056 180 ΤΟΜ.
1074 152 1302 181 lll.—-ll.~ERES.
1325 153 1406 182 XLII.

1699 156 1752 185 SH

116 218 161 245 ἐπ’
171 217 255 253 ἄλλης
269 217 401 252 περισσῆς
415 215 483 252 πρὸς
491 216 540 242 ’ἐπὶ
551 216 655 247 τούτοις
669 216 747 247 ἐκτὸς
760 214 807 242 τοῦ
820 214 909 249 Εὐαγ-

964 211 1046 239 nium.
1063 211 1158 247 Neque
1175 213 1249 240 enim
1268 212 1370 241 infelici
1391 213 1522 242 Marciani
1540 214 1631 243 visum
1652 219 1694 243 est
1717 224 1751 243 ex

117 265 209 300 γελίου
223 263 270 291 καὶ
283 262 330 290 τοῦ
351 263 522 290 Ἀποστόλου.
539 263 577 289 Ob
590 262 644 299 γὰρ
657 262 729 294 ἔδοξε
743 261 782 297 τῷ
795 261 909 288 ἐλεεινο-

118 311 193 346 τάτῳ
209 310 351 346 Μαρκίωνι
367 309 422 337 ἀπὸ
435 309 486 344 τῆς
503 309 573 345 πρὸς
591 308 731 343 Ἐφεσίους
745 307 847 343 ταύτην
860 307 909 342 τὴν

121 356 274 393 μαρτυρίαν
288 356 389 390 λέγειν,
406 355 474 382 ἀλλὰ
490 355 539 390 τῆς
553 355 622 390 πρὸς
636 353 794 386 Λαοδικέας,
808 354 857 390 τῆς
872 353 909 389 μὴ

119 403 204 439 οὔσης
220 403 249 428 ὲν
262 401 300 438 τῷ
316 401 478 436 Ἀποστόλῳ·
499 398 540 432 οἷς
556 400 594 436 μὴ
608 400 779 436 ἐντυγχάνων
799 399 910 435 ἠλιθίως

118 450 133 476 6
148 449 297 485 κτηνώδης,
314 449 362 475 καὶ
376 449 405 475 ὲν
420 447 527 480 πολλοῖς
541 447 631 475 πεσὼν
643 448 658 474 6
672 447 766 480 τάλας,
785 447 836 482 οὺχ
857 446 910 482 ὁρᾷ

118 493 168 530 τὴν
184 494 244 520 κατ’
260 492 343 520 αὑτοῦ
361 491 519 528 ἀνατροπὴν
544 491 604 520 καθ’
626 491 744 528 ἑκάστην
765 492 910 526 ὁμολογου-

120 540 216 575 μένην,
241 539 296 566 Καὶ
324 537 418 574 μηδεὶς
442 537 605 573 θαυμαζέτω
629 537 693 573 περὶ
718 536 824 564 τούτου.
847 535 909 568 Πῶς

118 587 174 622 γὰρ
202 585 319 621 ἠδύνατο
341 581 430 617 οὗτος,
456 584 689 619 ἐπαγγειλάμενος
709 583 781 619 ἔχειν
808 591 835 609 τι
861 582 909 610 τοῦ

119 631 285 666 Εὐαγγελίου
310 631 358 658 καὶ
374 630 421 658 τοῦ
445 630 615 662 ’Δποο-τόλου,
642 630 680 666 μὴ
692 629 753 665 οὐχὶ
767 629 819 656 κᾶν
832 629 910 664 ὀλίγα

118 679 169 712 τῆς
188 678 300 714 Γραφῆς
321 677 417 710 σώζειν
436 677 563 712 Mutata;
580 676 662 703 ’Ὁλου
678 675 732 712 γὰρ
745 676 792 703 τοῦ
817 675 910 711 σώμα-

118 733 166 755 τος
183 723 315 756 σώζοντος
332 723 351 756 ί,
368 723 406 754 ὡς
423 723 520 754 εἰπεῖν,
535 722 584 758 τῆς
601 721 677 753 θείας
693 722 814 757 Γραφῆς,
835 723 910 748 ποῖον

118 770 232 805 εὕρισκε
253 769 332 804 μέλος
348 768 443 805 νεκρὸν
463 768 535 795 κατὰ
554 767 604 804 τὴν
620 767 702 794 αὐτοῦ
726 765 848 802 γνώμην,
866 767 910 793 ἵνα

119 815 314 852 παρεισαγάγῃ
324 814 421 850 ψεῦδος
433 814 503 842 κατὰ
519 814 568 850 τῆς
588 813 734 849 ἀληθείας;
763 812 887 844 ’Λλλοὶως
899 813 910 828 ¹

119 863 208 888 εἰπεῖν
222 861 353 897 ὲλώϐησε,
374 861 420 887 καὶ
436 860 640 895 ἀκροτηριάσας
664 858 802 895 παρέκυψε
824 858 910 886 πολλὰ

959 258 1081 294 Epistola
1105 259 1141 286 ad
1163 259 1297 294 Ephesios
1327 261 1516 288 auctoritatem
1536 261 1611 288 illam
1636 261 1750 295 aﬁ‘erre;

959 304 1007 332 sed
1022 313 1056 332 ex
1069 312 1101 332 ea
1117 304 1150 331 ad
1166 304 1346 339 Laodicenos,
1364 313 1424 341 quae
1442 315 1578 342 nusquam
1592 308 1662 343 apud
1677 309 1751 344 Apo-

960 351 1062 378 stolqu
1077 352 1209 379 cernitur.
1227 351 1293 384 Quae
1312 359 1375 379 eum
1387 360 1472 388 pecus
1488 353 1534 380 illa
1554 362 1602 389 per
1615 362 1751 382 summam

961 397 1140 424 stoliditatem
1168 397 1281 425 minime
1309 398 1414 433 legerit,
1451 401 1479 427 in
1508 400 1646 436 plerisque
1675 401 1752 436 lapsa

961 451 1043 478 quam
1067 444 1213 472 manifeste
1238 445 1267 472 in
1287 445 1402 480 singulis
1419 446 1545 473 convinci
1572 454 1604 474 ac
1624 447 1752 482 redargui

960 495 1054 526 posset
1077 498 1251 526 nequaquam
1275 491 1480 519 animadvertit.
1499 491 1592 528 Neque
1613 501 1678 521 vero
1691 494 1752 521 cui-

960 537 1033 572 piam
1049 537 1149 564 mirum
1165 536 1232 564 illud
1245 537 1333 564 videri
1346 537 1437 566 debet.
1457 538 1510 571 Qui
1524 539 1597 566 enim
1611 539 1751 575 Evangelii

960 582 1064 618 aliquid
1083 588 1111 610 et
1129 582 1254 619 Apostoli
1278 583 1378 611 habere
1401 591 1430 612 se
1451 584 1636 619 proﬁteretur,
1658 585 1753 614 ﬁerine

961 630 1061 665 potuit,
1079 632 1109 656 ut
1121 637 1177 657 non
1191 637 1277 665 pauca
1299 630 1397 658 saltem
1421 629 1571 666 Scriptura:
1588 632 1672 659 verba
1687 633 1753 660 reti-

960 675 1056 703 neret?
1081 674 1189 710 Quippe
1213 682 1275 702 cum
1303 679 1391 702 totum
1419 674 1568 711 Scriptura:
1590 675 1682 704 vivum
1705 676 1753 709 sit,

960 723 990 746 ut
1016 720 1053 746 ita
1075 719 1204 752 dixerim,
1230 727 1342 755 corpus,
1363 720 1485 755 potuitne
1507 724 1647 748 mortuum
1665 720 1753 748 ullum

960 765 1113 792 membrum
1127 772 1177 800 pro
1195 765 1279 792 animi
1293 765 1334 793 sui
1352 765 1464 793 libidine
1486 765 1617 801 reperire,
1630 766 1703 802 quod
1719 766 1753 793 ad

960 810 1153 839 stabiliendum
1178 810 1351 838 mendacium
1370 816 1466 839 contra
1483 812 1624 839 veritatem
1647 812 1754 848 profer-

959 857 1020 885 ret?
1044 856 1136 890 Quare
1161 864 1261 892 corpus
1283 857 1372 892 ipsum
1403 858 1541 890 mutilare,
1569 865 1602 884 ac
1623 858 1754 893 pleraque

119 907 174 934 τῶν
195 907 294 943 μελῶν,
309 906 424 942 κατέσχε
441 906 469 933 δὲ
489 906 548 933 ἔνιά
569 915 631 933 τινα
648 907 714 942 παρ’
736 905 834 942 ἐαυτῷ.
857 906 911 932 Καὶ

964 903 1084 930 membra
1108 910 1233 931 resecare
1258 903 1388 936 instituit,
1419 911 1537 939 quorum
1562 905 1693 931 nonnulla
1719 905 1754 932 ad

119 953 191 980 αὐτὰ
209 952 283 979 δὲτὰ
306 951 508 987 κατασχεθέντα
528 951 568 978 ἔτι
583 951 672 984 ζῶντα
692 952 722 978 οὺ
742 951 852 978 δύναται
869 960 911 978 νε-

119 998 268 1035 κροῦσθαι·
295 998 353 1026 ἀλλ’
373 999 431 1025 ἐκεῖ
451 998 462 1014 ³
490 997 540 1033 μὲν
561 998 592 1025 τὺ
615 997 729 1030 ζωτικὸν
749 998 801 1033 τῆς
820 998 911 1033 ἐμφά-

120 1054 200 1078 σεως,
215 1045 266 1073 κᾶν
289 1054 320 1072 τε
336 1045 439 1081 μυρίως
457 1045 522 1081 παρ’
541 1045 615 1081 αὐτῷ
633 1045 704 1072 κατὰ
726 1045 823 1071 λεπτὸν
844 1045 912 1072 ἀπο-

119 1091 251 1128 τμηθείη.

155 1179 204 1207 1Γ’.
226 1180 287 1206 Ἔτι
302 1179 330 1207 δὲ
350 1179 420 1216 μετὰ
433 1180 518 1207 ταῦτα
534 1180 624 1208 πάντα
639 1181 862 1217 ἐπεμνήσθημεν,
875 1182 913 1214 ὥς

120 1234 194 1257 τινες
208 1225 262 1252 ἀπὸ
275 1225 330 1253 τῶν
342 1226 432 1253 αὐτῶν
445 1226 671 1262 Μαρκιωνιστῶν,
685 1228 725 1259 εὶς
739 1227 818 1262 βυθὸν
832 1227 914 1262 βλασ-

121 1271 228 1306 φημίας
250 1272 511 1307 παραπετπωκότες,
526 1273 573 1299 καὶ
592 1273 646 1300 ἀπὸ
660 1273 710 1308 τῆς
734 1273 840 1301 ἑαυτῶν
853 1274 912 1300 δαι-

123 1317 271 1353 μονιώδους
291 1317 465 1350 διδασκαλίας
489 1318 668 1355 ἐμϐρόντητοι
683 1319 841 1347 παντάπασι
866 1329 913 1354 γε-

121 1364 242 1398 γονότες,
260 1365 307 1391 καὶ
323 1362 354 1392 οὗ
370 1365 480 1392 ἐδόκουν
506 1365 610 1400 Κυρίου
628 1366 710 1401 μόνου
733 1366 786 1392 κᾶν
807 1366 841 1393 δι’
857 1366 914 1393 ὀνό-

123 1419 209 1446 ματος
223 1410 415 1446 μνημονεύειν,
428 1411 475 1438 καὶ
488 1411 570 1438 αὐτοῦ
584 1411 799 1446 ἀθυρογλώσσως
813 1411 914 1447 ἑτέρως

127 1456 177 1491 τὴν
190 1456 272 1483 αὐτοῦ
285 1456 400 1492 θεότητα
413 1457 640 1493 ἀποστρέφοντες,
649 1456 680 1483 τὸ
687 1457 772 1492 ὄνομα
783 1457 832 1493 τῆς
845 1457 914 1484 ἄνω-

128 1503 175 1530 θεν
191 1504 344 1538 γεννήσεως
360 1503 482 1535 κακίζειν
494 1503 544 1530 οὐκ
569 1502 754 1539 ὲντρέπονται.
772 1503 848 1535 Τινὲς
860 1502 914 1539 γὰρ

127 1549 218 1577 αὐτῶν
233 1549 440 1585 τετολμήκασιν,
456 1549 494 1582 ὡς
512 1548 591 1585 ἔφην,
609 1549 690 1576 αὑτὸν
702 1549 747 1576 τὸν
763 1549 864 1585 Κύριον
876 1547 916 1575 εῖ-

125 1605 169 1624 ναι
184 1595 241 1622 υἱὸν
256 1596 304 1622 τοῦ
323 1595 444 1632 Πονηροῠ
456 1596 556 1630 λέγειν,
570 1596 620 1623 οὐκ
636 1596 833 1632 αἰσχυνόμενοι.
851 1595 916 1622 Ἀλ-

122 1643 164 1670 λοι
182 1643 211 1669 δὲ
232 1643 311 1678 οὐχὶ,
337 1642 404 1669 ἀλλὰ
425 1643 472 1670 τοῦ
499 1642 594 1679 κριτοῦ
620 1651 650 1669 τε
673 1642 720 1669 καὶ
743 1641 914 1678 Δημιουργοῦ

123 1688 360 1724 ἀσπλαγχνότερον
372 1687 384 1704 ⁸
395 1687 537 1723 γεγονότα,
556 1687 603 1714 καὶ
618 1688 720 1722 ἀγαθὸν
738 1687 814 1719 ὅντα,
830 1695 915 1714 κατα-

123 1734 214 1769 λείψαι
233 1735 283 1770 μὲν
303 1733 349 1761 τὸν
371 1734 436 1761 ἴδιον
458 1734 540 1761 αὑτοῦ
564 1734 674 1770 Πατέρα
696 1734 781 1767 κάτω,
803 1734 841 1770 πὴ
866 1734 915 1770 μὲν

123 1780 257 1814 λεγόντων
275 1780 321 1807 τὸν
342 1780 525 1816 Δημιουργδν,
543 1780 630 1806 ἄλλων
650 1780 681 1806 δὲ
704 1780 750 1807 τὸν
773 1781 894 1816 Πονηρόν
906 1788 914 1796 ⁸

123 1827 180 1855 ἄνω
193 1827 220 1853 δὲ
233 1826 483 1862 ἁναδεδραμηκέναι
496 1827 564 1862 πρὸς
581 1827 627 1853 τὸν
640 1827 669 1853 ὲν
685 1826 916 1862 ἀκατονομάστοις

123 1874 216 1905 τόποις
238 1873 341 1908 ἀγαθὸν
369 1873 453 1905 Θεὸν,
474 1873 521 1900 καὶ¹
549 1873 624 1908 αὐτῷ
650 1873 913 1909 προσκεκολλῆσθαι.

125 1919 288 1954 Πεμφθέντα
308 1919 337 1947 δὲ
358 1919 404 1945 ὑπ’
418 1918 501 1945 αὑτοῦ
523 1919 563 1950 είς
581 1919 627 1945 τὸν
644 1919 756 1954 κόσμον,
778 1920 825 1946 καὶ
848 1919 916 1955 πρὸς

124 1965 274 1993 ἀντιδικίαν
293 1965 341 1993 τοῦ
368 1965 433 1993 ίδίου
459 1965 565 2002 Πατρὺς
588 1965 699 1992 ἐλθόντα
721 1966 767 1992 τὸν
786 1966 913 2001 Χριστὸν,

125 2012 355 2039 καϊκαταλύοντα
368 2011 451 2038 αὐτοῦ
470 2012 504 2038 τὰ
525 2012 624 2044 πάντα,
641 2012 690 2038 ὅσα
712 2012 726 2038 6
747 2011 817 2038 κατὰ
835 2011 915 2046 φύσιν

126 2058 221 2094 Πατὴρ
244 2058 327 2085 αὑτοῦ
358 2058 529 2094 ἐνομοθέτει,
558 2058 617 2092 ἦτοι
643 2059 657 2085 6
682 2058 802 2094 λαλήσας
824 2060 852 2085 ἐν
877 2058 916 2094 τῷ

125 2106 211 2142 νόμῳ,
229 2106 288 2141 ἦτοι
304 2106 319 2132 6
332 2105 381 2140 τῆς
404 2105 503 2137 κακίας
519 2105 594 2138 Θεὸς,
618 2106 633 2131 ὁ
651 2106 716 2141 παρ’
730 2105 820 2132 αὐτῶν
839 2106 868 2133 ὲν
882 2107 915 2141 τῇ

124 2153 204 2188 τρίτῃ
221 2153 292 2187 ἀρχῇ
309 2152 481 2187 ταττόμενος.
503 2151 607 2184 Ἀλλως
624 2152 678 2187 γὰρ
697 2153 744 2179 καὶ
767 2152 854 2184 ἄλλως
867 2152 915 2178 ὲκ-

124 2197 256 2229 τίθενται,
275 2197 313 2229 ὡς
328 2197 406 2234 ἔφην,
420 2196 499 2229 ἄλλος
515 2197 566 2233 μὲν
581 2197 628 2224 τὸν
641 2197 821 2233 Δημιουργὸν,
837 2197 915 2229 ἄλλος

124 2245 152 2272 δὲ
171 2245 216 2271 τὸν
235 2244 365 2280 Πονηρόν.

160 2337 252 2365 Ταῦτα
261 2337 289 2364 δὲ
303 2337 371 2373 δῆλα
385 2345 467 2364 παντν.
479 2335 518 2371 τῷ
533 2335 641 2363 σύνεσιν
653 2335 814 2371 κεκτημένῳ
826 2335 914 2370 ὑπάρ-

124 2394 177 2420 χει,
195 2385 236 2411 ὅτι
247 2383 404 2420 ἀκαθάρτου
423 2383 579 2418 πνεύματός
595 2382 669 2409 ἐστιν
683 2383 699 2417 ἡ
718 2382 850 2418 φρόνησις
867 2383 914 2409 καὶ

124 2433 141 2466 ἠ
163 2430 338 2458 διδασκαλία·
363 2429 410 2457 καὶ
434 2429 496 2456 οὕτε
511 2430 589 2465 χρεία
606 2427 641 2465 ἦν
659 2429 723 2465 περὶ
740 2428 842 2464 ταύτης
864 2428 914 2463 τῆς

124 2477 278 2509 ὑποθέσεως
302 2476 538 2512 ἀπολογεῖσθαι,ῆ
561 2476 672 2512 ἔλεγχον
698 2476 832 2512 παριστᾷν
853 2476 914 2501 κατ’

123 2524 237 2559 ἀντικρῦ
249 2522 476 2559 Μαρκίωνος,τοῦ
493 2522 590 2549 ἑαυτοῦ
605 2523 675 2550 κατὰ
691 2523 780 2549 πάντα
789 2522 839 2557 τὴν
854 2523 915 2548 ὲπι-

122 2568 260 2604 λησμονὴν
275 2568 326 2603 τῆς
345 2568 417 2604 ζωῆς
435 2568 630 2603 ποιησαμένου.
647 2567 841 2602 Φωραθήσεται
860 2567 914 2602 γὰρ

122 2615 197 2650 παρὰ
214 2615 281 2640 πᾶσι
298 2615 354 2646 τοῖς
370 2615 491 2644 συνετοίς
505 2613 535 2639 τὸ
558 2612 716 2648 βλάσφημον
734 2611 818 2638 αὑτοῦ
835 2619 912 2637 κενο-

122 2661 256 2697 φὼνημα,
281 2661 328 2686 καὶ
352 2660 488 2695 τολμηρὸν
519 2658 570 2694 τῆς
600 2659 737 2690 ἀπωλείας
761 2658 911 2694 ἐνέργημα.

128 2707 197 2734 Ἀλλ’
212 2707 306 2742 ἐπειδὴ
323 2705 458 2741 εἰώθαμεν
475 2705 511 2741 μὴ
528 2706 576 2741 ὲᾷν
593 2704 719 2731 ἀκανθῶν
733 2704 825 2736 τόπον,
843 2702 912 2730 ἀλλὰ

120 2754 262 2789 ἐκτέμνειν
288 2755 321 2789 τῇ
346 2752 392 2780 τοῦ
412 2751 480 2779 θεοῦ
507 2751 640 2787 μαχαίρᾳ,
655 2753 688 2787 τῇ
713 2750 789 2784 ὑπὲρ
810 2749 914 2777 πᾶσαν

117 2799 269 2834 μάχαιραν
291 2798 447 2833 δίστομον,
464 2797 513 2824 καὶ
534 2797 726 2831 διικνουμένῃ
748 2797 816 2831 ἄχρι
831 2804 912 2830 μερι-

162 2875 258 2904 'Forle
271 2875 382 2909 ζῶντος.
421 2878 432 2893 ¹
447 2876 527 2905 Forte
540 2877 597 2904 ἀλλ’
614 2876 663 2908 ὡς.

961 955 1042 976 usum
1058 955 1140 975 suum
1151 948 1274 976 retinuit.
1287 948 1354 981 Qua:
1367 949 1476 984 quidem
1491 949 1527 976 ab
1539 949 1585 977 illo
1603 954 1753 981 reservata,

961 999 988 1022 et
1003 994 1093 1022 adhuc
1110 994 1244 1030 spirantia
1263 995 1372 1030 penitus
1388 996 1525 1031 exstingui
1540 1000 1689 1031 nequeunt,
1705 995 1754 1023 sed

961 1039 1053 1068 vitalis
1064 1040 1110 1068 ille
1129 1040 1301 1068 declaranda}
1322 1041 1446 1069 veritatis
1464 1043 1541 1077 vigor
1554 1048 1689 1075 remanet,
1709 1047 1754 1069 ta-

962 1085 1042 1113 metsi
1053 1086 1255 1114 minutissimas
1275 1087 1302 1114 in
1315 1092 1408 1122 partes
1424 1088 1529 1116 inﬁnite
1545 1093 1632 1122 secta,
1650 1088 1755 1117 divisa-

962 1138 1016 1166 que
1029 1132 1140 1159 fuerint.

997 1173 1067 1205 Xlll.
1089 1178 1193 1206 Praeter
1212 1178 1258 1206 illa
1275 1186 1342 1208 vero
1361 1181 1453 1209 omnia
1478 1181 1533 1208 hoc
1548 1181 1663 1217 insuper
1679 1189 1756 1209 eom-

963 1224 1196 1253 memoravimus:
1212 1226 1359 1254 nonnullos
1377 1234 1392 1254 e
1411 1226 1648 1254 Marcionistarum
1674 1234 1755 1262 grege

963 1278 991 1297 tn
1007 1271 1171 1299 altissimum
1195 1272 1370 1307 blasphemiae
1385 1273 1519 1308 gurgitem
1541 1273 1697 1305 immersos,
1714 1277 1756 1300 at-

963 1326 1017 1354 que
1033 1326 1066 1346 ex
1082 1319 1211 1354 pestifera
1236 1319 1282 1346 illa
1298 1319 1452 1347 daemonum
1471 1319 1598 1347 doctrina
1618 1319 1694 1347 velut
1713 1318 1757 1345 fu-

963 1372 1027 1393 rore
1049 1370 1076 1393 et
1093 1366 1214 1393 amentia
1230 1366 1360 1401 percitos,
1375 1373 1455 1401 quem
1472 1373 1556 1393 unum
1576 1366 1618 1392 vel
1644 1365 1757 1393 nomine

964 1415 1045 1439 tenus
1065 1411 1210 1438 Dominum
1239 1411 1371 1439 memoria
1402 1412 1553 1439 retinuisse
1579 1411 1754 1445 videbantur,

965 1457 1048 1492 hujus
1072 1457 1158 1493 ipsius
1179 1457 1351 1485 divinitatem
1376 1457 1498 1485 inaudita
1513 1457 1631 1492 quadam
1655 1457 1756 1493 lingua:

965 1502 1114 1538 petulantia
1137 1502 1318 1538 pervertisse;
1339 1510 1389 1531 nec
1411 1503 1532 1531 caelestis
1547 1503 1622 1531 illius
1641 1511 1756 1539 genera-

967 1549 1051 1577 tionis
1081 1557 1180 1576 nomen
1207 1550 1363 1585 vituperare
1389 1550 1475 1578 fuisse
1499 1549 1612 1577 veritos.
1638 1549 1755 1583 Quidam

969 1597 1041 1623 enim
1067 1602 1100 1622 ex
1125 1595 1180 1623 illis
1204 1595 1349 1623 Dominum
1373 1595 1463 1630 ipsum
1495 1595 1559 1622 mali
1583 1594 1668 1623 ﬁlium
1693 1603 1756 1623 esse

974 1642 1034 1669 sine
1047 1641 1102 1668 ullo
1114 1641 1219 1677 pudore
1230 1641 1365 1676 iactitant.
1379 1640 1456 1674 Quod
1467 1640 1512 1668 alii
1524 1641 1616 1668 minus
1627 1642 1754 1676 probant,

964 1687 1065 1722 quibus
1081 1687 1171 1723 placet
1183 1687 1277 1723 judice
1292 1687 1369 1715 illum
1386 1695 1418 1715 ac
1432 1687 1563 1715 Creatore
1576 1692 1671 1714 natum
1682 1695 1754 1716 esse.

964 1734 1017 1767 Qui
1030 1741 1092 1761 cum
1107 1733 1135 1761 in
1150 1733 1369 1761 misericordiam
1382 1737 1456 1761 esset
1470 1734 1643 1769 propensior,
1663 1742 1695 1762 ac
1706 1743 1755 1761 na-

964 1783 1027 1807 tura
1044 1779 1143 1812 bonus,
1161 1778 1242 1807 Patre
1263 1787 1324 1810 suo,
1347 1786 1428 1814 quem
1449 1778 1495 1806 alii
1522 1778 1692 1812 Creatorem,
1707 1779 1754 1806 alii

964 1826 1067 1852 malum
1089 1825 1255 1858 existimant,
1277 1824 1401 1853 inferiori
1427 1824 1492 1852 sede
1517 1825 1624 1857 relicto,
1644 1833 1755 1853 sursum

965 1872 999 1900 ad
1018 1873 1096 1900 illum
1113 1872 1219 1906 bonum
1235 1872 1359 1900 evolasse
1379 1871 1474 1902 Deum.
1489 1871 1536 1906 qui
1555 1871 1756 1907 inexplicabili-

965 1918 1018 1946 bus
1035 1919 1062 1946 in
1078 1918 1146 1946 locis
1163 1918 1274 1950 residet,
1293 1921 1321 1944 et
1340 1917 1428 1945 eidem
1445 1917 1598 1945 inhatsisse.
1613 1917 1637 1943 Α
1653 1925 1709 1952 quo
1727 1918 1755 1945 in

965 1964 1039 1992 hunc
1057 1965 1152 1992 orbem
1170 1964 1331 1996 demissum,
1357 1968 1384 1991 et
1401 1967 1431 1991 ut
1448 1963 1521 1990 Patri
1540 1971 1591 1990 suo
1613 1963 1755 1991 resisteret

965 2010 1107 2046 delapsum
1122 2011 1150 2037 in
1161 2014 1249 2038 terras
1262 2009 1416 2042 Christum,
1439 2008 1530 2035 omnia
1543 2007 1590 2035 illa
1606 2008 1754 2044 abrogasse

965 2057 1085 2088 decreta,
1101 2063 1161 2092 qua:
1177 2056 1212 2083 ab
1234 2055 1351 2082 naturali
1365 2061 1416 2082 suo
1430 2053 1512 2082 Patre
1526 2053 1634 2082 fuerant
1649 2054 1754 2082 c’onsti-

965 2107 1035 2136 tuta,
1058 2103 1116 2130 sive
1133 2102 1157 2130 is
1179 2105 1221 2130 est
1235 2101 1282 2137 qui
1302 2102 1329 2128 in
1351 2101 1411 2136 lege
1435 2101 1542 2128 locutus
1559 2100 1671 2135 dicitur,
1696 2103 1754 2128 sive

965 2149 1076 2176 malitiae
1091 2148 1162 2176 Deus
1180 2148 1235 2180 ille,
1256 2155 1336 2183 quem
1351 2147 1423 2175 inter
1443 2147 1577 2183 principia
1594 2148 1676 2174 tertio
1692 2147 1754 2175 loco

966 2201 1100 2224 statuunt.
1117 2194 1185 2222 Nam
1209 2194 1299 2227 aliter,
1316 2194 1356 2221 uti
1373 2193 1477 2221 dictum
1497 2199 1550 2227 est,
1573 2197 1654 2228 atque
1675 2194 1755 2221 aliter

966 2244 1019 2271 ista
1036 2242 1186 2270 declarant.
1203 2242 1297 2276 Itaque
1311 2240 1382 2268 alius
1403 2239 1540 2275 opiﬁcem,
1555 2240 1626 2267 alius
1650 2240 1752 2267 malum

967 2296 1029 2316 esse
1043 2288 1149 2315 statuit.

1002 2334 1084 2370 376
1095 2333 1161 2367 Qua:
1174 2341 1237 2361 cum
1256 2333 1294 2360 ita
1315 2332 1380 2364 sint,
1400 2330 1575 2359 manifestum
1594 2338 1657 2359 esse
1676 2331 1755 2358 cuili-

967 2379 1013 2408 bet
1024 2383 1123 2414 potest,
1135 2379 1182 2415 qui
1200 2378 1301 2415 ingenii
1317 2386 1349 2405 ac
1360 2376 1510 2413 prudentiae
1523 2377 1626 2412 aliquid
1643 2377 1753 2409 habeat,

967 2430 1051 2453 totam
1073 2425 1147 2453 illam
1170 2425 1321 2452 doctrinam
1349 2427 1431 2459 atque
1454 2423 1552 2459 dogma
1569 2423 1605 2451 ab
1625 2423 1756 2458 impuris-

967 2470 1036 2499 simo
1054 2470 1153 2505 spiritu
1171 2477 1357 2505 promanasse.
1381 2468 1515 2502 Quocirca
1538 2469 1607 2496 nihil
1626 2473 1686 2496 erat
1707 2469 1755 2497 ad-

966 2517 1077 2544 modum
1087 2523 1201 2544 necesse
1215 2516 1243 2543 in
1261 2523 1294 2543 eo
1309 2519 1472 2551 argumento
1486 2515 1631 2542 tractando
1647 2522 1679 2541 ac
1695 2508 1753 2550 prd-

966 2563 1112 2599 pugnanda
1127 2563 1179 2591 ﬁde
1196 2563 1297 2590 morari
1312 2562 1427 2596 diutius,
1446 2566 1493 2589 aut
1508 2569 1573 2590 vero
1588 2561 1753 2589 Mareionent
1783 2589 1786 2595 ,

966 2610 1100 2643 refellere,
1115 2610 1161 2645 qui
1178 2609 1257 2645 juxta
1274 2610 1317 2637 sui
1338 2609 1426 2644 ipsius
1440 2616 1472 2636 ac
1485 2608 1548 2636 vitae
1570 2615 1631 2636 esse
1646 2607 1755 2636 videtur

965 2657 1076 2683 oblitus.
1094 2655 1180 2684 Nemo
1197 2655 1331 2691 siquidem
1347 2659 1400 2691 est,
1422 2655 1468 2691 qui
1483 2654 1614 2682 nonnulla
1628 2654 1663 2681 sit
1676 2654 1755 2680 intel-

964 2703 1076 2739 ligentia
1091 2701 1233 2737 praeditus,
1250 2702 1317 2737 quin
1331 2701 1506 2729 contumeliae
1519 2701 1546 2728 in
1561 2700 1645 2727 Deum
1659 2699 1754 2734 plenas

965 2750 1039 2777 illius
1054 2749 1171 2781 fabulas,
1188 2756 1221 2776 ac
1236 2748 1399 2777 temerarios
1412 2751 1439 2776 et
1454 2747 1624 2783 perniciosos
1639 2749 1754 2773 conatus

965 2795 1082 2831 detegat.
1098 2794 1198 2823 Verum
1211 2795 1342 2830 quoniam
1354 2795 1459 2824 nullum
1477 2794 1565 2830 spinis
1581 2793 1701 2821 obsitum
1715 2792 1754 2818 lo-

703 2876 712 2891 '
729 2875 808 2903 Forte
822 2874 887 2910 ἐχει.
929 2874 938 2891 ⁸
952 2873 1033 2903 Forte
1049 2874 1312 2911 εὐσπλαγχνότερον.
