1964 3047
129 164 184 197 3|?

467 163 651 194 ADVERSUS
670 163 839 192 HEBESES
854 162 918 191 LIB.

975 160 1058 189 TOM.
1075 159 1118 188 Ill.
1125 158 1301 187 -—HERES.
1320 157 1412 186 Χιιιι.

1693 152 1747 184 δὶῧ

167 222 222 249 Καὶ
243 222 268 248 εί
283 221 330 257 μὲν
345 220 429 252 νόοως
442 221 516 255 λέγει
536 220 640 256 πατέρα
654 220 740 255 ἔχειν,
754 220 784 246 οὐ
802 219 912 246 δύναται

997 216 1076 249 Quod
1090 215 1113 243 si
1129 214 1311 243 adulterinum
1327 214 1404 242 illum
1418 216 1557 248 parentem
1575 211 1748 247 lntelligeret,

129 266 212 295 αὑτοῦ
223 267 237 293 ό
255 266 330 298 νόθος
349 265 444 301 Πατὴρ
456 264 620 300 καλούμενος
631 265 660 291 ὲν
673 263 747 297 αὐτῷ
758 261 838 295 εἶναι,
854 262 915 289 οὐδὲ

130 313 212 344 αὐτὸς
225 313 256 339 ὲν
272 311 311 347 τῷ
322 311 420 346 Πατρί.
442 311 470 338 '0
484 311 513 337 δὲ
536 310 606 337 κατὰ
618 310 698 345 φύσιν
713 309 795 336 αὑτοῦ
807 308 916 343 Πατέρα

131 358 176 384 ἀεὶ
190 356 307 391 ἀγαθὸν,
326 356 372 383 καὶ
392 356 459 382 Θεὸν
477 356 530 386 ἀεὶ,
548 356 596 382 καὶ
613 355 720 382 πάντων
737 353 914 390 Δημιουργὺν,

132 401 221 437 ἐαυτῷ
236 401 263 428 δὲ
283 401 348 428 ὄντα
365 401 412 428 καὶ
428 401 476 427 σὺν
499 401 573 435 αὑτῷ
599 400 754 436 ὑπάρχοντα
773 400 915 432 διδάσκων,

132 448 181 474 καὶ
204 447 359 483 ἀληθεύων,
381 447 451 473 κατὰ
470 446 517 473 τοῦ
540 447 703 482 Μαρκίωνος
733 447 781 482 τὴν
803 445 915 481 ἀπειλὴν

130 492 298 529 διεξέρχεται
315 491 362 519 τοῦ
375 492 499 526 λέγοντος
511 493 519 507 ¹
529 500 536 506 ·
556 492 587 518 '0
601 491 643 527 μὴ
658 491 750 526 τιμῶν
767 491 820 518 τὸν
838 490 917 523 ΐίὸν,

130 539 173 572 ὡς
191 537 259 573 τιμᾷ
273 537 327 564 τὸν
346 536 471 572 Πατέρα,
487 538 505 572 ἠ
520 537 592 572 ὀργὴ
610 537 663 564 τοῦ
678 537 751 564 Θεοῦ
767 537 813 564 ἐπ’
825 536 918 564 αὑτὸν

129 584 224 620 μένει.
243 583 313 618 Ἤδη
327 583 356 610 δὲ
371 584 400 610 ὲν
414 583 524 615 πολλαῖς
542 583 703 619 μαρτυρίαις
719 583 858 618 ἐδείξαμεν
872 583 918 609 τὸν

133 631 182 658 ἕνα
193 631 257 658 ὄντα
273 630 351 663 Θεὸν,
365 629 410 656 τὸν
426 629 534 665 Πατέρα
545 627 589 656 :06
608 628 711 665 Κυρίου
732 628 810 665 ήμῶν
830 628 918 664 Ἰησοῦ

134 674 264 711 Χριστοῦ,
279 673 380 708 ἀγαθὸν
392 674 468 706 ὅντα,
482 673 530 700 καὶ
541 673 643 707 ἀγαθὸν
661 673 838 709 γεννήσαντα,
853 673 919 707 ἀγά-

133 729 190 756 πην
202 720 277 752 ὄντα,
294 719 341 746 καὶ
354 719 465 754 ἀγάπην
482 719 662 754 γεννήσαντα,
676 719 767 754 πηγὴν
779 719 855 751 ὄντα,
872 719 920 745 καὶ

133 766 208 801 ζωῆς
232 765 323 801 πηγὴν
346 765 514 800 γεννήσαντα
540 765 646 800 (Παρὰ
675 764 724 792 σοι
758 765 813 799 γὰρ
837 763 918 799 πηγὴ

132 811 218 845 ζωῆς,
231 812 311 848 φησὶν
325 811 342 847 ή
356 811 480 847 Γραφή)·
507 811 634 846 ἀλήθειαν
647 810 723 841 ὄντα,
735 810 781 837 καὶ
792 809 920 844 ἀλήθειαν

133 865 313 892 γεννησαντα,
336 857 394 892 φῶς
409 857 487 889 ὄντα,
505 857 552 883 καὶ
569 856 627 891 φῶς
649 856 828 891 γεννήσαντα,
846 855 919 890 ζωὴν

133 903 209 935 ὅντα,
225 903 271 930 καὶ
283 903 354 938 ζωήν
368 902 547 937 γεννήσαντα,
564 902 688 938 ἀνάρχως
706 903 752 928 καὶ
765 901 857 933 ἀϊδίως
872 900 918 927 χαὶ
934 892 955 922 Β

134 948 266 984 ἀχρόνως.
291 949 346 975 Καὶ
367 948 528 984 ὲλήλεγκται
547 948 617 975 κατὰ
636 948 725 975 πάντα
739 949 756 983 ή
778 947 824 974 τοῦ
840 948 918 983 Μαρ-

135 993 233 1026 κίωνος
249 994 337 1030 πλάνη
342 1014 348 1020 .

172 1079 280 1106 Τούτων
296 1079 388 1106 τοίνυν
407 1079 492 1111 οὕτως
510 1080 636 1115 ἐχόντων,
653 1079 700 1106 καὶ
720 1079 769 1114 τῆς
786 1077 858 1106 κατὰ
872 1078 919 1105 τοῦ

136 1124 294 1157 ἀπατεῶνος
310 1125 467 1160 ἀνατροπῆς
480 1125 525 1152 διὰ
540 1125 640 1160 πολλῆς
659 1125 706 1152 καὶ¹
723 1125 855 1161 ἀληθινῆς
876 1133 921 1151 συ-

135 1169 257 1200 στάσεως
269 1170 298 1195 ὲν
309 1169 369 1204 Θεῷ
385 1170 451 1204 ἡμῖν
467 1169 720 1205 κατεργασαμένης,
733 1169 814 1196 πάλιν
825 1170 872 1196 ἐπὶ
887 1170 921 1196 τὰ

134 1215 210 1250 ἑξῆς·
218 1214 319 1249 ταύτης
332 1214 382 1249 τῆς
391 1215 448 1241 νυνὶ
458 1215 496 1247 ὡς
514 1215 634 1251 μεγάλης
643 1215 755 1246 ἀσπίδος
764 1222 922 1250 καταπατη-

136 1260 232 1296 οεῐσης
255 1260 300 1287 διὰ
323 1260 370 1287 τοῦ
396 1259 530 1295 ἀψευδοῦς
553 1260 633 1294 λόγου
654 1259 701 1286 τοῦ
728 1260 852 1295 Σωτῆρος
873 1261 921 1287 τοῦ

135 1305 259 1338 εἰπόντος
271 1314 278 1322 ·
295 1304 411 1332 Δέδωκα
425 1305 496 1340 ὑμῖν
510 1305 615 1332 πατεῖν
633 1305 682 1332 ἐπὶ
707 1305 789 1338 ὄφεις
808 1305 857 1332 καὶ
872 1305 921 1332 ἐπὶ

135 1350 241 1379 πᾶσαν
257 1350 314 1384 τὴν
329 1350 458 1385 δύναμιν
482 1351 534 1378 τοῦ
548 1350 656 1384 ἐχθροῦ
666 1359 673 1366 ·
698 1351 784 1385 ίωμεν
801 1350 848 1377 καὶ
873 1351 922 1383 τὰς

135 1397 191 1424 τῶν
210 1397 297 1424 ἄλλων
322 1397 558 1432 ματαιοφροσύνας
579 1396 736 1423 διασκοπεῖν
761 1405 791 1422 τε
813 1396 860 1423 καὶ
883 1397 922 1424 δι-

136 1442 260 1478 ελέγχειν
282 1442 522 1478 (ἐπικαλούμενοι)
541 1442 606 1469 Θεὸν
632 1441 743 1477 βοηθὸν,
765 1442 794 1469 ὲν
822 1442 922 1469 ἅπασιν

136 1487 357 1524 ἐπικαλούμενοι.

342 1545 436 1572 ΚΑΤΑ
456 1544 713 1572 ΔΟΥΚΙΑΝΙΣΤΩΝ
719 1565 728 1578 ,

170 1601 301 1636 Είκοστὴ
316 1601 414 1636 τρίτη,
435 1601 454 1635 ἡ
476 1600 525 1628 καὶ
543 1601 772 1636 τεσσαρακοστὴ
790 1601 884 1636 τρίτη.

173 1657 212 1682 A'.
234 1656 382 1688 Λουκιανός
407 1665 449 1688 τις
469 1656 591 1692 ἀρχαῖος,
608 1657 656 1692 οὺχ
673 1657 686 1683 ὁ
702 1657 748 1684 νῦν
770 1658 799 1685 ὲν
818 1657 924 1693 χρόνοις

139 1701 346 1728 Κωνσταντίνου
371 1701 418 1728 τοῦ
440 1701 566 1737 γέροντος
587 1701 725 1736 γεγονὼς,
749 1702 779 1729 ὃν
799 1703 878 1738 δῆθεν
899 1704 922 1730 οι

145 1746 282 1782 ’Δρειανοὶ
301 1748 330 1773 ἐν
349 1748 482 1782 μάρτυσιν
502 1747 722 1782 ἐπιψηφίζονται.
740 1746 794 1775 Ἦν
808 1748 861 1784 γὰρ
876 1748 924 1775 καὶ

137 1788 215 1823 οὗτος
229 1793 244 1818 ὁ
260 1792 410 1824 Λουκιανὸς
424 1792 590 1828 πρόσφατος,
606 1793 688 1828 φημὶ,
701 1793 875 1829 προσανέχων
888 1795 921 1829 τῇ

137 1837 193 1863 τῶν
211 1837 358 1872 Ἀρειανῶν
373 1839 488 1874 αἱρέσει,
507 1839 570 1874 περὶ
585 1836 615 1866 οὗ
637 1838 750 1875 ὕστερον
764 1840 793 1866 ὲν
813 1841 844 1875 τῇ
862 1840 921 1866 κατ’

139 1883 221 1910 αὐτὸν
238 1885 380 1920 ἀνατροπῇ
392 1885 516 1920 λέξομεν.
532 1885 589 1911 Νῦν
602 1885 630 1911 δὲ
643 1885 710 1920 πρὸς
725 1885 769 1912 τὸν
781 1885 923 1921 εἰρημένον

139 1929 252 1963 ἀρχαῖον
271 1929 419 1955 Λουκιανδν
439 1929 609 1956 ἀποτείνεται
627 1930 641 1956 ὁ
656 1930 743 1964 λόγος.
761 1926 843 1961 Οὗτος
858 1930 921 1966 γὰρ,

140 1973 321 2008 συνεπόμενος
340 1973 378 2009 τῷ
398 1975 590 2010 προειρημένῳ
613 1975 775 2010 Μαρκίωνι,
795 1974 842 2002 καὶ
869 1975 924 2002 ἀπὺ

139 2015 232 2043 τούτου
249 2018 411 2053 ἀποσχίσας,
424 2019 472 2045 καὶ
491 2019 572 2051 αὐτὸς
592 2019 727 2055 ἄθροισμα
744 2020 832 2055 ἑαυτῷ
845 2028 924 2055 ποιη-

140 2062 274 2097 σάμενος,
295 2064 428 2100 αἱρέσεως
450 2066 578 2101 προέστη,
598 2066 644 2100 ἀφ’
661 2064 746 2101 οὗπερ
759 2067 784 2092 ol
807 2066 924 2093 Λουκια-

139 2108 228 2142 νιστᾳὶ
255 2109 364 2144 ἀρχαῖοι
387 2110 556 2145 καλούμενοι.
583 2111 658 2138 Κατὰ.
685 2112 774 2138 πάντα
802 2112 851 2147 μὲν
876 2109 923 2139 οὖν

140 2152 211 2179 κατὰ
225 2152 270 2179 τὸν
292 2153 443 2190 Μαρκίωνα
459 2154 635 2190 δογματίζει·
653 2156 784 2192 κέχρηται
804 2156 843 2188 δὲ.
856 2156 894 2188 ὡς
909 2157 924 2183 ό

112 2222 115 2225 .
138 2199 180 2230 εἰς
198 2199 272 2233 ἡμᾶς
294 2199 380 2227 ἐλθὼν
399 2200 487 2234 λόγος,
505 2201 551 2228 καὶ
571 2202 587 2237 ή
604 2202 669 2237 περὶ
689 2202 772 2228 αὑτοῦ
793 2201 920 2237 ἔμφασις.

966 270 1023 290 non
1051 265 1143 297 potest
1156 262 1180 288 is
1204 261 1251 296 qui
1272 260 1442 288 adulterinus
1452 258 1532 287 Pater
1545 258 1644 289 dicitur
1659 258 1687 284 in
1702 257 1749 285 illo

964 316 1036 340 esse,
1055 315 1104 335 nec
1120 307 1165 334 ille
1181 306 1208 334 in
1236 306 1326 334 Patre.
1344 305 1398 333 Sed
1414 312 1475 332 cum
1494 311 1650 340 germanum
1672 303 1748 330 illum

970 362 1062 388 suum,
1075 361 1107 380 ac
1121 353 1273 380 naturalem
1286 356 1425 387 parentem
1439 358 1546 385 semper
1557 351 1668 382 bonum,
1681 355 1750 376 sem-

966 408 1069 436 perque
1095 399 1191 431 Deum,
1223 398 1400 432 omniumque
1419 396 1599 427 conditorem,
1622 399 1702 430 atque
1722 397 1750 421 et

967 445 1039 481 apud
1055 444 1244 480 semetipsum,
1260 447 1361 472 etcum
1381 441 1449 470 Filio
1469 441 1645 469 exsistentem
1663 440 1750 468 veris-

967 490 1037 518 sime
1061 489 1174 522 doceat,
1201 488 1273 516 idem
1297 487 1462 515 Mareionem
1485 486 1583 514 borum
1606 485 1748 513 verborum

967 536 1176 564 comminatione
1193 534 1369 570 perstringit:
1395 534 1448 568 Qui
1463 541 1515 560 non
1528 531 1685 566 honoriﬁcat
1703 530 1751 558 Fi-

967 583 1044 615 lium,
1059 586 1088 609 ut
1101 581 1258 615 honori/ient
1278 579 1397 612 Patrem,
1414 580 1456 606 ira
1473 578 1523 605 Dei
1534 578 1563 606 in
1573 578 1619 605 illo
1634 577 1748 604 manet'.

967 630 1007 657 Ac
1035 637 1087 657 nos
1121 628 1259 664 plerisque
1287 627 1344 662 jam
1372 625 1538 654 testimoniis
1569 624 1750 656 ostendimus,

968 682 1052 703 unum
1073 681 1136 702 esse
1158 673 1254 705 Deum,
1277 680 1310 700 ac
1331 672 1440 700 Patrem
1462 671 1569 699 Domini
1586 670 1673 699 nostri
1686 669 1751 698 Jesu

969 718 1081 751 Christi,
1099 718 1146 754 qui
1159 717 1248 746 bonus
1262 720 1314 749 est,
1332 717 1488 751 bonumque
1502 714 1614 750 genuit;
1632 714 1752 743 clraritas

972 764 1035 792 item
1050 766 1103 794 est,
1123 766 1150 790 et
1163 762 1325 789 charitatem
1340 761 1449 796 genuit;
1465 760 1526 788 fons
1540 764 1592 793 est,
1604 765 1631 787 et
1648 759 1750 788 fontem

969 809 1032 837 vitm
1054 807 1182 844 produxit
1206 807 1293 842 (Apud
1326 810 1349 834 te
1370 807 1439 834 enim
1461 810 1500 833 est
1530 804 1589 840 {om
1611 805 1690 838 vita,
1713 805 1753 832 ait

971 854 1114 889 Scriptura
1127 853 1160 889 ³).
1186 853 1257 880 Idem
1271 855 1298 880 et
1312 851 1419 879 Veritas
1435 855 1487 884 cst,
1503 856 1530 879 et
1545 851 1691 878 Veritatem
1707 858 1753 886 ge-

969 901 1048 934 nuit;
1079 899 1258 934 similiterque
1286 898 1379 926 lumen
1404 901 1457 930 est,
1483 901 1511 925 et
1533 897 1624 925 lumen
1643 896 1752 931 genuit;

969 946 1026 973 vita
1041 948 1095 977 est,
1110 949 1136 972 et
1151 944 1234 971 vitam
1252 943 1428 979 propagavit;
1444 943 1526 978 idque
1539 943 1599 970 sine
1614 943 1669 970 ullo
1681 942 1754 977 prin-

969 991 1052 1026 cipio,
1076 990 1111 1018 ab
1135 993 1246 1022 aeterno,
1272 989 1396 1024 citraque
1420 992 1538 1024 tempus.
1559 987 1619 1021 Qua
1648 987 1754 1014 ratione

970 1036 1115 1064 Marcionis
1127 1042 1205 1063 error
1215 1034 1305 1062 omnis
1316 1034 1459 1062 evertitur.

1003 1081 1071 1115 Quae
1094 1088 1156 1109 cum
1183 1080 1222 1108 ita
1247 1087 1276 1107 se
1303 1079 1432 1112 habeant,
1453 1086 1486 1107 ac
1505 1077 1651 1107 nebulonis
1672 1076 1753 1105 istius

971 1126 1065 1155 multis
1080 1129 1107 1154 et
1123 1124 1286 1154 certissimis
1301 1125 1456 1154 rationibus
1472 1125 1528 1152 sint
1541 1124 1666 1152 convicta
1682 1129 1755 1150 men-

970 1172 1059 1205 dacia,
1074 1179 1106 1200 ac
1121 1173 1260 1208 negotium
1273 1172 1357 1208 378
1365 1179 1446 1200 omne
1460 1171 1626 1203 contectum,
1648 1168 1682 1197 ad
1700 1168 1754 1196 alia

971 1221 1162 1250 transeamus;
1187 1222 1214 1245 et
1233 1218 1285 1245 hac
1306 1217 1379 1245 velut
1401 1216 1513 1244 immani
1527 1216 1643 1251 quadam
1660 1214 1755 1249 aspide

971 1263 1124 1291 verissimis
1154 1263 1304 1291 Saivatoris
1328 1262 1419 1290 verbis
1448 1262 1560 1293 obtrita,
1590 1260 1636 1296 qui
1664 1259 1752 1288 dixit:

971 1308 1039 1336 Dedi
1057 1309 1127 1336 vobis
1142 1308 1244 1336 calcare
1257 1315 1334 1342 super
1348 1312 1489 1342 serpentes,
1504 1311 1528 1334 et
1552 1306 1709 1341 scorpiones,
1728 1308 1754 1332 et

972 1362 1050 1389 super
1078 1362 1181 1381 omnem
1209 1357 1363 1388 potestatem
1385 1352 1528 1386 inimici“;
1548 1352 1582 1380 ad
1594 1355 1754 1380 ceterorum

972 1406 1023 1426 nos
1045 1397 1254 1433 contemplanda
1267 1405 1299 1424 ac
1315 1397 1458 1425 refutanda
1471 1396 1565 1425 deliria
1580 1395 1728 1424 referamus
1745 1404 1752 1423 :

971 1445 1012 1473 sic
1026 1448 1056 1472 ut
1074 1444 1122 1472 Dei
1143 1444 1170 1472 in
1180 1444 1308 1472 omnibus
1324 1451 1404 1479 opem
1425 1450 1457 1470 ac
1478 1442 1634 1478 praesidium
1656 1440 1754 1476 implu-

972 1498 1077 1518 remus.

1162 1545 1302 1574 CONTRA
1325 1543 1565 1575 LUCIANISTAS,

1092 1601 1158 1636 Quae
1173 1605 1212 1629 est
1226 1601 1334 1629 haeresis
1348 1599 1452 1628 XXIII
1469 1599 1508 1628 vel
1523 1598 1634 1627 XLIII.

1007 1658 1028 1686 Ι.
1055 1657 1195 1686 Lucianus
1224 1656 1335 1692 quidam
1363 1655 1525 1691 antiquior:
1554 1662 1608 1682 non
1637 1653 1683 1682 ille
1705 1653 1754 1689 qui

972 1708 1052 1732 atate
1072 1707 1164 1732 nostra
1179 1703 1231 1731 sub
1253 1702 1433 1730 Constantino
1452 1700 1560 1729 seniore
1574 1700 1651 1731 vixit,
1671 1705 1752 1734 quem

972 1751 1065 1778 Ariani
1079 1749 1149 1777 inter
1166 1753 1299 1784 martyres
1311 1747 1460 1775 ascribunt.
1477 1746 1540 1774 Fuit
1564 1746 1635 1774 enim
1657 1745 1754 1772 Lucia-

972 1803 1025 1823 nus
1044 1794 1096 1822 iste
1117 1794 1209 1829 iunior
1231 1793 1394 1820 Arianorum
1420 1791 1559 1820 erroribus
1573 1790 1699 1822 infectus,
1719 1789 1754 1817 de

972 1848 1026 1876 quo
1043 1844 1148 1876 postea,
1167 1847 1229 1867 cum
1256 1837 1416 1866 refutandus
1442 1837 1504 1870 erit,
1527 1835 1615 1863 acturi
1636 1843 1752 1863 sumus:

973 1895 1048 1915 nunc
1075 1887 1206 1915 adversus
1226 1886 1357 1921 majorem
1386 1885 1461 1912 illum
1485 1883 1634 1911 Lucianum
1662 1883 1754 1910 susci—

973 1933 1071 1968 pienda
1094 1932 1174 1960 nobis
1190 1935 1231 1960 est
1253 1931 1413 1967 disputatio.
1441 1929 1491 1957 Hic
1510 1930 1594 1965 igitur
1608 1928 1754 1957 Marcionis

973 1982 1036 2006 ante
1060 1981 1190 2010 sectator,
1211 1981 1273 2012 post
1288 1977 1323 2004 ab
1347 1975 1441 2003 eodem
1463 1975 1596 2006 divulsus,
1620 1975 1754 2009 privatum

973 2021 1023 2048 sibi
1038 2027 1145 2056 gregem
1166 2019 1331 2046 contrahens
1346 2025 1423 2045 nom
1438 2021 1520 2045 secta;
1535 2017 1623 2044 factus
1634 2020 1676 2044 est
1689 2024 1756 2043 con-

973 2066 1062 2099 ditor;
1076 2065 1110 2092 ab
1124 2072 1211 2100 eoque
1231 2063 1395 2091 Lucianistae
1405 2066 1511 2091 veteres
1526 2069 1625 2090 nomen
1641 2069 1754 2097 accepe-

973 2114 1046 2139 runt.
1068 2109 1154 2138 Porro
1178 2109 1325 2137 Marcionis
1347 2108 1392 2136 ille
1407 2107 1534 2143 dogmata
1551 2107 1661 2142 penitus
1680 2114 1755 2135 com-

973 2156 1068 2191 plexus
1091 2159 1142 2183 est.
1168 2153 1273 2187 Quibus
1291 2153 1406 2189 perinde
1428 2157 1471 2181 est
1491 2160 1568 2185 usus,
1593 2156 1623 2179 ut
1646 2152 1679 2180 ad
1705 2159 1756 2180 nos

975 2201 1046 2228 fama
1059 2205 1101 2229 est
1116 2205 1142 2228 et
1159 2200 1298 2228 auditione
1315 2200 1458 2235 perlatum.
1474 2198 1541 2226 Nam
1555 2206 1617 2226 cum
1634 2198 1754 2234 antiquis

145 2244 279 2279 Ἀρχαίων
300 2244 355 2280 γὰρ
371 2245 473 2273 τούτων
494 2246 593 2279 ὄντων,
612 2247 658 2273 καὶ
673 2247 768 2274 θᾶττον
785 2247 920 2274 κατασὸε-

974 2247 1012 2274 illi
1039 2246 1207 2282 temporibus
1230 2245 1397 2279 exstiterint,
1418 2248 1445 2272 et
1462 2251 1545 2279 quam
1559 2244 1694 2271 citissime
1708 2251 1752 2271 re-

139 2288 267 2322 σθέντων,
279 2290 407 2326 δυσχερὲς
419 2291 566 2327 γεγένηται
582 2293 658 2327 ὑμῖν,
673 2292 710 2324 ὡς
729 2293 836 2328 ἀληθῶς
848 2293 922 2320 ἐστιν

140 2335 214 2369 ἰδεῖν,
228 2336 244 2371 ἡ
257 2337 317 2363 κατ’
332 2337 430 2369 αὐτοὺς
447 2338 552 2373 ἔρευνα.
570 2339 604 2365 ’Δ
617 2339 645 2366 δὲ
661 2339 716 2366 ἀπὸ
731 2339 830 2375 μέρους
840 2339 922 2374 ἔγνω-

140 2389 191 2416 μεν
206 2381 261 2408 τῶν
276 2381 370 2415 αὑτοῦ,
388 2382 445 2409 ἐστι
463 2383 536 2411 τάδε.

173 2467 251 2494 Μετὰ
264 2468 295 2494 τδ
314 2468 442 2503 συστῆναι
457 2469 537 2504 δῆθεν
551 2469 643 2505 ἕτερον
660 2468 710 2505 μὲν
727 2469 773 2496 τὸν
787 2470 923 2505 Δημιουρ-

139 2512 197 2546 γὸν,
214 2513 262 2539 καὶ
276 2514 383 2549 κριτὴν,
399 2515 446 2541 καὶ
468 2515 588 2541 δίκαιον·
605 2516 699 2551 ἕτερον
720 2515 798 2551 δῆοεν
821 2516 922 2550 ἀγαθὸν

139 2559 283 2591 ὡσαύτως,
297 2560 343 2586 καὶ
353 2560 447 2596 ἓτερον
461 2561 506 2587 τὸν
523 2562 652 2598 πονηρόν*
669 2561 791 2597 βούλεται
808 2562 923 2598 χρῆσθαι

140 2604 188 2630 καὶ
208 2606 370 2641 μαρτυρίαις
384 2607 439 2632 τισὶ
453 2606 522 2633 κατὰ
540 2607 585 2633 τὸν
602 2607 761 2642 Μαρκίωνα,
786 2607 857 2633 κατὰ
873 2608 922 2643 τὴν

140 2649 221 2676 αὐτοῦ
245 2650 371 2676 ὑπόνοιαν
388 2652 442 2677 ἀπὸ
466 2652 516 2687 τῆς
544 2651 598 2678 τῶν
622 2652 770 2688 προφητῶν
791 2653 918 2688 Γραφῆς·

140 2696 210 2731 φημὶ
226 2695 254 2722 δὲ
276 2695 316 2728 τὺ,
339 2696 469 2731 Μάταιος
492 2700 507 2725 ὁ
531 2698 683 2725 δουλεύων
702 2699 813 2733 Kvpltp'
830 2699 876 2726 καὶ
890 2699 922 2726 τὸ

139 2741 302 2777 είρημένον·
336 2742 536 2776 Ἀντέστησαν
569 2743 644 2777 Θεῷ,
675 2744 723 2771 καὶ
750 2744 918 2779 ἐσώθησαν.

140 2786 248 2812 Τέλειον
268 2785 296 2812 δὲ
322 2784 399 2819 οὗτος
424 2789 498 2824 παρὰ
519 2788 567 2824 τὴν
589 2789 636 2816 τοῦ
655 2789 813 2817 διδασκάλου
837 2789 918 2817 αὑτοῦ

971 2292 1065 2320 stincti
1089 2293 1153 2324 sint,
1181 2291 1338 2320 dlﬂicillima
1361 2290 1451 2322 nobis,
1469 2294 1500 2317 ut
1515 2289 1627 2325 intelligi
1644 2289 1678 2317 ab
1693 2296 1753 2316 om-

972 2337 1054 2365 nibus
1077 2341 1185 2373 potest,
1216 2337 1325 2364 illorum
1347 2337 1490 2372 inquisitio
1520 2335 1580 2363 fuit.
1610 2335 1663 2363 Sed
1691 2342 1752 2370 qua!

970 2382 1004 2409 de
1019 2382 1065 2409 illo
1085 2385 1223 2417 utcunque
1242 2381 1394 2416 comperire
1415 2381 1564 2416 potuimus,
1588 2383 1653 2408 sunt
1676 2379 1752 2415 ejus-

970 2426 1053 2454 modi.

1005 2471 1074 2499 Nam
1096 2474 1273 2507 posteaquam
1299 2471 1369 2499 alius
1393 2471 1426 2499 ab
1453 2478 1487 2499 eo
1513 2471 1680 2499 constitutus
1710 2475 1753 2498 est

970 2517 1083 2545 Creator
1093 2523 1125 2544 ac
1138 2515 1233 2552 judex,
1249 2521 1276 2544 et
1289 2517 1401 2552 justus;
1423 2517 1510 2545 bonus
1529 2516 1614 2550 alius;
1634 2517 1753 2550 itemque

970 2563 1060 2591 malus
1085 2563 1194 2595 tertius,
1219 2563 1359 2590 nonnullis
1377 2561 1524 2591 Marcionis
1539 2562 1662 2598 exemplo
1676 2561 1752 2589 tesli~

972 2608 1071 2636 moniis
1101 2608 1197 2641 utitur,
1227 2615 1288 2644 qua
1312 2616 1344 2636 ex
1370 2608 1564 2644 prophetarum
1590 2607 1702 2643 soriptis
1718 2607 1752 2634 ad

972 2655 1085 2687 erroris,
1108 2658 1138 2681 ut
1160 2654 1215 2687 ille,
1242 2655 1283 2682 sui
1309 2655 1489 2689 patrocinium
1514 2654 1633 2682 adducit.
1653 2653 1754 2688 Cujus-

973 2700 1045 2727 modi
1061 2700 1134 2727 istud
1157 2704 1220 2727 est:
1246 2699 1334 2727 Vanus
1356 2705 1394 2726 eu
1422 2699 1469 2734 qui
1497 2700 1574 2729 servit
1599 2699 1751 2732 Damtno';

971 2746 1035 2773 item
1049 2755 1055 2773 :
1071 2745 1230 2772 Restiterunt
1259 2744 1324 2777 Deo,
1335 2750 1358 2773 et
1374 2745 1441 2773 salvi
1456 2747 1521 2781 facti
1531 2750 1593 2773 sunt
1605 2746 1627 2772 ⁸.
1644 2744 1682 2772 Ad
1695 2745 1752 2772 haec

975 2791 1067 2819 omnia
1094 2795 1192 2826 praeter
1214 2791 1336 2827 magistri
1360 2791 1402 2819 sui
1425 2792 1551 2828 dogmata
1574 2791 1684 2826 nuptias
1708 2789 1753 2818 ille

176 2842 284 2906 :aeest,
300 2845 407 2880 opinor.
420 2846 532 2887 aliquid.
548 2847 634 2910 hing
653 2847 836 2879 scribendum.
874 2849 884 2865 ι
899 2847 920 2874 .1‹

222 2878 310 2908 alach.
324 2887 365 2910 In.
382 2881 425 2909 Η.
462 2882 473 2899 ⁸
485 2881 551 2909 ibid.
567 2881 580 2909 1

972 2867 977 2876 .
994 2848 1080 2883 v,23;
1097 2854 1139 2882 tu,
1157 2847 1206 2878 26.
1241 2847 1252 2864 ⁸
1267 2847 1328 2876 Psal
1355 2855 1437 2882 xxxv,
1454 2848 1496 2876 t0.
1533 2848 1545 2865 ⁵
1563 2847 1631 2875 Luc.
1655 2853 1682 2879 ι,
1705 2845 1751 2874 l9.

175 2877 365 2915 'Malach.‘m,
382 2881 425 2909 Η.
441 2879 445 2884 “
462 2877 473 2899 ί
485 2881 551 2909 ibid.
567 2881 580 2909 1
