1964 3047
195 172 246 200 819

893 170 922 197 S.
947 169 1115 198 EPIPHANII

1764 168 1819 196 $20

195 229 367 262 condemnat,
390 234 417 256 et
436 228 626 257 castimoniam
652 228 804 264 profitetur,
825 236 880 256 non
896 228 979 263 hujus

1041 228 1203 255 ἱιδασκαλίαν
1231 228 1391 263 απαρνείται
1417 227 1462 253 τὸν
1489 235 1598 262 γάμον,
1631 226 1678 252 καὶ
1705 226 1820 260 ἁγνείαν

193 283 288 303 amore
312 275 432 306 virtutis,
462 275 510 302 sed
535 278 564 301 ut
593 282 675 309 opera
699 274 838 301 Creatoris
863 278 977 301 evertat.

195 322 286 355 Quare
301 321 438 356 conjugiis
453 321 602 348 interdicit.
624 320 661 346 Ex
679 320 790 355 quibus,
805 320 903 354 inquit,
921 327 981 355 pro-

199 372 297 402 pagata
312 367 405 395 sobole
415 368 503 401 major
518 367 545 394 in
562 366 663 393 mundo
671 366 812 393 Conditori
828 366 938 393 ubertas
948 372 980 392 ac

193 414 272 448 copia
292 414 421 448 suppetit.
444 412 500 440 Hoc
517 413 600 448 igitur
612 414 639 439 in
653 412 760 446 opificis
775 419 807 438 ac
823 411 980 438 Conditoris

194 458 286 485 odium
317 459 449 493 suscipit,
488 466 522 485 ne
553 466 586 485 ex
611 458 760 484 liberorum
792 456 982 492 procreatione

194 503 277 539 379
301 503 375 530 illius
398 510 465 538 opes
481 506 641 537 augeantur.
674 500 775 527 Verum
801 500 881 535 hujus
904 507 982 527 error

196 548 272 575 nnHo
298 548 409 584 negotio
433 547 576 582 detegetur
589 555 621 574 ac
640 546 779 574 refelletur
792 553 825 573 ex
839 547 874 573 ea'
885 544 981 572 confu-

195 594 308 626 tatione,
328 601 408 629 quam
421 597 517 621 contra
534 594 620 628 ipsius
636 597 831 628 praeceptorem
845 595 907 618 ante
922 597 982 625 pro-

195 641 348 676 posuimus.
375 639 460 674 Cujus
493 640 637 675 opiniones
667 639 791 675 pluribus
817 637 982 672 disputando

195 686 382 718 convicimus;
410 685 493 720 idque
516 686 604 720 ipsqu
620 685 801 718 ostendimus,
816 683 981 718 cnjusmodi,

196 740 228 759 ac
241 739 322 767 quam
341 731 425 758 multa
445 732 509 764 sint,
525 732 553 758 in
567 731 668 766 quibus
682 737 788 758 sununa
805 733 847 756 est
862 728 983 764 Evange-

197 776 224 803 lii
247 776 408 812 Veterisque
431 775 601 804 Testamenti
625 775 782 803 consensio.
799 774 983 807 Quemadmo-

195 823 261 850 dum
289 823 370 850 etiam
407 823 539 850 Dominus
567 823 624 858 ipse
653 821 771 850 fateatur
805 828 883 848 suam
922 827 983 848 esse

200 868 293 896 mundi
318 868 535 901 fabricationem,
567 875 599 895 ac
619 867 751 902 quidquid
778 866 917 893 conditum
942 870 986 893 est

1032 275 1128 301 ἀσκεῖ·
1148 274 1178 300 ού
1204 273 1236 300 δι’
1258 274 1379 307 ἁγνείαν,
1401 273 1459 299 ἀλλ’
1481 273 1525 299 ἵνα
1553 272 1673 308 ἀθετήσῃ
1695 271 1730 298 τὰ
1750 271 1821 306 ἔργα

1031 318 1078 344 τοῦ
1099 317 1288 353 Δημιουργοῦ,
1304 317 1437 344 διδάσκων
1460 317 1497 352 μὴ
1522 316 1705 344 συνάπτεσθαι
1724 316 1819 352 γάμῳ.

1037 363 1096 398 ’Λφ”
1112 360 1142 389 οὗ
1160 363 1249 399 γάμου
1273 362 1399 398 εὐθηνία,
1418 363 1497 399 φησὶ,
1513 363 1559 390 διὰ
1580 363 1629 398 τῆς
1646 362 1821 394 παιδοποιίας

1031 410 1060 436 ὲν
1076 409 1170 444 κόσμῳ
1183 409 1222 444 τῷ
1233 409 1395 444 Δημιουργῷ
1410 409 1523 444 γίνεται,
1538 408 1606 444 πρὸς
1619 409 1755 435 ἀντίθεσιν
1770 409 1821 443 τῆς

1033 454 1078 481 τοῦ
1095 455 1268 490 Δημιουργοῦ
1287 455 1334 481 καὶ
1350 455 1465 482 κτίστου
1478 455 1522 482 διὰ
1536 455 1585 491 τῆς
1603 455 1775 487 παιδοποιίας
1790 455 1822 481 ἐν

1031 501 1070 536 τῷ
1091 501 1185 536 κόσμῳ
1200 501 1338 537 εὐθηνίας.
1351 501 1546 537 Φωραθήσεται
1558 501 1585 527 δὲ
1596 502 1610 527 ὁ
1625 501 1755 534 τοιοῦτος,
1772 501 1821 527 καὶ

1032 547 1268 583 διελεγχθήσεται,
1296 548 1349 574 ἀπὸ
1373 548 1422 584 μὲν
1443 548 1492 583 τῆς
1508 548 1559 583 ἤδη
1580 547 1648 584 πρὸς
1671 547 1716 574 τὸν
1736 547 1819 574 αὑτοῦ

1033 594 1182 629 ἐπιστάτην
1209 594 1387 628 ἀντιθέσεως,
1415 594 1460 620 διὰ
1493 593 1598 621 πολλῶν
1628 594 1820 630 ποιησαμένων

1033 641 1112 676 ἡμῶν
1130 640 1178 676 τὴν
1196 640 1263 677 πρὸς
1279 641 1359 667 αὐτὸν
1375 640 1528 674 ἀντιλογίαν
1545 649 1574 667 τε
1591 641 1637 666 καὶ
1652 640 1820 676 ἀνατροπὴν,

1033 687 1062 713 ἐν
1077 687 1184 718 ὁποίαις
1197 695 1227 713 τε
1247 687 1294 713 καὶ
1308 687 1420 717 ὁπόσαις
1438 686 1544 722 συνᾴδει
1558 686 1589 712 τὸ
1607 686 1772 720 Εύαγγέλιον
1786 687 1820 721 τῇ

1034 732 1139 767 Παλαιᾷ
1150 731 1272 768 Διαοήκῃ
1285 740 1290 746 ·
1309 732 1356 758 καὶ
1369 732 1407 763 ὡς
1422 732 1502 763 αὐτὸς
1519 732 1533 758 ὁ
1551 731 1653 767 Κύριος
1665 731 1743 766 ἡμῶν
1756 731 1823 766 ὁμο-

1033 778 1108 812 λογεῖ
1122 778 1153 804 τὸ
1177 778 1282 813 ποίημα
1297 777 1343 804 τοῦ
1362 778 1464 813 κόσμου
1485 775 1553 804 εἶναι
1571 777 1636 804 ῐδιον
1656 777 1703 804 καὶ⁹
1725 776 1821 809 αὑτοῦ,

1034 825 1082 850 καὶ
1098 824 1144 850 τοῦ
1159 824 1264 859 Πατρὺς
1291 821 1360 850 εἶναι
1383 824 1432 859 τὴν
1459 823 1562 850 κτίσιν·
1588 823 1627 855 ὦς
1648 832 1680 857 γε
1704 823 1822 858 μάλιστα

1037 869 1172 896 συνελόντι
1184 869 1286 905 φράσαι
1307 869 1520 905 κορυφαιότατόν
1543 878 1570 896 τι
1595 869 1670 905 ῥῆμα
1685 869 1761 904 παρὰ
1782 868 1822 904 τῷ

199 913 273 942 Patri
292 922 342 942 suo
363 914 548 942 tribuendum.
569 913 647 946 Quod
663 912 773 948 quidem
786 911 984 947 praestantissi-

1041 916 1104 951 ὶγίῳ
1121 917 1230 952 Ἰωάννῃ
1245 916 1399 952 είρημένον,
1414 916 1445 942 τὸ
1455 935 1463 949 ,
1481 917 1532 943 Ἑν
1545 915 1624 958 ἀρχῇ
1636 913 1675 950 ἦν
1686 917 1702 942 ὁ
1715 915 1822 950 Λόγος.

199 961 251 988 mis
275 961 351 989 hisce
374 961 467 988 verbis
492 960 650 988 summatim
676 959 797 987 Joannes
825 958 984 993 complexus

196 1010 239 1034 est
249 1016 256 1034 :
268 1006 301 1034 In
315 1007 444 1041 principio
457 1011 513 1034 erat
532 1006 643 1033 Verbum
655 1026 663 1038 ,
675 1010 700 1033 et
717 1005 828 1032 Verbum
845 1010 901 1031 erat
915 1003 985 1038 apud

197 1052 291 1085 Deum,
317 1058 342 1080 et
369 1053 439 1080 Deus
465 1057 524 1080 erat
556 1052 679 1079 Verbum.
709 1051 807 1079 Omnia
831 1059 877 1086 per
898 1050 986 1082 ipsum

197 1099 271 1133 facta
284 1103 356 1132 sunt,
372 1103 396 1125 et
408 1099 463 1125 sine
476 1099 532 1133 ipso
549 1098 650 1132 factum
661 1102 699 1124 est
711 1096 788 1129 nihil,
803 1095 872 1131 quod
886 1095 985 1130 {actum

197 1150 235 1172 est
248 1146 268 1177 ',
284 1149 338 1172 etc.

235 1190 268 1218 ΙΙ.
288 1190 372 1226 Atqui
392 1191 485 1218 statim
502 1190 548 1218 ille
560 1189 689 1217 facillime
700 1188 897 1217 confutabitur.
918 1187 986 1214 Nam

198 1236 222 1263 si
237 1235 404 1271 respondere
427 1235 464 1262 ita
491 1235 566 1266 velit,
590 1242 620 1262 se
642 1238 672 1261 ut
694 1234 727 1261 iis
746 1241 807 1269 quae
825 1232 982 1260 Conditoris

198 1282 242 1310 hic
253 1290 315 1310 esse
330 1283 440 1318 propria
457 1282 598 1315 dicuntur,
613 1281 760 1309 obsisteret
775 1288 807 1307 ac
822 1280 986 1310 destrueret,

201 1329 361 1364 nuptiarum
385 1328 517 1355 damnare
536 1328 660 1363 c0pulas,
685 1335 719 1354 ne
739 1324 987 1354 Conditorisutfra-

198 1375 256 1410 gari
275 1374 411 1407 videatur,
426 1379 508 1410 atque
527 1378 558 1401 ut.
573 1374 608 1401 ab
623 1373 683 1408 ejus
697 1380 781 1408 opere
796 1379 857 1400 sese
872 1371 987 1398 omnino

199 1423 310 1455 praestet
338 1420 468 1454 alienum,
492 1427 584 1447 nonne
609 1427 625 1446 ιι
654 1419 759 1446 ratione
788 1425 902 1453 prorsus
930 1417 988 1444 haec

199 1466 328 1494 abhorret
346 1466 459 1501 opinio,
480 1466 596 1501 ejusque
618 1464 785 1500 deprehendi
807 1464 929 1495 falsitas,
956 1471 989 1491 ac

201 1513 327 1548 redargui
353 1512 433 1540 facile
450 1512 556 1548 potest?
577 1511 647 1539 Ecce
673 1511 722 1538 tibi
742 1511 860 1538 conditis
874 1517 889 1537 a
904 1509 988 1537 Crea-

202 1564 262 1587 tore
277 1560 372 1593 rebus,
387 1560 472 1587 veluti
485 1559 566 1590 cibis,
581 1566 613 1586 ac
629 1558 764 1591 vestibus,
785 1564 813 1585 et
831 1557 986 1592 unguentis,

201 1612 234 1631 ne
247 1608 323 1639 potu,
336 1608 363 1632 et
382 1604 483 1632 eduliis
507 1604 679 1632 miserrimus
702 1604 754 1632 iste
772 1603 921 1632 circulator
934 1604 988 1630 uti-
1002 1590 1023 1620 (ἶ

201 1655 264 1684 tur;
283 1658 333 1679 nec
355 1650 474 1686 eﬂugere
497 1651 577 1678 aliter
597 1655 697 1686 potest,
721 1650 787 1686 quin
805 1659 834 1680 se
847 1653 881 1682 iis
898 1652 936 1680 uti
950 1652 990 1679 fa-

202 1699 303 1723 teatur.
319 1695 391 1723 Dens
401 1696 474 1723 enim
489 1701 532 1723 est
545 1696 678 1723 Dominus
695 1697 817 1724 omnium
841 1705 873 1725 ac
895 1697 990 1725 condi-

202 1746 246 1768 tor
260 1740 307 1776 qui
323 1747 416 1768 curam
434 1741 555 1769 omnium
571 1740 640 1776 gerit
661 1748 693 1768 ac
711 1741 792 1768 talem
815 1750 893 1770 suum
913 1749 992 1776 super

203 1787 285 1814 bonos
299 1791 325 1814 et
336 1787 422 1815 malos
439 1788 506 1814 oriri
522 1787 622 1822 facit’.
648 1787 717 1814 Tum
736 1795 801 1815 vero
812 1788 840 1815 in
857 1796 905 1816 eos
922 1789 991 1823 pari-

204 1837 259 1864 ter,
276 1833 323 1868 qui
349 1840 379 1861 se
397 1834 571 1862 contumeliis
586 1833 718 1868 alliciunt,
732 1838 760 1862 et
771 1834 818 1870 qui
830 1834 919 1869 ipsum
936 1834 992 1861 lau-

203 1879 271 1907 dant
293 1886 326 1907 ac
348 1879 509 1915 praedicant,
532 1880 652 1914 pluviam
680 1880 810 1913 demittit,
836 1886 918 1915 atque
943 1881 992 1908 alit

204 1925 360 1953 universos.
380 1925 460 1959 Quod
486 1933 542 1953 non
566 1926 711 1953 temeraria
739 1926 841 1961 aliqua,
868 1927 993 1962 citraque

203 1971 338 1999 rationem
361 1978 394 1999 ac
416 1979 528 2000 sensum
542 1971 654 2000 definita
670 1973 728 2008 lege
742 1973 921 2000 constitutum
938 1978 991 2006 est,

204 2017 253 2045 sed
274 2017 335 2045 ideo
354 2017 495 2051 nimirum,
514 2017 586 2053 quod
607 2025 750 2053 ptenarum
765 2019 800 2046 ab
817 2019 863 2046 illo
885 2023 994 2055 tempus

205 2065 233 2091 in
249 2063 371 2092 futurum
383 2063 520 2099 judicium
536 2069 704 2092 reservatum
727 2069 780 2098 est,
800 2065 935 2101 patienter
950 2074 994 2094 ex-

205 2114 322 2146 spectat,
349 2118 382 2138 ac
406 2110 520 2145 privatis
549 2111 667 2147 legibus,
691 2115 718 2139 et
739 2113 873 2147 sapientia
894 2117 994 2141 cuncta

205 2157 384 2190 moderatur,
412 2157 642 2193 quemadmodum
662 2158 811 2186 beneficam
834 2159 908 2186 illam
929 2167 994 2195 erga

206 2212 302 2233 omnes
316 2205 514 2240 providentiam
528 2205 616 2238 decet,
636 2208 666 2232 ut
685 2205 709 2232 si
733 2206 781 2240 qui
803 2206 994 2241 paenitentiam

205 2250 393 2285 susceperint,
410 2250 546 2278 scelerum
563 2249 686 2277 omnium
708 2250 872 2278 oblivionem
894 2251 929 2278 ab
947 2251 994 2278 illo

207 2296 292 2329 nacti,
305 2297 422 2324 salutem
437 2296 636 2332 adipiscantur.
653 2295 700 2324 Sin
713 2297 919 2324 contumeliosis
938 2297 993 2324 illis

206 2342 328 2370 divinum
351 2342 378 2370 in
401 2341 508 2370 Numen
533 2343 720 2378 opinionibus,
741 2348 823 2379 atque
842 2343 994 2377 erroribus,

206 2395 323 2423 quorum
336 2388 407 2416 Deus
421 2393 518 2416 auctor
536 2396 592 2416 non
615 2393 668 2421 est,
691 2390 844 2424 insistant;
865 2394 923 2417 tum
938 2397 995 2418 me-

208 2434 260 2461 rita
271 2434 404 2469 supplicia
415 2439 477 2468 post
491 2433 562 2460 banc
573 2433 658 2461 vitam
680 2434 846 2470 expendant,
862 2442 925 2462 cum
941 2441 996 2461 non

208 2480 327 2515 amplius
340 2480 491 2508 voluntatis
510 2480 538 2507 in
557 2480 598 2508 eis
617 2480 729 2508 libertas
745 2480 875 2508 manebit.
893 2479 993 2508 Verum

209 2534 300 2562 neque
327 2526 410 2553 animi
435 2526 554 2561 quadam
585 2526 745 2562 impotentia
775 2526 897 2554 futurum
929 2526 995 2553 illud

207 2572 342 2609 judicium
357 2572 487 2604 instituit;
507 2579 558 2600 nec
575 2576 691 2600 ventura
708 2572 755 2599 illa
769 2572 840 2599 mala
854 2571 996 2599 iracundia

209 2619 266 2648 ulla
287 2619 388 2647 ductus
410 2618 519 2653 inﬂigit.
545 2618 608 2647 Haec
633 2619 716 2655 380
740 2618 813 2645 enim
833 2617 925 2645 omnia
947 2626 997 2653 pro

209 2673 242 2693 ea
257 2672 310 2700 qua
323 2663 453 2700 praeditus
468 2668 510 2693 est
531 2664 565 2692 ab
581 2664 655 2691 omni
675 2664 890 2699 perturbatione,
911 2663 996 2691 libera

209 2711 353 2739 divinitate
368 2710 520 2738 denuntiat.
536 2709 588 2738 Sed
603 2710 639 2738 ob
655 2717 713 2738 eam
727 2710 854 2738 videlicet
873 2717 997 2742 causam,

1035 963 1085 990 καὶ
1100 964 1116 990 ὁ
1135 963 1231 997 Λόγος
1250 961 1290 998 ἦν
1305 963 1379 997 πρὸς
1394 963 1448 990 τὸν
1469 962 1555 993 Θεὸν.
1568 961 1628 990 ’καὶ
1651 962 1722 995 Θεὸς
1744 959 1783 996 ἦν
1807 962 1825 987 ὁ

1035 1008 1140 1043 Λόγος.
1155 1007 1256 1035 Πάντα
1279 1007 1317 1034 δι’
1333 1007 1428 1035 αὐτοῦ
1447 1007 1577 1043 ἐγένετο,
1596 1006 1645 1034 καὶ
1662 1006 1750 1041 χωρὶς
1768 1006 1824 1033 αὑ-

1036 1054 1088 1082 τοῦ
1100 1053 1218 1089 ἐγένετο
1230 1054 1303 1082 οὐδὲ
1317 1053 1362 1088 ἐν,
1377 1053 1394 1081 ὃ
1409 1053 1523 1090 γέγονε,
1539 1054 1585 1081 καὶ
1599 1053 1634 1080 τὰ
1644 1053 1718 1088 ἑξῆς.

1079 1188 1160 1216 Ἀλλά
1171 1197 1203 1223 γε
1220 1190 1234 1216 ὁ
1244 1188 1365 1221 τοιοῦτος
1380 1188 1461 1221 εὐθὺς
1474 1189 1708 1224 ἀνατραπήσεται.
1725 1189 1757 1215 Εἰ
1770 1189 1827 1224 γὰρ

1039 1234 1159 1270 βούλοιτο
1177 1235 1278 1269 λέγειν,
1296 1235 1338 1262 ὅτι
1359 1235 1522 1266 ἀντιθέσεως
1537 1235 1616 1270 χάριν
1629 1235 1675 1261 καὶ
1695 1235 1826 1270 καθαιρέ-

1039 1291 1107 1314 σεως
1123 1282 1178 1308 τῶν
1201 1282 1254 1308 ὑπὸ
1272 1282 1320 1308 τοῦ
1339 1282 1510 1317 Δημιουργοῦ
1530 1281 1647 1308 ἐνταῦθα
1673 1282 1828 1317 λεγομένων

1039 1330 1056 1365 ὴ
1068 1328 1116 1355 τοῦ
1140 1329 1229 1364 γάμου
1247 1328 1321 1363 αὑτῷ
1343 1328 1475 1363 συνάφεια
1497 1327 1633 1354 ἀθετεῖται
1646 1348 1653 1360 ,
1670 1328 1713 1354 ἵνα
1737 1328 1775 1363 μὴ
1788 1327 1829 1362 τῷ

1039 1374 1204 1410 Δημιουργῷ
1232 1375 1433 1411 συμπράξειεν,
1458 1375 1528 1401 ὥστε
1549 1374 1699 1410 ἀπέχεσθαι
1725 1375 1831 1402 παντά-

1040 1428 1107 1446 πασι
1133 1420 1180 1447 τοῦ
1200 1419 1281 1455 ἔργον
1297 1420 1342 1447 τοῦ
1363 1420 1552 1456 Δημιουργοῦ·
1574 1420 1633 1452 πῶς
1653 1420 1713 1455 οὐχὶ
1732 1420 1830 1454 ἄλογος

1039 1466 1112 1501 αὐτῷ
1129 1467 1145 1501 ή
1166 1465 1294 1497 ὑπόθεσις
1305 1466 1326 1499 ⁸,
1346 1467 1394 1494 καὶ
1407 1466 1531 1502 φωρατὴ.
1553 1467 1600 1493 καὶ
1616 1466 1830 1500 εὑθυὲλεγκτος;

1046 1513 1111 1540 Ἰδοὺ
1129 1513 1182 1549 γὰρ
1196 1513 1250 1540 ἀπὸ
1266 1513 1315 1549 τῆς
1332 1513 1447 1545 κτίσεως
1464 1513 1510 1539 καὶ
1526 1515 1576 1549 τῆς
1589 1513 1637 1540 τοῦ
1655 1511 1829 1548 Δημιουργοῦ

1039 1558 1230 1594 δημιουργίας,
1246 1559 1293 1585 καὶ
1310 1559 1365 1585 τῶν
1382 1558 1497 1591 ὲδωδῶν,
1515 1559 1626 1586 καὶτῶν
1642 1559 1763 1594 ἀμφίων,
1782 1559 1830 1585 καὶ

1040 1605 1090 1640 τῆς
1111 1605 1237 1641 χρήσεως
1258 1605 1388 1640 πομάτων
1407 1605 1529 1640 μέτεισιν
1543 1605 1635 1641 όγόης
1652 1605 1700 1632 καὶ
1715 1606 1729 1632 ὁ
1745 1605 1830 1640 ἀγύρ-

1040 1659 1091 1686 της
1102 1659 1109 1665 ·
1131 1651 1178 1677 καὶ
1196 1651 1283 1682 ἄλλως
1299 1651 1329 1677 οὐ
1344 1651 1488 1686 δυνήσεται
1502 1651 1642 1686 ἐκφυγεῖν,
1657 1651 1704 1677 καὶ
1723 1650 1759 1686 μὴ
1770 1651 1832 1686 οὐχὶ

1040 1697 1146 1729 τούτοις
1162 1697 1288 1733 χρῆσθαι.
1307 1697 1374 1729 Θεὸς
1390 1697 1445 1733 γὰρ
1467 1699 1481 1724 ὁ
1503 1697 1611 1724 πάντων
1629 1697 1766 1732 Δεσπότης
1784 1697 1831 1724 καὶ

1041 1742 1218 1778 δημιουργὸς,
1240 1742 1350 1769 πάντων
1381 1743 1596 1778 ἐπιμελόμενος,
1619 1743 1666 1769 καὶ⁸
1691 1742 1739 1769 ἐπὶ
1760 1742 1832 1775 τοὺς

1042 1789 1195 1823 πονηροὺς
1223 1789 1272 1816 καὶ
1298 1789 1429 1824 ἀγαθοὺς
1464 1789 1622 1816 ἀνατέλλει
1651 1788 1745 1815 αὐτοῦ
1779 1788 1833 1814 τὸν

1044 1835 1143 1868 ἣλιον,
1159 1834 1206 1861 καὶ⁴
1220 1835 1267 1860 ὲπὶ
1283 1835 1347 1866 τοὺς
1362 1835 1443 1862 αὑτὸν
1466 1835 1704 1870 βλασφημοῦντας,
1720 1834 1768 1861 καὶ
1785 1834 1832 1861 ἐπὶ

1043 1882 1106 1913 τοὺς
1120 1881 1201 1908 αὑτὸν
1214 1881 1375 1914 δοξάζοντας
1389 1881 1494 1916 πέμπει
1515 1881 1597 1908 αὑτοῦ
1612 1881 1660 1907 τὸν
1675 1880 1764 1913 ὑετὸν,
1784 1879 1832 1906 καὶ

1044 1928 1148 1958 πάντας
1168 1926 1275 1962 τρέφει,
1291 1927 1341 1953 οὐκ
1356 1927 1446 1962 ἀλόγῳ
1462 1927 1515 1954 τινὶ
1535 1927 1583 1954 καὶ
1600 1927 1756 1962 ἀναισθήτῳ
1775 1927 1833 1961 ὀρι-

1045 1972 1117 2008 σμῷ,
1138 1972 1207 1999 άλλὰ
1231 1973 1339 2008 ἐκδικίᾳ
1358 1974 1392 2008 τῇ
1415 1973 1481 2008 παρ’
1494 1972 1576 1999 αὐτοῦ
1591 1972 1730 2009 ὀρισθείσῃ
1747 1972 1776 1998 ὲν
1797 1972 1831 2007 τῇ

1045 2018 1180 2054 μελλούσῃ
1201 2018 1292 2054 κρίσει
1321 2018 1518 2054 μακροθυμῶν,
1546 2018 1593 2044 καὶ
1614 2019 1738 2053 ὁρισμοῖς
1758 2016 1834 2048 ἰδίοις

1044 2066 1092 2093 καὶ
1110 2065 1190 2101 σοφίᾳ
1211 2064 1246 2091 τὰ
1271 2064 1360 2091 πάντα
1382 2064 1507 2091 διοικῶν·
1529 2065 1567 2096 ὡς
1590 2064 1647 2091 ἔστι
1674 2064 1779 2099 πρέπον
1800 2063 1834 2098 τῇ

1044 2110 1128 2138 αὐτοῦ
1142 2111 1182 2142 είς
1196 2110 1300 2141 πάντας
1314 2109 1432 2145 ὠφελείᾳ.
1441 2117 1448 2124 '
1466 2110 1499 2136 ἵν’
1509 2110 1534 2136 οἱ
1550 2110 1775 2146 μετανοήσαντες,
1785 2109 1835 2144 τῆς

1045 2158 1111 2193 παρ’
1126 2156 1209 2183 αὑτοῦ
1226 2156 1394 2192 ἀμνηστείας
1408 2157 1545 2192 τυχόντες,
1559 2157 1591 2183 τὺ
1614 2157 1748 2192 σωτήριον
1765 2156 1836 2191 κτή-

1047 2212 1135 2230 σοιντο
1145 2211 1152 2218 ·
1168 2203 1192 2229 εί
1205 2202 1234 2229 δὲ
1253 2202 1408 2237 ὲπιμένοιεν
1427 2204 1487 2235 ταῖς
1499 2203 1587 2238 αὐτῶν
1605 2203 1774 2239 βλασφήμοις
1788 2202 1836 2230 καὶ

1011 2265 1033 2293 D
1048 2249 1187 2281 ὑπονοίαις
1213 2249 1261 2276 καὶ
1287 2249 1534 2286 ματαιοφροσύναις
1562 2251 1622 2282 ταῖς
1649 2250 1686 2286 μὴ
1712 2250 1745 2276 ὲκ
1766 2248 1836 2276 Θεοῦ

1047 2296 1139 2328 αὐτοῖς
1161 2294 1312 2327 δοθείσαις,
1328 2296 1360 2322 τὸ
1377 2296 1525 2332 τηνικαῦτα
1550 2295 1619 2332 μετὰ
1640 2296 1690 2332 τὴν
1712 2294 1837 2323 ἐντεῦθεν

1048 2342 1219 2378 ἀπαλλαγὴν,
1229 2343 1277 2370 τοῦ
1293 2342 1463 2374 αὺτεξουσίου
1478 2343 1576 2379 μηκέτι
1588 2343 1678 2374 αὐτοῖς
1692 2351 1836 2379 συμπαρα-

1051 2388 1195 2424 μὲνοντος-
1218 2388 1286 2415 ἀλλὰ
1309 2387 1370 2415 οὔτε
1396 2388 1440 2415 διὰ
1467 2389 1553 2424 θυμὸν
1574 2389 1667 2420 αὐτοῖς
1700 2389 1751 2424 τὴν
1775 2388 1837 2415 τότε

1049 2434 1183 2470 ἐσομένην
1210 2435 1321 2471 κρίσιν,
1346 2434 1407 2461 οὔτε
1433 2435 1470 2469 ὡς
1493 2436 1522 2463 ἐν
1546 2436 1614 2471 ὀργῇ
1639 2435 1777 2471 ἐπιφέρων
1803 2435 1838 2462 τὰ

1051 2481 1179 2515 ἐσόμενα.
1195 2481 1266 2508 Ὂλα
1284 2482 1337 2518 γὰρ
1352 2482 1364 2498 ⁸
1379 2482 1559 2517 προεθέσπισε
1579 2482 1623 2509 διὰ
1640 2482 1690 2518 τὴν
1706 2482 1756 2508 οὐχ
1773 2482 1838 2508 εἴσω

1050 2527 1146 2554 παθῶν
1177 2528 1377 2563 περιεχομένην
1395 2528 1478 2555 αὐτοῦ
1503 2529 1635 2564 Θεότητα·
1655 2528 1724 2555 ἀλλὰ
1749 2528 1784 2555 δι’
1805 2528 1839 2564 ἡν

1050 2573 1166 2605 ἕκαστος
1179 2573 1234 2600 τῶν
1247 2574 1294 2601 ἐπὶ
1307 2573 1394 2611 βλάϐῃ
1404 2575 1501 2602 ἑαυτοῦ
1511 2584 1537 2602 τι
1550 2575 1742 2612 ἐργαζόμενος,
1751 2574 1840 2609 ἑαυτῷ

1053 2620 1198 2654 παραίτιος
1214 2620 1377 2659 γεγένηται,
1404 2621 1452 2649 τοῦ
1467 2621 1535 2648 Θεοῦ
1562 2621 1682 2648 ἀναιτίου
1697 2621 1773 2652 δντος
1790 2621 1841 2655 τῆς

1052 2663 1113 2690 καθ’
1131 2665 1205 2700 ἡμᾶς
1220 2666 1415 2702 παρεκτροπῆς
1432 2674 1461 2692 τε
1479 2666 1526 2694 καὶ
1547 2666 1598 2701 τῆς
1613 2665 1646 2692 ὲκ
1661 2663 1763 2699 ταύτης
1780 2663 1841 2690 καθ’

1051 2711 1130 2747 ἡμῶν
1149 2711 1299 2747 μελλούσης
1312 2711 1422 2739 ἔσεσθαι
1436 2711 1594 2747 καταδίκης.

209 2759 282 2796 quod
297 2758 486 2795 unusquisque
511 2766 598 2794 suam
610 2758 638 2785 in
659 2757 781 2786 fraudem
805 2758 910 2794 aliquid
927 2759 1061 2794 moliens,
1093 2759 1166 2788 ultro
1189 2760 1271 2796 capiti
1296 2767 1348 2788 suo
1359 2761 1461 2788 malum
1479 2759 1605 2793 arcessit,
1636 2766 1701 2787 cum
1730 2757 1841 2786 interim

248 2850 256 2864 ¹
268 2848 348 2888 Joan.
367 2858 387 2882 ι,
403 2850 414 2876 l
428 2857 488 2885 sqq.
525 2849 535 2865 ¹
551 2848 647 2876 Matth.
663 2857 689 2882 v,
706 2849 750 2877 ιδ.
789 2849 798 2865 ³
819 2858 862 2884 rp.
882 2849 988 2877 ὑπόνοια

1045 2849 1055 2867 ⁵
1068 2850 1169 2880 Decsse
1196 2851 1303 2880 videtur
1324 2851 1437 2888 aliquid.
1465 2851 1530 2880 Cor.
1557 2849 1706 2886 ἐπιφέρων.
1724 2848 1765 2878 Τὰ
1780 2847 1839 2877 ἐπί.

209 2882 267 2919 γὰρ
281 2884 341 2911 ὅλα.
