  <div class='ocr_page' id='page_1' title='image "/cluster/home/n/w/nwhite01/storage/ocr_20150623/41/njp.32101007805813/437.png"; bbox 0 0 1964 3047; ppageno 0'>
   <div class='ocr_carea' id='block_1_1' title="bbox 239 97 293 124">
    <p class='ocr_par' dir='ltr' id='par_1_1' title="bbox 239 97 293 124">
     <span class='ocr_line' id='line_1_1' title="bbox 239 97 293 124; baseline 0.037 -3"><span class='ocrx_word' id='word_1_1' title='bbox 239 97 293 124; x_wconf 62' lang='lat'><strong>$9.3</strong></span> 
     </span>
    </p>
   </div>
   <div class='ocr_carea' id='block_1_2' title="bbox 942 96 1167 125">
    <p class='ocr_par' dir='ltr' id='par_1_2' title="bbox 942 96 1167 125">
     <span class='ocr_line' id='line_1_2' title="bbox 942 96 1167 125; baseline -0.009 0"><span class='ocrx_word' id='word_1_2' title='bbox 942 97 973 125; x_wconf 76' lang='grc' dir='ltr'><strong>ὃ.</strong></span> <span class='ocrx_word' id='word_1_3' title='bbox 995 96 1167 125; x_wconf 75' lang='grc' dir='ltr'><strong>ΕΡΙΡΗΔΝΙΙ</strong></span> 
     </span>
    </p>
   </div>
   <div class='ocr_carea' id='block_1_3' title="bbox 1809 94 1884 122">
    <p class='ocr_par' dir='ltr' id='par_1_3' title="bbox 1809 94 1884 122">
     <span class='ocr_line' id='line_1_3' title="bbox 1809 94 1884 122; baseline 0 0"><span class='ocrx_word' id='word_1_4' title='bbox 1809 94 1884 122; x_wconf 68' lang='grc'><strong>824</strong></span> 
     </span>
    </p>
   </div>
   <div class='ocr_carea' id='block_1_4' title="bbox 240 150 1023 190">
    <p class='ocr_par' dir='ltr' id='par_1_4' title="bbox 240 152 1023 190">
     <span class='ocr_line' id='line_1_4' title="bbox 240 152 1023 190; baseline 0 -10"><span class='ocrx_word' id='word_1_5' title='bbox 240 160 402 189; x_wconf 63' lang='lat' dir='ltr'><strong>praesentem</strong></span> <span class='ocrx_word' id='word_1_6' title='bbox 417 153 555 188; x_wconf 82' lang='lat' dir='ltr'><strong>alloquar:</strong></span> <span class='ocrx_word' id='word_1_7' title='bbox 570 152 617 181; x_wconf 87' lang='lat' dir='ltr'><strong>Dic</strong></span> <span class='ocrx_word' id='word_1_8' title='bbox 632 153 710 185; x_wconf 91' lang='lat' dir='ltr'><strong>mihi,</strong></span> <span class='ocrx_word' id='word_1_9' title='bbox 726 153 818 187; x_wconf 86' lang='lat' dir='ltr'><strong>sodes,</strong></span> <span class='ocrx_word' id='word_1_10' title='bbox 834 153 952 190; x_wconf 81' lang='lat' dir='ltr'><strong>Apelles.</strong></span> <span class='ocrx_word' id='word_1_11' title='bbox 971 153 1023 181; x_wconf 82' lang='lat' dir='ltr'><strong>Hoc</strong></span> 
     </span>
    </p>
   </div>
   <div class='ocr_carea' id='block_1_5' title="bbox 1076 150 1886 190">
    <p class='ocr_par' dir='ltr' id='par_1_5' title="bbox 1078 150 1886 188">
     <span class='ocr_line' id='line_1_5' title="bbox 1078 150 1886 188; baseline -0.001 -9"><span class='ocrx_word' id='word_1_12' title='bbox 1078 152 1156 179; x_wconf 85' lang='grc' dir='ltr'>τοῦτο</span> <span class='ocrx_word' id='word_1_13' title='bbox 1173 152 1239 188; x_wconf 76' lang='grc' dir='ltr'>πρὸς</span> <span class='ocrx_word' id='word_1_14' title='bbox 1254 152 1334 180; x_wconf 74' lang='grc' dir='ltr'>αὐτὸν</span> <span class='ocrx_word' id='word_1_15' title='bbox 1347 152 1384 184; x_wconf 86' lang='grc' dir='ltr'>ὡς</span> <span class='ocrx_word' id='word_1_16' title='bbox 1398 151 1467 187; x_wconf 72' lang='grc' dir='ltr'>πρὸς</span> <span class='ocrx_word' id='word_1_17' title='bbox 1488 151 1610 187; x_wconf 82' lang='grc' dir='ltr'>παρόντα</span> <span class='ocrx_word' id='word_1_18' title='bbox 1631 150 1687 186; x_wconf 76' lang='grc' dir='ltr'>ἐρῶ</span> <span class='ocrx_word' id='word_1_19' title='bbox 1698 159 1704 166; x_wconf 79' lang='lat'>&#39;</span> <span class='ocrx_word' id='word_1_20' title='bbox 1719 151 1790 186; x_wconf 83' lang='grc' dir='ltr'>Λέγε</span> <span class='ocrx_word' id='word_1_21' title='bbox 1808 160 1886 187; x_wconf 83' lang='grc' dir='ltr'>μοι,</span> 
     </span>
    </p>
   </div>
   <div class='ocr_carea' id='block_1_6' title="bbox 240 197 1025 233">
    <p class='ocr_par' dir='ltr' id='par_1_6' title="bbox 240 197 1025 233">
     <span class='ocr_line' id='line_1_6' title="bbox 240 197 1025 233; baseline 0 -8"><span class='ocrx_word' id='word_1_22' title='bbox 240 199 312 226; x_wconf 88' lang='lat' dir='ltr'><strong>enim</strong></span> <span class='ocrx_word' id='word_1_23' title='bbox 328 197 417 230; x_wconf 86' lang='lat' dir='ltr'><strong>dabis.</strong></span> <span class='ocrx_word' id='word_1_24' title='bbox 431 199 542 233; x_wconf 84' lang='lat' dir='ltr'><strong>opinor:</strong></span> <span class='ocrx_word' id='word_1_25' title='bbox 559 202 605 225; x_wconf 87' lang='lat' dir='ltr'><strong>aut</strong></span> <span class='ocrx_word' id='word_1_26' title='bbox 620 198 697 225; x_wconf 89' lang='lat' dir='ltr'><strong>illum</strong></span> <span class='ocrx_word' id='word_1_27' title='bbox 711 206 869 233; x_wconf 90' lang='lat' dir='ltr'><strong>supremum</strong></span> <span class='ocrx_word' id='word_1_28' title='bbox 885 197 966 225; x_wconf 80' lang='lat' dir='ltr'><strong>Deum</strong></span> <span class='ocrx_word' id='word_1_29' title='bbox 983 199 1025 225; x_wconf 88' lang='lat' dir='ltr'><strong>fu-</strong></span> 
     </span>
    </p>
   </div>
   <div class='ocr_carea' id='block_1_7' title="bbox 240 242 1026 278">
    <p class='ocr_par' dir='ltr' id='par_1_7' title="bbox 240 242 1026 278">
     <span class='ocr_line' id='line_1_7' title="bbox 240 242 1026 278; baseline 0.003 -9"><span class='ocrx_word' id='word_1_30' title='bbox 240 247 301 270; x_wconf 88' lang='lat' dir='ltr'><strong>tura</strong></span> <span class='ocrx_word' id='word_1_31' title='bbox 314 242 491 275; x_wconf 76' lang='lat' dir='ltr'><strong>nescientem,</strong></span> <span class='ocrx_word' id='word_1_32' title='bbox 514 243 585 270; x_wconf 81' lang='lat' dir='ltr'><strong>hunc</strong></span> <span class='ocrx_word' id='word_1_33' title='bbox 605 250 684 277; x_wconf 87' lang='lat' dir='ltr'><strong>quem</strong></span> <span class='ocrx_word' id='word_1_34' title='bbox 707 242 775 271; x_wconf 90' lang='lat' dir='ltr'><strong>dicis</strong></span> <span class='ocrx_word' id='word_1_35' title='bbox 794 251 876 278; x_wconf 84' lang='lat' dir='ltr'><strong>opera</strong></span> <span class='ocrx_word' id='word_1_36' title='bbox 891 251 941 272; x_wconf 80' lang='lat' dir='ltr'><strong>sua</strong></span> <span class='ocrx_word' id='word_1_37' title='bbox 956 243 1026 271; x_wconf 88' lang='lat' dir='ltr'><strong>male</strong></span> 
     </span>
    </p>
   </div>
   <div class='ocr_carea' id='block_1_8' title="bbox 239 286 1025 321">
    <p class='ocr_par' dir='ltr' id='par_1_8' title="bbox 239 286 1025 321">
     <span class='ocr_line' id='line_1_8' title="bbox 239 286 1025 321; baseline 0.003 -7"><span class='ocrx_word' id='word_1_38' title='bbox 239 286 400 321; x_wconf 79' lang='lat' dir='ltr'><strong>fabricasse,</strong></span> <span class='ocrx_word' id='word_1_39' title='bbox 423 287 559 315; x_wconf 77' lang='lat' dir='ltr'><strong>effinxisse</strong></span> <span class='ocrx_word' id='word_1_40' title='bbox 583 288 688 321; x_wconf 86' lang='lat' dir='ltr'><strong>Deum;</strong></span> <span class='ocrx_word' id='word_1_41' title='bbox 709 292 756 315; x_wconf 91' lang='lat' dir='ltr'><strong>aut</strong></span> <span class='ocrx_word' id='word_1_42' title='bbox 779 296 841 316; x_wconf 92' lang='lat' dir='ltr'><strong>cum</strong></span> <span class='ocrx_word' id='word_1_43' title='bbox 865 289 945 316; x_wconf 80' lang='lat' dir='ltr'><strong>talem</strong></span> <span class='ocrx_word' id='word_1_44' title='bbox 967 288 1025 317; x_wconf 87' lang='lat' dir='ltr'><strong>fore</strong></span> 
     </span>
    </p>
   </div>
   <div class='ocr_carea' id='block_1_9' title="bbox 239 334 1024 372">
    <p class='ocr_par' dir='ltr' id='par_1_9' title="bbox 239 334 1024 372">
     <span class='ocr_line' id='line_1_9' title="bbox 239 334 1024 372; baseline 0.001 -11"><span class='ocrx_word' id='word_1_45' title='bbox 239 339 426 370; x_wconf 79' lang='lat' dir='ltr'><strong>cognosceret.</strong></span> <span class='ocrx_word' id='word_1_46' title='bbox 442 335 502 363; x_wconf 88' lang='lat' dir='ltr'><strong>ideo</strong></span> <span class='ocrx_word' id='word_1_47' title='bbox 518 334 689 370; x_wconf 77' lang='lat' dir='ltr'><strong>produxisse,</strong></span> <span class='ocrx_word' id='word_1_48' title='bbox 707 340 736 363; x_wconf 96' lang='lat' dir='ltr'><strong>ut</strong></span> <span class='ocrx_word' id='word_1_49' title='bbox 750 343 844 363; x_wconf 86' lang='lat' dir='ltr'><strong>eorum</strong></span> <span class='ocrx_word' id='word_1_50' title='bbox 862 340 934 363; x_wconf 80' lang='lat' dir='ltr'><strong>esset</strong></span> <span class='ocrx_word' id='word_1_51' title='bbox 951 335 1024 372; x_wconf 88' lang='lat' dir='ltr'><strong>ipso-</strong></span> 
     </span>
    </p>
   </div>
   <div class='ocr_carea' id='block_1_10' title="bbox 239 381 1024 417">
    <p class='ocr_par' dir='ltr' id='par_1_10' title="bbox 239 381 1024 417">
     <span class='ocr_line' id='line_1_10' title="bbox 239 381 1024 417; baseline 0 -9"><span class='ocrx_word' id='word_1_52' title='bbox 239 389 300 408; x_wconf 86' lang='lat' dir='ltr'><strong>rum</strong></span> <span class='ocrx_word' id='word_1_53' title='bbox 314 388 407 414; x_wconf 85' lang='lat' dir='ltr'><strong>causa,</strong></span> <span class='ocrx_word' id='word_1_54' title='bbox 423 388 483 416; x_wconf 69' lang='lat' dir='ltr'><strong>quae</strong></span> <span class='ocrx_word' id='word_1_55' title='bbox 497 382 566 409; x_wconf 86' lang='lat' dir='ltr'><strong>male</strong></span> <span class='ocrx_word' id='word_1_56' title='bbox 583 386 676 417; x_wconf 89' lang='lat' dir='ltr'><strong>postea</strong></span> <span class='ocrx_word' id='word_1_57' title='bbox 689 381 821 408; x_wconf 89' lang='lat' dir='ltr'><strong>condidit.</strong></span> <span class='ocrx_word' id='word_1_58' title='bbox 835 381 873 408; x_wconf 85' lang='lat' dir='ltr'><strong>Ex</strong></span> <span class='ocrx_word' id='word_1_59' title='bbox 888 389 942 417; x_wconf 92' lang='lat' dir='ltr'><strong>quo</strong></span> <span class='ocrx_word' id='word_1_60' title='bbox 957 389 1024 409; x_wconf 87' lang='lat' dir='ltr'><strong>eon-</strong></span> 
     </span>
    </p>
   </div>
   <div class='ocr_carea' id='block_1_11' title="bbox 239 427 1025 463">
    <p class='ocr_par' dir='ltr' id='par_1_11' title="bbox 239 427 1025 463">
     <span class='ocr_line' id='line_1_11' title="bbox 239 427 1025 463; baseline 0 -9"><span class='ocrx_word' id='word_1_61' title='bbox 239 435 358 462; x_wconf 87' lang='lat' dir='ltr'><strong>sequens</strong></span> <span class='ocrx_word' id='word_1_62' title='bbox 372 431 424 459; x_wconf 89' lang='lat' dir='ltr'><strong>est,</strong></span> <span class='ocrx_word' id='word_1_63' title='bbox 443 434 600 462; x_wconf 90' lang='lat' dir='ltr'><strong>supremum</strong></span> <span class='ocrx_word' id='word_1_64' title='bbox 621 428 696 454; x_wconf 88' lang='lat' dir='ltr'><strong>illum</strong></span> <span class='ocrx_word' id='word_1_65' title='bbox 716 427 800 455; x_wconf 92' lang='lat' dir='ltr'><strong>Deum</strong></span> <span class='ocrx_word' id='word_1_66' title='bbox 818 427 898 463; x_wconf 86' lang='lat' dir='ltr'><strong>plane</strong></span> <span class='ocrx_word' id='word_1_67' title='bbox 912 427 1025 455; x_wconf 89' lang='lat' dir='ltr'><strong>Creato-</strong></span> 
     </span>
    </p>
   </div>
   <div class='ocr_carea' id='block_1_12' title="bbox 240 473 1024 508">
    <p class='ocr_par' dir='ltr' id='par_1_12' title="bbox 240 473 1024 508">
     <span class='ocr_line' id='line_1_12' title="bbox 240 473 1024 508; baseline 0.001 -9"><span class='ocrx_word' id='word_1_68' title='bbox 240 480 297 500; x_wconf 90' lang='lat' dir='ltr'><strong>rem</strong></span> <span class='ocrx_word' id='word_1_69' title='bbox 310 480 381 506; x_wconf 87' lang='lat' dir='ltr'><strong>esse,</strong></span> <span class='ocrx_word' id='word_1_70' title='bbox 394 473 440 508; x_wconf 89' lang='lat' dir='ltr'><strong>qui</strong></span> <span class='ocrx_word' id='word_1_71' title='bbox 456 481 539 500; x_wconf 91' lang='lat' dir='ltr'><strong>unum</strong></span> <span class='ocrx_word' id='word_1_72' title='bbox 555 473 630 501; x_wconf 93' lang='lat' dir='ltr'><strong>illum</strong></span> <span class='ocrx_word' id='word_1_73' title='bbox 644 474 805 508; x_wconf 82' lang='lat' dir='ltr'><strong>procrearit,</strong></span> <span class='ocrx_word' id='word_1_74' title='bbox 818 481 833 500; x_wconf 89' lang='lat' dir='ltr'><strong>a</strong></span> <span class='ocrx_word' id='word_1_75' title='bbox 849 481 903 507; x_wconf 90' lang='lat' dir='ltr'><strong>quo</strong></span> <span class='ocrx_word' id='word_1_76' title='bbox 916 473 1024 502; x_wconf 88' lang='lat' dir='ltr'><strong>condita</strong></span> 
     </span>
    </p>
   </div>
   <div class='ocr_carea' id='block_1_13' title="bbox 240 519 1024 556">
    <p class='ocr_par' dir='ltr' id='par_1_13' title="bbox 240 519 1024 556">
     <span class='ocr_line' id='line_1_13' title="bbox 240 519 1024 556; baseline 0.003 -11"><span class='ocrx_word' id='word_1_77' title='bbox 240 523 305 546; x_wconf 91' lang='lat' dir='ltr'><strong>sunt</strong></span> <span class='ocrx_word' id='word_1_78' title='bbox 324 519 424 546; x_wconf 87' lang='lat' dir='ltr'><strong>omnia.</strong></span> <span class='ocrx_word' id='word_1_79' title='bbox 444 519 534 552; x_wconf 84' lang='lat' dir='ltr'><strong>Quare</strong></span> <span class='ocrx_word' id='word_1_80' title='bbox 551 527 634 547; x_wconf 87' lang='lat' dir='ltr'><strong>causa</strong></span> <span class='ocrx_word' id='word_1_81' title='bbox 653 519 705 547; x_wconf 90' lang='lat' dir='ltr'><strong>erit</strong></span> <span class='ocrx_word' id='word_1_82' title='bbox 721 519 802 547; x_wconf 85' lang='lat' dir='ltr'><strong>etiam</strong></span> <span class='ocrx_word' id='word_1_83' title='bbox 823 519 887 554; x_wconf 82' lang='lat' dir='ltr'><strong>ille;</strong></span> <span class='ocrx_word' id='word_1_84' title='bbox 907 527 960 548; x_wconf 90' lang='lat' dir='ltr'><strong>non</strong></span> <span class='ocrx_word' id='word_1_85' title='bbox 977 520 1024 556; x_wconf 90' lang='lat' dir='ltr'><strong>qui</strong></span> 
     </span>
    </p>
   </div>
   <div class='ocr_carea' id='block_1_14' title="bbox 239 564 1024 600">
    <p class='ocr_par' dir='ltr' id='par_1_14' title="bbox 239 564 1024 600">
     <span class='ocr_line' id='line_1_14' title="bbox 239 564 1024 600; baseline 0.001 -9"><span class='ocrx_word' id='word_1_86' title='bbox 239 571 284 592; x_wconf 88' lang='lat' dir='ltr'><strong>res</strong></span> <span class='ocrx_word' id='word_1_87' title='bbox 295 568 399 591; x_wconf 84' lang='lat' dir='ltr'><strong>creatas</strong></span> <span class='ocrx_word' id='word_1_88' title='bbox 410 564 505 595; x_wconf 88' lang='lat' dir='ltr'><strong>edidit,</strong></span> <span class='ocrx_word' id='word_1_89' title='bbox 516 564 561 592; x_wconf 87' lang='lat' dir='ltr'><strong>sed</strong></span> <span class='ocrx_word' id='word_1_90' title='bbox 574 572 697 592; x_wconf 88' lang='lat' dir='ltr'><strong>summus</strong></span> <span class='ocrx_word' id='word_1_91' title='bbox 706 565 763 600; x_wconf 89' lang='lat' dir='ltr'><strong>ipse</strong></span> <span class='ocrx_word' id='word_1_92' title='bbox 773 564 910 593; x_wconf 80' lang='lat' dir='ltr'><strong>Creatoris</strong></span> <span class='ocrx_word' id='word_1_93' title='bbox 918 569 1024 600; x_wconf 85' lang='lat' dir='ltr'><strong>auctor,</strong></span> 
     </span>
    </p>
   </div>
   <div class='ocr_carea' id='block_1_15' title="bbox 238 609 644 645">
    <p class='ocr_par' dir='ltr' id='par_1_15' title="bbox 238 609 644 645">
     <span class='ocr_line' id='line_1_15' title="bbox 238 609 644 645; baseline 0 -9"><span class='ocrx_word' id='word_1_94' title='bbox 238 609 286 645; x_wconf 88' lang='lat' dir='ltr'><strong>qui</strong></span> <span class='ocrx_word' id='word_1_95' title='bbox 303 609 338 637; x_wconf 86' lang='lat' dir='ltr'><strong>sit</strong></span> <span class='ocrx_word' id='word_1_96' title='bbox 352 609 540 636; x_wconf 87' lang='lat' dir='ltr'><strong>universorum</strong></span> <span class='ocrx_word' id='word_1_97' title='bbox 555 609 644 644; x_wconf 77' lang='lat' dir='ltr'><strong>opifex</strong></span> 
     </span>
    </p>
   </div>
   <div class='ocr_carea' id='block_1_16' title="bbox 274 695 1025 734">
    <p class='ocr_par' dir='ltr' id='par_1_16' title="bbox 274 695 1025 734">
     <span class='ocr_line' id='line_1_16' title="bbox 274 695 1025 734; baseline 0.004 -11"><span class='ocrx_word' id='word_1_98' title='bbox 274 695 331 724; x_wconf 82' lang='lat' dir='ltr'><strong>Hoc</strong></span> <span class='ocrx_word' id='word_1_99' title='bbox 350 705 414 726; x_wconf 89' lang='lat' dir='ltr'><strong>vero</strong></span> <span class='ocrx_word' id='word_1_100' title='bbox 429 697 540 732; x_wconf 81' lang='lat' dir='ltr'><strong>insuper</strong></span> <span class='ocrx_word' id='word_1_101' title='bbox 555 696 682 730; x_wconf 82' lang='lat' dir='ltr'><strong>afﬁrmas,</strong></span> <span class='ocrx_word' id='word_1_102' title='bbox 698 698 844 733; x_wconf 62' lang='lat' dir='ltr'><strong>posto-mis</strong></span> <span class='ocrx_word' id='word_1_103' title='bbox 858 698 1025 734; x_wconf 80' lang='lat' dir='ltr'><strong>temporibus</strong></span> 
     </span>
    </p>
   </div>
   <div class='ocr_carea' id='block_1_17' title="bbox 239 744 1024 780">
    <p class='ocr_par' dir='ltr' id='par_1_17' title="bbox 239 744 1024 780">
     <span class='ocr_line' id='line_1_17' title="bbox 239 744 1024 780; baseline 0.003 -8"><span class='ocrx_word' id='word_1_104' title='bbox 239 744 361 773; x_wconf 81' lang='lat' dir='ltr'><strong>adfuisse</strong></span> <span class='ocrx_word' id='word_1_105' title='bbox 379 744 530 777; x_wconf 79' lang='lat' dir='ltr'><strong>Christum,</strong></span> <span class='ocrx_word' id='word_1_106' title='bbox 551 745 672 780; x_wconf 83' lang='lat' dir='ltr'><strong>supremi</strong></span> <span class='ocrx_word' id='word_1_107' title='bbox 695 745 824 772; x_wconf 87' lang='lat' dir='ltr'><strong>nimirum</strong></span> <span class='ocrx_word' id='word_1_108' title='bbox 846 753 878 772; x_wconf 89' lang='lat' dir='ltr'><strong>ac</strong></span> <span class='ocrx_word' id='word_1_109' title='bbox 900 745 962 773; x_wconf 83' lang='lat' dir='ltr'><strong>boni</strong></span> <span class='ocrx_word' id='word_1_110' title='bbox 978 745 1024 774; x_wconf 85' lang='lat' dir='ltr'><strong>Dei</strong></span> 
     </span>
    </p>
   </div>
   <div class='ocr_carea' id='block_1_18' title="bbox 240 789 1025 825">
    <p class='ocr_par' dir='ltr' id='par_1_18' title="bbox 240 789 1025 825">
     <span class='ocr_line' id='line_1_18' title="bbox 240 789 1025 825; baseline 0.001 -8"><span class='ocrx_word' id='word_1_111' title='bbox 240 789 349 822; x_wconf 81' lang='lat' dir='ltr'><strong>Filium,</strong></span> <span class='ocrx_word' id='word_1_112' title='bbox 359 791 472 825; x_wconf 87' lang='lat' dir='ltr'><strong>ejusque</strong></span> <span class='ocrx_word' id='word_1_113' title='bbox 484 789 614 825; x_wconf 86' lang='lat' dir='ltr'><strong>Spiritum</strong></span> <span class='ocrx_word' id='word_1_114' title='bbox 627 795 763 824; x_wconf 89' lang='lat' dir='ltr'><strong>sanctum,</strong></span> <span class='ocrx_word' id='word_1_115' title='bbox 774 790 806 818; x_wconf 90' lang='lat' dir='ltr'><strong>ad</strong></span> <span class='ocrx_word' id='word_1_116' title='bbox 818 798 912 817; x_wconf 85' lang='lat' dir='ltr'><strong>eorum</strong></span> <span class='ocrx_word' id='word_1_117' title='bbox 928 790 1025 818; x_wconf 93' lang='lat' dir='ltr'><strong>simili-</strong></span> 
     </span>
    </p>
   </div>
   <div class='ocr_carea' id='block_1_19' title="bbox 1075 195 1886 234">
    <p class='ocr_par' dir='ltr' id='par_1_19' title="bbox 1075 195 1886 234">
     <span class='ocr_line' id='line_1_19' title="bbox 1075 195 1886 234; baseline -0.002 -9"><span class='ocrx_word' id='word_1_118' title='bbox 1075 195 1098 225; x_wconf 82' lang='grc' dir='ltr'><strong>ὧ</strong></span> <span class='ocrx_word' id='word_1_119' title='bbox 1116 196 1201 231; x_wconf 77' lang='grc' dir='ltr'>οὗτος.</span> <span class='ocrx_word' id='word_1_120' title='bbox 1219 198 1319 230; x_wconf 83' lang='grc' dir='ltr'>Δώσεις</span> <span class='ocrx_word' id='word_1_121' title='bbox 1336 198 1405 234; x_wconf 81' lang='grc' dir='ltr'>γὰρ,</span> <span class='ocrx_word' id='word_1_122' title='bbox 1424 195 1446 224; x_wconf 83' lang='grc' dir='ltr'><strong>ὧ</strong></span> <span class='ocrx_word' id='word_1_123' title='bbox 1463 197 1592 233; x_wconf 78' lang='grc' dir='ltr'>Ἀπελλῆ,</span> <span class='ocrx_word' id='word_1_124' title='bbox 1610 197 1684 232; x_wconf 80' lang='grc' dir='ltr'>ἢτὸν</span> <span class='ocrx_word' id='word_1_125' title='bbox 1693 197 1759 223; x_wconf 80' lang='grc' dir='ltr'>Θεὸν</span> <span class='ocrx_word' id='word_1_126' title='bbox 1774 198 1886 232; x_wconf 78' lang='grc' dir='ltr'>ἄγνω-</span> 
     </span>
    </p>
   </div>
   <div class='ocr_carea' id='block_1_20' title="bbox 1076 242 1884 279">
    <p class='ocr_par' dir='ltr' id='par_1_20' title="bbox 1076 242 1884 279">
     <span class='ocr_line' id='line_1_20' title="bbox 1076 242 1884 279; baseline -0.001 -9"><span class='ocrx_word' id='word_1_127' title='bbox 1076 252 1138 270; x_wconf 85' lang='grc' dir='ltr'>στον</span> <span class='ocrx_word' id='word_1_128' title='bbox 1156 243 1209 270; x_wconf 88' lang='grc' dir='ltr'>τῶν</span> <span class='ocrx_word' id='word_1_129' title='bbox 1235 243 1385 279; x_wconf 84' lang='grc' dir='ltr'>μελλόντων</span> <span class='ocrx_word' id='word_1_130' title='bbox 1408 243 1577 278; x_wconf 86' lang='grc' dir='ltr'><strong>πεποιηκότα</strong></span> <span class='ocrx_word' id='word_1_131' title='bbox 1592 242 1658 269; x_wconf 77' lang='grc' dir='ltr'>Θεὸν</span> <span class='ocrx_word' id='word_1_132' title='bbox 1670 262 1678 275; x_wconf 89' lang='grc'><em>,</em></span> <span class='ocrx_word' id='word_1_133' title='bbox 1701 242 1730 269; x_wconf 86' lang='grc' dir='ltr'><strong>δν</strong></span> <span class='ocrx_word' id='word_1_134' title='bbox 1747 243 1884 277; x_wconf 78' lang='grc' dir='ltr'><strong>φάσκεις</strong></span> 
     </span>
    </p>
   </div>
   <div class='ocr_carea' id='block_1_21' title="bbox 1074 289 1886 326">
    <p class='ocr_par' dir='ltr' id='par_1_21' title="bbox 1074 289 1886 326">
     <span class='ocr_line' id='line_1_21' title="bbox 1074 289 1886 326; baseline 0 -10"><span class='ocrx_word' id='word_1_135' title='bbox 1074 289 1110 316; x_wconf 84' lang='grc' dir='ltr'>τὰ</span> <span class='ocrx_word' id='word_1_136' title='bbox 1127 290 1264 326; x_wconf 81' lang='grc' dir='ltr'>ποιήματα</span> <span class='ocrx_word' id='word_1_137' title='bbox 1290 289 1379 321; x_wconf 86' lang='grc' dir='ltr'>καλῶς</span> <span class='ocrx_word' id='word_1_138' title='bbox 1400 289 1409 304; x_wconf 77' lang='grc'>¹</span> <span class='ocrx_word' id='word_1_139' title='bbox 1423 289 1700 325; x_wconf 83' lang='grc' dir='ltr'>δεδημιουργηκέναι·</span> <span class='ocrx_word' id='word_1_140' title='bbox 1729 289 1745 325; x_wconf 85' lang='grc' dir='ltr'><strong>ἥ</strong></span> <span class='ocrx_word' id='word_1_141' title='bbox 1765 299 1886 325; x_wconf 85' lang='grc' dir='ltr'>προγι-</span> 
     </span>
    </p>
   </div>
   <div class='ocr_carea' id='block_1_22' title="bbox 1074 333 1884 369">
    <p class='ocr_par' dir='ltr' id='par_1_22' title="bbox 1074 333 1884 369">
     <span class='ocr_line' id='line_1_22' title="bbox 1074 333 1884 369; baseline 0 -9"><span class='ocrx_word' id='word_1_142' title='bbox 1074 333 1212 361; x_wconf 85' lang='grc' dir='ltr'>νώσκοντα</span> <span class='ocrx_word' id='word_1_143' title='bbox 1226 333 1275 369; x_wconf 76' lang='grc' dir='ltr'>μὲν</span> <span class='ocrx_word' id='word_1_144' title='bbox 1285 355 1292 367; x_wconf 84' lang='grc'>,</span> <span class='ocrx_word' id='word_1_145' title='bbox 1318 334 1358 361; x_wconf 84' lang='grc' dir='ltr'><strong>ὅτι</strong></span> <span class='ocrx_word' id='word_1_146' title='bbox 1373 333 1491 365; x_wconf 86' lang='grc' dir='ltr'>τοιοῦτος</span> <span class='ocrx_word' id='word_1_147' title='bbox 1514 334 1528 359; x_wconf 83' lang='grc' dir='ltr'><strong>ό</strong></span> <span class='ocrx_word' id='word_1_148' title='bbox 1541 334 1586 360; x_wconf 81' lang='grc' dir='ltr'>ὑπ’</span> <span class='ocrx_word' id='word_1_149' title='bbox 1608 333 1689 360; x_wconf 88' lang='grc' dir='ltr'>αὐτοῦ</span> <span class='ocrx_word' id='word_1_150' title='bbox 1704 334 1884 369; x_wconf 76' lang='grc' dir='ltr'>κτιζόμενος</span> 
     </span>
    </p>
   </div>
   <div class='ocr_carea' id='block_1_23' title="bbox 1074 379 1882 417">
    <p class='ocr_par' dir='ltr' id='par_1_23' title="bbox 1074 379 1882 417">
     <span class='ocr_line' id='line_1_23' title="bbox 1074 379 1882 417; baseline -0.001 -10"><span class='ocrx_word' id='word_1_151' title='bbox 1074 380 1140 412; x_wconf 80' lang='grc' dir='ltr'>Θεὸς</span> <span class='ocrx_word' id='word_1_152' title='bbox 1155 381 1244 417; x_wconf 80' lang='grc' dir='ltr'>ἀπέϐη</span> <span class='ocrx_word' id='word_1_153' title='bbox 1258 380 1352 407; x_wconf 82' lang='grc' dir='ltr'>τούτου</span> <span class='ocrx_word' id='word_1_154' title='bbox 1365 379 1446 416; x_wconf 83' lang='grc' dir='ltr'><strong>χάριν</strong></span> <span class='ocrx_word' id='word_1_155' title='bbox 1459 379 1541 406; x_wconf 75' lang='grc' dir='ltr'>αὑτὸν</span> <span class='ocrx_word' id='word_1_156' title='bbox 1554 380 1743 415; x_wconf 81' lang='grc' dir='ltr'><strong>πεποιηκέναι,</strong></span> <span class='ocrx_word' id='word_1_157' title='bbox 1760 380 1807 407; x_wconf 74' lang='grc' dir='ltr'><strong>ἵνα</strong></span> <span class='ocrx_word' id='word_1_158' title='bbox 1823 381 1882 406; x_wconf 81' lang='grc' dir='ltr'>αι’-</span> 
     </span>
    </p>
   </div>
   <div class='ocr_carea' id='block_1_24' title="bbox 1074 425 1882 462">
    <p class='ocr_par' dir='ltr' id='par_1_24' title="bbox 1074 425 1882 462">
     <span class='ocr_line' id='line_1_24' title="bbox 1074 425 1882 462; baseline 0 -10"><span class='ocrx_word' id='word_1_159' title='bbox 1074 434 1130 458; x_wconf 84' lang='grc' dir='ltr'>τιος</span> <span class='ocrx_word' id='word_1_160' title='bbox 1148 426 1261 462; x_wconf 86' lang='grc' dir='ltr'>γένηται</span> <span class='ocrx_word' id='word_1_161' title='bbox 1288 425 1345 453; x_wconf 83' lang='grc' dir='ltr'><strong>τῶν</strong></span> <span class='ocrx_word' id='word_1_162' title='bbox 1357 425 1450 457; x_wconf 83' lang='grc' dir='ltr'>κακῶς</span> <span class='ocrx_word' id='word_1_163' title='bbox 1466 425 1511 451; x_wconf 87' lang='grc' dir='ltr'>ὑπ’</span> <span class='ocrx_word' id='word_1_164' title='bbox 1530 425 1611 452; x_wconf 83' lang='grc' dir='ltr'>αὑτοῦ</span> <span class='ocrx_word' id='word_1_165' title='bbox 1628 425 1882 461; x_wconf 84' lang='grc' dir='ltr'>δεδημιουργημέ-</span> 
     </span>
    </p>
   </div>
   <div class='ocr_carea' id='block_1_25' title="bbox 1074 471 1878 507">
    <p class='ocr_par' dir='ltr' id='par_1_25' title="bbox 1074 471 1878 507">
     <span class='ocr_line' id='line_1_25' title="bbox 1074 471 1878 507; baseline -0.002 -7"><span class='ocrx_word' id='word_1_166' title='bbox 1074 481 1137 500; x_wconf 87' lang='grc' dir='ltr'>νων.</span> <span class='ocrx_word' id='word_1_167' title='bbox 1163 473 1218 499; x_wconf 80' lang='grc' dir='ltr'><strong>Καὶ</strong></span> <span class='ocrx_word' id='word_1_168' title='bbox 1240 472 1316 499; x_wconf 76' lang='grc' dir='ltr'>ἔσται</span> <span class='ocrx_word' id='word_1_169' title='bbox 1342 471 1491 505; x_wconf 54' lang='lat' dir='ltr'><strong>egenam</strong></span> <span class='ocrx_word' id='word_1_170' title='bbox 1515 471 1530 498; x_wconf 81' lang='grc' dir='ltr'><strong>ό</strong></span> <span class='ocrx_word' id='word_1_171' title='bbox 1553 471 1610 499; x_wconf 80' lang='grc' dir='ltr'>ἄνω</span> <span class='ocrx_word' id='word_1_172' title='bbox 1628 471 1693 503; x_wconf 82' lang='grc' dir='ltr'>Θεὸς</span> <span class='ocrx_word' id='word_1_173' title='bbox 1715 471 1796 503; x_wconf 81' lang='grc' dir='ltr'>αὐτὸς</span> <span class='ocrx_word' id='word_1_174' title='bbox 1811 473 1878 507; x_wconf 85' lang='grc' dir='ltr'><strong>Δη-</strong></span> 
     </span>
    </p>
   </div>
   <div class='ocr_carea' id='block_1_26' title="bbox 1076 517 1879 555">
    <p class='ocr_par' dir='ltr' id='par_1_26' title="bbox 1076 517 1879 555">
     <span class='ocr_line' id='line_1_26' title="bbox 1076 517 1879 555; baseline -0.004 -9"><span class='ocrx_word' id='word_1_175' title='bbox 1076 518 1205 555; x_wconf 80' lang='grc' dir='ltr'>μιουργὸς</span> <span class='ocrx_word' id='word_1_176' title='bbox 1215 539 1221 551; x_wconf 89' lang='grc'>,</span> <span class='ocrx_word' id='word_1_177' title='bbox 1239 519 1354 554; x_wconf 80' lang='grc' dir='ltr'><strong>ποιήσας</strong></span> <span class='ocrx_word' id='word_1_178' title='bbox 1368 518 1414 545; x_wconf 80' lang='grc' dir='ltr'>τὸν</span> <span class='ocrx_word' id='word_1_179' title='bbox 1436 518 1484 544; x_wconf 77' lang='grc' dir='ltr'>ἕνα</span> <span class='ocrx_word' id='word_1_180' title='bbox 1499 517 1544 544; x_wconf 79' lang='grc' dir='ltr'>τὸν</span> <span class='ocrx_word' id='word_1_181' title='bbox 1566 517 1600 544; x_wconf 81' lang='grc' dir='ltr'>τὰ</span> <span class='ocrx_word' id='word_1_182' title='bbox 1615 517 1701 545; x_wconf 83' lang='grc' dir='ltr'>πάντα</span> <span class='ocrx_word' id='word_1_183' title='bbox 1714 517 1879 552; x_wconf 86' lang='grc' dir='ltr'>πεποιηκὸ-</span> 
     </span>
    </p>
   </div>
   <div class='ocr_carea' id='block_1_27' title="bbox 1073 562 1876 598">
    <p class='ocr_par' dir='ltr' id='par_1_27' title="bbox 1073 562 1876 598">
     <span class='ocr_line' id='line_1_27' title="bbox 1073 562 1876 598; baseline -0.004 -6"><span class='ocrx_word' id='word_1_184' title='bbox 1073 574 1108 593; x_wconf 87' lang='grc' dir='ltr'><strong>τα</strong></span> <span class='ocrx_word' id='word_1_185' title='bbox 1121 573 1127 580; x_wconf 91' lang='grc'>·</span> <span class='ocrx_word' id='word_1_186' title='bbox 1143 565 1190 592; x_wconf 71' lang='grc' dir='ltr'>καῖι</span> <span class='ocrx_word' id='word_1_187' title='bbox 1202 564 1277 591; x_wconf 77' lang='grc' dir='ltr'>ἔσται</span> <span class='ocrx_word' id='word_1_188' title='bbox 1290 564 1382 591; x_wconf 80' lang='grc' dir='ltr'>οὐκέτι</span> <span class='ocrx_word' id='word_1_189' title='bbox 1394 564 1479 596; x_wconf 84' lang='grc' dir='ltr'>αῐτιος</span> <span class='ocrx_word' id='word_1_190' title='bbox 1489 564 1503 590; x_wconf 82' lang='grc' dir='ltr'><strong>ό</strong></span> <span class='ocrx_word' id='word_1_191' title='bbox 1516 563 1566 594; x_wconf 82' lang='grc' dir='ltr'>τὰς</span> <span class='ocrx_word' id='word_1_192' title='bbox 1577 563 1680 595; x_wconf 80' lang='grc' dir='ltr'><strong>κτίσεις</strong></span> <span class='ocrx_word' id='word_1_193' title='bbox 1691 562 1876 598; x_wconf 78' lang='grc' dir='ltr'>πεποιηκὼς,</span> 
     </span>
    </p>
   </div>
   <div class='ocr_carea' id='block_1_28' title="bbox 1074 609 1878 646">
    <p class='ocr_par' dir='ltr' id='par_1_28' title="bbox 1074 609 1878 646">
     <span class='ocr_line' id='line_1_28' title="bbox 1074 609 1878 646; baseline -0.002 -8"><span class='ocrx_word' id='word_1_194' title='bbox 1074 611 1141 638; x_wconf 83' lang='grc' dir='ltr'>ἀλλὰ</span> <span class='ocrx_word' id='word_1_195' title='bbox 1153 612 1168 638; x_wconf 81' lang='grc' dir='ltr'>ὁ</span> <span class='ocrx_word' id='word_1_196' title='bbox 1183 612 1238 638; x_wconf 82' lang='grc' dir='ltr'>ἄνω</span> <span class='ocrx_word' id='word_1_197' title='bbox 1254 610 1319 642; x_wconf 84' lang='grc' dir='ltr'><strong>Θεὸς</strong></span> <span class='ocrx_word' id='word_1_198' title='bbox 1334 611 1350 637; x_wconf 83' lang='grc' dir='ltr'><strong>ὸ</strong></span> <span class='ocrx_word' id='word_1_199' title='bbox 1362 610 1408 638; x_wconf 82' lang='grc' dir='ltr'><strong>τὸν</strong></span> <span class='ocrx_word' id='word_1_200' title='bbox 1420 610 1541 638; x_wconf 72' lang='grc' dir='ltr'>Κτίσττιν</span> <span class='ocrx_word' id='word_1_201' title='bbox 1558 610 1682 646; x_wconf 81' lang='grc' dir='ltr'>ποιήσας.</span> <span class='ocrx_word' id='word_1_202' title='bbox 1693 610 1741 637; x_wconf 82' lang='grc' dir='ltr'>καὶ</span> <span class='ocrx_word' id='word_1_203' title='bbox 1755 610 1794 637; x_wconf 86' lang='grc' dir='ltr'>ὣν</span> <span class='ocrx_word' id='word_1_204' title='bbox 1814 609 1878 637; x_wconf 64' lang='lat' dir='ltr'><strong>at)—</strong></span> 
     </span>
    </p>
   </div>
   <div class='ocr_carea' id='block_1_29' title="bbox 1074 656 1496 692">
    <p class='ocr_par' dir='ltr' id='par_1_29' title="bbox 1074 656 1496 692">
     <span class='ocr_line' id='line_1_29' title="bbox 1074 656 1496 692; baseline -0.002 -8"><span class='ocrx_word' id='word_1_205' title='bbox 1074 658 1121 689; x_wconf 74' lang='grc' dir='ltr'><strong>τὸς</strong></span> <span class='ocrx_word' id='word_1_206' title='bbox 1132 656 1186 684; x_wconf 86' lang='grc' dir='ltr'>τῶν</span> <span class='ocrx_word' id='word_1_207' title='bbox 1198 657 1306 684; x_wconf 77' lang='grc' dir='ltr'>πάντων</span> <span class='ocrx_word' id='word_1_208' title='bbox 1321 656 1496 692; x_wconf 82' lang='grc' dir='ltr'>δημιουργός.</span> 
     </span>
    </p>
   </div>
   <div class='ocr_carea' id='block_1_30' title="bbox 1110 700 1878 738">
    <p class='ocr_par' dir='ltr' id='par_1_30' title="bbox 1110 700 1878 738">
     <span class='ocr_line' id='line_1_30' title="bbox 1110 700 1878 738; baseline -0.003 -9"><span class='ocrx_word' id='word_1_209' title='bbox 1110 703 1226 738; x_wconf 85' lang='grc' dir='ltr'>Χριστὸν</span> <span class='ocrx_word' id='word_1_210' title='bbox 1249 702 1277 729; x_wconf 84' lang='grc' dir='ltr'>δὲ</span> <span class='ocrx_word' id='word_1_211' title='bbox 1296 703 1374 738; x_wconf 74' lang='grc' dir='ltr'>’ήκειν</span> <span class='ocrx_word' id='word_1_212' title='bbox 1391 702 1444 737; x_wconf 81' lang='grc' dir='ltr'><strong>φῂς</strong></span> <span class='ocrx_word' id='word_1_213' title='bbox 1470 701 1515 729; x_wconf 73' lang='grc' dir='ltr'><strong>ἐπ’</strong></span> <span class='ocrx_word' id='word_1_214' title='bbox 1534 701 1656 737; x_wconf 75' lang='grc' dir='ltr'><strong>ἐσχάτων</strong></span> <span class='ocrx_word' id='word_1_215' title='bbox 1678 700 1733 728; x_wconf 80' lang='grc' dir='ltr'>τῶν</span> <span class='ocrx_word' id='word_1_216' title='bbox 1747 701 1878 736; x_wconf 78' lang='grc' dir='ltr'>καιρῶν,</span> 
     </span>
    </p>
   </div>
   <div class='ocr_carea' id='block_1_31' title="bbox 1075 746 1876 782">
    <p class='ocr_par' dir='ltr' id='par_1_31' title="bbox 1075 746 1876 782">
     <span class='ocr_line' id='line_1_31' title="bbox 1075 746 1876 782; baseline -0.002 -7"><span class='ocrx_word' id='word_1_217' title='bbox 1075 748 1132 775; x_wconf 79' lang='grc' dir='ltr'>υιὺν</span> <span class='ocrx_word' id='word_1_218' title='bbox 1146 748 1211 775; x_wconf 72' lang='grc' dir='ltr'>ὂντα</span> <span class='ocrx_word' id='word_1_219' title='bbox 1225 748 1272 775; x_wconf 90' lang='grc' dir='ltr'><strong>τοῦ</strong></span> <span class='ocrx_word' id='word_1_220' title='bbox 1288 748 1344 775; x_wconf 78' lang='grc' dir='ltr'>ἄνω</span> <span class='ocrx_word' id='word_1_221' title='bbox 1365 747 1467 782; x_wconf 82' lang='grc' dir='ltr'>ἀγαθοῦ</span> <span class='ocrx_word' id='word_1_222' title='bbox 1484 748 1568 778; x_wconf 84' lang='grc' dir='ltr'>Θεοῦ.</span> <span class='ocrx_word' id='word_1_223' title='bbox 1583 748 1630 775; x_wconf 78' lang='grc' dir='ltr'>καὶ</span> <span class='ocrx_word' id='word_1_224' title='bbox 1643 746 1673 773; x_wconf 74' lang='grc' dir='ltr'><strong>τὸ</strong></span> <span class='ocrx_word' id='word_1_225' title='bbox 1686 747 1761 781; x_wconf 77' lang='grc' dir='ltr'>ἅγιον</span> <span class='ocrx_word' id='word_1_226' title='bbox 1777 747 1876 774; x_wconf 77' lang='grc' dir='ltr'>αὑτοῦ</span> 
     </span>
    </p>
   </div>
   <div class='ocr_carea' id='block_1_32' title="bbox 1075 791 1876 828">
    <p class='ocr_par' dir='ltr' id='par_1_32' title="bbox 1075 791 1876 828">
     <span class='ocr_line' id='line_1_32' title="bbox 1075 791 1876 828; baseline -0.002 -9"><span class='ocrx_word' id='word_1_227' title='bbox 1075 792 1187 828; x_wconf 81' lang='grc' dir='ltr'><strong>Πνεῦμα</strong></span> <span class='ocrx_word' id='word_1_228' title='bbox 1199 792 1328 824; x_wconf 78' lang='grc' dir='ltr'><strong>ὡσαύτως</strong></span> <span class='ocrx_word' id='word_1_229' title='bbox 1345 792 1391 819; x_wconf 75' lang='grc' dir='ltr'>ἐπὶ</span> <span class='ocrx_word' id='word_1_230' title='bbox 1404 792 1525 828; x_wconf 80' lang='grc' dir='ltr'><strong>σωτηρίᾳ</strong></span> <span class='ocrx_word' id='word_1_231' title='bbox 1540 792 1595 819; x_wconf 81' lang='grc' dir='ltr'><strong>τῶν</strong></span> <span class='ocrx_word' id='word_1_232' title='bbox 1608 792 1648 824; x_wconf 80' lang='grc' dir='ltr'><strong>εις</strong></span> <span class='ocrx_word' id='word_1_233' title='bbox 1664 791 1763 826; x_wconf 87' lang='grc' dir='ltr'>γνῶσιν</span> <span class='ocrx_word' id='word_1_234' title='bbox 1775 791 1876 818; x_wconf 80' lang='grc' dir='ltr'>αὐτοῦ</span> 
     </span>
    </p>
   </div>
   <div class='ocr_carea' id='block_1_33' title="bbox 240 833 1023 875">
    <p class='ocr_par' dir='ltr' id='par_1_33' title="bbox 240 836 1023 874">
     <span class='ocr_line' id='line_1_33' title="bbox 240 836 1023 874; baseline -0.001 -8"><span class='ocrx_word' id='word_1_235' title='bbox 240 836 282 866; x_wconf 71' lang='grc' dir='ltr'><strong>ιὸι·</strong></span> <span class='ocrx_word' id='word_1_236' title='bbox 304 839 429 872; x_wconf 86' lang='lat' dir='ltr'><strong>salutem,</strong></span> <span class='ocrx_word' id='word_1_237' title='bbox 454 839 500 874; x_wconf 90' lang='lat' dir='ltr'><strong>qui</strong></span> <span class='ocrx_word' id='word_1_238' title='bbox 525 838 559 865; x_wconf 86' lang='lat' dir='ltr'><strong>ad</strong></span> <span class='ocrx_word' id='word_1_239' title='bbox 583 838 670 873; x_wconf 84' lang='lat' dir='ltr'><strong>ipsius</strong></span> <span class='ocrx_word' id='word_1_240' title='bbox 696 838 820 865; x_wconf 90' lang='lat' dir='ltr'><strong>notitiam</strong></span> <span class='ocrx_word' id='word_1_241' title='bbox 841 839 1023 872; x_wconf 82' lang='lat' dir='ltr'><strong>pervenirent.</strong></span> 
     </span>
    </p>
   </div>
   <div class='ocr_carea' id='block_1_34' title="bbox 1076 833 1874 875">
    <p class='ocr_par' dir='ltr' id='par_1_34' title="bbox 1076 838 1874 875">
     <span class='ocr_line' id='line_1_34' title="bbox 1076 838 1874 875; baseline -0.003 -9"><span class='ocrx_word' id='word_1_242' title='bbox 1076 839 1230 875; x_wconf 70' lang='grc' dir='ltr'><strong>ἐρχομένων</strong></span> <span class='ocrx_word' id='word_1_243' title='bbox 1240 847 1247 854; x_wconf 91' lang='grc'><strong>·</strong></span> <span class='ocrx_word' id='word_1_244' title='bbox 1262 840 1309 866; x_wconf 78' lang='grc' dir='ltr'>καὶ</span> <span class='ocrx_word' id='word_1_245' title='bbox 1326 839 1437 866; x_wconf 79' lang='grc' dir='ltr'><strong>ἐλθόντα</strong></span> <span class='ocrx_word' id='word_1_246' title='bbox 1450 839 1481 865; x_wconf 80' lang='grc' dir='ltr'><strong>οὐ</strong></span> <span class='ocrx_word' id='word_1_247' title='bbox 1491 838 1602 874; x_wconf 82' lang='grc' dir='ltr'><strong>δοκήσει</strong></span> <span class='ocrx_word' id='word_1_248' title='bbox 1614 838 1774 874; x_wconf 80' lang='grc' dir='ltr'><strong>πεφηνέναι,</strong></span> <span class='ocrx_word' id='word_1_249' title='bbox 1791 838 1874 864; x_wconf 74' lang='grc' dir='ltr'>ἀλλὰ</span> 
     </span>
    </p>
   </div>
   <div class='ocr_carea' id='block_1_35' title="bbox 241 883 1025 918">
    <p class='ocr_par' dir='ltr' id='par_1_35' title="bbox 241 883 1025 918">
     <span class='ocr_line' id='line_1_35' title="bbox 241 883 1025 918; baseline 0.001 -9"><span class='ocrx_word' id='word_1_250' title='bbox 241 883 370 911; x_wconf 88' lang='lat' dir='ltr'><strong>Eumdem</strong></span> <span class='ocrx_word' id='word_1_251' title='bbox 386 891 468 918; x_wconf 90' lang='lat' dir='ltr'><strong>porro</strong></span> <span class='ocrx_word' id='word_1_252' title='bbox 481 891 536 911; x_wconf 90' lang='lat' dir='ltr'><strong>non</strong></span> <span class='ocrx_word' id='word_1_253' title='bbox 553 883 644 918; x_wconf 87' lang='lat' dir='ltr'><strong>specie</strong></span> <span class='ocrx_word' id='word_1_254' title='bbox 658 883 816 918; x_wconf 86' lang='lat' dir='ltr'><strong>apparuisse</strong></span> <span class='ocrx_word' id='word_1_255' title='bbox 833 883 905 913; x_wconf 88' lang='lat' dir='ltr'><strong>sola,</strong></span> <span class='ocrx_word' id='word_1_256' title='bbox 922 883 969 911; x_wconf 88' lang='lat' dir='ltr'><strong>sed</strong></span> <span class='ocrx_word' id='word_1_257' title='bbox 986 891 1025 910; x_wconf 90' lang='lat' dir='ltr'><strong>re-</strong></span> 
     </span>
    </p>
   </div>
   <div class='ocr_carea' id='block_1_36' title="bbox 240 929 1024 965">
    <p class='ocr_par' dir='ltr' id='par_1_36' title="bbox 240 929 1024 965">
     <span class='ocr_line' id='line_1_36' title="bbox 240 929 1024 965; baseline -0.001 -8"><span class='ocrx_word' id='word_1_258' title='bbox 240 937 304 957; x_wconf 88' lang='lat' dir='ltr'><strong>vera</strong></span> <span class='ocrx_word' id='word_1_259' title='bbox 319 937 428 957; x_wconf 87' lang='lat' dir='ltr'><strong>carnem</strong></span> <span class='ocrx_word' id='word_1_260' title='bbox 445 930 595 965; x_wconf 88' lang='lat' dir='ltr'><strong>sumpsisse</strong></span> <span class='ocrx_word' id='word_1_261' title='bbox 609 939 616 957; x_wconf 87' lang='lat'><strong>:</strong></span> <span class='ocrx_word' id='word_1_262' title='bbox 632 937 686 957; x_wconf 89' lang='lat' dir='ltr'><strong>non</strong></span> <span class='ocrx_word' id='word_1_263' title='bbox 701 929 735 957; x_wconf 90' lang='lat' dir='ltr'><strong>de</strong></span> <span class='ocrx_word' id='word_1_264' title='bbox 750 929 833 956; x_wconf 84' lang='lat' dir='ltr'><strong>Maria</strong></span> <span class='ocrx_word' id='word_1_265' title='bbox 854 933 945 956; x_wconf 82' lang='lat' dir='ltr'><strong>tamen</strong></span> <span class='ocrx_word' id='word_1_266' title='bbox 965 929 1024 956; x_wconf 82' lang='lat' dir='ltr'><strong>Vir-</strong></span> 
     </span>
    </p>
   </div>
   <div class='ocr_carea' id='block_1_37' title="bbox 240 976 1025 1012">
    <p class='ocr_par' dir='ltr' id='par_1_37' title="bbox 240 976 1025 1012">
     <span class='ocr_line' id='line_1_37' title="bbox 240 976 1025 1012; baseline 0.001 -9"><span class='ocrx_word' id='word_1_267' title='bbox 240 976 302 1012; x_wconf 79' lang='lat' dir='ltr'><strong>gine</strong></span> <span class='ocrx_word' id='word_1_268' title='bbox 324 976 400 1004; x_wconf 88' lang='lat' dir='ltr'><strong>illam</strong></span> <span class='ocrx_word' id='word_1_269' title='bbox 419 977 607 1012; x_wconf 82' lang='lat' dir='ltr'><strong>expressisse,</strong></span> <span class='ocrx_word' id='word_1_270' title='bbox 621 976 668 1004; x_wconf 88' lang='lat' dir='ltr'><strong>sed</strong></span> <span class='ocrx_word' id='word_1_271' title='bbox 686 976 792 1004; x_wconf 83' lang='lat' dir='ltr'><strong>tametsi</strong></span> <span class='ocrx_word' id='word_1_272' title='bbox 811 983 872 1003; x_wconf 85' lang='lat' dir='ltr'><strong>vera</strong></span> <span class='ocrx_word' id='word_1_273' title='bbox 890 983 974 1004; x_wconf 86' lang='lat' dir='ltr'><strong>carne</strong></span> <span class='ocrx_word' id='word_1_274' title='bbox 992 983 1025 1004; x_wconf 87' lang='lat' dir='ltr'><strong>ac</strong></span> 
     </span>
    </p>
   </div>
   <div class='ocr_carea' id='block_1_38' title="bbox 240 1021 1025 1057">
    <p class='ocr_par' dir='ltr' id='par_1_38' title="bbox 240 1021 1025 1057">
     <span class='ocr_line' id='line_1_38' title="bbox 240 1021 1025 1057; baseline 0.001 -9"><span class='ocrx_word' id='word_1_275' title='bbox 240 1028 353 1056; x_wconf 83' lang='lat' dir='ltr'><strong>corpore</strong></span> <span class='ocrx_word' id='word_1_276' title='bbox 364 1025 436 1049; x_wconf 89' lang='lat' dir='ltr'><strong>esset</strong></span> <span class='ocrx_word' id='word_1_277' title='bbox 450 1021 589 1057; x_wconf 54' lang='lat' dir='ltr'><strong>praeditus,</strong></span> <span class='ocrx_word' id='word_1_278' title='bbox 604 1029 692 1056; x_wconf 88' lang='lat' dir='ltr'><strong>neque</strong></span> <span class='ocrx_word' id='word_1_279' title='bbox 705 1029 737 1049; x_wconf 81' lang='lat' dir='ltr'><strong>ex</strong></span> <span class='ocrx_word' id='word_1_280' title='bbox 753 1021 824 1048; x_wconf 84' lang='lat' dir='ltr'><strong>virili</strong></span> <span class='ocrx_word' id='word_1_281' title='bbox 843 1021 961 1052; x_wconf 83' lang='lat' dir='ltr'><strong>semine,</strong></span> <span class='ocrx_word' id='word_1_282' title='bbox 977 1029 1025 1049; x_wconf 39' lang='lat' dir='ltr'><strong>nes</strong></span> 
     </span>
    </p>
   </div>
   <div class='ocr_carea' id='block_1_39' title="bbox 240 1067 1024 1103">
    <p class='ocr_par' dir='ltr' id='par_1_39' title="bbox 240 1067 1024 1103">
     <span class='ocr_line' id='line_1_39' title="bbox 240 1067 1024 1103; baseline 0.001 -9"><span class='ocrx_word' id='word_1_283' title='bbox 240 1075 293 1102; x_wconf 86' lang='lat' dir='ltr'><strong>que</strong></span> <span class='ocrx_word' id='word_1_284' title='bbox 317 1075 350 1095; x_wconf 84' lang='lat' dir='ltr'><strong>ex</strong></span> <span class='ocrx_word' id='word_1_285' title='bbox 374 1067 488 1094; x_wconf 87' lang='lat' dir='ltr'><strong>muliere</strong></span> <span class='ocrx_word' id='word_1_286' title='bbox 513 1068 619 1103; x_wconf 73' lang='lat' dir='ltr'><strong>virgine</strong></span> <span class='ocrx_word' id='word_1_287' title='bbox 637 1068 688 1096; x_wconf 88' lang='lat' dir='ltr'><strong>sibi</strong></span> <span class='ocrx_word' id='word_1_288' title='bbox 712 1068 779 1095; x_wconf 86' lang='lat' dir='ltr'><strong>illud</strong></span> <span class='ocrx_word' id='word_1_289' title='bbox 803 1068 952 1101; x_wconf 87' lang='lat' dir='ltr'><strong>ascivisse;</strong></span> <span class='ocrx_word' id='word_1_290' title='bbox 975 1068 1024 1096; x_wconf 83' lang='lat' dir='ltr'><strong>sed</strong></span> 
     </span>
    </p>
   </div>
   <div class='ocr_carea' id='block_1_40' title="bbox 240 1111 1024 1147">
    <p class='ocr_par' dir='ltr' id='par_1_40' title="bbox 240 1111 1024 1147">
     <span class='ocr_line' id='line_1_40' title="bbox 240 1111 1024 1147; baseline 0 -8"><span class='ocrx_word' id='word_1_291' title='bbox 240 1119 330 1140; x_wconf 83' lang='lat' dir='ltr'><strong>veram</strong></span> <span class='ocrx_word' id='word_1_292' title='bbox 346 1111 456 1139; x_wconf 86' lang='lat' dir='ltr'><strong>aliunde</strong></span> <span class='ocrx_word' id='word_1_293' title='bbox 471 1119 583 1139; x_wconf 86' lang='lat' dir='ltr'><strong>carnem</strong></span> <span class='ocrx_word' id='word_1_294' title='bbox 600 1112 653 1140; x_wconf 89' lang='lat' dir='ltr'><strong>sibi</strong></span> <span class='ocrx_word' id='word_1_295' title='bbox 672 1119 856 1147; x_wconf 78' lang='lat' dir='ltr'><strong>comparasse.</strong></span> <span class='ocrx_word' id='word_1_296' title='bbox 872 1111 949 1144; x_wconf 86' lang='lat' dir='ltr'><strong>Quod</strong></span> <span class='ocrx_word' id='word_1_297' title='bbox 967 1111 1024 1146; x_wconf 84' lang='lat' dir='ltr'><strong>qui-</strong></span> 
     </span>
    </p>
   </div>
   <div class='ocr_carea' id='block_1_41' title="bbox 239 1156 1024 1193">
    <p class='ocr_par' dir='ltr' id='par_1_41' title="bbox 239 1156 1024 1193">
     <span class='ocr_line' id='line_1_41' title="bbox 239 1156 1024 1193; baseline -0.001 -9"><span class='ocrx_word' id='word_1_298' title='bbox 239 1157 300 1185; x_wconf 91' lang='lat' dir='ltr'><strong>dem</strong></span> <span class='ocrx_word' id='word_1_299' title='bbox 313 1157 386 1185; x_wconf 82' lang='lat' dir='ltr'><strong>hunc</strong></span> <span class='ocrx_word' id='word_1_300' title='bbox 403 1157 432 1184; x_wconf 95' lang='lat' dir='ltr'><strong>in</strong></span> <span class='ocrx_word' id='word_1_301' title='bbox 448 1157 558 1184; x_wconf 93' lang='lat' dir='ltr'><strong>modum</strong></span> <span class='ocrx_word' id='word_1_302' title='bbox 573 1157 698 1193; x_wconf 78' lang='lat' dir='ltr'><strong>explicat.</strong></span> <span class='ocrx_word' id='word_1_303' title='bbox 713 1157 793 1190; x_wconf 91' lang='lat' dir='ltr'><strong>Cum,</strong></span> <span class='ocrx_word' id='word_1_304' title='bbox 810 1157 907 1192; x_wconf 80' lang='lat' dir='ltr'><strong>inquit,</strong></span> <span class='ocrx_word' id='word_1_305' title='bbox 924 1164 939 1184; x_wconf 91' lang='lat' dir='ltr'><strong>e</strong></span> <span class='ocrx_word' id='word_1_306' title='bbox 955 1156 1024 1183; x_wconf 74' lang='lat' dir='ltr'><strong>cmlo</strong></span> 
     </span>
    </p>
   </div>
   <div class='ocr_carea' id='block_1_42' title="bbox 239 1203 1024 1239">
    <p class='ocr_par' dir='ltr' id='par_1_42' title="bbox 239 1203 1024 1239">
     <span class='ocr_line' id='line_1_42' title="bbox 239 1203 1024 1239; baseline 0 -8"><span class='ocrx_word' id='word_1_307' title='bbox 239 1203 368 1238; x_wconf 86' lang='lat' dir='ltr'><strong>delapsus</strong></span> <span class='ocrx_word' id='word_1_308' title='bbox 385 1207 458 1231; x_wconf 82' lang='lat' dir='ltr'><strong>esset</strong></span> <span class='ocrx_word' id='word_1_309' title='bbox 481 1203 509 1230; x_wconf 93' lang='lat' dir='ltr'><strong>in</strong></span> <span class='ocrx_word' id='word_1_310' title='bbox 529 1206 641 1236; x_wconf 86' lang='lat' dir='ltr'><strong>terram,</strong></span> <span class='ocrx_word' id='word_1_311' title='bbox 663 1211 764 1238; x_wconf 86' lang='lat' dir='ltr'><strong>corpus</strong></span> <span class='ocrx_word' id='word_1_312' title='bbox 787 1203 838 1231; x_wconf 90' lang='lat' dir='ltr'><strong>sibi</strong></span> <span class='ocrx_word' id='word_1_313' title='bbox 858 1207 974 1239; x_wconf 86' lang='lat' dir='ltr'><strong>quatuor</strong></span> <span class='ocrx_word' id='word_1_314' title='bbox 989 1210 1024 1231; x_wconf 81' lang='lat' dir='ltr'><strong>ex</strong></span> 
     </span>
    </p>
   </div>
   <div class='ocr_carea' id='block_1_43' title="bbox 239 1249 1025 1278">
    <p class='ocr_par' dir='ltr' id='par_1_43' title="bbox 239 1249 1025 1278">
     <span class='ocr_line' id='line_1_43' title="bbox 239 1249 1025 1278; baseline -0.001 -1"><span class='ocrx_word' id='word_1_315' title='bbox 239 1250 381 1278; x_wconf 78' lang='lat' dir='ltr'><strong>clementis</strong></span> <span class='ocrx_word' id='word_1_316' title='bbox 395 1249 507 1278; x_wconf 72' lang='lat' dir='ltr'><strong>efﬂuxit.</strong></span> <span class='ocrx_word' id='word_1_317' title='bbox 526 1249 626 1277; x_wconf 86' lang='lat' dir='ltr'><strong>Verum</strong></span> <span class='ocrx_word' id='word_1_318' title='bbox 643 1257 734 1277; x_wconf 86' lang='lat' dir='ltr'><strong>nonne</strong></span> <span class='ocrx_word' id='word_1_319' title='bbox 754 1250 787 1277; x_wconf 86' lang='lat' dir='ltr'><strong>ad</strong></span> <span class='ocrx_word' id='word_1_320' title='bbox 806 1249 831 1277; x_wconf 95' lang='lat' dir='ltr'><strong>id</strong></span> <span class='ocrx_word' id='word_1_321' title='bbox 850 1250 930 1277; x_wconf 89' lang='lat' dir='ltr'><strong>etiam</strong></span> <span class='ocrx_word' id='word_1_322' title='bbox 952 1249 1025 1277; x_wconf 90' lang='lat' dir='ltr'><strong>festi-</strong></span> 
     </span>
    </p>
   </div>
   <div class='ocr_carea' id='block_1_44' title="bbox 240 1295 1024 1331">
    <p class='ocr_par' dir='ltr' id='par_1_44' title="bbox 240 1295 1024 1331">
     <span class='ocr_line' id='line_1_44' title="bbox 240 1295 1024 1331; baseline -0.001 -9"><span class='ocrx_word' id='word_1_323' title='bbox 240 1303 306 1323; x_wconf 87' lang='lat' dir='ltr'><strong>nare</strong></span> <span class='ocrx_word' id='word_1_324' title='bbox 322 1296 429 1324; x_wconf 86' lang='lat' dir='ltr'><strong>videtur</strong></span> <span class='ocrx_word' id='word_1_325' title='bbox 442 1296 504 1327; x_wconf 88' lang='lat' dir='ltr'><strong>iste,</strong></span> <span class='ocrx_word' id='word_1_326' title='bbox 521 1301 551 1324; x_wconf 91' lang='lat' dir='ltr'><strong>ut</strong></span> <span class='ocrx_word' id='word_1_327' title='bbox 567 1295 649 1330; x_wconf 82' lang='lat' dir='ltr'><strong>impia</strong></span> <span class='ocrx_word' id='word_1_328' title='bbox 665 1296 747 1331; x_wconf 74' lang='lat'><strong>382</strong></span> <span class='ocrx_word' id='word_1_329' title='bbox 764 1295 824 1330; x_wconf 85' lang='lat' dir='ltr'><strong>ejus</strong></span> <span class='ocrx_word' id='word_1_330' title='bbox 840 1295 1024 1330; x_wconf 86' lang='lat' dir='ltr'><strong>scelerataque</strong></span> 
     </span>
    </p>
   </div>
   <div class='ocr_carea' id='block_1_45' title="bbox 239 1341 1024 1377">
    <p class='ocr_par' dir='ltr' id='par_1_45' title="bbox 239 1341 1024 1377">
     <span class='ocr_line' id='line_1_45' title="bbox 239 1341 1024 1377; baseline -0.003 -7"><span class='ocrx_word' id='word_1_331' title='bbox 239 1343 373 1370; x_wconf 77' lang='lat' dir='ltr'><strong>sententia</strong></span> <span class='ocrx_word' id='word_1_332' title='bbox 396 1342 430 1370; x_wconf 88' lang='lat' dir='ltr'><strong>ad</strong></span> <span class='ocrx_word' id='word_1_333' title='bbox 450 1347 570 1370; x_wconf 90' lang='lat' dir='ltr'><strong>veterum</strong></span> <span class='ocrx_word' id='word_1_334' title='bbox 588 1346 728 1377; x_wconf 82' lang='lat' dir='ltr'><strong>poetarum</strong></span> <span class='ocrx_word' id='word_1_335' title='bbox 748 1342 902 1370; x_wconf 66' lang='lat' dir='ltr'><strong>Graecorum</strong></span> <span class='ocrx_word' id='word_1_336' title='bbox 919 1341 1024 1369; x_wconf 86' lang='lat' dir='ltr'><strong>somnia</strong></span> 
     </span>
    </p>
   </div>
   <div class='ocr_carea' id='block_1_46' title="bbox 240 1387 1025 1424">
    <p class='ocr_par' dir='ltr' id='par_1_46' title="bbox 240 1387 1025 1424">
     <span class='ocr_line' id='line_1_46' title="bbox 240 1387 1025 1424; baseline -0.003 -9"><span class='ocrx_word' id='word_1_337' title='bbox 240 1395 272 1415; x_wconf 87' lang='lat' dir='ltr'><strong>ac</strong></span> <span class='ocrx_word' id='word_1_338' title='bbox 288 1395 375 1424; x_wconf 78' lang='lat' dir='ltr'><strong>nugas</strong></span> <span class='ocrx_word' id='word_1_339' title='bbox 397 1387 558 1416; x_wconf 78' lang='lat' dir='ltr'><strong>ascribenda</strong></span> <span class='ocrx_word' id='word_1_340' title='bbox 578 1387 722 1414; x_wconf 85' lang='lat' dir='ltr'><strong>videatur?</strong></span> <span class='ocrx_word' id='word_1_341' title='bbox 736 1387 837 1415; x_wconf 88' lang='lat' dir='ltr'><strong>Eadem</strong></span> <span class='ocrx_word' id='word_1_342' title='bbox 853 1387 926 1414; x_wconf 87' lang='lat' dir='ltr'><strong>enim</strong></span> <span class='ocrx_word' id='word_1_343' title='bbox 945 1387 1025 1421; x_wconf 88' lang='lat' dir='ltr'><strong>plane</strong></span> 
     </span>
    </p>
   </div>
   <div class='ocr_carea' id='block_1_47' title="bbox 239 1432 1023 1469">
    <p class='ocr_par' dir='ltr' id='par_1_47' title="bbox 239 1432 1023 1469">
     <span class='ocr_line' id='line_1_47' title="bbox 239 1432 1023 1469; baseline -0.004 -7"><span class='ocrx_word' id='word_1_344' title='bbox 239 1441 302 1462; x_wconf 74' lang='lat' dir='ltr'><strong>eum</strong></span> <span class='ocrx_word' id='word_1_345' title='bbox 322 1434 386 1465; x_wconf 89' lang='lat' dir='ltr'><strong>illis,</strong></span> <span class='ocrx_word' id='word_1_346' title='bbox 401 1441 432 1461; x_wconf 89' lang='lat' dir='ltr'><strong>ac</strong></span> <span class='ocrx_word' id='word_1_347' title='bbox 448 1433 536 1469; x_wconf 71' lang='lat' dir='ltr'><strong>magis</strong></span> <span class='ocrx_word' id='word_1_348' title='bbox 549 1433 630 1461; x_wconf 90' lang='lat' dir='ltr'><strong>etiam</strong></span> <span class='ocrx_word' id='word_1_349' title='bbox 648 1433 763 1461; x_wconf 87' lang='lat' dir='ltr'><strong>ridicula</strong></span> <span class='ocrx_word' id='word_1_350' title='bbox 779 1434 914 1469; x_wconf 84' lang='lat' dir='ltr'><strong>proponit,</strong></span> <span class='ocrx_word' id='word_1_351' title='bbox 941 1432 1023 1461; x_wconf 89' lang='lat' dir='ltr'><strong>Chri-</strong></span> 
     </span>
    </p>
   </div>
   <div class='ocr_carea' id='block_1_48' title="bbox 239 1479 1024 1515">
    <p class='ocr_par' dir='ltr' id='par_1_48' title="bbox 239 1479 1024 1515">
     <span class='ocr_line' id='line_1_48' title="bbox 239 1479 1024 1515; baseline -0.003 -7"><span class='ocrx_word' id='word_1_352' title='bbox 239 1485 311 1508; x_wconf 82' lang='lat' dir='ltr'><strong>stum</strong></span> <span class='ocrx_word' id='word_1_353' title='bbox 327 1480 488 1515; x_wconf 88' lang='lat' dir='ltr'><strong>sibimetipsi</strong></span> <span class='ocrx_word' id='word_1_354' title='bbox 518 1479 668 1508; x_wconf 77' lang='lat' dir='ltr'><strong>fabricasse</strong></span> <span class='ocrx_word' id='word_1_355' title='bbox 695 1486 805 1514; x_wconf 85' lang='lat' dir='ltr'><strong>corpus.</strong></span> <span class='ocrx_word' id='word_1_356' title='bbox 839 1479 877 1506; x_wconf 82' lang='lat' dir='ltr'><strong>Ita</strong></span> <span class='ocrx_word' id='word_1_357' title='bbox 905 1486 921 1506; x_wconf 90' lang='lat' dir='ltr'><strong>e</strong></span> <span class='ocrx_word' id='word_1_358' title='bbox 949 1479 1024 1506; x_wconf 83' lang='lat' dir='ltr'><strong>sicco</strong></span> 
     </span>
    </p>
   </div>
   <div class='ocr_carea' id='block_1_49' title="bbox 239 1526 1023 1562">
    <p class='ocr_par' dir='ltr' id='par_1_49' title="bbox 239 1526 1023 1562">
     <span class='ocr_line' id='line_1_49' title="bbox 239 1526 1023 1562; baseline -0.001 -8"><span class='ocrx_word' id='word_1_359' title='bbox 239 1527 343 1555; x_wconf 84' lang='lat' dir='ltr'><strong>siccum</strong></span> <span class='ocrx_word' id='word_1_360' title='bbox 365 1527 510 1562; x_wconf 81' lang='lat' dir='ltr'><strong>expressit,</strong></span> <span class='ocrx_word' id='word_1_361' title='bbox 534 1534 550 1554; x_wconf 86' lang='lat' dir='ltr'><strong>e</strong></span> <span class='ocrx_word' id='word_1_362' title='bbox 574 1527 664 1554; x_wconf 89' lang='lat' dir='ltr'><strong>calore</strong></span> <span class='ocrx_word' id='word_1_363' title='bbox 684 1526 813 1558; x_wconf 87' lang='lat' dir='ltr'><strong>calidum,</strong></span> <span class='ocrx_word' id='word_1_364' title='bbox 828 1526 969 1554; x_wconf 91' lang='lat' dir='ltr'><strong>humidum</strong></span> <span class='ocrx_word' id='word_1_365' title='bbox 991 1534 1023 1553; x_wconf 80' lang='lat' dir='ltr'><strong>ex</strong></span> 
     </span>
    </p>
   </div>
   <div class='ocr_carea' id='block_1_50' title="bbox 240 1571 1024 1606">
    <p class='ocr_par' dir='ltr' id='par_1_50' title="bbox 240 1571 1024 1606">
     <span class='ocr_line' id='line_1_50' title="bbox 240 1571 1024 1606; baseline -0.001 -7"><span class='ocrx_word' id='word_1_366' title='bbox 240 1572 363 1603; x_wconf 71' lang='lat' dir='ltr'><strong>humore,</strong></span> <span class='ocrx_word' id='word_1_367' title='bbox 387 1580 402 1600; x_wconf 93' lang='lat' dir='ltr'><strong>e</strong></span> <span class='ocrx_word' id='word_1_368' title='bbox 431 1571 532 1606; x_wconf 78' lang='lat' dir='ltr'><strong>frigore</strong></span> <span class='ocrx_word' id='word_1_369' title='bbox 563 1571 702 1606; x_wconf 82' lang='lat' dir='ltr'><strong>frigidum.</strong></span> <span class='ocrx_word' id='word_1_370' title='bbox 731 1571 870 1606; x_wconf 76' lang='lat' dir='ltr'><strong>Equibus</strong></span> <span class='ocrx_word' id='word_1_371' title='bbox 897 1571 1024 1598; x_wconf 85' lang='lat' dir='ltr'><strong>omnibus</strong></span> 
     </span>
    </p>
   </div>
   <div class='ocr_carea' id='block_1_51' title="bbox 241 1617 1024 1652">
    <p class='ocr_par' dir='ltr' id='par_1_51' title="bbox 241 1617 1024 1652">
     <span class='ocr_line' id='line_1_51' title="bbox 241 1617 1024 1652; baseline 0 -8"><span class='ocrx_word' id='word_1_372' title='bbox 241 1617 358 1646; x_wconf 90' lang='lat' dir='ltr'><strong>formato</strong></span> <span class='ocrx_word' id='word_1_373' title='bbox 379 1617 431 1646; x_wconf 85' lang='lat' dir='ltr'><strong>sibi</strong></span> <span class='ocrx_word' id='word_1_374' title='bbox 452 1625 576 1652; x_wconf 89' lang='lat' dir='ltr'><strong>corpore,</strong></span> <span class='ocrx_word' id='word_1_375' title='bbox 600 1625 662 1644; x_wconf 90' lang='lat' dir='ltr'><strong>vere</strong></span> <span class='ocrx_word' id='word_1_376' title='bbox 682 1617 710 1644; x_wconf 92' lang='lat' dir='ltr'><strong>in</strong></span> <span class='ocrx_word' id='word_1_377' title='bbox 733 1621 805 1645; x_wconf 86' lang='lat' dir='ltr'><strong>terra</strong></span> <span class='ocrx_word' id='word_1_378' title='bbox 825 1618 900 1645; x_wconf 86' lang='lat' dir='ltr'><strong>visus</strong></span> <span class='ocrx_word' id='word_1_379' title='bbox 916 1621 969 1649; x_wconf 90' lang='lat' dir='ltr'><strong>est,</strong></span> <span class='ocrx_word' id='word_1_380' title='bbox 992 1624 1024 1644; x_wconf 85' lang='lat' dir='ltr'><strong>ac</strong></span> 
     </span>
    </p>
   </div>
   <div class='ocr_carea' id='block_1_52' title="bbox 240 1663 1025 1698">
    <p class='ocr_par' dir='ltr' id='par_1_52' title="bbox 240 1663 1025 1698">
     <span class='ocr_line' id='line_1_52' title="bbox 240 1663 1025 1698; baseline -0.001 -7"><span class='ocrx_word' id='word_1_381' title='bbox 240 1664 393 1691; x_wconf 69' lang='lat' dir='ltr'><strong>catlestium</strong></span> <span class='ocrx_word' id='word_1_382' title='bbox 411 1671 502 1691; x_wconf 88' lang='lat' dir='ltr'><strong>rerum</strong></span> <span class='ocrx_word' id='word_1_383' title='bbox 514 1663 594 1690; x_wconf 89' lang='lat' dir='ltr'><strong>nobis</strong></span> <span class='ocrx_word' id='word_1_384' title='bbox 610 1663 751 1690; x_wconf 87' lang='lat' dir='ltr'><strong>scientiam</strong></span> <span class='ocrx_word' id='word_1_385' title='bbox 772 1663 939 1698; x_wconf 81' lang='lat' dir='ltr'><strong>importavit,</strong></span> <span class='ocrx_word' id='word_1_386' title='bbox 955 1667 984 1690; x_wconf 92' lang='lat' dir='ltr'><strong>ut</strong></span> <span class='ocrx_word' id='word_1_387' title='bbox 998 1667 1025 1690; x_wconf 90' lang='lat' dir='ltr'><strong>et</strong></span> 
     </span>
    </p>
   </div>
   <div class='ocr_carea' id='block_1_53' title="bbox 239 1708 1024 1744">
    <p class='ocr_par' dir='ltr' id='par_1_53' title="bbox 239 1708 1024 1744">
     <span class='ocr_line' id='line_1_53' title="bbox 239 1708 1024 1744; baseline -0.001 -7"><span class='ocrx_word' id='word_1_388' title='bbox 239 1709 416 1737; x_wconf 82' lang='lat' dir='ltr'><strong>Conditorem</strong></span> <span class='ocrx_word' id='word_1_389' title='bbox 444 1716 666 1744; x_wconf 85' lang='lat' dir='ltr'><strong>aspernaremur,</strong></span> <span class='ocrx_word' id='word_1_390' title='bbox 693 1713 719 1736; x_wconf 92' lang='lat' dir='ltr'><strong>et</strong></span> <span class='ocrx_word' id='word_1_391' title='bbox 741 1708 803 1743; x_wconf 83' lang='lat' dir='ltr'><strong>ejus</strong></span> <span class='ocrx_word' id='word_1_392' title='bbox 827 1709 1024 1744; x_wconf 76' lang='lat' dir='ltr'><strong>abnegaretnus</strong></span> 
     </span>
    </p>
   </div>
   <div class='ocr_carea' id='block_1_54' title="bbox 239 1755 1024 1790">
    <p class='ocr_par' dir='ltr' id='par_1_54' title="bbox 239 1755 1024 1790">
     <span class='ocr_line' id='line_1_54' title="bbox 239 1755 1024 1790; baseline 0.001 -8"><span class='ocrx_word' id='word_1_393' title='bbox 239 1763 322 1790; x_wconf 81' lang='lat' dir='ltr'><strong>opera</strong></span> <span class='ocrx_word' id='word_1_394' title='bbox 336 1777 343 1789; x_wconf 90' lang='lat'><strong>,</strong></span> <span class='ocrx_word' id='word_1_395' title='bbox 362 1755 399 1782; x_wconf 93' lang='lat' dir='ltr'><strong>ita</strong></span> <span class='ocrx_word' id='word_1_396' title='bbox 415 1759 444 1783; x_wconf 93' lang='lat' dir='ltr'><strong>ut</strong></span> <span class='ocrx_word' id='word_1_397' title='bbox 458 1756 537 1783; x_wconf 87' lang='lat' dir='ltr'><strong>nobis</strong></span> <span class='ocrx_word' id='word_1_398' title='bbox 551 1755 618 1783; x_wconf 86' lang='lat' dir='ltr'><strong>illud</strong></span> <span class='ocrx_word' id='word_1_399' title='bbox 635 1755 778 1787; x_wconf 89' lang='lat' dir='ltr'><strong>indicaret,</strong></span> <span class='ocrx_word' id='word_1_400' title='bbox 794 1763 917 1789; x_wconf 78' lang='lat' dir='ltr'><strong>quamam</strong></span> <span class='ocrx_word' id='word_1_401' title='bbox 933 1755 960 1782; x_wconf 93' lang='lat' dir='ltr'><strong>in</strong></span> <span class='ocrx_word' id='word_1_402' title='bbox 978 1763 1024 1783; x_wconf 91' lang='lat' dir='ltr'><strong>sa-</strong></span> 
     </span>
    </p>
   </div>
   <div class='ocr_carea' id='block_1_55' title="bbox 241 1801 1024 1837">
    <p class='ocr_par' dir='ltr' id='par_1_55' title="bbox 241 1801 1024 1837">
     <span class='ocr_line' id='line_1_55' title="bbox 241 1801 1024 1837; baseline 0.003 -9"><span class='ocrx_word' id='word_1_403' title='bbox 241 1802 297 1829; x_wconf 89' lang='lat' dir='ltr'><strong>cris</strong></span> <span class='ocrx_word' id='word_1_404' title='bbox 310 1801 419 1830; x_wconf 84' lang='lat' dir='ltr'><strong>Litteris</strong></span> <span class='ocrx_word' id='word_1_405' title='bbox 438 1802 481 1829; x_wconf 85' lang='lat' dir='ltr'><strong>vel</strong></span> <span class='ocrx_word' id='word_1_406' title='bbox 502 1809 532 1829; x_wconf 89' lang='lat' dir='ltr'><strong>se</strong></span> <span class='ocrx_word' id='word_1_407' title='bbox 553 1802 614 1837; x_wconf 88' lang='lat' dir='ltr'><strong>ipso</strong></span> <span class='ocrx_word' id='word_1_408' title='bbox 636 1802 809 1837; x_wconf 83' lang='lat' dir='ltr'><strong>pronuntiata</strong></span> <span class='ocrx_word' id='word_1_409' title='bbox 831 1801 929 1833; x_wconf 84' lang='lat' dir='ltr'><strong>forent,</strong></span> <span class='ocrx_word' id='word_1_410' title='bbox 950 1802 992 1829; x_wconf 89' lang='lat' dir='ltr'><strong>vel</strong></span> <span class='ocrx_word' id='word_1_411' title='bbox 1009 1809 1024 1830; x_wconf 85' lang='lat' dir='ltr'><strong>a</strong></span> 
     </span>
    </p>
   </div>
   <div class='ocr_carea' id='block_1_56' title="bbox 240 1847 1022 1883">
    <p class='ocr_par' dir='ltr' id='par_1_56' title="bbox 240 1847 1022 1883">
     <span class='ocr_line' id='line_1_56' title="bbox 240 1847 1022 1883; baseline 0.001 -8"><span class='ocrx_word' id='word_1_412' title='bbox 240 1848 388 1876; x_wconf 89' lang='lat' dir='ltr'><strong>Conditore</strong></span> <span class='ocrx_word' id='word_1_413' title='bbox 399 1849 514 1883; x_wconf 87' lang='lat' dir='ltr'><strong>prolata.</strong></span> <span class='ocrx_word' id='word_1_414' title='bbox 527 1848 573 1876; x_wconf 86' lang='lat' dir='ltr'><strong>Sic</strong></span> <span class='ocrx_word' id='word_1_415' title='bbox 583 1848 667 1881; x_wconf 90' lang='lat' dir='ltr'><strong>enim,</strong></span> <span class='ocrx_word' id='word_1_416' title='bbox 679 1848 726 1879; x_wconf 88' lang='lat' dir='ltr'><strong>ait,</strong></span> <span class='ocrx_word' id='word_1_417' title='bbox 741 1847 767 1875; x_wconf 87' lang='lat' dir='ltr'><strong>in</strong></span> <span class='ocrx_word' id='word_1_418' title='bbox 783 1847 927 1883; x_wconf 83' lang='lat' dir='ltr'><strong>Evangelio</strong></span> <span class='ocrx_word' id='word_1_419' title='bbox 938 1848 1022 1876; x_wconf 82' lang='lat' dir='ltr'><strong>dixit:</strong></span> 
     </span>
    </p>
   </div>
   <div class='ocr_carea' id='block_1_57' title="bbox 243 1893 1023 1930">
    <p class='ocr_par' dir='ltr' id='par_1_57' title="bbox 243 1893 1023 1930">
     <span class='ocr_line' id='line_1_57' title="bbox 243 1893 1023 1930; baseline 0 -8"><span class='ocrx_word' id='word_1_420' title='bbox 243 1894 334 1922; x_wconf 76' lang='lat' dir='ltr'><strong>Estote</strong></span> <span class='ocrx_word' id='word_1_421' title='bbox 352 1894 426 1930; x_wconf 78' lang='lat' dir='ltr'><strong>probi</strong></span> <span class='ocrx_word' id='word_1_422' title='bbox 446 1894 602 1930; x_wconf 77' lang='lat' dir='ltr'><strong>argentarii.</strong></span> <span class='ocrx_word' id='word_1_423' title='bbox 617 1893 710 1927; x_wconf 85' lang='lat' dir='ltr'><strong>Utere,</strong></span> <span class='ocrx_word' id='word_1_424' title='bbox 725 1894 825 1930; x_wconf 89' lang='lat' dir='ltr'><strong>inquit,</strong></span> <span class='ocrx_word' id='word_1_425' title='bbox 839 1895 977 1926; x_wconf 86' lang='lat' dir='ltr'><strong>omnibus,</strong></span> <span class='ocrx_word' id='word_1_426' title='bbox 991 1903 1023 1923; x_wconf 79' lang='lat' dir='ltr'><strong>ex</strong></span> 
     </span>
    </p>
   </div>
   <div class='ocr_carea' id='block_1_58' title="bbox 243 1940 1024 1977">
    <p class='ocr_par' dir='ltr' id='par_1_58' title="bbox 243 1940 1024 1977">
     <span class='ocr_line' id='line_1_58' title="bbox 243 1940 1024 1977; baseline 0 -8"><span class='ocrx_word' id='word_1_427' title='bbox 243 1941 384 1977; x_wconf 87' lang='lat' dir='ltr'><strong>Scriptura</strong></span> <span class='ocrx_word' id='word_1_428' title='bbox 400 1941 496 1976; x_wconf 85' lang='lat' dir='ltr'><strong>quavis</strong></span> <span class='ocrx_word' id='word_1_429' title='bbox 512 1941 589 1968; x_wconf 79' lang='lat' dir='ltr'><strong>utilia</strong></span> <span class='ocrx_word' id='word_1_430' title='bbox 609 1941 738 1976; x_wconf 76' lang='lat' dir='ltr'><strong>sciigens.</strong></span> <span class='ocrx_word' id='word_1_431' title='bbox 757 1940 868 1973; x_wconf 81' lang='lat' dir='ltr'><strong>Deinde,</strong></span> <span class='ocrx_word' id='word_1_432' title='bbox 887 1941 1024 1974; x_wconf 88' lang='lat' dir='ltr'><strong>Christus,</strong></span> 
     </span>
    </p>
   </div>
   <div class='ocr_carea' id='block_1_59' title="bbox 242 1987 1024 2022">
    <p class='ocr_par' dir='ltr' id='par_1_59' title="bbox 242 1987 1024 2022">
     <span class='ocr_line' id='line_1_59' title="bbox 242 1987 1024 2022; baseline 0 -7"><span class='ocrx_word' id='word_1_433' title='bbox 242 1989 290 2020; x_wconf 86' lang='lat' dir='ltr'><strong>ait,</strong></span> <span class='ocrx_word' id='word_1_434' title='bbox 299 1987 474 2022; x_wconf 86' lang='lat' dir='ltr'><strong>semetipsum</strong></span> <span class='ocrx_word' id='word_1_435' title='bbox 485 1987 512 2014; x_wconf 95' lang='lat' dir='ltr'><strong>in</strong></span> <span class='ocrx_word' id='word_1_436' title='bbox 523 1994 639 2022; x_wconf 91' lang='lat' dir='ltr'><strong>corpore</strong></span> <span class='ocrx_word' id='word_1_437' title='bbox 651 1987 684 2014; x_wconf 87' lang='lat' dir='ltr'><strong>ad</strong></span> <span class='ocrx_word' id='word_1_438' title='bbox 696 1987 851 2022; x_wconf 85' lang='lat' dir='ltr'><strong>patiendum</strong></span> <span class='ocrx_word' id='word_1_439' title='bbox 861 1987 1024 2022; x_wconf 88' lang='lat' dir='ltr'><strong>supplicium</strong></span> 
     </span>
    </p>
   </div>
   <div class='ocr_carea' id='block_1_60' title="bbox 241 2033 1026 2069">
    <p class='ocr_par' dir='ltr' id='par_1_60' title="bbox 241 2033 1026 2069">
     <span class='ocr_line' id='line_1_60' title="bbox 241 2033 1026 2069; baseline 0.001 -8"><span class='ocrx_word' id='word_1_440' title='bbox 241 2034 351 2066; x_wconf 85' lang='lat' dir='ltr'><strong>obtulit,</strong></span> <span class='ocrx_word' id='word_1_441' title='bbox 373 2040 405 2061; x_wconf 82' lang='lat' dir='ltr'><strong>ac</strong></span> <span class='ocrx_word' id='word_1_442' title='bbox 430 2041 523 2061; x_wconf 89' lang='lat' dir='ltr'><strong>revera</strong></span> <span class='ocrx_word' id='word_1_443' title='bbox 546 2033 574 2061; x_wconf 94' lang='lat' dir='ltr'><strong>in</strong></span> <span class='ocrx_word' id='word_1_444' title='bbox 597 2041 680 2061; x_wconf 86' lang='lat' dir='ltr'><strong>cruce</strong></span> <span class='ocrx_word' id='word_1_445' title='bbox 704 2033 817 2062; x_wconf 71' lang='lat' dir='ltr'><strong>suﬂixus</strong></span> <span class='ocrx_word' id='word_1_446' title='bbox 838 2037 890 2066; x_wconf 85' lang='lat' dir='ltr'><strong>est,</strong></span> <span class='ocrx_word' id='word_1_447' title='bbox 911 2042 1026 2069; x_wconf 88' lang='lat' dir='ltr'><strong>eamque</strong></span> 
     </span>
    </p>
   </div>
   <div class='ocr_carea' id='block_1_61' title="bbox 242 2080 1025 2116">
    <p class='ocr_par' dir='ltr' id='par_1_61' title="bbox 242 2080 1025 2116">
     <span class='ocr_line' id='line_1_61' title="bbox 242 2080 1025 2116; baseline 0.001 -9"><span class='ocrx_word' id='word_1_448' title='bbox 242 2081 328 2116; x_wconf 84' lang='lat' dir='ltr'><strong>ipsam</strong></span> <span class='ocrx_word' id='word_1_449' title='bbox 341 2087 449 2108; x_wconf 86' lang='lat' dir='ltr'><strong>carnem</strong></span> <span class='ocrx_word' id='word_1_450' title='bbox 463 2080 605 2115; x_wconf 87' lang='lat' dir='ltr'><strong>discipulis</strong></span> <span class='ocrx_word' id='word_1_451' title='bbox 619 2081 748 2109; x_wconf 88' lang='lat' dir='ltr'><strong>ostendit.</strong></span> <span class='ocrx_word' id='word_1_452' title='bbox 765 2080 860 2108; x_wconf 81' lang='lat' dir='ltr'><strong>Postea</strong></span> <span class='ocrx_word' id='word_1_453' title='bbox 879 2080 1025 2108; x_wconf 82' lang='lat' dir='ltr'><strong>humanam</strong></span> 
     </span>
    </p>
   </div>
   <div class='ocr_carea' id='block_1_62' title="bbox 242 2127 1022 2162">
    <p class='ocr_par' dir='ltr' id='par_1_62' title="bbox 242 2127 1022 2162">
     <span class='ocr_line' id='line_1_62' title="bbox 242 2127 1022 2162; baseline 0 -8"><span class='ocrx_word' id='word_1_454' title='bbox 242 2127 315 2154; x_wconf 88' lang='lat' dir='ltr'><strong>illam</strong></span> <span class='ocrx_word' id='word_1_455' title='bbox 334 2134 414 2162; x_wconf 89' lang='lat' dir='ltr'><strong>quam</strong></span> <span class='ocrx_word' id='word_1_456' title='bbox 432 2131 587 2162; x_wconf 83' lang='lat' dir='ltr'><strong>sumpserat</strong></span> <span class='ocrx_word' id='word_1_457' title='bbox 603 2131 726 2154; x_wconf 89' lang='lat' dir='ltr'><strong>naturam</strong></span> <span class='ocrx_word' id='word_1_458' title='bbox 748 2128 897 2160; x_wconf 86' lang='lat' dir='ltr'><strong>resolvens,</strong></span> <span class='ocrx_word' id='word_1_459' title='bbox 914 2127 1022 2155; x_wconf 91' lang='lat' dir='ltr'><strong>unicui-</strong></span> 
     </span>
    </p>
   </div>
   <div class='ocr_carea' id='block_1_63' title="bbox 1075 882 1872 920">
    <p class='ocr_par' dir='ltr' id='par_1_63' title="bbox 1075 882 1872 920">
     <span class='ocr_line' id='line_1_63' title="bbox 1075 882 1872 920; baseline -0.004 -9"><span class='ocrx_word' id='word_1_460' title='bbox 1075 885 1104 911; x_wconf 85' lang='grc' dir='ltr'>ὲν</span> <span class='ocrx_word' id='word_1_461' title='bbox 1117 884 1230 920; x_wconf 78' lang='grc' dir='ltr'><strong>ἀληθείᾳ</strong></span> <span class='ocrx_word' id='word_1_462' title='bbox 1243 883 1332 920; x_wconf 83' lang='grc' dir='ltr'>σάρκα</span> <span class='ocrx_word' id='word_1_463' title='bbox 1354 883 1495 919; x_wconf 74' lang='grc' dir='ltr'><strong>εἰληφέναι</strong></span> <span class='ocrx_word' id='word_1_464' title='bbox 1509 903 1516 916; x_wconf 91' lang='grc'><em>,</em></span> <span class='ocrx_word' id='word_1_465' title='bbox 1536 884 1586 910; x_wconf 84' lang='grc' dir='ltr'>οὐκ</span> <span class='ocrx_word' id='word_1_466' title='bbox 1608 883 1662 910; x_wconf 79' lang='grc' dir='ltr'><strong>ἀπὸ</strong></span> <span class='ocrx_word' id='word_1_467' title='bbox 1678 882 1786 918; x_wconf 82' lang='grc' dir='ltr'><strong>Μαρίας</strong></span> <span class='ocrx_word' id='word_1_468' title='bbox 1812 882 1872 917; x_wconf 75' lang='grc' dir='ltr'>τῆς</span> 
     </span>
    </p>
   </div>
   <div class='ocr_carea' id='block_1_64' title="bbox 1075 928 1874 966">
    <p class='ocr_par' dir='ltr' id='par_1_64' title="bbox 1075 928 1874 966">
     <span class='ocr_line' id='line_1_64' title="bbox 1075 928 1874 966; baseline -0.003 -9"><span class='ocrx_word' id='word_1_469' title='bbox 1075 930 1214 966; x_wconf 78' lang='grc' dir='ltr'><strong>Παρθένου</strong></span> <span class='ocrx_word' id='word_1_470' title='bbox 1223 950 1231 963; x_wconf 89' lang='grc'><em>,</em></span> <span class='ocrx_word' id='word_1_471' title='bbox 1246 930 1315 958; x_wconf 79' lang='grc' dir='ltr'>ἀλλὰ</span> <span class='ocrx_word' id='word_1_472' title='bbox 1329 930 1462 966; x_wconf 81' lang='grc' dir='ltr'>ἀληθινὴν</span> <span class='ocrx_word' id='word_1_473' title='bbox 1478 930 1528 966; x_wconf 81' lang='grc' dir='ltr'><strong>μὲν</strong></span> <span class='ocrx_word' id='word_1_474' title='bbox 1548 929 1695 965; x_wconf 76' lang='grc' dir='ltr'><strong>ἐσχηκέναι</strong></span> <span class='ocrx_word' id='word_1_475' title='bbox 1707 929 1757 964; x_wconf 77' lang='grc' dir='ltr'>τὴν</span> <span class='ocrx_word' id='word_1_476' title='bbox 1771 928 1874 964; x_wconf 79' lang='grc' dir='ltr'>σάρκα.</span> 
     </span>
    </p>
   </div>
   <div class='ocr_carea' id='block_1_65' title="bbox 1075 974 1874 1012">
    <p class='ocr_par' dir='ltr' id='par_1_65' title="bbox 1075 974 1874 1012">
     <span class='ocr_line' id='line_1_65' title="bbox 1075 974 1874 1012; baseline -0.001 -10"><span class='ocrx_word' id='word_1_477' title='bbox 1075 977 1122 1003; x_wconf 83' lang='grc' dir='ltr'>καὶ</span> <span class='ocrx_word' id='word_1_478' title='bbox 1137 977 1216 1012; x_wconf 83' lang='grc' dir='ltr'>σῶμα</span> <span class='ocrx_word' id='word_1_479' title='bbox 1229 996 1237 1009; x_wconf 90' lang='grc'>,</span> <span class='ocrx_word' id='word_1_480' title='bbox 1260 976 1322 1004; x_wconf 80' lang='grc' dir='ltr'>οὕτε</span> <span class='ocrx_word' id='word_1_481' title='bbox 1337 976 1391 1003; x_wconf 75' lang='grc' dir='ltr'><strong>ἀπὸ</strong></span> <span class='ocrx_word' id='word_1_482' title='bbox 1415 977 1571 1012; x_wconf 83' lang='grc' dir='ltr'>σπέρματος</span> <span class='ocrx_word' id='word_1_483' title='bbox 1595 975 1691 1011; x_wconf 82' lang='grc' dir='ltr'>ἀνδρὸς</span> <span class='ocrx_word' id='word_1_484' title='bbox 1702 995 1710 1008; x_wconf 92' lang='lat'><strong>,</strong></span> <span class='ocrx_word' id='word_1_485' title='bbox 1729 974 1791 1002; x_wconf 79' lang='grc' dir='ltr'>οὔτε</span> <span class='ocrx_word' id='word_1_486' title='bbox 1809 974 1874 1001; x_wconf 76' lang='grc' dir='ltr'><strong>ἀπὸ</strong></span> 
     </span>
    </p>
   </div>
   <div class='ocr_carea' id='block_1_66' title="bbox 1074 1019 1875 1059">
    <p class='ocr_par' dir='ltr' id='par_1_66' title="bbox 1074 1019 1875 1059">
     <span class='ocr_line' id='line_1_66' title="bbox 1074 1019 1875 1059; baseline -0.005 -9"><span class='ocrx_word' id='word_1_487' title='bbox 1074 1023 1203 1057; x_wconf 82' lang='grc' dir='ltr'>γυναικὸς</span> <span class='ocrx_word' id='word_1_488' title='bbox 1218 1022 1354 1059; x_wconf 82' lang='grc' dir='ltr'><strong>παρθένου</strong></span> <span class='ocrx_word' id='word_1_489' title='bbox 1368 1030 1376 1038; x_wconf 87' lang='grc'><strong>·</strong></span> <span class='ocrx_word' id='word_1_490' title='bbox 1396 1022 1452 1048; x_wconf 79' lang='grc' dir='ltr'>ἀλλ’</span> <span class='ocrx_word' id='word_1_491' title='bbox 1470 1022 1532 1057; x_wconf 76' lang='grc' dir='ltr'>ἔσχε</span> <span class='ocrx_word' id='word_1_492' title='bbox 1550 1022 1599 1057; x_wconf 83' lang='grc' dir='ltr'><strong>μὲν</strong></span> <span class='ocrx_word' id='word_1_493' title='bbox 1622 1021 1711 1054; x_wconf 80' lang='grc' dir='ltr'>σάρκα</span> <span class='ocrx_word' id='word_1_494' title='bbox 1732 1019 1875 1056; x_wconf 78' lang='grc' dir='ltr'>ἀληθινὴν</span> 
     </span>
    </p>
   </div>
   <div class='ocr_carea' id='block_1_67' title="bbox 1074 1066 1875 1104">
    <p class='ocr_par' dir='ltr' id='par_1_67' title="bbox 1074 1066 1875 1104">
     <span class='ocr_line' id='line_1_67' title="bbox 1074 1066 1875 1104; baseline -0.004 -9"><span class='ocrx_word' id='word_1_495' title='bbox 1074 1068 1161 1104; x_wconf 85' lang='grc' dir='ltr'>τούτῳ</span> <span class='ocrx_word' id='word_1_496' title='bbox 1177 1068 1216 1104; x_wconf 84' lang='grc' dir='ltr'>τῷ</span> <span class='ocrx_word' id='word_1_497' title='bbox 1235 1068 1337 1104; x_wconf 77' lang='grc' dir='ltr'>τρόπῳ.</span> <span class='ocrx_word' id='word_1_498' title='bbox 1354 1068 1407 1094; x_wconf 80' lang='grc' dir='ltr'>Καί</span> <span class='ocrx_word' id='word_1_499' title='bbox 1423 1076 1506 1103; x_wconf 84' lang='grc' dir='ltr'>φησιν</span> <span class='ocrx_word' id='word_1_500' title='bbox 1517 1076 1523 1082; x_wconf 92' lang='grc'><strong>·</strong></span> <span class='ocrx_word' id='word_1_501' title='bbox 1543 1068 1589 1094; x_wconf 87' lang='lat' dir='ltr'><strong>‘Ev</strong></span> <span class='ocrx_word' id='word_1_502' title='bbox 1609 1067 1647 1103; x_wconf 80' lang='grc' dir='ltr'><strong>τῷ</strong></span> <span class='ocrx_word' id='word_1_503' title='bbox 1663 1066 1789 1103; x_wconf 78' lang='grc' dir='ltr'>ἔρχεσθαι</span> <span class='ocrx_word' id='word_1_504' title='bbox 1809 1066 1875 1093; x_wconf 72' lang='grc' dir='ltr'><strong>ἀπὸ</strong></span> 
     </span>
    </p>
   </div>
   <div class='ocr_carea' id='block_1_68' title="bbox 1073 1111 1874 1149">
    <p class='ocr_par' dir='ltr' id='par_1_68' title="bbox 1073 1111 1874 1149">
     <span class='ocr_line' id='line_1_68' title="bbox 1073 1111 1874 1149; baseline -0.004 -9"><span class='ocrx_word' id='word_1_505' title='bbox 1073 1114 1128 1140; x_wconf 84' lang='grc' dir='ltr'><strong>τῶν</strong></span> <span class='ocrx_word' id='word_1_506' title='bbox 1141 1113 1320 1149; x_wconf 77' lang='grc' dir='ltr'>ἐπουρανίων,</span> <span class='ocrx_word' id='word_1_507' title='bbox 1336 1111 1418 1149; x_wconf 85' lang='grc' dir='ltr'>ἦλθεν</span> <span class='ocrx_word' id='word_1_508' title='bbox 1438 1114 1479 1145; x_wconf 78' lang='grc' dir='ltr'>εἰς</span> <span class='ocrx_word' id='word_1_509' title='bbox 1492 1113 1542 1149; x_wconf 81' lang='grc' dir='ltr'>τὴν</span> <span class='ocrx_word' id='word_1_510' title='bbox 1559 1113 1611 1148; x_wconf 84' lang='grc' dir='ltr'>γῆν</span> <span class='ocrx_word' id='word_1_511' title='bbox 1624 1131 1632 1145; x_wconf 83' lang='grc'><em>,</em></span> <span class='ocrx_word' id='word_1_512' title='bbox 1650 1113 1697 1139; x_wconf 79' lang='grc' dir='ltr'>καὶ</span> <span class='ocrx_word' id='word_1_513' title='bbox 1709 1112 1874 1147; x_wconf 76' lang='grc' dir='ltr'>συνήγαγεν</span> 
     </span>
    </p>
   </div>
   <div class='ocr_carea' id='block_1_69' title="bbox 1074 1157 1870 1195">
    <p class='ocr_par' dir='ltr' id='par_1_69' title="bbox 1074 1157 1870 1195">
     <span class='ocr_line' id='line_1_69' title="bbox 1074 1157 1870 1195; baseline -0.003 -9"><span class='ocrx_word' id='word_1_514' title='bbox 1074 1160 1162 1195; x_wconf 81' lang='grc' dir='ltr'>ἑαυτῷ</span> <span class='ocrx_word' id='word_1_515' title='bbox 1174 1159 1228 1186; x_wconf 84' lang='grc' dir='ltr'>ἀπὸ</span> <span class='ocrx_word' id='word_1_516' title='bbox 1244 1159 1298 1186; x_wconf 85' lang='grc' dir='ltr'>τῶν</span> <span class='ocrx_word' id='word_1_517' title='bbox 1312 1160 1453 1195; x_wconf 83' lang='grc' dir='ltr'><strong>τεσσάρων</strong></span> <span class='ocrx_word' id='word_1_518' title='bbox 1468 1158 1608 1194; x_wconf 73' lang='grc' dir='ltr'><strong>στοιχείων</strong></span> <span class='ocrx_word' id='word_1_519' title='bbox 1630 1158 1718 1194; x_wconf 86' lang='grc' dir='ltr'>σῶμα.</span> <span class='ocrx_word' id='word_1_520' title='bbox 1734 1158 1790 1184; x_wconf 79' lang='grc' dir='ltr'><strong>Καὶ</strong></span> <span class='ocrx_word' id='word_1_521' title='bbox 1806 1157 1870 1189; x_wconf 79' lang='grc' dir='ltr'>πῶς</span> 
     </span>
    </p>
   </div>
   <div class='ocr_carea' id='block_1_70' title="bbox 1075 1202 1872 1240">
    <p class='ocr_par' dir='ltr' id='par_1_70' title="bbox 1075 1202 1872 1240">
     <span class='ocr_line' id='line_1_70' title="bbox 1075 1202 1872 1240; baseline -0.003 -8"><span class='ocrx_word' id='word_1_522' title='bbox 1075 1206 1122 1233; x_wconf 80' lang='grc' dir='ltr'>καὶ</span> <span class='ocrx_word' id='word_1_523' title='bbox 1135 1202 1210 1238; x_wconf 78' lang='grc' dir='ltr'>οὗτος</span> <span class='ocrx_word' id='word_1_524' title='bbox 1224 1206 1274 1233; x_wconf 83' lang='grc' dir='ltr'><strong>οὐκ</strong></span> <span class='ocrx_word' id='word_1_525' title='bbox 1290 1206 1429 1240; x_wconf 76' lang='grc' dir='ltr'>ἐπείγεται</span> <span class='ocrx_word' id='word_1_526' title='bbox 1444 1206 1484 1237; x_wconf 83' lang='grc' dir='ltr'><strong>είς</strong></span> <span class='ocrx_word' id='word_1_527' title='bbox 1496 1205 1528 1231; x_wconf 76' lang='grc' dir='ltr'>τὸ</span> <span class='ocrx_word' id='word_1_528' title='bbox 1546 1204 1705 1240; x_wconf 80' lang='grc' dir='ltr'>φωραθῆναι</span> <span class='ocrx_word' id='word_1_529' title='bbox 1719 1203 1802 1230; x_wconf 78' lang='grc' dir='ltr'>αὐτοῦ</span> <span class='ocrx_word' id='word_1_530' title='bbox 1814 1204 1872 1239; x_wconf 76' lang='grc' dir='ltr'><strong>εὴν</strong></span> 
     </span>
    </p>
   </div>
   <div class='ocr_carea' id='block_1_71' title="bbox 1075 1249 1869 1288">
    <p class='ocr_par' dir='ltr' id='par_1_71' title="bbox 1075 1249 1869 1288">
     <span class='ocr_line' id='line_1_71' title="bbox 1075 1249 1869 1288; baseline -0.003 -9"><span class='ocrx_word' id='word_1_531' title='bbox 1075 1252 1189 1288; x_wconf 81' lang='grc' dir='ltr'>ἀνομίαν</span> <span class='ocrx_word' id='word_1_532' title='bbox 1211 1251 1411 1279; x_wconf 81' lang='grc' dir='ltr'>ἀκολουθοῦσαν</span> <span class='ocrx_word' id='word_1_533' title='bbox 1429 1253 1489 1283; x_wconf 81' lang='grc' dir='ltr'>ταῖς</span> <span class='ocrx_word' id='word_1_534' title='bbox 1508 1251 1563 1278; x_wconf 83' lang='grc' dir='ltr'>τῶν</span> <span class='ocrx_word' id='word_1_535' title='bbox 1584 1250 1706 1277; x_wconf 83' lang='grc' dir='ltr'>παλαιῶν</span> <span class='ocrx_word' id='word_1_536' title='bbox 1729 1249 1869 1285; x_wconf 83' lang='grc' dir='ltr'>Ἑλλήνων</span> 
     </span>
    </p>
   </div>
   <div class='ocr_carea' id='block_1_72' title="bbox 1076 1295 1868 1334">
    <p class='ocr_par' dir='ltr' id='par_1_72' title="bbox 1076 1295 1868 1334">
     <span class='ocr_line' id='line_1_72' title="bbox 1076 1295 1868 1334; baseline -0.005 -9"><span class='ocrx_word' id='word_1_537' title='bbox 1076 1297 1194 1333; x_wconf 77' lang='grc' dir='ltr'>ποιητῶν</span> <span class='ocrx_word' id='word_1_538' title='bbox 1207 1297 1271 1334; x_wconf 77' lang='grc' dir='ltr'>περὶ</span> <span class='ocrx_word' id='word_1_539' title='bbox 1287 1298 1336 1333; x_wconf 84' lang='grc' dir='ltr'>τῆς</span> <span class='ocrx_word' id='word_1_540' title='bbox 1349 1297 1514 1331; x_wconf 83' lang='grc' dir='ltr'>κενοφωνίας</span> <span class='ocrx_word' id='word_1_541' title='bbox 1528 1296 1630 1331; x_wconf 85' lang='grc' dir='ltr'>ταύτης</span> <span class='ocrx_word' id='word_1_542' title='bbox 1642 1295 1732 1329; x_wconf 80' lang='grc' dir='ltr'><strong>δόξαις</strong></span> <span class='ocrx_word' id='word_1_543' title='bbox 1742 1304 1750 1329; x_wconf 84' lang='grc'>;</span> <span class='ocrx_word' id='word_1_544' title='bbox 1761 1295 1868 1322; x_wconf 81' lang='grc' dir='ltr'>Φάσκει</span> 
     </span>
    </p>
   </div>
   <div class='ocr_carea' id='block_1_73' title="bbox 1075 1341 1869 1379">
    <p class='ocr_par' dir='ltr' id='par_1_73' title="bbox 1075 1341 1869 1379">
     <span class='ocr_line' id='line_1_73' title="bbox 1075 1341 1869 1379; baseline -0.004 -9"><span class='ocrx_word' id='word_1_545' title='bbox 1075 1344 1129 1379; x_wconf 82' lang='grc' dir='ltr'>γὰρ</span> <span class='ocrx_word' id='word_1_546' title='bbox 1145 1344 1191 1370; x_wconf 83' lang='grc' dir='ltr'>καὶ</span> <span class='ocrx_word' id='word_1_547' title='bbox 1207 1341 1284 1376; x_wconf 73' lang='grc' dir='ltr'>οὗτος</span> <span class='ocrx_word' id='word_1_548' title='bbox 1297 1343 1336 1375; x_wconf 83' lang='grc' dir='ltr'>ὡς</span> <span class='ocrx_word' id='word_1_549' title='bbox 1355 1344 1470 1377; x_wconf 81' lang='grc' dir='ltr'>ἐκεῖνοι,</span> <span class='ocrx_word' id='word_1_550' title='bbox 1488 1343 1534 1370; x_wconf 80' lang='grc' dir='ltr'>καὶ</span> <span class='ocrx_word' id='word_1_551' title='bbox 1549 1342 1591 1368; x_wconf 75' lang='grc' dir='ltr'><strong>ἔτι</strong></span> <span class='ocrx_word' id='word_1_552' title='bbox 1609 1342 1784 1378; x_wconf 75' lang='grc' dir='ltr'>ψυχροτέρως</span> <span class='ocrx_word' id='word_1_553' title='bbox 1797 1342 1869 1378; x_wconf 83' lang='grc' dir='ltr'>παρ’</span> 
     </span>
    </p>
   </div>
   <div class='ocr_carea' id='block_1_74' title="bbox 1073 1387 1868 1424">
    <p class='ocr_par' dir='ltr' id='par_1_74' title="bbox 1073 1387 1868 1424">
     <span class='ocr_line' id='line_1_74' title="bbox 1073 1387 1868 1424; baseline -0.003 -9"><span class='ocrx_word' id='word_1_554' title='bbox 1073 1389 1194 1421; x_wconf 74' lang='grc' dir='ltr'>ἐκείνους</span> <span class='ocrx_word' id='word_1_555' title='bbox 1207 1389 1293 1423; x_wconf 84' lang='grc' dir='ltr'>λέγων</span> <span class='ocrx_word' id='word_1_556' title='bbox 1305 1389 1352 1416; x_wconf 79' lang='grc' dir='ltr'><strong>τὸν</strong></span> <span class='ocrx_word' id='word_1_557' title='bbox 1368 1388 1483 1424; x_wconf 84' lang='grc' dir='ltr'>Σωτῆρα</span> <span class='ocrx_word' id='word_1_558' title='bbox 1499 1387 1588 1424; x_wconf 81' lang='grc' dir='ltr'>ἑαυτῷ</span> <span class='ocrx_word' id='word_1_559' title='bbox 1611 1387 1818 1422; x_wconf 80' lang='grc' dir='ltr'>ὑποστήσασθαι</span> <span class='ocrx_word' id='word_1_560' title='bbox 1836 1387 1868 1413; x_wconf 80' lang='grc' dir='ltr'><strong>τὸ</strong></span> 
     </span>
    </p>
   </div>
   <div class='ocr_carea' id='block_1_75' title="bbox 1076 1432 1870 1471">
    <p class='ocr_par' dir='ltr' id='par_1_75' title="bbox 1076 1432 1870 1471">
     <span class='ocr_line' id='line_1_75' title="bbox 1076 1432 1870 1471; baseline -0.003 -10"><span class='ocrx_word' id='word_1_561' title='bbox 1076 1435 1164 1470; x_wconf 82' lang='grc' dir='ltr'>σῶμα.</span> <span class='ocrx_word' id='word_1_562' title='bbox 1185 1435 1250 1461; x_wconf 79' lang='grc' dir='ltr'><strong>Ἀπὸ</strong></span> <span class='ocrx_word' id='word_1_563' title='bbox 1272 1434 1327 1471; x_wconf 86' lang='grc' dir='ltr'>γὰρ</span> <span class='ocrx_word' id='word_1_564' title='bbox 1346 1433 1392 1461; x_wconf 83' lang='grc' dir='ltr'><strong>τοῦ</strong></span> <span class='ocrx_word' id='word_1_565' title='bbox 1409 1433 1492 1470; x_wconf 80' lang='grc' dir='ltr'>ξηροῦ</span> <span class='ocrx_word' id='word_1_566' title='bbox 1511 1434 1542 1460; x_wconf 77' lang='grc' dir='ltr'>τὸ</span> <span class='ocrx_word' id='word_1_567' title='bbox 1563 1433 1659 1469; x_wconf 81' lang='grc' dir='ltr'>ξηρὸν,</span> <span class='ocrx_word' id='word_1_568' title='bbox 1676 1432 1723 1460; x_wconf 68' lang='grc' dir='ltr'><strong>καὶ¹</strong></span> <span class='ocrx_word' id='word_1_569' title='bbox 1745 1432 1802 1459; x_wconf 78' lang='grc' dir='ltr'>ἀπὸ</span> <span class='ocrx_word' id='word_1_570' title='bbox 1818 1432 1870 1459; x_wconf 83' lang='grc' dir='ltr'><strong>τοῦ</strong></span> 
     </span>
    </p>
   </div>
   <div class='ocr_carea' id='block_1_76' title="bbox 1075 1479 1867 1516">
    <p class='ocr_par' dir='ltr' id='par_1_76' title="bbox 1075 1479 1867 1516">
     <span class='ocr_line' id='line_1_76' title="bbox 1075 1479 1867 1516; baseline -0.001 -9"><span class='ocrx_word' id='word_1_571' title='bbox 1075 1480 1176 1516; x_wconf 78' lang='grc' dir='ltr'>θερμοῦ</span> <span class='ocrx_word' id='word_1_572' title='bbox 1192 1481 1222 1507; x_wconf 82' lang='grc' dir='ltr'>τὸ</span> <span class='ocrx_word' id='word_1_573' title='bbox 1238 1480 1347 1516; x_wconf 80' lang='grc' dir='ltr'>θερμὸν,</span> <span class='ocrx_word' id='word_1_574' title='bbox 1367 1479 1413 1506; x_wconf 78' lang='grc' dir='ltr'><strong>καὶ</strong></span> <span class='ocrx_word' id='word_1_575' title='bbox 1426 1480 1480 1506; x_wconf 76' lang='grc' dir='ltr'><strong>ἀπὸ</strong></span> <span class='ocrx_word' id='word_1_576' title='bbox 1497 1480 1544 1506; x_wconf 84' lang='grc' dir='ltr'><strong>τοῦ</strong></span> <span class='ocrx_word' id='word_1_577' title='bbox 1560 1479 1645 1516; x_wconf 83' lang='grc' dir='ltr'>ὑγροῦ</span> <span class='ocrx_word' id='word_1_578' title='bbox 1659 1479 1690 1506; x_wconf 81' lang='grc' dir='ltr'>τὸ</span> <span class='ocrx_word' id='word_1_579' title='bbox 1706 1479 1802 1515; x_wconf 79' lang='grc' dir='ltr'>ὑγρδν,</span> <span class='ocrx_word' id='word_1_580' title='bbox 1817 1479 1867 1505; x_wconf 71' lang='grc' dir='ltr'><strong>καὶ</strong></span> 
     </span>
    </p>
   </div>
   <div class='ocr_carea' id='block_1_77' title="bbox 1075 1525 1866 1562">
    <p class='ocr_par' dir='ltr' id='par_1_77' title="bbox 1075 1525 1866 1562">
     <span class='ocr_line' id='line_1_77' title="bbox 1075 1525 1866 1562; baseline -0.003 -9"><span class='ocrx_word' id='word_1_581' title='bbox 1075 1527 1128 1553; x_wconf 78' lang='grc' dir='ltr'><strong>ἀπὸ</strong></span> <span class='ocrx_word' id='word_1_582' title='bbox 1138 1525 1184 1553; x_wconf 86' lang='grc' dir='ltr'><strong>τοῦ</strong></span> <span class='ocrx_word' id='word_1_583' title='bbox 1193 1526 1297 1561; x_wconf 78' lang='grc' dir='ltr'>ψυχροῦ</span> <span class='ocrx_word' id='word_1_584' title='bbox 1311 1526 1341 1553; x_wconf 70' lang='grc' dir='ltr'>τὸ</span> <span class='ocrx_word' id='word_1_585' title='bbox 1354 1525 1467 1562; x_wconf 78' lang='grc' dir='ltr'>ψυχρόν.</span> <span class='ocrx_word' id='word_1_586' title='bbox 1482 1526 1537 1553; x_wconf 77' lang='grc' dir='ltr'><strong>Καὶ</strong></span> <span class='ocrx_word' id='word_1_587' title='bbox 1553 1525 1639 1557; x_wconf 78' lang='grc' dir='ltr'>οὕτως</span> <span class='ocrx_word' id='word_1_588' title='bbox 1651 1526 1756 1557; x_wconf 82' lang='grc' dir='ltr'>πλάσας</span> <span class='ocrx_word' id='word_1_589' title='bbox 1771 1525 1866 1561; x_wconf 80' lang='grc' dir='ltr'>ἑαυτῷ</span> 
     </span>
    </p>
   </div>
   <div class='ocr_carea' id='block_1_78' title="bbox 1076 1570 1868 1607">
    <p class='ocr_par' dir='ltr' id='par_1_78' title="bbox 1076 1570 1868 1607">
     <span class='ocr_line' id='line_1_78' title="bbox 1076 1570 1868 1607; baseline -0.001 -9"><span class='ocrx_word' id='word_1_590' title='bbox 1076 1571 1172 1607; x_wconf 83' lang='grc' dir='ltr'>σῶμα,</span> <span class='ocrx_word' id='word_1_591' title='bbox 1194 1571 1328 1607; x_wconf 81' lang='grc' dir='ltr'>ἀληθινῶς</span> <span class='ocrx_word' id='word_1_592' title='bbox 1346 1570 1464 1607; x_wconf 82' lang='grc' dir='ltr'>πέφηνεν</span> <span class='ocrx_word' id='word_1_593' title='bbox 1484 1571 1512 1597; x_wconf 84' lang='grc' dir='ltr'>ὲν</span> <span class='ocrx_word' id='word_1_594' title='bbox 1534 1571 1647 1607; x_wconf 85' lang='grc' dir='ltr'>κόσμῳ,</span> <span class='ocrx_word' id='word_1_595' title='bbox 1674 1571 1721 1597; x_wconf 79' lang='grc' dir='ltr'>καὶ</span> <span class='ocrx_word' id='word_1_596' title='bbox 1745 1570 1868 1604; x_wconf 81' lang='grc' dir='ltr'>ἐδίδαξεν</span> 
     </span>
    </p>
   </div>
   <div class='ocr_carea' id='block_1_79' title="bbox 1074 1617 1866 1654">
    <p class='ocr_par' dir='ltr' id='par_1_79' title="bbox 1074 1617 1866 1654">
     <span class='ocr_line' id='line_1_79' title="bbox 1074 1617 1866 1654; baseline 0 -10"><span class='ocrx_word' id='word_1_597' title='bbox 1074 1619 1148 1654; x_wconf 77' lang='grc' dir='ltr'>ἡμᾶς</span> <span class='ocrx_word' id='word_1_598' title='bbox 1164 1618 1213 1653; x_wconf 83' lang='grc' dir='ltr'>τὴν</span> <span class='ocrx_word' id='word_1_599' title='bbox 1228 1617 1283 1645; x_wconf 76' lang='grc' dir='ltr'>ἅνω</span> <span class='ocrx_word' id='word_1_600' title='bbox 1296 1618 1397 1652; x_wconf 81' lang='grc' dir='ltr'>γνῶσιν</span> <span class='ocrx_word' id='word_1_601' title='bbox 1409 1638 1416 1650; x_wconf 88' lang='grc'><em>,</em></span> <span class='ocrx_word' id='word_1_602' title='bbox 1431 1619 1612 1654; x_wconf 80' lang='grc' dir='ltr'>καταφρονεῖν</span> <span class='ocrx_word' id='word_1_603' title='bbox 1626 1627 1656 1645; x_wconf 92' lang='grc' dir='ltr'><strong>τε</strong></span> <span class='ocrx_word' id='word_1_604' title='bbox 1668 1617 1715 1644; x_wconf 83' lang='grc' dir='ltr'><strong>τοῦ</strong></span> <span class='ocrx_word' id='word_1_605' title='bbox 1728 1619 1866 1653; x_wconf 82' lang='grc' dir='ltr'>Δημιουρ-</span> 
     </span>
    </p>
   </div>
   <div class='ocr_carea' id='block_1_80' title="bbox 1074 1663 1864 1700">
    <p class='ocr_par' dir='ltr' id='par_1_80' title="bbox 1074 1663 1864 1700">
     <span class='ocr_line' id='line_1_80' title="bbox 1074 1663 1864 1700; baseline -0.001 -10"><span class='ocrx_word' id='word_1_606' title='bbox 1074 1664 1122 1698; x_wconf 83' lang='grc' dir='ltr'>γοῦ</span> <span class='ocrx_word' id='word_1_607' title='bbox 1135 1685 1143 1698; x_wconf 89' lang='grc'><strong><em>,</em></strong></span> <span class='ocrx_word' id='word_1_608' title='bbox 1158 1664 1204 1690; x_wconf 77' lang='grc' dir='ltr'><strong>καὶ</strong></span> <span class='ocrx_word' id='word_1_609' title='bbox 1219 1664 1361 1700; x_wconf 85' lang='grc' dir='ltr'>ἀρνεῖσθαι</span> <span class='ocrx_word' id='word_1_610' title='bbox 1377 1663 1460 1691; x_wconf 79' lang='grc' dir='ltr'>αὑτοῦ</span> <span class='ocrx_word' id='word_1_611' title='bbox 1483 1664 1518 1691; x_wconf 79' lang='grc' dir='ltr'>τὰ</span> <span class='ocrx_word' id='word_1_612' title='bbox 1534 1663 1618 1699; x_wconf 70' lang='grc' dir='ltr'>ἔργα·</span> <span class='ocrx_word' id='word_1_613' title='bbox 1638 1663 1781 1697; x_wconf 75' lang='grc' dir='ltr'>ὑποδείξας</span> <span class='ocrx_word' id='word_1_614' title='bbox 1798 1664 1864 1699; x_wconf 81' lang='grc' dir='ltr'>ἡμῖν</span> 
     </span>
    </p>
   </div>
   <div class='ocr_carea' id='block_1_81' title="bbox 1075 1709 1866 1746">
    <p class='ocr_par' dir='ltr' id='par_1_81' title="bbox 1075 1709 1866 1746">
     <span class='ocr_line' id='line_1_81' title="bbox 1075 1709 1866 1746; baseline 0 -10"><span class='ocrx_word' id='word_1_615' title='bbox 1075 1711 1104 1737; x_wconf 80' lang='grc' dir='ltr'>ὲν</span> <span class='ocrx_word' id='word_1_616' title='bbox 1118 1710 1183 1746; x_wconf 81' lang='grc' dir='ltr'>ποίᾳ</span> <span class='ocrx_word' id='word_1_617' title='bbox 1202 1710 1298 1746; x_wconf 74' lang='grc' dir='ltr'>Γραφῇ</span> <span class='ocrx_word' id='word_1_618' title='bbox 1315 1710 1379 1737; x_wconf 84' lang='grc' dir='ltr'>ποῖά</span> <span class='ocrx_word' id='word_1_619' title='bbox 1392 1711 1450 1737; x_wconf 71' lang='grc' dir='ltr'>ἐστι</span> <span class='ocrx_word' id='word_1_620' title='bbox 1464 1709 1498 1737; x_wconf 85' lang='grc' dir='ltr'>τὰ</span> <span class='ocrx_word' id='word_1_621' title='bbox 1513 1710 1593 1745; x_wconf 90' lang='grc' dir='ltr'>φύσει</span> <span class='ocrx_word' id='word_1_622' title='bbox 1611 1710 1641 1744; x_wconf 75' lang='grc' dir='ltr'><strong>ἐξ</strong></span> <span class='ocrx_word' id='word_1_623' title='bbox 1655 1709 1737 1737; x_wconf 84' lang='grc' dir='ltr'>αὑτοῦ</span> <span class='ocrx_word' id='word_1_624' title='bbox 1752 1710 1866 1746; x_wconf 74' lang='grc' dir='ltr'>εἰρημέ-</span> 
     </span>
    </p>
   </div>
   <div class='ocr_carea' id='block_1_82' title="bbox 1075 1755 1863 1793">
    <p class='ocr_par' dir='ltr' id='par_1_82' title="bbox 1075 1755 1863 1793">
     <span class='ocr_line' id='line_1_82' title="bbox 1075 1755 1863 1793; baseline 0 -11"><span class='ocrx_word' id='word_1_625' title='bbox 1075 1764 1108 1782; x_wconf 89' lang='grc' dir='ltr'><strong>να</strong></span> <span class='ocrx_word' id='word_1_626' title='bbox 1119 1775 1128 1789; x_wconf 82' lang='grc'><em>,</em></span> <span class='ocrx_word' id='word_1_627' title='bbox 1154 1756 1201 1784; x_wconf 78' lang='grc' dir='ltr'><strong>καὶ</strong></span> <span class='ocrx_word' id='word_1_628' title='bbox 1227 1756 1293 1783; x_wconf 77' lang='grc' dir='ltr'>ποῖά</span> <span class='ocrx_word' id='word_1_629' title='bbox 1315 1756 1373 1782; x_wconf 73' lang='grc' dir='ltr'>ἐστι</span> <span class='ocrx_word' id='word_1_630' title='bbox 1391 1756 1426 1783; x_wconf 78' lang='grc' dir='ltr'>τὰ</span> <span class='ocrx_word' id='word_1_631' title='bbox 1440 1756 1494 1783; x_wconf 82' lang='grc' dir='ltr'><strong>ἀπὸ</strong></span> <span class='ocrx_word' id='word_1_632' title='bbox 1507 1755 1555 1782; x_wconf 87' lang='grc' dir='ltr'><strong>τοῦ</strong></span> <span class='ocrx_word' id='word_1_633' title='bbox 1570 1755 1753 1793; x_wconf 85' lang='grc' dir='ltr'>Δημιουργοῦ.</span> <span class='ocrx_word' id='word_1_634' title='bbox 1772 1755 1863 1786; x_wconf 76' lang='grc' dir='ltr'>Οὕτως</span> 
     </span>
    </p>
   </div>
   <div class='ocr_carea' id='block_1_83' title="bbox 1075 1801 1863 1838">
    <p class='ocr_par' dir='ltr' id='par_1_83' title="bbox 1075 1801 1863 1838">
     <span class='ocr_line' id='line_1_83' title="bbox 1075 1801 1863 1838; baseline -0.001 -9"><span class='ocrx_word' id='word_1_635' title='bbox 1075 1801 1146 1838; x_wconf 80' lang='grc' dir='ltr'>γὰρ,</span> <span class='ocrx_word' id='word_1_636' title='bbox 1164 1802 1261 1838; x_wconf 76' lang='grc' dir='ltr'>φησὶν,</span> <span class='ocrx_word' id='word_1_637' title='bbox 1279 1801 1331 1838; x_wconf 71' lang='grc' dir='ltr'><strong>ἔφη</strong></span> <span class='ocrx_word' id='word_1_638' title='bbox 1358 1804 1386 1829; x_wconf 77' lang='grc' dir='ltr'>ἐν</span> <span class='ocrx_word' id='word_1_639' title='bbox 1405 1801 1445 1837; x_wconf 83' lang='grc' dir='ltr'>τῷ</span> <span class='ocrx_word' id='word_1_640' title='bbox 1464 1802 1638 1837; x_wconf 84' lang='grc' dir='ltr'>Εὐαγγελίῳ·</span> <span class='ocrx_word' id='word_1_641' title='bbox 1655 1803 1800 1830; x_wconf 79' lang='grc' dir='ltr'>Γίνεσθαι</span> <span class='ocrx_word' id='word_1_642' title='bbox 1819 1802 1863 1828; x_wconf 86' lang='grc' dir='ltr'>δό-</span> 
     </span>
    </p>
   </div>
   <div class='ocr_carea' id='block_1_84' title="bbox 1076 1847 1862 1884">
    <p class='ocr_par' dir='ltr' id='par_1_84' title="bbox 1076 1847 1862 1884">
     <span class='ocr_line' id='line_1_84' title="bbox 1076 1847 1862 1884; baseline 0 -10"><span class='ocrx_word' id='word_1_643' title='bbox 1076 1856 1153 1882; x_wconf 77' lang='grc' dir='ltr'>κιμοι</span> <span class='ocrx_word' id='word_1_644' title='bbox 1167 1847 1342 1882; x_wconf 79' lang='grc' dir='ltr'>τραπεζῖται.</span> <span class='ocrx_word' id='word_1_645' title='bbox 1356 1847 1420 1883; x_wconf 84' lang='grc' dir='ltr'><strong>Χρῶ</strong></span> <span class='ocrx_word' id='word_1_646' title='bbox 1433 1847 1501 1884; x_wconf 80' lang='grc' dir='ltr'>γὰρ.</span> <span class='ocrx_word' id='word_1_647' title='bbox 1517 1848 1609 1882; x_wconf 79' lang='grc' dir='ltr'>φησὶν,</span> <span class='ocrx_word' id='word_1_648' title='bbox 1624 1848 1678 1874; x_wconf 81' lang='grc' dir='ltr'><strong>ἀπὸ</strong></span> <span class='ocrx_word' id='word_1_649' title='bbox 1691 1848 1783 1883; x_wconf 83' lang='grc' dir='ltr'>πάσης</span> <span class='ocrx_word' id='word_1_650' title='bbox 1795 1848 1862 1884; x_wconf 87' lang='grc' dir='ltr'>Γρα-</span> 
     </span>
    </p>
   </div>
   <div class='ocr_carea' id='block_1_85' title="bbox 1076 1892 1861 1929">
    <p class='ocr_par' dir='ltr' id='par_1_85' title="bbox 1076 1892 1861 1929">
     <span class='ocr_line' id='line_1_85' title="bbox 1076 1892 1861 1929; baseline 0 -8"><span class='ocrx_word' id='word_1_651' title='bbox 1076 1893 1129 1929; x_wconf 86' lang='grc' dir='ltr'><strong>φῆς</strong></span> <span class='ocrx_word' id='word_1_652' title='bbox 1151 1893 1290 1927; x_wconf 80' lang='grc' dir='ltr'>ἀναλέγων</span> <span class='ocrx_word' id='word_1_653' title='bbox 1312 1893 1346 1920; x_wconf 83' lang='grc' dir='ltr'>τὰ</span> <span class='ocrx_word' id='word_1_654' title='bbox 1362 1894 1492 1929; x_wconf 87' lang='grc' dir='ltr'>χρήσιμα.</span> <span class='ocrx_word' id='word_1_655' title='bbox 1513 1892 1580 1920; x_wconf 71' lang='grc' dir='ltr'><strong>Εἶτά</strong></span> <span class='ocrx_word' id='word_1_656' title='bbox 1594 1902 1677 1929; x_wconf 79' lang='grc' dir='ltr'>φησιν</span> <span class='ocrx_word' id='word_1_657' title='bbox 1690 1902 1697 1910; x_wconf 91' lang='grc'><strong>·</strong></span> <span class='ocrx_word' id='word_1_658' title='bbox 1715 1895 1834 1921; x_wconf 81' lang='grc' dir='ltr'>Ἔδωκεν</span> <span class='ocrx_word' id='word_1_659' title='bbox 1847 1895 1861 1920; x_wconf 84' lang='grc' dir='ltr'>ὀ</span> 
     </span>
    </p>
   </div>
   <div class='ocr_carea' id='block_1_86' title="bbox 1075 1939 1860 1975">
    <p class='ocr_par' dir='ltr' id='par_1_86' title="bbox 1075 1939 1860 1975">
     <span class='ocr_line' id='line_1_86' title="bbox 1075 1939 1860 1975; baseline 0 -9"><span class='ocrx_word' id='word_1_660' title='bbox 1075 1939 1192 1975; x_wconf 81' lang='grc' dir='ltr'>Χριστὸς</span> <span class='ocrx_word' id='word_1_661' title='bbox 1215 1939 1312 1966; x_wconf 74' lang='grc' dir='ltr'>ἑαυτὸν</span> <span class='ocrx_word' id='word_1_662' title='bbox 1338 1939 1434 1966; x_wconf 87' lang='grc' dir='ltr'>παθεῖν</span> <span class='ocrx_word' id='word_1_663' title='bbox 1459 1940 1487 1965; x_wconf 78' lang='grc' dir='ltr'>ἐν</span> <span class='ocrx_word' id='word_1_664' title='bbox 1513 1940 1588 1975; x_wconf 84' lang='grc' dir='ltr'>αὐτῷ</span> <span class='ocrx_word' id='word_1_665' title='bbox 1607 1939 1646 1975; x_wconf 87' lang='grc' dir='ltr'><strong>τῷ</strong></span> <span class='ocrx_word' id='word_1_666' title='bbox 1673 1939 1791 1975; x_wconf 88' lang='grc' dir='ltr'>σώματι,</span> <span class='ocrx_word' id='word_1_667' title='bbox 1817 1940 1860 1967; x_wconf 84' lang='grc' dir='ltr'>καὶ</span> 
     </span>
    </p>
   </div>
   <div class='ocr_carea' id='block_1_87' title="bbox 1075 1985 1859 2021">
    <p class='ocr_par' dir='ltr' id='par_1_87' title="bbox 1075 1985 1859 2021">
     <span class='ocr_line' id='line_1_87' title="bbox 1075 1985 1859 2021; baseline -0.001 -8"><span class='ocrx_word' id='word_1_668' title='bbox 1075 1985 1235 2021; x_wconf 75' lang='grc' dir='ltr'>ἐσταυρώθη</span> <span class='ocrx_word' id='word_1_669' title='bbox 1266 1986 1296 2012; x_wconf 85' lang='grc' dir='ltr'>ὲν</span> <span class='ocrx_word' id='word_1_670' title='bbox 1327 1985 1441 2020; x_wconf 75' lang='grc' dir='ltr'>ἀληθεία</span> <span class='ocrx_word' id='word_1_671' title='bbox 1455 2005 1463 2017; x_wconf 91' lang='grc'>,</span> <span class='ocrx_word' id='word_1_672' title='bbox 1494 1985 1543 2012; x_wconf 74' lang='grc' dir='ltr'>καὶ</span> <span class='ocrx_word' id='word_1_673' title='bbox 1573 1985 1672 2018; x_wconf 76' lang='grc' dir='ltr'>ἔδειξεν</span> <span class='ocrx_word' id='word_1_674' title='bbox 1700 1985 1785 2021; x_wconf 85' lang='grc' dir='ltr'>αὐτὴν</span> <span class='ocrx_word' id='word_1_675' title='bbox 1813 1986 1859 2021; x_wconf 83' lang='grc' dir='ltr'>τὴν</span> 
     </span>
    </p>
   </div>
   <div class='ocr_carea' id='block_1_88' title="bbox 1076 2030 1858 2067">
    <p class='ocr_par' dir='ltr' id='par_1_88' title="bbox 1076 2030 1858 2067">
     <span class='ocr_line' id='line_1_88' title="bbox 1076 2030 1858 2067; baseline -0.001 -9"><span class='ocrx_word' id='word_1_676' title='bbox 1076 2031 1165 2067; x_wconf 74' lang='grc' dir='ltr'>σάρκα</span> <span class='ocrx_word' id='word_1_677' title='bbox 1185 2032 1241 2063; x_wconf 83' lang='grc' dir='ltr'>τοῖς</span> <span class='ocrx_word' id='word_1_678' title='bbox 1259 2030 1356 2057; x_wconf 79' lang='grc' dir='ltr'>ἑαυτοῦ</span> <span class='ocrx_word' id='word_1_679' title='bbox 1387 2030 1530 2065; x_wconf 74' lang='grc' dir='ltr'>μαθηταῖς.</span> <span class='ocrx_word' id='word_1_680' title='bbox 1551 2031 1607 2058; x_wconf 80' lang='grc' dir='ltr'><strong>Καὶ</strong></span> <span class='ocrx_word' id='word_1_681' title='bbox 1631 2031 1768 2063; x_wconf 78' lang='grc' dir='ltr'>ἀναλύσας</span> <span class='ocrx_word' id='word_1_682' title='bbox 1781 2051 1789 2064; x_wconf 83' lang='lat'><strong>,</strong></span> <span class='ocrx_word' id='word_1_683' title='bbox 1809 2040 1858 2066; x_wconf 84' lang='grc' dir='ltr'><strong>φη-</strong></span> 
     </span>
    </p>
   </div>
   <div class='ocr_carea' id='block_1_89' title="bbox 1076 2075 1856 2112">
    <p class='ocr_par' dir='ltr' id='par_1_89' title="bbox 1076 2075 1856 2112">
     <span class='ocr_line' id='line_1_89' title="bbox 1076 2075 1856 2112; baseline -0.001 -9"><span class='ocrx_word' id='word_1_684' title='bbox 1076 2077 1137 2110; x_wconf 76' lang='grc' dir='ltr'>σὶν,</span> <span class='ocrx_word' id='word_1_685' title='bbox 1162 2076 1246 2112; x_wconf 82' lang='grc' dir='ltr'>αὐτὴν</span> <span class='ocrx_word' id='word_1_686' title='bbox 1272 2077 1321 2112; x_wconf 84' lang='grc' dir='ltr'>τὴν</span> <span class='ocrx_word' id='word_1_687' title='bbox 1343 2075 1548 2112; x_wconf 80' lang='grc' dir='ltr'>ὲνανθρώπησιν</span> <span class='ocrx_word' id='word_1_688' title='bbox 1567 2077 1682 2110; x_wconf 77' lang='grc' dir='ltr'>ἑαυτοῦ,</span> <span class='ocrx_word' id='word_1_689' title='bbox 1710 2077 1856 2112; x_wconf 82' lang='grc' dir='ltr'>ἀπεμέρισε</span> 
     </span>
    </p>
   </div>
   <div class='ocr_carea' id='block_1_90' title="bbox 1080 2121 1856 2157">
    <p class='ocr_par' dir='ltr' id='par_1_90' title="bbox 1080 2121 1856 2157">
     <span class='ocr_line' id='line_1_90' title="bbox 1080 2121 1856 2157; baseline -0.003 -7"><span class='ocrx_word' id='word_1_690' title='bbox 1080 2123 1161 2150; x_wconf 81' lang='grc' dir='ltr'>πάλιν</span> <span class='ocrx_word' id='word_1_691' title='bbox 1186 2122 1292 2157; x_wconf 77' lang='grc' dir='ltr'><strong>ἑκάστῳ</strong></span> <span class='ocrx_word' id='word_1_692' title='bbox 1306 2121 1360 2148; x_wconf 88' lang='grc' dir='ltr'>τῶν</span> <span class='ocrx_word' id='word_1_693' title='bbox 1379 2122 1519 2157; x_wconf 84' lang='grc' dir='ltr'>στοιχείων</span> <span class='ocrx_word' id='word_1_694' title='bbox 1541 2122 1572 2149; x_wconf 85' lang='grc' dir='ltr'><strong>τὸ</strong></span> <span class='ocrx_word' id='word_1_695' title='bbox 1596 2123 1660 2149; x_wconf 76' lang='grc' dir='ltr'>ι’διον</span> <span class='ocrx_word' id='word_1_696' title='bbox 1683 2123 1815 2154; x_wconf 83' lang='grc' dir='ltr'>ἀποδοὺς,</span> <span class='ocrx_word' id='word_1_697' title='bbox 1829 2123 1856 2148; x_wconf 80' lang='grc' dir='ltr'><strong>τὸ</strong></span> 
     </span>
    </p>
   </div>
   <div class='ocr_carea' id='block_1_91' title="bbox 242 2167 1023 2208">
    <p class='ocr_par' dir='ltr' id='par_1_91' title="bbox 242 2173 1023 2208">
     <span class='ocr_line' id='line_1_91' title="bbox 242 2173 1023 2208; baseline 0.001 -8"><span class='ocrx_word' id='word_1_698' title='bbox 242 2180 294 2208; x_wconf 86' lang='lat' dir='ltr'><strong>que</strong></span> <span class='ocrx_word' id='word_1_699' title='bbox 310 2173 445 2200; x_wconf 89' lang='lat' dir='ltr'><strong>elemento</strong></span> <span class='ocrx_word' id='word_1_700' title='bbox 466 2173 538 2208; x_wconf 91' lang='lat' dir='ltr'><strong>quod</strong></span> <span class='ocrx_word' id='word_1_701' title='bbox 556 2173 697 2208; x_wconf 90' lang='lat' dir='ltr'><strong>proprium</strong></span> <span class='ocrx_word' id='word_1_702' title='bbox 716 2177 775 2200; x_wconf 90' lang='lat' dir='ltr'><strong>erat</strong></span> <span class='ocrx_word' id='word_1_703' title='bbox 791 2173 930 2207; x_wconf 86' lang='lat' dir='ltr'><strong>restituit;</strong></span> <span class='ocrx_word' id='word_1_704' title='bbox 951 2174 1023 2202; x_wconf 88' lang='lat' dir='ltr'><strong>velut</strong></span> 
     </span>
    </p>
   </div>
   <div class='ocr_carea' id='block_1_92' title="bbox 1076 2167 1854 2208">
    <p class='ocr_par' dir='ltr' id='par_1_92' title="bbox 1077 2167 1854 2205">
     <span class='ocr_line' id='line_1_92' title="bbox 1077 2167 1854 2205; baseline -0.003 -10"><span class='ocrx_word' id='word_1_705' title='bbox 1077 2168 1176 2204; x_wconf 71' lang='grc' dir='ltr'>θερμὸν</span> <span class='ocrx_word' id='word_1_706' title='bbox 1191 2167 1231 2203; x_wconf 83' lang='grc' dir='ltr'>τῷ</span> <span class='ocrx_word' id='word_1_707' title='bbox 1247 2167 1340 2203; x_wconf 84' lang='grc' dir='ltr'>θερμῷ</span> <span class='ocrx_word' id='word_1_708' title='bbox 1352 2187 1359 2199; x_wconf 93' lang='grc'>,</span> <span class='ocrx_word' id='word_1_709' title='bbox 1374 2167 1404 2194; x_wconf 82' lang='grc' dir='ltr'>τὸ</span> <span class='ocrx_word' id='word_1_710' title='bbox 1421 2168 1523 2203; x_wconf 77' lang='grc' dir='ltr'>ψυχρὸν</span> <span class='ocrx_word' id='word_1_711' title='bbox 1539 2168 1577 2203; x_wconf 83' lang='grc' dir='ltr'><strong>τῷ</strong></span> <span class='ocrx_word' id='word_1_712' title='bbox 1594 2168 1708 2205; x_wconf 78' lang='grc' dir='ltr'>ψυχρῷ,</span> <span class='ocrx_word' id='word_1_713' title='bbox 1724 2168 1756 2195; x_wconf 78' lang='grc' dir='ltr'>τὸ</span> <span class='ocrx_word' id='word_1_714' title='bbox 1781 2168 1854 2204; x_wconf 81' lang='grc' dir='ltr'>ξηρὸν</span> 
     </span>
    </p>
   </div>
   <div class='ocr_carea' id='block_1_93' title="bbox 242 2217 1024 2252">
    <p class='ocr_par' dir='ltr' id='par_1_93' title="bbox 242 2217 1024 2252">
     <span class='ocr_line' id='line_1_93' title="bbox 242 2217 1024 2252; baseline -0.001 -7"><span class='ocrx_word' id='word_1_715' title='bbox 242 2217 331 2245; x_wconf 88' lang='lat' dir='ltr'><strong>calido</strong></span> <span class='ocrx_word' id='word_1_716' title='bbox 344 2217 474 2249; x_wconf 92' lang='lat' dir='ltr'><strong>calidum,</strong></span> <span class='ocrx_word' id='word_1_717' title='bbox 487 2217 614 2252; x_wconf 80' lang='lat' dir='ltr'><strong>frigidum</strong></span> <span class='ocrx_word' id='word_1_718' title='bbox 630 2217 738 2252; x_wconf 80' lang='lat' dir='ltr'><strong>frigido,</strong></span> <span class='ocrx_word' id='word_1_719' title='bbox 753 2217 857 2244; x_wconf 89' lang='lat' dir='ltr'><strong>siccum</strong></span> <span class='ocrx_word' id='word_1_720' title='bbox 871 2217 957 2250; x_wconf 87' lang='lat' dir='ltr'><strong>sicco,</strong></span> <span class='ocrx_word' id='word_1_721' title='bbox 972 2217 1024 2244; x_wconf 89' lang='lat' dir='ltr'><strong>hu-</strong></span> 
     </span>
    </p>
   </div>
   <div class='ocr_carea' id='block_1_94' title="bbox 242 2263 1026 2299">
    <p class='ocr_par' dir='ltr' id='par_1_94' title="bbox 242 2263 1026 2299">
     <span class='ocr_line' id='line_1_94' title="bbox 242 2263 1026 2299; baseline -0.001 -8"><span class='ocrx_word' id='word_1_722' title='bbox 242 2264 345 2292; x_wconf 85' lang='lat' dir='ltr'><strong>midum</strong></span> <span class='ocrx_word' id='word_1_723' title='bbox 357 2264 478 2291; x_wconf 89' lang='lat' dir='ltr'><strong>humido.</strong></span> <span class='ocrx_word' id='word_1_724' title='bbox 492 2264 530 2290; x_wconf 89' lang='lat' dir='ltr'><strong>ita</strong></span> <span class='ocrx_word' id='word_1_725' title='bbox 545 2271 660 2299; x_wconf 88' lang='lat' dir='ltr'><strong>corpore</strong></span> <span class='ocrx_word' id='word_1_726' title='bbox 675 2264 721 2291; x_wconf 93' lang='lat' dir='ltr'><strong>illo</strong></span> <span class='ocrx_word' id='word_1_727' title='bbox 735 2263 806 2298; x_wconf 84' lang='lat' dir='ltr'><strong>quod</strong></span> <span class='ocrx_word' id='word_1_728' title='bbox 822 2270 905 2291; x_wconf 87' lang='lat' dir='ltr'><strong>carne</strong></span> <span class='ocrx_word' id='word_1_729' title='bbox 919 2267 1026 2291; x_wconf 88' lang='lat' dir='ltr'><strong>consta-</strong></span> 
     </span>
    </p>
   </div>
   <div class='ocr_carea' id='block_1_95' title="bbox 242 2309 980 2343">
    <p class='ocr_par' dir='ltr' id='par_1_95' title="bbox 242 2309 980 2343">
     <span class='ocr_line' id='line_1_95' title="bbox 242 2309 980 2343; baseline -0.003 -5"><span class='ocrx_word' id='word_1_730' title='bbox 242 2311 289 2338; x_wconf 84' lang='lat' dir='ltr'><strong>bat</strong></span> <span class='ocrx_word' id='word_1_731' title='bbox 308 2310 439 2342; x_wconf 90' lang='lat' dir='ltr'><strong>resoluto,</strong></span> <span class='ocrx_word' id='word_1_732' title='bbox 460 2309 486 2336; x_wconf 89' lang='lat' dir='ltr'><strong>in</strong></span> <span class='ocrx_word' id='word_1_733' title='bbox 504 2310 613 2343; x_wconf 60' lang='lat' dir='ltr'><strong>malum,</strong></span> <span class='ocrx_word' id='word_1_734' title='bbox 627 2309 698 2337; x_wconf 90' lang='lat' dir='ltr'><strong>unde</strong></span> <span class='ocrx_word' id='word_1_735' title='bbox 710 2314 831 2341; x_wconf 84' lang='lat' dir='ltr'><strong>venerat,</strong></span> <span class='ocrx_word' id='word_1_736' title='bbox 846 2309 980 2337; x_wconf 87' lang='lat' dir='ltr'><strong>ascendit.</strong></span> 
     </span>
    </p>
   </div>
   <div class='ocr_carea' id='block_1_96' title="bbox 276 2355 1026 2391">
    <p class='ocr_par' dir='ltr' id='par_1_96' title="bbox 276 2355 1026 2391">
     <span class='ocr_line' id='line_1_96' title="bbox 276 2355 1026 2391; baseline 0 -8"><span class='ocrx_word' id='word_1_737' title='bbox 276 2355 320 2383; x_wconf 88' lang='lat' dir='ltr'><strong>Ill.</strong></span> <span class='ocrx_word' id='word_1_738' title='bbox 334 2355 357 2384; x_wconf 91' lang='grc' dir='ltr'><strong>Ο</strong></span> <span class='ocrx_word' id='word_1_739' title='bbox 371 2357 516 2383; x_wconf 88' lang='lat' dir='ltr'><strong>mendaces</strong></span> <span class='ocrx_word' id='word_1_740' title='bbox 534 2356 598 2382; x_wconf 90' lang='lat' dir='ltr'><strong>talia</strong></span> <span class='ocrx_word' id='word_1_741' title='bbox 614 2355 774 2391; x_wconf 84' lang='lat' dir='ltr'><strong>jactantium</strong></span> <span class='ocrx_word' id='word_1_742' title='bbox 791 2355 909 2384; x_wconf 85' lang='lat' dir='ltr'><strong>fabulas!</strong></span> <span class='ocrx_word' id='word_1_743' title='bbox 926 2356 982 2390; x_wconf 86' lang='lat' dir='ltr'><strong>qui.</strong></span> <span class='ocrx_word' id='word_1_744' title='bbox 996 2361 1026 2383; x_wconf 90' lang='lat' dir='ltr'><strong>ut</strong></span> 
     </span>
    </p>
   </div>
   <div class='ocr_carea' id='block_1_97' title="bbox 243 2400 1024 2436">
    <p class='ocr_par' dir='ltr' id='par_1_97' title="bbox 243 2400 1024 2436">
     <span class='ocr_line' id='line_1_97' title="bbox 243 2400 1024 2436; baseline -0.001 -7"><span class='ocrx_word' id='word_1_745' title='bbox 243 2409 323 2429; x_wconf 92' lang='lat' dir='ltr'><strong>nemo</strong></span> <span class='ocrx_word' id='word_1_746' title='bbox 338 2409 392 2429; x_wconf 93' lang='lat' dir='ltr'><strong>non</strong></span> <span class='ocrx_word' id='word_1_747' title='bbox 407 2402 540 2436; x_wconf 76' lang='lat' dir='ltr'><strong>intelligit,</strong></span> <span class='ocrx_word' id='word_1_748' title='bbox 560 2401 705 2430; x_wconf 91' lang='lat' dir='ltr'><strong>mimorum</strong></span> <span class='ocrx_word' id='word_1_749' title='bbox 727 2401 819 2429; x_wconf 86' lang='lat' dir='ltr'><strong>ludum</strong></span> <span class='ocrx_word' id='word_1_750' title='bbox 840 2404 922 2435; x_wconf 83' lang='lat' dir='ltr'><strong>atque</strong></span> <span class='ocrx_word' id='word_1_751' title='bbox 941 2400 1024 2429; x_wconf 76' lang='grc' dir='ltr'><strong>οι]ὶεί-</strong></span> 
     </span>
    </p>
   </div>
   <div class='ocr_carea' id='block_1_98' title="bbox 243 2445 1026 2481">
    <p class='ocr_par' dir='ltr' id='par_1_98' title="bbox 243 2445 1026 2481">
     <span class='ocr_line' id='line_1_98' title="bbox 243 2445 1026 2481; baseline -0.003 -7"><span class='ocrx_word' id='word_1_752' title='bbox 243 2454 306 2474; x_wconf 90' lang='lat' dir='ltr'><strong>nam</strong></span> <span class='ocrx_word' id='word_1_753' title='bbox 327 2447 431 2481; x_wconf 87' lang='lat' dir='ltr'><strong>aperire</strong></span> <span class='ocrx_word' id='word_1_754' title='bbox 447 2447 537 2481; x_wconf 88' lang='lat' dir='ltr'><strong>potius</strong></span> <span class='ocrx_word' id='word_1_755' title='bbox 554 2453 635 2481; x_wconf 86' lang='lat' dir='ltr'><strong>quam</strong></span> <span class='ocrx_word' id='word_1_756' title='bbox 659 2447 719 2473; x_wconf 72' lang='lat' dir='ltr'><strong>vita:</strong></span> <span class='ocrx_word' id='word_1_757' title='bbox 737 2445 937 2480; x_wconf 73' lang='lat' dir='ltr'><strong>consequentiae</strong></span> <span class='ocrx_word' id='word_1_758' title='bbox 964 2453 1026 2480; x_wconf 87' lang='lat' dir='ltr'><strong>pro—</strong></span> 
     </span>
    </p>
   </div>
   <div class='ocr_carea' id='block_1_99' title="bbox 244 2491 1026 2529">
    <p class='ocr_par' dir='ltr' id='par_1_99' title="bbox 244 2491 1026 2529">
     <span class='ocr_line' id='line_1_99' title="bbox 244 2491 1026 2529; baseline -0.004 -9"><span class='ocrx_word' id='word_1_759' title='bbox 244 2493 400 2524; x_wconf 87' lang='lat' dir='ltr'><strong>fessionem,</strong></span> <span class='ocrx_word' id='word_1_760' title='bbox 414 2498 460 2519; x_wconf 85' lang='lat' dir='ltr'><strong>aut</strong></span> <span class='ocrx_word' id='word_1_761' title='bbox 474 2493 658 2529; x_wconf 60' lang='lat' dir='ltr'><strong>intelligentia</strong></span> <span class='ocrx_word' id='word_1_762' title='bbox 671 2492 783 2519; x_wconf 83' lang='lat' dir='ltr'><strong>formam</strong></span> <span class='ocrx_word' id='word_1_763' title='bbox 796 2491 918 2519; x_wconf 87' lang='lat' dir='ltr'><strong>obtinere</strong></span> <span class='ocrx_word' id='word_1_764' title='bbox 931 2491 1026 2518; x_wconf 84' lang='lat' dir='ltr'><strong>viden-</strong></span> 
     </span>
    </p>
   </div>
   <div class='ocr_carea' id='block_1_100' title="bbox 243 2538 1026 2574">
    <p class='ocr_par' dir='ltr' id='par_1_100' title="bbox 243 2538 1026 2574">
     <span class='ocr_line' id='line_1_100' title="bbox 243 2538 1026 2574; baseline -0.001 -8"><span class='ocrx_word' id='word_1_765' title='bbox 243 2543 297 2566; x_wconf 91' lang='lat' dir='ltr'><strong>tur.</strong></span> <span class='ocrx_word' id='word_1_766' title='bbox 314 2538 419 2566; x_wconf 84' lang='lat' dir='ltr'><strong>Etenim</strong></span> <span class='ocrx_word' id='word_1_767' title='bbox 436 2539 460 2566; x_wconf 87' lang='lat' dir='ltr'><strong>si</strong></span> <span class='ocrx_word' id='word_1_768' title='bbox 479 2539 590 2567; x_wconf 89' lang='lat' dir='ltr'><strong>omnino</strong></span> <span class='ocrx_word' id='word_1_769' title='bbox 609 2539 678 2574; x_wconf 84' lang='lat' dir='ltr'><strong>quod</strong></span> <span class='ocrx_word' id='word_1_770' title='bbox 697 2539 842 2566; x_wconf 87' lang='lat' dir='ltr'><strong>asciverat‘</strong></span> <span class='ocrx_word' id='word_1_771' title='bbox 854 2538 905 2565; x_wconf 90' lang='lat' dir='ltr'><strong>sibi</strong></span> <span class='ocrx_word' id='word_1_772' title='bbox 926 2544 1026 2571; x_wconf 85' lang='lat' dir='ltr'><strong>corpus</strong></span> 
     </span>
    </p>
   </div>
   <div class='ocr_carea' id='block_1_101' title="bbox 242 2583 1024 2618">
    <p class='ocr_par' dir='ltr' id='par_1_101' title="bbox 242 2583 1024 2618">
     <span class='ocr_line' id='line_1_101' title="bbox 242 2583 1024 2618; baseline -0.003 -6"><span class='ocrx_word' id='word_1_773' title='bbox 242 2584 377 2616; x_wconf 79' lang='lat' dir='ltr'><strong>dissolvit,</strong></span> <span class='ocrx_word' id='word_1_774' title='bbox 392 2591 443 2611; x_wconf 85' lang='lat' dir='ltr'><strong>cur</strong></span> <span class='ocrx_word' id='word_1_775' title='bbox 458 2584 485 2611; x_wconf 91' lang='lat' dir='ltr'><strong>id</strong></span> <span class='ocrx_word' id='word_1_776' title='bbox 502 2585 580 2612; x_wconf 89' lang='lat' dir='ltr'><strong>initio</strong></span> <span class='ocrx_word' id='word_1_777' title='bbox 593 2584 752 2612; x_wconf 85' lang='lat' dir='ltr'><strong>fabricavit?</strong></span> <span class='ocrx_word' id='word_1_778' title='bbox 765 2584 841 2618; x_wconf 86' lang='lat' dir='ltr'><strong>Quod</strong></span> <span class='ocrx_word' id='word_1_779' title='bbox 858 2584 881 2612; x_wconf 76' lang='lat' dir='ltr'><strong>si</strong></span> <span class='ocrx_word' id='word_1_780' title='bbox 896 2583 929 2610; x_wconf 91' lang='lat' dir='ltr'><strong>ad</strong></span> <span class='ocrx_word' id='word_1_781' title='bbox 945 2591 1024 2611; x_wconf 89' lang='lat' dir='ltr'><strong>usum</strong></span> 
     </span>
    </p>
   </div>
   <div class='ocr_carea' id='block_1_102' title="bbox 244 2628 1024 2666">
    <p class='ocr_par' dir='ltr' id='par_1_102' title="bbox 244 2628 1024 2666">
     <span class='ocr_line' id='line_1_102' title="bbox 244 2628 1024 2666; baseline -0.001 -10"><span class='ocrx_word' id='word_1_782' title='bbox 244 2629 386 2657; x_wconf 84' lang='lat' dir='ltr'><strong>fabricavit</strong></span> <span class='ocrx_word' id='word_1_783' title='bbox 402 2630 531 2665; x_wconf 88' lang='lat' dir='ltr'><strong>aliquem,</strong></span> <span class='ocrx_word' id='word_1_784' title='bbox 552 2631 604 2658; x_wconf 89' lang='lat' dir='ltr'><strong>hoc</strong></span> <span class='ocrx_word' id='word_1_785' title='bbox 623 2630 682 2666; x_wconf 89' lang='lat' dir='ltr'><strong>ipso</strong></span> <span class='ocrx_word' id='word_1_786' title='bbox 698 2638 747 2659; x_wconf 93' lang='lat' dir='ltr'><strong>usu</strong></span> <span class='ocrx_word' id='word_1_787' title='bbox 765 2629 923 2665; x_wconf 88' lang='lat' dir='ltr'><strong>perfunctus</strong></span> <span class='ocrx_word' id='word_1_788' title='bbox 940 2628 1024 2656; x_wconf 87' lang='lat' dir='ltr'><strong>relin-</strong></span> 
     </span>
    </p>
   </div>
   <div class='ocr_carea' id='block_1_103' title="bbox 242 2675 1025 2712">
    <p class='ocr_par' dir='ltr' id='par_1_103' title="bbox 242 2675 1025 2712">
     <span class='ocr_line' id='line_1_103' title="bbox 242 2675 1025 2712; baseline -0.001 -9"><span class='ocrx_word' id='word_1_789' title='bbox 242 2684 325 2712; x_wconf 88' lang='lat' dir='ltr'><strong>quere</strong></span> <span class='ocrx_word' id='word_1_790' title='bbox 349 2675 415 2703; x_wconf 90' lang='lat' dir='ltr'><strong>illud</strong></span> <span class='ocrx_word' id='word_1_791' title='bbox 439 2677 467 2703; x_wconf 92' lang='lat' dir='ltr'><strong>in</strong></span> <span class='ocrx_word' id='word_1_792' title='bbox 489 2677 570 2704; x_wconf 88' lang='lat' dir='ltr'><strong>terris</strong></span> <span class='ocrx_word' id='word_1_793' title='bbox 595 2677 706 2709; x_wconf 87' lang='lat' dir='ltr'><strong>debuit;</strong></span> <span class='ocrx_word' id='word_1_794' title='bbox 731 2675 881 2712; x_wconf 70' lang='lat' dir='ltr'><strong>praesertim</strong></span> <span class='ocrx_word' id='word_1_795' title='bbox 905 2682 967 2702; x_wconf 89' lang='lat' dir='ltr'><strong>cum</strong></span> <span class='ocrx_word' id='word_1_796' title='bbox 991 2682 1025 2702; x_wconf 79' lang='lat' dir='ltr'><strong>ex</strong></span> 
     </span>
    </p>
   </div>
   <div class='ocr_carea' id='block_1_104' title="bbox 242 2721 1026 2759">
    <p class='ocr_par' dir='ltr' id='par_1_104' title="bbox 242 2721 1026 2759">
     <span class='ocr_line' id='line_1_104' title="bbox 242 2721 1026 2759; baseline 0 -9"><span class='ocrx_word' id='word_1_797' title='bbox 242 2727 330 2750; x_wconf 88' lang='lat' dir='ltr'><strong>vestra</strong></span> <span class='ocrx_word' id='word_1_798' title='bbox 355 2723 490 2751; x_wconf 85' lang='lat' dir='ltr'><strong>sententia</strong></span> <span class='ocrx_word' id='word_1_799' title='bbox 512 2723 598 2751; x_wconf 90' lang='lat' dir='ltr'><strong>forma</strong></span> <span class='ocrx_word' id='word_1_800' title='bbox 621 2723 680 2759; x_wconf 85' lang='lat' dir='ltr'><strong>ipsa</strong></span> <span class='ocrx_word' id='word_1_801' title='bbox 704 2722 913 2751; x_wconf 84' lang='lat' dir='ltr'><strong>resurrectionis</strong></span> <span class='ocrx_word' id='word_1_802' title='bbox 933 2721 1026 2751; x_wconf 84' lang='lat' dir='ltr'><strong>carnis</strong></span> 
     </span>
    </p>
   </div>
   <div class='ocr_carea' id='block_1_105' title="bbox 279 2812 501 2845">
    <p class='ocr_par' dir='ltr' id='par_1_105' title="bbox 279 2812 501 2845">
     <span class='ocr_line' id='line_1_105' title="bbox 279 2812 501 2845; baseline 0.009 -6"><span class='ocrx_word' id='word_1_803' title='bbox 279 2814 287 2829; x_wconf 79' lang='grc' dir='ltr'><strong>ι</strong></span> <span class='ocrx_word' id='word_1_804' title='bbox 305 2812 385 2841; x_wconf 84' lang='lat' dir='ltr'><strong>Forte</strong></span> <span class='ocrx_word' id='word_1_805' title='bbox 399 2813 501 2845; x_wconf 82' lang='grc' dir='ltr'>κακῶς.</span> 
     </span>
    </p>
   </div>
   <div class='ocr_carea' id='block_1_106' title="bbox 1078 2213 1853 2250">
    <p class='ocr_par' dir='ltr' id='par_1_106' title="bbox 1078 2213 1853 2250">
     <span class='ocr_line' id='line_1_106' title="bbox 1078 2213 1853 2250; baseline -0.003 -8"><span class='ocrx_word' id='word_1_806' title='bbox 1078 2214 1117 2250; x_wconf 84' lang='grc' dir='ltr'><strong>τῷ</strong></span> <span class='ocrx_word' id='word_1_807' title='bbox 1130 2214 1204 2250; x_wconf 80' lang='grc' dir='ltr'>ξηρῷ</span> <span class='ocrx_word' id='word_1_808' title='bbox 1214 2234 1222 2246; x_wconf 86' lang='grc'>,</span> <span class='ocrx_word' id='word_1_809' title='bbox 1241 2213 1273 2240; x_wconf 74' lang='grc' dir='ltr'>τὸ</span> <span class='ocrx_word' id='word_1_810' title='bbox 1293 2214 1377 2250; x_wconf 80' lang='grc' dir='ltr'>ὑγρὸν</span> <span class='ocrx_word' id='word_1_811' title='bbox 1392 2213 1431 2249; x_wconf 85' lang='grc' dir='ltr'>τῷ</span> <span class='ocrx_word' id='word_1_812' title='bbox 1445 2214 1520 2250; x_wconf 85' lang='grc' dir='ltr'>ὑγρῷ</span> <span class='ocrx_word' id='word_1_813' title='bbox 1533 2222 1540 2230; x_wconf 72' lang='grc'><strong><em>⁸</em></strong></span> <span class='ocrx_word' id='word_1_814' title='bbox 1561 2216 1608 2241; x_wconf 79' lang='grc' dir='ltr'>καὶ</span> <span class='ocrx_word' id='word_1_815' title='bbox 1624 2214 1711 2247; x_wconf 81' lang='grc' dir='ltr'>οὕτως</span> <span class='ocrx_word' id='word_1_816' title='bbox 1733 2214 1853 2245; x_wconf 81' lang='grc' dir='ltr'>διαλύσας</span> 
     </span>
    </p>
   </div>
   <div class='ocr_carea' id='block_1_107' title="bbox 1077 2259 1852 2297">
    <p class='ocr_par' dir='ltr' id='par_1_107' title="bbox 1077 2259 1852 2297">
     <span class='ocr_line' id='line_1_107' title="bbox 1077 2259 1852 2297; baseline -0.001 -10"><span class='ocrx_word' id='word_1_817' title='bbox 1077 2261 1125 2287; x_wconf 79' lang='grc' dir='ltr'><strong>ἀπ’</strong></span> <span class='ocrx_word' id='word_1_818' title='bbox 1140 2259 1222 2287; x_wconf 83' lang='grc' dir='ltr'>αὑτοῦ</span> <span class='ocrx_word' id='word_1_819' title='bbox 1238 2259 1318 2286; x_wconf 76' lang='grc' dir='ltr'>πάλιν</span> <span class='ocrx_word' id='word_1_820' title='bbox 1329 2259 1360 2285; x_wconf 82' lang='grc' dir='ltr'>τὸ</span> <span class='ocrx_word' id='word_1_821' title='bbox 1374 2259 1507 2295; x_wconf 81' lang='grc' dir='ltr'>ἐνσαρκον</span> <span class='ocrx_word' id='word_1_822' title='bbox 1526 2260 1606 2296; x_wconf 85' lang='grc' dir='ltr'>σῶμα</span> <span class='ocrx_word' id='word_1_823' title='bbox 1616 2280 1624 2292; x_wconf 90' lang='lat'><strong>,</strong></span> <span class='ocrx_word' id='word_1_824' title='bbox 1644 2261 1747 2297; x_wconf 83' lang='grc' dir='ltr'>ἀνέπτη</span> <span class='ocrx_word' id='word_1_825' title='bbox 1762 2261 1799 2293; x_wconf 83' lang='grc' dir='ltr'>εις</span> <span class='ocrx_word' id='word_1_826' title='bbox 1812 2259 1852 2286; x_wconf 78' lang='grc' dir='ltr'><strong>τὸν</strong></span> 
     </span>
    </p>
   </div>
   <div class='ocr_carea' id='block_1_108' title="bbox 1077 2302 1416 2341">
    <p class='ocr_par' dir='ltr' id='par_1_108' title="bbox 1077 2302 1416 2341">
     <span class='ocr_line' id='line_1_108' title="bbox 1077 2302 1416 2341; baseline -0.003 -9"><span class='ocrx_word' id='word_1_827' title='bbox 1077 2305 1190 2341; x_wconf 78' lang='grc' dir='ltr'>οὐρανὸν</span> <span class='ocrx_word' id='word_1_828' title='bbox 1201 2327 1207 2338; x_wconf 87' lang='grc'>,</span> <span class='ocrx_word' id='word_1_829' title='bbox 1222 2305 1282 2332; x_wconf 81' lang='grc' dir='ltr'>ὅθεν</span> <span class='ocrx_word' id='word_1_830' title='bbox 1295 2304 1341 2331; x_wconf 78' lang='grc' dir='ltr'>καὶ</span> <span class='ocrx_word' id='word_1_831' title='bbox 1355 2302 1416 2341; x_wconf 81' lang='grc' dir='ltr'>ἧκε.</span> 
     </span>
    </p>
   </div>
   <div class='ocr_carea' id='block_1_109' title="bbox 1113 2350 1849 2388">
    <p class='ocr_par' dir='ltr' id='par_1_109' title="bbox 1113 2350 1849 2388">
     <span class='ocr_line' id='line_1_109' title="bbox 1113 2350 1849 2388; baseline -0.003 -10"><span class='ocrx_word' id='word_1_832' title='bbox 1113 2353 1149 2378; x_wconf 86' lang='lat' dir='ltr'><strong>I&quot;.</strong></span> <span class='ocrx_word' id='word_1_833' title='bbox 1170 2352 1223 2378; x_wconf 76' lang='lat' dir='ltr'><strong>Kal.</strong></span> <span class='ocrx_word' id='word_1_834' title='bbox 1235 2351 1258 2378; x_wconf 84' lang='grc' dir='ltr'><strong>ὣ</strong></span> <span class='ocrx_word' id='word_1_835' title='bbox 1273 2351 1372 2386; x_wconf 83' lang='grc' dir='ltr'>πολλῆς</span> <span class='ocrx_word' id='word_1_836' title='bbox 1392 2351 1613 2388; x_wconf 82' lang='grc' dir='ltr'>δραματουργίας</span> <span class='ocrx_word' id='word_1_837' title='bbox 1629 2351 1682 2379; x_wconf 86' lang='grc' dir='ltr'>τῶν</span> <span class='ocrx_word' id='word_1_838' title='bbox 1704 2351 1739 2379; x_wconf 82' lang='grc' dir='ltr'>τὰ</span> <span class='ocrx_word' id='word_1_839' title='bbox 1752 2350 1849 2379; x_wconf 83' lang='grc' dir='ltr'>τοιαῦτα</span> 
     </span>
    </p>
   </div>
   <div class='ocr_carea' id='block_1_110' title="bbox 1077 2396 1848 2433">
    <p class='ocr_par' dir='ltr' id='par_1_110' title="bbox 1077 2396 1848 2433">
     <span class='ocr_line' id='line_1_110' title="bbox 1077 2396 1848 2433; baseline -0.004 -9"><span class='ocrx_word' id='word_1_840' title='bbox 1077 2397 1228 2432; x_wconf 85' lang='grc' dir='ltr'>λεγόντωνί</span> <span class='ocrx_word' id='word_1_841' title='bbox 1247 2396 1285 2428; x_wconf 82' lang='grc' dir='ltr'>ὡς</span> <span class='ocrx_word' id='word_1_842' title='bbox 1303 2396 1383 2424; x_wconf 84' lang='grc' dir='ltr'>παντί</span> <span class='ocrx_word' id='word_1_843' title='bbox 1401 2405 1439 2432; x_wconf 86' lang='grc' dir='ltr'>τῳ</span> <span class='ocrx_word' id='word_1_844' title='bbox 1465 2397 1549 2432; x_wconf 82' lang='grc' dir='ltr'>σαφὲς</span> <span class='ocrx_word' id='word_1_845' title='bbox 1564 2398 1617 2433; x_wconf 81' lang='grc' dir='ltr'>εῐη,</span> <span class='ocrx_word' id='word_1_846' title='bbox 1645 2397 1738 2433; x_wconf 84' lang='grc' dir='ltr'>μίμων</span> <span class='ocrx_word' id='word_1_847' title='bbox 1762 2396 1848 2433; x_wconf 81' lang='grc' dir='ltr'>μᾶλλον</span> 
     </span>
    </p>
   </div>
   <div class='ocr_carea' id='block_1_111' title="bbox 1077 2443 1846 2480">
    <p class='ocr_par' dir='ltr' id='par_1_111' title="bbox 1077 2443 1846 2480">
     <span class='ocr_line' id='line_1_111' title="bbox 1077 2443 1846 2480; baseline 0.001 -10"><span class='ocrx_word' id='word_1_848' title='bbox 1077 2443 1259 2479; x_wconf 80' lang='grc' dir='ltr'>ἐργαστήριον</span> <span class='ocrx_word' id='word_1_849' title='bbox 1276 2443 1348 2479; x_wconf 70' lang='grc' dir='ltr'>ἥπερ</span> <span class='ocrx_word' id='word_1_850' title='bbox 1364 2443 1530 2478; x_wconf 75' lang='grc' dir='ltr'>ἐπαγγελίας</span> <span class='ocrx_word' id='word_1_851' title='bbox 1544 2443 1615 2479; x_wconf 77' lang='grc' dir='ltr'>ζωῆς</span> <span class='ocrx_word' id='word_1_852' title='bbox 1630 2444 1647 2480; x_wconf 83' lang='grc' dir='ltr'><strong>ἧ</strong></span> <span class='ocrx_word' id='word_1_853' title='bbox 1668 2445 1794 2475; x_wconf 87' lang='grc' dir='ltr'>συνέσεως</span> <span class='ocrx_word' id='word_1_854' title='bbox 1807 2451 1846 2478; x_wconf 81' lang='grc' dir='ltr'>χα-</span> 
     </span>
    </p>
   </div>
   <div class='ocr_carea' id='block_1_112' title="bbox 1079 2489 1845 2527">
    <p class='ocr_par' dir='ltr' id='par_1_112' title="bbox 1079 2489 1845 2527">
     <span class='ocr_line' id='line_1_112' title="bbox 1079 2489 1845 2527; baseline -0.001 -9"><span class='ocrx_word' id='word_1_855' title='bbox 1079 2492 1203 2527; x_wconf 87' lang='grc' dir='ltr'>ρακτῆρα</span> <span class='ocrx_word' id='word_1_856' title='bbox 1218 2491 1404 2527; x_wconf 80' lang='grc' dir='ltr'>κεκτημένων.</span> <span class='ocrx_word' id='word_1_857' title='bbox 1432 2491 1464 2518; x_wconf 87' lang='grc' dir='ltr'>Εί</span> <span class='ocrx_word' id='word_1_858' title='bbox 1489 2490 1543 2527; x_wconf 85' lang='grc' dir='ltr'>γὰρ</span> <span class='ocrx_word' id='word_1_859' title='bbox 1560 2492 1628 2523; x_wconf 81' lang='grc' dir='ltr'>ὅλως</span> <span class='ocrx_word' id='word_1_860' title='bbox 1644 2491 1720 2518; x_wconf 74' lang='grc' dir='ltr'>ἔλυεν</span> <span class='ocrx_word' id='word_1_861' title='bbox 1739 2491 1800 2518; x_wconf 80' lang='grc' dir='ltr'>αὐτὸ</span> <span class='ocrx_word' id='word_1_862' title='bbox 1820 2489 1845 2515; x_wconf 76' lang='grc' dir='ltr'>τὸ</span> 
     </span>
    </p>
   </div>
   <div class='ocr_carea' id='block_1_113' title="bbox 1079 2535 1844 2574">
    <p class='ocr_par' dir='ltr' id='par_1_113' title="bbox 1079 2535 1844 2574">
     <span class='ocr_line' id='line_1_113' title="bbox 1079 2535 1844 2574; baseline -0.004 -10"><span class='ocrx_word' id='word_1_863' title='bbox 1079 2538 1173 2573; x_wconf 81' lang='grc' dir='ltr'>σῶμα,</span> <span class='ocrx_word' id='word_1_864' title='bbox 1189 2538 1257 2573; x_wconf 80' lang='grc' dir='ltr'>ὅπερ</span> <span class='ocrx_word' id='word_1_865' title='bbox 1271 2537 1376 2572; x_wconf 76' lang='grc' dir='ltr'>εἴληφε,</span> <span class='ocrx_word' id='word_1_866' title='bbox 1395 2537 1448 2565; x_wconf 82' lang='grc' dir='ltr'>τίνι</span> <span class='ocrx_word' id='word_1_867' title='bbox 1471 2537 1510 2573; x_wconf 90' lang='grc' dir='ltr'>τῷ</span> <span class='ocrx_word' id='word_1_868' title='bbox 1530 2538 1602 2573; x_wconf 85' lang='grc' dir='ltr'>λόγῳ</span> <span class='ocrx_word' id='word_1_869' title='bbox 1624 2539 1671 2565; x_wconf 83' lang='grc' dir='ltr'><strong>ἀπ’</strong></span> <span class='ocrx_word' id='word_1_870' title='bbox 1686 2539 1770 2574; x_wconf 82' lang='grc' dir='ltr'>ἀρχῆς</span> <span class='ocrx_word' id='word_1_871' title='bbox 1790 2535 1844 2563; x_wconf 77' lang='grc' dir='ltr'>αὐτὸ</span> 
     </span>
    </p>
   </div>
   <div class='ocr_carea' id='block_1_114' title="bbox 1078 2582 1842 2619">
    <p class='ocr_par' dir='ltr' id='par_1_114' title="bbox 1078 2582 1842 2619">
     <span class='ocr_line' id='line_1_114' title="bbox 1078 2582 1842 2619; baseline -0.001 -9"><span class='ocrx_word' id='word_1_872' title='bbox 1078 2583 1165 2619; x_wconf 84' lang='grc' dir='ltr'>ἑαυτῷ</span> <span class='ocrx_word' id='word_1_873' title='bbox 1189 2583 1404 2616; x_wconf 72' lang='grc' dir='ltr'>κατεσκεύαζενς</span> <span class='ocrx_word' id='word_1_874' title='bbox 1426 2584 1456 2610; x_wconf 86' lang='lat' dir='ltr'><strong>El</strong></span> <span class='ocrx_word' id='word_1_875' title='bbox 1481 2583 1509 2610; x_wconf 87' lang='grc' dir='ltr'>δὲ</span> <span class='ocrx_word' id='word_1_876' title='bbox 1535 2582 1718 2616; x_wconf 81' lang='grc' dir='ltr'>κατεσκεύαζε</span> <span class='ocrx_word' id='word_1_877' title='bbox 1739 2583 1779 2610; x_wconf 80' lang='grc' dir='ltr'>διά</span> <span class='ocrx_word' id='word_1_878' title='bbox 1793 2587 1842 2608; x_wconf 78' lang='grc' dir='ltr'>τινα</span> 
     </span>
    </p>
   </div>
   <div class='ocr_carea' id='block_1_115' title="bbox 1078 2627 1842 2666">
    <p class='ocr_par' dir='ltr' id='par_1_115' title="bbox 1078 2627 1842 2666">
     <span class='ocr_line' id='line_1_115' title="bbox 1078 2627 1842 2666; baseline -0.005 -10"><span class='ocrx_word' id='word_1_879' title='bbox 1078 2630 1175 2665; x_wconf 82' lang='grc' dir='ltr'>χρῆσιν</span> <span class='ocrx_word' id='word_1_880' title='bbox 1189 2648 1196 2662; x_wconf 87' lang='grc'><em>,</em></span> <span class='ocrx_word' id='word_1_881' title='bbox 1215 2629 1361 2656; x_wconf 81' lang='grc' dir='ltr'>ἀπετέλεσε</span> <span class='ocrx_word' id='word_1_882' title='bbox 1380 2629 1409 2656; x_wconf 85' lang='grc' dir='ltr'>δὲ</span> <span class='ocrx_word' id='word_1_883' title='bbox 1434 2629 1465 2656; x_wconf 78' lang='grc' dir='ltr'><strong>τὸ</strong></span> <span class='ocrx_word' id='word_1_884' title='bbox 1483 2628 1564 2665; x_wconf 70' lang='grc' dir='ltr'>ἔργον</span> <span class='ocrx_word' id='word_1_885' title='bbox 1583 2629 1630 2665; x_wconf 82' lang='grc' dir='ltr'>τῆς</span> <span class='ocrx_word' id='word_1_886' title='bbox 1646 2630 1782 2666; x_wconf 82' lang='grc' dir='ltr'>χρήσεως·</span> <span class='ocrx_word' id='word_1_887' title='bbox 1799 2627 1842 2654; x_wconf 80' lang='grc' dir='ltr'>ἔδει</span> 
     </span>
    </p>
   </div>
   <div class='ocr_carea' id='block_1_116' title="bbox 1077 2671 1840 2710">
    <p class='ocr_par' dir='ltr' id='par_1_116' title="bbox 1077 2671 1840 2710">
     <span class='ocr_line' id='line_1_116' title="bbox 1077 2671 1840 2710; baseline -0.003 -8"><span class='ocrx_word' id='word_1_888' title='bbox 1077 2674 1237 2710; x_wconf 82' lang='grc' dir='ltr'>καταλεῖψαι</span> <span class='ocrx_word' id='word_1_889' title='bbox 1256 2675 1322 2702; x_wconf 85' lang='grc' dir='ltr'>αὒτὺ</span> <span class='ocrx_word' id='word_1_890' title='bbox 1337 2675 1367 2702; x_wconf 80' lang='grc' dir='ltr'><strong>έν</strong></span> <span class='ocrx_word' id='word_1_891' title='bbox 1387 2675 1421 2710; x_wconf 85' lang='grc' dir='ltr'>τῇ</span> <span class='ocrx_word' id='word_1_892' title='bbox 1442 2675 1495 2710; x_wconf 82' lang='grc' dir='ltr'><strong>γῇ,</strong></span> <span class='ocrx_word' id='word_1_893' title='bbox 1512 2675 1629 2710; x_wconf 80' lang='grc' dir='ltr'>μάλιστα</span> <span class='ocrx_word' id='word_1_894' title='bbox 1647 2674 1708 2702; x_wconf 77' lang='grc' dir='ltr'>καθ’</span> <span class='ocrx_word' id='word_1_895' title='bbox 1724 2674 1788 2710; x_wconf 73' lang='grc' dir='ltr'>ὑμᾶς</span> <span class='ocrx_word' id='word_1_896' title='bbox 1801 2671 1840 2705; x_wconf 80' lang='grc' dir='ltr'><strong>τῆς</strong></span> 
     </span>
    </p>
   </div>
   <div class='ocr_carea' id='block_1_117' title="bbox 1078 2716 1839 2757">
    <p class='ocr_par' dir='ltr' id='par_1_117' title="bbox 1078 2716 1839 2757">
     <span class='ocr_line' id='line_1_117' title="bbox 1078 2716 1839 2757; baseline -0.004 -8"><span class='ocrx_word' id='word_1_897' title='bbox 1078 2721 1150 2749; x_wconf 78' lang='grc' dir='ltr'>κατὰ</span> <span class='ocrx_word' id='word_1_898' title='bbox 1167 2720 1218 2757; x_wconf 76' lang='grc' dir='ltr'>τὴν</span> <span class='ocrx_word' id='word_1_899' title='bbox 1234 2721 1381 2748; x_wconf 77' lang='grc' dir='ltr'>ἀνάστασιν</span> <span class='ocrx_word' id='word_1_900' title='bbox 1398 2720 1447 2756; x_wconf 84' lang='grc' dir='ltr'>τῆς</span> <span class='ocrx_word' id='word_1_901' title='bbox 1468 2720 1568 2756; x_wconf 78' lang='grc' dir='ltr'>σαρκὸς</span> <span class='ocrx_word' id='word_1_902' title='bbox 1591 2720 1697 2752; x_wconf 75' lang='grc' dir='ltr'>ἐλπίδος</span> <span class='ocrx_word' id='word_1_903' title='bbox 1713 2720 1791 2750; x_wconf 77' lang='grc' dir='ltr'>εἴδους</span> <span class='ocrx_word' id='word_1_904' title='bbox 1810 2716 1839 2752; x_wconf 70' lang='grc' dir='ltr'>μὴ</span> 
     </span>
    </p>
   </div>
  </div>
