1964 3047
64 154 65 164 η
93 130 149 159 8‘25

434 129 619 160 ADVERSUS
637 130 808 160 "EBESES
827 131 882 159 LlB

948 132 1030 162 ΤΟΗ.
1051 134 1097 163 lli.
1110 135 1290 165 -ΙῐᾹΞΙὶΕΞ,
1312 135 1397 166 XLIV.

1670 134 1726 163 8‘15

94 190 192 226 χρείαν
216 190 324 225 ἔχοντος
344 189 531 224 τελειωθῆναι.
555 189 636 218 Ἀλλά
657 190 806 224 ἀνέστησεν
824 190 884 217 αὐτὶ

941 192 1034 227 perfici
1056 192 1132 221 nullo
1150 197 1230 228 pacto
1248 194 1393 222 desideret.
1413 192 1494 228 Atqui
1514 191 1580 220 illud
1598 193 1726 220 escitavit

95 236 189 270 πάλιν,
207 236 250 263 ῐνα
269 236 310 267 εἰς
323 235 447 270 κάματον
461 235 558 262 ἑαυτὸν
572 236 618 262 τὸν
636 235 747 271 μείζονα
759 235 884 271 ἐμϐάλοι,

94 282 140 309 ἴνα
159 281 242 318 μηδὲν
256 281 385 318 ὠφελήσῃ
410 280 639 313 κατασκευάζων,
657 281 705 308 καὶ
718 281 747 307 ὲν
765 282 885 316 μνήματι

94 327 310 363 ἀποτιθέμενος,
335 328 383 353 καὶ
404 326 538 360 διαλύων,
558 327 606 353 καὶ
634 327 751 362 μερίζων
779 327 885 362 ἑκάστῳ

94 372 151 400 τῶν
169 372 318 407 στοιχείων,
332 372 400 408 ὅπερ
415 372 480 407 παρ’
498 371 579 398 αὑτοῦ
595 371 715 407 εἴληφεν,
733 372 770 404 ὡς
785 372 885 406 εὐγνώ-

97 427 157 453 μων
180 417 381 453 χρεωφειλέτης.
399 417 455 444 Καὶ
479 417 503 443 εἰ
529 416 598 448 ὅλως
622 417 729 452 ἑκάστῳ
749 417 883 450 ἀπεδίδου,

96 465 223 492 τουτέστι
237 464 267 491 τὸ
286 464 390 500 ψυχρὸν
408 462 447 499 τῷ
462 462 574 498 ψυχρῷ,
597 463 644 490 καὶ
666 463 697 489 τὸ
721 462 822 499 Θερμὸν
846 463 886 499 τῷ

96 510 207 546 θερμῷ,
219 510 334 546 ήδύνατο
345 509 431 537 ταῦτα
446 509 484 545 μὴ
497 509 611 545 ὁρᾶσθαι
627 510 683 541 τοῖς
697 509 779 536 αὑτοῦ
799 510 886 546 μαθη-

94 558 170 589 ταῖς·
189 557 247 584 ἀλλ’
260 557 291 584 οὐ
317 555 369 592 μὴν
386 555 415 582 τὸ
443 555 521 590 σῶμα
539 554 570 581 τὸ
699 555 811 588 Πάντως
830 556 885 592 γὰρ

94 603 129 629 τὸ
143 603 225 639 ξηρὸν
237 602 317 638 σῶμά
331 603 400 635 ἐστι,
421 601 488 637 σὰρξ
505 601 552 628 καὶ
567 601 658 627 ὀστέα.
681 601 736 628 Καὶ
754 601 784 628 τὸ
803 601 885 638 ὑγρὸν

92 649 207 681 πάντως
221 648 319 685 ἰχῶρες
339 648 403 680 εισι,
415 648 461 674 καὶ
479 647 547 682 σὰρξ
573 647 612 679 εἰς
631 647 766 682 ὑγρότητα
782 647 882 674 διαλυο-

97 694 179 730 μένη.
197 694 293 721 Ἀτινα
318 693 426 725 πάντως
448 693 505 724 τοῖς
524 691 683 724 ἀποστόλοις
709 693 885 729 φανερώτατα

95 739 309 774 ἀποτιθέμενος,
334 739 469 774 ἐσήμανεν
483 758 491 771 ,
513 737 551 769 ὼς
576 737 623 764 καὶ
639 737 670 764 τὸ
692 737 799 774 πρῶτον
811 758 820 771 ,
839 739 885 765 ὅτε

96 786 230 813 ἐθάπτετο
249 785 279 812 τὸ
292 784 373 812 αὑτοῦ
390 785 485 820 σῶμα,
508 783 669 819 κατηξιοῦτο
689 784 787 820 Ἰωσὴφ
803 786 818 812 6
831 785 885 812 άπὸ

103 831 283 868 ’Δριμαθαίας
295 830 427 863 ὲντυλίξαι
437 830 503 857 αὐτὸ
515 831 543 857 ὲν
556 830 663 864 σινδόνι,
678 830 725 857 καὶ
736 831 884 858 ἀποθέσθαι

935 237 1035 269 denuo.
1051 246 1106 274 quo
1119 239 1247 274 majorem
1263 239 1315 266 sibi
1329 238 1448 266 laborem
1462 239 1628 273 imponeret;
1643 237 1725 273 idque

935 283 995 311 sine
1019 283 1074 310 ullo
1100 283 1189 311 fructu
1214 287 1385 315 contextum,
1411 288 1492 318 atque
1516 283 1543 310 in
1567 284 1725 319 sepulcrum

935 328 1088 364 depositum
1109 336 1201 365 postea
1216 333 1367 363 retexeret,
1390 334 1489 366 alque,
1507 332 1537 357 ut
1550 329 1724 365 aequissimus

935 373 1051 408 debitor,
1072 376 1145 410 quod
1168 375 1202 402 ab
1224 382 1388 410 unoquoque
1406 375 1540 402 elemento
1559 380 1722 410 sumpserat,

934 420 1037 447 eisdem
1055 421 1155 455 optima
1177 420 1228 448 fide
1243 421 1413 448 restitueret.
1432 419 1492 446 Jam
1511 423 1542 446 ut
1556 426 1606 446 sua
1625 420 1725 454 cuique

934 466 1094 499 reddiderit,
1111 471 1176 502 puta
1190 466 1288 503 frigido
1301 466 1439 502 frigidum,
1453 470 1480 493 et
1494 465 1582 493 calido
1593 466 1724 498 calidum,

935 511 1023 548 potuit
1050 511 1077 539 id
1099 512 1183 540 latere
1202 512 1313 548 quidem
1337 512 1499 547 discipulos.
1523 512 1612 547 ipsum
1633 516 1725 539 tamen

934 563 1034 591 corpus
1053 556 1155 584 siccum
1172 557 1285 584 minime
1302 557 1399 592 potuit.
1419 556 1529 584 Siccum
1550 558 1623 584 enim
1646 557 1727 593 plane

933 609 1035 637 corpus
1050 601 1131 637 383
1148 606 1201 636 est,
1220 610 1296 635 caro,
1319 603 1442 638 inquam,
1458 607 1485 631 ct
1503 610 1577 631 ossa.
1595 601 1726 630 Similiter

934 651 961 674 et
976 646 1117 673 humidum
1133 647 1225 675 sanies
1239 650 1300 680 est,
1316 650 1344 675 et
1367 654 1433 674 caro
1454 654 1514 682 quae
1536 647 1563 674 in
1584 646 1726 675 humorem

935 691 1096 719 extabescit.
1117 691 1183 725 Quae
1203 692 1296 720 omnia
1316 700 1379 720 cum
1400 692 1545 721 manifeste
1566 692 1724 728 deponeret.

934 738 1066 773 apostolis
1088 738 1146 766 suis
1166 738 1280 766 omnino
1303 739 1496 774 significasset.
1522 743 1553 766 ut
1577 743 1659 766 antea
1681 739 1725 767 fe-

934 788 1020 814 cerat.
1045 791 1107 811 cum
1134 784 1194 818 ejus
1214 792 1315 819 corpus
1338 785 1465 820 sepulcro
1488 785 1647 812 mandatum
1669 788 1724 813 est.

934 828 1004 857 Tum
1019 829 1092 857 enim
1110 828 1230 865 Josepho
1247 830 1457 858 Arimathaeensi
1473 830 1649 865 permissum.
1665 830 1726 858 sin-

95 878 128 905 ἔν
146 878 276 914 μνήματι.
291 877 367 912 Ἅμα
380 877 409 904 δὲ
425 877 471 904 καὶ
485 877 513 903 αἰ
522 877 651 911 γυναῖκες
666 874 738 912 εἰχον
753 876 816 904 ἰδεῖν
833 876 884 904 ποῦ

936 875 1008 903 done
1026 880 1054 903 ut
1069 875 1137 903 illud
1154 876 1319 909 obvolveret,
1337 880 1420 911 atque
1437 876 1465 903 in
1482 879 1660 903 monumento
1674 875 1724 902 de-

95 923 261 959 κατελείφθη
275 923 309 950 τά
327 922 455 957 λείψανα,
470 923 514 949 (va
530 922 599 949 αὐτὰ
621 923 756 958 τιμήσωσι
771 922 815 950 διὰ
835 923 885 959 μύ-

97 977 154 1006 ρων
166 969 213 996 και
227 968 390 1005 ἀρωμάτων,
405 969 443 1000 ὡς
458 969 488 995 τὸ
498 967 616 1004 πρῶτον.
640 968 709 995 Ἀλλ’
720 969 839 1005 οὐδαμοῦ
853 969 884 996 τὸ

94 1013 193 1050 ψεῦδος
208 1013 284 1049 ὑμῶν
294 1012 372 1040 τοῦτο
386 1013 547 1048 δεδήλωται,
563 1009 586 1040 ὧ
608 1013 792 1049 Ἀπελληῖανοὶ
804 1033 812 1046 ,
828 1013 884 1042 ἀπὸ

95 1061 156 1092 ἑνὸς
176 1059 230 1087 τῶν
240 1060 325 1094 ἁγίων
337 1059 501 1086 ἀποστόλων.
514 1060 552 1086 Οὒ
564 1059 618 1095 γάρ
632 1060 715 1088 ἐστιν.
733 1059 812 1087 Ἀλλά
820 1060 884 1093 τοὺς

97 1107 148 1142 μὲν
161 1106 292 1142 άοράτους
306 1105 411 1142 ὁρατῶς
424 1103 493 1132 εἶδον
504 1104 550 1132 δύο
562 1105 661 1141 ἄνδρας
669 1125 676 1137 ,
689 1106 736 1133 καὶ
753 1105 833 1133 αὐτὸν
843 1107 884 1138 εἰς

94 1151 210 1188 οὐρανὸν
235 1151 414 1188 ἀνερχόμενον
429 1170 437 1183 ,
460 1150 508 1177 καὶ
534 1150 586 1177 ὑπὸ
612 1150 726 1186 νεφέλης
750 1152 884 1186 φωτεινῆς

96 1197 363 1233 ὕπολαμὸανόμενον,
381 1195 507 1231 λείψανον
521 1195 549 1222 δὲ
563 1196 644 1223 αὑτοῦ
659 1196 776 1231 οὐδαμοῦ
800 1205 883 1224 κατα-

95 1243 281 1279 λελειμμένον.
309 1243 346 1270 οὑ
369 1243 423 1279 γὰρ
442 1243 525 1280 ἐχρῆν
538 1262 546 1274 ,
572 1243 632 1270 οὐδὲ
657 1243 802 1278 ἐνεδέχετο.
828 1243 884 1270 Καὶ

94 1290 221 1326 ψεύδεται
243 1289 372 1326 ’Δπελλῆς
383 1310 390 1323 ,
410 1289 457 1317 καὶ
472 1290 496 1316 οἰ
515 1290 564 1327 απ*
584 1289 667 1317 αὐτοῦ
685 1289 882 1324 ’Δπελληῖανοί.

937 926 1060 957 poneret.
1081 921 1217 950 Praeterea
1238 923 1369 950 mulieres
1390 923 1481 950 locum
1500 923 1576 950 illum
1598 922 1723 950 animad-

939 971 1048 995 vertere
1055 969 1220 1003 potuissent.
1233 969 1277 996 cui
1287 969 1408 1004 reliquiae
1414 969 1612 997 commendata:
1623 969 1723 1002 forent.

934 1017 965 1041 ut
983 1021 1030 1042 eas
1050 1014 1196 1049 unguentis
1218 1018 1245 1042 et
1266 1015 1435 1043 aromatibus
1458 1015 1610 1044 honorifice
1632 1015 1725 1043 condi-

935 1064 1006 1088 rent.
1039 1059 1092 1088 Sed
1107 1062 1158 1090 hoc
1172 1066 1304 1094 vestrum,
1321 1062 1485 1098 Apelleiani,
1501 1061 1674 1090 mendacium
1690 1069 1725 1090 ne

934 1113 1009 1134 unus
1027 1107 1138 1142 quidem
1158 1115 1190 1135 ex
1211 1108 1343 1144 apostolis
1363 1107 1599 1136 commemoravit.
1618 1107 1724 1144 Quippe

934 1161 1076 1189 nunquam
1093 1154 1128 1182 ita
1142 1159 1249 1190 gestum
1264 1155 1330 1182 illud
1347 1158 1399 1183 est.
1414 1153 1515 1182 Verum
1528 1154 1598 1183 duos
1612 1154 1723 1190 quidem

936 1206 987 1234 per
997 1207 1058 1227 sese
1070 1201 1181 1228 minime
1196 1201 1388 1236 aspectabiles.
1405 1205 1516 1228 externa
1531 1203 1622 1228 tamen
1633 1200 1725 1235 specie

932 1250 1097 1281 apparentes
1113 1247 1188 1275 viros
1203 1247 1295 1275 intuiti
1311 1251 1393 1280 sunt,
1418 1247 1562 1282 ipsumque
1578 1246 1606 1274 in
1623 1247 1724 1275 caelum

932 1291 1137 1324 ascendentem,
1160 1299 1193 1319 ac
1214 1292 1305 1320 lucida
1323 1292 1396 1319 nube
1409 1291 1610 1320 circumfusum
1629 1291 1650 1323 ¹,
1664 1291 1724 1318 reli-

95 1338 176 1374 quias
200 1345 266 1366 vero
288 1344 427 1373 nusquam
448 1341 583 1365 terrarum
607 1337 719 1365 relictas
741 1337 877 1364 viderunt.
896 1337 989 1374 Neque
1003 1339 1076 1366 enim
1092 1339 1151 1367 ﬂeri
1168 1339 1241 1368 istud
1256 1340 1413 1376 oportebat.
1438 1343 1487 1367 aut
1514 1347 1580 1367 vero
1605 1343 1722 1375 poterat-

96 1384 187 1417 Qnare
205 1388 259 1411 tam
278 1383 386 1419 Apelles
406 1383 481 1418 ipse.
501 1391 582 1417 quam
602 1383 753 1418 Apelleiani
772 1383 878 1410 mentiti
895 1387 972 1412 sunt.

131 1431 170 1459 Δ’.
191 1432 231 1458 Τὰ
245 1432 326 1467 ὅμοια
350 1431 380 1459 δὲ
406 1431 445 1467 τῷ
473 1430 568 1457 ἑαυτοῦ
595 1431 727 1467 ἐπιστάτῃ
739 1430 882 1467 Μαρκίωνι

970 1432 1014 1460 lV.
1029 1432 1134 1460 Ctetera
1152 1440 1234 1469 porro
1253 1438 1316 1460 cum
1336 1437 1504 1467 praeceptore
1520 1439 1571 1460 Suo
1586 1430 1726 1458 Marcione

95 1478 160 1514 περί
177 1487 208 1505 τε
229 1478 280 1513 τῆς
302 1478 385 1514 ἄλλης
404 1478 504 1515 σαρκὸς
522 1478 569 1504 καὶ
594 1478 648 1504 τῶν
673 1477 760 1505 ἄλλων
781 1478 882 1513 ὁμοίως

936 1483 1120 1508 consentanea
1145 1478 1299 1514 profitetur,
1319 1485 1381 1513 quae
1404 1479 1437 1506 ad
1463 1478 1577 1505 aliorum
1601 1484 1724 1508 carnem,

93 1513 256 1558 ἐδογμάτισε
265 1532 272 1539 ·
287 1524 400 1559 φάσκων
412 1513 450 1560 μή
464 1522 533 1551 εἶναι
548 1524 695 1550 ἀνάστασιν
707 1523 821 1560 νεκρῶν,
836 1524 884 1550 καὶ

936 1531 967 1552 ac
983 1525 1088 1560 reliqua
1105 1524 1131 1552 id
1145 1513 1236 1560 genus
1260 1524 1409 1559 pertinent.
1430 1523 1515 1559 Negat
1538 1523 1609 1550 enim
1630 1529 1726 1557 corpo-

95 1569 130 1596 τὰ
142 1569 219 1601 ἄλλα,
237 1569 342 1605 ὅσαπερ
357 1569 404 1596 ἐπὶ
414 1570 463 1604 τῆς
476 1570 528 1605 γῆς
543 1569 630 1601 ἔδοξεν
643 1569 744 1604 ὁμοίως
757 1568 884 1604 δογματί-

95 1615 163 1648 ζειν.
185 1615 417 1652 Ἀνατραπήσεται
429 1616 457 1642 δὲ
472 1616 487 1642 6
498 1615 581 1642 αὐτοῦ
599 1614 726 1650 λογισμὸς
737 1614 821 1650 λῆρός
842 1623 885 1646 τις

95 1662 134 1688 ὢν
153 1663 200 1689 καὶ
213 1662 284 1689 κατὰ
300 1661 388 1689 πάντα
403 1662 502 1698 τρόπον
516 1661 732 1697 πεπλανημένος.
751 1661 819 1688 οὔτε
830 1661 885 1696 γὰρ

97 1707 202 1743 ἰσχύσει
227 1707 322 1739 σκότος
337 1707 401 1734 ἔνθα
419 1707 450 1734 τὸ
463 1706 521 1742 φῶς
537 1707 737 1742 παραφαινεται
751 1726 759 1738 ,
774 1705 836 1732 οὔτε
853 1705 885 1731 τὸ

95 1754 193 1789 ψεῦδος
207 1753 370 1788 σταθήσεται
381 1752 464 1789 οὔσης
474 1753 524 1788 τῆς
540 1752 677 1788 ἀληθείας.
700 1752 732 1779 Εἰ
747 1752 801 1788 γὰρ
816 1751 885 1783 ὅλως

97 1800 231 1836 κέχρησαι
244 1801 303 1831 ταῖς
323 1799 460 1835 Γραφαῖς,
477 1795 499 1826 ὣ
520 1798 634 1834 ’Δπελλῆ
657 1798 703 1825 καὶ
724 1798 748 1825 οἰ
766 1797 820 1825 ἀπὸ
837 1798 885 1825 σοῦ

103 1844 290 1880 ’Δπελληῐανοὶ
303 1864 312 1878 ,
332 1844 361 1878 ἐξ
386 1844 476 1872 αὐτῶν
505 1844 559 1871 τῶν
575 1843 691 1880 Γραφῶν
706 1842 885 1879 εὐρεθήσεσϐε

96 1891 270 1927 ἐλεγχόμενοι
285 1899 293 1907 ·
322 1890 430 1927 πρῶτον
460 1890 509 1926 μὲν
524 1909 532 1923 ,
556 1891 597 1917 ὃτι
622 1891 683 1917 κατ’
706 1889 799 1916 εἰκόνα
816 1888 884 1915 Θεού

96 1937 224 1971 ἐποίησεν
248 1937 263 1963 6
284 1935 350 1968 Θεὸς
363 1936 409 1962 τὸν
426 1935 582 1971 ἄνθρωπον·
605 1936 620 1962 6
635 1934 664 1961 δὲ
680 1935 795 1970 ποιήσας
814 1933 883 1968 ἔφη’

97 1981 273 2017 Ποιήσωμεν
288 1982 444 2016 ἄνθρωπον
467 1981 531 2008 κατ’
545 1982 648 2008 εἰκόνα
668 1980 815 2015 ἡμετέραν
836 1979 885 2006 καὶ

97 2028 164 2056 καθ’
183 2028 333 2063 ὁμοίωσιν.
358 2027 401 2059 '0;
415 2027 442 2054 ετ
453 2036 494 2059 τις
510 2027 564 2053 ἀπὸ
577 2027 626 2062 τῆς
648 2026 696 2053 σοῦ
709 2025 885 2061 πεπλανημέ-

97 2083 147 2111 νης
160 2074 291 2110 αἱρέσεως
301 2073 473 2109 ὲπιστρέψειε
488 2074 556 2109 πρὸς
567 2074 617 2109 τὴν
631 2073 769 2109 ἀλήθειαν,
783 2072 821 2104 ὡς
832 2072 886 2099 ἀπὸ

98 2121 211 2153 σκότους
226 2120 381 2156 ἀποδράσας
399 2120 447 2147 καὶ
461 2120 516 2146 ἀπὸ
539 2120 634 2151 νυκτὸς
648 2120 784 2152 ἀναστὰς,
811 2119 885 2155 εὖροι

934 1578 995 1598 rum
1016 1578 1078 1598 esse
1099 1571 1342 1603 resurrectionem,
1370 1574 1523 1604 caateraque
1541 1568 1575 1596 ad
1595 1567 1724 1596 eumdem

934 1616 1055 1648 modum,
1073 1624 1129 1652 quo
1150 1616 1195 1644 ille
1215 1621 1277 1643 cum
1298 1615 1325 1642 in
1345 1615 1414 1641 vivis
1436 1617 1527 1649 ageret
1548 1614 1576 1640 in
1594 1612 1724 1648 opinione

934 1669 985 1690 sua
997 1661 1098 1698 posuit.
1118 1661 1170 1689 Sed
1187 1661 1348 1697 opinionum
1366 1661 1418 1688 illa!
1436 1667 1514 1695 nugas
1533 1666 1564 1687 ac
1582 1658 1725 1686 mendacia

933 1708 1078 1736 manifeste
1096 1708 1305 1742 redarguentur.
1325 1705 1418 1741 Neque
1435 1705 1506 1732 enim
1525 1704 1624 1732 virium
1643 1703 1721 1739 quid.

934 1761 1016 1790 quam
1035 1754 1134 1782 habent
1151 1753 1282 1785 tenebrae,
1300 1752 1347 1780 ubi
1364 1751 1495 1787 splendor
1513 1749 1583 1778 lucis
1608 1749 1724 1781 emicat;

935 1808 986 1828 nec
1009 1800 1148 1835 aperiente
1168 1807 1199 1827 se
1220 1799 1335 1827 veritate
1359 1797 1466 1825 falsitas
1487 1795 1624 1824 consistit.
1644 1794 1726 1828 Quod

934 1846 959 1875 si
987 1853 1128 1874 sacrarum
1156 1842 1324 1872 Litterarum
1358 1843 1398 1871 uti
1430 1841 1590 1870 testimonio
1620 1841 1722 1876 placet,

934 1892 1055 1927 Apelles,
1074 1899 1178 1926 vosque
1194 1889 1359 1926 Apelieiani.
1380 1888 1433 1917 illa:
1449 1889 1516 1923 ipsa;
1535 1894 1584 1915 sua
1601 1894 1651 1914 vos
1670 1893 1722 1913 au-

934 1938 1061 1966 ct0ritale
1075 1937 1248 1966 convincent.
1268 1936 1406 1967 Primum.
1432 1933 1506 1969 quod
1520 1933 1554 1961 ad
1572 1933 1720 1967 imaginem

935 1984 982 2012 Dei
1004 1984 1085 2011 homo
1107 1991 1122 2010 a
1142 1982 1199 2010 Deo
1220 1982 1310 2009 factus
1329 1985 1382 2008 est.
1402 1981 1441 2007 Ac
1461 1979 1508 2015 qui
1530 1978 1606 2006 illum
1628 1977 1693 2004 fecit
1713 1986 1720 2005 :

936 2029 1090 2061 Faciamus,
1111 2029 1209 2064 inquit,
1228 2027 1358 2055 hominem
1377 2026 1412 2053 ad
1432 2025 1572 2060 imaginem
1587 2028 1612 2051 et
1627 2023 1719 2051 simili-

937 2075 1053 2103 tudinem
1076 2079 1194 2100 nostram
1215 2074 1238 2100 ¹.
1260 2071 1397 2105 Quocirca
1415 2071 1439 2099 si
1458 2070 1520 2105 quis
1539 2077 1555 2096 a
1574 2068 1724 2097 falsissima

935 2125 982 2148 tua
1006 2120 1102 2148 haeresi
1128 2127 1190 2147 sese
1207 2118 1241 2146 ad
1261 2119 1403 2146 veritalem
1419 2115 1598 2148 converterit,
1614 2120 1641 2142 et
1657 2118 1721 2141 tan-

98 2167 131 2194 ἂν
143 2167 175 2193 τὸ
195 2166 253 2202 φῶς
269 2166 343 2202 αὑτῷ
362 2166 503 2193 ἀνατεϊλαν
526 2165 575 2201 τῆς
601 2164 648 2192 τοῦ
676 2165 744 2195 Θεοῦ
759 2164 884 2200 γνώσεως

936 2175 1018 2203 quam
1042 2174 1058 2194 e
1084 2169 1164 2193 nocte
1189 2171 1221 2191 ac
1249 2163 1369 2191 tenebris
1391 2161 1547 2192 emerserit,
1573 2160 1600 2187 in
1622 2159 1726 2187 divinze

98 2211 174 2247 ήλίου
188 2211 265 2247 δίκην
279 2211 326 2238 καὶ
337 2210 407 2246 ὑπὲρ
423 2211 507 2246 ἥλιον.

132 2302 284 2336 Φανήσεται
308 2301 364 2337 γὰρ
389 2301 470 2328 παντὶ
491 2301 530 2337 τῷ
552 2301 598 2328 τὸν
621 2300 730 2336 εὒλογον
755 2300 885 2336 λογισμὸν

99 2346 259 2382 κεκτημένῳ
271 2365 278 2377 ,
296 2346 337 2374 ὃτι
356 2347 370 2372 6
386 2345 470 2372 εἰπὼν
483 2365 490 2377 ,
517 2346 693 2380 Ποιήσωμεν
718 2345 884 2380 ἄνθρωπον,

98 2394 113 2420 6
127 2392 194 2423 Θεός
207 2393 280 2419 ἐστιν
291 2393 308 2418 6
322 2391 376 2418 τῶν
389 2391 457 2418 ὅλων
470 2392 574 2427 Πατήρ.
591 2391 769 2426 Συγκαλεῖται
781 2392 811 2418 δὲ
826 2391 886 2427 μεθ’

99 2437 196 2468 ιαυτοῦ
206 2438 252 2465 τὸν
266 2439 309 2466 ἀεὶ
321 2439 384 2466 δντα
404 2440 452 2465 σὺν
468 2438 542 2474 αὐτῷ
556 2438 621 2466 Θεὸν
635 2439 720 2473 Λόγον
733 2438 795 2464 Υἰὸν
809 2446 887 2473 μονο-

99 2485 164 2520 γενῆ
178 2505 186 2517 ,
202 2484 233 2517 ἐξ
244 2484 324 2511 αὐτοῦ
343 2485 469 2520 ἁνάρχως
485 2484 531 2511 καὶ
543 2484 664 2520 ὰχρόνως
677 2483 885 2519 γεγεννημένον*

99 2531 158 2566 ἃμα
172 2531 202 2557 δὲ
227 2531 274 2558 καὶ
294 2531 325 2558 τὸ
344 2531 421 2565 ἅγιον
445 2529 528 2557 αὑτοῦ
555 2529 685 2565 Πνεῦμα,
709 2530 740 2556 τὸ
764 2529 814 2556 οὐκ
836 2529 885 2556 ἀλ-

98 2577 203 2611 λότριον
217 2575 299 2603 αὑτοῦ
319 2576 378 2603 οὐδὲ
389 2576 437 2603 τοῦ
452 2575 532 2603 αὑτοῦ
548 2576 612 2606 ἰδίου
630 2576 706 2604 Tia-3.
720 2577 752 2604 Εἰ
771 2576 825 2613 γὰρ
838 2576 885 2604 ἁλ-

99 2623 143 2656 λος
156 2621 191 2658 ἦν
206 2623 221 2650 6
234 2622 341 2653 πλάσας
352 2621 397 2651 τὸν
413 2622 554 2658 ἄνθρωπον
567 2642 574 2654 ,
591 2622 638 2649 καὶ
652 2623 698 2650 τὸν
712 2623 814 2658 κόσμον
830 2623 888 2650 κτί-

99 2677 164 2700 σας.
179 2667 259 2700 ἄλλος
278 2667 308 2694 δὲ
330 2668 346 2694 ό
370 2667 426 2694 dvo)
439 2667 541 2701 ἀγαθὸς
557 2667 623 2699 Θεὸς
634 2687 642 2699 ,
657 2668 721 2702 παρ’
739 2664 769 2695 οὗ
788 2667 888 2703 κατῆλ-

100 2715 145 2741 θεν
159 2715 174 2741 6
197 2713 330 2749 Xpwréc'
342 2713 395 2744 οὐκ
417 2713 451 2740 ἂν
463 2714 479 2740 6
502 2713 618 2748 Χριστὸς
633 2713 784 2748 ιλάμΰανεν
799 2713 888 2749 ἑαυτῷ

101 2760 197 2796 σῶμα,
228 2759 276 2786 καὶ
289 2759 391 2786 ἔπλασε
414 2759 464 2795 τὴν
483 2759 577 2787 εἰκόνα
599 2758 647 2786 τοῦ
663 2758 832 2795 Δημιουργοῦ
849 2759 890 2792 εις

138 2848 145 2865 ¹
161 2849 221 2877 Act.
244 2857 262 2884 ι,
276 2848 293 2876 9
306 2856 364 2884 sqq.
405 2849 415 2865 '
434 2847 501 2876 Gen.
518 2856 548 2881 Il,
563 2846 608 2875 26.

936 2212 1056 2243 scientiae
1074 2211 1165 2239 lumen
1187 2211 1319 2240 incurret,
1343 2208 1415 2244 quod
1432 2207 1458 2235 ei
1483 2206 1550 2234 solis
1573 2205 1660 2233 instar
1680 2206 1723 2233 vel

933 2261 1015 2290 etiam
1032 2257 1088 2286 sole
1099 2259 1159 2292 ipso
1173 2256 1275 2283 clarius
1290 2255 1440 2283 illucescet.

970 2305 1037 2332 Nam
1053 2303 1121 2331 illud
1135 2302 1260 2334 cuilibet,
1276 2302 1323 2336 qui
1340 2301 1456 2329 rationis
1471 2300 1594 2329 nonnihil
1611 2299 1722 2331 habeat,

935 2350 1051 2379 evidens
1065 2349 1130 2381 erit.
1145 2347 1229 2375 Deum
1245 2355 1307 2375 esse
1319 2350 1458 2382 parentem
1470 2347 1603 2377 omnium.
1620 2345 1666 2380 qui
1684 2345 1721 2371 ita

935 2396 1045 2423 locutus
1058 2398 1100 2422 est
1116 2403 1123 2421 :
1143 2393 1286 2420 Faciamus
1301 2392 1440 2419 hominem.
1454 2391 1511 2425 Qua
1529 2391 1637 2426 quidem
1654 2398 1722 2418 voce

934 2445 1067 2468 reternqu
1095 2439 1174 2467 illum
1195 2438 1292 2471 Deum,
1318 2437 1449 2470 Verbum,
1469 2438 1590 2472 inquam,
1621 2435 1719 2463 Filium

935 2494 1016 2515 suum
1041 2486 1188 2521 nnigennm
1210 2484 1370 2519 complexus
1385 2487 1428 2511 est
1447 2490 1455 2508 :
1474 2490 1554 2518 quem
1574 2489 1608 2510 ex
1631 2481 1722 2516 seipso

935 2533 996 2561 sine
1007 2532 1086 2559 initio
1098 2531 1174 2558 omni
1185 2538 1217 2558 ac
1229 2536 1350 2565 tempore
1362 2529 1472 2564 genuit;
1488 2536 1538 2556 nec
1548 2535 1603 2555 non
1615 2530 1642 2555 et
1658 2526 1721 2562 Spi-

936 2579 1020 2605 ritum
1039 2581 1176 2609 sanctum,
1194 2576 1242 2612 qui
1257 2583 1307 2604 nec
1322 2576 1356 2603 ab
1372 2575 1431 2607 illo,
1447 2582 1498 2602 nec
1513 2574 1547 2602 ab
1565 2573 1648 2609 38‘.
1661 2572 1724 2608 ejus

939 2622 1008 2650 Filio
1021 2623 1057 2651 sit
1069 2623 1185 2650 alienus.
1203 2621 1231 2650 Si
1249 2622 1321 2650 enim
1338 2621 1409 2649 alius
1426 2620 1495 2649 foret
1506 2620 1625 2648 hominis
1640 2619 1726 2646 fabri-

940 2673 1029 2701 calor,
1056 2668 1151 2696 mundi
1169 2668 1314 2701 conditor;
1334 2667 1405 2695 alius
1420 2673 1565 2702 supremus
1583 2672 1615 2692 ac
1634 2664 1724 2691 bonus

941 2713 1024 2746 Dens,
1037 2721 1052 2740 a
1068 2721 1124 2749 quo
1135 2713 1260 2741 Christus
1273 2712 1425 2744 descendit.
1441 2718 1579 2746 nunquam
1596 2709 1723 2737 Christus

943 2759 996 2788 sibi
1008 2766 1109 2796 corpus
1127 2759 1276 2795 attingeret,
1291 2763 1338 2786 aut
1354 2757 1468 2794 ﬁguram
1487 2756 1516 2784 in
1535 2763 1565 2784 se
1581 2754 1722 2783 Creatoris
