1964 3047
221 138 270 167 327

926 144 954 172 S.
971 142 1145 172 ἘΡΙΡΗΛΝΙΙ

1790 143 1846 172 89.8

217 193 394 228 exprimeret.
423 195 513 229 Quare
539 197 715 233 perspicuum
738 203 790 231 cst,
818 199 891 228 hunc
912 200 1002 235 ipsum

1061 200 1150 227 ἑαυτὸν
1169 199 1330 227 ἁνατυτιῶν·
1358 200 1426 227 ἀλλά
1450 200 1544 235 δῆλον,
1570 200 1611 227 ὃτι
1637 201 1716 233 αὑτός
1735 202 1807 228 ἐστιν
1830 203 1847 229 ὁ

220 239 339 267 hominis
369 242 519 278 mundique
550 251 611 271 esse
637 245 828 277 conditorem,
858 253 938 280 quem
967 246 1004 272 ita

221 284 300 313 Pater
314 286 462 322 alloquitur
479 298 485 316 :
504 289 648 316 Faciamus
668 291 798 318 hominem
815 291 849 318 ad
866 292 1004 326 imaginem

218 336 243 357 et
256 332 457 360 simuiludinem
473 341 602 362 nostram.
624 336 713 371 Atque
733 337 785 364 hoc
799 344 831 364 ex
849 345 904 364 uno
923 344 1005 372 opere

220 377 381 406 manifestus
406 380 458 406 erit
485 381 595 413 artifex,
622 390 711 417 neque
739 383 810 410 alius
839 383 1005 418 intelligetur

220 421 315 454 fuisse,
334 424 381 458 qui
405 428 461 451 tum
487 425 625 454 hominem
647 428 843 462 procreaverit,
863 433 890 455 et
907 429 1004 456 Adami

218 475 318 503 corpus
331 477 346 496 e
358 473 429 496 terra
443 471 552 499 molitus
566 472 656 505 fuerit,
672 474 852 509 eamdemque
874 475 900 501 in
916 475 1006 502 viven‘

218 518 272 540 tem
305 515 422 542 animam
457 516 560 545 fecerit.
599 518 648 546 Cui
689 521 799 555 quidem
831 521 871 548 rei
907 521 1004 548 beatus

217 558 338 587 Joannes
355 562 382 588 in
402 562 544 598 Evangelio
566 572 616 591 suo
633 565 798 600 sum-agatur
818 566 861 593 his
883 567 974 594 verbis
991 575 998 593 :

220 604 253 631 In
278 607 406 640 principio
430 613 487 634 erat
521 609 644 642 Verbum,
669 615 693 638 et
722 611 834 638 Verbum
855 617 912 638 erat
935 613 1004 646 apud

218 649 312 681 Deum,
328 656 353 677 et
370 651 439 679 Deus
457 659 513 680 erat
537 653 657 682 Verbum.
680 655 737 682 Hoc
754 661 811 682 erat
831 657 858 683 in
877 657 1005 691 principio

219 695 289 727 apud
307 695 401 724 Deum.
429 697 524 724 Omnia
547 706 591 732 per
614 700 699 734 ipsum
716 700 788 735 facta
809 707 881 734 sunt,
901 707 925 728 et
950 703 1006 729 sine

218 741 275 774 ipso
294 741 394 775 factum
411 747 449 770 est
467 744 534 770 nihil
548 745 570 776 ί,
586 750 640 772 etc.

253 786 330 819 Quod
347 788 370 814 si
387 788 414 814 in
433 789 493 823 ipso
513 789 584 816 facta
609 794 682 823 sunt,
702 795 729 818 et
747 799 795 825 per
811 791 899 826 ipsum
922 791 1003 824 facta,

219 831 264 858 ille
277 835 304 858 et
317 831 451 860 Adamum
469 833 626 866 fabricavit,
642 841 670 863 et
683 843 715 863 ex
731 836 814 863 Maria
833 837 940 872 Virgine
953 838 1004 865 sibi

1057 245 1226 281 Δημιουργδς
1243 245 1290 272 τοῦ
1308 246 1452 281 ἀνθρώπου
1470 246 1517 272 καὶ
1533 246 1579 273 τοῦ
1597 247 1717 282 κόσμου,
1734 244 1755 281 ᾧ
1769 245 1848 274 εἶπεν

1056 291 1070 316 ὁ
1085 290 1180 326 Πατήρ
1193 298 1199 305 ·
1217 290 1392 325 Ποιήσωμεν
1412 291 1568 325 ἄνθρωπον
1583 293 1646 318 κατ’
1662 292 1762 319 εἰκόνα
1773 292 1848 327 ἠμε-

1057 335 1146 370 τέραν
1169 336 1217 362 καὶ
1232 336 1296 363 καθ’
1312 336 1464 370 ὁμοίωσιν.
1489 336 1554 362 Ἀπὸ
1577 337 1604 363 δὲ
1619 337 1665 362 τοῦ
1683 337 1740 368 ὲνὺς
1761 337 1847 372 ἔργου

1059 381 1220 415 σταθήσεται
1236 381 1351 416 φανερὸς
1367 381 1506 416 γινόμενος
1520 383 1533 408 ό
1554 382 1694 417 τεχνίτης,
1713 383 1753 409 ὅτι
1767 380 1848 415 οὗτός

1059 427 1132 452 ἐστιν
1145 427 1158 452 ὁ
1172 426 1231 452 τότε
1245 426 1289 452 τὸν
1305 426 1446 462 ἄνθρωπον
1463 427 1633 462 πεποιηκὼς,
1648 428 1752 461 πλάσας
1767 439 1798 456 τε
1812 431 1846 456 ὲκ

1058 471 1108 505 γῆς
1125 470 1155 497 τδ
1168 470 1213 497 τοῦ
1233 470 1318 505 Ἀδὰμ
1333 470 1422 505 σῶμα,
1439 471 1486 497 καὶ
1497 472 1612 507 ποιήσας
1624 472 1688 498 αὐτὸ
1703 474 1742 504 εἰς
1755 473 1846 508 ψυχὴν

1059 514 1159 547 ζῶσαν.
1181 515 1226 541 Διὸ
1250 515 1296 541 καὶ
1321 515 1510 551 ἐμαρτύρησεν
1533 516 1547 542 ὁ
1568 515 1644 550 ἅγιος
1672 517 1796 552 Ἰωάννης
1815 519 1846 544 ἐν

1057 561 1096 596 τῷ
1110 560 1179 596 ἁγίῳ
1197 561 1354 595 Εὑαγγελίῳ
1367 581 1375 593 ,
1389 560 1475 595 λέγων
1489 581 1495 593 ,
1521 561 1562 588 ὅτι
1590 561 1638 588 Ἐν
1663 562 1741 597 ἀρχῇ
1764 561 1803 597 ἦν
1828 564 1846 590 ό

1058 607 1152 640 Λόγος
1163 625 1171 638 ,
1189 606 1238 632 καὶ
1257 607 1273 632 ό
1287 606 1382 641 Λόγος
1397 604 1435 641 ἦν
1448 606 1521 641 πρὸς
1534 607 1587 633 τὸν
1602 608 1675 634 Θεὸν
1685 628 1693 639 ,
1708 608 1758 634 καὶ
1771 607 1847 641 Θεὸς

1057 650 1096 686 ἦν
1113 653 1129 678 ὁ
1151 651 1254 686 Λόγος.
1273 649 1367 684 Οὗτος
1383 649 1421 685 ἦν
1443 652 1478 677 ἐν
1493 651 1571 686 ἀρχῇ
1590 652 1666 685 πρὸς
1689 652 1741 678 τὸν
1758 653 1844 679 Θεόν.

1058 697 1158 724 Πάντα
1174 697 1211 723 δι’
1229 697 1321 724 αὑτοῦ
1336 697 1453 731 ἐγένετο
1466 717 1473 729 ,
1496 697 1544 723 καὶ
1558 697 1648 731 χωρὶς
1666 698 1758 725 αὑτοῦ
1781 697 1847 733 ἑτέ-

1057 750 1125 769 rem
1143 741 1213 768 οὐδε
1229 741 1279 773 ἒν,
1293 742 1339 767 καὶ
1356 741 1390 767 τὰ
1402 741 1474 776 ἑξῆς.

1092 788 1123 814 Εἰ
1140 788 1168 814 δὲ
1187 789 1215 814 ὲν
1243 787 1316 822 αὐτῷ
1343 787 1451 821 ἐγένετο
1464 808 1470 819 ,
1491 787 1538 814 καὶ
1557 788 1602 814 ὑπ’
1618 787 1700 814 αὑτοῦ
1723 788 1845 822 ἐγένετο,

1058 834 1139 865 αὐτὸς
1161 834 1221 860 τότε
1246 834 1290 860 τὸν
1311 833 1394 868 Ἀδὰμ
1419 833 1534 866 ἔπλασε,
1552 833 1598 859 καὶ
1624 834 1702 865 αὐτὸς
1717 833 1796 861 πάλιν
1813 833 1848 861 τὸ

218 885 320 912 corpus
336 878 450 911 eﬂinxit,
462 887 493 907 ac
510 884 594 907 totam
608 882 726 916 denique
745 883 796 910 sibi
814 887 940 910 naturam
959 884 1006 911 ho-

1061 879 1138 915 σῶμα
1154 879 1208 906 ἀπὺ
1222 879 1329 914 Μαρίας
1347 879 1397 913 τῆς
1411 878 1547 914 Παρθένου
1562 879 1602 910 εἰς
1617 878 1711 904 ἑαυτὸν
1729 878 1847 905 ἀνεπλά-

219 923 302 951 minis
318 924 453 958 adiunxit,
471 934 554 960 quam
570 935 585 954 a
604 935 633 954 se
651 928 698 955 illo
719 931 840 963 tempore
856 929 1005 963 conditam,

218 967 328 995 demum
342 971 497 998 arctissime
515 971 565 998 sibi
581 973 728 1006 copulavit.
747 972 806 1000 iam
822 981 887 1001 vero
905 975 928 1002 si
944 975 1008 1001 alie—

218 1020 283 1039 num
305 1021 374 1047 opus
396 1016 538 1049 usurpavit
558 1016 629 1050 ejus.
659 1017 705 1051 qui
731 1021 839 1044 creatas
866 1026 909 1045 res
936 1019 1007 1045 male

218 1057 351 1091 condidit,
369 1066 400 1085 ac
415 1060 502 1087 malus
524 1061 653 1095 opinione
671 1066 716 1088 tua
734 1060 801 1094 fuit;
822 1062 858 1094 si,
883 1062 1005 1097 inquam,

217 1102 298 1129 malis
314 1104 445 1138 operibus
465 1113 533 1133 usus
551 1109 603 1138 est,
625 1114 686 1141 quae
703 1115 717 1134 a
733 1107 805 1134 malo
822 1111 886 1135 sunt
903 1107 1007 1135 artiﬁce

217 1148 351 1182 profecta,
365 1149 504 1178 Creatoris
515 1159 544 1178 se
556 1151 677 1186 nequitia
693 1152 872 1187 implicaverit
886 1157 1004 1188 oportet,

219 1201 270 1220 usu
287 1194 334 1222 illo
348 1203 380 1223 ac
395 1196 528 1224 beneficio
546 1207 552 1224 :
569 1202 626 1225 tum
641 1198 765 1233 ejusdem
782 1199 901 1234 imagine
915 1207 1007 1235 capes—

217 1239 320 1273 senda;
346 1241 419 1276 quod
440 1243 498 1270 ﬁeri
523 1244 635 1271 omnino
657 1252 711 1271 non
732 1249 832 1279 potest.
851 1245 957 1273 Etenim
983 1246 1006 1274 si

218 1285 339 1314 hominis
357 1292 482 1314 naturam
497 1289 596 1321 induit,
616 1297 672 1317 non
689 1298 799 1318 carnem
814 1291 905 1323 modo.
920 1292 966 1319 sed
980 1296 1007 1320 et

218 1331 337 1358 animam
354 1334 484 1368 suscepit.
504 1334 598 1369 Neque
612 1336 685 1363 enim
701 1336 849 1364 obscurum
868 1337 935 1365 illud
953 1343 1005 1366 est.

218 1374 270 1407 Qui
283 1376 356 1402 enim
369 1377 470 1412 alioqui
482 1378 584 1407 diceret
596 1387 605 1406 :
619 1379 782 1407 Potestatem
797 1382 877 1409 habeo
891 1383 1008 1417 accipere

219 1420 337 1446 animant
351 1429 446 1455 meum,
456 1428 480 1450 et
494 1431 589 1458 ponere
605 1433 663 1451 eam
674 1426 706 1452 "l
721 1426 904 1458 Quamobrem
921 1432 1007 1456 totum

219 1466 286 1494 illud
302 1475 372 1502 opus
389 1475 543 1502 assumens,
563 1479 644 1506 quam
664 1471 779 1500 Creator
797 1473 940 1509 imaginem
957 1482 1007 1509 ap-

219 1512 313 1545 pellat,
331 1518 417 1541 totum
435 1515 512 1548 illud,
533 1517 655 1551 inquam,
677 1525 710 1544 ex
732 1526 846 1554 corpore
862 1520 1007 1556 animaque

219 1558 382 1593 conflatum,
398 1561 497 1595 quibus
511 1562 591 1589 homo
605 1564 730 1598 partibus
743 1553 862 1598 constat,
882 1553 1006 1594 divinum
1019 1553 1041 1582 θ

221 1605 273 1632 sibi
290 1604 407 1633 Verbum
423 1607 558 1642 adjunxit.
581 1609 659 1642 Quod
683 1610 705 1636 si
727 1610 763 1636 ita
780 1615 832 1643 est,
849 1613 945 1639 veneni
966 1614 1007 1640 tui

221 1651 368 1678 eﬂicacitas
380 1653 469 1681 omnis
482 1655 674 1689 exstinguitur,
690 1662 722 1682 ac
736 1656 934 1685 tumultuosum
949 1665 1009 1692 per—

222 1697 416 1732 turbatumque
438 1699 534 1734 dogma
553 1700 672 1727 concidit
691 1710 698 1728 :
717 1701 790 1736 quod
812 1702 887 1729 nullo
912 1702 1007 1730 funda-

223 1747 316 1772 mento
335 1744 499 1778 stabilitum,
521 1746 596 1773 nulla
616 1747 739 1775 veritatis
758 1746 886 1776 ﬁrmitate
900 1756 932 1776 ac
946 1750 1010 1777 soli-

224 1789 310 1817 ditate
328 1790 437 1818 nititur.

257 1834 290 1862 V.
305 1835 441 1864 Caeterum
453 1844 515 1864 cum
528 1845 544 1865 e
555 1839 640 1866 sacris
655 1838 765 1868 Litteris
780 1841 912 1876 quidquid
928 1840 1010 1878 385

221 1881 354 1916 placuerit
375 1883 470 1918 eligas,
499 1887 545 1911 aut
573 1885 698 1919 rejicias,
728 1886 809 1921 plane
836 1887 957 1922 judicem
985 1891 1011 1916 te

222 1928 311 1962 legum
335 1936 389 1956 non
410 1929 585 1965 interpretem
606 1930 693 1964 facis,
713 1940 746 1960 ac
766 1933 931 1961 delectorem
953 1940 1012 1960 om-

221 1972 298 1999 nium
319 1981 380 2008 qua:
396 1982 431 2001 ex
452 1975 535 2002 animi
559 1976 597 2002 tui
621 1977 757 2004 sententia
779 1978 890 2005 minime
910 1978 1012 2012 scripta

223 2023 305 2052 sunt;
319 2027 379 2054 qua:
390 2020 442 2047 etsi
454 2021 598 2049 verissima
609 2022 675 2054 sint,
689 2024 757 2050 falso
768 2031 783 2049 a
798 2027 825 2051 te
835 2023 1011 2051 nihilominus

222 2069 439 2098 commutantur,
456 2070 483 2094 et
499 2067 532 2094 ad
549 2072 625 2095 tuum
647 2076 678 2096 ac
699 2072 810 2095 tuorum
826 2076 948 2096 errorem
965 2076 1012 2096 ac-

222 2111 442 2140 commodantur.
457 2112 535 2145 Quod
551 2115 574 2141 si
590 2115 679 2142 malus
693 2115 804 2150 quidam
826 2115 923 2142 artifex
943 2114 1012 2142 infe-

224 2156 297 2183 riora
308 2157 375 2190 hzec,
394 2165 425 2185 ac
443 2159 572 2186 mundum
588 2159 656 2187 adeo
670 2160 752 2187 istum
766 2161 878 2188 molitus
893 2164 945 2193 est,
963 2168 1013 2187 cur

224 2210 240 2228 a
254 2202 327 2253 bono
345 2202 426 2231 Patre
441 2204 543 2232 missus
562 2205 615 2232 huc
631 2205 677 2233 ille
691 2205 851 2254 descendit?
865 2205 893 2233 Si
916 2209 946 2233 ut
961 2206 1011 2233 ho-
1028 2225 1050 2254 Β

225 2248 328 2289 minum
353 2257 438 2283 genus
459 2251 593 2285 eriperet.
621 2251 719 2278 horum
748 2251 854 2279 scilicet
881 2256 1011 2287 tanquam

225 2301 337 2321 suorum
366 2303 458 2322 curam
482 2297 617 2332 suscepit.
641 2305 691 2325 nec
715 2297 785 2325 alius
807 2297 864 2332 jam
887 2298 1014 2325 conditor

224 2346 285 2366 esse
297 2340 434 2374 putandus
450 2346 501 2368 est.
521 2341 569 2368 Sin
590 2342 695 2370 alienos
717 2343 834 2375 curavit,
850 2351 937 2378 eaque
952 2351 1013 2378 quae

225 2383 293 2410 nihil
307 2384 340 2411 ad
353 2393 382 2412 se
395 2386 579 2420 pertinebant,
591 2395 725 2422 usurpare
743 2395 775 2415 ac
788 2396 898 2416 servare
910 2389 1012 2422 voluit;

226 2433 273 2456 aut
300 2430 469 2458 adulatorem
495 2431 582 2460 fuisse
610 2441 723 2462 necesse
746 2438 802 2467 est,
834 2434 881 2469 qui
917 2434 1013 2461 alienis

226 2475 385 2510 adhaeserit;
407 2481 455 2504 aut
476 2478 570 2513 gloriae
592 2479 733 2514 cupidum,
756 2480 803 2515 qui
822 2484 851 2507 ut
867 2480 1015 2508 Conditore

227 2528 258 2548 se
271 2523 486 2555 praestantiorem
501 2524 668 2558 ostenderet,
689 2533 745 2560 pne
764 2526 859 2554 alienis
873 2534 934 2560 quae
954 2534 1014 2554 ser-

228 2573 292 2593 vare
316 2566 481 2599 instituerat,
502 2577 615 2597 suorum
642 2571 755 2598 minime
777 2571 912 2599 desiderio
938 2574 1014 2598 tene-

228 2616 303 2639 retur
321 2622 327 2640 :
343 2620 376 2640 ex
396 2621 449 2648 quo
463 2622 545 2643 verus
561 2623 593 2643 ac
609 2617 732 2645 sincerus
746 2625 808 2645 esse
824 2617 939 2645 desinet.
959 2617 1012 2644 Sed

229 2666 317 2692 neque
332 2660 517 2688 moderatione
532 2662 617 2690 animi
633 2664 778 2698 prazditus‘,
794 2664 839 2699 qui
857 2671 919 2691 cum
935 2671 1012 2690 crea-

230 2709 285 2731 tam
310 2713 367 2732 rem
385 2706 487 2734 nullam
507 2709 643 2743 propriam
667 2709 774 2742 habeat,
798 2710 887 2737 aliena
909 2717 1012 2736 concu-

230 2749 322 2785 piscit,
337 2754 364 2778 et
378 2751 552 2780 intervenere
568 2754 675 2786 studet,
693 2754 745 2782 hoc
759 2759 801 2783 est
814 2754 920 2782 animas
930 2773 937 2787 ,
953 2762 1013 2789 qua:

1058 934 1136 952 σατο·
1152 926 1199 952 καὶ
1212 925 1321 956 τελείως
1337 925 1385 959 τὴν
1413 925 1502 951 πᾶσαν
1529 923 1612 951 αὐτοῦ
1638 924 1845 960 ὲνανθρώπησιν

1057 972 1193 1006 συνήνωσε
1207 991 1214 1002 ,
1227 970 1276 1006 τὴν
1291 970 1337 997 ὑπ’
1361 969 1444 996 αὐτοῦ
1461 971 1522 996 τότε
1537 970 1701 997 πλασθεῖσαν
1712 991 1718 1003 ,
1733 971 1779 997 καὶ
1795 970 1844 997 νῦν

1056 1017 1085 1043 ὲν
1111 1016 1198 1051 ἑαυτῷ
1215 1015 1416 1042 συνενωθεῖσαν.
1437 1016 1468 1041 Εἰ
1485 1015 1513 1042 δὲ
1540 1016 1682 1051 ἀλλοτρίαν
1711 1016 1844 1052 ἐργασίαν

1056 1062 1096 1093 εἰς
1110 1061 1203 1087 ἑαυτὸν
1220 1061 1299 1087 ἔλαϐε
1323 1060 1371 1087 τοῦ
1392 1060 1484 1092 κακῶς
1497 1061 1546 1095 τὴν
1565 1061 1662 1088 πλάσιν
1679 1061 1842 1093 πλάσαντος,

1056 1107 1103 1134 καὶ.
1117 1106 1201 1133 κακοῦ
1214 1106 1380 1142 ὑπάρχοντος
1393 1107 1463 1133 κατὰ
1476 1107 1525 1141 τὴν
1537 1106 1583 1133 σοῦ
1599 1106 1779 1139 διδασκαλίαν,
1794 1108 1843 1134 καὶ¹

1057 1154 1081 1180 εἰ
1100 1153 1167 1184 ὅλως
1181 1153 1314 1188 κέχρηται
1327 1154 1382 1184 τοῖς
1395 1154 1489 1183 κακοῖς
1505 1153 1654 1188 ποιήμασιν
1667 1175 1673 1186 ,
1689 1152 1729 1185 οἷς
1739 1154 1753 1179 ὁ
1770 1153 1842 1180 κατὰ

1058 1199 1088 1225 σὲ
1101 1199 1186 1229 κακὸς
1199 1199 1313 1233 ποιητὴς
1327 1198 1472 1234 εἰργάσατο
1484 1207 1490 1213 ·
1505 1198 1558 1234 ἄρα
1579 1199 1696 1234 ἐπεμίγη
1711 1200 1743 1234 τῇ
1757 1200 1843 1235 κακίᾳ

1056 1241 1103 1269 τοῦ
1127 1242 1238 1277 τωιητοῦ
1258 1243 1355 1277 χρήσει
1375 1251 1405 1269 τε
1429 1244 1476 1270 καὶ
1501 1243 1660 1279 εὐεργεσίᾳ,
1679 1245 1725 1270 καὶ
1738 1246 1771 1280 τῇ
1787 1245 1843 1280 ἰδίᾳ.

1057 1286 1139 1314 αὑτοῦ
1152 1287 1236 1314 εἰκόνι
1249 1295 1254 1301 ·
1270 1287 1327 1313 ἀλλ’
1343 1287 1392 1314 οὐκ
1413 1288 1560 1323 ἐνδέχεται.
1575 1289 1606 1314 Εἰ
1630 1289 1683 1323 γὰρ
1704 1288 1842 1324 ἐνηνθρώ-

1057 1341 1143 1368 πηοεν
1155 1352 1163 1365 ,
1180 1333 1210 1359 οὐ
1232 1333 1310 1367 μόνον
1328 1332 1417 1368 σάρκα
1443 1333 1566 1368 εἴληφεν,
1587 1333 1654 1360 ἀλλά
1673 1334 1719 1360 καὶ
1740 1333 1841 1369 ψυχήν.

1057 1378 1139 1414 Δῆλον
1153 1378 1208 1413 γὰρ
1219 1378 1294 1405 ἔσται
1307 1378 1395 1405 τοῦτο.
1417 1379 1493 1405 Ἐπεὶ
1508 1379 1589 1406 πόθεν
1604 1379 1696 1414 ἔλεγεν
1708 1388 1716 1396 υ
1740 1380 1844 1412 Ἐξου-

1057 1425 1129 1451 alar
1147 1424 1205 1459 ἔχω
1221 1424 1325 1451 λαϐεῖν
1343 1424 1400 1458 τὴν
1413 1424 1519 1459 ψυχήν
1534 1422 1667 1460 μου-,καὶ
1685 1426 1775 1453 θεῖναι
1789 1428 1844 1454 αὑ-

1056 1470 1128 1503 τήν;
1143 1470 1198 1505 Τὴν
1215 1470 1304 1496 πᾶσαν
1317 1469 1408 1496 τοίνυν
1424 1471 1614 1506 πραγματείαν
1633 1471 1843 1506 ἀναλεξάμενος.

1057 1516 1106 1552 τὴν
1129 1516 1256 1552 ῥηθεῖσαν
1283 1516 1335 1542 ὑπὸ
1358 1515 1404 1542 τοῦ
1424 1516 1599 1552 Δημιουργοῦ
1620 1517 1728 1550 εἰκόνα,
1754 1518 1846 1544 πᾶσαν

1058 1563 1248 1598 πραγματείαν
1265 1562 1418 1595 ἀνεδέξατο,
1437 1564 1465 1589 ὲν
1478 1563 1517 1598 τῷ
1532 1563 1635 1598 σώματι
1650 1563 1697 1590 καὶ
1712 1564 1783 1599 ψυχῇ
1800 1564 1846 1591 ὲλ-

1058 1608 1112 1635 θὼν
1133 1609 1147 1635 ὸ
1170 1609 1270 1643 Λόγος,
1286 1610 1332 1636 καὶ
1349 1610 1379 1636 ὲν
1399 1609 1501 1641 ὁποίοις
1515 1610 1614 1636 ἅπασίν
1630 1609 1703 1636 ἐστιν
1717 1611 1730 1636 ὀ
1743 1610 1848 1646 ἀνθρω-

1058 1662 1118 1686 πος.
1152 1654 1260 1681 Τούτων
1288 1655 1317 1681 δὲ
1350 1655 1437 1687 οὕτως
1466 1655 1647 1682 τελεσθέντων
1661 1676 1668 1688 ,
1699 1655 1848 1688 ὲξάπαντος

1058 1699 1221 1735 ὴμαύρωταί
1240 1708 1286 1726 σου
1304 1700 1334 1726 τὸ
1344 1700 1516 1736 δηλητήριον,
1531 1701 1578 1727 καὶ
1593 1701 1674 1728 ἔπεσέ
1688 1710 1734 1728 σου
1747 1703 1763 1736 ή
1783 1702 1848 1729 στά-

1059 1755 1101 1778 σις
1118 1747 1134 1782 ή
1150 1746 1331 1782 ἀθεμελίωτος
1344 1766 1352 1780 ,
1377 1746 1414 1782 μὴ
1440 1746 1538 1781 ἔχουσα
1559 1747 1640 1782 πῆξιν
1664 1747 1849 1783 ἑδραιώματος

1059 1792 1190 1829 ἀληθείας

1095 1839 1132 1866 Ε¹.
1151 1840 1182 1866 Εἰ
1193 1839 1223 1866 δὲ
1244 1839 1292 1866 καὶ
1311 1839 1328 1866 ἃ
1343 1833 1432 1874 βὸύλει
1453 1839 1601 1875 λαμῆάνεις
1624 1839 1679 1866 ἀπδ
1700 1840 1750 1876 τῆς
1772 1839 1848 1873 θείας

1060 1885 1193 1920 Γραφῆς,
1221 1885 1268 1912 καὶ
1291 1885 1310 1912 ἃ.
1339 1885 1428 1920 βούλει
1454 1886 1687 1919 καταλιμπάνεις·
1706 1886 1760 1922 ἄρα
1784 1886 1849 1920 γοῦν

1062 1930 1158 1965 κριτὴς
1182 1930 1349 1965 προκαθίσας
1369 1930 1380 1945 ³
1393 1950 1400 1963 ,
1415 1930 1464 1965 οὐχ
1481 1931 1650 1966 ἑρμηνευτὴς
1668 1931 1723 1957 τῶν
1747 1931 1849 1965 νόμων,

1062 1975 1129 2003 ἀλλὰ
1153 1975 1282 2010 ὲκλογεὺς
1309 1976 1362 2003 τῶν
1381 1975 1411 2002 οὑ
1431 1975 1502 2002 κατὰ
1520 1976 1565 2002 τὸν
1581 1976 1643 2002 νοῦν
1668 1984 1714 2002 σου
1732 1975 1851 2010 γραφέν-

1062 2030 1116 2048 των
1128 2043 1136 2055 ,
1160 2021 1227 2048 ἀλλὰ
1241 2022 1326 2049 ὄντων
1340 2022 1389 2058 μὲν
1408 2021 1542 2057 ἀληθινῶν
1553 2041 1560 2053 ,
1578 2022 1652 2057 παρὰ
1667 2022 1708 2048 σοὶ
1726 2022 1754 2048 δὲ
1769 2030 1852 2057 μετα-

1062 2067 1230 2104 ποιηθέντων
1241 2067 1356 2102 ψευδῶς,
1375 2068 1423 2095 καὶ
1438 2067 1509 2095 κατὰ
1520 2068 1564 2094 τὸν
1577 2067 1637 2094 νοῦν
1653 2069 1702 2103 τῆς
1715 2068 1765 2103 σῆς
1780 2068 1853 2095 ἀπά-

1062 2122 1127 2148 της,
1142 2114 1190 2140 καὶ
1207 2113 1261 2141 τῶν
1277 2113 1330 2140 ὑπὸ
1345 2113 1391 2140 σοῦ
1412 2114 1604 2149 ἠπατημένων.
1629 2114 1660 2140 Εἰ
1679 2114 1708 2139 δὲ
1722 2114 1769 2140 καὶ
1783 2114 1853 2145 ὅλως

1063 2158 1147 2190 κακὸς
1162 2158 1277 2194 ποιητὴς
1300 2160 1334 2185 τὰ
1350 2158 1467 2185 ἐνταῦθα
1493 2159 1654 2194 εἰργάσατο,
1677 2159 1748 2193 φημὶ
1763 2158 1792 2185 δὲ
1806 2158 1852 2185 τὸν

1064 2205 1176 2241 κόσμον,
1191 2204 1262 2237 τίνος
1275 2205 1356 2232 ἕνεκα
1372 2203 1453 2241 ἦλθεν
1469 2205 1483 2232 ὁ
1505 2205 1559 2231 ἀπὸ
1574 2203 1676 2238 ἀγαθοῦ
1692 2204 1798 2239 [ἰατρὸς
1813 2205 1852 2236 εἰς

1062 2250 1137 2277 τόνδε
1150 2240 1195 2277 τὸν
1216 2250 1320 2283 αἰῶνα;
1336 2250 1390 2277 Καὶ
1415 2251 1439 2276 εἰ
1458 2251 1507 2285 μὲν
1523 2250 1566 2276 ἵνα
1583 2248 1657 2284 σώσῃ
1679 2248 1851 2284 ἀνθρώπους,

1062 2295 1118 2331 ἄρα
1131 2295 1184 2322 τῶν
1200 2296 1273 2323 ἰδίων
1291 2296 1488 2332 ἐπεμελήσατο,
1506 2294 1554 2322 καὶ
1573 2294 1664 2321 οὐκέτι
1684 2293 1764 2325 ἄλλος
1780 2293 1823 2330 εἴη
1839 2295 1853 2320 ὁ

1062 2341 1241 2376 δημιουργός·
1259 2343 1283 2368 εἰ
1303 2341 1331 2368 δὲ
1345 2342 1376 2368 οὐ
1400 2341 1454 2368 τῶν
1471 2340 1543 2368 ἰδίων
1560 2339 1700 2376 προενόει,
1729 2339 1852 2374 βούλεται

1062 2386 1090 2412 δὲ
1107 2386 1135 2413 ὲν
1153 2387 1209 2418 τοῖς
1232 2386 1382 2422 ἀλλοτρίοις
1397 2385 1572 2422 ἐπεμϐαίνειν
1584 2406 1592 2419 ,
1609 2386 1656 2414 καὶ
1672 2391 1708 2413 τα
1720 2387 1771 2413 οὐκ
1787 2387 1853 2414 ὄντα

1063 2431 1137 2467 αὐτῷ
1169 2431 1309 2464 διασώζειν
1325 2440 1332 2447 ·
1363 2431 1380 2468 ἢ
1411 2431 1494 2464 κόλαξ
1529 2431 1589 2458 ἐστὶ
1619 2432 1674 2463 τοῖς
1694 2431 1853 2467 -ἀλλοτρίοις

1065 2478 1274 2514 προσλιπαρῶν,
1295 2478 1312 2513 ἢ
1334 2477 1472 2509 κενόδοξος
1484 2496 1492 2509 ,
1507 2477 1550 2504 ἵνα
1572 2477 1704 2514 κρείττων
1716 2476 1764 2503 τοῦ
1785 2477 1852 2504 Κτί-

1066 2532 1129 2550 στου
1142 2525 1231 2559 φανῇ,
1247 2523 1313 2559 πρὸς
1329 2523 1364 2550 τὰ
1379 2523 1505 2558 ἀλλότρια
1519 2522 1536 2550 ἃ
1550 2522 1691 2555 διασώζειν
1712 2524 1851 2559 πειρᾶται,

1064 2570 1118 2596 τῶν
1135 2570 1206 2597 ἰδίων
1222 2569 1259 2605 μὴ
1273 2569 1430 2605 ἐφιέμενοςθ
1446 2569 1493 2596 καὶ
1511 2569 1603 2595 οὐκέτι
1615 2569 1690 2596 ἔσται
1709 2569 1834 2605 ἀληθινός
1845 2578 1851 2585 ·

1065 2616 1082 2651 ἢ
1098 2616 1138 2643 ὅτι
1157 2616 1265 2652 μέτριός
1280 2617 1338 2642 ἐστι
1353 2615 1423 2642 κατά
1437 2615 1476 2648 σὲ,
1493 2612 1516 2642 ὦ
1532 2615 1654 2651 ἀγύρται,
1669 2616 1716 2642 καὶ
1731 2616 1769 2651 μὴ
1784 2616 1852 2651 ἔχων

1066 2663 1155 2690 κτίσιν
1170 2661 1267 2689 ἑαυτοῦ
1278 2681 1285 2695 ,
1305 2661 1340 2689 τὰ
1359 2661 1486 2697 ἀλλότρια
1499 2660 1652 2696 ἐπιθυμῶν,
1665 2661 1751 2688 ταῦτα
1770 2661 1851 2697 συλᾷν

1068 2710 1205 2745 πειρᾶται,
1217 2708 1272 2735 ἀπὸ
1289 2707 1344 2734 τῶν
1356 2706 1501 2743 ἀλλοτρίων
1520 2706 1613 2742 ἑαυτῷ.
1629 2707 1852 2743 περιποιούμενος

1066 2754 1154 2789 ψυχὰς
1169 2754 1218 2786 τὰς
1234 2754 1284 2781 οὐκ
1301 2752 1384 2786 οὔσας
1403 2752 1485 2780 αὑτοῦ
1503 2753 1550 2780 καὶ
1564 2752 1612 2780 τοῦ
1631 2753 1713 2780 αὑτοῦ
1734 2753 1850 2790 Πατρός.

277 2827 288 2843 ¹
302 2827 379 2856 Joau.
395 2837 415 2861 ι,
434 2829 459 2862 l,
476 2830 503 2858 2.
543 2831 552 2846 ²
565 2830 643 2859 Joan.
666 2841 692 2865 x,
709 2833 749 2861 l8.
790 2834 800 2850 ³
814 2833 893 2862 Forte
912 2833 1106 2870 προὺκάθισας.
