1964 3047
87 187 146 214 829

430 185 613 214 ADVERSUS
634 185 805 214 lMSRESES
821 186 884 214 LIB.

947 186 1029 214 TOM.
1051 185 1141 213 lll.—
1155 185 1291 213 ll/ERES.
1313 184 1405 213 XLIV.

1678 180 1731 210 850

89 247 123 273 Ι·ἷί
139 246 169 273 δὲ
193 245 276 272 αὐτοῦ
301 245 348 281 μέν
364 246 432 272 εἰσιν
447 247 475 272 αἱ
488 245 572 281 ψυχαὶ
584 266 592 277 ,
606 232 658 272 και
669 246 771 273 ἀνωθεν
794 246 885 273 ἐλθοῦ-

946 246 1006 273 iihil
1026 246 1059 273 ad
1079 253 1109 273 se
1130 245 1171 273 vel
1195 244 1337 272 Parentem
1362 251 1442 271 suum
1465 242 1613 278 pertinent,
1635 246 1732 269 contra

90 301 140 318 σαι
159 292 297 326 φαίνονται
310 311 318 323 ,
333 291 387 326 ἀρα
401 291 441 323 εἰς
456 291 558 324 ἀγαθὸν
577 291 678 326 κόσμον
693 290 887 326 ἀπεστάλησαν

90 337 172 374 παρὰ
185 336 232 363 τοῦ
249 336 351 364 ἀνωθεν
367 336 438 364 κατὰ
457 336 488 362 σὲ
503 335 605 371 ἀγαθοῦ
621 335 701 368 Θεοῦ,
715 337 764 363 καὶ
778 337 828 363 οὐκ
849 336 890 367 εἰς

90 383 214 419 πονηρὸν
239 382 330 419 ἔργον.
355 383 388 409 Εἰ
413 383 442 409 δὲ
467 382 660 418 ἀπεστάλησαν
675 403 681 414 ,
697 383 741 409 διά
760 391 821 409 τινα
840 382 889 417 μὲν

90 430 210 465 χρῆσιν,
227 429 261 464 ἢν
278 429 348 464 τάχα.
373 429 550 465 μυθοποιείς,
574 427 743 456 εἰσελθοῦσαι
766 429 794 456 δὲ
822 437 889 464 μετ-

91 475 194 502 έπεσον
208 475 249 507 εἰς
265 475 361 511 ἑτέραν
372 483 378 489 ·
393 475 531 502 τουτέστιν
545 475 588 501 ἵνα
599 475 702 502 δίκαιόν
713 484 739 501 τι
753 473 887 510 πράξωσι,

91 520 215 556 πονηρὸν
233 520 262 547 δὲ
278 520 440 556 εἰργάσαντο
451 539 458 552 ,
474 519 622 555 ὀφθήσεται
636 520 651 546 ὁ
670 520 827 550 ἐπιστείλας
841 519 890 545 αὺ-

91 567 146 598 τάς
159 567 312 603 πρόγνωσιν
328 566 361 593 ἂν
379 566 416 602 μὴ
438 566 517 601 ἔχων.
541 566 650 602 Ἐπειδὴ
662 566 717 601 γὰρ
730 565 890 593 ἀπέστειλεν

93 613 183 644 αὑτὰς
196 612 229 639 δι’
246 612 339 648 ἕτερον
350 632 357 645 ,
372 613 420 639 καὶ
436 612 530 648 ἕτερόν
549 621 576 638 τι
600 613 752 648 εὑρέθησαν
772 612 890 648 ὲργασά-

95 667 190 695 μεναι.
205 659 241 685 Ἢ
259 658 340 686 πάλιν
364 659 412 686 ἐὰν
439 658 533 694 εἴπῃς,
549 659 590 686 ὅτι
608 660 637 686 οὐ
659 659 730 686 κατὰ
746 659 795 693 τὴν
807 657 889 684 αὐτοῦ

95 705 228 741 βούλησιν
260 705 421 741 ἐληλύθασιν
437 725 444 736 ,
480 705 548 732 ἀλλὰ
576 705 647 732 κατά
675 704 818 741 τυραννίδα
843 703 890 730 τοῦ

95 751 322 787 ἀφαρπάζοντος·
335 750 389 786 ἄρα
404 751 512 786 ἰσχυρός
527 751 601 778 ἐστιν
613 753 627 778 ὁ
642 751 762 782 κτισθεὶς
775 749 827 776 ὑπὸ
843 749 890 776 τοῦ

96 797 203 831 ἀγαθοῦ
217 797 285 824 Θεοῦ
300 797 418 833 πονηρὸς
440 797 606 833 δημιουργὸς
630 797 706 833 παρὰ
725 797 770 823 τὸν
790 796 891 830 ἀγαθὸν

95 844 177 875 θεὸν,
193 844 234 870 ὃτι
248 843 283 870 τὰ
297 843 379 870 αὐτοῦ
392 844 548 880 ὑπάρχοντα
563 843 728 880 ἀφαρπάξας
744 843 889 878 ἐχρήσατο.

97 891 186 918 Πόθεν
210 891 239 917 δὲ
265 891 295 917 οὐ
313 891 491 926 διελεγχθήσῃ
502 911 510 923 ,
530 890 613 917 αὐτοῦ
635 889 683 916 τοῦ
699 889 824 923 Σωτῆρος
840 888 892 923 φά-

936 292 983 327 jus
1007 291 1103 326 fasque
1128 290 1279 318 vindicare.
1302 290 1380 322 Quod
1404 289 1427 317 si
1451 289 1568 324 propria:
1587 291 1652 315 sunt
1671 287 1732 321 ejus

938 337 1047 370 animae,
1061 341 1143 372 atque
1157 345 1172 364 e
1186 337 1257 364 coelo
1272 336 1390 371 delapsae
1406 335 1542 366 videntur.
1557 340 1730 368 consequens

938 386 992 416 est,
1005 391 1053 411 eas
1072 390 1087 410 a
1109 390 1238 417 supremo
1252 374 1378 416 bonoque
1393 380 1448 408 Deo
1469 381 1580 412 missas,
1596 384 1624 407 et
1641 379 1668 407 in
1684 379 1733 406 bo-

939 436 1004 455 num
1024 427 1158 455 mundum
1174 426 1345 454 introductas
1366 425 1461 453 fuisse.
1479 426 1568 460 Atque
1587 429 1616 452 ut
1631 424 1732 452 missas

939 474 1001 502 illas
1017 473 1051 501 ad
1066 481 1146 501 usum
1161 473 1278 507 aliquem
1292 471 1405 503 fateare,
1418 479 1498 506 quem
1513 474 1572 498 tute
1585 469 1728 497 conﬁnxe-

938 520 989 552 ris,
1000 520 1047 548 ubi
1068 523 1159 547 autem
1180 519 1312 554 ingressa!
1335 522 1400 546 sunt
1423 517 1555 544 aliorsum
1576 515 1731 548 deflexisse,

941 569 1008 601 puta
1030 568 1060 592 ut
1076 565 1151 600 juste
1165 563 1270 599 aliquid
1291 567 1405 598 agerent.
1432 562 1587 594 immissas,
1615 560 1728 588 sceleris

939 610 1080 646 quidpiam
1101 614 1291 645 perpetrasse;
1306 609 1351 644 qui
1375 616 1422 636 eas
1443 607 1571 643 allegavit
1586 606 1654 633 nihil
1676 613 1736 633 om-

922 656 926 660 ⁷
943 657 1010 684 nino
1025 655 1184 691 pnevidissc
1210 654 1370 687 videbatur,
1387 662 1450 682 cum
1466 653 1580 680 alterius
1594 652 1634 679 rei
1647 651 1734 687 gratia

941 701 1057 734 miserit,
1071 709 1111 729 ea:
1128 709 1192 729 vero
1207 700 1347 728 contraria
1364 699 1455 727 omnia
1479 698 1668 734 praestiterint.
1687 697 1735 724 Sin

941 757 974 776 eo
988 748 1144 783 confugias,
1166 752 1196 774 ut
1220 748 1295 774 illius
1319 747 1438 782 injussu,
1461 753 1493 773 ac
1515 745 1633 780 raptoris
1646 748 1737 779 tyran-

941 794 1006 822 nide
1021 798 1131 822 coaetus
1148 794 1255 822 venisse
1273 793 1444 828 pronunties,
1463 792 1543 827 plane
1560 794 1669 818 creatus
1691 789 1736 816 ille

942 847 957 866 a
984 840 1056 867 bono
1083 839 1138 866 Deo
1161 840 1250 865 malus
1273 838 1369 866 artifex
1391 838 1463 864 bono
1482 837 1542 873 ipso
1560 836 1616 863 Deo
1640 835 1737 862 fortior

942 883 1098 910 censendus
1118 887 1170 913 cst.
1194 882 1241 918 qui
1259 891 1320 918 quae
1341 883 1374 910 ad
1395 882 1470 909 illum
1491 882 1661 916 pertinebant
1680 880 1737 908 vio—

99 946 212 969 σκοντος
222 958 229 970 ,
244 938 285 964 ὅτι
306 921 467 970 Ἐξοιιοῖίαν
558 935 616 970 τὴν
629 936 735 970 ψυχήν
755 921 815 970 dou
832 921 891 962 dal—

946 929 1029 956 lenter
1042 932 1136 964 erepta
1151 929 1184 955 ad
1197 936 1263 956 usus
1284 936 1349 956 suos
1361 929 1512 955 transtulit.
1528 927 1628 955 Verum
1645 934 1737 954 nonne

97 991 162 1014 ναι,
176 981 227 1010 καὶ
244 982 349 1009 λαϐεῖν
364 982 462 1013 αὑτήν
474 991 481 997 -
496 981 533 1013 ὡς
544 981 626 1008 αὑτοῦ
645 981 694 1016 μὲν
710 980 798 1016 ψυχὴν
817 980 893 1015 εἱλη-

99 1027 199 1062 φότος,
218 1027 264 1053 καὶ
286 1026 394 1060 θέντος,
415 1026 463 1053 καὶ
488 1026 570 1053 πάλιν
593 1025 740 1057 λαῦόντος·
765 1025 815 1052 οὐκ
843 1024 892 1051 ὰλ-

97 1073 209 1109 λοτρίαν
227 1071 296 1101 εἶναι
315 1073 364 1109 τὴν
377 1072 466 1111 ψυχὴν
478 1092 485 1106 ,
504 1073 551 1100 καὶ
566 1071 663 1108 ἑτέρου
679 1071 856 1108 δημιουργοῦ.

137 1218 221 1246 Πάλιν
235 1217 262 1245 δὲ
276 1218 452 1254 εὑρεθήσεται
466 1218 568 1253 ἀγαθὸν
585 1218 664 1255 σῶμα
679 1219 780 1255 φορῶν.
791 1220 828 1247 Οὐ
839 1220 894 1256 γὰρ

101 1265 136 1291 ἂν
159 1264 336 1300 πεισθήσεται
359 1264 461 1299 ἀγαθός
483 1274 526 1297 τις
550 1266 667 1301 χρῆσθαι
683 1266 794 1301 πονηρῷ
808 1266 893 1302 ἔργῳ,

100 1310 146 1336 ἵνα
163 1309 200 1345 μὴ
218 1310 272 1337 ἀπὸ
283 1310 330 1337 τοῦ
347 1311 471 1346 μετέχειν
487 1311 588 1346 μέρους
598 1311 645 1338 τοῦ
658 1311 778 1347 πονηροῦ
790 1313 836 1339 καὶ
846 1313 897 1339 αὑ-

99 1356 146 1388 τὸς
168 1356 351 1392 χρανθήσεται
373 1358 406 1392 τῇ
431 1357 482 1391 τῆς
506 1357 656 1392 ἐπιμὶξεως
676 1358 803 1394 πονηρίᾳ.
818 1359 850 1385 Εἰ
867 1359 895 1386 δὲ

102 1402 150 1428 καὶ
174 1402 255 1434 αὐτὸς
278 1402 420 1438 ἀνέστησε,
434 1403 496 1437 λέγε
523 1412 580 1439 μοι,
596 1404 622 1430 τί
646 1404 689 1431 ἵνα
712 1406 813 1442 ποιήσῃ
827 1406 896 1441 μετὰ

101 1447 251 1474 ἀνάστασιν
266 1448 313 1474 καὶ
328 1449 393 1475 αὐτὸ
406 1448 486 1476 πάλιν
500 1449 680 1477 καταλέλοιπε
705 1451 821 1486 μερίσας
840 1453 896 1483 τοῖς

101 1493 233 1529 τέσσαρσι
258 1494 409 1530 στοιχείοις,
427 1495 466 1530 τῷ
492 1494 586 1531 θερμῷ
609 1496 640 1522 τὸ
665 1496 776 1532 θερμὸν,
793 1497 841 1524 καὶ
856 1497 896 1533 τῷ

101 1540 200 1576 ψυχρῷ
222 1540 253 1567 τδ
277 1541 392 1576 ψυχρὸν»
406 1541 454 1568 καὶ
477 1541 517 1576 τῷ
543 1541 618 1578 ξηρῷ
632 1542 664 1569 τὺ
680 1542 772 1578 ξηρὸν,
786 1543 833 1570 καὶ
858 1543 897 1579 τῷ

943 978 969 1002 te
985 982 1039 1002 vox
1052 974 1111 1010 ipsa
1125 974 1278 1002 Salvatoris
1290 974 1430 1002 evidenter
1444 974 1569 1009 coarguit
1585 983 1591 1000 ε
1610 973 1736 1000 Potesta-

943 1025 995 1048 tem
1024 1021 1106 1048 habeo
1137 1020 1251 1056 ponendi
1281 1021 1398 1047 animant
1428 1029 1530 1053 meam,
1560 1024 1585 1047 et
1615 1019 1737 1047 sumendi

943 1066 1039 1094 illam?
1060 1067 1139 1102 quasi
1162 1067 1280 1093 animam
1308 1066 1353 1094 ille
1376 1067 1534 1102 sumpserit,
1552 1073 1584 1093 ac
1602 1065 1735 1100 posuerit.

944 1111 1090 1147 denuoque
1105 1112 1256 1147 receperit;
1273 1115 1303 1138 ut
1319 1119 1375 1138 non
1391 1111 1480 1139 aliena
1495 1118 1555 1139 esse
1570 1110 1674 1143 anima,
1690 1113 1738 1137 aut

944 1158 1022 1186 alteri
1032 1157 1122 1193 opifici
1137 1157 1283 1186 tribuenda
1294 1156 1430 1185 videatur.

979 1215 1049 1243 lllud
1059 1216 1140 1243 etiam
1150 1216 1284 1251 sequitur,
1294 1215 1397 1243 bonum
1413 1214 1480 1242 illud
1488 1214 1616 1243 habuisse
1625 1221 1738 1249 corpus.

945 1261 1040 1297 Neque
1050 1262 1122 1289 enim
1131 1261 1289 1296 persuaderi
1309 1262 1379 1289 bono
1393 1261 1512 1296 cuipiam
1527 1265 1629 1296 potest,
1650 1260 1734 1296 386

945 1308 1046 1335 malum
1061 1312 1090 1334 ut
1104 1315 1172 1341 opus
1186 1307 1219 1334 ad
1237 1315 1318 1334 usum
1339 1308 1485 1335 adhibeat:
1500 1315 1534 1334 ne
1548 1307 1613 1334 dum
1626 1307 1689 1333 mali
1707 1306 1736 1332 Iit

945 1353 1093 1388 particeps,
1111 1352 1295 1388 improbitatis
1310 1361 1342 1380 ac
1359 1352 1488 1388 nequitia:
1501 1352 1664 1387 contagione
1680 1351 1738 1386 pol-

947 1400 1048 1426 luatur.
1078 1397 1138 1425 Jam
1163 1405 1248 1430 vero,
1281 1398 1304 1426 si
1336 1398 1451 1433 ipsemet
1483 1405 1583 1433 corpus
1611 1396 1739 1424 excitavit

949 1453 1040 1476 suum.
1068 1445 1136 1472 cedo
1162 1443 1228 1479 quid
1246 1451 1279 1472 eo
1300 1448 1362 1479 post
1390 1444 1620 1472 resurrectionem
1643 1443 1735 1470 facere

946 1491 1129 1520 decreverat?
1144 1494 1191 1517 aut
1205 1497 1257 1517 cur
1279 1490 1378 1518 iterum
1395 1490 1462 1517 illud
1479 1489 1602 1524 reliquit,
1615 1493 1697 1523 atque
1710 1488 1738 1515 in

947 1541 1065 1573 quatuor
1079 1536 1214 1563 elementa
1228 1536 1346 1571 partitus
1361 1539 1414 1568 est,
1435 1535 1502 1563 adeo
1518 1539 1549 1562 ut
1559 1534 1678 1562 calidum
1692 1541 1739 1561 ca-

103 1585 180 1622 ὐγρῷ
193 1586 224 1613 τὺ
238 1587 337 1622 ὑγρόν;
349 1587 380 1613 El
394 1587 449 1622 γὰρ
463 1587 574 1623 ήγειρεν
586 1587 661 1620 αὐτὸ,
676 1588 718 1615 ἵνα
734 1589 815 1615 πάλιν
830 1589 893 1616 αὐτὸ

948 1584 1013 1617 lido,
1028 1583 1128 1619 frigido
1145 1584 1285 1619 frigidum,
1299 1583 1373 1610 sicco
1393 1583 1509 1614 siccum,
1531 1581 1670 1608 humidum
1690 1580 1739 1608 hu-

103 1632 182 1668 λύσῃ,
197 1632 250 1668 ἄρα
260 1633 481 1669 δραματουργίας
493 1634 523 1660 τδ
534 1634 614 1670 ἔργον
626 1634 705 1661 τοῦτο
720 1635 774 1670 εἴη,
788 1636 834 1662 καὶ
845 1636 896 1662 οὐκ

103 1678 363 1715 ἀληθείας.Ἤγειρε
384 1679 414 1706 δὲ
438 1679 504 1707 αὐτὸ
527 1681 542 1707 ὁ
563 1679 666 1716 Κύριος
690 1680 770 1716 ἡμῶν
791 1681 896 1717 Ἰησοῦς

104 1725 231 1760 Χριστὸς,
246 1725 294 1752 καὶ
309 1725 520 1761 συμπαρέλαϐεν
532 1725 631 1761 ἑαυτῷ,
644 1726 711 1762 ὅπερ
725 1727 897 1754 ἀνεπλάσατο

105 1772 143 1804 εἰς
160 1771 256 1798 ἑαυτὸν
278 1771 358 1807 σῶμα
383 1773 432 1799 σὺν
453 1772 526 1808 ψυχῇ
545 1773 591 1799 καὶ
603 1773 677 1809 πάσῃ
692 1774 896 1810 ὲνανθρωπήσει

105 1817 298 1850 τελειωτάτως.
308 1818 417 1854 Ἐπειδὴ
434 1818 488 1854 γὰρ
503 1819 672 1852 συνεκάθισε,
685 1820 756 1847 κατά
769 1820 815 1847 τὸν
829 1822 897 1848 ἀπο-

107 1864 229 1891 στολικδν
240 1864 332 1899 λόγον,
345 1865 386 1892 ὅτι
394 1866 420 1892 Ὀ
430 1865 501 1898 Θεὸς
514 1865 623 1900 ἤγειρε,
632 1866 682 1893 καὶ
694 1867 897 1895 συνεκάθισεν

108 1910 142 1936 ἑν
154 1909 216 1942 τοῖς
231 1909 436 1944 ἐπουρανίοις·
453 1911 491 1942 ὡς
506 1910 692 1946 μαρτυροῦσιν
713 1912 738 1938 οἱ
761 1911 807 1938 δύο
828 1913 853 1939 οι
867 1914 896 1940 ἐν

109 1955 201 1990 ἐσθῆτι
225 1956 339 1992 λαμπρᾷ
361 1956 490 1991 ὀφθέντες
505 1957 674 1990 ἀποστόλοις,
691 1957 729 1991 ὡς
753 1958 894 1993 λέγουσιν·

111 2002 230 2036 Ἄνδρες
248 2002 414 2035 Γαλιλαῖοι,
430 2004 460 2030 τι
477 2003 625 2039 ἑστήκατε
648 2004 830 2039 ἀτενίζοντες
853 2006 898 2038 εις

109 2048 162 2075 τὸν
173 2049 319 2082 οὺρανόν;
339 2049 438 2082 Οὕτως
455 2050 622 2084 ἐλεύσεται,
639 2050 675 2078 ὂν
687 2051 798 2085 τρόπον
815 2051 894 2078 ἐθεά-

109 2095 206 2121 σασθε
217 2093 310 2122 αὐτὸν
320 2094 615 2131 ἀναλαμϐανόμενον.

143 2236 188 2268 ς’.
209 2235 265 2262 Καὶ
281 2235 325 2262 ἵνα
339 2236 376 2272 μὴ
387 2236 467 2263 πάλιν
477 2236 542 2273 δοθῇ
556 2245 596 2263 σοι
611 2237 747 2273 πρόφασις
764 2237 897 2273 πονηρίας

109 2280 178 2308 κατὰ
193 2281 243 2317 τῆς
254 2269 393 2318 ἀληθεῖας,
413 2283 482 2318 μετά
503 2269 599 2319 χρονον
618 2269 702 2310 πολξιν
714 2283 766 2318 τῆς
778 2269 897 2310 τοῦπ-Σω-
913 2269 934 2297 υ

109 2328 189 2363 τῆρος
205 2327 283 2362 ἡμῶν
304 2328 476 2364 ἀναλήψεως,
493 2329 629 2364 Στέφανος
643 2330 657 2356 ὁ
669 2329 745 2365 ἀγιος
755 2329 803 2356 τοῦ
828 2330 896 2357 Θεοῦ

111 2373 217 2410 μάρτυρ
234 2373 410 2410 λιθαζόμενος
431 2374 483 2401 ὑπὸ
504 2375 559 2402 τῶν
572 2375 708 2403 Ἰουδαίων
719 2376 896 2412 ἀπεκρίνατο,

109 2419 212 2453 λέγων’
235 2419 308 2446 Ἰδοὺ
328 2419 387 2454 ὁρῶ
408 2420 463 2447 τὸν
484 2421 616 2454 οὐρανὸν
630 2420 828 2456 ἁνεςιημένον,
848 2422 897 2450 καὶ

110 2465 161 2492 τὸν
189 2466 256 2492 Υὶὸν
277 2465 331 2493 τοῦ
354 2465 512 2500 ἀνθρώπου
535 2466 651 2494 ἑστῶτα
668 2467 702 2494 ἐκ
718 2467 825 2500 δεξιῶν
844 2468 899 2496 τοῦ

110 2512 236 2545 Πατρός·
251 2512 295 2538 ἵνα
306 2511 380 2548 δείξῃ
393 2512 459 2540 αὐτὸ
469 2512 499 2539 τὸ
512 2512 593 2548 σῶμα
602 2513 631 2540 ἐν
641 2513 754 2550 ἀληθείᾳ
765 2515 806 2546 εἰς
816 2523 899 2541 πνευ-

112 2557 224 2592 ματικὸν
244 2557 358 2593 ἀνιστᾷν
380 2557 429 2584 σὺν
452 2557 560 2593 θεότητι
575 2557 623 2585 τοῦ
644 2559 825 2594 Μονογενοῦς,
838 2560 898 2587 ὃλον

110 2603 148 2634 εἰς
168 2602 353 2638 πνευματικὸν
367 2603 476 2635 ἑνωθὲν,
491 2604 539 2631 καὶ
553 2604 593 2636 εις
610 2604 723 2639 θεότητα
739 2606 896 2641 συνηνωμέ-

111 2649 242 2675 νον.’Δνω
252 2649 281 2675 δὲ
293 2649 358 2675 αὐτὸ
372 2649 402 2676 τὸ
419 2649 495 2683 ἅγιον
511 2650 590 2686 σῶμα
605 2650 655 2677 σὺν
668 2653 701 2687 τῇ
717 2651 825 2687 θεότητι
838 2652 898 2685 ὅλος

111 2694 184 2727 Θεὸς,
197 2692 237 2728 εἷς
246 2694 310 2726 Υἱὸς
319 2696 337 2721 ἁ
348 2696 425 2730 ἆγιος
438 2695 486 2722 τοῦ
500 2696 579 2728 Θεοῦ,
588 2696 768 2733 καθεζόμενος
782 2699 811 2725 ἐν
823 2698 898 2735 δεξιᾷ

110 2741 156 2769 τοῦ
175 2741 281 2777 Πατρός
290 2748 297 2755 ’
315 2741 353 2774 ὡς
371 2742 427 2777 ἔχει
442 2742 490 2770 καὶ
502 2742 532 2769 τὸ
543 2743 590 2770 τοῦ
604 2743 718 2780 Μάρκου
732 2745 898 2780 Εὑαγγέλιον

112 2788 156 2815 καὶ
167 2787 222 2815 ⁴νῶν
237 2788 324 2816 ἄλλων
341 2789 541 2824 εὐαγγελιστῶν
554 2798 561 2806 ·
579 2791 634 2818 Καὶ
651 2791 785 2827 ἀνῆλθεν
796 2794 841 2826 εις
851 2794 895 2820 οὐ-

148 2914 156 2930 ¹
169 2913 268 2950 Ephes.
287 2921 318 2947 ιι,
334 2914 360 2942 ϐ.
398 2915 407 2930 ¹
422 2914 482 2943 Act.
503 2922 522 2949 ι,
543 2915 586 2942 ll.
627 2915 636 2930 ³
652 2914 712 2942 Act.
732 2923 780 2947 vn,
793 2914 835 2942 55.

946 1629 1019 1656 mido
1041 1629 1217 1661 restitueret;
1239 1635 1302 1655 nam
1319 1628 1342 1656 si
1363 1627 1431 1655 illud
1458 1627 1595 1655 excitabat
1614 1626 1686 1658 ideo,
1707 1631 1737 1653 ut

947 1675 1047 1702 iterum
1060 1673 1234 1706 dissolveret,
1254 1681 1302 1709 per
1318 1673 1413 1700 ludum
1429 1673 1482 1700 hoc
1498 1673 1608 1706 fecisse,
1624 1679 1678 1699 non
1697 1679 1739 1699 se-

946 1723 988 1750 rio
1002 1730 1034 1749 ac
1046 1722 1117 1749 bona
1135 1721 1188 1750 ﬁde
1204 1722 1351 1749 videbitur.
1379 1721 1524 1749 Enimvero
1547 1721 1678 1748 Dominus
1695 1719 1739 1749 Je-

949 1777 996 1797 sus
1011 1768 1140 1797 Christus
1165 1769 1290 1804 idipsum
1316 1768 1462 1801 excitavit;
1488 1775 1599 1803 corpus,
1616 1767 1739 1803 inquam,

947 1813 1036 1849 ipsum
1058 1814 1133 1849 quod
1157 1814 1291 1842 formarat
1314 1814 1367 1842 sibi
1383 1822 1436 1842 una
1455 1822 1518 1842 cum
1536 1814 1627 1841 anima
1651 1817 1728 1841 cate-

947 1863 1040 1896 risque
1062 1861 1162 1896 quibus
1183 1861 1302 1888 hominis
1331 1866 1427 1888 natura
1448 1865 1568 1892 constat,
1587 1859 1731 1896 perfectis-

947 1907 1016 1936 sime
1029 1915 1125 1935 rursus
1139 1907 1296 1942 assumpsit.
1312 1907 1392 1941 Cum,
1404 1907 1588 1943 utApostolus
1604 1906 1736 1942 loquitur,

950 1953 1121 1986 consederit,
1134 1954 1369 1989 quandoquidem,
1385 1953 1458 1981 Deus
1472 1953 1547 1980 illum
1560 1953 1690 1980 revocarit
1704 1952 1739 1979 ad

947 1999 1037 2032 vitam,
1051 2003 1075 2026 et
1091 1999 1118 2026 in
1131 2000 1279 2026 cwlestibus
1295 1999 1414 2027 consedit
1425 2001 1444 2031 ι,
1459 1999 1485 2026 id
1501 1998 1574 2033 quod
1594 1999 1674 2025 ambo
1687 1998 1738 2031 illi,

947 2044 995 2079 qui
1012 2044 1040 2071 in
1054 2048 1132 2072 veste
1146 2045 1290 2080 splendida
1302 2045 1436 2080 apostolis
1450 2044 1584 2072 videndos
1601 2051 1662 2071 sese
1674 2052 1740 2078 prm-

947 2091 1074 2123 buerant,
1101 2091 1177 2119 hisce
1200 2092 1291 2120 verbis
1317 2092 1409 2120 testati
1434 2096 1499 2120 sunt
1519 2101 1526 2119 :
1548 2091 1605 2118 Viri
1620 2090 1737 2122 Galilwi,

948 2136 1012 2172 quid
1030 2137 1108 2164 statis
1127 2138 1283 2172 aspicientes
1299 2138 1325 2165 ἱιι
1340 2138 1456 2167 uelum?
1472 2138 1515 2165 Sic
1535 2138 1628 2170 t'em'et,
1647 2146 1739 2173 quem-

948 2183 1092 2211 admodum
1107 2183 1210 2211 vidistis
1226 2193 1284 2211 eum
1299 2184 1480 2212 ascendentem
1489 2185 1509 2212 ¹.

984 2239 1029 2267 Vl.
1049 2240 1140 2275 Atque
1158 2244 1188 2267 ut
1209 2241 1300 2268 omnis
1321 2241 1369 2269 tibi
1397 2241 1598 2268 calumniandaa
1614 2241 1740 2269 veritatis

949 2287 1060 2314 occasio
1072 2287 1297 2322 praecluderetur,
1317 2287 1365 2315 diu
1390 2293 1453 2323 post
1475 2289 1665 2316 ascensionem
1685 2287 1738 2315 Do-

950 2332 1018 2358 mini
1044 2337 1158 2360 sanctus
1184 2333 1230 2360 ille
1255 2333 1302 2360 Dei
1331 2338 1436 2369 martyr
1457 2333 1624 2368 Stephanus,
1646 2341 1708 2361 cum
1724 2342 1739 2360 a

950 2377 1054 2405 Judaeis
1076 2378 1216 2414 lapidibus
1235 2379 1410 2411 obrueretur,
1428 2380 1462 2407 ita
1483 2380 1591 2408 locutus
1608 2385 1650 2408 est
1666 2390 1672 2408 :
1696 2380 1740 2407 Vi-

950 2425 998 2452 deo
1015 2424 1109 2451 caelum
1122 2431 1254 2459 aperlum,
1282 2431 1307 2453 et
1330 2426 1432 2453 Filium
1458 2427 1572 2454 hominis
1593 2432 1708 2454 stantem
1723 2436 1740 2454 ιι

953 2470 1055 2498 dextris
1071 2470 1163 2498 Patris
1178 2471 1199 2504 ³,
1221 2476 1251 2498 ιιι
1267 2472 1423 2500 ostenderet
1449 2480 1550 2508 corpus
1567 2473 1658 2508 ipsum
1677 2481 1740 2501 sur-

950 2517 1065 2550 rexisse,
1074 2525 1138 2545 vere
1152 2517 1179 2544 in
1191 2518 1313 2553 spiritale
1327 2523 1471 2550 mutatum.
1481 2527 1513 2546 ac
1524 2527 1586 2546 cum
1603 2519 1740 2555 Unigcniti

950 2563 1095 2591 divinitate
1115 2564 1306 2599 conjunctum.
1334 2565 1412 2597 Quod
1435 2566 1505 2593 idem
1530 2571 1739 2594 sacrosanctum

951 2610 979 2637 in
995 2610 1067 2637 coelo
1081 2618 1184 2645 corpus
1195 2619 1258 2639 cum
1275 2611 1334 2646 ipsa
1348 2612 1492 2639 divinitate
1511 2615 1585 2639 totus
1602 2611 1673 2639 Deus
1686 2616 1738 2645 est,

950 2661 978 2685 et
993 2665 1066 2685 unus
1086 2662 1256 2693 sanctusque
1279 2658 1325 2685 Dei
1349 2657 1446 2691 Filius,
1461 2657 1495 2684 ad
1511 2657 1600 2685 Patris
1615 2658 1740 2685 dextram

951 2703 1109 2735 considens,
1124 2704 1353 2739 quemadmodum
1373 2709 1427 2732 tam
1449 2703 1544 2737 Marci,
1562 2712 1644 2739 quam
1659 2709 1741 2732 caete-

952 2756 1046 2775 rorum
1062 2748 1209 2784 Evangelia
1222 2754 1381 2778 testantur:
1400 2750 1434 2776 Et
1457 2750 1576 2778 ascendit
1598 2751 1625 2777 in
1647 2749 1737 2781 cmlos.

951 2799 975 2822 et
995 2794 1062 2822 sedit
1081 2795 1108 2823 in
1129 2795 1239 2823 dextera
1265 2795 1358 2823 Patris
1370 2796 1390 2823 ⁸.
1423 2796 1461 2823 Ita
1488 2800 1534 2824 tua
1548 2796 1594 2824 illa
1615 2800 1740 2824 tuorum-

876 2915 887 2931 ⁸
901 2913 986 2942 Marc.
1005 2922 1061 2948 l‘tl.
1079 2915 1124 2949 ωτ
1149 2914 1213 2944 Luc.
1232 2924 1303 2949 ιιιν,
1324 2916 1369 2943 5!.
