1964 3047
235 151 286 181 351

946 159 976 189 S.
998 159 1172 189 EPIPHANII

1818 164 1876 194 833

235 218 289 245 que
309 210 458 240 falsissima
484 200 622 242 sententia
648 222 683 243 cx
709 215 785 244 omni
812 220 891 252 parte
914 218 1010 246 convcl

1072 218 1197 253 ραν-οὺς,
1220 219 1269 246 καὶ
1295 218 1482 247 ἐκάθισε-νέον
1495 221 1579 256 δεξιᾷ
1599 223 1652 250 τοῦ
1671 223 1795 258 ιιατρός.
1814 224 1874 251 Καὶ

235 257 310 285 litut'.

270 344 348 379 Quod
379 355 444 375 vero
469 353 640 377 mortuorum
665 351 698 378 ad
719 351 948 379 resurrectionem
963 360 1026 388 spe-

233 395 300 425 ctat,
332 394 394 422 audi
420 396 485 431 quid
509 396 657 431 Apostolus
677 399 761 426 dicat.
779 398 896 433 Oportet,
921 400 1023 435 inquit,

233 441 406 476 corruptibile
420 442 469 469 hoc
481 444 591 472 induere
609 445 843 481 incorruptionem,
865 451 889 474 et
912 446 1024 475 mortale

232 488 281 513 hoc
295 487 404 515 induere
414 488 643 517 immortali/atem
666 491 686 518 ¹.
707 491 766 520 Nisi
781 492 854 519 enim
866 493 939 528 quod
955 501 1024 520 mor-

234 532 289 560 tale
305 536 348 560 est
365 533 600 563 immortalitatem
617 536 743 565 indueret
759 538 917 574 aliquando,
933 544 961 567 et
978 539 1021 567 in-

230 579 435 614 corruptionem
451 581 525 615 quod
549 586 591 609 est
611 583 800 618 corruptibilc,
829 592 969 620 nunquam
988 585 1021 613 ad

230 626 386 654 obeundam
414 632 532 656 mortem
576 629 740 658 immortalis
777 631 959 664 accessisset,
992 637 1022 660 ut

228 677 347 707 corpore
363 680 415 700 suo
429 680 525 708 poenas
552 676 729 710 expenderet,
744 684 777 704 ac
798 677 946 706 defunctus
964 682 1021 706 ter-

229 717 268 744 tia
285 718 329 745 die
345 718 427 754 387
443 725 608 756 resurgeret,
626 725 654 749 et
667 730 730 749 cum
741 723 888 751 divinitate
904 731 966 757 sua,
988 731 1020 752 ac

229 764 324 798 gloria:
346 765 493 801 splendore
510 767 613 802 pariter
634 768 701 796 illud
727 769 847 804 eﬂ’erret,
873 773 902 798 ut
924 778 956 798 ex
972 770 1020 798 be-

228 809 313 845 nigno
325 810 373 838 illo
386 811 527 845 convictu,
548 814 752 851 prmsentiaque
766 824 828 849 sua,
843 824 924 852 quam
938 817 1018 845 nobis

228 856 360 886 hactenus
394 859 582 895 impcrtierat,
614 869 707 889 veram
737 870 814 899 spem
845 864 1018 900 solidamque

1077 265 1245 300 πανταχόθεν
1261 265 1429 293 διαπεσεῖται
1445 275 1491 293 σου
1507 268 1554 294 καὶ
1569 268 1624 296 τῶν
1639 269 1691 296 ὑπὸ
1703 269 1750 296 σοῦ
1764 270 1874 297 πεπλα-

1075 311 1202 346 νημένων
1216 310 1231 337 ὁ
1243 311 1366 348 ἀγύρτης
1382 313 1470 347 λόγος.

1111 359 1166 387 Καὶ
1186 360 1250 396 περὶ
1263 360 1368 396 νεκρῶν
1383 361 1559 394 ἀναστάσεως
1577 363 1658 390 ἄκουε
1674 363 1721 390 τοῦ
1739 364 1872 392 Ἀποστὸ-

1075 404 1132 438 λου,
1146 404 1282 439 λέγοντος,
1299 406 1341 432 ὅτι
1362 406 1414 433 Δεῖ
1431 406 1464 433 τὸ
1486 407 1619 442 φθαρτὸν
1632 408 1720 436 τοῦτο
1737 409 1870 437 ἐνδύσα-

1075 454 1145 481 σθαι
1156 453 1338 488 ἀφθαρσίαν,
1355 453 1405 481 καὶ
1431 453 1465 481 τὸ
1492 455 1603 489 θνητὸν
1627 456 1716 484 τοῦτο
1738 457 1871 498 erogau—

1074 500 1144 526 σθαι
1157 499 1337 526 ἀθανασίαν.
1353 499 1385 526 Εἰ
1402 499 1439 535 μὴ
1456 500 1510 536 γὰρ
1526 500 1622 536 ἔμελλε
1638 502 1668 529 τὺ
1682 502 1777 538 θνητὸν
1791 503 1870 530 ἐνδύ-

1075 544 1174 572 σασθαι
1188 545 1349 578 ἀθανασίαν,
1361 545 1409 573 καὶ
1421 546 1451 573 τὸ
1463 546 1582 583 φθαρτὸν
1594 547 1754 576 ἐνδύσασθαι
1763 549 1870 585 ἀφθαρ-

1074 590 1145 623 σίαν,
1161 590 1211 618 οὐκ
1234 590 1268 618 ἂν
1295 591 1309 618 ὁ
1331 591 1465 624 ἀθάνατος
1483 592 1573 620 θανεῖν
1587 591 1679 629 ἦλθεν,
1693 595 1736 621 ἴνα
1750 595 1779 622 ὲν
1791 595 1869 631 αὐτῷ

1072 636 1158 672 πάθῃ,
1172 637 1220 664 καὶ
1236 637 1380 672 κοιμηθεὶς
1396 637 1428 664 τὸ
1442 639 1591 674 τριήμερον
1606 638 1720 674 ἀναστῇ.
1736 640 1783 667 καὶ.
1799 649 1866 667 συν-

1072 682 1206 719 ανενέγκῃ
1222 683 1251 709 ὲν
1267 682 1341 719 αὐτῷ
1355 685 1388 720 τῇ
1403 683 1510 720 θεότητι
1526 685 1573 712 καὶ
1586 686 1619 721 τῇ
1634 686 1716 713 αὑτοῦ
1727 686 1789 722 δόξῃ
1799 695 1805 700 ·
1820 686 1868 714 ἴνα

1072 728 1106 755 ὲκ
1121 727 1171 763 τῆς
1183 728 1265 755 αὑτοῦ
1282 728 1388 765 ἀγαθῆς
1403 729 1471 765 πρὸς
1485 731 1559 766 ἡμᾶς
1571 730 1700 765 ὲνδημίας
1713 731 1762 767 τὴν
1773 732 1869 759 πᾶσαν

1072 773 1167 802 ἐλπίδα
1193 775 1376 811 κατάσχωμεν
1400 777 1428 802 ἐν
1445 776 1569 813 ἀληθείᾳ,
1585 777 1743 810 ὑποδεικνὺς
1765 777 1867 806 ἑαυτὸν

1070 820 1156 848 τύπον
1180 822 1257 857 ἡμῖν,
1275 822 1322 849 καὶ
1345 823 1493 859 ἀρῤαὸῶνα
1518 824 1559 856 sl;
1581 823 1676 851 ἐλπίδα
1699 824 1750 861 τῆς
1771 825 1867 861 πάσης

1073 865 1147 902 ζωῆς
1162 868 1365 903 πραγματείας.

226 904 436 939 concipercmus
449 927 457 939 ,
486 915 549 935 cum
577 916 639 937 sese
661 910 742 938 nobis
756 911 790 939 ad
804 919 865 939 eam
886 911 949 940 vita:
967 912 1240 951 immortalitatisque
1258 915 1384 944 ﬁduciam
1422 917 1655 946 corroborandatn
1680 919 1754 946 velut
1769 927 1864 948 exem-

227 951 298 986 plar,
316 956 344 980 et
358 953 541 982 arrhaboncm
559 956 733 991 prmbuisset.

261 999 317 1028 VII.
336 1000 399 1029 Haec
411 1009 472 1029 cum
496 1002 533 1030 ita
559 1011 620 1032 sese
644 1005 772 1042 habeant,
798 1015 887 1044 eoque
905 1015 921 1036 a
940 1009 1013 1037 nobis

1107 1009 1144 1036 Z’.
1165 1007 1276 1035 Τούτων
1301 1008 1330 1035 δὲ
1354 1007 1441 1040 οὕτως
1463 1008 1579 1044 ἐχόντων
1593 1009 1639 1036 καὶ
1658 1009 1805 1046 ῥηθέντων,
1820 1011 1864 1042 τίς

226 1047 308 1074 modo
333 1047 475 1083 disputata
495 1049 562 1083 sint,
581 1051 647 1086 quid
672 1053 769 1081 attinet
783 1053 811 1081 in
824 1054 959 1082 vilissimo
970 1055 1017 1083 illo

225 1093 373 1128 crabrone,
390 1102 471 1130 quem
483 1102 615 1131 zopyrum
636 1103 747 1134 vocant,
770 1099 953 1136 proﬂiganda,
973 1101 1017 1129 vel

225 1138 306 1166 aliter
316 1140 480 1176 occupando
506 1141 616 1178 ingenio
646 1143 751 1173 haerere
773 1146 898 1175 diutius?
929 1146 1015 1174 Suum

223 1184 298 1212 enim
326 1193 376 1222 per
397 1193 460 1214 sese
488 1187 613 1215 aculeum
640 1190 774 1224 perdidit;
807 1199 841 1219 ac
868 1192 1015 1220 conﬂatum

223 1231 298 1258 velut
315 1239 330 1258 a
347 1232 514 1263 circulatore
532 1235 642 1270 dogma,
668 1244 719 1264 nec
747 1237 781 1265 ab
805 1237 922 1266 aliorum
941 1246 1016 1267 som-

224 1277 279 1305 niis
303 1277 432 1308 diversus
448 1288 529 1308 error
545 1282 656 1310 abunde
674 1283 880 1312 demonstratus
893 1289 946 1313 est.
962 1284 1016 1312 Fe-

224 1328 290 1350 runt
314 1325 388 1352 enim
416 1327 644 1356 molestissimum
669 1329 894 1364 illud_crabronis
915 1339 1013 1367 genus,

222 1368 297 1403 quod
318 1377 449 1406 zopyrum
466 1374 617 1408 appellant,
633 1376 730 1403 aculeo
743 1376 862 1411 quodam
879 1381 1014 1406 armatum

221 1422 295 1448 esse,
315 1421 451 1446 venenato
476 1419 523 1447 illo
548 1421 670 1456 quidem,
699 1423 747 1450 sed
772 1423 891 1459 exiguo,
912 1424 1015 1460 quique

222 1459 296 1488 haud
313 1461 430 1489 multum
446 1463 552 1493 doloris
567 1466 695 1500 incutiat,
710 1471 737 1495 ct
753 1476 786 1496 ex
804 1475 855 1496 suo
875 1459 1014 1497 nihilomi-

222 1511 275 1532 nus
292 1513 392 1541 gencre
409 1508 445 1536 sit
459 1515 622 1538 venenatus.
641 1514 680 1540 Ac
696 1513 719 1540 si
735 1513 797 1548 quis
816 1513 886 1541 forte
903 1519 1015 1550 praetcr-

222 1552 314 1579 eundo
338 1553 457 1583 latebras
483 1556 558 1586 illius
574 1558 724 1594 nidumque
740 1560 833 1588 diruat
848 1570 855 1595 ;
873 1569 955 1597 quem
970 1562 1013 1590 in-

221 1600 264 1625 ter
286 1598 401 1628 frutices
419 1608 452 1628 ac
473 1602 616 1632 densiores
639 1605 740 1634 herbas
762 1605 815 1634 favi
834 1607 930 1642 instar,
950 1613 1012 1636 tan-

221 1651 304 1679 quam
320 1645 347 1672 in
362 1646 475 1681 alveari,
490 1650 640 1683 construit,
659 1652 753 1687 ibique
767 1653 873 1681 semine
887 1654 1012 1683 immisso

222 1689 295 1718 ictus
307 1692 430 1720 excludit
446 1703 452 1721 :
470 1695 517 1722 sed
535 1696 557 1723 si
576 1697 640 1732 quis
654 1697 744 1725 viator
761 1699 859 1728 baculo
875 1701 917 1729 vel
935 1701 1010 1737 virga

220 1736 308 1770 favos,
325 1738 365 1765 uti
378 1738 511 1774 diximus,
527 1741 703 1778 demoliatur,
728 1745 825 1775 furens
850 1747 926 1775 illico
947 1736 1011 1783 pro-

221 1783 325 1817 rumpit
345 1791 407 1813 acer
429 1785 475 1814 ille
500 1788 624 1822 quidem,
645 1790 694 1817 sed
722 1791 876 1822 imbecillus
899 1795 1009 1823 crabro.

221 1828 291 1856 Tum
309 1830 430 1859 vicinum
446 1833 557 1868 aliquod
574 1843 672 1864 saxum
687 1837 826 1873 lignumve
843 1845 953 1875 nactus,
970 1842 1010 1870 ira

219 1880 375 1906 exaestuans
390 1885 424 1906 eo
436 1886 498 1906 cum
511 1880 613 1916 impetu
631 1882 730 1916 fertur,
747 1892 778 1912 ac
790 1886 896 1914 silicem
908 1888 1009 1922 tundit,

219 1925 268 1948 aut
283 1921 397 1958 lignum.
418 1923 524 1957 Quibus
543 1934 607 1954 cum
630 1933 728 1956 noceat
751 1930 831 1964 nihil,
852 1939 884 1960 ac
905 1941 940 1961 ne
961 1921 1010 1962 ho-

219 1967 286 1995 mini
309 1968 439 2004 quidem,
463 1973 641 2006 quantumvis
670 1980 785 2011 pungat,
813 1977 886 2005 aliud
912 1983 1010 2014 praeter

219 2012 390 2042 levissimum
419 2015 541 2046 dolorem
573 2018 690 2054 inferat,
722 2030 819 2050 saxum
849 2032 915 2051 vero
941 2026 1009 2053 nihil

217 2058 346 2093 oblacdat,
359 2062 487 2090 aculeum
503 2064 555 2091 sibi
570 2064 681 2094 interim
696 2069 811 2102 excutit,
833 2069 927 2106 itaque
948 2079 1008 2099 mo-

217 2104 299 2132 ritur.
319 2106 365 2134 Sic
381 2108 426 2135 illa
448 2109 588 2138 simillima
610 2113 704 2148 zopyri
724 2115 869 2144 crabronis
882 2104 1007 2150 haeresis.

217 2151 269 2178 levi
284 2151 377 2181 dolore
391 2153 506 2188 inflicto,
529 2156 557 2184 in
580 2162 698 2192 petram,
721 2159 772 2187 hoc
790 2165 832 2189 est
851 2163 1007 2198 veritatem,

219 2197 375 2232 incurrens,
390 2205 417 2228 et
436 2202 561 2230 aculeum
580 2203 733 2240 infringens
748 2208 917 2236 enecabitur.
934 2197 1009 2239 Hanc

216 2244 301 2280 igitur
314 2250 538 2282 praetergressus,
555 2249 588 2277 ad
604 2250 671 2279 alias
686 2253 838 2281 orationem
853 2255 1005 2289 conferam,

216 2295 292 2318 certa
310 2291 356 2319 Dei
374 2293 474 2321 ﬁducia
499 2294 597 2329 frctus,
624 2297 782 2326 institutum
808 2308 852 2329 me
880 2309 950 2338 opus
973 2303 1007 2331 ad

215 2337 319 2364 exitum
333 2346 394 2366 esse
406 2339 616 2374 perducturum.

373 2393 602 2430 asscouma
623 2396 849 2433 sevcmmos,

355 2449 421 2483 ραω
435 2456 474 2479 est
489 2452 595 2481 haeresis
610 2453 692 2483 XXV
705 2456 759 2484 sive
777 2456 825 2484 XL
833 2457 864 2485 γ.

249 2505 271 2532 l.
290 2505 343 2539 Qui
367 2509 558 2543 superioribus
574 2510 629 2538 illis
650 2513 776 2547 proxime
800 2521 815 2540 a
841 2522 883 2542 me
914 2516 1004 2550 subji-

214 2552 329 2581 ciendus
344 2558 397 2586 est,
414 2555 455 2583 vel
471 2555 567 2584 iisdem
588 2558 757 2593 temporibus
781 2560 860 2593 vixit,
884 2561 926 2589 vel
948 2563 1004 2590 sal-

216 2603 268 2625 tem
281 2603 325 2627 est
340 2604 420 2628 atate
436 2608 552 2636 suppar;
580 2610 669 2638 neque
692 2604 765 2632 enim
789 2609 898 2641 tempus
913 2606 1003 2642 ipsum

215 2648 345 2672 accurate
357 2652 577 2675 commemorare
597 2655 722 2683 possum,
750 2650 803 2678 nisi
827 2652 900 2686 quod
918 2653 1002 2680 vicini

1068 1053 1109 1080 ἔτι
1129 1062 1175 1089 μοι
1198 1054 1277 1089 χρεία
1303 1053 1362 1080 ἐστὶ
1384 1054 1599 1091 κατατρίϐεσθαι
1625 1056 1689 1092 περὶ
1703 1055 1799 1082 τούτου
1813 1055 1862 1082 τοῦ

1067 1099 1195 1136 ζωπύρου
1211 1099 1339 1136 σφηκίου,
1355 1101 1403 1128 καὶ
1417 1100 1523 1133 οὐδενὸς
1542 1102 1618 1134 ὄντος
1631 1101 1787 1138 ἀνατροπῆς
1802 1102 1864 1129 ἕνε-

1067 1153 1113 1178 κα,
1131 1145 1147 1181 ἢ
1163 1145 1247 1181 ἄλλης
1259 1145 1332 1178 τινὸς
1347 1147 1555 1182 πραγματείας;
1570 1147 1629 1182 Ἀφ’
1644 1148 1741 1175 ἑαυτοῦ
1756 1149 1811 1184 γὰρ
1829 1148 1862 1175 τὸ

1066 1191 1179 1227 κέντρον
1199 1190 1341 1218 ἀπώλεσε·
1364 1193 1412 1219 καὶ¹
1433 1193 1643 1230 ἀπαράλλακτον
1660 1194 1743 1221 αὐτοῦ
1764 1194 1795 1221 τὸ
1810 1194 1862 1230 τῆς

1066 1236 1171 1272 πλάνης
1193 1238 1455 1274 παραπεποιημένον
1469 1239 1558 1274 δόγμα
1574 1239 1621 1266 καὶ
1642 1239 1797 1275 ἀγυρτῶδες
1817 1239 1862 1267 δέ-

1065 1282 1180 1310 δεικται.
1196 1284 1265 1311 Φασὶ
1290 1284 1344 1320 γὰρ
1370 1285 1400 1312 τὸ
1423 1285 1552 1321 ὀδυνηρὸν
1565 1286 1689 1322 σφηκίον,
1706 1286 1720 1312 ὃ
1733 1284 1861 1321 ζώπυρον

1065 1329 1138 1362 τινὲς
1150 1330 1327 1366 κεκλήκασιν,
1344 1330 1417 1366 ἔχειν
1435 1331 1485 1367 μὲν
1503 1333 1626 1368 κεντρίον
1643 1332 1744 1360 ἰοϐόλον
1759 1332 1859 1369 βραχὺ,

1065 1377 1245 1411 περιωδυνίαν
1267 1377 1369 1413 πολλὴν
1389 1379 1420 1405 οὑ
1445 1379 1625 1414 κεκτημένον,
1639 1379 1707 1407 ἀλλά
1726 1379 1796 1406 κατὰ
1808 1379 1860 1415 τὴν

1064 1423 1147 1450 αὑτοῦ
1170 1423 1285 1460 δύναμιν
1311 1424 1412 1452 ίοὸὀλον
1435 1425 1479 1452 ὃν·
1502 1425 1572 1452 ἐπὰν
1587 1426 1615 1453 δέ
1630 1435 1672 1458 τις
1685 1426 1859 1463 διερχόμενος

1063 1469 1110 1495 τὺν
1126 1469 1208 1496 αὑτοῦ
1224 1470 1327 1504 φωλεὸν
1344 1471 1360 1506 ἢ
1377 1470 1475 1498 καλιὰν
1489 1472 1614 1498 καθέλοι·
1632 1472 1660 1499 ὲν
1676 1473 1731 1509 γὰρ
1746 1473 1859 1508 θάμνοις

1065 1514 1186 1550 βοτανῶν
1203 1518 1319 1543 ποιεῖται
1344 1517 1391 1544 καὶ
1417 1517 1514 1554 κηρίου
1531 1518 1609 1554 δίκην
1624 1519 1713 1554 ἑαυτῷ
1727 1519 1860 1555 σίμὸλους

1063 1561 1151 1594 τινὰς,
1169 1562 1199 1589 ὲν
1214 1560 1256 1595 οἷς
1272 1563 1396 1598 σίμϐλοις
1418 1564 1626 1598 ὲγκατατίθεται
1643 1565 1691 1601 τὴν
1708 1565 1791 1592 αὐτοῦ
1812 1575 1859 1600 γο-

1063 1609 1123 1643 νὴν,
1147 1609 1196 1635 καὶ
1221 1610 1340 1636 ποιεῖται
1365 1610 1454 1646 ἑαυτῷ
1478 1610 1511 1637 τὰ
1533 1613 1706 1647 γεννήματα·
1730 1612 1755 1639 εί
1774 1611 1803 1638 δέ
1816 1621 1858 1644 τις

1042 1685 1047 1695 1
1063 1653 1238 1690 διερχόμενος
1252 1655 1342 1692 ῥάϐδῳ
1354 1656 1370 1691 ἢ
1386 1656 1457 1692 ξύλῳ
1467 1656 1548 1689 νύξας
1562 1656 1592 1683 τὸ
1609 1657 1713 1694 κηρίον,
1725 1657 1763 1690 ὡς
1778 1658 1857 1694 ἔφην,

1065 1700 1226 1733 καταϐάλοι,
1239 1701 1378 1737 ἐξέρχεται
1394 1701 1562 1738 θυμούμενον
1578 1703 1643 1729 αὐτὸ
1662 1702 1693 1738 δὴ
1718 1703 1748 1730 τὺ
1771 1702 1860 1730 δεινὸν

1065 1746 1124 1781 μὲν,
1140 1746 1254 1783 βληχρδν
1268 1748 1297 1774 δὲ
1312 1749 1427 1784 σφηκίον
1440 1757 1446 1764 ·
1463 1748 1510 1775 καὶ
1524 1748 1572 1776 ὲὰν
1587 1748 1655 1786 εὕρῃ
1670 1749 1774 1785 πέτραν
1787 1749 1857 1784 πλη-

1064 1791 1120 1819 σίον
1134 1793 1150 1828 ἢ
1170 1792 1256 1826 ξύλον,
1273 1794 1327 1821 ἀπὸ
1341 1794 1387 1821 τοῦ
1404 1793 1593 1831 ὲμπλήσαντος
1605 1794 1685 1822 αὑτὸν
1699 1794 1784 1830 θυμοῦ
1801 1795 1852 1830 poi-

1064 1836 1102 1872 ζῳ
1122 1837 1171 1872 μὲν
1194 1838 1337 1872 ἐφίσταται
1355 1839 1402 1865 καὶ
1416 1840 1499 1875 ὁρμᾷ,
1518 1839 1565 1866 καὶ
1576 1839 1650 1866 παίει
1666 1840 1716 1875 τὴν
1732 1840 1834 1876 πέτραν
1846 1848 1855 1856 ’

1063 1883 1110 1910 καὶ
1124 1883 1173 1918 τὴν
1189 1884 1240 1919 μὲν
1256 1884 1359 1921 πέτραν
1372 1885 1448 1912 οὐδὲν
1461 1885 1558 1918 ἀδικεῖ,
1572 1884 1633 1912 οὕτε
1646 1885 1676 1912 τὸ
1692 1885 1781 1918 ξύλον,
1793 1886 1855 1914 οὔτε

1064 1929 1118 1965 μὴν
1132 1929 1176 1957 τὸν
1190 1930 1345 1967 ἄνθρωπον,
1360 1932 1410 1960 κάν
1429 1941 1459 1959 τε
1473 1932 1560 1966 δάκοι,
1578 1932 1648 1959 ἀλλά
1669 1933 1738 1968 πρὸς
1760 1933 1857 1969 ὀδύνην

1062 1975 1156 2012 ὀλίγην
1182 1976 1258 2004 οὐδὲν
1283 1978 1380 2011 ἀδικεῖ,
1399 1979 1517 2014 μάλιστα
1533 1979 1583 2014 τὴν
1598 1979 1713 2015 πέτραν,
1734 1979 1802 2007 ἀλλὰ
1824 1979 1857 2007 τὸ

1063 2022 1113 2058 μὲν
1131 2022 1243 2060 κέντρον
1261 2024 1405 2062 ἀπόλλυσι,
1419 2025 1466 2052 καὶ
1479 2025 1550 2052 οὕτω
1563 2025 1714 2062 φθείρεται,
1728 2027 1745 2062 ὴ
1759 2026 1787 2053 δὲ
1806 2027 1855 2054 πέ-

1061 2077 1114 2104 τρα
1130 2069 1207 2098 οὐδὲν
1220 2070 1415 2108 ἀδικηθήσεται
1434 2071 1486 2100 ὑπὸ
1508 2072 1555 2100 τοῦ
1568 2073 1699 2100 τοιούτου.
1713 2072 1792 2101 Οὕτω
1807 2074 1855 2101 καὶ

1061 2115 1130 2151 αὕτη
1147 2116 1164 2152 ἡ
1179 2117 1336 2153 σφηκιώδης
1349 2118 1476 2155 ζωπύρηυ
1488 2119 1566 2156 δίκην
1579 2120 1680 2156 μικρὰν
1692 2119 1791 2156 ἔχουσα
1805 2121 1854 2157 τὴν

1061 2161 1243 2196 περιωδυνίαν
1259 2162 1482 2200 ἀνατραπήσεται
1506 2166 1540 2200 τῇ
1563 2164 1651 2202 πέτρᾳ
1675 2165 1854 2201 συντυχοῦσα,

1060 2207 1184 2234 τουτέστι
1197 2209 1230 2244 τῇ
1246 2209 1369 2246 ἀληθείᾳ,
1381 2210 1429 2237 καὶ
1440 2210 1471 2237 τὸ
1481 2210 1593 2247 κέντρον
1604 2211 1771 2239 ἀπολέσασα.
1780 2212 1855 2239 Ταῦ--

1059 2261 1110 2288 την
1118 2253 1146 2280 δὲ
1160 2254 1283 2288 διελθὼν,
1295 2256 1342 2282 ἐπὶ
1356 2255 1406 2288 τὰς
1418 2256 1515 2293 ἑτέρας
1525 2257 1605 2284 πάλιν
1617 2257 1769 2294 βαδιοῦμαι,
1783 2258 1855 2285 κατά

1060 2299 1110 2334 τὴν
1126 2299 1194 2327 θεοῦ
1208 2301 1305 2328 ἐλπίδα
1318 2302 1464 2336 πιστεύων,
1479 2304 1520 2331 ὅτι
1535 2303 1567 2330 τὸ
1583 2304 1743 2340 ἐπάγγελμα
1754 2305 1783 2332 ὲν
1793 2304 1856 2341 Θεῷ

1024 2369 1047 2397 D
1061 2345 1283 2383 πληρωθήσεται.

1284 2404 1377 2432 ΚΑΤΑ
1395 2406 1627 2441 ΣΕΥΗΡΙΔΝΩΝ,

1076 2460 1209 2496 Εἰκοστὴ
1220 2461 1351 2497 πέμπτη,
1366 2463 1386 2498 ἠ
1400 2463 1450 2491 καὶ
1463 2463 1691 2498 τεσσαρακοστὴ
1702 2463 1832 2499 πέμπτη.

1094 2517 1133 2545 A'.
1154 2518 1266 2551 Τούτοις
1282 2519 1400 2556 καθεξῆς
1422 2520 1518 2548 ἕπεται
1541 2522 1600 2557 ἤτοι
1616 2521 1774 2557 σύγχρονος,
1791 2521 1852 2557 ἦτοι

1059 2563 1136 2600 παρά
1150 2565 1196 2591 τὸν
1210 2565 1322 2601 χρόνον·
1335 2567 1385 2593 οὐκ
1399 2566 1453 2602 ἔχω
1470 2566 1526 2604 γὰρ
1547 2568 1611 2604 περὶ
1626 2567 1672 2594 τοῦ
1690 2567 1786 2603 χρόνου
1799 2568 1852 2594 αὑ-

1057 2611 1112 2638 τῶν
1127 2611 1255 2646 ἀσφαλῶς
1270 2613 1370 2648 λέγειν,
1385 2613 1457 2649 πλὴν
1479 2614 1611 2649 σύνεγγυς
1633 2614 1755 2651 ἀλλήλων
1768 2612 1849 2651 ἦσαν.

1063 2657 1109 2690 Ὠς
1122 2657 1150 2684 δὲ
1167 2658 1203 2685 τὰ
1216 2660 1255 2691 είς
1271 2660 1344 2695 ἡμᾶς
1358 2660 1469 2688 ἐλθόντα
1482 2661 1654 2697 διηγήσομαι.

214 2689 267 2717 sibi
296 2690 413 2720 invicem
447 2693 623 2722 exstiterunt.
654 2694 720 2729 Qum
746 2703 812 2725 vero
843 2697 876 2725 ad
902 2700 1063 2730 memoriam
1099 2689 1225 2733 nostram
1248 2689 1443 2742 pervenerunt,
1471 2689 1554 2743 quam
1589 2706 1748 2735 ﬁdelissime
1777 2714 1850 2735 com-

233 2735 328 2764 lectar.

233 2743 328 2764 tectar.

215 2743 232 2771 Ρ
250 2781 368 2812 Severus
391 2785 517 2820 quidam,
535 2793 551 2814 a
566 2794 621 2823 quo
637 2786 795 2817 Severianis
809 2797 907 2818 nomen
927 2790 1000 2819 indi-

250 2872 260 2889 ³
275 2874 284 2901 l
299 2874 362 2902 Cor.
383 2884 416 2904 xv
445 2877 479 2904 53

1094 2793 1214 2830 Σευῆρός
1226 2803 1268 2826 τις
1280 2793 1390 2831 ἀνέστη,
1406 2794 1436 2828 ἑξ
1447 2791 1532 2831 οὗπερ
1544 2795 1570 2823 οι
1583 2795 1742 2832 Σευηριανοὶ
1756 2796 1850 2824 καλοί-
