1964 3047
123 115 175 145 853

440 117 625 146 ADVERSUS
642 117 813 147 ΗΕΒΕὸεὸ
831 118 897 147 LIB.
918 119 940 147 I.
952 118 1043 147 .TOM.
1059 117 1103 147 Ill.
1116 133 1151 139 -
1166 116 1304 146 IIJ-ZRES.
1323 117 1404 146 XLV.

1696 117 1750 145 854

122 181 210 209 μενοι,
222 173 341 210 καθεξῆς
359 174 542 210 συνεπόμενος
557 174 596 210 τῷ
613 183 804 211 προειρημενῳ
815 175 906 202 ’Λπελ-

965 179 1022 202 tum
1047 179 1100 208 est,
1126 179 1189 211 post
1214 176 1336 211 Apellem
1358 175 1435 202 illum
1463 173 1575 210 prodiit.
1592 173 1679 209 Cujus
1692 175 1750 202 hac

120 219 244 255 ληῖανῷ¹.
252 220 292 246 Τὰ
304 220 332 246 δὲ
346 220 410 256 παρ’
417 220 490 255 αὐτῷ
502 220 713 256 μυθολογήματα
725 221 812 247 ταῦτά
825 221 908 253 ἐστιν,

121 265 200 292 ἆτινα
219 265 308 301 μέλλω
322 266 422 300 λέγειν.
437 265 566 294 Βούλεταί
578 275 608 293 τε
618 267 666 293 καὶ
679 267 759 298 αὐτὸς
771 267 869 303 ἀρχαῖς
880 277 909 295 τε

120 311 168 338 καὶ
189 311 323 344 ἐξουσίαις
342 311 510 347 προσάπτειν
525 312 574 348 τὴν
590 311 650 338 καθ’
663 312 736 348 ἡμᾶς
752 313 839 339 κτίσιν
850 321 857 328 ·
871 312 910 339 εἷ-

124 356 164 384 δαί
176 365 206 384 τε
224 359 252 384 ὲν
267 358 479 393 ἁκατονομάστῳ
494 358 547 384 τινὶ
562 358 692 394 ἀνωτάτῳ
703 367 732 384 τε
743 358 850 394 οὐρανῷ
862 358 910 386 καὶ

120 401 199 429 αἰῶνι
223 402 322 436 ἀγαθόν
341 411 401 429 τινα
421 402 498 429 Θεόν.
509 403 561 430 Τὸν
575 402 604 429 δὲ
624 403 744 430 διάΰολον
762 404 818 430 υἱὸν
840 400 910 430 εἶναι

120 447 218 482 φάσκει
230 447 276 474 τοῦ
295 448 414 483 μεγάλου
437 448 567 485 ἄρχοντος
581 448 631 484 τῆς
646 449 700 475 τῶν
711 449 838 483 ἐξουσιῶν
861 450 910 476 τά-

121 493 198 527 ξεως,
213 489 235 527 ᾧ
251 494 335 530 ὃνομα
348 494 452 522 τίθεται
465 494 503 530 πὴ
520 494 569 530 μὲν
583 493 756 527 Ἰαλδαὸαὼθ,
770 495 808 531 πὴ
821 494 850 522 δὲ
862 495 910 521 Σα-

120 539 205 566 ϐαὼθ.
223 539 324 566 Τοῦτον
334 540 362 567 δὲ
375 540 537 576 γεννηθέντα
552 540 582 573 ἐξ
592 540 674 567 αὑτοῦ
685 538 755 567 εἶναι
765 540 826 575 ὅφιν
838 549 844 555 ·
855 540 909 567 ἀπὺ

119 584 148 612 δὲ
161 585 212 620 τῆς
224 586 280 613 ἄνω
291 585 432 621 δυνάμεως
443 586 662 621 καταϐεὸλῆσθαι
676 586 778 622 είςιτὴν
789 587 850 622 γῆν,
861 586 909 614 καὶ

120 631 321 667 κατεληλυθότα
335 633 485 667 ὀφιείκελον
497 633 572 666 ὄντα,
587 633 628 665 είς
647 629 755 668 οἶστρον
777 633 908 668 ἐληλακέ-

119 687 174 709 ναι,
189 677 237 704 καὶ
248 679 281 713 τῇ
297 678 334 713 Γῇ
351 678 479 714 μεμίχθαι
493 678 588 714 ὥσπερ
603 678 731 713 γυναικί·
747 678 793 705 καὶ
804 678 850 705 ἀπ’
862 678 910 704 αὐ-

119 723 167 750 τοῦ
178 724 225 750 τοῦ
237 724 391 760 σπέρματος
404 725 695 760 ἀποσπερματίσαντος
706 725 756 760 τῆς
769 724 851 759 γονῆς
859 723 909 760 τὴν

119 770 241 805 ἄμπελον
256 769 478 806 βεὸλαστηκέναι.
492 770 538 797 Διὸ
550 770 582 805 δὴ
595 770 751 806 μυθολογῶν
765 771 805 802 είς
819 770 908 806 παρά-

120 823 214 842 στασιν
224 816 273 851 τῆς
287 815 376 842 αὐτῶν
390 815 534 851 ληρῳδίας,
548 816 579 842 τὸ
590 816 739 850 όφιείκελον
753 816 803 851 τῆς
816 816 908 851 ἀμπέ-

963 224 1029 248 sunt
1045 220 1147 249 fabulis
1163 228 1194 248 ac
1212 221 1362 249 mendaciis
1381 219 1482 248 referta
1497 220 1642 255 dogmata:
1656 219 1749 247 Mundi

959 267 1094 302 originem
1124 267 1267 302 principiis
1286 267 1380 295 nescio
1404 267 1506 302 quibus
1522 274 1554 294 ac
1568 267 1749 303 potestatibus

958 313 1072 347 tribuit;
1092 321 1154 342 esse
1180 321 1246 341 vero
1273 317 1403 348 prteterea
1428 321 1556 348 supremo
1577 314 1605 340 in
1628 313 1698 341 etelo
1713 320 1746 340 ac

960 359 1072 390 saeculo,
1097 359 1169 394 quod
1192 358 1328 386 nominari
1346 366 1400 386 non
1420 362 1520 394 potest,
1537 358 1638 385 bonum
1652 365 1748 393 quem-

960 404 1022 431 dam
1040 404 1134 432 Deum.
1150 404 1291 432 Diabolum
1317 405 1407 440 magni
1423 404 1556 440 principis
1573 403 1656 430 lilium
1673 410 1746 434 esse.

961 448 1008 483 qui
1032 448 1217 484 potestatibus
1247 449 1387 484 praesidet,
1412 448 1492 483 cujus
1521 455 1621 476 nomen
1646 448 1747 481 partim

958 493 1134 527 Jaldabaoth,
1153 495 1252 530 partim
1279 495 1400 523 Sabaoth
1417 495 1546 530 appellat,
1568 502 1583 521 a
1602 503 1656 530 quo
1672 494 1748 530 geni—

958 545 1004 568 tus
1020 540 1065 568 ille
1079 548 1194 576 serpens
1213 541 1333 576 primum
1349 541 1417 573 fuit;
1435 541 1499 568 inde
1517 541 1551 568 ab
1568 541 1672 568 caelesti
1690 540 1748 567 vir-

958 590 1016 614 tute
1029 586 1152 621 dejectus
1169 587 1197 614 in
1216 591 1318 613 terram
1337 594 1368 613 ac
1386 587 1526 622 delapsus,
1544 586 1679 622 serpentis
1693 586 1748 614 Ior—

960 640 1016 665 mn,
1040 633 1160 661 libidinis
1176 633 1295 661 stimulis
1309 633 1429 668 percitus
1443 639 1505 660 cum
1523 632 1609 660 Terra
1622 640 1672 660 ceu
1687 641 1748 660 mu-

959 679 1026 706 liere
1048 679 1166 715 quadam
1186 679 1262 706 coiit.
1292 678 1352 711 Quo
1368 686 1400 706 ex
1420 683 1480 706 satu
1493 679 1559 706 vitis
1588 679 1746 715 pullulavit.

959 725 1037 753 Unde
1054 725 1088 752 ad
1102 725 1303 753 conciliandam
1325 725 1406 760 nugis
1428 725 1484 751 suis
1503 724 1595 757 ﬁdem,
1615 725 1746 752 sinuosos

957 770 1053 798 vitium
1073 770 1169 803 ﬂexus,
1190 777 1222 797 ac
1247 769 1392 802 rotundos,
1419 773 1446 797 et
1464 769 1616 804 cuiusmodi
1633 777 1748 805 serpenw

960 815 1028 843 tium
1045 815 1127 852 spirae
1143 820 1219 848 sunt,
1231 815 1370 851 obliquos,
1394 815 1428 842 ad
1448 815 1515 842 illud
1533 815 1747 851 signiﬁcandum

118 861 166 888 λου
184 861 332 898 περιφερὲς
347 862 491 894 ὲκτυποῦν,
508 862 594 896 λέγων
607 862 652 889 διὰ
665 862 695 888 τὺ
709 862 840 898 σκαληνὸν
858 863 906 888 τοῦ

962 861 1094 889 referunt.
1113 861 1180 888 Nam
1204 861 1291 888 albam
1313 869 1379 889 sane
1400 861 1480 888 vitem
1494 862 1630 896 serpentis
1650 861 1746 889 simili-

120 907 205 942 φυτοῦ
222 906 292 935 εἶναι
308 907 374 935 αὐτὸ
394 907 482 942 ὄφεως
496 908 573 944 δίκην
584 918 590 924 ·
609 908 657 935 καὶ
671 908 720 944 τὴν
740 909 790 944 μὲν
808 909 908 944 λευκὴν

119 951 189 981 εἶναι
207 953 244 986 ὡς
260 954 331 989 ὅφιν,
348 953 397 990 τὴν
413 953 441 980 δὲ
461 953 592 989 μέλαιναν
612 953 649 985 ὡς
664 953 807 989 δράκοντα.
831 951 908 980 Εἶναι

117 1000 148 1027 δὲ
167 1000 214 1027 καὶ
229 999 279 1032 τὰς
295 999 382 1035 ῥάγας
395 1000 445 1035 τῆς
458 999 581 1035 ἀμπέλου
596 999 691 1034 ὥσπερ
712 999 752 1025 toﬁ
773 998 908 1034 ῥαθάμιγ-

117 1055 180 1081 γας,
193 1046 279 1073 εῐτουν
295 1046 437 1080 σταγόνας,
449 1045 493 1073 διὰ
508 1045 538 1072 τὸ
551 1045 715 1078 κυκλοειδὲς,
734 1045 750 1081 ἢ
767 1046 798 1072 τὸ
814 1046 908 1081 μείου-

119 1101 167 1128 ρον
183 1093 230 1119 καὶ
244 1092 360 1127 διαμφὲς
374 1092 490 1119 ἑκάστου
505 1091 589 1127 ραγδς
603 1092 831 1127 στρογγυλώσεως
840 1102 847 1108 ·
861 1093 908 1121 τὸν

117 1137 148 1165 δὲ
161 1136 232 1165 οἷνον
246 1139 278 1164 ἐκ
292 1138 343 1173 τῆς
359 1137 515 1169 ὑποθέσεως
530 1137 632 1172 ταύτης
646 1138 710 1165 ὄντα
726 1139 771 1166 τὸν
789 1138 851 1166 νοῦν
864 1138 908 1166 Oo—

118 1183 183 1210 λοῦν
195 1184 244 1218 τῆς
254 1183 473 1220 ἁνθρωπότητος.
486 1183 541 1210 Καὶ
556 1183 594 1219 πὴ
607 1184 655 1219 μὲν
671 1185 711 1216 εις
726 1184 813 1218 θέλειν
823 1185 907 1221 ἀφρο-

118 1230 212 1256 δισίων
226 1230 312 1264 ἄγειν,
330 1231 367 1266 πὴ
384 1231 413 1257 δὲ
426 1232 465 1262 εἰς
476 1229 585 1267 οἶστρον
597 1231 714 1266 ἐγείρειν
725 1239 731 1245 ·
746 1230 763 1266 ἢ
776 1231 799 1258 δ’
810 1228 843 1257 αὖ
855 1230 908 1258 πά-

118 1275 161 1303 λιν
182 1276 266 1312 όργὴν
279 1276 404 1312 ἐμποιεῖν
420 1276 465 1303 διὰ
485 1277 516 1303 τὸ
537 1275 708 1312 κεπφοῦσθαι
721 1276 751 1303 τὺ
772 1276 852 1312 σῶμα
874 1277 906 1303 ὲκ

117 1321 168 1358 τῆς
181 1321 235 1348 ἀπὸ
245 1321 292 1349 τοῦ
306 1322 377 1349 οῐνου
387 1322 538 1358 δυνάμεως,
550 1322 598 1349 καὶ
607 1321 654 1348 τοῦ
667 1321 708 1349 ίοῦ
722 1321 768 1348 τοῦ
782 1330 908 1357 προειρη-

120 1367 202 1404 μένου
216 1367 457 1404 δράκοντος.ὀθεν
475 1368 624 1404 ἀπέχονται
639 1367 712 1395 οῐνου
728 1368 868 1399 παντελῶς
882 1368 906 1395 ot

118 1421 245 1442 τοιουτοι.

154 1471 192 1498 B’.
211 1470 348 1497 Φάσκουσι
362 1469 390 1498 δὲ
405 1469 452 1497 καὶ
471 1468 521 1505 τὴν
537 1470 654 1505 γυναῖκα
677 1466 748 1497 εἶναι
764 1469 844 1506 ἔργον
859 1469 906 1497 τοῦ

958 907 1081 936 tudinem
1096 907 1265 943 exprimere;
1281 907 1386 943 nigram
1403 907 1548 940 draconis;
1560 907 1656 935 acinos
1664 915 1749 943 porro

959 957 1089 989 tanquam
1111 954 1208 981 veneni
1232 958 1326 989 guttas
1355 960 1388 981 ac
1413 953 1503 981 stillas
1531 961 1604 986 esse.
1633 958 1746 990 propter

958 1001 1165 1030 rotunditatem,
1194 1007 1227 1027 ac
1253 1000 1422 1035 singulorum
1441 1000 1613 1032 discrimina,
1630 1000 1698 1028 adeo
1715 1004 1746 1027 ut

958 1047 1074 1074 orbiculi
1096 1047 1146 1081 ipsi
1163 1054 1178 1073 a
1197 1054 1227 1074 se
1246 1047 1362 1074 invicem
1384 1047 1472 1074 avulsi
1494 1047 1668 1082 separatione
1686 1054 1747 1074 cer-

959 1097 1070 1120 nantur.
1098 1092 1278 1128 Indidemque
1299 1096 1326 1120 et
1351 1092 1445 1119 viuum
1471 1092 1613 1120 hominum
1639 1098 1748 1128 pertur-

957 1138 1023 1166 bare
1038 1142 1141 1166 mentes
1157 1145 1190 1166 ac
1206 1139 1304 1174 partim
1320 1138 1427 1166 veneris
1444 1138 1571 1166 illecebra
1595 1139 1747 1171 concitare,

958 1184 1057 1219 partim
1077 1184 1180 1211 furoris
1196 1184 1301 1220 agitare
1316 1184 1445 1217 stimulis,
1462 1184 1561 1220 partim
1577 1184 1695 1220 denique
1711 1185 1746 1212 ad

956 1229 1126 1258 iracundiam
1152 1237 1323 1265 provocare;
1354 1230 1427 1265 quod
1457 1237 1489 1258 ea
1513 1229 1568 1257 vini
1581 1230 1617 1262 vi,
1635 1229 1688 1257 hoc
1703 1234 1745 1258 est

958 1275 1088 1303 draconis
1100 1276 1175 1303 illius
1190 1283 1305 1308 veneno,
1323 1275 1382 1304 leve
1418 1276 1464 1303 ﬁat
1482 1275 1664 1311 eﬁ‘eraturque
1681 1283 1745 1304 cor-

957 1328 1019 1356 pus.
1034 1320 1121 1354 Quam
1137 1320 1171 1348 ob
1184 1327 1297 1348 causam
1313 1321 1360 1356 qui
1376 1320 1446 1348 hanc
1467 1324 1571 1348 sectam
1583 1320 1748 1350 proﬁtentur

957 1366 991 1394 ab
1003 1366 1077 1394 oumi
1092 1374 1144 1394 usu
1161 1366 1215 1394 vini
1232 1366 1342 1402 penitus
1359 1366 1509 1394 abstinent.

992 1464 1025 1492 Il.
1046 1463 1186 1492 Mulierem
1205 1468 1334 1499 pralerea
1354 1462 1462 1491 Satanae
1475 1470 1545 1498 opus
1563 1470 1625 1490 esse
1638 1462 1743 1494 dicunt.

118 1516 236 1548 Σατανᾶ,
254 1516 380 1552 καθάπερ
396 1516 443 1543 καὶ
456 1516 482 1542 ot
494 1517 664 1553 Ἀρχοντικοὶ
685 1516 763 1543 τοῦτο
781 1516 885 1552 ἔφασαν
897 1525 905 1534 ο

958 1511 984 1540 id
997 1511 1072 1547 quod
1088 1510 1297 1539 etArchonticis
1309 1509 1430 1545 placuit:
1443 1509 1526 1545 389
1534 1509 1648 1545 ideoque
1656 1510 1702 1545 qui
1715 1518 1747 1538 se

117 1560 160 1587 διὸ
181 1561 244 1592 τοὺς
267 1560 348 1596 γάμῳ
367 1560 577 1596 πλησιάζοντας,
593 1560 642 1588 τοῦ
663 1561 771 1588 Σατανᾶ
785 1561 816 1588 τδ
829 1561 908 1597 ἔργον

119 1606 241 1643 πληροῦν
263 1606 397 1641 λέγουσιν.
407 1606 485 1634 Ἀλλὰ
502 1607 548 1634 καὶ
570 1606 617 1633 τοῦ
640 1606 784 1643 ἀνθρώπου
806 1606 836 1634 τδ
860 1607 910 1642 μὲν

118 1653 205 1688 ἥμισυ
219 1650 287 1678 εἶναι
299 1652 344 1678 τοῦ
362 1652 440 1684 Θεοῦ,
457 1652 488 1679 τὸ
500 1652 529 1679 δὲ
544 1653 630 1688 ἥμισυ
643 1652 691 1679 τοῦ
705 1651 839 1678 διαϐόλου.
849 1652 909 1678 Ἀπ’

118 1698 241 1734 ὀμφαλοῦ
255 1699 309 1735 γὰρ
324 1699 372 1726 καὶ
388 1699 517 1726 ἀνωτάτω
536 1697 606 1726 εἶναι
626 1699 676 1734 τῆς
691 1698 738 1725 τοῦ
750 1698 817 1725 Θεοῦ
834 1698 909 1725 δυνά-

122 1752 194 1779 μεως
210 1744 284 1778 λέγει
306 1744 355 1780 τὴν
379 1743 478 1772 πλάσιν
488 1752 496 1760 ο
509 1744 564 1771 ἀπὺ
578 1744 606 1771 δὲ
618 1743 739 1780 ὀμφαλοῦ
760 1744 807 1770 καὶ
824 1752 909 1770 κατω-

119 1789 204 1822 τάτω,
219 1790 268 1824 τῆς
279 1790 400 1826 πονηρᾶς
415 1789 538 1822 ἐξουσίας
551 1790 601 1825 τὴν
609 1789 716 1816 πλάσιν.
731 1789 829 1824 Διόπερ
840 1789 908 1824 φησὶ

120 1834 208 1861 πάντα
221 1835 281 1861 καθ’
294 1835 388 1871 ἡδονὴν
399 1835 446 1862 καὶ
458 1834 565 1872 οἶστρον
579 1835 626 1862 καὶ
640 1835 788 1870 ἐπιθυμίαν
801 1835 849 1862 ἀπ’
861 1835 908 1871 ὁμ-

120 1879 205 1914 φαλοῦ
221 1880 268 1907 καὶ
283 1881 431 1908 κατωτάτω
443 1881 574 1915 γίνεσθαι.
584 1880 663 1908 Ἀλλὰ
674 1881 720 1908 καὶ
734 1881 763 1908 αἱ
776 1880 853 1909 ἄλλαι
867 1881 908 1908 αἱ·

121 1925 210 1960 ρέσεῑς
224 1925 302 1952 τοῦτο
313 1925 415 1960 ἔφασαν
432 1925 510 1954 εῖναι.

157 1981 237 2008 Ὀθεν
249 1982 296 2008 καὶ
312 1979 388 2015 οὗτος
398 1982 540 2010 ἁλίσκεται
549 1983 620 2011 κατὰ
633 1984 722 2011 πάντα
738 1984 836 2021 τρόπον
849 1985 904 2016 τοῖς

121 2027 211 2059 ἄλλοις
224 2028 413 2055 ἐπακολουθῶν
427 2028 570 2065 ἀγύρταις,
585 2030 641 2061 τοῖς
656 2030 691 2057 τὰ
702 2030 851 2067 δηλητήρια
866 2031 904 2067 τῷ

121 2072 171 2108 βίῳ
192 2074 438 2102 κατασκευάσασιν,
466 2075 700 2111 Ἀνατραπήσεται
719 2076 774 2112 γὰρ
796 2076 903 2112 ῥᾳδίως.

121 2118 159 2144 Οὐ
170 2117 224 2154 γὰρ
241 2118 336 2146 πολλοῦ
354 2120 560 2156 ὲπιδεηθήσεται
574 2121 699 2156 καμάτου
711 2123 728 2158 ἡ
740 2122 807 2158 πρὸς
823 2123 905 2150 αὐτὸν

119 2164 269 2200 ἀνατροπή.
291 2164 371 2192 ⁸’ολον
390 2165 443 2201 γὰρ
464 2166 494 2192 τὸ
518 2166 596 2202 σῶμα
612 2167 835 2203 συγκεκραμένον
848 2169 905 2200 τοῖς

959 1559 1062 1594 nuptiis
1088 1559 1228 1594 copulant,
1256 1556 1364 1585 Satanae
1386 1563 1455 1590 opus
1477 1555 1618 1591 perﬁcere.
1636 1555 1694 1584 Imo
1717 1561 1745 1585 et

960 1603 1079 1631 hominis
1096 1603 1211 1631 alteram
1230 1606 1334 1638 partem
1350 1600 1410 1632 Dei,
1425 1601 1539 1628 alteram
1558 1600 1661 1628 diaboli
1682 1609 1744 1629 esse

959 1649 1134 1677 conﬁrmant.
1151 1647 1219 1675 Nam
1233 1647 1306 1682 quod
1326 1646 1361 1674 ab
1383 1646 1513 1674 umbilico
1531 1653 1641 1674 sursum
1656 1646 1746 1681 porri-

959 1696 1042 1732 gitur,
1059 1694 1158 1722 divinas
1176 1693 1327 1721 molitioms
1344 1699 1426 1726 esse;
1458 1691 1531 1727 quod
1551 1691 1622 1719 infra
1634 1691 1745 1719 umbili-

958 1749 1032 1774 cum,
1047 1747 1063 1767 a
1080 1740 1153 1767 mala
1168 1743 1306 1775 potestate
1330 1737 1471 1766 conditum
1496 1741 1632 1765 statuunt.
1656 1736 1698 1765 0b
1717 1738 1746 1766 id

958 1785 1097 1821 inquiunt.
1124 1784 1296 1820 voluptatum
1322 1783 1491 1811 titillationes
1518 1790 1615 1811 omnes
1629 1790 1661 1810 ac
1686 1783 1746 1811 libi-

957 1833 1037 1861 dines
1068 1832 1103 1859 ab
1135 1831 1266 1858 umbilico
1296 1834 1378 1865 atque
1406 1828 1583 1857 inferioribus
1620 1828 1744 1864 partibus

956 1879 1122 1907 excitantur.
1157 1877 1229 1904 [dem
1262 1881 1289 1905 et
1325 1876 1441 1903 aliarum
1472 1875 1613 1903 haereseon
1643 1874 1743 1911 dogma

957 1925 1018 1953 fuit.

992 1980 1030 2008 Ex
1050 1987 1104 2015 quo
1125 1978 1211 2013 liquet
1226 1977 1294 2005 nlhil
1309 1977 1381 2005 hunc
1399 1977 1451 2005 nisi
1469 1977 1612 2012 planorum
1628 1980 1742 2005 caetero-

955 2034 1016 2055 rum
1030 2024 1173 2054 inluesisse
1187 2023 1325 2058 vestigiis,
1345 2022 1391 2058 qui
1408 2023 1561 2058 perniciosa
1578 2030 1610 2050 ac
1634 2022 1742 2050 letifera

955 2080 1057 2100 venena
1086 2072 1114 2099 in
1137 2072 1277 2099 hominum
1302 2079 1388 2107 genus
1414 2073 1577 2101 ell'uderunt.
1596 2071 1648 2101 Sed
1668 2073 1742 2101 nullo

954 2118 1034 2153 plane
1053 2117 1179 2153 negotio,
1202 2124 1252 2145 nec
1269 2125 1385 2153 operoso
1403 2119 1546 2147 admodum
1569 2119 1660 2147 labore
1674 2126 1741 2147 con-

956 2164 1097 2191 futabitur.
1117 2163 1223 2199 Corpus
1244 2163 1316 2191 enim
1340 2165 1498 2191 universum
1525 2173 1558 2192 ex
1583 2164 1618 2192 iis
1640 2171 1700 2200 qua!
1726 2172 1743 2192 α

120 2209 210 2242 καλῶς
223 2211 251 2236 ὲν
266 2210 339 2246 αὑτῷ
350 2211 489 2246 γεγονόσιν
505 2212 537 2238 ὲκ
553 2212 631 2244 Θεοῦ,
644 2213 715 2248 φημὶ
727 2213 755 2239 δὲ
769 2213 899 2248 ὀρέξεσιν,

958 2210 1008 2237 Deo
1023 2214 1097 2238 recte
1118 2209 1250 2238 fabricata
1265 2215 1346 2243 sunt,
1362 2211 1413 2238 hoc
1436 2215 1490 2244 est,
1512 2211 1684 2239 naturalibus
1698 2216 1742 2239 est

119 2256 149 2282 οὐ
162 2255 196 2282 δι’
210 2255 325 2283 ἀτοπίαν
343 2257 375 2284 ὲκ
388 2256 455 2284 Θεοῦ
468 2257 638 2293 γενομέναις,
655 2257 723 2285 ἀλλὰ
741 2258 786 2286 διὰ
806 2259 904 2295 χρῆσιν

118 2300 223 2336 ἀγαθὴν
249 2302 295 2328 καὶ
321 2303 473 2337 ἀναγκαίας
497 2304 591 2340 χρείας
610 2304 705 2338 τάξιν·
723 2304 794 2340 λέγω
818 2305 846 2332 δὲ
873 2306 904 2332 τὺ

118 2347 262 2383 ὀρέγεσθαι
285 2348 381 2381 ὕπνου,
404 2349 525 2385 βρωτῶν,
543 2350 674 2385 πόματος,
695 2351 837 2384 ἐνδύσεως,
857 2353 905 2380 καὶ

117 2392 172 2420 τῶν
184 2393 270 2420 ἄλλων
286 2395 393 2422 πάντων
403 2395 456 2422 τῶν
468 2396 507 2428 εἰς
523 2395 558 2423 τὰ
569 2396 623 2424 τδια
638 2396 687 2424 καὶ
697 2393 756 2433 Θεῷ
769 2398 905 2434 εὐάρεστα

118 2437 184 2472 ἡμῖν
194 2438 391 2473 συμϐαίνοντα⁹
404 2440 442 2472 ὡς
455 2440 502 2467 καὶ
514 2441 599 2477 αὐτὴν
610 2441 660 2478 τὴν
673 2442 763 2479 ὄρεξιν
774 2443 824 2479 τῆς
834 2444 903 2472 κατὰ

117 2481 147 2508 τὺ
174 2482 254 2518 σῶμα
281 2483 428 2520 ἐπιθυμίας
449 2485 500 2512 οὐκ
529 2486 628 2513 ἄτοπον
648 2485 731 2515 οὖσαν
761 2489 903 2525 παραστή-

117 2527 192 2562 σαιμ’
212 2528 255 2555 ἄν.
273 2529 352 2556 Ἔστι
365 2529 420 2565 γὰρ
436 2530 504 2565 πρὸς
518 2531 690 2559 παιδοποιίαν
708 2532 738 2559 ἐν
757 2532 902 2569 σεμνότητι

117 2572 232 2605 δοθεῖσα,
248 2574 294 2601 καὶ
317 2575 357 2607 εις
381 2575 460 2608 δόξαν
476 2575 523 2603 τοῦ
547 2577 710 2613 ποιήσαντος
734 2577 769 2605 τὰ
798 2578 901 2612 πάντα,

116 2617 242 2654 καθάπερ
258 2620 290 2655 τῇ
308 2620 343 2654 γῇ
357 2618 391 2646 τὰ
415 2619 559 2656 σπέρματα
574 2621 613 2652 εἰς
636 2621 761 2657 ἐπίχυσιν
779 2622 901 2658 πλήθους

115 2664 169 2690 τῶν
191 2664 244 2691 ὑπὸ
267 2664 334 2691 Θεοῦ
357 2665 524 2701 ἑκτισμένων
551 2665 641 2694 καλῶν
667 2667 845 2704 γεννημάτων
870 2668 901 2695 τέ

116 2717 186 2744 φημι
210 2709 257 2736 καὶ
279 2709 447 2746 ἀκροδρύων.
464 2710 558 2744 Οὕτως
581 2712 629 2739 καὶ
650 2713 684 2748 τῇ
711 2712 900 2749 ἁνθρωπότητι

149 2809 156 2824 ¹
177 2807 240 2836 For.
265 2808 397 2838 ’Δπελλεὶ

956 2255 1169 2290 appetitionibus
1188 2256 1333 2284 conﬂatum
1350 2265 1358 2284 :
1375 2264 1444 2292 quas
1459 2265 1514 2284 non
1527 2257 1677 2286 absurdum
1691 2258 1745 2285 ali-

955 2309 1035 2336 quem
1055 2301 1088 2328 ad
1102 2309 1192 2334 usum,
1205 2302 1252 2330 sed
1265 2302 1409 2330 honestum
1423 2309 1456 2329 ac
1469 2303 1654 2330 necessarium
1669 2302 1744 2331 Deus

955 2345 1071 2377 indidit'.
1089 2346 1219 2374 nimirum
1235 2350 1265 2374 ut
1284 2352 1312 2374 et
1327 2355 1453 2375 somnum
1472 2353 1647 2383 appetamus.
1662 2351 1689 2376 et
1701 2349 1742 2376 ci-

954 2391 1019 2420 bum
1029 2412 1037 2425 ,
1052 2399 1085 2420 ac
1097 2396 1189 2428 potum
1199 2413 1206 2425 ,
1222 2393 1365 2426 vestitum.
1379 2401 1411 2421 ac
1423 2398 1536 2422 caeteras
1550 2395 1743 2430 opportunita-

957 2442 1008 2472 tes,
1017 2447 1078 2475 quae
1087 2439 1195 2476 quidem
1203 2439 1259 2468 Deo
1269 2440 1340 2468 haud
1350 2440 1462 2475 ingratae
1472 2440 1552 2468 nobis
1561 2441 1743 2476 usuveniunt,

956 2483 1025 2512 adeo
1040 2487 1070 2511 ut
1083 2484 1124 2512 vel
1141 2484 1227 2519 ipsam
1241 2492 1257 2511 a
1275 2485 1381 2512 ratione
1397 2485 1509 2513 minime
1530 2485 1679 2514 abhorrere
1695 2494 1741 2514 ve-

956 2529 1030 2558 neris
1045 2530 1220 2566 cupiditatem
1236 2530 1422 2559 demonstrare
1440 2531 1532 2559 liceat.
1549 2531 1596 2559 Est
1614 2531 1689 2560 enim
1706 2532 1740 2560 ad

953 2576 1098 2604 honestam
1122 2577 1224 2605 sobolis
1251 2578 1476 2614 propagationcm
1498 2581 1525 2606 ct
1537 2578 1570 2605 ad
1585 2578 1741 2607 Conditoris

953 2623 1076 2651 omnium
1099 2623 1183 2652 decus
1197 2627 1223 2652 et
1244 2624 1375 2652 honorem
1394 2631 1527 2652 concessa
1539 2645 1547 2658 ,
1563 2624 1740 2659 quemadmo-

953 2667 1019 2695 dum
1034 2669 1136 2697 semina
1151 2669 1185 2697 ad
1203 2677 1297 2698 eorum
1312 2669 1446 2697 bonorum
1461 2677 1522 2704 qua:
1538 2669 1608 2697 Deus
1621 2669 1739 2700 creavit,

953 2716 1103 2750 germinum
1121 2716 1249 2745 videlicet
1265 2723 1298 2744 ac
1318 2715 1456 2744 fructuum
1470 2716 1621 2744 ubertatem
1646 2722 1679 2742 ac
1693 2722 1740 2742 co-
