1964 3047
220 139 273 168 835

928 139 958 167 S.
977 139 1146 168 EPIPHAMI

1812 135 1860 175 sat

221 194 293 229 piam
321 193 444 221 instituta
469 197 543 221 sunt.
571 194 618 223 Sic
642 194 762 221 humano
779 193 872 229 generi
897 195 931 222 ad
948 195 1011 222 illud

1067 197 1107 228 είς
1122 196 1153 223 τὸ
1167 196 1310 232 πληρῶσαι
1325 197 1366 229 τὸ,
1383 198 1568 232 Αὺξάνεσοε,
1586 200 1635 227 καί
1651 202 1850 236 aluminum:

223 240 404 275 praestandum
423 249 430 267 :
445 239 577 272 Crescite.
596 245 621 268 et
641 241 855 276 multiplicamini
866 261 874 273 ,
885 245 909 268 et
923 242 1018 272 replete

222 291 319 313 terram
332 285 352 318 ¹,
370 286 469 314 infiniti
490 292 554 314 sunt
568 287 606 314 illi
622 288 772 322 voluptatis
791 288 892 315 aculei.

257 331 391 359 Caeterum
414 333 579 368 apocryphis
602 333 766 368 quibusdam
794 333 871 361 libris
898 333 937 360 uti
957 333 1018 361 illos

221 380 392 413 accepimus;
413 386 445 406 ac
465 381 564 414 partim
582 380 664 408 etiam
680 381 797 415 publicis
821 387 853 407 ac
879 381 1017 415 receptis,

220 432 252 452 ex
272 425 373 460 quibus
387 433 418 453 ea
436 426 495 454 sola
518 425 657 462 deligunt,
678 434 739 461 quae
758 433 809 462 pro
824 425 907 453 animi
922 426 964 453 sui
982 426 1017 452 li-

222 470 315 498 bidine
339 476 507 498 commutata
524 471 733 507 adulterataque
748 472 910 507 depravant.
924 471 1019 498 Enim-

220 523 287 543 vero
305 516 369 543 vitis
391 524 564 552 nequaquam
579 522 620 544 est
636 525 651 544 e
665 517 775 545 diabolo
792 517 897 544 consita
907 537 914 550 ,
928 523 1017 552 neque

220 569 254 589 ex
279 562 415 597 serpentis
446 563 552 590 semine
573 567 739 598 procreata,
762 563 801 590 uti
828 562 910 590 facile
927 564 1017 598 quivis

220 607 356 643 intelligit.
378 607 431 640 Qui
449 608 522 635 enim
540 607 597 635 fieri
619 613 711 643 posset
735 608 826 640 istud,
847 615 910 635 cum
925 612 1018 643 aperte

221 651 348 678 Salvator
367 653 426 687 ipse
442 652 581 679 contraria
596 652 687 679 omnia
708 655 823 679 testetur
843 651 878 679 iis
900 652 991 679 verbis
1007 661 1014 679 :

221 695 283 723 Non
298 697 385 724 bibam
396 697 445 724 Itoc
462 697 493 724 de
509 698 640 732 genimine
657 697 716 724 uitis
733 697 826 729 istius,
838 696 919 724 donec
929 696 1017 724 bibam

219 743 287 770 illud
305 751 400 770 navum
416 743 443 769 in
461 751 539 778 regno
548 743 672 770 calorum
686 744 708 770 ¹.
724 741 757 769 Et
773 743 903 778 quoniam
914 743 1016 771 veritas

220 795 286 815 suos
305 789 404 823 ubique
426 788 519 816 radios
549 787 715 821 diffundens,
731 795 780 823 pro
796 795 828 815 ea
847 795 928 823 quam
944 787 1016 815 Deus

219 834 301 861 habet
313 834 514 861 imminentium
529 834 664 861 malorum
678 834 937 866 notitia,sermones
949 842 1015 861 suos

1070 243 1118 270 καὶ
1134 243 1312 277 πληρώσατε
1323 243 1382 278 τὴν
1398 244 1467 280 γῆν.

1104 334 1258 370 Κέχρηνται
1271 335 1300 362 δὲ
1312 335 1338 362 οί
1350 335 1467 363 τοιοῦτοι
1481 336 1528 363 καὶ
1541 336 1714 373 ἀποκρύφοις
1724 338 1808 371 τισὶν,
1821 338 1859 370 ὡς

1068 381 1244 416 ἀκηκόαμεν·
1262 381 1331 408 ἀλλὰ
1350 381 1398 408 καὶ
1415 382 1444 408 ὲν
1461 382 1539 418 μέρει
1553 384 1615 414 ταῖς
1631 384 1726 419 ῥηταῖς
1745 384 1856 419 βίϐλοις,

1068 427 1264 463 λεξιοηρῶντες
1290 428 1382 454 ἐκεῖνα
1416 428 1504 463 μόνα,
1535 429 1614 456 ἅτινα
1637 430 1708 457 κατᾶ
1728 431 1773 457 τὸν
1795 429 1858 458 νοῦν

1067 474 1158 501 αὐτῶν
1178 473 1401 510 παραπλέκοντες
1415 474 1516 510 ἑτέρως
1531 475 1777 511 μεταχειρίζονται.
1788 476 1857 504 οὔτε

1067 520 1154 556 γὰρὴ
1183 519 1306 555 ἄμπελος
1333 521 1366 546 ὲκ
1391 519 1515 547 διαϐόλου
1538 521 1718 555 πεφύτευται,
1743 521 1806 549 οὕτε
1827 523 1858 555 ἐξ

1067 566 1155 601 ὄφεως
1180 566 1243 602 ἔσχε
1262 565 1312 602 τὴν
1328 567 1444 601 σπορὰν,
1467 566 1505 598 ὼς
1525 569 1606 593 παντί
1627 575 1668 603 τῳ
1683 568 1762 603 δῆλόν
1787 569 1856 596 ἔστι.

1067 613 1130 644 Πῶς
1146 612 1201 648 γάρ
1224 613 1282 639 ἐστι
1306 612 1401 645 τοῦτο;
1417 612 1499 639 αὑτοῦ
1521 612 1569 639 τοῦ
1586 613 1689 649 Κυρίου
1705 615 1858 650 ἐπιμαρτυ-

1068 658 1188 694 ροῦντος,
1204 657 1252 684 καὶ
1264 657 1402 692 λέγοντος,
1415 658 1456 684 ὃτι
1466 657 1508 684 Οὐ
1521 657 1564 691 μὴ
1586 657 1643 683 πίω
1667 657 1702 684 ἐκ
1721 658 1774 685 τοῦ
1790 667 1858 693 τεν-

1066 704 1198 739 νήμιιτος
1213 702 1268 738 τῆς
1292 703 1429 736 ἀμπέλου
1450 703 1570 736 ταύτης,
1587 703 1643 735 ἕως
1656 702 1696 729 ἂν
1712 704 1769 730 πίω
1783 703 1858 731 αὐτὸ

1066 750 1173 778 καινὸν
1184 750 1249 785 μεθ’
1267 749 1351 784 ὑμῶν
1368 749 1404 776 ἐν
1418 749 1456 783 τῇ
1469 749 1616 783 βασιλείᾳ
1631 749 1691 776 τῶν
1708 749 1854 783 οὐρανῶν.

1067 797 1122 824 Καὶ
1136 795 1231 831 ἐπειδὴ
1246 795 1263 830 ἡ
1277 794 1403 829 ἀλήθεια,
1414 793 1464 825 τὰς
1481 793 1580 826 ἑαυτῆς
1596 793 1709 825 ἀκτῖνας
1727 793 1857 820 ἀποστίλ-

1066 842 1152 868 ϐουσα
1171 841 1212 872 είς
1238 840 1269 867 τὸ
1293 839 1425 871 παντελὲς
1444 838 1515 866 κατὰ
1538 838 1691 873 πρόγνωσιν
1715 837 1783 864 Θεοῦ
1802 838 1857 864 τῶν

218 880 252 907 ad
268 880 472 908 convincendos
481 888 590 908 errores
599 881 826 912 accommodavit,
835 880 899 908 inde
912 880 1011 908 factum

1066 886 1272 923 ἐπιφερομένων
1292 885 1403 916 κακῶν,
1427 885 1467 916 εἰς
1483 884 1594 919 ἔλεγχον
1616 883 1770 919 προετὼτου
1791 885 1857 917 τοὺς

217 927 300 962 390
309 927 471 962 est,passim
487 931 517 954 ut
531 935 617 955 sacrae
629 926 840 954 Litteraeorum
856 927 903 962 qui
916 932 1013 955 contra

217 973 359 1000 veritatem
370 974 544 1008 insurgerent
553 981 681 1001 occasum
691 977 773 1008 atque
790 974 931 1001 interitum
946 981 1016 1009 prae-

217 1018 347 1046 dixerint.
363 1018 410 1046 Sic
423 1020 495 1046 enim
512 1024 606 1054 aperte
617 1019 736 1054 quodam
751 1019 779 1046 in
791 1019 851 1046 loco
866 1019 1012 1056 Dominus,

218 1072 248 1095 ut
261 1067 396 1095 infelicem
409 1068 484 1095 illum
496 1073 523 1096 et
533 1069 711 1104 impostorein
725 1068 858 1098 Severum
872 1074 1013 1105 argueret.

217 1114 300 1141 vitem
321 1121 351 1141 se
372 1122 435 1142 esse
452 1115 623 1149 pronuntiat.
644 1114 700 1150 Ego
726 1124 802 1149 rum,
824 1116 931 1151 inquit,
952 1116 1013 1143 vitis

217 1168 278 1188 vera
295 1160 315 1187 '.
332 1160 416 1195 Atqui
435 1161 457 1188 si
472 1161 652 1196 vituperanda
666 1170 779 1197 prorsus
795 1163 859 1190 vitis
873 1167 947 1190 esset
961 1170 1012 1198 ap-

217 1206 337 1242 pellatio,
355 1215 494 1242 nunquam
507 1207 589 1242 hujus
607 1207 640 1235 ad
657 1216 687 1236 se
702 1208 908 1236 similitudinem
927 1212 1017 1236 trans-

217 1251 309 1279 ferret.
345 1251 417 1284 Quin
432 1255 459 1280 et
475 1253 592 1287 apostoli
610 1253 637 1280 in
653 1260 686 1280 eo
700 1253 787 1285 libro,
800 1254 847 1289 qui
859 1253 1011 1286 Διάταξις,

215 1297 269 1325 hoc
282 1301 324 1326 est
343 1297 502 1326 Consu‘lutia
518 1302 642 1333 vocatur,
663 1299 708 1326 Dei
725 1299 837 1334 stirpem
853 1307 884 1327 ac
898 1300 1005 1328 vineam

216 1351 278 1372 esse
303 1345 465 1372 catholicam
490 1344 641 1372 Ecclesium
659 1345 787 1380 produnt.
810 1345 857 1377 Et,
872 1346 944 1380 quod
954 1353 1014 1373 am-

216 1389 289 1423 plius
302 1395 362 1422 est,
383 1388 516 1418 Dominus
532 1390 590 1425 ipse
607 1397 717 1417 rursum
733 1391 761 1417 in
777 1389 924 1426 Evangelio
941 1390 1011 1417 idem

215 1436 368 1472 expressit,
385 1436 431 1464 ubi
447 1436 520 1463 illam
545 1436 633 1464 vinea:
661 1437 819 1472 parabolam
844 1437 1011 1473 proposuit:

216 1481 302 1510 Homo
330 1482 441 1518 quidam
467 1482 670 1517 paterfamilias
694 1482 813 1510 habebat
833 1483 942 1510 vineam
959 1491 965 1510 :
984 1487 1011 1510 et

215 1529 316 1556 locavit
336 1529 409 1556 illam
427 1529 569 1564 agricolis;
585 1533 613 1556 et
629 1529 704 1557 misit
727 1537 852 1565 quaerens
874 1528 1010 1559 fructum.

214 1579 242 1601 et
265 1582 319 1601 non
342 1574 478 1602 dederunt
491 1574 512 1601 ‘.
539 1573 604 1602 Item
623 1583 630 1602 :
647 1573 735 1601 Homo
758 1574 869 1610 quidam
894 1565 1047 1609 paterfa-C

215 1620 306 1648 milias
330 1620 434 1647 habens
459 1621 565 1648 vincam
583 1621 650 1648 exiit
676 1629 802 1656 quaerens
827 1621 969 1656 operarios
983 1620 1011 1647 in

215 1666 323 1693 vineam
339 1675 346 1694 :
364 1670 391 1694 et
405 1666 479 1693 circa
505 1667 615 1694 tertiam
644 1667 759 1700 horam,
786 1671 813 1694 et
831 1672 957 1698 sextam,
983 1671 1011 1694 et

215 1721 335 1747 nonam,
358 1716 386 1740 et
411 1713 582 1740 undecimam
597 1712 621 1739 '.
642 1712 676 1740 Ut
694 1721 729 1740 ex
746 1713 820 1740 omni
839 1716 916 1748 parte
940 1712 1010 1739 vafri

216 1758 333 1786 hominis
350 1758 425 1786 fraus
440 1762 468 1786 et
492 1758 654 1793 improbitas
669 1758 793 1786 veritatis
809 1758 933 1785 oratione
947 1765 1011 1785 sau-

213 1807 312 1834 cielur.
333 1805 400 1832 Nam
422 1810 452 1832 ut
476 1806 589 1833 absente
617 1806 677 1833 luce
698 1810 838 1840 utcunque
861 1810 1012 1840 appareant

213 1852 351 1884 tenebrae,
378 1852 542 1886 simulatque
563 1851 604 1878 vel
624 1851 738 1878 minima
765 1851 885 1878 scintilla
909 1851 1011 1878 micare

213 1897 339 1931 cmperit,
355 1902 522 1924 evanescunt
536 1896 590 1923 illa:
612 1897 742 1924 continuo
754 1916 762 1928 ,
780 1896 944 1931 penitusque
957 1896 1011 1923 dis-

215 1944 349 1979 sipantur.
376 1943 431 1980 Ego
448 1951 512 1971 vero
531 1943 592 1970 ideo
613 1943 708 1970 leviter
721 1943 793 1969 hanc
811 1942 934 1970 haeresim
948 1950 1011 1977 per-

214 1991 304 2024 curri,
322 1991 395 2026 quod
409 1998 482 2023 cum,
500 1995 529 2017 ut
547 1989 627 2017 initio
642 1990 737 2016 monui
749 2009 758 2022 ,
771 1989 891 2016 refutatu
907 1989 943 2016 sit
965 1989 1009 2016 fa-

213 2038 293 2070 cilis,
313 2045 368 2065 non
389 2044 487 2072 magno
513 2036 606 2064 labore
632 2036 772 2063 contraria
797 2035 885 2070 possit
907 2035 1009 2063 veritas

213 2084 353 2112 aflirraari.
374 2083 486 2111 Accedit
503 2086 530 2110 et
552 2082 638 2115 illud,
663 2082 737 2117 quod
758 2082 801 2110 vel
821 2081 902 2109 nullae
928 2081 1009 2110 hodie

214 2131 352 2166 supersint
373 2131 446 2157 illius
464 2133 545 2157 sectae
564 2128 700 2164 reliquiae,
726 2128 768 2155 vel
793 2129 898 2164 exigua:
911 2128 1009 2155 admo-

213 2178 278 2205 dum
294 2177 481 2212 superioribus
498 2177 525 2203 in
543 2175 694 2211 provinciis
715 2174 830 2202 relictae.

247 2223 430 2257 Quamobrem
445 2230 495 2250 nos
517 2230 550 2249 ee
563 2221 747 2257 praetermissa
760 2240 768 2252 ,
800 2220 875 2247 velut
895 2219 1007 2254 scorpio

213 2270 332 2306 quodam
358 2269 450 2298 subito
475 2268 651 2303 proculcato,
674 2269 787 2294 caeteras
803 2265 1005 2301 aggrediamur.

214 2316 267 2345 Sed
290 2316 412 2343 divinum
435 2319 498 2342 ante
514 2315 606 2342 omnia
630 2312 832 2349 implorandum
855 2311 1005 2344 auxilium,

213 2370 268 2398 quo
288 2366 315 2390 et
333 2369 397 2389 vera
422 2361 560 2397 possimus
584 2359 692 2394 eloqui,
718 2366 808 2394 neque
832 2357 911 2385 nobis
939 2357 1006 2392 ipsis

213 2408 302 2436 fraudi
325 2408 360 2435 sit
374 2414 467 2434 earnm
487 2414 579 2434 rerum
604 2405 751 2438 tractatio,
774 2404 927 2439 prmscrtim
942 2411 1004 2430 cum

213 2459 268 2481 tam
294 2453 425 2481 nefariam
440 2456 467 2480 et
485 2456 605 2480 atrocem
630 2449 824 2486 pestiferorum
845 2449 1004 2484 dogmatum

213 2499 414 2534 improbitatem
433 2498 559 2533 persequi
584 2497 755 2525 Studeamus.

432 2555 571 2584 CONTRA
586 2555 759 2583 TATIANOS
767 2575 775 2588 ,

318 2615 384 2649 Quae
409 2618 447 2641 est
472 2614 579 2641 heresis
598 2611 695 2639 XXVI
710 2613 764 2640 sive
789 2611 892 2638 XLVI.

248 2671 268 2698 l.
285 2671 418 2698 Tatianus
434 2669 546 2704 quidam
569 2672 631 2704 p0st
659 2668 722 2696 illos
745 2667 868 2699 exstitit,
883 2667 929 2701 qui
945 2666 1003 2694 sive

211 2717 307 2746 eodem
334 2717 443 2752 penitus
470 2720 610 2751 tempore,
641 2714 720 2750 391
746 2715 804 2742 sive
830 2714 912 2749 paulo
941 2718 1003 2749 post

253 2795 262 2810 ¹
276 2796 343 2823 Gen.
365 2803 384 2828 ι,
397 2795 443 2822 28.
480 2795 490 2810 ¹
508 2793 602 2822 Matth.
619 2801 692 2827 χιιι,
704 2793 750 2822 29.

1065 933 1151 969 αὐτῆς
1185 933 1280 967 λόγους
1308 931 1448 966 πανταχοῦ
1463 939 1470 945 ·
1503 929 1686 966 προεθέσπισε
1719 930 1749 956 τὸ
1785 930 1857 957 θεῖον

1064 980 1183 1016 γράμμα
1193 979 1242 1014 τὴν
1255 978 1396 1014 ἀναίρεσιν
1406 978 1460 1004 τῶν
1475 977 1626 1013 μελλόντων
1640 976 1712 1004 κατὰ
1727 978 1777 1012 τῆς
1789 977 1856 1012 ἀλη-

1065 1026 1140 1058 θείας
1156 1024 1347 1061 ἐπεγείρεσθαι
1359 1033 1367 1040 ·
1389 1024 1427 1056 ὡς
1441 1024 1589 1060 διαρρήδην
1603 1024 1684 1055 αὑτός
1704 1032 1755 1050 που
1770 1025 1785 1050 ὸ
1797 1024 1855 1051 Κύ-

1067 1081 1142 1107 ριος,
1163 1073 1203 1103 είς
1228 1071 1340 1106 ἔλεγχον
1364 1070 1412 1097 τοῦ
1434 1069 1550 1097 ὲλεεινοῦ
1578 1071 1626 1097 καὶ
1645 1070 1855 1106 πεπλανημένου

1064 1118 1196 1153 Σευήρου,
1212 1117 1311 1151 φάσκει
1325 1116 1406 1148 αὐτὸς
1421 1115 1516 1143 ἑαυτὸν
1532 1115 1581 1151 τὴν
1600 1115 1732 1150 ἄμπελον,
1748 1115 1837 1149 λέγων
1847 1123 1854 1130 ·

1070 1163 1144 1198 Ἐγώ
1168 1165 1227 1198 ειμι
1248 1163 1268 1197 ἠ
1290 1163 1426 1198 ἄμπελος
1461 1161 1481 1196 ἠ
1511 1160 1651 1194 ἀληθινή.
1675 1161 1707 1187 Εἰ
1730 1160 1760 1187 δὲ
1787 1160 1856 1192 ὅλως

1063 1209 1163 1245 ψεκτὸν
1184 1207 1219 1245 ἦν
1238 1208 1270 1235 τὸ
1289 1209 1339 1244 τῆς
1358 1207 1483 1244 ἀμπέλου
1497 1207 1592 1242 ὄνομα,
1608 1207 1659 1232 οὐκ
1678 1205 1712 1232 ἂν
1727 1205 1774 1232 τοῦ
1797 1206 1856 1233 ὀνό-

1069 1264 1154 1292 ματος
1169 1256 1207 1287 είς
1223 1255 1320 1282 ἑαυτὸν
1337 1255 1453 1281 ἐποιεῖτο
1470 1253 1520 1288 τὴν
1535 1252 1691 1288 ὁμοιότητα.
1712 1251 1791 1278 Ἀλλὰ
1807 1252 1855 1278 καὶ

1063 1303 1088 1329 οί
1102 1301 1245 1328 ἀπόστολοι
1255 1300 1312 1336 (89)
1324 1308 1406 1335 φασιν
1417 1300 1446 1326 ὲν
1458 1299 1490 1334 τῇ
1501 1298 1636 1329 Διατάεει
1643 1298 1676 1332 τῇ
1688 1297 1853 1333 καλουμένῃ,

1064 1349 1104 1375 ὅτι
1120 1347 1217 1382 φυτεία
1232 1345 1301 1373 Θεοῦ
1316 1346 1363 1373 καὶ
1375 1338 1505 1380 ἀμπελᾱῗν
1517 1345 1534 1379 ἡ
1548 1344 1678 1380 καθολικὴ
1691 1343 1852 1378 Ἐκκλησία.

1071 1394 1151 1420 Ἀλλὰ
1173 1393 1220 1420 καὶ
1236 1393 1317 1425 αὐτὸς
1331 1393 1345 1418 ὁ
1371 1392 1473 1428 Κύριος
1497 1391 1578 1418 πάλιν
1591 1392 1620 1417 ὲν
1639 1390 1678 1426 τῷ
1694 1389 1854 1424 Εὑαγγελίῳ

1063 1440 1225 1475 ποιούμενος
1236 1439 1286 1475 τὴν
1296 1438 1342 1465 τοῦ
1356 1437 1517 1473 ἀμπελῶνος
1531 1437 1699 1473 παρασολὴν,
1715 1437 1756 1463 ὅτι
1770 1437 1854 1470 Ἀνὴρ

1063 1494 1105 1518 τις
1118 1484 1310 1520 οἰκοδεσπότης
1324 1483 1396 1518 εἶχεν
1413 1481 1572 1517 ἀμπελῶνα,
1587 1482 1635 1509 καὶ¹
1650 1481 1755 1515 ἐξέδοτο
1770 1480 1853 1507 αὐτὸν

1063 1532 1207 1568 γεωργοῖς,
1223 1530 1270 1557 καὶ
1288 1529 1395 1565 ἔπεμψε
1418 1529 1506 1564 ζητῶν
1521 1528 1638 1564 καρπὸν,
1656 1528 1703 1554 καὶ
1719 1528 1770 1554 οὐκ
1788 1527 1854 1554 ἑδωο

1063 1587 1123 1605 καν.
1147 1577 1226 1604 Ἀλλὰ
1238 1577 1285 1604 καὶ
1304 1575 1401 1603 πάλιν·
1422 1576 1505 1611 Ἀνήρ
1521 1584 1562 1606 τις
1575 1574 1768 1609 οἰκοδεσπότης
1782 1573 1853 1608 ἔχων

1062 1623 1231 1660 ἀμπελῶνα,
1250 1622 1345 1658 ἐξῆλθε
1369 1621 1458 1657 ζητῶν
1481 1621 1601 1657 ἐργάτας
1626 1621 1666 1652 είς
1688 1620 1733 1646 τὸν
1760 1620 1852 1655 ἀμπε-

1061 1671 1144 1700 λῶνα,
1161 1670 1209 1697 καὶ
1220 1670 1266 1696 ἐπὶ
1277 1669 1371 1705 τρίτην
1384 1668 1469 1704 ὥραν,
1485 1667 1532 1694 καὶ
1554 1667 1648 1703 ἕκτην,
1661 1666 1709 1692 καὶ
1725 1667 1851 1701 ὲννάτην,

1064 1717 1111 1744 καὶ
1124 1717 1281 1752 ἑνδεκάτην.
1308 1715 1352 1747 Ὠς
1365 1714 1514 1747 ἐξάπαντος
1535 1713 1566 1740 τὸ
1585 1713 1635 1748 τῆς
1653 1712 1852 1748 ἐπιτηδεύσεως

1062 1763 1230 1799 σκευώρημα
1252 1762 1300 1788 καὶ
1323 1761 1419 1788 τούτου
1434 1759 1481 1786 τοῦ
1503 1759 1662 1791 ἀπατεῶνος
1683 1758 1851 1793 πανταχόθεν

1061 1810 1133 1845 ἔχειν
1144 1808 1176 1835 τὸ
1203 1808 1402 1843 τιτρώσκεσθαι
1423 1807 1494 1842 λόγῳ
1514 1806 1566 1840 τῆς
1582 1805 1721 1840 ἀληθείας.
1743 1804 1799 1831 Κᾶν
1822 1812 1852 1829 τε

1061 1857 1115 1891 γὰρ
1129 1854 1302 1889 ἐπιφαίνεται
1325 1854 1355 1880 τὺ
1377 1853 1472 1884 σκότος
1491 1853 1578 1887 φωτὸς
1602 1852 1639 1887 μὴ
1656 1851 1800 1886 παρόντος,
1816 1850 1851 1877 δι’

1060 1901 1151 1935 ὀλίγον
1163 1899 1310 1935 σπινθῆρος
1327 1899 1344 1934 ἡ
1360 1898 1442 1925 αὑτοῦ
1460 1899 1616 1933 ἀφάντωσις
1629 1897 1679 1932 τῆς
1693 1896 1852 1932 ἀνατροπῆς

1061 1947 1215 1981 γενήσεται.
1234 1945 1378 1980 Συντόμως
1395 1944 1424 1971 δὲ
1439 1944 1576 1980 κέχρημαι
1589 1945 1621 1979 τῇ
1633 1943 1750 1978 αἱρέσει,
1764 1942 1808 1969 διὰ
1821 1942 1853 1968 τὺ

1061 1992 1110 2028 ἤδη
1131 1991 1267 2024 ἐξειπεῖν,
1293 1991 1333 2018 ὃτι
1359 1990 1492 2022 εὐάλωτος
1514 1990 1674 2026 ὑπάρχουσα
1690 1990 1721 2016 οὐ
1749 1989 1852 2023 πολλῆς

1060 2037 1144 2064 δεῖται
1156 2037 1299 2073 ἐργασίας,
1313 2036 1381 2072 πρὸς
1396 2036 1524 2062 σύστασιν
1539 2036 1588 2071 τῆς
1602 2037 1661 2062 κατ’
1679 2035 1765 2070 αὐτῆς
1782 2035 1852 2070 ἁλη-

1061 2082 1150 2115 θείας·
1170 2083 1288 2118 μάλιστα
1309 2082 1348 2114 δὲ,
1373 2083 1415 2108 ὅτι
1434 2082 1504 2117 τάχα
1520 2079 1596 2117 οἶμαι
1623 2081 1670 2108 καὶ
1695 2081 1795 2116 μηκέτι
1818 2082 1852 2107 ἐκ

1059 2129 1162 2165 ταύτης
1174 2129 1305 2164 ὑπάρχειν
1321 2128 1407 2160 τινὰς,
1421 2128 1478 2155 ἀλλ’
1490 2129 1514 2154 εἰ
1532 2128 1585 2164 ἄρα
1599 2128 1719 2160 σπανίως
1731 2129 1760 2154 ἐν
1778 2128 1852 2154 ἀνω-

1059 2176 1132 2203 τάτω
1149 2176 1269 2212 μέρεσιν.

1101 2222 1167 2249 Ἀπὸ
1190 2221 1293 2257 ταύτης
1318 2221 1347 2248 δὲ
1372 2221 1568 2257 παρελθόντες,
1600 2220 1694 2256 ὥσπερ
1719 2221 1853 2256 σκορπίον

1058 2269 1144 2296 δεινὸν
1167 2269 1411 2304 καταπατήσαντες
1433 2268 1558 2304 ἀθρόως,
1582 2268 1632 2300 τὰς
1657 2267 1721 2303 ἑξῆς
1737 2268 1852 2294 διασκο-

1060 2313 1194 2349 πήσομεν,
1211 2312 1279 2338 Θεοῦ
1293 2312 1342 2348 τὴν
1358 2312 1472 2348 δύναμιν
1492 2312 1702 2348 ἐπικαλούμενοι
1726 2313 1767 2344 εἰς
1783 2313 1852 2348 βοή-

1060 2359 1146 2392 θειαν,
1163 2358 1211 2385 τοῦ
1230 2367 1259 2385 τε
1275 2359 1306 2385 τὸ
1326 2358 1425 2394 ἀληθὲς
1446 2359 1549 2391 εἰπεῖν,
1570 2360 1617 2386 καὶ
1637 2359 1683 2386 τοῦ
1701 2359 1783 2386 αὑτὸν
1800 2361 1852 2396 ἐμὲ

1061 2405 1097 2441 μὴ
1117 2404 1294 2440 βλάπτεσθαι,
1313 2404 1431 2440 μάλιστα
1446 2405 1510 2441 περὶ
1532 2405 1582 2440 τῆς
1606 2405 1734 2440 τοιαύτης
1757 2406 1853 2441 δεινῆς

1058 2452 1105 2478 καὶ
1127 2451 1267 2487 ὀλετηρίου
1289 2451 1344 2478 τῶν
1367 2451 1510 2486 δογμάτων
1533 2450 1665 2487 μέλλοντα
1688 2452 1852 2486 ὑποφαίνειν

1059 2497 1252 2534 κακοτροπίας.

1300 2555 1396 2582 ΚΑΤΑ
1414 2555 1590 2582 ΤΑΤΙΔΝΩΝ

1092 2611 1225 2648 Εἱκοστὴ
1244 2612 1334 2647 ἕκτη,
1356 2613 1375 2648 ἠ
1399 2613 1449 2640 καὶ
1469 2612 1702 2646 τεσσαρακοστὴ
1727 2611 1812 2646 ἕκτη.

1092 2669 1130 2696 A’.
1152 2668 1282 2700 Τατιανός
1299 2677 1342 2700 τις
1367 2668 1484 2704 ἀνέστη,
1504 2667 1616 2699 τούτους
1639 2667 1848 2702 διαδεξάμενος,

1057 2714 1117 2750 ἤτοι
1139 2713 1209 2741 κατὰ
1224 2714 1287 2746 τοὺς
1309 2714 1398 2742 αὐτῶν
1419 2715 1530 2750 χρόνους
1549 2713 1598 2748 ῶν,
1619 2714 1637 2750 ἢ
1655 2713 1713 2750 μετ’
1729 2714 1850 2748 αὐτοὺς,

799 2793 810 2808 ³
823 2792 902 2820 Joan.
925 2800 968 2824 xv.
989 2791 1015 2819 l.
1053 2791 1063 2807 ⁸
1079 2792 1144 2819 Luc.
1160 2799 1207 2825 xx,
1221 2792 1238 2819 9
1257 2800 1317 2828 sqq.
1357 2793 1368 2810 '
1384 2792 1479 2820 Matth.
1493 2800 1539 2826 xx,
1554 2791 1565 2819 Ι
1583 2800 1644 2828 sqq.

247 2873 304 2909 (89)
330 2874 417 2901 Ἀλλὰ
438 2873 486 2901 καὶ
506 2874 533 2900 οι
557 2872 731 2900 ἀπόστολοι.
753 2870 843 2899 Locus
859 2874 949 2898 exstat
970 2869 998 2896 in

1065 2868 1086 2902 Ι,
1106 2869 1123 2896 l.
1141 2869 1276 2898 IComtit.
