1964 3047
112 153 161 182 8H

450 150 635 179 ADVERSUS
653 149 824 178 HERESES
845 148 906 175 LIB.
929 149 949 176 Ι.
967 147 1047 176 ΤΟΜ.
1059 148 1109 191 Illl.
1132 148 1269 176 H/ERES.
1286 148 1378 177 XLVI.

1695 150 1748 178 διε

112 210 184 239 κατὰ
196 211 322 247 διαδοχὴν
336 210 523 245 γεννωμένων.
534 210 567 236 Δί
582 209 636 244 γὰρ
652 206 730 235 οὖσαι
744 207 840 234 πολλαὶ
853 207 900 234 καὶ

964 215 1014 234 λιιιη
1032 215 1092 242 quin
1112 208 1289 236 successione
1311 211 1487 243 generantur.
1510 206 1592 234 Plura
1612 207 1747 243 siquidem

112 257 164 294 μία
188 258 220 284 ἐκ
246 257 295 292 τῆς
318 257 382 292 μιᾶς
406 256 588 291 ὑπάρχουσαι,
605 256 638 281 ἐκ
653 255 703 290 τῆς
726 253 810 288 οὔσης
838 254 903 289 μιᾶς

112 303 203 335 αἰτίας
216 303 269 330 τῶν
282 302 377 328 παθῶν
391 303 399 317 ³
415 301 611 336 εὑρεθήσονται
622 310 628 317 ·
643 301 690 327 καὶ
702 300 793 326 οὐκέτι
807 299 903 326 πολλαὶ

113 350 206 384 ἀρχαὶ,
227 349 284 376 ἀλλ’
301 349 318 384 ἧ
350 348 399 384 μία
424 349 440 383 ή
467 347 570 374 τούτων
592 347 667 374 αἰτία
688 348 828 382 γεγονυῖα·
855 346 903 372 καὶ

113 395 297 431 ἀναχθήσεται
329 395 418 422 πάντα
440 395 479 426 εἰς
504 394 553 429 τὴν
575 393 638 429 μίαν
662 393 828 429 μοναρχίαν·
855 391 903 418 καὶ

113 443 238 470 διέπεσεν
254 442 271 477 ἡ
292 441 339 468 τοῦ
356 440 478 467 τοιούτου
495 439 680 473 πιθανολογία,
698 439 746 465 καὶ
766 439 816 465 οὐκ
837 437 903 472 ἁλή-

113 489 184 521 θεια,
204 487 266 514 οὔτε
278 487 327 524 τὴν
349 486 540 521 πιθανολογίαν
555 486 692 521 δυναμένη
710 485 790 521 ἔχειν.
804 483 903 519 Muipr

113 534 169 571 γὰρ
191 534 221 560 τὸ
237 534 295 560 ὅλον
321 534 460 569 κήρυγμα.
482 534 536 560 Καὶ
551 533 576 559 εἰ
597 534 611 559 ὁ
623 532 709 567 Ἀδὰμ
727 532 758 557 οὐ
777 530 903 563 σώζεται,

113 580 144 606 τὸ
161 580 290 616 φύραμα,
316 580 377 606 οὐδέ
401 588 428 606 τι
452 579 499 605 τοῦ
525 578 685 614 φυράματος
707 575 854 609 σώζεται¹.
873 577 905 604 El

114 626 170 662 γὰρ
185 627 199 653 6
216 626 428 662 πρωτόπλαστος
444 625 492 652 καὶ
512 625 542 658 ἐξ
562 624 674 651 ἀθίκτου
690 625 742 659 γῆς
759 623 905 658 γενόμενος

116 673 254 708 σωτηρίας
271 673 302 699 οὐ
317 672 435 708 μεθέξει,
451 671 510 703 πῶς
524 671 560 698 τὰ
579 671 609 703 ἐξ
621 670 704 697 αὑτοῦ
719 669 905 705 γεγεννημένα

117 719 225 756 μεθέξει
238 719 374 755 σωτηρίας
381 727 388 752 ;

955 255 1016 286 illa,
1034 258 1061 282 et
1083 262 1187 286 unum,
1212 254 1247 281 ah
1264 262 1318 281 nno
1342 253 1479 289 profecta,
1503 254 1538 282 ab
1559 261 1612 282 una
1625 255 1749 283 omnium

955 307 1054 334 causa,
1080 307 1208 328 manasse
1232 300 1413 334 reperiemus.
1437 298 1476 327 ita
1501 307 1555 327 non
1585 300 1642 334 jam
1663 301 1749 328 multa

955 345 1106 381 principia,
1123 345 1171 373 sed
1185 353 1268 372 unum
1286 345 1348 376 erit,
1365 352 1380 372 a
1394 353 1448 380 quo
1462 349 1560 373 ctetera
1575 345 1747 381 dependent,

955 397 982 420 et
996 393 1029 420 ad
1045 393 1128 420 unius
1142 384 1286 427 imperium
1308 392 1435 420 universa
1455 392 1610 420 referentur
1629 402 1635 419 :
1652 393 1750 428 sicque

957 439 1039 466 fallax
1061 446 1094 466 ac
1116 439 1211 466 fucosa
1234 438 1309 466 illius
1329 438 1418 465 oratio
1435 439 1578 471 concidet,
1597 439 1664 466 nihil
1688 439 1750 473 ipsa

956 484 1066 519 quidem
1085 484 1210 512 veritatis
1226 484 1342 515 habens,
1362 491 1393 510 ac
1408 484 1449 511 vel
1465 484 1540 510 omni
1555 484 1750 519 probabilitate

956 531 1097 558 destituta.
1118 529 1207 557 Stulta
1224 531 1324 565 quippe.
1348 534 1406 557 tota
1425 529 1483 557 haec
1499 534 1541 557 est
1556 530 1660 565 opinio.
1680 530 1749 557 Nam

956 578 978 605 si
997 577 1119 605 Adamus
1138 578 1255 605 salutem
1282 576 1395 604 minime
1417 581 1460 604 est
1483 577 1616 612 adeptus,
1637 577 1688 604 hoc
1707 580 1751 604 est

956 624 1017 659 ipsa
1036 623 1238 659 quodammodo
1251 623 1360 658 generis
1379 630 1488 656 massa;
1514 630 1566 650 nec
1582 623 1636 650 ulla
1651 629 1751 650 massa:

957 670 1040 705 hujus
1064 670 1198 705 particula
1223 669 1326 697 servari
1353 669 1463 704 poterit.
1484 669 1514 696 Si
1534 669 1607 696 enim
1630 669 1677 704 qui
1693 668 1751 704 pri-

956 724 1019 743 mus
1045 717 1167 744 omnium
1186 715 1316 742 conditus
1340 718 1400 747 est,
1425 718 1453 742 et
1475 723 1508 742 ex
1529 715 1635 749 integra
1659 714 1749 741 adhuc

116 769 190 793 terra
206 765 356 797 formatus,
371 763 469 791 salutis
489 763 601 790 minime
614 766 657 790 est
672 761 825 797 particeps,
841 767 903 796 quae
919 761 954 789 ab
967 762 1063 789 eodem
1084 765 1144 789 orta
1164 764 1229 788 sunt
1244 768 1299 795 quo
1323 760 1433 788 tandem
1451 764 1533 796 pacto
1560 760 1675 787 salutem
1702 758 1751 786 ob-

115 810 259 838 tiuebunt?

151 856 189 883 Γν.
209 855 287 882 Κατὰ
301 855 355 891 γὰρ
373 854 419 881 δύο
431 855 549 890 τρόπους
567 853 745 889 εὑρεθήσεται
761 852 822 879 καθ’
839 852 904 878 ἑαυ-

991 847 1035 874 Ill.
1054 846 1237 879 Quamobrem
1262 845 1370 873 duobus
1394 845 1484 872 modis
1506 852 1598 872 secum
1621 846 1680 880 ipse
1694 854 1747 881 pu—

115 902 163 929 τοῦ
179 901 282 935 λέγων·
300 901 398 935 φάσκει
416 900 470 936 γὰρ
494 900 537 926 τὸν
553 900 641 934 γάμον
656 896 726 925 εἶναι
747 898 797 924 οὐκ
813 899 845 924 ὲκ
859 896 906 923 τοῦ

117 947 204 980 Θεοῦ,
228 946 297 973 ἀλλὰ
320 946 449 981 πορνείας
466 943 535 971 εἶναι
557 945 639 971 αὐτὸν
668 944 715 970 καὶ
737 943 839 979 μῦσος,
861 943 908 969 καὶ

117 993 214 1020 ἑαυτὸν
230 993 320 1027 γάμου
336 992 505 1027 ὑπάρχοντα,
521 990 568 1017 καὶ
584 991 616 1016 ἐκ
633 990 762 1024 γυναικὸς
778 997 908 1023 γεγεννη-

120 1039 211 1075 μένον,
221 1039 270 1066 καὶ
278 1039 311 1065 ὲκ
326 1039 431 1074 σπορᾶς
443 1037 547 1073 ἀνδρῶν
558 1038 668 1073 ἡγεῖται
683 1036 827 1068 σώζεσθαι.
839 1036 910 1071 Ἄρα

118 1083 165 1113 οὖν
179 1085 260 1112 πάλιν
280 1084 393 1111 ἀνέλυσε
413 1084 463 1119 τὴν
474 1083 556 1110 αὑτοῦ
571 1082 641 1110 κατὰ
655 1082 702 1109 τοῦ
724 1082 813 1117 γάμου
827 1081 910 1117 βλασ-

119 1132 235 1168 φημίαν.
250 1132 280 1158 Εἰ
292 1131 345 1166 γὰρ
373 1127 451 1162 οὗτος
465 1131 497 1156 ἐκ
511 1129 607 1164 γάμων
623 1129 754 1164 ὑπάρχων
768 1128 907 1163 σωτηρίαν

119 1177 186 1210 ἕξει,
199 1178 253 1213 ἄρα
273 1177 303 1203 οὐ
327 1176 465 1211 βδέλυγμα
478 1176 492 1202 6
507 1175 607 1210 γάμος,
623 1175 637 1200 6
657 1174 761 1209 γεννῶν
783 1174 847 1205 τοὺς
862 1173 911 1208 τῆς

121 1223 258 1259 σωτηρίας
274 1223 448 1258 μετέχοντας,
464 1221 513 1257 οἴῳ
530 1221 553 1247 δ’
565 1221 598 1247 ἂν
615 1220 688 1247 θέλοι
702 1221 796 1255 τρόπῳ
809 1220 909 1254 λέγειν.

121 1270 155 1296 El.
170 1269 199 1295 δὲ
213 1268 328 1304 συσταίη
345 1269 405 1294 κατ’
419 1267 508 1294 αὐτῶν
520 1267 608 1301 λόγος,
623 1267 685 1293 Ὅτι
699 1266 827 1301 ἁθέμιτός
839 1267 911 1292 ἐστιν

121 1316 136 1341 6
153 1315 258 1350 γάμος·
284 1314 338 1350 ἄρα
362 1313 462 1349 μᾶλλον
476 1314 490 1340 6
515 1313 601 1348 ’Δδὰμ
622 1312 785 1347 σωθήσεται,
804 1312 840 1347 μὴ
858 1312 912 1339 ἀπὸ

122 1362 211 1396 γάμου
230 1360 406 1396 ὁρμώμενος.
424 1359 481 1386 ἀλλ’
506 1360 535 1386 ἐν
552 1359 623 1394 χειρὶ
647 1359 754 1394 Πατρὺς
777 1359 823 1385 καὶ
847 1358 911 1385 Υἱοῦ

123 1408 170 1435 καὶ
186 1407 264 1442 ἁγίου
279 1403 437 1442 Πνεύματος
450 1405 650 1441 πεπλασμένος,
664 1405 734 1431 κατὰ
747 1405 777 1431 τὸ
791 1413 914 1440 γεγραμ-

125 1453 205 1488 μένον
216 1453 226 1469 ³
243 1453 289 1479 ὑπ’
309 1452 392 1479 αὑτοῦ
407 1451 455 1478 τοῦ
474 1451 551 1485 ἁγίου
569 1451 677 1486 Πατρὺς
691 1451 759 1486 πρὸς
778 1451 824 1477 τὸν
838 1451 911 1481 Υἱὺν,

123 1499 164 1526 ὅτι
185 1497 360 1533 Ποιήσωμεν
379 1497 536 1531 ἄνθρωπον
559 1496 622 1522 κατ’
647 1496 749 1522 εἰκόνα
766 1495 914 1529 ἡμετέραν

123 1545 173 1572 καὶ
187 1545 251 1572 καθ’
276 1544 427 1579 ὁμοίωσιν.
441 1543 503 1574 Πῶς
526 1543 555 1569 δὲ
579 1543 610 1568 οὐ
628 1541 744 1574 σώζεται
758 1543 771 1568 6
787 1541 882 1576 Ἀδὰμ,
900 1543 913 1567 6
927 1532 948 1560 Ο

124 1589 200 1624 παρὰ
226 1589 268 1616 σοὶ
297 1588 531 1624 ἀπελπιζόμενος,
560 1588 642 1615 ὁπότε
666 1588 748 1619 αὐτὸς
771 1588 786 1614 6
811 1586 913 1621 Κύριος

124 1636 203 1672 ήμῶν
213 1636 316 1672 Ἰησοῦς
332 1635 461 1671 Χριστὸς,
476 1634 560 1661 ἐλθὼν
574 1634 666 1666 είς-τὸν
679 1634 792 1668 κόσμον,
801 1633 913 1668 νεκροὺς

125 1684 195 1721 μετὰ
211 1684 261 1719 τὴν
282 1682 410 1718 τελευτὴν
425 1682 528 1718 ἐγείρει
545 1683 575 1708 ἐν
592 1681 667 1716 αὑτῷ
687 1680 725 1716 τῷ
744 1679 861 1715 σώματι,
877 1678 914 1709 ὡς

122 1731 169 1756 τὸν
183 1728 319 1764 Λάζαρον,
339 1728 386 1755 καὶ
399 1727 455 1754 υἱὸν
471 1727 521 1762 τῆς
535 1727 632 1762 χήρας,
649 1725 697 1752 καὶ
709 1724 760 1760 τὴν
777 1723 915 1759 θυγατέρα

123 1774 169 1801 τοῦ
178 1773 415 1809 Ἀρχισυναγώγου
429 1782 436 1806 ς
449 1773 504 1800 Καὶ
517 1773 541 1799 εἰ
552 1772 633 1803 αὐτὸς
646 1772 695 1797 οὐκ
704 1769 739 1806 ἦν
753 1770 767 1796 ὁ
777 1769 821 1797 τὸν
830 1769 916 1804 Ἀδὰμ

124 1818 230 1850 πλάσας
253 1819 285 1844 ἐκ
308 1817 370 1853 χοὸς
394 1817 441 1844 ἀπ’
469 1817 577 1852 ἀρχῆς,
607 1815 666 1847 πῶς
690 1815 795 1845 πτύσας
829 1814 916 1849 χαμαὶ

124 1865 236 1900 ἐποίησε
257 1864 354 1900 πηλὸν,
373 1864 420 1891 καὶ
432 1863 544 1890 ἐπέθετο
555 1862 601 1889 ἐπὶ
617 1862 679 1893 τοὺς
700 1860 854 1895 ὐφθαλμοὺς
868 1859 915 1886 τοῦ

125 1909 226 1945 τυφλοῦ
242 1909 288 1936 τοῦ
306 1910 338 1935 ὲκ
353 1909 477 1944 γενετῆς,
489 1907 537 1934 καὶ
552 1907 681 1942 ἐποίησεν
692 1906 774 1932 αὑτὸν
790 1905 914 1940 βλέπειν;

127 1958 186 1985 Ἵνα
204 1957 276 1992 δείξῃ
295 1956 390 1983 ἑαυτὸν
403 1955 452 1992 μὲν
469 1953 537 1982 εῖναι
549 1954 595 1981 τὸν
607 1953 733 1988 Πλάστην
748 1953 796 1979 σὺν
809 1951 849 1987 τῷ
861 1946 920 1978 Παὲ

127 2006 172 2040 τρὶ
183 2005 231 2031 καὶ
245 2003 284 2038 τῷ
299 2003 368 2038 ἁγίῳ
380 2001 531 2036 Πνεύματι,
547 2001 594 2027 καὶ
611 1999 642 2026 τὸ
660 1998 768 2030 ἐλλιπὲς
785 1998 866 2033 μέρος
888 1997 916 2023 ὲν

127 2049 166 2085 τῷ
178 2049 232 2076 ἀπὸ
254 2049 365 2084 γενετῆς
377 2047 569 2082 γεγεννημένῳ
588 2044 682 2080 τυφλῷ
696 2044 741 2071 διὰ
760 2044 807 2071 τοῦ
830 2043 916 2078 πηλοῦ

129 2095 284 2131 προστιθεὶς
300 2094 339 2128 τῷ
352 2094 470 2120 λείποντι
484 2092 573 2127 τόπῳ·
601 2090 769 2126 διορθώσεως
785 2089 839 2125 γὰρ
859 2089 918 2115 ἕνε-

129 2150 176 2168 κεν
194 2140 241 2168 τοῦ
264 2140 402 2171 λείποντος
419 2139 517 2174 μέρους
534 2137 659 2172 φαίνεται
677 2135 756 2163 τοῦτο
772 2135 918 2170 πεποιηκέ-

129 2197 184 2215 ναι.
200 2187 231 2214 Εἰ
245 2187 272 2213 δὲ
286 2187 367 2214 πάλιν
383 2186 464 2216 αὑτός
475 2185 548 2211 ἐστιν
561 2185 575 2210 ὀ
588 2183 689 2218 Κύριος
705 2181 790 2216 Ἀδὰμ
802 2180 917 2212 πλάσας,
934 2203 956 2230 D

129 2235 178 2262 καὶ
190 2233 271 2260 αὑτὸν
282 2233 327 2259 τὸν
339 2230 550 2267 πρωτόπλαστον
561 2228 698 2260 ἀπολλύει,
708 2228 770 2258 τοὺς
779 2227 807 2253 δὲ
820 2226 917 2257 ἄλλους

130 2281 223 2314 σώζει,
236 2278 258 2307 ὦ
271 2279 354 2314 πολλή
374 2287 420 2305 σου
438 2275 669 2312 ματαιοφροσύνη,
687 2273 819 2301 Τατιανέί
839 2272 916 2299 Ἀδυ-

129 2328 230 2363 ναμίαν
245 2325 299 2362 γὰρ
312 2325 351 2361 τῷ
363 2324 459 2360 Κυρίῳ
473 2322 544 2350 κατὰ
559 2321 673 2356 δύναμιν
689 2319 866 2355 προσάπτεις,
878 2318 917 2353 τῷ

129 2374 270 2410 δυναμένῳ
287 2373 332 2399 τὸν
348 2370 560 2407 πρωτόπλοιστον
582 2367 676 2399 αὑτοῦ,
695 2366 738 2393 διὰ
749 2366 814 2401 μίαν
828 2373 918 2400 παρα-

129 2421 196 2456 κοὴν
215 2417 416 2454 ἐκϐεϐλημένον
432 2416 480 2443 τοῦ
495 2414 673 2451 παραδείσου,
689 2413 735 2439 καὶ
749 2411 872 2442 παιδείας
887 2410 917 2436 οὺ

130 2467 180 2502 τῆς
207 2465 341 2501 τυχούσης
359 2463 545 2499 μετασχόντα,
563 2462 592 2487 ὲν
623 2459 714 2495 ἱδρῶτι
732 2459 779 2485 καὶ
804 2457 920 2493 καμάτῳ

130 2510 350 2542 διατετελεκότα,
369 2508 416 2535 καὶ
434 2507 579 2533 κατέναντι
599 2504 646 2531 τοῦ
669 2502 834 2538 παραδείσου
854 2510 919 2528 κατ-

131 2557 269 2593 ῳκηκότα,
283 2556 356 2586 ὅπως
378 2551 542 2589 μνημονεύοι
561 2551 610 2586 τῆς
632 2550 736 2584 ἀγαθῆς
759 2548 803 2575 διὰ
818 2548 866 2583 τῆς
883 2548 923 2577 εἰς

134 2604 243 2640 μνήμην
272 2601 417 2636 μετανοίας
443 2599 558 2631 σώζεινν
587 2597 603 2632 ἢ
630 2593 783 2632 δυναμένῳ
791 2595 855 2630 μὲν,
885 2593 921 2628 μὴ

133 2648 253 2676 ἐλεοῦντι
270 2647 309 2673 δέ.
328 2645 366 2671 Δι’
380 2645 413 2679 ἢν
429 2644 476 2670 τοῦ
491 2643 539 2670 νῦν
553 2643 642 2669 αίτίαν
654 2642 665 2657 ⁸
680 2642 744 2676 ἄχρι
764 2640 817 2666 τῶν
839 2647 922 2666 κατα-

133 2695 247 2731 χθονίων
264 2691 381 2728 Χριστὸς
395 2689 528 2724 κατῆλθες
545 2689 605 2714 Τίνι
620 2686 659 2722 τῷ
674 2687 747 2721 λόγῳ
761 2686 791 2711 τὸ
805 2685 920 2723 τριήμε-

136 2750 181 2778 ρον
198 2739 340 2775 κοιμηθεὶς
356 2735 499 2766 πεπονθὼς
516 2734 615 2769 ἀνέστη
628 2742 635 2766 ;
646 2733 708 2764 Πῶς
721 2732 749 2758 δὲ
760 2730 921 2766 πληροῦται,

170 2820 179 2836 ¹
191 2818 221 2846 F.
236 2818 355 2846 πάντων.

134 2855 196 2884 τίνα
207 2855 236 2881 δὲ
249 2853 349 2880 αἰτίαν.

336 2902 472 2932 Pauor.
493 2898 552 2930 Gu.
569 2896 651 2928 XLI.

411 2816 422 2831 ‘
440 2814 520 2842 Deest
538 2812 690 2848 repetitum!
712 2811 743 2838 οὐ
770 2808 912 2848 σώζςταιη

964 2807 1015 2842 leg.
1029 2806 1060 2832 οὺ
1078 2805 1111 2848 ’ὂῑὲ
1127 2804 1342 2848 τδ-φμροὶματοςἶ

423 2835 755 2882 ιῖῖιὶῖἷῖιζ“ἔᾷζ””έ’ζῐοεᾷᾗ.
773 2835 868 2878 inf/.5.
889 2835 912 2860 ’τ

964 2835 1061 2875 ιοῗνιι,
1075 2841 1119 2868 Η.
1159 2835 1273 2867 "hiare.
1289 2847 1315 2872 v,
1332 2838 1376 2867 Η,
1413 2839 1424 2854 ⁸
1439 2835 1522 2864 ,ἰοιιιιζ
1538 2844 1575 2866 ix,
1595 2835 1607 2860 1
1622 2841 1682 2869 sqq.

964 897 1030 929 gnat
1045 901 1052 919 :
1068 891 1141 926 quod
1157 895 1184 918 et
1201 891 1311 925 nuptias
1334 891 1440 917 auctori
1460 889 1514 916 Deo
1530 890 1689 918 tribuendas
1706 898 1754 919 ne-

959 943 1022 973 gat,
1043 945 1144 972 easque
1166 937 1299 971 ﬂagitium
1324 940 1352 964 et
1375 935 1540 963 adulterium
1562 937 1701 970 nominat,
1728 942 1756 965 et

959 985 1079 1019 seipsnm
1101 982 1279 1010 nihilominus
1301 989 1316 1009 e
1341 982 1456 1008 muliere
1473 986 1638 1016 prognatum
1669 987 1752 1017 atque

959 1039 991 1059 ex
1012 1030 1085 1058 virili
1111 1034 1173 1056 satu
1202 1032 1377 1063 procreatum
1403 1027 1509 1055 servari
1526 1035 1608 1062 posse
1629 1027 1754 1056 conﬁdit.

960 1077 1019 1110 Qua
1036 1075 1146 1111 quidem
1163 1076 1268 1102 ratione
1287 1075 1406 1110 priorem
1427 1075 1502 1101 illam
1514 1093 1521 1106 ,
1547 1081 1630 1109 quam
1651 1075 1755 1110 nuptiis

961 1124 1140 1158 imposuerat,
1159 1121 1353 1148 contumeliam
1367 1120 1490 1148 rescidit.
1507 1119 1536 1147 Si
1552 1120 1625 1148 enim
1640 1120 1686 1147 ille
1698 1120 1757 1155 ipse

962 1171 1098 1206 originem
1122 1168 1234 1195 trahens
1257 1174 1271 1194 a
1292 1166 1397 1202 nuptiis
1425 1166 1542 1193 salutem
1565 1165 1755 1201 consequitur,

962 1224 1017 1244 non
1031 1216 1115 1251 igitur
1137 1212 1306 1241 detestanda:
1325 1215 1390 1240 sunt
1414 1211 1532 1246 nuptiae,
1560 1218 1622 1246 quae
1645 1218 1693 1239 eos
1717 1211 1757 1246 gi-

961 1267 1064 1298 gnant,
1084 1261 1183 1296 quibus
1211 1259 1285 1286 salus
1314 1258 1460 1285 tribuenda
1484 1258 1536 1289 sit,
1563 1265 1757 1293 quamcunque

962 1312 1066 1343 partem
1076 1307 1185 1342 eligant.
1193 1306 1271 1338 Quod
1283 1305 1305 1332 si
1312 1312 1376 1332 vera
1385 1304 1421 1331 sit
1429 1303 1589 1332 eorumdem
1598 1304 1735 1332 sententia
1744 1324 1752 1336 ,

962 1356 999 1384 Ut
1010 1356 1113 1383 illicitae
1126 1355 1182 1382 sint
1192 1354 1295 1388 nuptiw
1307 1361 1315 1385 ;
1326 1357 1402 1380 tanto
1419 1352 1508 1387 magis
1518 1352 1653 1379 Adamum
1667 1352 1758 1387 ipsum

963 1410 1012 1437 par
1027 1406 1070 1429 est
1089 1401 1188 1428 salutis
1202 1404 1355 1434 compotem
1370 1399 1439 1431 ﬁeri,
1457 1399 1504 1434 qui
1523 1399 1608 1427 nullis
1622 1406 1758 1435 propaga-

963 1452 1008 1476 tus
1024 1447 1149 1483 nuptiis,
1188 1445 1279 1473 Patris
1306 1453 1338 1472 ac
1356 1444 1437 1476 Filii,
1463 1447 1491 1472 et
1520 1444 1640 1480 Spiritus
1665 1444 1757 1472 sancti

965 1502 1048 1522 manu
1069 1497 1113 1521 est
1139 1492 1244 1520 ellictus
1260 1501 1266 1518 :
1285 1490 1517 1526 quemadmodum
1547 1490 1688 1526 Scriptura
1714 1493 1757 1519 te-

965 1545 1066 1572 statur,
1079 1547 1142 1567 cum
1163 1540 1200 1566 ita
1219 1538 1299 1565 Pater
1322 1536 1420 1564 Filium
1440 1537 1584 1572 alloquens
1604 1537 1756 1565 introduci-

963 1592 1010 1615 tur
1028 1596 1034 1614 :
1052 1586 1196 1613 Faciamus
1209 1584 1339 1611 hominem
1349 1582 1383 1610 ad
1400 1583 1540 1618 imaginem
1559 1587 1585 1610 et
1598 1582 1756 1610 similitudi-

964 1641 1024 1660 nem
1038 1636 1156 1659 nostram
1173 1631 1193 1656 ⁵.
1206 1630 1258 1662 Qui
1276 1636 1359 1664 porro
1373 1628 1502 1656 convenit
1515 1627 1662 1662 Adamum,
1673 1636 1757 1663 quem

964 1678 1045 1713 393
1058 1684 1107 1712 pro
1116 1675 1363 1711 desperatohahes,
1373 1682 1387 1701 a
1394 1674 1481 1702 salute
1490 1674 1609 1702 alienum
1617 1682 1688 1707 esse,
1695 1682 1760 1702 cum

966 1723 1098 1750 Dominus
1105 1723 1163 1757 ipse
1169 1725 1263 1749 noster
1270 1720 1350 1748 Jesus
1361 1720 1498 1754 Christus,
1508 1720 1535 1747 in
1545 1720 1618 1748 hunc
1627 1720 1760 1748 mundum

965 1769 1092 1800 veniens,
1114 1768 1170 1794 vita
1195 1767 1252 1801 jam
1270 1766 1414 1794 defunctos
1426 1765 1551 1793 homines
1569 1772 1684 1800 corpore
1698 1765 1759 1800 ipso

966 1815 1107 1844 suscitarit
1120 1833 1127 1845 ,
1155 1813 1194 1840 uti
1217 1812 1351 1839 Lazarum
1367 1812 1395 1844 °,
1426 1819 1458 1838 ac
1485 1810 1572 1838 vidua:
1587 1810 1673 1838 filium
1687 1811 1709 1844 ⁷,
1730 1814 1757 1838 et

968 1860 1115 1896 Synagogae
1129 1858 1260 1894 principis
1275 1857 1357 1885 filiam
1373 1857 1404 1884 ⁸¹ί
1417 1856 1485 1884 Nam
1502 1856 1524 1884 si
1541 1856 1565 1884 is
1584 1863 1758 1891 nequaquam

966 1906 1100 1933 Adamum
1115 1905 1194 1932 initio
1216 1905 1250 1932 de
1266 1909 1338 1932 terra
1355 1903 1517 1935 formasset,
1537 1909 1588 1929 cur
1599 1902 1627 1928 in
1647 1901 1761 1929 humum

967 1954 1103 1987 despuens
1120 1950 1207 1977 lutum
1230 1950 1353 1982 faceret,
1369 1948 1484 1983 ejusque
1508 1947 1555 1982 qui
1573 1954 1661 1974 caecus
1680 1951 1760 1974 natus

968 1998 1056 2025 fuerat
1081 1997 1169 2024 oculis
1197 1996 1333 2034 illjnerct,
1361 1994 1443 2029 eique
1469 1994 1559 2021 visum
1590 1992 1761 2020 redderet'?

968 2042 1027 2076 Quo
1044 2041 1130 2074 facto,
1152 2041 1329 2068 Conditorem
1354 2047 1383 2067 se
1393 2046 1455 2066 esse
1476 2045 1537 2065 cum
1553 2036 1635 2064 Patre
1649 2044 1681 2063 ac
1702 2035 1762 2072 Spi—

968 2089 1022 2115 ritu
1037 2090 1133 2115 sancto
1146 2085 1292 2113 manifeste
1306 2083 1466 2114 declaravit,
1479 2089 1541 2109 cum
1555 2085 1660 2116 partem
1673 2080 1759 2112 illam,

969 2140 1029 2168 quae
1046 2139 1119 2159 caeco
1138 2134 1203 2158 nato
1219 2131 1331 2162 deerat,
1345 2136 1458 2162 asperso
1474 2128 1541 2160 luto,
1559 2125 1684 2154 niutilato
1696 2132 1760 2152 cor-

969 2179 1045 2214 poris
1073 2177 1195 2204 membro
1223 2175 1360 2207 restituit;
1386 2178 1415 2201 ut
1436 2173 1509 2201 enim
1537 2179 1664 2199 mancum
1685 2171 1760 2198 istud

968 2225 1121 2252 membrum
1135 2223 1285 2255 corrigeret
1297 2242 1304 2254 ,
1321 2222 1373 2248 hoc
1388 2220 1478 2255 egisse
1491 2218 1609 2246 videtur.
1620 2217 1679 2244 Jam
1694 2224 1760 2245 vero

968 2269 992 2297 si
1010 2269 1145 2296 Adamum
1168 2267 1299 2294 Dominus
1323 2266 1382 2300 ipse
1403 2263 1564 2295 fabricavit,
1588 2271 1620 2290 ac
1641 2262 1760 2297 primum

968 2313 1035 2341 illud
1058 2319 1138 2341 suum
1156 2319 1226 2347 opus
1243 2311 1422 2338 nihilominus
1441 2309 1623 2341 exterminat,
1638 2307 1703 2334 dum
1719 2315 1761 2335 re-

968 2361 1058 2397 liquos
1072 2359 1180 2387 interim
1198 2362 1305 2391 servat;
1320 2361 1422 2392 quanta
1438 2356 1506 2391 haec,
1523 2355 1637 2382 Taliane
1651 2374 1658 2387 ,
1675 2352 1764 2382 stulti-

971 2408 1007 2435 tia
1023 2407 1083 2434 est'.
1098 2405 1316 2432 imbecillitatem
1329 2404 1402 2431 enim
1413 2402 1529 2430 Domino
1543 2406 1674 2436 quantum
1689 2400 1717 2428 in
1733 2404 1763 2428 te

973 2457 1016 2481 est
1031 2451 1152 2487 attingis;
1166 2451 1212 2486 qui
1232 2458 1295 2477 cum
1320 2449 1459 2476 hominem
1469 2469 1476 2480 ,
1490 2455 1572 2483 quem
1589 2451 1653 2474 ante
1667 2454 1763 2474 omnes

973 2500 1130 2529 eflinxerat,
1147 2497 1183 2524 ob
1201 2495 1413 2524 unicumviolati
1432 2494 1554 2522 mandati
1571 2494 1674 2520 crimen
1689 2500 1703 2520 e
1718 2500 1763 2527 pa-

973 2545 1066 2573 radiso
1092 2543 1252 2579 depulsutn,
1284 2548 1334 2568 nec
1361 2539 1492 2567 mediocri
1526 2537 1764 2565 animadversione

975 2592 1155 2626 castigatum,
1174 2593 1203 2616 ut
1226 2590 1333 2614 aetatem
1358 2593 1435 2613 suam
1455 2589 1586 2620 perpetuo
1608 2583 1708 2610 sudore
1731 2590 1764 2610 ac

974 2637 1070 2664 labore
1091 2634 1257 2668 transigeret
1269 2652 1277 2663 ,
1298 2636 1380 2666 atque
1394 2639 1409 2658 e
1424 2629 1544 2665 paradisi
1560 2629 1671 2664 regione
1684 2627 1765 2661 dege«

974 2687 1030 2714 ret,
1051 2689 1106 2717 quo
1121 2689 1154 2708 ex
1168 2679 1256 2707 felicis
1269 2677 1399 2705 domicilii
1415 2676 1606 2704 recordatione
1618 2675 1764 2701 vehemen-

974 2733 1016 2757 ter
1027 2735 1090 2756 eum
1117 2726 1276 2762 pmniteret;
1292 2724 1375 2757 hunc,
1393 2723 1515 2758 inquam,
1530 2728 1639 2749 servare
1650 2720 1762 2747 minime

1400 2802 1410 2817 ³
1420 2800 1450 2828 F.
1464 2800 1618 2837 εἰρημένον.
1657 2798 1668 2813 ⁴
1679 2796 1709 2825 F.
1720 2794 1766 2825 διὰ

1594 2881 1634 2911 2⁸7
