1964 3047
197 137 249 176 slis

907 146 936 174 S.
957 147 1131 174 EPIPIIANll

1785 148 1845 178 ευ

197 207 328 243 potuerit,
353 213 400 234 aut
424 212 453 234 ιιι
471 205 831 242 potnerit,misericordiam
845 206 870 233 ei
889 206 987 232 nullam

1045 206 1106 233 Ἵνα
1120 205 1168 231 καὶ
1192 205 1306 239 νεκρῶν
1325 206 1373 232 καὶ
1395 205 1509 235 ἄύντων
1525 206 1688 240 κυριεύσῃ;
1707 204 1796 233 Ποίων
1810 205 1840 232 δὲ

197 254 362 282 adhibuerit.
384 254 454 287 Quid
478 254 550 281 enim
569 260 659 280 causa;
676 253 726 279 fuit
747 260 796 279 cur
813 252 940 280 Christus
957 252 989 278 ad

196 300 300 327 inferos
323 307 411 334 usque
439 298 637 330 descenderet;
665 301 713 325 aut
741 297 832 325 triduo
867 298 991 332 sepultus

197 350 260 381 post
292 345 449 381 passionem
474 345 652 379 resurgeret?
667 343 718 377 Qui
737 351 820 379 porro
845 344 918 371 istud
936 344 989 371 im-

197 391 286 426 pletur
303 400 310 418 :
328 389 361 418 dt
382 391 493 417 mortuis
512 391 626 425 vivisque
646 390 795 416 dominetur
816 389 845 415 ‘?
858 389 909 422 Qui
926 393 990 416 sunt

197 437 251 464 vivi
267 436 304 464 illi
321 437 489 471 mortuique,
506 436 558 464 nisi
570 436 615 471 qui
631 439 686 462 tam
711 435 782 462 infra
800 443 883 470 quam
906 443 990 470 supra

197 488 298 511 terram
314 492 365 519 ope
378 484 452 511 illius
467 483 646 518 indigebant?
665 482 784 510 Possunt
801 490 865 510 vero
879 490 940 518 qua:
952 490 987 509 ex

197 537 288 557 massa
308 529 353 556 illa
370 530 497 564 decerpta
521 533 586 555 sunt
611 535 673 556 esse
699 532 793 556 sancta
806 547 813 560 ,
828 528 881 555 nisi
897 535 987 555 massa

1045 251 1152 283 ζώντων
1169 252 1216 278 καὶ
1236 252 1351 288 νεκρῶν⁷
1365 252 1422 279 ἀλλ’
1438 252 1455 287 ἢ
1477 251 1531 278 τῶν
1547 251 1703 287 χρῃζόντων
1723 251 1771 287 τῆς
1789 251 1840 278 αὑ-

1043 297 1090 324 τοῦ
1104 297 1161 324 ἀνω
1178 298 1226 324 καὶ
1242 298 1317 324 κάτω
1331 298 1508 333 ὲπικουρέαςι
1525 298 1587 330 Πῶς
1603 298 1631 324 δὲ
1644 297 1721 324 ἔσται
1733 298 1769 324 τὰ
1782 298 1841 324 ἀπὸ

1045 345 1205 380 φυράματος
1219 343 1294 379 ἅγια,
1309 345 1332 370 εί
1346 344 1411 371 αὐτὸ
1428 345 1459 371 τὸ
1472 344 1585 380 φύραμα
1595 344 1645 371 οὐκ
1657 343 1731 370 ἔστιν
1745 344 1838 378 ἅγιον,

1044 390 1082 422 ὡς
1098 390 1145 417 καὶ
1161 391 1237 426 παρὰ
1251 390 1289 425 τῷ
1301 390 1371 425 ἁγίῳ
1379 390 1532 425 ’Λποστόλῳ
1546 390 1697 425 ἐμφέρεται
1710 398 1718 422 ;
1734 390 1838 416 Φάσκει

1045 436 1099 472 γὰρ
1119 436 1166 463 καὶ
1180 437 1246 472 περὶ
1262 435 1334 468 Εὔας
1350 437 1365 462 ὁ
1389 436 1469 468 αὐτὸς
1485 436 1643 468 ἀπόστολος,
1675 436 1716 463 ὅτι
1732 435 1837 470 Σωθή-

1041 490 1125 509 σεται
1153 482 1202 509 διὰ
1231 481 1285 515 τῆς
1312 482 1518 517 τεκνογονίας,
1547 482 1601 509 ἐὰν
1630 482 1778 516 μείνωσιν
1802 481 1839 508 ἐν

1040 528 1140 555 πίστει
1156 528 1204 555 καὶ
1221 528 1411 563 δικαιοσύνῃ.

196 577 255 612 ipsa
270 577 306 604 sit
321 582 415 604 sancta
428 598 434 609 ,
451 580 480 604 ut
493 576 564 611 apud
577 580 701 603 sanctum
719 576 881 611 Apostolum
896 576 1030 611 legimus?
1043 575 1094 608 Qui
1110 575 1144 604 de
1174 575 1229 603 Eva
1247 576 1362 611 loquens
1379 586 1385 603 :
1403 575 1566 608 Saluabitur,
1592 575 1690 610 inquit,
1712 583 1758 609 per
1771 574 1838 601 libe-

197 632 289 651 rarum
313 623 525 659 generationem;
540 622 562 648 si
577 622 604 648 in
620 621 673 656 ﬁde
687 630 718 648 ac
727 622 838 656 justitia
853 622 1048 656 permanserint
1062 622 1080 649 ’.

231 669 276 697 ιν.
302 668 447 696 lnnumera
471 671 535 694 sunt
557 674 617 702 qua:
639 667 674 694 de
702 666 798 694 eodem
825 670 987 702 argumento

195 712 331 747 disputari
363 715 479 747 possunt
505 721 510 739 :
535 719 567 739 ex
592 711 694 747 quibus
723 712 850 747 prudenti
876 712 990 739 cuilibet

195 762 337 793 comperta
360 765 422 786 esse
438 761 528 792 potest
549 756 668 791 Tatiani,
687 756 922 792 Tatianorumque
946 761 988 784 te-

195 805 314 832 meraria
334 804 544 840 blasphemaudi
569 804 690 837 licentia,
708 804 847 839 animique
869 803 987 830 caecitas.

196 849 235 877 De
248 850 398 885 quibusita
414 850 532 877 breviter
546 849 740 881 disseruimus,
758 854 789 877 ut
809 850 918 877 illorum
933 850 991 877 vel-

1074 667 1110 693 A'.
1132 666 1188 693 Καὶ
1205 666 1290 693 πολλὰ
1305 666 1362 693 ἔστι
1379 666 1443 702 περί
1462 665 1563 692 τούτων
1577 665 1677 700 λέγειν,
1693 665 1731 696 ὠς
1751 665 1838 691 παντὶ

1037 712 1077 748 τῷ
1091 712 1198 739 σύνεσιν
1213 711 1374 747 κεκτημένῳ
1388 712 1537 746 φανήσεται
1553 712 1570 747 ἡ
1592 712 1736 747 πρίχειρος
1753 710 1837 745 βλασ-

1038 758 1138 793 φημία,
1165 759 1213 784 καὶ
1233 757 1407 794 ἐσκοτωμένη
1436 757 1541 784 διάνοια.
1566 757 1614 784 τοῦ
1623 756 1768 783 ’Τατιανοῦ
1787 757 1837 784 καὶ

1038 804 1092 831 τῶν
1125 805 1172 831 ἀπ’
1203 804 1287 830 αὐτοῦ
1319 803 1459 831 Τατιανῶν
1489 803 1673 838 καλουμένων.
1699 803 1768 838 Περὶ
1796 800 1836 830 ὧν

1042 851 1183 887 συντόμως
1198 850 1389 884 διεξελθόντες,
1406 851 1441 878 τὰ
1456 852 1516 877 κατ’
1539 851 1637 882 αὐτοὺς
1653 849 1773 885 βλαϐερὰ
1787 849 1836 876 καὶ

195 898 226 924 ut
246 897 366 923 culicum
390 896 482 923 noxiis
506 897 656 928 morsibus,
681 897 802 924 adhibita
824 897 858 924 iis
877 897 924 932 qui
943 897 987 924 icti

1045 897 1183 924 κωνώπων
1204 897 1282 933 δίκην
1307 897 1443 933 δήγματα,
1472 896 1562 923 ἐλαίου
1591 895 1691 931 ἰκμάδα
1709 895 1758 930 τῆς
1785 894 1837 921 τοῦ

194 942 304 970 fuerant
324 942 433 979 Domini
458 942 595 975 doctrina,
617 946 750 978 tanquam
771 942 823 969 olei
847 941 991 976 cujusdam

195 989 278 1022 illitu,
305 988 468 1016 medicinam
492 988 656 1021 fecerimus,
683 988 758 1015 illius
783 987 899 1015 veritate
910 987 992 1023 39E,

195 1043 227 1062 ac
253 1035 375 1070 potentia
403 1034 487 1067 freti,
514 1035 561 1069 qui
589 1034 683 1062 dixit:
704 1033 767 1060 Non
794 1034 852 1061 veni
879 1034 931 1060 nisi
957 1034 991 1060 ad

196 1090 254 1109 oves
278 1089 337 1116 quae
364 1082 497 1116 perierant
522 1081 616 1108 domus
646 1080 766 1108 Israel'.
795 1079 874 1107 Unde
904 1083 931 1107 et
963 1081 990 1106 in

196 1127 325 1162 parabola
353 1127 421 1155 dixit
442 1137 447 1154 :
469 1126 556 1154 Homo
578 1127 686 1163 quidam
712 1125 846 1153 descendit
867 1125 900 1151 ab
928 1125 992 1152 Hie-

196 1172 313 1200 rusalem
346 1173 374 1199 in
401 1171 508 1199 Iericho
535 1173 564 1199 δι
587 1180 667 1207 quem
704 1173 731 1198 in
765 1171 886 1198 latrones
920 1170 989 1197 inci-

196 1218 272 1246 disse
293 1219 434 1250 narrahat.
461 1224 489 1245 ut
509 1223 535 1245 et
554 1225 642 1250 Ovem,
667 1221 694 1245 et
719 1217 857 1244 hominem
883 1217 930 1252 qui
956 1216 990 1243 ab

197 1265 368 1293 l’lerusalcm
395 1265 424 1292 in
447 1264 558 1291 Jericho
583 1263 774 1295 descenderat,
800 1263 876 1290 illum
899 1263 988 1298 ipsum

197 1314 309 1338 duceret
332 1318 405 1342 esse,
422 1311 468 1346 qui
484 1310 518 1337 ab
542 1310 668 1345 ampliori
684 1309 818 1344 dignitate
839 1309 987 1339 ceciderat,

197 1362 224 1385 et
243 1358 276 1384 ab
294 1365 348 1384 uno
364 1357 482 1392 pastoris
494 1356 537 1384 sui
552 1355 683 1383 mandato
698 1355 823 1382 divulsus
838 1358 988 1382 erraverat.

196 1402 236 1429 Ex
254 1409 308 1437 quo
327 1406 453 1429 sanctum
466 1400 600 1428 Adamum
618 1404 759 1435 parentem
774 1404 901 1427 nostrum
917 1400 990 1426 inter

195 1449 274 1476 vivos
287 1455 475 1480 numeramus,
493 1451 604 1483 propter
620 1454 700 1482 quem
714 1450 740 1474 et
754 1454 804 1474 nos
818 1454 914 1474 omnes
928 1446 989 1481 ejus

196 1501 323 1531 posteros
348 1495 475 1522 Christus
499 1494 619 1525 advenit,
638 1497 668 1521 ut
688 1493 721 1521 iis
743 1493 791 1529 qui
812 1493 902 1528 ipsum
922 1492 988 1520 olim

196 1545 392 1577 cogn0verant,
412 1548 463 1568 nec
478 1548 493 1567 a
507 1540 651 1568 divinitate
666 1540 726 1575 ejus
742 1540 948 1572 abcrraveranl,
962 1543 989 1567 et

196 1588 233 1615 ob
249 1587 381 1614 nonnulla
396 1586 497 1614 delicta
512 1593 561 1614 sua
577 1586 648 1621 apud
665 1586 768 1614 inferos
784 1586 987 1618 detinebantur,

196 1634 362 1668 injuriarum
386 1632 553 1660 oblivionem
570 1631 742 1663 concederet,
760 1639 876 1667 eamque
890 1636 916 1659 et
941 1632 990 1658 ad-

196 1682 252 1709 buc
269 1680 425 1708 viventibus
446 1686 494 1714 per
513 1678 713 1713 pmiiitentiam,
738 1682 765 1705 et
798 1678 869 1712 apud
886 1677 989 1706 inferos

197 1727 361 1763 degentibus
373 1733 421 1761 per
435 1723 655 1752 misericordiam
665 1731 698 1751 ac
713 1724 829 1751 salutem
845 1724 988 1751 tribueret.

234 1815 267 1842 V.
290 1815 338 1843 Est
353 1814 476 1850 proiecto
498 1812 571 1848 quod
592 1812 754 1848 iutelligenti
773 1813 873 1840 mirum
895 1812 989 1840 videa-

196 1867 252 1895 tur,
276 1861 303 1889 id
331 1860 404 1896 quod
430 1868 445 1888 e
473 1859 606 1887 librorum
632 1859 806 1887 monimentis
829 1859 987 1892 didicimus,

195 1909 343 1937 Dominum
368 1911 493 1935 nostrum
514 1906 606 1934 Jesum
626 1905 766 1933 Christum
797 1905 824 1932 in
856 1905 988 1941 Golgotha

195 1965 258 1984 esse
277 1954 450 1987 cruciﬁxum,
472 1953 602 1980 nimirum
624 1952 652 1979 in
668 1959 701 1979 eo
719 1951 893 1987 potissimum
915 1952 987 1985 loco,

194 2001 224 2029 in
241 2006 297 2036 quo
310 1999 407 2026 Adami
428 2005 529 2032 corpus
540 1998 654 2032 jaceret.
671 1995 721 2024 Hic
740 1998 813 2025 enim
829 2005 845 2024 e
861 1998 988 2033 paradiso

196 2047 364 2083 digrediens,
377 2045 423 2072 diu
441 2052 475 2073 ex
491 2045 608 2071 adverso
628 2043 702 2071 illius
721 2043 863 2071 habitavit.
885 2044 988 2073 Deinde

194 2094 277 2129 longo
291 2097 385 2128 postea
407 2095 529 2127 tempore
544 2092 571 2118 in
594 2090 680 2123 illum,
692 2098 772 2126 quem
788 2091 843 2118 dixi
859 2090 988 2119 Hieroso-

195 2139 343 2174 iymorum,
360 2137 450 2164 locum
476 2135 600 2168 secessit,
631 2135 679 2164 ubi
702 2140 729 2163 et
755 2136 810 2163 vita
834 2135 945 2164 functus
960 2137 986 2164 in

194 2184 330 2220 Golgotha
349 2183 473 2219 sepultus
489 2186 542 2209 cst.
561 2182 620 2215 Qua
633 2189 666 2209 ex
679 2189 709 2208 re
722 2182 820 2209 merito
837 2182 915 2210 locus
929 2183 987 2219 ipse

194 2238 295 2259 nomen
315 2229 438 2264 accepit,
466 2232 496 2255 ut
516 2228 642 2255 caluariae
664 2227 869 2262 interpretando
882 2227 986 2256 dicere-

195 2283 250 2305 tur.
263 2276 349 2312 Cujus
362 2274 553 2311 appellationis
572 2273 646 2300 nulla
665 2272 693 2299 in
707 2280 740 2300 eo
757 2274 817 2300 loco
835 2273 987 2302 similitudo

194 2324 327 2352 cernitur.
345 2321 412 2350 Nam
427 2328 477 2349 nec
491 2321 518 2348 in
534 2320 605 2347 clivo
616 2319 709 2354 aliquo
724 2319 793 2347 situs
811 2324 864 2351 est,
881 2323 910 2347 ut
922 2327 987 2355 pro-

194 2375 289 2407 pterea
316 2369 442 2397 calt-urire
466 2366 600 2395 vocabulo
622 2365 801 2393 nominetur:
830 2366 986 2401 cujusmodi

194 2416 293 2451 capitis
316 2417 343 2442 in
361 2415 482 2442 humano
495 2419 610 2447 corpore
629 2411 709 2439 sedes
729 2416 786 2446 est;
807 2420 896 2447 neque
919 2414 986 2448 ligu-

195 2470 254 2490 ram
272 2462 353 2489 habet
364 2461 444 2488 editae
467 2459 620 2494 cuiuspiam
635 2458 770 2493 speculae;
785 2466 816 2486 ac
832 2467 866 2486 ne
880 2461 986 2488 caeteris

194 2507 305 2544 quidem
341 2506 600 2540 circumiacentibus
629 2505 697 2532 locis
724 2505 806 2532 altius
832 2507 985 2541 consurgit.

193 2555 301 2590 Quippe
326 2561 358 2581 ex
377 2553 492 2580 adverso
516 2555 558 2578 est
573 2550 671 2578 Olivoti
689 2558 768 2578 mons
794 2551 911 2585 editior;
937 2553 985 2580 sed

229 2634 238 2650 ¹
254 2633 336 2661 Rom.
348 2640 404 2664 ιιν,
420 2632 448 2660 9.
496 2632 506 2646 ‘
520 2630 531 2657 ι
545 2631 616 2659 Tim.
633 2639 663 2665 ιι,
685 2632 729 2660 l5.

229 2699 285 2735 (35)
306 2699 430 2725 Ἕνεκεν
446 2697 480 2735 δὲ
500 2697 686 2735 σφαλμάτων
706 2698 741 2724 ὲν
765 2697 984 2735 ᾅδῃ-»Νοιιιιιίίιι

194 2732 340 2771 Epiphanii
355 2734 508 2771 sententia:
525 2737 630 2760 veteres
645 2732 741 2760 Patres
755 2732 819 2760 ante
830 2732 982 2771 Christum,

193 2768 334 2806 qui'salva
352 2769 404 2796 (ide
424 2772 619 2806 peccaverant,
632 2773 776 2806 propterea
794 2769 865 2803 apud
880 2768 983 2796 inl‘eros

195 2803 320 2834 detentos
336 2811 408 2835 esse,
425 2805 512 2831 donec
529 2811 544 2830 a
555 2803 666 2830 Christo
683 2804 876 2830 liberarentur.

231 2841 287 2875 (94)
305 2840 353 2875 Διρ
372 2839 421 2866 καὶ
443 2838 593 2873 θαυμάσαι
606 2839 672 2865 ἐστι
685 2838 857 2875 τρνλεὶδότα.
879 2837 983 2875 Tritum

193 2873 384 2913 de‘GOlgotha}
404 2874 461 2903 sive
477 2874 608 2902 Calvarize
621 2873 802 2908 appellatione
818 2874 983 2902 sententiain

1044 943 1148 979 Κυρίου
1171 943 1346 975 διδασκαλίας
1369 944 1426 974 τοῖς
1450 942 1624 977 δεδηγμένοις
1644 942 1697 968 ὑπὸ
1710 941 1765 967 τῶν
1781 940 1838 966 Τα-

1044 990 1135 1017 τιανοῦ
1161 990 1247 1024 λόγων
1275 989 1447 1025 ἐπιθέμενοι,
1476 988 1611 1024 ἰασάμεθα
1641 987 1685 1014 διὰ
1710 988 1759 1024 τῆς
1787 987 1836 1014 τοῦ

1043 1036 1145 1071 Κυρίου
1162 1036 1298 1071 ἀληθείας,
1317 1037 1365 1063 καὶ
1379 1036 1520 1072 δυνάμεως
1536 1035 1618 1062 αὑτοῦ
1641 1035 1778 1070 λέγοντος,
1793 1035 1837 1062 ὅτι

1045 1083 1105 1108 Οὐκ
1120 1080 1216 1116 ἦλθον
1231 1083 1256 1108 εὶ
1277 1081 1321 1116 μὴ
1345 1083 1388 1114 εὶς
1405 1081 1438 1108 τὸ
1454 1081 1603 1115 πρόϐατον
1626 1080 1660 1107 τὸ
1676 1082 1835 1114 πεπλανη-

1039 1129 1135 1163 μένον
1152 1128 1237 1155 οἴκου
1261 1128 1394 1162 Ἰσραήλ.
1413 1128 1458 1154 Διὸ
1474 1128 1522 1154 καὶ
1539 1129 1568 1154 ἐν
1588 1127 1754 1163 παραϐολαῖς
1777 1127 1838 1154 ἐλε-

1042 1183 1098 1208 γεν,
1130 1175 1171 1201 ὅτι
1188 1175 1360 1209 Ἄνθρωπός
1376 1183 1421 1208 τις
1444 1174 1619 1201 κατέϐαινεν
1636 1174 1696 1201 ἀπὸ
1722 1174 1836 1208 Ἰερου-

1041 1220 1146 1254 σαλὴμ
1164 1221 1207 1253 εἰς
1228 1220 1356 1255 Ἰεριχώ·
1374 1220 1403 1247 ὃν
1424 1219 1457 1255 δὴ
1480 1220 1527 1246 καὶ
1544 1220 1656 1256 λῃσταῖς
1674 1221 1836 1255 περιπεσεῖν

1041 1266 1170 1301 διηγεῖτο,
1185 1266 1229 1292 ἵνα
1242 1265 1315 1302 δείξῃ
1334 1266 1364 1293 τὸ
1381 1265 1527 1302 πρόϐατον,
1546 1267 1593 1293 καὶ
1608 1266 1654 1293 τὸν
1667 1265 1721 1293 ἀπὸ
1737 1266 1838 1301 Ἰερου-

1043 1313 1133 1348 σαλὴμ
1147 1313 1365 1349 καταδεδηκότα,
1383 1313 1428 1339 τὸν
1445 1313 1500 1340 ἀπὸ
1518 1313 1567 1349 τῆς
1581 1313 1660 1348 δόξης
1674 1313 1723 1349 τῆς
1738 1314 1836 1349 μείζοο

1042 1367 1086 1390 νος
1112 1360 1153 1390 εἰς
1176 1358 1323 1386 ἐλάττωσιν
1342 1359 1548 1394 κατενεχθέντα,
1575 1359 1623 1386 καὶ
1645 1359 1691 1386 τὸν
1707 1358 1761 1385 ἀπὺ
1783 1360 1836 1394 τῆς

1043 1407 1107 1442 μιᾶς
1121 1406 1232 1441 ἐντολῆς
1247 1405 1294 1433 τοῦ
1320 1406 1385 1433 ἰδίου
1400 1406 1528 1441 ποιμένος
1549 1406 1760 1433 ἀποσπασθέντα
1785 1415 1836 1432 και

1042 1452 1267 1487 πεπλανημένον·
1291 1451 1351 1478 ὅθεν
1370 1453 1416 1478 καὶ
1439 1452 1484 1478 τὸν
1510 1451 1588 1486 ἅγιον
1609 1451 1694 1487 Ἀδὰμ
1718 1452 1763 1478 τὸν
1781 1461 1836 1478 πα-

1040 1497 1107 1532 τέρα
1122 1497 1150 1523 ὲν
1176 1496 1242 1529 ζῶσι
1259 1498 1498 1532 πεπιστεύκαμεν·
1525 1497 1560 1523 δι’
1584 1496 1613 1523 ὂν
1629 1498 1673 1524 καλ
1698 1497 1761 1528 τοὺς
1785 1497 1836 1524 ἀπ’

1042 1543 1125 1570 αὐτοῦ
1142 1543 1215 1578 ἡμᾶς
1240 1543 1344 1575 πάντας
1364 1543 1481 1579 Χριστὸς
1505 1541 1581 1579 ἦλθε,
1602 1545 1658 1575 τοῖς
1685 1544 1735 1578 μὲν
1749 1543 1837 1570 πάλαι

1043 1589 1125 1616 αὐτὸν
1139 1589 1313 1624 γινώσκουσι,
1335 1590 1382 1616 καὶ
1403 1590 1441 1625 μὴ
1456 1590 1634 1625 πλανηθεῖσιν
1648 1590 1702 1617 ἀπὸ
1720 1591 1769 1627 τῆς
1785 1592 1838 1618 αὑ-

1044 1635 1089 1662 τοῦ
1099 1636 1235 1671 Θεότητος.
1253 1635 1346 1663 ἕνεκεν
1362 1636 1391 1663 δὲ
1407 1637 1571 1672 σφαλμάτων
1585 1637 1614 1663 ὲν
1629 1636 1679 1673 ᾄδῃ
1697 1637 1752 1673 (93)
1768 1647 1837 1665 κατ-

1042 1681 1202 1717 εσχημένοις
1217 1682 1369 1717 ἀμνηστίαν
1398 1681 1579 1718 χαρίσασθαι·
1602 1684 1659 1713 τοῖς
1682 1683 1731 1718 μὲν
1749 1683 1789 1710 ἑτι
1805 1685 1836 1710 ὲν

1041 1727 1137 1762 κόσμῳ
1153 1727 1196 1753 διὰ
1216 1727 1369 1762 μετανοίας,
1386 1729 1442 1760 τοῖς
1463 1728 1491 1754 δὲ
1514 1729 1542 1754 ἐν
1563 1727 1613 1764 ᾄδῃ
1629 1728 1662 1754 δι’
1679 1727 1770 1760 ἐλέους
1787 1730 1836 1756 καὶ

1042 1773 1189 1809 σωτηρίας.

1075 1818 1114 1845 E'.
1134 1819 1180 1845 Διὸ
1194 1819 1241 1846 καὶ
1256 1819 1395 1855 θαυμάσαι
1411 1819 1470 1846 ἔστι
1486 1820 1532 1847 τὸν
1550 1819 1639 1847 εἰδότα
1652 1820 1720 1856 (94),
1735 1821 1774 1853 ὡς
1785 1823 1835 1848 καὶ

1040 1865 1070 1891 ὲν
1091 1864 1191 1900 βίϐλοις
1218 1866 1395 1901 ηὑρήκαμεν,
1418 1865 1464 1892 τὸν
1487 1866 1590 1902 Κύριον
1619 1866 1697 1902 ἡμῶν
1729 1867 1835 1903 Ἰησοῦν

1040 1910 1156 1946 Χριστὸν
1173 1911 1202 1937 ὲν
1223 1911 1262 1946 τῷ
1280 1910 1299 1937 Γ
1300 1911 1399 1947 ολγοθᾷ
1412 1911 1610 1948 ἐσταυρῶσθαι,
1627 1913 1678 1939 οὐκ
1694 1912 1762 1950 ἄλλῃ
1781 1923 1834 1940 που

1039 1956 1097 1982 ἀλλ’
1119 1956 1135 1992 ἢ
1161 1956 1226 1983 ἔνθα
1246 1956 1335 1983 ἔκειτο
1354 1958 1385 1984 τὺ
1408 1958 1454 1984 τοῦ
1483 1958 1567 1994 Ἀδὰμ
1588 1959 1678 1995 σῶμα.
1701 1959 1835 1993 Ἐξελθὼν

1039 2003 1094 2038 γὰρ
1115 2003 1147 2029 ὲκ
1165 2002 1213 2029 τοῦ
1240 2003 1416 2039 παραδείσου,
1443 2005 1489 2031 καὶ
1503 2005 1674 2041 κατῳκηκὼς
1688 2005 1835 2033 κατέναντι

1039 2048 1121 2075 αὑτοῦ
1137 2048 1226 2084 πολλῷ
1239 2048 1279 2084 τῷ
1292 2049 1390 2085 χρόνῳ,
1407 2051 1454 2077 καὶ
1468 2050 1512 2077 διὰ
1537 2050 1641 2077 πολλῶν
1654 2051 1708 2078 τῶν
1721 2052 1835 2088 ἡμερῶν

1039 2094 1159 2127 διελθὼν,
1182 2094 1296 2131 ὕστερον
1311 2093 1377 2131 ἦλθε
1397 2095 1446 2122 καὶ
1462 2097 1491 2122 ὲν
1511 2095 1552 2131 τῷ
1567 2097 1641 2132 τόπῳ
1665 2097 1762 2132 τούτῳ,
1783 2098 1834 2124 Ἰε-

1028 2136 1197 2177 ροσολύμων
1222 2140 1251 2167 δέ
1280 2150 1362 2177 φημι,
1388 2142 1420 2168 τὺ
1447 2141 1536 2178 χρεὼν
1563 2143 1758 2175 ἀποδεδωκὼς,
1785 2145 1836 2170 καὶ

1039 2187 1128 2213 ἐκεῖσε
1144 2186 1230 2222 ἐτάφη
1245 2188 1274 2214 ὲν
1289 2187 1329 2222 τῷ
1343 2187 1417 2223 τόπῳ
1428 2187 1466 2223 τῷ
1481 2188 1608 2224 Γολγοθᾷ.
1624 2188 1706 2216 Ὅθεν
1719 2189 1835 2222 εἰκότως

1003 2244 1026 2273 D
1039 2232 1069 2258 τὺ
1085 2231 1229 2268 ἐπώνυμον
1246 2233 1260 2259 ὁ
1278 2234 1360 2265 τόπος
1381 2233 1455 2269 ἔσχε,
1473 2235 1599 2269 κρανίου
1615 2235 1835 2271 ἑρμηνευόμενος

1041 2278 1133 2311 τόπος,
1147 2275 1180 2313 ἧς
1193 2279 1340 2314 ὀνομασίας
1354 2279 1384 2306 τὸ
1399 2280 1491 2315 σχῆμα
1514 2279 1560 2307 τοῦ
1584 2281 1667 2307 τόπου
1683 2281 1835 2316 ἐμφέρειαν

1041 2334 1100 2351 τινα
1116 2325 1165 2360 οὐχ
1177 2325 1375 2353 ὑποδείκνυσιν.
1388 2326 1456 2353 Οΰτε
1468 2327 1522 2362 γὰρ
1537 2327 1566 2353 ἐν
1578 2327 1651 2363 ἄκρᾳ
1663 2328 1716 2354 τινὶ
1732 2329 1833 2356 κεῖται.

1040 2371 1083 2397 ἴνα
1109 2371 1233 2404 κρανίον
1243 2371 1322 2398 τοῦτο
1346 2372 1545 2408 ἑρμηνεύηται,
1573 2373 1611 2404 ὡς
1638 2374 1684 2400 ἐπὶ
1706 2373 1834 2409 σώματος

1040 2416 1145 2452 κεφαλὴ
1160 2417 1242 2449 τόπος
1254 2417 1373 2452 λέγεται,
1391 2418 1452 2445 οὔτε
1478 2420 1609 2451 σκοπιᾶς·
1633 2421 1681 2446 καὶ
1698 2420 1753 2456 γὰρ
1769 2420 1833 2447 οὔτε

1040 2463 1068 2489 ἐν
1084 2462 1145 2497 ὕψει
1159 2465 1248 2490 κεῖται
1271 2464 1347 2500 παρὰ
1367 2465 1430 2496 τοὺς
1442 2465 1538 2496 ἄλλους
1556 2465 1666 2498 τόπους.
1684 2467 1833 2502 Ἀντικρυς

1039 2508 1094 2544 γάρ
1119 2510 1177 2535 ἐστι
1204 2509 1234 2535 τὸ
1259 2509 1306 2536 τοῦ
1335 2509 1479 2542 Ἐλαιῶνος
1504 2511 1566 2546 ὅρος
1588 2511 1763 2548 ὑψηλότερον,
1784 2514 1832 2539 καὶ

1039 2554 1094 2580 ἀπὸ
1110 2555 1232 2590 σημείων
1247 2555 1319 2582 ὀκτὼ
1333 2557 1349 2591 ἡ
1367 2556 1486 2593 Γαϐαὼμ
1502 2557 1667 2595 ὑψηλοτάτη.
1690 2558 1768 2586 Ἀλλὰ
1783 2561 1832 2586 καὶ

767 2632 778 2647 ³
797 2631 893 2659 Matth.
909 2640 954 2664 xv,
967 2632 1012 2660 2:1.
1050 2633 1060 2649 δ
1075 2634 1142 2661 Luc.
1160 2642 1186 2667 x,
1205 2634 1239 2662 50
1251 2642 1312 2670 sqq.

1035 2699 1170 2741 sequitur,
1187 2704 1217 2741 ut
1231 2701 1265 2741 a_b
1280 2700 1377 2741 adituri
1391 2703 1657 2741 sepulto_cadavere,
1683 2712 1715 2732 ac
1733 2706 1832 2733 cranio

1034 2735 1152 2775 deducta
1172 2736 1217 2763 sit.
1233 2737 1268 2775 At
1281 2737 1400 2772 Cyrillus
1413 2735 1594 2775 pcatechrxnt
1613 2735 1772 2774 prophetico
1789 2742 1831 2769 sic

1034 2777 1049 2796 a
1066 2771 1177 2810 Christo
1191 2771 1362 2810 nominatum
1376 2773 1603 2810 existimatrhuuc
1613 2771 1721 2807 iocum,
1731 2777 1827 2810 quod,

1033 2810 1064 2832 ut
1087 2807 1124 2833 ait
1142 2806 1311 2842 ApOStolus,
1336 2813 1418 2842 caput
1438 2809 1489 2836 viri
1506 2809 1543 2836 sit
1559 2806 1824 2842 Christus,'Christi

1035 2844 1124 2869 autem
1139 2841 1211 2870 Deus
1227 2842 1251 2873 (1
1266 2842 1329 2870 Cor.
1344 2841 1382 2875 xi,
1397 2843 1435 2878 5).
