1964 3047
139 165 192 194 845

617 162 800 190 ADVERSUS
816 161 986 190 ll/EBESES
1005 162 1070 191 LlB.
1093 163 1125 191 ll.
1144 164 1226 192 TOM.
1247 165 1268 192 l.

1709 165 1762 194 846

139 222 245 259 ήιᾶκρα
259 223 275 256 ἡ
294 221 358 248 ποτὲ
371 220 531 256 ὑπάρχουσα
545 221 574 247 ἐν
587 220 667 251 Σιὼν,
679 219 727 246 νῦν
740 220 768 246 δὲ
782 218 927 255 τμηθεῖσα,

991 228 1007 246 ιι
1023 221 1118 254 primis
1138 221 1241 249 arduus
1265 225 1308 248 est
1321 221 1459 250 Gabaonis
1479 229 1557 250 mons
1581 226 1678 250 octavo
1703 222 1766 250 inde

141 269 188 296 καὶ
202 267 271 303 αὐτὴ
286 266 438 302 ὑψηλοτέρα
453 267 560 301 ὑπῆρχε
573 265 621 292 τοῦ
635 265 727 292 τόπου.
752 265 836 292 Πόθεν
851 262 897 291 οὖν
912 266 928 300 ὴ

141 314 284 349 ἐπωνυμία
309 313 356 340 τοῦ
370 313 518 348 κρανίου;
547 311 614 338 Ἀλλ’
639 311 733 346 ἐπειδὴ
758 310 805 338 τοῦ
825 319 930 346 πρωτο-

141 361 261 387 πλάστου
285 358 428 394 ἀνθρώπου
453 359 511 384 ἐκεῖ
534 357 565 384 τὸ
592 357 703 394 κρανίον
728 357 857 393 εὓρηται,
885 357 930 383 καὶ

142 407 201 434 ἐκεῖ
215 406 246 432 τὺ
266 405 391 440 λείψανον
411 404 579 436 ὲναπέκειτο,
595 403 689 430 τούτου
712 404 792 430 ἕνεκα
807 403 930 438 κρανίου

91 486 96 491 η
142 452 222 483 τόπος
235 451 401 486 ἐπεκέκλητο
410 459 417 466 ·
431 451 474 484 ἐφ’
487 448 518 477 οὗ
533 449 697 485 σταυρωθεὶς
711 451 726 476 ὁ
741 449 840 484 Κύριος
852 448 931 484 ἡμῶν

149 496 252 532 Ἰησοῦς
272 495 398 531 Χριστὸς,
415 495 460 522 διὰ
477 495 524 522 τοῦ
541 494 683 530 ρεύσαντος
699 495 746 521 ἀπ’
770 494 853 521 αὑτοῦ
870 493 932 520 ὓδα-

143 551 188 574 τος
203 538 258 569 καὶ“
268 542 394 576 αἵματος,
419 541 463 567 διὰ
481 541 529 576 τῆς
549 541 693 576 νυχοείσης
707 541 789 568 αὐτοῦ
801 540 930 576 πλευρᾶς,

142 587 351 624 αἰνιγματωδῶς
384 586 468 619 ἔδειξε
488 587 537 622 τὴν
555 587 633 622 ἡμῶν
648 586 794 622 σωτηρίαν,
816 586 869 613 ἀπὸ
884 587 933 621 τῆς

143 634 232 669 ἀρχῆς
253 633 300 659 τοῦ
323 632 483 667 φυράματος
508 631 659 666 ἀρξάμενος
674 631 808 667 ραντίζειν
822 631 857 658 τὰ
881 631 932 657 λεί-

142 679 216 714 ψανα
239 677 286 704 τοῦ
310 677 491 713 προπάτορος,
517 677 561 704 ἵνα
583 677 630 704 καὶ¹
651 678 716 712 ἡμῖν
741 677 867 712 ὑποδείξῃ
887 678 933 703 τὸν

146 723 294 760 ῥαντισμὸν
319 723 366 749 τοῦ
398 722 481 749 αὐτοῦ
503 723 634 757 αἳματος,
661 723 704 754 εἰς
728 722 860 758 κάθαρσιν
884 723 934 757 τῆς

145 769 223 804 ἡμῶν
245 768 397 800 κοινώσεως
420 769 466 795 καὶ⁴
491 768 580 803 ψυχῆς
610 769 810 804 μετανοοὺσης.
825 769 873 795 καὶ
895 769 935 801 εἰς

145 816 298 851 ὑπόδειγμα
323 815 466 850 φυράσεως
497 815 544 842 καὶ
571 814 742 850 καθαρισμοῦ
773 815 858 850 ῥύπου
881 815 935 841 τῶν

145 861 287 898 ἡμετέρων
302 861 509 897 ἁμαρτημάτων
523 861 676 896 γενόμενον,
689 861 720 887 τὸ
737 861 851 896 ἐκχυθὲν
864 860 935 896 ὕδωρ

146 908 193 934 ἐπὶ
214 908 259 934 τὸν
284 907 462 942 ὑποκείμενον
476 907 516 942 τῷ
536 907 621 942 τόπῳ,
647 907 694 934 καὶ
707 907 877 942 τεθαμμένον
898 907 937 938 εἰς
953 901 974 929 Β

146 952 243 980 ἐλπίδα
267 952 348 979 αὑτοῦ
368 961 397 979 τε
424 952 469 978 καὶ
486 951 566 987 ἡμῶν
580 951 634 978 τῶν
657 951 688 984 ἐξ
707 951 789 978 αὑτοῦ
809 960 934 986 γεγεννη-

149 997 246 1034 μένων.
261 998 307 1024 Διὺ
330 997 376 1024 καὶ
398 997 513 1023 ἐνταῦθα
538 996 690 1032 ἐπληροῦτο
714 997 744 1023 τὺ
771 997 932 1033 εἰρημένον·

149 1044 276 1078 Ἔγειρε,
290 1044 306 1070 ό
323 1043 485 1075 καθεύδων,
499 1042 545 1068 καὶ
559 1043 677 1070 ἀνάστα
690 1042 724 1069 ἐκ
738 1042 798 1069 τών
810 1042 935 1077 νεκρῶν,

147 1089 196 1116 καὶ
220 1089 379 1123 ἐπιφαύσει
401 1095 450 1115 σοι
475 1089 492 1115 ό
513 1089 650 1122 Χριστός.
672 1089 704 1115 ΕΙ
726 1088 780 1124 γὰρ
800 1089 847 1116 καὶ
872 1089 937 1123 περὶ

148 1134 227 1170 ἡμῶν
238 1134 313 1168 λέγει
334 1133 388 1160 τῶν
407 1134 616 1169 νενεκρωμένων
629 1135 685 1165 τοῖς
700 1133 800 1169 ἔργοις,
817 1134 864 1160 καὶ
883 1134 936 1160 τῶν

149 1180 332 1207 καθευδόντων
344 1181 373 1206 ἐν
392 1180 468 1215 βάθει
492 1180 575 1207 ὕπνου
590 1180 640 1214 τῆς
655 1180 790 1214 ἀγνωσίας
800 1189 806 1195 ·
821 1180 878 1206 ἀλλ’
891 1176 937 1207 οὗν

149 1235 181 1261 γε
196 1227 300 1253 ἐκεῖθεν
314 1227 330 1262 ἡ
345 1227 478 1262 ἀρχὴτῆς
492 1225 616 1258 αἰνίξεως
631 1225 752 1261 περιέχει
767 1226 812 1252 τὸν
826 1226 936 1261 τρόπον,

150 1273 197 1300 καὶ
221 1273 270 1307 οὐχ
287 1272 390 1303 ἁπλῶς,
411 1272 470 1298 οὐδὲ
497 1272 606 1308 ἀργῶςο
632 1271 758 1305 Ἀνέστη
775 1272 842 1306 γὰρ,
859 1272 937 1306 φησὶ,

150 1319 250 1346 πολλὰ
259 1318 382 1353 σώματα
395 1317 454 1344 τῶν
464 1317 554 1352 ἁγίων
580 1317 628 1350 (ὡς
641 1317 697 1352 ἔχει
709 1317 739 1343 τὺ
752 1317 938 1351 Εὐαγγέλιον),

151 1365 201 1391 καὶ
225 1364 371 1397 εὶσῆλθον
392 1363 453 1390 σὺν
479 1362 560 1395 αὑτῷ
581 1364 626 1396 εἱς
653 1363 710 1397 τὴν
723 1363 812 1398 ἁγίαν
838 1363 938 1394 πόλιν,

151 1410 200 1437 καὶ
212 1410 246 1436 τὰ
259 1409 332 1444 ἑξῆς.

981 265 1071 300 lapide
1083 267 1199 294 distans.
1224 267 1366 295 Postremo
1382 268 1469 296 clivus
1493 269 1574 296 etiam
1600 268 1656 300 ille,
1671 268 1718 302 qui
1739 269 1765 296 in

982 311 1064 338 Sione
1077 312 1216 346 quondam
1228 312 1345 344 exstitit,
1362 312 1408 340 sed
1421 313 1529 340 excisus
1552 313 1632 340 hodie
1648 317 1701 345 est,
1716 313 1768 340 fuit

980 356 1120 392 Golgotha:
1133 357 1180 384 illo
1196 357 1257 384 loco
1277 357 1429 385 sublimior.
1444 357 1586 385 Undenam
1602 359 1683 394 igitur
1709 359 1767 385 cal-

981 403 1062 430 varia:
1078 411 1177 431 nomen
1196 403 1334 431 obtinuit?
1349 402 1426 436 Quod
1447 403 1575 430 nimirum
1591 404 1669 438 primi
1683 403 1768 430 homi-

982 451 1025 478 nis
1048 450 1103 477 illic
1126 450 1246 477 calvaria
1262 453 1368 485 reperta
1390 450 1436 481 sit,
1452 449 1566 484 ejusque
1586 450 1708 485 reliquiae
1721 449 1769 477 de-

982 495 1072 528 fossae,
1103 496 1138 524 ob
1153 496 1179 524 id
1196 496 1321 524 caluariw
1343 496 1420 523 locus
1438 495 1589 530 appellatus
1606 500 1658 523 est.
1673 495 1702 522 In
1714 503 1768 531 quo

983 541 1114 570 Dominus
1128 547 1222 571 noster
1233 542 1314 570 Jesus
1329 542 1455 570 Christus
1467 542 1593 569 sublatus
1606 542 1632 568 in
1647 548 1766 572 crucem.

984 596 1032 623 per
1045 597 1144 624 aquam
1159 589 1231 616 illam
1245 593 1272 616 et
1284 588 1445 623 sanguinem
1456 596 1488 615 ex
1503 588 1563 623 ejus
1578 587 1716 622 perforato
1732 588 1770 614 ta-

984 639 1040 661 tere
1058 633 1246 668 prollnentem,
1264 634 1337 661 velut
1353 634 1496 668 imaginem
1514 632 1670 668 quamdam.
1684 637 1769 660 totum

985 680 1081 707 salutis
1109 684 1210 707 nostra:
1232 680 1370 715 negotium
1384 679 1466 715 395
1486 678 1676 710 adumbravit,
1704 677 1769 705 dum

985 725 1066 760 primi
1082 726 1203 761 parentis
1226 725 1355 760 reliquias
1379 726 1413 752 ab
1434 726 1493 760 ipso
1515 731 1613 752 massa:
1635 723 1771 759 principio

986 771 1076 806 rigare
1090 772 1184 806 cmpit,
1205 775 1235 798 nt
1249 772 1282 798 ad
1297 771 1489 806 detergendam
1504 770 1592 798 labem
1608 769 1772 797 fmditatem-

986 825 1039 852 que
1053 821 1188 849 nostram,
1208 825 1241 845 ac
1259 817 1417 852 paenitentis
1443 817 1539 843 anima:
1554 815 1770 851 repurgationem

987 865 1030 891 sui
1059 864 1200 900 sanguinis
1228 864 1413 899 aspersionem
1438 863 1611 894 ostenderet,
1631 866 1713 897 atque
1738 862 1772 888 ad

989 909 1176 938 subactioriem
1207 909 1353 944 quamdam
1375 909 1648 943 commistionemque
1669 907 1773 942 signiti-

987 956 1113 989 candam,
1131 963 1162 982 ac
1181 960 1337 983 nostrarum
1353 954 1486 987 sordium,
1507 954 1559 981 hoc
1572 958 1614 981 est
1627 952 1771 984 scelerum,

988 1001 1181 1037 expiationem,
1202 1009 1301 1036 aquam
1321 1001 1393 1028 illam
1413 1001 1440 1028 in
1465 999 1618 1034 subjectum
1637 998 1773 1026 hominem

989 1048 1145 1083 ibidemque
1158 1048 1293 1083 sepultum
1307 1047 1460 1075 destillasse
1477 1048 1657 1078 monstraret;
1673 1051 1705 1071 ac
1718 1048 1773 1071 tam

989 1095 1091 1129 ipsum,
1113 1101 1194 1129 quam
1221 1101 1270 1121 nos
1299 1093 1360 1127 ejus
1382 1097 1505 1127 posteros
1528 1091 1560 1118 ad
1581 1098 1657 1125 spem
1682 1095 1776 1117 conse-

989 1138 1104 1174 quentiae
1128 1139 1223 1166 salutis
1249 1138 1377 1174 erigeret.
1397 1137 1531 1170 Quocirca
1555 1135 1610 1162 illic
1629 1134 1776 1168 Scriptum:

989 1185 1093 1212 dictum
1114 1184 1182 1212 illud
1201 1184 1341 1219 impletum
1355 1187 1417 1210 est:
1436 1182 1529 1217 Surge.
1549 1182 1593 1216 qui
1616 1181 1727 1209 dormis.
1749 1183 1776 1206 et

988 1229 1105 1256 excitare
1121 1237 1138 1255 α
1157 1229 1282 1261 mortuis,
1296 1234 1321 1256 et
1339 1227 1498 1255 illuminabit
1514 1232 1538 1254 te
1557 1226 1708 1254 Cltrislm‘.
1729 1223 1776 1251 Li-

991 1277 1035 1300 cet
1050 1273 1122 1300 enim
1140 1272 1174 1300 ad
1189 1280 1239 1300 nos
1256 1273 1329 1300 istud
1345 1273 1491 1307 pertineat,
1504 1272 1550 1307 qui
1563 1275 1590 1298 et
1605 1271 1685 1298 malis
1696 1269 1777 1296 lactis

992 1318 1093 1345 mortui
1108 1326 1215 1351 sumus,
1230 1322 1258 1346 et
1273 1318 1407 1345 altissimo
1428 1316 1589 1352 ignorantia:
1601 1323 1698 1344 somno
1711 1323 1776 1343 con-

993 1363 1084 1398 sopiti,
1108 1363 1286 1391 nihilominus
1302 1363 1377 1390 illinc
1390 1363 1510 1397 ﬁgurata:
1527 1362 1610 1396 hujus
1634 1362 1778 1390 sententia:

993 1408 1188 1436 arcessendum
1201 1413 1243 1436 est
1257 1409 1376 1440 initium,
1392 1412 1487 1435 utnon
1499 1412 1613 1441 temere,
1627 1415 1680 1436 nec
1690 1408 1778 1435 otiOse

153 1456 327 1491 pronuntiata
347 1455 492 1483 videatur:
513 1455 690 1483 Surrexerunt
716 1455 785 1482 enim
813 1454 898 1481 multa
925 1463 1039 1490 corpora
1059 1461 1213 1484 sanctorum
1228 1456 1270 1492 (ut
1287 1458 1313 1484 in
1336 1456 1482 1492 Evangelio
1507 1456 1639 1492 scriptum
1662 1455 1726 1491 est),
1751 1460 1778 1484 et

151 1503 310 1531 introierunt
325 1510 382 1529 cum
400 1503 457 1536 ipso
470 1502 497 1528 in
514 1507 635 1529 sanctam
652 1501 815 1535 civitatem',
833 1505 885 1529 etc.

187 1548 359 1584 Πανταχόθεν
374 1549 463 1576 τοίνυν
480 1548 719 1584 ἀποκρουσάμενος
739 1548 786 1575 τοῦ
812 1548 938 1580 κώνωπος

1028 1548 1096 1575 Cum
1118 1548 1201 1583 igitur
1219 1547 1316 1574 culicis
1334 1547 1413 1575 istius
1429 1555 1536 1575 morsus
1552 1547 1650 1575 divinae
1670 1548 1778 1577 miseri-

153 1595 248 1622 τούτου
263 1595 297 1621 τὰ
315 1595 450 1630 δήγματα,
472 1594 505 1620 δι’
520 1595 611 1621 ἐλαίου
634 1595 684 1630 τῆς
698 1595 745 1621 τοῦ
761 1595 829 1622 Θεοῦ
852 1594 945 1629 φιλαν-

154 1641 290 1677 Θρωπίας,
304 1642 350 1668 καὶ
364 1641 468 1677 Κυρίου
483 1642 499 1676 ἡ
504 1641 562 1676 μῶν
576 1641 715 1676 ἐνδημίας,
731 1642 778 1667 καὶ
791 1640 879 1676 φωτὸς
894 1639 941 1667 τοῦ

152 1686 321 1721 Εὑαγγελίου
347 1687 398 1720 τῆς
422 1686 561 1722 ἀληθείας,
591 1687 637 1713 ἐπὶ
658 1686 708 1718 τὰς
731 1687 792 1722 ἑξῆς
823 1686 893 1714 κατὰ
914 1686 945 1713 τὸ

157 1733 250 1765 εἰωθὸς
259 1733 340 1760 πάλιν
356 1732 497 1768 προελθεῖν
510 1733 539 1759 ὲν
546 1733 580 1768 τῇ
593 1732 641 1759 τοῦ
655 1733 723 1760 Θεοῦ
740 1733 852 1769 δυνάμει
866 1741 946 1760 σπου-

157 1777 290 1814 δάσωμεν.

197 1826 206 1842 ¹
222 1825 322 1862 Ephes.
334 1834 361 1859 ν,
376 1825 419 1853 Η.
458 1826 468 1842 ³
487 1825 583 1854 Matth.
598 1834 684 1860 xxvn,
701 1827 746 1855 52.

993 1593 1093 1622 cordia:
1107 1594 1178 1625 oleo,
1196 1601 1228 1620 ac
1242 1593 1350 1620 Domini
1364 1593 1451 1620 nostri
1476 1593 1626 1621 Salvatoris
1645 1594 1776 1627 adventu,

992 1645 1018 1668 et
1032 1640 1154 1667 veritatis
1166 1639 1330 1674 evangelicae
1339 1639 1400 1665 luce
1415 1639 1642 1674 propulsaverim,
1658 1639 1691 1667 ad
1709 1639 1777 1668 alia:

993 1686 1120 1716 haereses,
1136 1684 1238 1716 divina,
1257 1692 1306 1720 pro
1321 1692 1354 1713 eo
1371 1692 1402 1712 ac
1424 1685 1509 1718 soleo,
1524 1685 1610 1713 fretus
1622 1692 1673 1720 ope
1685 1689 1778 1721 patro-

992 1731 1118 1767 cinioque
1132 1730 1299 1767 progrediar.

158 1917 1766 1939 ,ππ-...απὲ

312 1991 402 2018 nu:
426 1989 564 2017 ΕΝΕΣΤΙ
581 1989 646 2015 ΚΑΙ
671 1988 722 2014 ΕΝ
746 1988 788 2022 Τῼ
809 1986 913 2021 ΤΡΙΤῼ
934 1986 1030 2020 ΤΟΜῼ
1055 1986 1162 2020 ΤΟΥΤῼ
1185 1985 1249 2011 ΤΟΥ
1264 1983 1456 2012 ΔΕΥΊῈῬΟΥ
1469 1983 1620 2010 ΒΙΒΛΙΟΥ

805 2063 963 2098 rerum
979 2063 1020 2088 ΔΕ
1037 2062 1130 2095 ONTI,
1182 2050 1184 2053 ’

240 2145 320 2174 Κατὰ
330 2145 387 2179 τὴν
398 2144 448 2172 ἀπ’
466 2143 562 2178 ἀρχῆς
576 2142 636 2169 τῶν
654 2143 750 2176 τόμων
769 2140 821 2168 τοῦ
837 2139 962 2175 ἀριθμοῦ
975 2139 1159 2166 ἀκολουθίαν
1169 2147 1175 2154 ·
1192 2139 1226 2166 ἑν
1241 2135 1266 2171 ᾧ
1281 2139 1360 2165 εἰσιν
1372 2137 1503 2172 αιρὲσεις
1525 2136 1685 2164 δεκαοκτώ.

647 2253 730 2289 396
753 2253 942 2284 SYNOPSIS
960 2251 1062 2284 TOMI
1080 2251 1122 2281 Ill
1140 2250 1247 2280 LIBRI
1262 2250 1302 2287 ll,

261 2320 324 2358 Qui
339 2319 374 2351 in
388 2323 547 2351 tomorum
561 2318 655 2350 initio
672 2318 844 2350 constituta
861 2317 945 2348 serie
960 2321 1093 2357 quartus
1107 2319 1166 2353 est,
1181 2315 1390 2354 continetque
1411 2314 1549 2345 hmreses
1563 2314 1678 2345 XVlll.

193 2438 233 2465 ΔΙ.
258 2437 456 2471 Ἐ’γκρατῖται·
471 2435 495 2461 οἳ
513 2434 682 2469 ἀπόσπασμα
709 2431 870 2467 τυγχάνουσι
895 2432 938 2458 Τα-

1033 2432 1052 2459 l.
1073 2431 1231 2462 Encratitw,
1248 2428 1354 2456 Tatiani
1369 2426 1491 2462 quaedam
1502 2426 1575 2454 velut
1589 2425 1732 2461 appendix.
1748 2425 1780 2453 Hi

158 2483 260 2516 τιανοῦ,
280 2482 325 2509 τὸν
340 2482 428 2517 γάμον
443 2480 635 2510 ἀποϐάλλουσι,
650 2478 697 2505 τοῦ
711 2478 817 2504 Σατανᾶ
833 2477 948 2512 φάσκον-

158 2539 205 2562 τες
219 2529 313 2556 τοῦτον
325 2526 404 2555 εἶναι.
429 2527 522 2554 Πᾶσαν
547 2526 575 2552 δὲ
596 2524 812 2560 ἀπαγορεύουσιν
832 2523 947 2559 ὲμψυχο-

159 2575 270 2610 φαγίαν.

195 2621 232 2647 Β’.
253 2617 534 2654 Καταφρυγαστῶν,
564 2617 611 2644 καὶ
639 2614 871 2647 Μοντανιστῶν,
901 2615 947 2642 καὶ

162 2662 442 2698 Τασκονδρουγιτῶν
454 2671 461 2677 ·
488 2663 585 2694 οἵτινες
602 2661 722 2688 Παλαιὰν
738 2661 785 2687 καὶ
801 2660 873 2686 Νέαν
886 2661 947 2687 Δια-

159 2711 246 2746 οήκην
259 2710 399 2745 δέχονται·
412 2710 522 2745 ἑτέρους
537 2708 565 2735 δὲ
579 2708 721 2744 προφήτας
735 2706 946 2742 παρεισφέρουσι

162 2755 230 2790 μετὰ
246 2755 309 2786 τοὺς
324 2754 474 2790 προφήτας,
491 2752 629 2780 Μοντάνον
648 2751 709 2778 τινὰ
723 2749 878 2785 αὐχοῦντες,
902 2750 948 2776 καὶ

159 2800 334 2837 Πρίσκιλλαν,
348 2801 396 2827 καὶ
410 2798 593 2835 Μαξιμίλλαν.

193 2846 214 2873 Γ
215 2851 231 2873 '.
251 2845 454 2877 Πεπουᾷανοὶ,
472 2846 496 2872 οἱ
511 2844 558 2871 καὶ
571 2842 803 2875 Κυϊντιλλιανοὶ,
823 2841 862 2874 οἷς
886 2850 947 2868 συν·-

160 2891 495 2928 άπτονταιᾍρτστυρῖται.
505 2889 552 2917 Ἐκ
563 2888 665 2917 τούτων
681 2888 730 2923 μέν
745 2889 796 2915 εἰσι
810 2886 864 2916 τῶν
877 2886 948 2915 κατὰ

996 2478 1106 2513 nuptias
1129 2476 1272 2507 damnant,
1295 2481 1363 2509 quas
1381 2472 1488 2500 Satana:
1503 2472 1636 2499 tribuunt.
1657 2472 1697 2500 Ab
1719 2472 1780 2500 ani-

996 2527 1134 2550 matorum
1157 2519 1280 2548 omnium
1294 2526 1345 2546 usu
1361 2517 1552 2546 abstinendum
1565 2525 1626 2545 esse
1647 2517 1779 2546 sentiunt.
1799 2529 1806 2541 ι

1030 2609 1061 2638 ll.
1083 2608 1312 2643 Cataphrygastw,
1330 2605 1500 2633 Montanium
1510 2609 1537 2632 et
1553 2604 1780 2639 Tascondrugt'tw,

995 2657 1042 2691 qui
1061 2659 1206 2690 utrumque
1220 2653 1425 2681 Testamentum
1443 2651 1613 2686 approbant;
1633 2649 1679 2678 sed
1695 2657 1780 2677 novos

996 2701 1142 2737 prophetas
1165 2699 1199 2727 ad
1224 2703 1348 2734 receptos
1368 2702 1396 2725 et
1419 2697 1547 2731 antiquos
1571 2695 1721 2730 adjiciunt:
1748 2703 1781 2722 ac

996 2746 1152 2773 Montanum
1166 2744 1322 2780 quemdam,
1334 2747 1361 2771 et
1375 2742 1539 2774 Priscillam,
1557 2748 1589 2768 ac
1604 2740 1780 2768 Maximillam

996 2791 1154 2828 praedicant.

1035 2838 1076 2866 ιιι.
1097 2838 1252 2872 Ρεριιιὶαηὶ,
1267 2836 1314 2872 qui
1331 2839 1361 2864 et
1377 2833 1549 2868 Quintilliam‘
1564 2832 1704 2864 dicuntur,
1719 2831 1782 2866 qui-

999 2885 1051 2914 bus
1073 2883 1207 2914 accedunt
1231 2887 1258 2912 et
1277 2881 1443 2918 Artotyritm,
1466 2878 1653 2915 superioribus
1671 2877 1781 2914 quidem
