1964 3047
183 142 235 172 ΒιΓΙ

883 136 912 163 S.
933 133 1105 162 EPIPHANI!

1758 128 1814 156 8:8

183 206 247 235 illis,
260 203 311 230 hoc
322 206 363 230 est
376 201 605 236 Catapbrygibus,
617 197 814 226 annumerandi
827 201 900 224 sunt.
917 195 970 223 Sed

1031 193 1146 230 βρύγας·
1164 193 1244 227 ἕτερα
1262 192 1289 218 δὲ
1308 191 1371 227 παρ’
1391 191 1510 222 ἐκείνους
1529 188 1730 224 δογματίζουσι,
1757 189 1814 214 Πέ-

183 251 218 278 ab
240 251 274 277 iis
295 253 385 275 tamen
405 247 512 274 diversa
533 245 663 273 nonnulla
683 244 816 272 sentiunt.
832 243 870 270 Ae
883 242 971 277 Pepu-

185 303 244 323 zam
258 295 396 322 desertum
409 293 544 328 quoddam
557 291 685 326 oppidum
698 289 831 317 Galatiam
848 289 918 316 inter
945 292 972 315 et

185 340 385 375 Cappadociam
411 339 493 366 situm
517 338 617 365 divinis
647 337 798 364 honoribus
821 335 970 366 extollunt,

184 398 299 425 eamque
321 389 536 423 Hierosolymam
553 394 614 414 esse
627 386 730 413 dicunt.
746 385 906 412 Mulieribus
928 392 973 411 sa-

186 444 248 464 eros
264 436 439 470 magistratus
453 441 485 460 ac
500 433 652 460 sacerdotia
668 431 804 459 deferunt.
818 431 907 457 Certis
922 431 973 456 ini-

187 483 289 510 tiantur
301 480 449 516 mysteriis,
462 479 561 513 quibus
572 478 714 513 puerulum
730 477 899 504 confodiunt.
913 475 974 502 Fin-

186 533 253 565 gunt
267 527 381 562 Pepuzm
394 525 534 552 Christum
551 524 616 550 olim
630 523 767 555 Quintillw
783 522 928 550 videndum
944 529 973 548 se

188 571 337 608 praebuisse
353 569 479 597 muliebri
506 569 605 604 specie.
627 567 694 595 Tam
714 567 799 595 Vetus
817 574 899 602 quam
917 565 973 594 No-

187 626 250 650 vum
267 616 471 644 Testamentum
487 614 626 644 adhibent,
643 613 678 639 ita
696 617 784 640 tamen
802 617 832 640 ut
844 612 973 647 pleraque

187 671 237 700 pro
252 662 335 690 animi
354 660 467 688 libidine
481 663 659 686 commutent.

224 708 268 736 IV.
291 705 586 739 Tessarexcwdecalilw,
599 705 645 740 qui
659 708 730 732 stato
740 704 802 730 anni
813 703 857 730 die
869 702 972 730 Pascha

189 755 340 783 celebrant.
356 751 391 779 Ut
405 759 596 787 quamcunque
609 751 636 778 in
655 750 725 777 diem
740 758 785 777 xiv
798 749 869 776 lunae
880 748 974 775 incur-

189 801 265 832 rerit,
282 800 340 828 sive
363 798 522 829 Sabbatum,
540 797 598 825 sive
613 796 752 823 Dominica
776 795 867 826 fuerit,
881 802 914 822 ea
930 794 973 821 die

186 847 318 882 jejunent,
334 852 365 872 ac
379 844 519 879 pervigilia
536 843 684 870 celebrent.

222 933 256 961 V.
288 933 364 969 Alogi
396 940 410 958 a
438 931 517 959 nobis
541 931 579 958 ita
605 929 755 961 nominati,
779 929 827 964 qui
860 927 974 956 Joannis

188 979 375 1017 Evangelium,
399 985 431 1005 ac
450 977 547 1011 Λόγον,
572 977 623 1003 hoc
647 980 690 1003 est
705 974 824 1003 Verbum
847 974 934 1002 Deum
959 982 974 1001 a

189 1024 268 1051 Patre
283 1030 391 1058 semper
401 1022 534 1058 genitum,
547 1021 709 1054 cmlitusque
719 1019 800 1054 397
812 1019 973 1049 demissuri,

188 1070 268 1104 cujus
281 1069 308 1096 in
333 1068 480 1103 Evangelio
501 1067 549 1093 illo
570 1066 671 1093 mentio
684 1066 724 1097 fit,
743 1064 905 1100 repudiant;
924 1071 975 1091 nec

187 1114 301 1142 Joannis
316 1113 450 1140 duntaxat
470 1111 657 1146 Evangelium,
681 1110 729 1138 sed
751 1115 778 1137 et
792 1110 974 1145 Apocalypsin

188 1160 324 1196 rejiciunt.

223 1203 268 1231 νι.
288 1203 432 1231 Adamiam‘
448 1202 482 1229 ab
503 1201 608 1228 Adamo
629 1201 722 1228 nescio
741 1207 796 1235 quo
813 1200 921 1227 vivente
935 1207 975 1227 sic

188 1249 265 1281 dicti,
278 1249 424 1276 ridiculum
439 1247 612 1282 potiusquam
628 1246 777 1273 verisimile
801 1245 898 1281 dogma
912 1253 976 1280 pro-

191 1296 311 1322 litentur.
323 1293 392 1321 Nudi
403 1293 514 1328 quippe,
525 1292 620 1327 quales
631 1299 665 1319 ex
678 1297 756 1319 utero
765 1293 860 1319 malris
871 1291 975 1327 egressi

189 1346 264 1374 sunt,
286 1341 337 1369 viri
354 1339 465 1375 perinde
487 1346 519 1365 ac
546 1337 674 1365 mulieres
699 1337 875 1369 conveniunt,
895 1343 976 1372 atque

190 1389 227 1415 ita
251 1386 424 1417 lectionibus,
449 1384 620 1412 orationibus
651 1391 683 1410 ac
707 1384 814 1411 caeteris
836 1383 975 1418 religionis

188 1433 285 1461 ciliciis
313 1432 478 1467 funguntur;
510 1434 538 1458 et
565 1430 692 1457 videlicet
718 1429 914 1457 monachorum
943 1437 976 1456 ac

144 1494 151 1499 -
189 1479 387 1507 continentium
410 1477 535 1504 instituta
556 1480 705 1509 sectantur,
725 1477 890 1511 nuptiasque
909 1483 976 1503 con-

188 1525 328 1552 demnant.
343 1523 492 1550 Ecclesiam
509 1527 576 1548 vero
587 1527 664 1548 suam
685 1521 844 1556 paradisum
866 1528 973 1548 nuncu-
987 1540 1010 1570 ο

189 1574 280 1642 palilii.
301 1614 431 1648 Sampsm'
446 1613 504 1641 sive
520 1612 628 1639 Elceswi
649 1611 683 1639 ad
700 1610 772 1638 hanc
786 1610 856 1638 diem
869 1610 898 1637 in
909 1609 974 1637 Ara-

189 1661 233 1688 bia
247 1661 360 1695 degunt,
382 1666 465 1694 supra
483 1659 618 1686 Mortuum
638 1665 723 1689 mare,
743 1656 816 1684 Elxae
829 1655 974 1691 cujusdam

189 1706 432 1743 pseudoprophelze
457 1704 595 1740 discipuli.
619 1703 641 1730 E
655 1703 734 1738 cujus
753 1703 837 1738 stirpe
852 1702 974 1730 Martbus

189 1757 216 1781 et
232 1752 378 1784 Marthina,
394 1751 502 1779 feminae
520 1750 580 1777 dua:
594 1754 671 1777 aetate
690 1753 783 1776 nostra
797 1748 973 1783 prodierunt;

189 1806 259 1834 quas
287 1797 401 1826 dearum
424 1796 513 1824 instar
539 1795 652 1823 haeresis
678 1795 730 1822 ista
753 1794 849 1822 coluit.
873 1793 974 1821 Eadem

190 1853 272 1882 porro
286 1852 348 1871 cum
359 1843 496 1871 Ebionaeis
511 1842 623 1871 omnino
637 1841 769 1869 sentiunt.

226 1932 294 1960 VIII.
316 1930 490 1958 Theodotiani
503 1937 517 1956 a
531 1928 673 1956 Theodoto
687 1927 811 1954 Coriario
824 1926 974 1962 Byzantina

190 1979 267 2008 dicti.
283 1978 336 2012 Qui
353 1977 456 2005 Graecis
476 1975 582 2003 artibus
603 1974 726 2009 adprime
749 1973 799 2001 fuit
819 1974 973 2000 institutus.

192 2025 242 2054 llic
257 2033 319 2053 cum
340 2023 401 2051 aliis
419 2021 584 2058 quibusdam
598 2021 625 2048 in
640 2029 672 2048 ea
687 2028 748 2055 qua:
763 2024 820 2047 tum
836 2019 973 2052 saeviebat,

190 2070 383 2108 persecutione
398 2068 624 2103 comprehensus,
641 2074 702 2094 cum
718 2066 786 2093 socii
803 2065 864 2100 ejus
880 2072 975 2092 omnes

190 2115 351 2150 martyrium
371 2113 514 2145 obiissent.
534 2112 611 2139 solus
635 2111 715 2138 [idem
730 2111 857 2145 ejuravit.
873 2108 915 2137 0b
931 2110 973 2137 id-

190 2169 244 2198 que
263 2160 372 2196 probris
389 2158 536 2194 appetitus,
556 2158 583 2185 id
599 2156 774 2192 excogitavit,
791 2160 820 2182 ut
832 2156 971 2183 Christum

191 2209 295 2236 nudum
317 2214 378 2234 esse
400 2206 537 2233 hominem
562 2207 708 2235 assereret,
733 2211 768 2230 ne
791 2202 900 2229 crimini
922 2202 974 2229 sibi
991 2214 1012 2241 υ

191 2254 266 2282 istud
278 2255 438 2282 verteretur,
457 2250 530 2285 quod
541 2249 601 2284 ejus
618 2249 786 2276 divinitatem
802 2252 940 2284 negasset.

225 2298 272 2328 1K.
293 2297 522 2326 Melchisedeciani
542 2295 768 2323 Melchisedecum
792 2294 829 2321 ita
845 2302 977 2322 veneran-

191 2350 246 2376 tur.
265 2347 295 2370 ut
309 2343 437 2370 virtutem
455 2349 520 2369 esse
537 2340 683 2376 quamdam
700 2339 836 2374 jactitent,
850 2347 905 2365 non
924 2338 976 2365 ho-

190 2391 289 2418 minem
307 2390 462 2416 duntaxat:
477 2391 504 2415 et
521 2387 549 2414 in
568 2387 628 2421 ejus
640 2386 750 2413 nomine
770 2384 861 2413 facere
885 2392 917 2411 ac
936 2385 973 2411 di~

189 2444 251 2464 cere
265 2435 357 2462 omnia
370 2440 542 2468 nequaquam
557 2432 693 2459 dubitant.

225 2480 259 2507 X.
279 2479 497 2507 Bardesianistw.
517 2477 698 2505 Bardesianus
719 2477 770 2504 iste
787 2484 802 2504 e
821 2475 973 2510 Mesopota-

189 2526 244 2553 mia
261 2525 396 2552 oriundus
411 2525 546 2551 sinceram
560 2523 638 2550 [idem
655 2522 734 2550 initio
750 2522 906 2556 complexus
918 2525 971 2553 est,

187 2578 221 2598 ac
237 2570 374 2606 sapientia
384 2570 522 2605 przestitit.
544 2568 598 2596 Sed
612 2576 626 2594 a
649 2568 763 2595 veritate
780 2571 874 2603 postea
896 2575 972 2595 rece-

188 2616 257 2644 dens
274 2616 370 2643 eadem
389 2623 452 2643 cum
474 2614 617 2642 Valentino
638 2614 743 2645 docuit,
767 2619 865 2647 praeter
885 2619 971 2648 pauca

188 2661 324 2702 quaedam,
340 2662 369 2689 in
385 2661 485 2696 quibus
495 2660 529 2687 ab
541 2659 587 2687 illo
600 2659 749 2695 discrepat.

222 2746 268 2775 XI.
291 2747 428 2775 Noetiam‘.
455 2746 556 2775 Noetus
579 2747 622 2774 hic
653 2746 827 2782 Smyrnensis
853 2754 886 2773 ex
906 2747 969 2773 Asia

188 2791 250 2821 fuit.
265 2793 317 2826 Qui
334 2794 362 2820 in
377 2794 462 2821 altum
483 2793 606 2822 sublatus
631 2800 693 2820 cum
715 2792 775 2820 aliis
794 2792 969 2828 quibusdam,

244 2851 255 2867 ί
268 2851 301 2881 [ι’.
319 2853 434 2888 ἅρματι.

1023 238 1126 270 πουζάν
1143 246 1203 264 τινα
1228 237 1304 263 πόλιν
1321 237 1423 272 ἔρημον
1437 235 1489 262 ἀνά
1517 235 1599 270 μέσον
1615 233 1750 264 Γαλατίας
1765 234 1816 260 καὶ

1023 283 1219 314 Καππαδοκίας
1242 282 1443 315 ὲκθειάζοντες,
1470 282 1517 308 καὶ
1539 281 1572 316 δὴ
1593 280 1693 316 ταύτην
1713 280 1815 316 Ἰερου-

1024 329 1114 364 σαλὴμ
1131 328 1296 364 ἡγούμενοι·
1313 326 1420 362 γυναιξὶ
1442 327 1470 353 δὲ
1490 325 1660 357 ἀποδιδόντες
1674 325 1704 351 τὸ
1718 324 1815 360 ἄρχειν

1023 384 1052 402 τε
1074 375 1121 401 καὶ
1142 373 1300 409 ἱερατεύειν.
1321 372 1458 400 Μυοῦνται
1480 371 1592 404 δὲ,τινὰ
1622 371 1704 397 παῖδα
1729 379 1815 397 κατα-

1023 420 1180 452 κεντοῦντες
1210 420 1278 446 νὲον.
1308 419 1363 445 Καὶ
1395 417 1427 453 δὴ
1453 418 1485 452 τῇ
1518 415 1665 451 Κυϊντίλλῃ
1692 414 1815 450 Χριστὸν

1023 468 1112 494 ἐκεῖσε
1128 468 1156 493 ἐν
1179 465 1306 502 Πεπούζῃ
1331 463 1554 498 ἀποκεκαλύεροαι
1575 463 1604 488 ὲν
1627 462 1683 497 ἰδέᾳ
1703 460 1815 496 θηλείας

1026 513 1244 548 μυθοποιοῐωται.
1268 512 1422 547 Κέχρηνται
1445 510 1473 536 δὲ
1494 508 1624 540 ὡσαύτως
1644 507 1750 542 Παλαιᾷ
1765 507 1814 532 καὶ

1024 561 1112 594 Καινῇ
1126 559 1258 596 Διαθήκῃ,
1278 558 1349 586 κατὰ
1366 557 1412 584 τὸν
1433 556 1495 584 νοῦν
1508 556 1554 582 τὸν
1571 555 1636 582 ἴδιον
1650 552 1814 590 μεταποιού-

1026 614 1111 641 μενοι.

1059 695 1095 721 Δ’.
1120 690 1486 727 Τεσσαρεσκαιδεκατῒται,
1508 689 1532 715 oi
1557 687 1619 724 μίαν
1635 686 1741 722 ἡμέραν
1763 684 1811 712 τοῦ

1024 740 1100 771 ἔτους
1118 739 1148 766 τὺ
1173 738 1270 773 Πάσχα
1287 736 1470 770 ἐκτελοῦντες.
1502 734 1545 760 Ἐν
1568 733 1649 767 ὁποίᾳ
1671 732 1693 758 δ’
1719 731 1814 767 ἡμέρᾳ

1024 784 1132 820 ἐμπέσῃ
1151 785 1168 819 ἡ
1186 784 1234 818 τῆς
1258 782 1371 818 σελήνης
1388 778 1682 816 τεσσαρεσκαιδεκάτη,
1707 777 1767 813 ἦτοι
1783 777 1814 803 ὲν

1024 830 1157 865 Σαϐϐάτῳ
1182 830 1242 865 ἦτοι
1268 830 1297 855 ὲν
1312 828 1450 864 Κυριακῇ,
1467 826 1575 861 ἐκείνην
1590 834 1619 852 τε
1636 823 1813 860 νηστεύοντες

988 871 1009 898 Β
1026 876 1072 903 καὶ
1087 875 1287 910 ἀγρυπνοῦντες
1299 874 1481 909 ἑορτάζουσιν.

1059 922 1097 948 E’.
1120 921 1239 955 Ἀλογ-οι
1263 920 1309 954 ἀφ’
1324 919 1403 955 ἡμῶν
1428 917 1581 954 κληθέντες,
1598 917 1623 943 ot
1643 916 1673 943 τὸ
1689 915 1812 950 Εὐαγγέ-

1024 967 1080 993 λιον
1109 967 1232 994 Ἰωάννου
1257 965 1304 992 καὶ
1326 965 1372 992 τὸν
1388 965 1416 991 ὲν
1435 963 1508 998 αὐτῷ
1524 962 1625 990 ἄνωθεν
1637 961 1691 989 ἀπὸ
1705 961 1813 997 Πατρὺς

1024 1015 1067 1040 ἀεὶ
1083 1013 1148 1040 Θεὸν
1163 1012 1250 1046 Λόγον
1265 1011 1511 1047 παρεκὸάλλοντες,
1527 1009 1556 1036 τὸ
1567 1008 1731 1042 Εὑαγγέλιον
1746 1006 1814 1035 αὐτὸ

1024 1059 1056 1095 δὴ
1078 1059 1108 1086 τὸ
1122 1057 1193 1085 κατὰ
1211 1058 1338 1093 Ἰωάννην
1354 1057 1392 1092 μὴ
1409 1056 1558 1091 δεχόμενοι,
1575 1055 1643 1090 μήτε
1659 1054 1709 1090 τὴν
1728 1053 1813 1081 αὑτοῦ

1031 1102 1225 1139 Ἀποκάλυψιν.

1061 1197 1089 1230 ς
1090 1199 1107 1222 ⁷.
1128 1195 1291 1230 Ἀδαμιανοὶ
1306 1194 1359 1221 ἀπό
1371 1202 1443 1225 τινος
1462 1193 1546 1228 Ἀδὰμ
1566 1193 1665 1225 ζῶντος
1678 1192 1814 1229 καλούμε-

1025 1251 1075 1274 νοι,
1103 1241 1201 1277 χλεύης
1224 1241 1240 1276 ἦ
1260 1240 1386 1275 ἀληθείας
1412 1239 1510 1275 μᾶλλον
1534 1239 1565 1265 τὸ
1586 1239 1674 1274 δόγμα
1693 1239 1812 1274 ἔχοντες.

1026 1288 1125 1323 Γυμνοὶ
1140 1287 1203 1322 γὰρ,
1218 1286 1255 1318 ὡς
1270 1287 1301 1313 ὲκ
1319 1285 1430 1322 μητρὸς,
1457 1285 1552 1320 ἄνδρες
1569 1293 1600 1311 τε
1619 1285 1666 1311 καὶ
1684 1285 1814 1319 γυναῖκες

1026 1334 1073 1360 ἐπὶ
1089 1333 1119 1360 τὸ
1140 1332 1205 1359 αὐτὸ
1223 1333 1393 1366 συνάγονται,
1406 1331 1452 1358 καὶ
1466 1330 1553 1362 οὕτως
1565 1330 1614 1362 τὰς
1634 1330 1814 1365 ἀναγνώσεις,

1027 1380 1073 1407 καὶ
1091 1379 1183 1414 εὐχὰς,
1201 1379 1247 1405 καὶ
1263 1379 1317 1404 πᾶν
1337 1377 1425 1404 ὁτιοῦν
1445 1375 1611 1402 ἐπιτελοῦσι·
1632 1375 1713 1410 δῆθεν
1730 1375 1815 1410 μονά-

1027 1422 1118 1454 ζοντές
1133 1431 1163 1449 τε
1185 1423 1232 1449 καὶ
1251 1421 1478 1457 ὲγκρατευόμενοι
1495 1421 1579 1453 ὄντες,
1606 1420 1653 1447 καὶ
1669 1420 1756 1456 γάμον
1774 1420 1814 1456 μὴ

1026 1469 1176 1504 δεχόμενοι,
1203 1469 1228 1495 οι
1258 1468 1307 1504 τὴν
1337 1467 1426 1494 αὐτῶν
1459 1466 1620 1502 Ἐκκλησίαν
1650 1467 1815 1502 παράδεισον

1026 1514 1182 1550 ἡγούμενοι.

1060 1605 1096 1630 Ζ’.
1113 1602 1270 1638 Sami-aiat,
1288 1602 1313 1628 οἱ
1334 1602 1380 1628 καὶ
1400 1602 1574 1634 Ἐλκεσαῖοι,
1596 1600 1636 1628 ἔτι
1659 1601 1738 1637 δεῦρο
1761 1601 1814 1636 τὴν

1031 1649 1161 1685 Ἀραϐίαν
1177 1649 1223 1684 (οἱ)
1236 1647 1434 1680 κατοικοῦντες,
1448 1647 1620 1684 καθύπερθεν
1636 1649 1685 1683 τῆς
1701 1648 1813 1682 Νεκρᾶς

1025 1695 1163 1730 Θαλάσσης
1188 1694 1318 1730 κειμένην
1338 1693 1427 1729 χώραν
1440 1701 1446 1708 ’
1471 1694 1567 1725 οἵτινες
1585 1693 1640 1721 ἀπὸ
1662 1693 1708 1720 τοῦ
1729 1693 1813 1726 Ἢλξά

1024 1749 1096 1771 τινος
1108 1739 1329 1774 ψευδοπροφήτου
1341 1738 1510 1773 ἠπατημένοι
1519 1746 1525 1753 ·
1540 1735 1570 1765 οὗ
1583 1737 1623 1764 ἔτι
1633 1737 1712 1774 δεῦρο
1722 1738 1755 1764 ὲκ
1763 1737 1813 1764 τοῦ

1024 1786 1118 1820 γένους
1132 1785 1243 1820 ὡρμᾶτο
1257 1782 1386 1820 Μαρθοῦς
1400 1783 1448 1810 καὶ
1463 1783 1599 1819 Μαρθίνη,
1614 1784 1742 1818 γυναῖκες
1754 1783 1812 1812 δύο.

1025 1830 1259 1866 προσκυνούμεναι
1280 1828 1390 1863 ὑπὸτῆς
1408 1828 1551 1864 αἱρέσεως,
1572 1829 1609 1860 ὼς
1628 1829 1703 1855 θεαί·
1721 1838 1813 1865 παρα-

1028 1878 1148 1913 πλησίως
1163 1877 1217 1903 τῶν
1236 1877 1399 1904 Ἐ6ιωναίων
1413 1877 1447 1904 τὰ
1463 1877 1551 1903 πάντα
1564 1876 1681 1911 ἔχοντες.

1060 1924 1101 1950 Ην.
1117 1922 1312 1955 Θεοδοτιανοὶ,
1325 1923 1349 1950 oi
1360 1922 1467 1949 ἀπὸτοῦ
1476 1922 1603 1949 Θεοδότου
1614 1921 1748 1953 Σκυτέως,
1765 1920 1813 1947 τοῦ

1026 1967 1079 1994 ἀπὸ
1091 1966 1249 1999 Βυζαντίου.
1269 1964 1352 1999 Οὗτος
1367 1968 1396 1994 ὲν
1412 1967 1521 2002 παιδείᾳ
1543 1967 1685 2002 Ἑλληνικῇ
1700 1967 1814 2000 γέγονεν

1026 2014 1120 2050 ἄκρος.
1134 2014 1167 2040 "A
1172 2022 1210 2048 μα
1224 2013 1253 2039 δὲ
1266 2013 1356 2044 ἄλλοις
1372 2013 1442 2040 τισὶν
1451 2013 1480 2039 ὲν
1496 2012 1615 2048 ἡμέραις
1628 2011 1675 2039 τοῦ
1689 2012 1749 2038 τότε
1763 2020 1814 2046 γε-

1025 2060 1137 2095 νομένου
1153 2059 1272 2094 διωγμοῦ
1293 2059 1372 2094 μόνος
1389 2058 1526 2090 ἐκπεσὼν,
1543 2057 1656 2085 ἐκείνων
1669 2066 1812 2093 pag-supr}.

1026 2107 1140 2136 σάντων,
1157 2105 1200 2132 διὰ
1214 2105 1244 2131 τὸ
1255 2104 1440 2137 ὀνειδίζεσθαι,
1457 2105 1602 2140 ἐπινοήσας
1614 2104 1690 2139 ψιλὸν
1705 2103 1813 2140 ἄνθρω-

1025 2159 1075 2177 πον
1090 2151 1178 2184 λέγειν
1190 2150 1235 2176 τὸν
1248 2150 1373 2185 Χριστὸν,
1391 2150 1435 2177 ἵνα
1448 2151 1485 2185 μὴ
1500 2150 1551 2176 ὑπὸ
1562 2149 1686 2184 ἔγκλημα
1699 2149 1813 2184 γένηται

1027 2195 1093 2222 Θεὸν
1108 2195 1303 2231 ἀρνησάμενος.
1321 2194 1407 2226 οὕτως
1419 2193 1547 2226 ἐδίδαξεν.

1060 2295 1099 2322 Θ’.
1121 2293 1395 2329 Μελχισεδεκιανοὶ,
1415 2294 1440 2320 οἱ
1464 2293 1510 2320 τὸν
1533 2293 1697 2330 Μελχισεδὲκ
1719 2295 1814 2330 γεραί-

1027 2349 1128 2378 ροντες,
1154 2339 1214 2367 τινὰ
1231 2340 1344 2376 δύναμιν
1360 2339 1440 2366 αὑτὸν
1462 2340 1622 2374 φάσκοντες,
1646 2340 1693 2367 καὶ
1714 2340 1752 2376 μὴ
1764 2340 1813 2367 ἇν-

1027 2386 1133 2422 θρωπον
1142 2385 1228 2420 ψιλὸν,
1242 2386 1289 2412 καὶ
1300 2385 1340 2416 εἰς
1352 2385 1382 2411 τὺ
1392 2384 1486 2411 τούτου
1500 2384 1586 2420 ὄνομα
1601 2385 1687 2412 πάντα
1699 2385 1812 2419 ἀνάγειν

1027 2432 1074 2458 καὶ
1088 2430 1178 2465 λέγειν
1190 2429 1395 2466 τετολμηκότες.

1062 2477 1090 2503 ι’.
1116 2476 1377 2510 Βαρδησιανισταί.
1403 2475 1587 2511 Βαρδησιανδς
1608 2473 1684 2508 οὗτος
1707 2477 1739 2503 ἐκ
1761 2476 1812 2510 τῆς

1026 2521 1237 2557 Μεσοποταμίας
1250 2521 1373 2557 ὡρμᾶτο,
1385 2521 1420 2547 τὰ
1433 2521 1529 2557 πρῶτα
1551 2521 1599 2557 μὲν
1615 2522 1664 2556 τῆς
1684 2521 1812 2557 ἀληθινῆς

1026 2568 1143 2599 πίστεως
1155 2567 1295 2602 ὑπάρχων,
1306 2567 1352 2594 καὶ
1365 2567 1392 2593 ἐν
1404 2567 1483 2602 σοφίᾳ
1496 2567 1669 2602 διαπρέπων·
1685 2568 1812 2599 ἐκκλίνας

1024 2611 1052 2638 δὲ
1067 2612 1115 2647 τῆς
1139 2611 1276 2646 ἀληθείας,
1292 2611 1489 2647 παραπλησίως
1508 2611 1675 2648 Οὐαλεντίνῳ
1693 2612 1811 2647 ἐδογμά-

1024 2665 1093 2689 τισε,
1105 2657 1188 2693 χωρὶς
1206 2657 1285 2684 ἐνίων
1305 2657 1414 2691 ὀλίγων,
1427 2653 1465 2683 ὧν
1481 2657 1639 2693 διαφέρεται
1659 2658 1727 2696 προς
1738 2659 1811 2685 Οὐα-

1025 2702 1150 2729 λεντῖνον.

1059 2748 1288 2782 1Α¹.·Νοητ‹ανοί.
1305 2748 1407 2785 Νοητὸς
1414 2747 1491 2781 οὗτος
1504 2750 1557 2777 ἀπὸ
1565 2750 1691 2786 Σμύρνης
1703 2750 1811 2786 ὑπῆρχε

1023 2793 1073 2828 τῆς
1089 2793 1190 2824 Ἀσίας.
1209 2793 1252 2820 Ἐν
1263 2793 1381 2828 ειρμοιτιι
1397 2793 1426 2820 δὲ
1437 2793 1554 2829 ἐνεχθεὶς
1569 2794 1617 2821 σὺν
1628 2793 1717 2826 ἄλλοις
1728 2795 1812 2828 τισὶν,
