1964 3047
145 173 196 201 849

553 170 738 199 ADVERSUS
755 170 924 199 HERESES
942 170 1007 199 LIB.
1028 171 1059 200 II.
1080 172 1161 200 'I'OM.
1181 171 1202 200 I.
1223 172 1359 201 IIJERES.
1380 172 1484 201 XLVII.

1718 170 1770 198 850

147 230 300 265 Υἱοπάτορα
316 229 360 256 τὺν
372 228 489 264 Χριστὸν
503 229 616 263 ἐδίδαξε,
631 230 677 256 τὸν
692 229 773 257 αὑτὸν
787 227 858 257 εἶναι
874 230 932 257 Πα-

992 229 1142 258 ?atriﬁlium
1159 237 1282 259 asserere
1295 231 1433 258 Christum
1445 237 1530 257 ausus
1549 231 1611 261 est;
1627 226 1768 255 eumdem-

143 276 210 312 τέρα
227 275 274 303 καὶ
287 274 352 302 Υἱόν
372 275 419 302 καὶ
442 275 520 310 ἅγιον
532 275 656 311 Πνεῦμα.
683 276 793 303 Ἐαυτὺν
811 277 839 303 δὲ
856 277 932 312 ἔλεγε

145 321 273 354 Μωῢσὲα,
297 321 344 348 καὶ
366 322 412 348 τὸν
434 321 516 348 αὑτοῦ
539 321 650 356 ἀδελφὺν
679 322 771 357 ἔλεγεν
794 321 862 350 εἶναι
888 323 933 350 τὸν

151 365 266 399 Ἀαρών.

180 412 230 439 ΙΒ¹.
249 412 423 446 οὐαλήσιοι.
452 409 541 446 Οὗτοι,
562 412 654 444 καθὼς
666 413 865 450 ὑπειλήφαμεν,
885 415 932 451 τὴν

146 457 269 485 Βάκαθον
289 458 488 492 κατοικοῦντες,
517 460 712 496 μητροκωμίαν
735 460 865 495 Ἀραϐίας
884 462 934 497 τῆς

144 503 331 538 Φιλαδελφίας,
343 505 368 530 oi
378 505 441 536 τοὺς
451 505 710 541 παρατυγχάνοντας
723 505 931 542 ἀποτέμνοντες.

145 549 256 581 Πλείους
265 550 294 576 δὲ
301 550 390 576 αὐτῶν
398 551 519 585 εὐνοῦχοι
527 551 694 587 ὑπάρχουσιν
701 552 931 588 ἀποτετμημένοι.

146 595 214 621 Τινὰ.
229 595 257 622 δὲ
273 595 354 632 ἕτερα
367 596 538 624 διδάσκουσιν
554 597 687 633 αἱρέσεως
703 597 818 633 ἔμπλεα,
834 599 933 633 ἀφανί-

145 640 238 672 ζοντες
258 641 304 667 τὸν
326 641 406 676 νόμον
434 642 481 669 καὶ
505 642 567 674 τοὺς
589 643 729 678 προφήτας
742 644 765 677 ¹,
786 644 834 670 καί
857 653 934 676 τινας

146 685 341 721 αἰσχρουργίας
353 686 450 722 ἐτέρας
467 688 707 723 παρεισφέροντες.

180 774 382 809 ῐΓἎζΚαθαροὶ,
393 776 417 801 oi
429 775 486 810 ἅμα
496 775 613 812 Ναϐάτῳ
625 776 805 811 συναφθέντες
814 776 854 813 τῷ
865 776 933 804 Ῥω-

147 819 228 855 μαίῳ,
251 821 377 851 καὶτοὺς
401 821 532 856 διγάμους
554 822 692 855 παντελῶς
709 823 933 859 ὰποὸαλλόμενοι,

146 866 194 892 καὶ
208 866 350 901 μετάνοιαν
370 866 407 902 μὴ
423 866 573 902 δεχόμενοι.

985 283 1038 310 que
1053 275 1161 303 Patren]
1185 284 1217 304 ac
1231 276 1341 308 Filium,
1360 280 1388 304 et
1405 276 1538 311 Spiritum
1559 279 1686 302 sanctum
1707 281 1769 302 esse

985 322 1117 356 proﬁteri.
1139 321 1175 350 Se
1187 330 1251 350 vero
1267 323 1388 358 Moysen,
1403 321 1514 350 fratrem
1538 327 1619 348 suum
1635 319 1769 348 Aaronem

985 368 1087 396 dicere.

1021 413 1079 441 XII.
1106 413 1214 441 Valesit'.
1236 412 1281 446 Hi,
1295 417 1427 448 quantum
1443 414 1578 448 suspicor,
1595 412 1710 440 Bacathi
1721 412 1770 440 ha-

985 460 1083 492 bitant,
1109 461 1156 495 qui
1177 463 1218 487 est
1247 460 1353 487 Arabiae
1372 460 1606 495 Philadclphensis
1622 460 1770 494 primarius

984 505 1072 533 vicus.
1090 505 1173 533 Iidem
1190 505 1351 532 accedentes
1365 505 1447 540 398
1462 505 1494 532 ad
1508 513 1569 532 sese
1588 509 1711 533 castrare
1724 512 1770 532 so.

984 551 1050 579 lent.
1065 552 1103 579 ‘Ac
1119 552 1242 587 plerique
1257 553 1327 580 inter
1340 552 1402 580 illos
1423 551 1541 579 eunuchi
1553 554 1617 579 sunt
1639 556 1667 579 et
1692 559 1770 579 exse-

984 598 1031 625 eti.
1049 597 1155 626 Habent
1168 602 1196 626 et
1208 598 1260 625 alia
1276 598 1399 633 quaedam
1423 598 1525 624 erroris
1543 596 1702 632 plenissima
1718 597 1768 624 do-

984 648 1084 678 gmata,
1106 648 1187 679 atque
1204 644 1275 672 inter
1294 645 1347 672 alia
1372 644 1457 678 legem
1482 649 1515 670 ac
1538 643 1686 678 prophetas
1709 643 1770 678 reji-

984 689 1070 717 cinnt.
1094 689 1236 718 Postremo
1259 689 1474 718 innumerabiles
1498 689 1531 716 ad
1557 689 1604 716 illa
1633 687 1770 716 fmditates

985 733 1127 768 adjiciunt.

1020 778 1091 805 XIII.
1112 778 1234 806 Cathari.
1252 779 1384 807 Novatum
1410 779 1564 807 Romanum
1583 778 1672 806 secuti
1694 782 1768 806 sunt.

985 823 1019 850 Ili
1033 824 1159 859 digamos
1175 826 1285 859 penitus
1308 825 1500 860 proscribunt;
1520 824 1707 860 pmnitentiam
1727 831 1769 851 re»

986 867 1109 903 pndiant.

183 911 230 938 IA’.
240 912 408 946 Ἀτεγελικοι.
426 909 506 939 Dinon
520 913 660 945 παντελῶς
670 913 804 947 ἐξέλιπον.
817 913 934 949 Αὒχοῦν-

1019 913 1089 941 XIV.
1110 914 1238 949 Angelici.
1260 914 1293 942 lli
1320 922 1455 950 nusquam
1481 914 1561 942 hodie
1586 913 1769 949 reperiuntur.

146 965 192 989 τες
210 957 240 984 δὲ
260 954 330 993 ἦσαν
355 958 504 994 ἀγγελικὴν
523 958 596 994 ἔχειν
610 959 702 993 τάξιν·
728 959 745 994 ἢ
759 959 804 986 διὰ
818 959 850 986 τὺ
870 961 933 990 τοὺς

152 1002 279 1037 ἀγγέλους
297 1004 528 1040 προσκεκλῆσοαι.

180 1049 231 1076 ΙΕ’.
247 1050 460 1083 Ἀποστολικοὶ,
470 1052 494 1078 οἱ
509 1051 556 1078 καὶ
563 1051 764 1079 Ἁποτακτικοὶ
780 1052 828 1078 καὶ
846 1051 933 1083 αὐτοὶ,

146 1095 171 1121 οἱ
188 1094 251 1130 περὶ
264 1095 314 1131 τὴν
330 1095 454 1122 Πισιδίαν
469 1096 559 1131 μόνον,
583 1097 781 1128 ἀποτακτικοίις
794 1096 933 1132 δεχόμενοι

147 1139 208 1166 καθ’
216 1140 338 1172 ἑαυτούς.
355 1141 613 1177 Παραπλησιάζουσι
622 1141 651 1169 δὲ
659 1144 715 1174 τοῖς
727 1141 916 1178 Ἐγκρατίταις
924 1150 931 1157 ·

146 1185 214 1212 ἄλλα
231 1185 261 1212 δὲ
273 1187 339 1223 παρ’
350 1187 450 1219 αὐτοὺς
466 1186 621 1222 φρονοῦσιν.

183 1271 242 1305 tq'.
256 1272 463 1305 Σαϐελλιανοι,
471 1274 495 1300 οἱ
507 1273 540 1301 τὰ
551 1274 631 1309 ὃμοια
638 1273 796 1310 Νοητιανῶν
807 1273 934 1306 δοξάζον-

146 1325 205 1349 τες·
225 1317 300 1353 παρὰ
312 1318 359 1345 τὸν
369 1319 473 1353 Νοητὺν
487 1319 614 1354 Πατέρα²
625 1320 788 1347 πεπονθέναι
798 1320 933 1354 λέγοντες,

147 1363 312 1398 προφορικδν
319 1364 400 1391 πάλιν
413 1364 594 1400 ἀναχεόμενον
606 1365 652 1392 τὸν
665 1365 759 1400 Λόγον.

184 1452 232 1479 ΙΖ¹.
245 1452 448 1487 Ὧριγενιανοὶ,
460 1454 531 1485 τινὸς
547 1454 710 1490 Ὤριγένους,
722 1455 896 1490 Αἰσχροποιοὶ
906 1455 936 1482 δὲ

146 1494 220 1524 οὗτοί
235 1499 313 1529 εἰσιν,
326 1498 580 1534 ἀρῤητοποιοῦντες,
594 1500 641 1526 καὶ
655 1500 690 1527 τὰ
703 1500 807 1528 ἑαυτῶν
821 1500 935 1536 σώματα

149 1543 237 1579 φθορᾷ
252 1544 453 1579 παραδιδόντες.

985 960 1108 995 Angelici
1129 968 1194 988 vero
1222 961 1330 989 ordinis
1351 969 1380 988 se
1405 969 1466 989 esse
1484 961 1699 996 proﬁtebantur;
1723 964 1770 986 aut

984 1010 1058 1033 certe
1076 1007 1148 1041 quod
1165 1007 1279 1041 angelos
1296 1007 1467 1034 invocarent.

1019 1050 1078 1079 XV.
1097 1052 1253 1086 Apostalici.
1266 1052 1312 1088 qui
1323 1057 1350 1079 et
1359 1053 1514 1087 Apotactici.
1530 1052 1587 1080 sive
1598 1052 1770 1078 Renuntiatu-

983 1099 1067 1125 resin
1082 1097 1182 1126 Pisidia
1201 1099 1334 1126 duntaxat
1354 1099 1538 1126 inveniuntur.
1568 1098 1599 1124 lli
1622 1097 1695 1125 solos
1709 1097 1771 1125 illos

985 1143 1144 1176 admittunt,
1159 1145 1206 1179 qui
1221 1152 1252 1171 se
1266 1144 1344 1172 bonis
1358 1145 1483 1172 omnibus
1498 1144 1696 1171 abdicaverint.
1711 1143 1770 1170 Czc-

984 1194 1072 1215 terum
1105 1189 1307 1217 Encratitarum
1337 1189 1442 1218 similes
1472 1194 1552 1222 sunt,
1582 1189 1633 1217 etsi
1663 1189 1770 1216 diversa

985 1234 1107 1269 quaedam
1120 1235 1154 1262 ab
1173 1235 1227 1263 illis
1241 1239 1376 1263 statuunt.

1019 1279 1090 1307 XVI.
1112 1280 1259 1308 Sabelliani
1275 1289 1337 1308 cum
1351 1281 1491 1309 Noetianis
1506 1281 1533 1308 in
1556 1281 1684 1308 omnibus
1706 1288 1772 1315 pro-

985 1324 1130 1359 pemodum
1162 1326 1349 1359 consentiunt,
1375 1327 1428 1354 nisi
1450 1326 1522 1361 quod
1550 1326 1657 1354 Patrem
1681 1327 1770 1362 ipsum

985 1375 1086 1406 negant
1108 1378 1169 1398 esse
1195 1379 1325 1407 passum;
1345 1372 1380 1399 ab
1398 1379 1485 1407 eoque
1511 1373 1679 1407 prolatitium
1701 1372 1772 1399 dun-

985 1418 1061 1441 taxat
1080 1422 1190 1442 manare
1209 1415 1338 1443 Verbum.

1021 1459 1102 1487 XVII.
1129 1460 1282 1496 Origeniaui
1310 1469 1325 1488 a
1353 1461 1473 1496 quodam
1498 1461 1616 1497 Origene
1643 1461 1770 1489 derivati.

987 1504 1149 1540 Turpissimi
1170 1506 1216 1534 isti
1238 1511 1312 1539 sunt,
1332 1515 1364 1535 ac
1382 1507 1515 1535 nefariam
1530 1513 1557 1534 et
1573 1511 1770 1542 praeposteram

987 1550 1126 1577 libidinem
1155 1556 1293 1583 exercent,
1311 1560 1417 1588 suaque
1439 1558 1555 1588 corpora
1580 1558 1769 1587 corrumpunt.

175 1588 228 1615 IH'.
242 1589 430 1624 Ὠριγενιανοὶ
438 1590 522 1623 ἄλλοι,
532 1592 684 1627 Ὠριγένους
691 1592 737 1618 τοῦ
746 1592 793 1618 καὶ
801 1591 933 1627 Ἀδαμαν-

1020 1595 1113 1624 XVIII.
1145 1597 1299 1632 Origeniani
1327 1599 1373 1626 alii
1402 1599 1436 1626 ab
1467 1598 1582 1634 Origene
1609 1598 1772 1626 Adamantio

148 1634 270 1667 τῖου,τοῦ
280 1636 437 1669 συντάκτου,
444 1637 468 1663 οἱ
479 1638 528 1672 τὴν
538 1638 592 1663 τῶν
599 1637 702 1673 νεκρῶν
710 1638 858 1665 ἀνάστασιν
867 1638 934 1664 ἀπο-

148 1678 322 1714 σαλλόμενοι·
335 1680 452 1716 Χριστὸν
464 1681 493 1707 δὲ
504 1681 616 1717 κτίσμα,
628 1682 675 1708 καὶ
689 1681 718 1708 τὺ
732 1682 810 1715 ἅγιον
818 1682 934 1717 Πνεῦμα

149 1725 516 1762 εἰσηγούμενοι,παράδεισὸν
527 1736 556 1754 τε
567 1729 613 1754 καὶ
620 1727 649 1754 οὐ
654 1729 760 1764 ρανοὺς.
768 1727 858 1754 καὶτὰ
868 1728 934 1754 ἄλλα

148 1771 237 1798 πάντα
253 1771 465 1809 ἀλληγοροῦντες
475 1781 482 1788 ·
495 1773 613 1809 Χριστοῦ
624 1773 652 1800 δὲ
667 1773 717 1809 τὴν
732 1773 871 1809 βασιλείαν
885 1782 934 1800 πε-

149 1817 434 1854 παῦσθαιληροῦντες,
456 1819 505 1846 καὶ
522 1819 589 1855 ὁμοῦ
602 1820 664 1851 τοὺς
681 1820 812 1854 ἀγγέλους
828 1819 936 1855 παυοή-

150 1863 260 1890 σεσθαι·
297 1864 414 1900 Χριστὸν
438 1865 467 1891 δὲ
506 1866 554 1892 σὺν
598 1865 713 1901 διαϐόλῳ
745 1864 937 1900 βασιλευθησο-

151 1910 225 1946 μένῳ
232 1911 252 1938 ³.

986 1641 1130 1677 scriptore.
1147 1641 1179 1669 Hi
1202 1647 1376 1671 mortuorum
1398 1645 1630 1672 resurrectionem
1649 1648 1770 1679 negant;
1821 1662 1822 1665 η

987 1691 1042 1715 tam
1055 1688 1205 1720 Christum,
1230 1698 1311 1725 quam
1327 1690 1459 1725 Spiritum
1473 1695 1598 1719 sanctum
1621 1691 1723 1718 creatis
1744 1690 1771 1717 in

988 1733 1071 1761 rebus
1088 1739 1248 1768 numerant;
1272 1736 1440 1770 paradisum,
1458 1744 1490 1764 ac
1504 1736 1601 1767 coalos.
1620 1741 1773 1770 cmteraque

988 1778 1080 1804 omnia
1100 1778 1133 1804 ad
1152 1780 1296 1815 allegorias
1310 1780 1432 1808 referunt
1444 1789 1459 1808 ;·
1471 1780 1573 1809 Christi
1590 1788 1703 1816 regnum
1717 1785 1772 1808 ter-

989 1823 1148 1851 minandum
1165 1833 1238 1858 esse,
1255 1826 1447 1862 desiturosque
1458 1827 1582 1855 similiter
1597 1826 1709 1863 angelos
1722 1827 1773 1854 do-

989 1873 1071 1902 cent;
1086 1870 1266 1906 eumdemque
1281 1879 1344 1899 cum
1365 1873 1474 1900 diabolo
1495 1872 1634 1901 Christum
1659 1872 1772 1900 alterius

988 1921 1050 1942 esse
1065 1922 1150 1951 regno
1164 1917 1376 1952 subjiciendum.

188 1991 196 2006 '
211 2000 255 2025 γρ.
267 1992 458 2027 «gemmam;
470 1992 517 2019 τοῦ
530 1992 612 2028 νόμου
627 1992 675 2019 καὶ
688 1992 743 2020 τῶν
754 1992 911 2028 προφητῶν.
949 1993 959 2008 ¹
970 1993 1048 2022 Corr.
1064 1996 1140 2032 παρὰ
1158 1996 1237 2023 τοῦτο
1262 1997 1341 2033 μόνον
1352 2006 1358 2012 ·
1381 1996 1427 2024 τὸν
1442 1997 1510 2025 Πατ.
1550 2000 1559 2015 ³
1571 1996 1600 2023 F.
1617 1994 1774 2031 βασιλευθη-

152 2025 272 2060 σύμενον.

378 2151 567 2195 ΤΟΜΟΣ
601 2152 820 2195 ΠΡΩΤΟΣ
860 2153 974 2195 ΤΟΥ
1013 2151 1299 2198 ΔΕΥΤΕΡΟΥ
1325 2155 1556 2199 ΒΙΒΛΙΟΥ.

673 2289 837 2332 LIBRI
877 2288 921 2331 II
960 2288 1160 2334 TOMUS
1198 2289 1236 2334 Ι.

378 2409 473 2436 ΚΑΤΑ
490 2403 721 2440 ΕΓΚΡΑΤΙΤΩΝ,

422 2455 476 2481 KZ'
490 2453 509 2488 ἢ
527 2453 576 2481 καὶ
590 2453 659 2481 MZ'.

177 2500 216 2527 A’.
225 2499 398 2535 Ἐγκροιτίταί
408 2508 480 2531 τινες
492 2499 563 2525 οὕτω
571 2499 741 2534 καλούμενοι,
752 2496 823 2526 οὗτοι
833 2500 878 2527 τὸν
887 2501 938 2527 Τα-

149 2546 239 2574 τιανδν
248 2546 422 2581 διαδέχονται,
436 2546 515 2580 φύσει
533 2546 578 2572 ὑπ’
595 2545 677 2572 αὑτοῦ
692 2545 895 2581 πεπλανημένοι
906 2556 935 2574 τε

150 2592 197 2618 καὶ
213 2591 383 2627 ἠπατημένοι
391 2599 398 2607 ⁸
413 2591 494 2627 ἕτερα
504 2591 536 2620 δὲ
546 2591 621 2626 παρὰ
632 2590 726 2617 τοῦτον
740 2592 934 2627 φρονήσαντες,

150 2638 197 2664 καὶ
204 2638 244 2670 εἱς
253 2637 364 2673 μείζονα
371 2637 451 2663 πάλιν
460 2637 616 2673 ὲρεσχελίαν
626 2637 739 2668 ἑαυτοὺς
748 2637 935 2669 ὲκδεδωκότες.

152 2683 318 2719 Πληθύνουσι
328 2683 357 2710 δὲ
369 2679 441 2710 οὗτοι
457 2683 504 2709 καὶ
514 2683 553 2714 εἰς
569 2682 647 2718 δεῦρο
660 2683 688 2708 ἐν
703 2684 735 2718 τῇ
750 2683 869 2718 Πισιδιᾳ.
888 2684 935 2710 καὶ

150 2731 178 2756 ἐν
187 2730 220 2765 τῇ
226 2729 330 2769 Φρυγίᾳ
339 2730 373 2764 τῇ
383 2728 547 2765 Κεκαυμένῃ
556 2728 624 2764 (95),
631 2729 701 2756 οὕτω
712 2728 938 2765 λεγομένῃ.”1σως

187 2787 242 2824 (95)
268 2787 316 2814 Ἐν
331 2787 368 2824 τῇ
380 2789 492 2824 Φρυγίᾳ
506 2787 543 2822 τῇ
558 2789 734 2824 κεκαυμένῃ.
751 2789 788 2815 Ea
803 2792 845 2816 est
859 2789 938 2824 apud

152 2821 314 2860 ﬁtrabonem
330 2821 416 2860 Laur
430 2821 566 2860 Lydorum
577 2844 584 2853 ,
602 2821 795 2860 Mysorumque
811 2821 891 2860 regio'
905 2825 937 2851 ad

152 2855 327 2894 Maeandrum.
341 2857 383 2894 VAt
401 2853 555 2894 Stephanus
578 2853 830 2894 Καὲακεκαυῂἐνην
842 2853 938 2893 χώραν

151 2891 188 2919 ait
204 2899 265 2920 esse
277 2892 326 2926 τῆς
340 2891 466 2927 Ἐφεσίας
481 2901 514 2922 cx
530 2902 578 2922 xm
592 2894 735 2923 Strabonis
746 2891 826 2922 libro.
841 2891 940 2922 Galeri

1113 2411 1196 2447 399
1213 2411 1396 2439 ADVERSUS
1415 2411 1644 2443 ENCRATITAS.

1096 2458 1161 2491 Quae
1178 2463 1217 2485 est
1237 2458 1344 2486 heresis
1358 2458 1410 2485 XX
1418 2458 1472 2485 VII
1483 2459 1536 2486 sive
1550 2458 1669 2486 XLVII.

1026 2503 1047 2530 1.
1067 2504 1117 2536 Qui
1141 2503 1286 2530 Encratitre
1315 2507 1464 2534 vocantur,
1489 2503 1603 2530 Tatiano
1634 2511 1774 2532 successe-

991 2554 1065 2580 runt.
1086 2549 1164 2584 cujus
1177 2549 1317 2577 erroribus
1333 2549 1428 2576 imbuti
1446 2553 1520 2581 sunt,
1537 2549 1705 2585 eosdemque
1723 2558 1772 2578 no-

990 2595 1032 2622 vis
1050 2594 1224 2630 opinionibus
1246 2594 1431 2626 cumularunt,
1453 2598 1480 2621 et
1498 2595 1616 2629 majores
1633 2603 1719 2630 nugas
1740 2602 1773 2621 ac

992 2641 1087 2669 deliria
1106 2640 1252 2668 commenti
1281 2644 1353 2667 sunt.
1386 2639 1487 2667 [lorum
1509 2640 1604 2675 ingens
1631 2645 1673 2669 cst
1695 2641 1774 2667 hodie

993 2693 1122 2712 numerus
1148 2686 1176 2712 in
1202 2684 1315 2716 Pisidia,
1339 2692 1425 2719 eaque
1448 2684 1572 2720 Phrygia:
1596 2689 1682 2720 parte.
1712 2693 1773 2720 qum

991 2731 1096 2758 Adusta
1111 2730 1221 2758 dicitur.
1245 2729 1323 2763 Quod
1335 2730 1359 2757 ei
1381 2730 1485 2764 regioni
1510 2738 1608 2758 nomen
1634 2735 1708 2757 certo
1726 2730 1773 2758 Dei

989 2790 1131 2826 Phrygiam
1155 2798 1215 2818 esse
1238 2794 1361 2818 censent.
1388 2789 1497 2826 Invenio
1510 2793 1537 2815 ct
1552 2787 1711 2826 Laodiceam
1722 2796 1773 2826 εο-

988 2823 1134 2860 gnomento
1151 2826 1394 2860 κατακεκαυμένην
1419 2825 1447 2852 in
1471 2824 1620 2860 Lycaonia,
1645 2823 1702 2851 sive
1717 2823 1774 2851 Ga-

989 2862 1064 2894 latia,
1077 2861 1146 2888 haud
1163 2861 1258 2897 procul
1274 2859 1437 2889 ab'Isauria.
