1964 3047
211 163 258 192 851

919 167 948 195 S.
968 167 1139 195 EPIPHANII

1788 167 1843 194 85?.

209 222 327 250 consilio
350 221 465 251 forsitan
484 223 600 251 inditum
626 227 679 257 est,
697 225 770 260 quod
785 225 848 254 talis
870 233 902 254 ac
921 227 989 253 tanti

1052 225 1106 262 γὰρ
1120 225 1188 252 κατὰ
1199 224 1265 251 Θεοῦ
1281 225 1435 260 οἰκονομίαν
1449 232 1456 239 ⁸
1476 225 1522 251 καὶ
1534 223 1647 260 οὕτωςὴ
1662 225 1760 261 πατρὶς
1775 226 1840 252 τοῦ-

209 268 313 296 erroris
325 268 460 303 pravitate
473 269 546 297 illius
563 269 658 297 incolae
674 270 876 305 quodammodo
891 271 994 298 conﬂa—

208 313 358 348 graverint.
385 312 434 340 Est
460 314 532 341 enim
558 314 707 342 lueresibus
734 315 856 350 adprime
882 314 993 342 referta.

208 358 342 386 Praeterea
362 366 428 386 vero
449 359 477 386 in
497 359 569 387 Asia:
594 361 754 395 provinciis,
784 364 811 388 et
834 361 861 388 in
878 361 993 393 Isauria,

207 405 378 441 Pamphylia,
403 405 507 437 Cilicia,
535 406 652 440 Galatia,
680 407 827 434 Encratita:
854 408 993 443 propagati

207 455 290 483 sunt;
305 451 361 478 imo
375 455 402 478 et
423 451 450 478 in
470 451 593 479 Romano
606 457 706 485 tractu,
727 457 754 479 et
772 453 944 480 Autiocheno
967 453 995 480 in

209 497 299 532 Syria,
317 497 382 526 licet
396 506 450 525 non
468 499 568 533 ubique
585 499 747 534 pervaserit.

243 629 325 665 500
340 628 477 664 Principia
500 629 583 657 etiam
607 629 645 656 illi
661 629 739 664 plura
762 630 944 661 constituunt,
968 633 996 656 et

208 675 280 703 inter
294 683 326 702 ea
341 675 480 702 diabolum
497 675 628 706 referunt.
644 683 725 711 quem
742 675 788 703 Dei
800 676 930 711 operibus
945 676 995 702 ad-

207 722 322 754 versari,
341 730 391 750 nec
407 721 446 749 illi
465 729 526 750 esse
547 722 687 750 subditum
707 723 813 755 volunt,
832 722 879 750 sed
897 722 995 758 ιιι-κρεῖ-

208 774 262 801 pua
271 767 391 802 quadam
411 771 544 802 potestate
558 768 701 803 prwditum
723 775 803 803 agere
823 775 885 803 quae
907 768 995 795 libue-

209 811 256 843 rit,
271 819 326 838 non
342 812 446 839 malitia
464 812 652 848 depravatum.
672 813 740 840 Cum
756 812 880 841 Ecclesia
895 813 996 848 quippe

208 857 323 886 minime
347 858 534 893 consentiunt,
553 858 601 886 sed
623 866 638 886 a
655 859 778 887 veritatis
792 859 917 886 doctrina
934 859 995 886 lon-

208 904 270 937 gius
286 903 424 931 aberrant.
444 903 518 932 Inter
542 905 685 940 primarias
711 905 870 940 Scripturas
895 905 996 933 habt-nt

206 947 324 976 Andr-ea:
335 956 367 976 ac
377 949 491 979 Joannis
517 950 582 978 Acta
592 970 600 982 ,
632 958 738 978 necnon
751 951 872 984 Thomae,
888 956 914 978 et
928 960 995 986 apo-

208 995 326 1029 cryphos
350 995 429 1023 alios.
454 995 475 1022 E
491 996 586 1024 Vetere
610 996 786 1025 Testamento
802 1005 863 1033 quae
885 998 995 1025 libuerit

208 1034 322 1075 eligunt.
345 1040 508 1076 Nuptiarum
532 1046 670 1070 auctorem
694 1043 834 1070 diabolum
850 1042 995 1071 manifeste

208 1087 388 1114 constituunt.
403 1087 538 1116 Animatis
552 1089 625 1116 vesci
643 1089 799 1123 prohibent,
815 1098 869 1117 non
887 1094 994 1125 tempe-

207 1133 305 1160 rantiae
323 1133 425 1165 studio,
450 1141 538 1169 neque
553 1135 685 1169 peculiari
713 1143 747 1163 ex
778 1136 905 1163 instituto
922 1136 993 1168 vitm,

208 1179 256 1207 sed
272 1179 340 1206 falso
353 1179 471 1214 quodam
487 1185 514 1206 et
531 1180 656 1208 aﬂectato
675 1186 760 1214 metu,
781 1189 815 1209 ne
838 1182 873 1208 ob
889 1182 994 1209 anima-

208 1230 298 1252 torum
331 1233 410 1253 usum
440 1227 491 1254 sibi
519 1227 571 1262 ipsi
605 1227 810 1255 damnationem
841 1232 994 1256 arcessant.

207 1271 313 1305 Aquam
346 1270 380 1297 ad
409 1271 539 1306 mysteria
565 1272 651 1299 solam
675 1271 816 1299 adhibent.
839 1272 906 1299 Nam
930 1274 995 1300 vino

208 1317 317 1351 penitus
344 1317 492 1349 abstinent,
513 1322 541 1346 et
555 1318 721 1346 diabolicum
747 1319 899 1354 appellant;
921 1320 994 1354 quod

207 1364 255 1398 qui
273 1364 379 1396 bibant,
400 1371 466 1392 eove
482 1368 604 1398 utantur,
624 1365 764 1400 improbos
788 1370 815 1393 et
835 1372 994 1401 peccatores

207 1415 271 1435 esse
294 1412 428 1436 statuunt.
449 1408 619 1436 Mortuorum
637 1411 869 1438 resurrectionem
894 1418 994 1447 appre-

207 1453 284 1485 bant,
297 1454 367 1481 adeo
379 1459 409 1481 ut
426 1454 537 1482 furiosa:
553 1456 697 1489 cujusdam
712 1457 827 1484 insania:
842 1457 921 1492 plena
937 1458 994 1484 haec

207 1507 269 1527 esse
281 1499 406 1527 videatur
418 1498 542 1528 haeresis.
556 1501 604 1529 Est
618 1501 685 1529 illud
700 1510 767 1530 sane
785 1503 932 1537 cujuslibet
950 1510 994 1530 sa-

206 1545 308 1579 pientis
329 1550 357 1572 ct
379 1545 571 1573 observatione
588 1551 615 1573 et
628 1547 809 1575 admiratione
822 1548 944 1583 dignum,
961 1556 994 1575 ex

207 1592 338 1619 omnibus
354 1599 415 1627 qua:
429 1592 464 1619 ab
482 1592 618 1620 luereticis
635 1593 688 1620 dici
714 1593 828 1628 ﬁerique
842 1594 993 1624 cernimus.

208 1638 277 1664 nihil
293 1637 346 1666 sibi
360 1643 492 1666 constans
507 1646 540 1665 ac
554 1643 770 1666 consentaneum
785 1647 858 1672 esse,
875 1645 922 1668 aut
941 1640 995 1667 ulla

207 1683 332 1711 veritatis
349 1683 439 1718 specie
453 1683 602 1718 probabile.

245 1773 277 1800 ll.
297 1773 404 1801 Etenim
418 1774 439 1801 si
453 1779 506 1801 tam
517 1773 611 1808 Vetus,
625 1781 705 1809 quam
721 1774 825 1801 Novum
838 1774 996 1803 Testamen-

208 1825 267 1848 tum
289 1820 436 1856 recipiunt,
453 1820 590 1854 quomodo
604 1820 714 1847 divorsa
736 1820 781 1847 illa
799 1820 933 1854 principia
948 1828 996 1854 po-

208 1872 318 1898 nentur.
342 1874 403 1894 cum
420 1867 501 1894 ambo
523 1867 594 1894 inter
611 1875 641 1894 se
655 1866 832 1894 Testamenta
853 1867 887 1894 de
901 1867 996 1901 singu-

209 1912 260 1940 lari
288 1912 431 1939 divinitate
455 1912 640 1943 cousentiaut,
668 1911 786 1946 ejusque
811 1911 996 1946 cognitionem

208 1958 376 1995 praedicent?
397 1957 437 1984 Ad
455 1959 522 1990 haec,
536 1958 560 1986 si
587 1962 757 1985 mortuorum
781 1963 824 1985 est
841 1958 932 1984 futura
952 1966 996 1985 re-

209 2005 355 2037 surrectio,
379 2005 425 2039 qui
445 2004 554 2032 tandem
575 2003 696 2031 honesta:
719 2004 821 2038 nuptiae
835 2003 917 2030 tribui
937 2003 997 2030 dia-

208 2051 271 2078 bolo
290 2054 416 2085 possunt,
438 2057 500 2077 cum
525 2050 677 2085 praesertim
693 2049 764 2077 Deus
785 2050 919 2077 edixerit:
933 2049 996 2077 Cre-

208 2096 273 2122 scite
292 2099 317 2122 et
332 2095 585 2128 multiplicamini‘;
607 2099 634 2121 et
652 2095 680 2121 in
696 2094 843 2129 Evangelio
864 2094 996 2123 Dominus

210 2142 247 2168 ita
263 2142 440 2177 praeceperit:
455 2140 521 2174 Qum
545 2140 614 2167 Deus
638 2140 775 2172 coniunxit
794 2140 870 2167 homo
893 2149 945 2168 non
961 2149 997 2168 se-

209 2189 322 2222 parat';
338 2187 385 2214 sed
404 2191 430 2214 et
452 2186 616 2222 Apostolus:
640 2185 816 2212 llonorabiles
841 2187 949 2220 nuptitz.
972 2192 996 2214 et

211 2237 284 2258 torus
308 2230 495 2258 immaculata;
507 2231 528 2257 ³.
552 2229 652 2257 Verum
672 2230 706 2257 ad
729 2231 884 2265 opinionem
908 2239 995 2262 suam.

210 2277 269 2304 sive
287 2276 377 2311 potius
400 2275 518 2302 fabulam
536 2275 724 2307 asserendam,
744 2283 847 2311 eosque
863 2277 996 2303 damnan—

209 2323 271 2354 dos,
283 2322 330 2357 qui
341 2322 433 2349 vinum
446 2322 587 2353 adhibent,
603 2322 743 2349 nonnullis
756 2323 906 2350 abutuntur
921 2322 997 2350 Scri-

210 2373 298 2403 ptura;
309 2368 387 2399 locis,
401 2375 433 2394 ac
442 2375 522 2395 voces
536 2372 717 2403 aucupantur,
731 2368 832 2403 quibus
846 2376 860 2394 a
874 2369 998 2396 daemone

210 2414 362 2450 profectum
381 2414 454 2441 istud
469 2414 557 2449 ipsum
577 2414 776 2441 demonstrent.
794 2413 861 2440 Nam
881 2420 908 2441 et
930 2414 999 2441 Noe-

210 2469 283 2492 mus,
309 2461 447 2496 inquiunt,
471 2466 648 2496 posteaquam
673 2461 764 2487 vinum
787 2461 864 2491 bibit,
880 2461 998 2488 nudatus

209 2510 253 2534 est
262 2506 284 2533 ⁵.
300 2506 351 2533 Lot
369 2507 462 2534 ebrius
476 2514 537 2533 cum
557 2507 664 2534 liliabns
688 2507 746 2534 suis
763 2507 921 2541 impruleus
936 2516 996 2534 con-

212 2552 309 2580 cubuit
320 2553 341 2579 ⁵.
360 2552 458 2580 Eadem
481 2553 514 2579 ad
536 2553 725 2580 fabricandum
746 2553 862 2580 vitulum
879 2554 998 2581 ebrietas

210 2600 317 2635 impulit
326 2599 347 2626 σ.
361 2599 420 2632 Quo
430 2600 475 2626 illa
488 2599 635 2635 Scriptura:
646 2600 727 2627 Verba
737 2600 872 2635 pertinent
880 2608 887 2626 :
895 2599 945 2627 Cui
957 2607 998 2626 tu-

212 2648 332 2675 multus?
352 2648 396 2674 cui
415 2648 531 2682 pagum?
546 2647 588 2673 cui
605 2647 730 2674 molestia:
753 2655 783 2673 ac
797 2646 998 2679 fabulationes?

211 2693 253 2721 cui
275 2692 353 2728 m1
377 2693 546 2719 contritiones
577 2692 699 2726 frustra?
729 2693 805 2727 cujus
834 2693 908 2720 lividi
938 2698 997 2720 sunt

210 2739 303 2767 ocuii?
326 2738 418 2766 Nonne
441 2746 530 2766 eorum
554 2739 599 2772 qui
618 2743 856 2766 commemorantur
876 2739 903 2765 in
917 2739 998 2766 vino?

247 2829 256 2844 ‘-
272 2827 340 2856 Gen.
357 2836 375 2857 t,
393 2828 444 2859 28;
460 2836 496 2859 ix,
520 2828 544 2854 Ι.

210 2862 240 2891 4.
277 2863 286 2878 ⁷
301 2862 332 2889 1".
355 2864 452 2898 πάντη.
491 2864 502 2879 ⁸
516 2862 596 2890 Deest
611 2863 722 2897 aliquid.
760 2866 770 2880 ν
787 2863 816 2890 F.
849 2865 917 2891 κατᾲ
933 2864 995 2890 τῶν.

584 2828 593 2843 ¹
609 2827 703 2854 Matth.
720 2836 777 2859 XIX,
794 2828 820 2855 6.
859 2828 869 2844 ³
881 2828 962 2855 Hebr.
974 2835 1033 2862 xm,
1056 2829 1081 2856 4.

1045 280 1114 307 νομα
1130 271 1222 307 εἴληφε
1237 271 1376 298 καλεῖσθαι
1391 272 1420 297 ὲν
1435 271 1474 306 τῷ
1486 271 1590 307 κόσμῳ,
1600 271 1644 298 διὰ
1652 271 1840 300 τὺκεκαῦσθαι

1045 318 1108 350 τοὺς
1128 319 1272 352 οἰκήτορας
1293 317 1347 344 ἀπο
1366 317 1416 352 τῆς
1439 316 1604 352 διαστροφῆς
1644 318 1693 352 τῆς
1711 317 1840 353 τοιαύτης

1046 364 1092 391 καὶ
1103 363 1237 399 τοσαύτης
1250 363 1363 399 πλάνης.
1380 363 1479 390 Πολλα).
1494 364 1548 399 γὰρ
1562 364 1682 399 αἱρέσεις
1693 365 1721 391 ἐν
1733 365 1772 400 τῷ
1785 374 1840 400 χω‹

1048 409 1106 445 ρίῳ.
1133 410 1193 436 Εἰσὶ
1213 410 1241 436 δὲ
1264 410 1311 436 καὶ
1332 410 1360 435 ὲν
1381 410 1476 445 μέρεσι
1495 410 1546 444 τῆς
1570 410 1674 441 Ἀσίας,
1694 412 1743 437 καὶ
1763 412 1792 437 ὲν
1803 412 1838 446 τῇ

1053 455 1190 490 Ίσαύρων,
1214 456 1259 482 καὶ
1273 455 1439 490 Παμφύλων,
1466 455 1513 481 καὶ
1536 455 1654 482 Κιλίκων
1676 457 1721 491 γῇ.
1740 457 1788 483 καὶ
1808 457 1838 483 ἐν

1045 501 1178 537 Γαλατία·
1202 501 1251 537 ἤδη
1274 501 1302 527 δὲ
1321 502 1367 528 καὶ
1389 501 1434 527 ἐπὶ
1449 501 1480 527 τὸ
1497 501 1551 528 τῶν
1572 501 1708 537 Ῥωμαίωε
1733 503 1836 538 μέρος·

1045 547 1112 574 ἀλλὰ
1137 548 1184 574 καὶ
1206 548 1252 574 ἐπὶ
1271 547 1321 583 τῆς
1341 547 1394 574 τῶν
1415 547 1570 583 Ἀντιοχέων
1591 548 1639 583 τῆς
1660 549 1769 584 Συρῖας.
1799 550 1838 576 (ιὺ

1046 593 1127 619 παντὶ
1140 594 1149 608 ⁷
1168 593 1197 619 δὲ
1214 594 1230 628 ἡ
1243 594 1356 628 τοιαύτη
1372 593 1489 629 αἵρεσις.

1080 639 1215 666 Φάσκουσι
1231 640 1259 666 δὲ
1279 640 1326 666 καὶ
1352 636 1423 666 οὗτοι
1443 639 1530 674 ἀρχάς
1547 648 1622 671 τινας
1644 637 1722 672 εῖναι,
1748 641 1797 675 τήν
1808 649 1838 666 τε

1045 685 1092 712 τοῦ
1117 685 1240 712 διαϐόλου
1266 686 1459 720 ἀντικειμένην
1473 686 1542 721 πρὸς
1562 686 1598 712 τὰ
1612 685 1658 712 τοῦ
1673 685 1740 712 6εοῦ
1761 687 1839 722 ποιή-

1047 740 1127 767 ματα,
1153 731 1200 757 καὶ
1220 731 1258 768 μὴ
1284 731 1511 767 ὑποτασσομένην
1529 732 1603 767 Θεῷ·
1624 732 1692 759 ἀλλὰ
1711 732 1837 768 ἰσχύοντα

1046 777 1092 804 καὶ¹
1105 777 1266 813 πράττοντα,
1287 778 1326 810 ὡς
1340 778 1411 805 κατὰ
1434 778 1501 805 ἰδίαν
1524 777 1656 811 ἐξουσίαν,
1672 779 1718 806 καὶ
1731 779 1780 814 οὐχ
1797 779 1836 811 ὡς

1046 824 1075 850 ὲν
1087 825 1266 859 παρεκτροπῇ
1279 824 1434 859 γενόμενον.
1451 824 1489 850 Οὐ
1505 823 1559 860 γὰρ
1571 824 1641 851 κατὰ
1652 824 1701 860 τὴν
1720 824 1821 861 Ἐκκλη

1047 869 1107 895 σίαν
1123 869 1257 903 λέγουσιν,
1274 869 1342 896 ἀλλὰ
1355 869 1442 900 ἄλλως
1453 869 1530 905 παρὰ
1541 870 1571 896 τὺ
1584 870 1633 904 τῆς
1646 870 1775 908 ἀληθείας
1786 877 1836 906 κη-

1049 924 1151 950 ρυγμα.
1178 915 1332 950 Κέχρηνται
1346 916 1373 942 δὲ
1388 916 1508 951 Γραφαῑς
1524 915 1708 950 πρωτοτύπως
1721 917 1780 947 ταῖς
1791 915 1834 942 λε-

1047 960 1176 995 γομέναις
1196 960 1319 996 Ἀνδρέου
1338 960 1384 987 καὶ
1405 961 1528 987 Ἰωάννου
1540 959 1671 994 Πράξεσι,
1685 961 1732 987 καὶ
1740 960 1836 996 Santi,

1047 1005 1094 1031 καὶ
1121 1005 1290 1040 ἁποκρύφοις
1311 1005 1386 1037 τισὶ,
1402 1005 1449 1032 καὶ
1466 1003 1506 1037 οἷς
1525 1005 1663 1040 βούλονται
1686 1005 1776 1039 λόγοις
1787 1005 1839 1040 τῆς

1049 1050 1171 1082 Παλαιᾶς
1182 1051 1330 1086 Διαθήκης.
1342 1051 1394 1077 Τὸν
1410 1051 1439 1078 δὲ
1451 1051 1540 1086 γάμον
1551 1044 1643 1086 σαφῶς
1655 1051 1701 1078 τοῦ
1715 1051 1841 1078 διαϐόλου

1045 1096 1191 1131 ὁρίζονται.
1214 1096 1344 1132 Ἐμψυχα
1360 1096 1388 1122 δὲ
1404 1096 1592 1131 βδελύσσονται
1611 1096 1839 1132 ἀπαγορεύοντες,

1045 1142 1094 1177 οὐχ
1112 1142 1203 1169 ἕνεκεν
1228 1142 1402 1177 ἐγκρατείας,
1427 1141 1488 1169 οὔτε
1511 1143 1661 1175 πολιτείας,
1679 1142 1748 1170 ἀλλὰ
1765 1142 1837 1169 κατὰ

1046 1188 1144 1222 φόϐον,
1177 1188 1223 1215 καὶ
1253 1188 1378 1223 ίνδαλμὸν
1398 1187 1445 1214 τοῦ
1469 1188 1506 1224 μὴ
1533 1188 1762 1223 καταδικασθῆναι
1784 1187 1839 1214 ἀπὺ

1045 1234 1096 1268 τῆς
1115 1233 1168 1260 τῶν
1197 1233 1326 1268 ἐμψύχων
1347 1233 1535 1269 μεταλήψεως.
1564 1233 1719 1270 Κέχρηνται
1740 1233 1768 1259 δὲ
1791 1234 1837 1260 καὶ

1045 1277 1120 1304 αὐτοὶ
1142 1277 1300 1313 μυστηρίοις
1315 1277 1348 1303 δι’
1363 1276 1467 1308 ὓδατος.
1492 1276 1572 1304 Οἶνον
1590 1277 1617 1304 δὲ
1635 1277 1704 1310 ὅλως
1713 1277 1743 1304 ού
1755 1286 1836 1313 μεταο

1045 1323 1228 1358 λαμϐάνουσι·
1254 1323 1404 1357 φάσκοντες
1428 1320 1497 1349 εἶναι
1518 1323 1684 1350 διαϐολικόνι
1705 1323 1752 1350 καὶ
1774 1323 1840 1355 τοὺς

1045 1369 1180 1400 πίνοντας,
1206 1369 1252 1395 καὶ
1277 1369 1339 1399 τοὺς
1363 1368 1519 1404 χρωμένους
1546 1369 1664 1404 ἀνόμους
1691 1367 1761 1395 εἶναι
1790 1368 1839 1394 καὶ

1046 1414 1214 1450 ἁμαρτάδας.
1243 1413 1404 1440 Πιστεύουσι
1423 1414 1452 1440 δὲ
1478 1413 1526 1440 καὶ
1549 1414 1653 1449 νεκρῶν
1679 1413 1840 1440 ἀνάστασιν.

1051 1460 1095 1490 Ὠς
1111 1458 1181 1485 εἶναι
1200 1459 1274 1494 παρὰ
1295 1460 1351 1490 τοῖς
1372 1458 1443 1484 οὕτω
1462 1458 1682 1493 πεπλανημένοις
1700 1458 1734 1484 τὰ
1750 1457 1839 1483 πάντα

1047 1505 1145 1540 μανίας
1164 1504 1279 1540 ἔμπλεα.
1307 1505 1362 1531 Καὶ
1376 1503 1432 1539 γὰρ
1451 1503 1524 1530 ἔστιν
1542 1504 1606 1530 ἰδεῖν
1627 1504 1674 1530 καὶ
1689 1503 1840 1538 θαυμάσαι,

1048 1551 1095 1577 καὶ
1115 1552 1154 1582 εἰς
1169 1549 1299 1585 ἔκπληξιν
1311 1549 1400 1576 ἐλθεῖν
1420 1550 1466 1576 τὸν
1481 1549 1624 1585 ἄνθρωπον
1641 1549 1705 1586 περὶ
1718 1550 1840 1582 πάντων,

1047 1594 1084 1624 ὧν
1099 1598 1122 1623 oi
1138 1596 1272 1632 ἀλλότριοι
1288 1596 1399 1630 λέγουσί
1415 1604 1444 1622 τε
1457 1596 1503 1622 καὶ
1520 1596 1685 1631 πράττουσιν
1696 1603 1703 1611 ·
1722 1596 1842 1623 ἀσυστά-

1045 1652 1099 1676 τως
1113 1643 1166 1670 τῶν
1182 1643 1290 1669 πάντων
1318 1643 1383 1678 παρ’
1406 1643 1497 1674 αὐτοῖς
1511 1642 1665 1677 λεγομένων
1686 1651 1716 1668 τε
1734 1642 1782 1669 καὶ
1797 1650 1842 1676 γι-

1045 1688 1184 1723 νομένων,
1210 1689 1256 1714 καὶ
1277 1687 1412 1723 μηδεμίαν
1432 1687 1551 1722 ἔμφασιν
1569 1687 1696 1722 ἀληθείας
1718 1687 1843 1722 ἐπιδεχο-

1048 1735 1147 1771 μένων.

1082 1782 1118 1807 B’.
1135 1780 1166 1807 Εί
1177 1780 1232 1815 γὰρ
1241 1780 1387 1816 κέχρηνται
1400 1779 1506 1815 Παλαιᾷ
1517 1780 1563 1806 καὶ
1571 1779 1768 1815 ΝέᾳΔιαθήκῃ,
1781 1778 1842 1811 πῶς

1046 1827 1129 1863 ἀρχαὶ
1137 1827 1261 1861 διάφοροι
1268 1825 1525 1861 εὑρεθήσονται,τῶν
1530 1825 1577 1851 δύο
1583 1827 1599 1851 Δ
1605 1825 1724 1860 ιαθηκῶν
1730 1833 1843 1860 συμφω-

1046 1871 1148 1897 νουσῶν
1161 1871 1224 1905 περὶ
1237 1871 1300 1906 μιᾶς
1312 1869 1448 1906 θεότητος,
1460 1870 1507 1896 καὶ
1521 1870 1570 1905 τὴν
1580 1870 1680 1904 γνῶσιν
1691 1878 1842 1905 κηρυττου-

1048 1917 1101 1943 σῶν
1109 1917 1119 1932 ’³
1130 1926 1136 1950 ;
1149 1916 1180 1942 Ei
1189 1916 1216 1942 δὲ
1223 1916 1265 1950 εἴη
1274 1915 1320 1942 καὶ
1327 1916 1430 1950 νεκρῶν
1438 1916 1596 1947 ἀνάστασις,
1605 1915 1663 1946 πῶς
1671 1915 1710 1941 ἔτι
1718 1916 1732 1942 ὁ
1741 1915 1841 1950 σεμνὸς

1046 1965 1134 2000 γάμος
1152 1963 1197 1990 τοῦ
1213 1963 1336 1990 διαϐόλου
1356 1962 1532 1998 εὑρεθήσεται
1548 1982 1556 1993 ,
1573 1963 1652 1989 ὁπότε
1664 1962 1729 1994 Θεὸς
1744 1962 1819 1996 λέγει
1831 1970 1838 1976 ·

1047 2012 1065 2037 Α
1073 2011 1219 2043 uitii-£005
1231 2010 1278 2036 καὶ
1295 2011 1486 2043 πληθύνοσθε
1496 2018 1502 2024 ·
1528 2011 1574 2036 καὶ
1587 2009 1634 2036 τοῦ
1651 2009 1749 2044 Κυρίου
1760 2009 1790 2035 ἐν
1799 2009 1841 2044 τῷ

1047 2055 1205 2091 Εὐαγγελίῳ
1225 2055 1366 2089 λέγοντος’
1401 2056 1430 2081 Ἃ
1451 2056 1467 2081 ό
1484 2055 1555 2087 Θεὸς
1571 2054 1767 2086 συνέζευξεν,
1785 2055 1840 2081 ἄν·

1047 2103 1161 2135 θρωπος
1172 2101 1215 2135 μὴ
1229 2100 1384 2135 χωριζέτωσ
1399 2101 1446 2127 καὶ
1460 2101 1507 2127 τοῦ
1522 2101 1684 2127 ’Λποστόλου
1695 2100 1820 2134 λέγοντος
1831 2109 1838 2116 ·

1050 2149 1146 2182 Τίμιος
1162 2149 1178 2173 o'
1192 2147 1293 2181 γάμος,
1310 2147 1357 2173 καὶ
1372 2148 1390 2180 νὴ
1404 2147 1487 2182 κοίτη
1501 2147 1657 2181 ἀμίαντος
1674 2147 1721 2178 Et;
1733 2147 1841 2173 ἑαυτῶν

1047 2194 1074 2220 δὲ
1088 2193 1199 2229 γνώμην
1214 2194 1260 2220 καὶ
1276 2194 1447 2230 παράστασιν
1462 2193 1623 2229 μυθολογίας
1638 2193 1684 2220 καὶ
1701 2193 1775 2219 τῶν⁹
1793 2202 1841 2219 πι-

1015 2249 1035 2274 ι)
1050 2239 1148 2265 νόντων
1165 2239 1209 2264 τὸν
1224 2236 1305 2270 οἶνον,
1321 2238 1551 2273 ἐπιλαμϐάνονταί
1564 2247 1624 2265 τινα
1642 2237 1842 2274 θηρολεκτοῦν-

1046 2293 1100 2315 τες,
1115 2283 1161 2309 καί
1171 2291 1251 2317 φασιν
1262 2284 1293 2309 ἐκ
1305 2283 1351 2309 τοῦ
1361 2283 1479 2319 πονηροῦ
1491 2284 1521 2310 τὸ
1534 2282 1655 2310 τοιοῦτον
1669 2281 1738 2310 εἶναι
1749 2283 1839 2315 τέλος.

1048 2330 1128 2355 Ἕπιε
1143 2330 1207 2365 γαρ.
1221 2330 1296 2364 φησὶ,
1318 2329 1378 2355 Νῶε
1391 2330 1445 2356 ἀπὸ
1458 2329 1506 2356 τοῦ
1522 2330 1603 2363 οἴνου,
1618 2330 1665 2356 καὶ
1679 2329 1840 2365 ἐγυμνώθη.

1046 2376 1101 2402 Καὶ
1126 2375 1198 2407 Λὼτ,
1217 2376 1293 2411 φησὶ,
1313 2375 1467 2410 μεθυσθεὶς,
1486 2375 1653 2412 θυγατράσιν
1672 2375 1750 2408 ἰδίαις
1766 2375 1840 2402 κατὰ

1047 2421 1159 2455 ἄγνοιαν
1175 2421 1317 2456 συνεμίγη.
1342 2421 1396 2448 Καὶ
1415 2421 1458 2447 διὰ
1473 2421 1558 2456 μέθης
1573 2422 1685 2455 γέγονεν
1702 2422 1718 2457 ἡ
1737 2429 1840 2457 μοσχι)-

1049 2467 1134 2492 ποιία.
1152 2467 1205 2493 Καί
1224 2475 1305 2501 φησιν
1355 2467 1461 2503 Γραφή·
1481 2468 1541 2494 Τίνι
1557 2468 1680 2501 θόρυϐος
1690 2475 1700 2499 ;
1710 2468 1770 2494 τίνι
1778 2467 1840 2502 μά-

1048 2521 1115 2547 χου
1141 2513 1199 2539 τίνι
1218 2512 1318 2546 ἀηδίαι
1338 2513 1388 2539 καὶ
1406 2513 1532 2548 λέσχας
1548 2514 1607 2541 τίνι
1630 2515 1841 2548 συντρίμματα

1047 2558 1188 2591 διακενῆς
1195 2566 1204 2589 ;
1227 2559 1309 2590 τίνος
1327 2558 1462 2586 πελιδνοὶ
1480 2561 1506 2586 οι
1531 2560 1697 2595 όφθαλμοῌ
1715 2561 1756 2587 Οὐ
1779 2561 1841 2587 τῶι·

1047 2601 1240 2637 χρονιζόντων
1253 2602 1287 2628 ἐν
1301 2602 1394 2635 οἴνοις
1402 2611 1411 2634 ;
1428 2604 1463 2630 οὐ
1478 2602 1537 2629 τῶν
1549 2603 1767 2637 ἑξιχνευόντωγ
1778 2604 1840 2630 ποῦ

1047 2649 1132 2675 πότοι
1144 2647 1293 2682 γίνονται;
1313 2649 1367 2675 Καὶ
1379 2648 1446 2675 ἄλλα
1456 2648 1568 2675 τοιαῦτα
1580 2657 1641 2676 τινα
1655 2648 1840 2684 ἐξιχνεύοντες

1048 2694 1246 2730 (τοο-σωρεύουσι
1258 2694 1302 2721 διὰ
1313 2695 1362 2730 τὴν
1376 2694 1479 2721 ἐαυτῶν
1496 2694 1663 2730 πιθανότητα
1675 2703 1682 2710 ·
1705 2695 1754 2721 οὐκ
1767 2694 1836 2721 είδόη

1047 2748 1101 2773 τες,
1119 2740 1160 2767 ὅτι
1175 2741 1228 2767 πᾶν
1242 2739 1272 2766 τὸ
1285 2740 1404 2776 ἄμετρον
1420 2740 1556 2776 πανταχοῦ
1574 2740 1705 2776 λυπηρὸν,
1722 2740 1768 2767 καὶ
1783 2740 1839 2774 ἔξω

1121 2829 1130 2844 "
1147 2828 1213 2858 Cen.
1231 2837 1267 2862 Ix,
1283 2828 1327 2855 21.
1365 2828 1376 2844 ³
1389 2827 1456 2856 Ccn.
1471 2836 1528 2863 ιιι,
1548 2829 1594 2856 53.
1626 2827 1728 2856 ‘Exod.
1748 2835 1837 2860 χχχιι,
