1964 3047
140 152 193 180 853

488 147 677 178 ADVURSUS
698 147 869 176 IIui-IRESES
889 145 943 173 LIB
961 145 992 173 II.
1013 144 1096 172 TOM.
1117 143 1137 171 I.
1159 143 1297 171 IIERES.
1319 142 1423 170 XLVII.

1725 139 1775 168 851

139 211 188 238 τοὺ
213 210 395 247 προκειμένου
417 209 640 246 ἀπηγορευμένον
661 209 789 244 ὑπάρχει.
811 207 866 234 Καὶ
879 207 934 242 γὰρ

996 212 1070 231 wnne
1083 211 1174 230 eorum
1186 204 1231 238 qui
1241 203 1395 238 perquirunt
1407 201 1450 228 ubi
1462 200 1668 235 rompotationes
1679 200 1746 234 fiant
1754 200 1778 226 '?

140 257 170 283 οὐ
187 256 268 291 μόνον
284 256 331 282 ἐπὶ
354 255 419 291 οἴνῳ
437 254 516 282 τοῦτο
537 254 640 289 εἴποιμ’
658 254 702 285 ἂν,
728 253 795 280 ἀλλά
819 253 866 280 καὶ
889 252 936 279 ἐπὶ

141 303 226 338 πολλῇ
246 301 397 337 ἀπληστίᾳ.
415 301 501 328 Τοῦτο
524 301 578 337 γὰρ
593 301 641 327 καὶ
660 301 674 326 ὁ
694 300 796 335 Κύριος
813 299 936 326 ἐδίδασκε

140 348 265 382 φάσκων·
274 347 322 382 Μὴ
328 347 572 382 βαρυνέσθωσαν
579 346 672 382 ὑμῶν,
681 346 774 381 φησὶν,
782 347 813 373 al
820 345 938 380 καρδίαι

141 395 175 421 ἐν
192 393 345 429 κραιπάλῃ
357 395 406 421 καὶ
419 395 578 429 μερίμναις
591 394 745 427 βιωτικαῖς
756 402 762 408 ·
783 395 830 420 καὶ
845 394 886 424 τὸ,
903 395 938 420 Et

140 440 368 475 ἀπληστότερος
384 439 422 473 εἴ,
437 440 481 475 μὴ
492 441 627 475 ἐπιθύμει
642 440 702 468 τῶν
719 440 772 467 τοῦ
785 440 937 467 πλουσίου

140 485 305 520 βρωμάτων
314 494 321 501 ·
342 487 436 514 ταῦτα
454 487 510 521 γὰρ
521 487 622 521 ἔχεται
635 486 709 521 ζωῆς
723 485 872 520 ψευδοῦς.“
885 486 938 512 Πε-

143 532 309 569 ρισσοτὲρως
330 533 360 560 δὲ
380 533 394 559 ὁ
419 533 496 567 ἅγιος
515 533 691 564 ’Δπόστολος-
716 532 869 568 ἀπλήστους
892 531 938 558 καὶ

143 578 300 613 ἀδηφάγους
319 579 464 612 σκώπτων,
474 579 637 614 λαιμάργοις
655 577 811 614 ἐπιθυμίαις
830 577 940 614 ἐπαρώ-

146 633 238 660 μενος,
258 624 326 660 ἔφη·
343 627 381 652 Τὰ
398 625 541 660 ,βρώματα
556 623 595 659 τῇ
614 625 724 659 κοιλίᾳ,
738 624 787 652 καὶ
805 625 824 659 ὴ
841 625 940 652 κοιλία

145 670 207 704 τοῖς
218 670 378 705 βρώμασιν
389 678 395 685 ο
417 673 433 698 ὁ
461 671 495 697 δὲ
509 671 580 703 Θεὸς
596 671 646 698 καὶ
656 671 770 705 ταύτην
785 671 834 698 καὶ
847 671 939 698 ταῦτα

145 715 340 751 καταργήσει,
372 717 452 744 Ἀλλὰ
477 717 525 744 καὶ
550 717 636 744 Ἦσαῦ
661 717 696 744 τὰ
715 717 885 753 πρωτοτόκια
906 717 938 744 δι’

144 760 193 795 eos
197 770 281 797 ματος
291 761 379 798 πυροῦ
387 761 611 797 ¹(96)ἁπώλεσεν,
621 762 658 793 ὦς
673 771 756 798 φησιν
767 763 784 798 ἡ
794 761 900 797 Γραφὴ,
909 761 940 788 τὸ

144 807 210 833 αὐτὸ
226 807 346 834 καλοῦσα
356 807 446 844 ’ἑψεμα
454 807 541 844 πυροῦ
554 809 599 836 καὶ
611 808 712 843 φακῆς.
728 806 847 843 Οἷμαιδὲ
857 808 939 842 τάχα,

144 853 186 879 ὅτι
211 853 261 881 οὐκ
279 854 334 881 ἀπὸ
356 854 454 891 πυροῦ,
471 855 611 882 τουτέστιν
634 853 688 881 ἀπὸ
710 854 783 881 σίτου
799 852 851 890 ἦν·
872 853 940 880 ἀλλὰ

987 250 1051 278 Ilrcc
1076 255 1102 278 et
1126 250 1179 277 alia
1199 250 1225 277 id
1254 256 1342 284 genus
1366 248 1426 275 loca
1453 251 1656 283 perscrutantes
1675 253 1779 281 conge—

987 303 1062 330 runt,
1078 306 1133 334 quo
1151 305 1229 326 suam
1249 296 1405 332 opinionem
1423 295 1566 327 suadeant,
1587 301 1638 321 nec
1658 292 1725 320 illud
1741 293 1779 318 in-

987 345 1126 380 telligunt,
1139 352 1194 371 non
1211 343 1239 370 in
1254 350 1287 370 eo
1302 342 1362 369 solo
1377 341 1411 369 de
1424 349 1480 376 quo
1497 341 1597 376 agitur,
1614 338 1662 367 sed
1675 338 1780 373 ubique

987 391 1120 426 quidquid
1140 390 1251 418 modum
1266 388 1426 420 excesserit,
1443 388 1601 416 molestum.
1617 389 1645 413 et
1659 384 1737 412 extra
1751 383 1777 410 id

987 437 1060 473 quod
1076 440 1246 472 propositum
1265 440 1308 464 est
1324 435 1490 471 prohibitum
1507 442 1578 461 esse.
1592 432 1685 468 Neque
1706 431 1778 459 enim

989 484 1015 511 id
1031 484 1064 511 de
1081 483 1144 510 riuo
1162 483 1261 515 solum,
1276 482 1325 510 sed
1341 482 1376 510 de
1391 481 1512 509 ciborum
1526 481 1610 506 nimia
1636 477 1779 505 saturitate

989 529 1043 557 dici
1058 533 1159 565 potest.
1185 529 1274 564 Atque
1293 529 1345 556 hoc
1368 531 1410 556 est
1428 526 1500 564 quod
1518 526 1545 553 in
1561 524 1709 561 Evangelio
1726 523 1780 551 Do-

989 575 1080 602 minus
1104 574 1247 602 admonuit
1267 584 1274 601 :
1293 573 1332 601 Ne
1347 578 1489 609 graventur
1507 570 1589 599 corda
1613 575 1700 597 uestra
1722 577 1781 596 cra—

989 621 1063 656 pula,
1080 626 1105 648 et
1124 621 1260 653 ebrietate,
1281 626 1305 648 et
1322 621 1394 647 curis
1409 620 1487 654 hujus
1508 617 1631 646 δίει-ηιμ.
1645 617 1713 644 Item
1729 626 1734 643 :
1750 614 1780 642 Si

990 668 1150 695 insatiabilis
1167 676 1205 699 es,
1221 675 1252 694 ne
1267 666 1436 700 concupiscas
1449 664 1539 691 divitis
1559 662 1649 694 cibos;
1666 661 1692 688 Ιιί
1711 660 1781 688 enim

989 714 1049 741 vitm
1062 713 1182 741 mendaci
1192 713 1325 746 conjuncti
1339 716 1398 739 sunt
1408 711 1429 738 ⁵.
1443 710 1496 738 Sed
1513 710 1583 738 idem
1594 709 1674 744 longe
1687 707 1782 742 copio-

990 760 1048 787 sius
1075 759 1109 786 ab
1125 759 1257 794 Apostolo
1273 757 1443 786 declaratum
1459 766 1465 784 :
1483 756 1530 792 qui
1556 755 1655 782 edaces
1672 757 1700 780 et
1722 752 1782 780 hel-

992 806 1089 834 luones
1115 805 1254 837 deridens.
1278 813 1311 832 ac
1336 805 1406 841 gula:
1430 803 1596 840 cupiditates
1619 802 1781 841 detestans:

993 851 1062 879 Esca
1084 852 1178 884 ventri,
1195 851 1294 886 inquit.
1319 855 1343 878 et
1362 855 1450 878 venter
1464 851 1548 881 escis;
1564 848 1634 876 Deus
1642 840 1742 875 "autem
1759 851 1783 873 et

144 899 214 934 τάχα
229 899 268 932 ὡς
283 900 334 936 ἠδη
347 883 482 936 thesim
497 900 623 936 λείψανον
636 899 735 935 φακοῦ,
753 900 800 926 καὶ
810 883 856 926 ,ἔτι
876 900 936 926 ἐπι-

996 898 1062 925 hunc
1081 902 1106 924 et
1120 883 1182 924 illas
1197 883 1342 925 destruet'.
1364 897 1498 924 Przcterea
1510 895 1583 923 Esau
1600 893 1784 930 primogenita

144 946 222 973 τεθὲν
236 947 312 982 πυρὶ,
327 947 359 974 τὸ
372 945 448 979 αὖθις
462 947 587 983 πυρωθὲν
601 948 619 983 ὴ
633 946 728 983 Γραφὴ
740 947 837 982 πυροῦ
848 946 941 982 διηγή-

147 999 230 1024 σατο,
250 991 295 1019 διὰ
309 992 339 1018 τὺ
360 991 595 1028 ὲπιθερμανθῆναι
620 992 689 1027 μετὰ
706 992 736 1018 τὺ
751 991 939 1028 ψυχρωθῆναι.

146 1037 202 1064 Καὶ
214 1038 252 1070 ὼς
266 1039 368 1070 ἐκεῖνος
382 1038 415 1065 δι’
430 1036 501 1065 οἶνον
516 1037 674 1075 ἐγυμνώθη,
693 1038 776 1074 μηδὲν
790 1037 939 1074 ἀδικηθεὶς,

147 1080 233 1113 οὕτως
250 1081 350 1117 μᾶλλον
360 1081 404 1110 διὰ
418 1085 514 1110 πεῖναν
528 1084 576 1110 καὶ
586 1083 738 1118 ἀπληστίαν
753 1083 786 1110 τὰ
803 1083 940 1119 πρωτοτό-

147 1134 194 1153 κια
209 1126 356 1159 ἀπολέσας,
371 1127 472 1164 μᾶλλον
488 1128 558 1164 ὑπὲρ
577 1128 623 1155 τὸν
641 1126 712 1154 οἶνον
727 1127 864 1164 ἠδίκηται.
885 1128 941 1154 Καὶ

147 1171 224 1199 οὐδὲν
253 1172 340 1208 ἰσχύει
358 1173 442 1207 ἐγγὺς
468 1175 518 1210 τῆς
540 1173 669 1210 ἀληθείας
689 1174 939 1210 παραπεποιημένη

147 1216 229 1249 λέξις,
240 1218 300 1244 οὐδὲ
316 1218 443 1254 μυθώδης
455 1227 496 1250 τις
513 1219 709 1254 ἐπινενοημένη
723 1219 938 1254 δραματουργία.

995 951 1044 972 sua
1063 944 1192 971 frumenti
1209 942 1340 979 pulticula
1360 943 1494 975 vendidit,
1510 945 1539 968 ut
1557 940 1699 975 Scriptura
1725 947 1785 966 nar-

995 989 1063 1021 rat“,
1078 996 1137 1024 quae
1152 989 1275 1016 eamdem
1293 993 1320 1016 et
1339 988 1468 1016 frumenti
1488 991 1515 1015 et
1530 987 1610 1015 lentis
1625 985 1784 1022 pulticulam

991 1039 1080 1062 vocat.
1099 1034 1261 1070 Quanquam
1280 1034 1307 1061 id
1327 1042 1378 1069 ego
1391 1034 1569 1062 verisimilius
1583 1033 1713 1064 arbitror,
1730 1038 1784 1058 non

992 1090 1025 1109 ex
1040 1081 1178 1109 frumento
1193 1088 1254 1108 eam
1266 1080 1444 1109 sorbitionem
1459 1079 1562 1112 fuisse;
1574 1078 1622 1107 sed
1635 1077 1736 1114 jusculi
1751 1085 1786 1104 ex

995 1128 1068 1156 lente
1093 1127 1246 1159 residuum,
1268 1125 1342 1162 quod
1359 1126 1414 1160 igni
1442 1133 1539 1153 rursus
1565 1125 1734 1161 impositum,
1754 1130 1785 1150 ac

994 1179 1144 1207 recoetum,
1156 1177 1299 1209 propterea
1312 1172 1401 1209 πυροῦ
1413 1181 1427 1199 a
1439 1172 1582 1206 Scriptura
1593 1175 1719 1198 vocatum
1732 1173 1786 1196 est.

994 1219 1126 1256 quoniam
1144 1227 1206 1247 cum
1224 1219 1378 1248 refrixisset
1392 1219 1483 1246 denuo
1499 1219 1662 1245 calel‘actum
1683 1219 1735 1243 est.
1752 1214 1788 1242 Ut

148 1265 232 1300 igitur
250 1266 286 1293 ob
300 1267 392 1293 vinum
409 1267 455 1294 ille
473 1267 547 1294 nulla
569 1274 583 1293 a
604 1274 742 1302 quoquam
763 1271 874 1301 accepta
895 1266 995 1301 injuria
1016 1268 1136 1296 nudatus
1161 1271 1222 1299 est;
1255 1268 1295 1294 sic
1323 1267 1393 1294 alter
1411 1265 1446 1293 ob
1466 1265 1563 1292 famem
1589 1272 1621 1291 ac
1651 1261 1788 1290 voracita-

147 1317 203 1340 tem
232 1314 423 1350 primogenitis
452 1315 574 1347 amissis,
602 1315 692 1350 majus
713 1322 796 1349 quam
815 1322 848 1342 ex
876 1315 941 1342 vino
955 1314 1087 1342 damnum
1116 1319 1199 1350 atque
1220 1315 1351 1348 injuriam
1383 1312 1498 1348 accepit.
1525 1311 1564 1338 Ita
1585 1310 1653 1338 nihil
1675 1309 1789 1336 omnino

148 1361 246 1389 virium
263 1362 343 1390 habet
356 1363 389 1389 ad
404 1363 588 1391 simulandam
607 1363 749 1391 veritatem
781 1363 952 1398 compositus
984 1371 1086 1397 sermo,
1120 1364 1161 1390 vel
1185 1363 1219 1390 ab
1243 1362 1297 1390 illis
1317 1361 1416 1389 fabula:
1439 1361 1525 1388 instar
1546 1358 1700 1394 excogitata
1724 1364 1789 1384 nar-

149 1409 230 1437 ratio.

184 1455 222 1482 Ii".
241 1456 424 1492 Σεμνυνονται
432 1456 461 1483 δὲ
470 1456 550 1491 δῆθεν
559 1456 733 1492 ἐγκράτειαν,
746 1456 888 1492 σφαλερῶς
907 1455 941 1482 τὰ

150 1501 241 1528 πάντα
263 1502 455 1538 ἐργαζόμενοι,
481 1503 563 1538 μέσον
581 1503 721 1537 γυναικῶν
739 1503 940 1539 εὑρισκόμενοι,

151 1549 198 1575 καὶ
211 1550 344 1582 γυναῖκας
359 1549 527 1585 πανταχόθεν
541 1549 709 1582 ἀπατῶντες,
721 1550 829 1584 γυναιξὶ
838 1549 866 1575 δὲ
880 1557 942 1575 συν-

151 1593 299 1626 οδεύοντες,
324 1594 373 1621 καὶ
387 1594 619 1631 συνδιαιτώμενοι,
636 1595 683 1622 καὶ
696 1595 944 1631 ὲξυπηρετούμενοι

152 1639 205 1666 ὑπὸ
214 1639 269 1666 τῶν
280 1640 419 1672 τοιούτων,
433 1640 486 1673 ἔξω
503 1640 553 1676 μὲν
567 1641 617 1677 τῆς
630 1641 760 1677 ἀληθείας
775 1641 862 1673 ὄντες,
879 1641 946 1677 μόρ-

152 1694 238 1720 φωσιν
256 1685 286 1712 δὲ
308 1685 408 1721 μᾶλλον
430 1686 607 1721 κεκτημένοι,
627 1686 676 1722 τὴν
690 1686 719 1713 δὲ
732 1686 847 1722 δύναμιν
861 1686 946 1722 αὐτῆς

151 1732 201 1767 τῆς
215 1732 358 1764 εὐσεϐείας
376 1732 537 1768 ἠρνημένοι.
561 1732 668 1759 Ὀποίου
686 1733 741 1768 γὰρ
757 1732 790 1759 ἄν
805 1741 848 1764 τις
863 1732 945 1768 ἔργου

151 1777 304 1815 καταλείψῃ
326 1778 419 1814 μέρος,
444 1778 474 1805 τὸ
495 1779 549 1805 πᾶν
572 1778 711 1814 πλήρωμα
732 1778 822 1814 ἀφῆκε
838 1778 882 1805 διὰ
898 1778 945 1805 τοῦ

152 1824 211 1856 ἑνὸς
227 1824 326 1861 μέρους
340 1825 387 1852 τοῦ
412 1825 674 1861 καταλελειμμένου.
709 1825 792 1852 Ὅθεν
823 1825 858 1852 τὰ
880 1826 945 1861 παρ’

151 1871 246 1904 αὐτοῖς
267 1872 406 1907 μυστήρια
428 1871 461 1898 δι’
477 1871 573 1904 ὕδατος
594 1871 675 1907 μόνον
693 1871 808 1905 γίνεται,
823 1872 868 1898 καὶ
884 1871 945 1898 οὔτε

155 1919 293 1954 μυστήρια
309 1918 384 1949 ὄντα,
402 1917 471 1944 ἀλλὰ
481 1918 553 1944 κατά
566 1918 682 1953 μίμησιν
693 1917 749 1944 τῶν
765 1917 899 1953 ἀληθινῶν
913 1918 946 1945 τὰ

153 1963 239 1999 ψευδῆ
258 1964 397 1998 γινόμενα.
415 1963 496 1990 Ὅθεν
511 1964 558 1990 καὶ
580 1965 609 1990 ὲν
631 1963 718 1998 τούτῳ
736 1963 946 1999 ἐλεγχθήσονται

154 2009 209 2036 ἀπὸ
224 2009 272 2035 τοῦ
284 2006 386 2040 εὺθέως
400 2008 447 2036 τοῦ
462 2009 588 2045 Σωτῆρος
600 2009 680 2043 λόγου
694 2008 741 2035 τοῦ
754 2008 889 2043 λέγοντος·
906 2011 948 2036 Οὺ

152 2054 196 2089 μὴ
208 2055 263 2081 πίω
278 2054 337 2082 ἀπὸ
352 2055 404 2082 τοῦ
418 2055 604 2089 γεννήματος
613 2054 668 2089 τῆς
676 2055 814 2089 ἀμπέλου
825 2055 947 2089 ταύτης,

155 2100 212 2133 ἕως
223 2100 262 2126 ἂν
275 2101 332 2127 πίω
347 2101 420 2128 αὐτὸ
436 2101 543 2127 καινὸν
558 2101 593 2127 ἐν
607 2099 644 2135 τῇ
660 2101 807 2135 βασιλείᾳ
823 2100 882 2128 τῶν
897 2101 948 2128 οὐ-

152 2147 255 2180 ρανῶν
268 2148 332 2180 μεθ’
344 2146 438 2181 ὑμῶν.

1032 1459 1077 1488 lll.
1099 1460 1177 1493 Quod
1206 1467 1272 1488 vero
1297 1459 1496 1487 continentiam
1520 1457 1787 1494 glorioscjae’titant,

957 1520 977 1548 ο
996 1505 1133 1533 lubricum
1158 1509 1200 1533 est
1225 1505 1334 1533 illorum
1360 1504 1470 1540 quidem
1494 1512 1526 1532 ac
1545 1504 1658 1539 periculi
1677 1505 1787 1539 plenum

997 1552 1114 1579 facinus.
1130 1550 1198 1578 Nam
1216 1552 1289 1578 inter
1306 1551 1485 1578 mulierculas
1505 1553 1652 1577 versantur
1666 1551 1786 1580 assidue.

997 1606 1066 1634 quas
1090 1598 1274 1633 undecunque
1297 1598 1448 1633 pelliciunt,
1477 1605 1540 1624 cum
1557 1597 1591 1624 iis
1608 1598 1659 1624 iter
1673 1597 1787 1627 faciunt.

998 1652 1029 1672 ac
1045 1645 1230 1672 communiter
1247 1645 1353 1676 vivunt,
1371 1651 1521 1678 earumque
1538 1643 1696 1671 ministeriis
1713 1646 1790 1670 utun-

999 1694 1044 1716 tur
1083 1689 1174 1722 Quare
1198 1697 1262 1716 cum
1284 1697 1300 1716 a
1315 1690 1432 1718 veritate
1457 1689 1566 1724 longius
1591 1689 1692 1720 absint,
1721 1689 1788 1716 nihil

998 1739 1095 1771 praeter
1120 1736 1279 1764 ementitam
1301 1735 1380 1763 illius
1400 1736 1518 1770 speciem
1548 1738 1707 1768 ostentant;
1734 1735 1789 1761 vim

998 1783 1086 1817 ipsam
1103 1783 1217 1810 sincerae
1233 1782 1343 1818 pietatis
1357 1782 1503 1816 abnegant.
1520 1780 1626 1808 Etenim
1640 1781 1791 1816 cujuscun-

998 1835 1052 1862 que
1066 1827 1151 1855 officii
1176 1832 1283 1863 partem
1308 1827 1409 1861 aliquis
1436 1827 1652 1862 praetermiserit,
1677 1835 1709 1854 ea
1731 1827 1790 1861 ipsa

998 1880 1081 1908 quam
1100 1873 1195 1901 omisit
1212 1877 1299 1908 parte,
1325 1877 1412 1900 totum
1438 1872 1602 1908 praeteriiSse
1635 1871 1790 1899 censendus

998 1924 1050 1948 est.
1085 1920 1130 1947 Sic
1159 1920 1267 1947 illorum
1299 1919 1452 1955 mysteria,
1490 1926 1552 1954 qua:
1579 1925 1651 1953 aqua
1685 1918 1789 1946 solum-

999 1967 1081 1994 modo
1105 1969 1234 1994 constant
1256 1966 1387 2002 mysteria
1398 1973 1452 1992 non
1473 1968 1555 1997 sunt;
1571 1964 1617 1991 sed
1635 1963 1696 1991 ﬁcta
1710 1968 1790 1999 atque

999 2011 1117 2043 fallacia,
1135 2019 1261 2038 verorum
1280 2011 1313 2038 ad
1340 2011 1485 2045 imaginem
1503 2016 1644 2044 expressa.
1677 2008 1704 2035 In
1735 2017 1790 2043 quo

1000 2056 1161 2090 planissima
1193 2056 1254 2082 illos
1283 2055 1433 2082 Salvator-is
1463 2054 1599 2082 sententia
1630 2053 1788 2088 redarguit:

1002 2102 1064 2129 Non
1086 2102 1174 2129 bibam
1205 2102 1286 2138 402
1308 2102 1340 2128 de
1358 2101 1406 2128 liae
1436 2100 1566 2135 genimine
1595 2100 1674 2131 ritis,
1711 2099 1793 2127 donec

1001 2148 1089 2175 bibam
1111 2148 1177 2175 illud
1197 2156 1292 2174 novatn
1320 2148 1347 2174 in
1376 2155 1455 2182 regno
1474 2147 1599 2173 actorum
1619 2145 1752 2172 uobiscum
1767 2146 1790 2171 ".

191 2192 276 2220 Πάλιν
288 2193 325 2224 ὡς
339 2193 440 2229 ταύτην
456 2194 652 2228 παρωσάμενοι
669 2194 741 2229 χειρὶ
760 2193 880 2229 κραταιᾷ
897 2193 943 2228 τῆς

1035 2194 1217 2228 Quamobrem
1236 2198 1413 2229 posteaquam
1432 2193 1502 2220 hanc
1528 2193 1653 2219 literesim
1678 2191 1792 2219 validis-

155 2239 295 2275 ἀληθείας,
317 2239 355 2271 ὡς
371 2239 507 2267 κνώδαλον
523 2240 653 2276 ὀδυνηρὸν
670 2240 785 2266 ὀδόντων
800 2240 948 2276 ἀφῃρημέ-

155 2294 210 2316 νον,
231 2285 276 2311 ἐπὶ
291 2285 340 2317 τὰς
357 2285 421 2320 ἑξῆς
433 2285 529 2320 ἴωμεν,
545 2286 668 2321 συνήθως
682 2286 728 2312 τὸν
738 2286 804 2312 Θεὸν
815 2286 869 2312 τῶν
879 2285 948 2312 ὅλων

155 2330 375 2365 ἐπικαλούμενοι,
393 2331 490 2366 ὁδηγόν
505 2339 534 2357 τε
553 2332 600 2358 xz‘t
615 2331 761 2366 ἀμυντῆρα
774 2331 829 2358 τῶν
842 2331 948 2362 δεινῶν,

156 2375 301 2410 ἐπίκουρον
310 2383 339 2401 τε
351 2376 401 2410 τῆς
416 2377 584 2411 φρονήσεως,
601 2376 681 2412 δότην
692 2385 720 2403 τε
732 2376 796 2404 ὄντα
807 2377 889 2403 αὐτὸν
900 2379 949 2412 τῆς

156 2423 260 2456 σοφίας·
279 2422 312 2448 ἵν’
331 2423 422 2457 ἡμεῖς,
450 2424 514 2458 παρ’
528 2422 612 2449 αὐτοῦ
629 2424 733 2459 τάληθῆ
757 2423 948 2459 μανθάνοντες,

154 2468 205 2501 τὰς
221 2468 277 2495 τῶν
297 2467 384 2496 ἄλλων
407 2469 612 2496 ἀποκαλύπτειν
628 2469 820 2505 δυνηθείημεν,
837 2469 884 2496 καὶ
900 2470 950 2506 τὴν

155 2516 217 2543 κατ’
226 2515 317 2542 αὐτῶν
330 2515 467 2542 ἀντίδοτον
483 2515 609 2551 ἰατρικὴν
625 2516 657 2542 ἐκ
672 2515 777 2542 πολλῶν
792 2515 950 2551 μυρεψικῶν

192 2594 201 2636 ξ
217 2593 286 2620 LXX
312 2593 418 2636 πυρροῦ
433 2594 614 2636 scripserunt.
652 2593 846 2636 'ﬂgrovrxxm,
858 2593 903 2626 29,
920 2593 964 2620 δυ.

156 2629 167 2645 ⁶
182 2628 249 2656 Gen.
271 2637 335 2662 xxv,
351 2628 396 2656 50.
439 2629 449 2644 ⁷
462 2630 557 2656 Matth.
573 2637 646 2663 xm,
661 2629 705 2657 29.

192 2707 248 2743 (96)
268 2707 313 2743 Διί
329 2706 478 2742 ἑψέματος
499 2707 606 2741 πυροῦ.
630 2706 728 2734 Mirum
745 2711 788 2734 est
811 2707 875 2742 quid
897 2707 947 2734 sibi

155 2742 273 2771 voluerit
296 2742 464 2778 Epiphanius
477 2763 484 2773 ,
504 2748 552 2770 aut
567 2742 633 2777 quid
660 2743 686 2770 ili
703 2743 796 2778 animo
811 2743 948 2772 habuerit,

157 2786 219 2805 cum
238 2779 294 2806 haec
309 2778 456 2809 scriberet,
474 2777 610 2812 ἐψέματος
630 2777 716 2813 πυροῦ
732 2778 801 2805 idem
817 2785 895 2809 esse,
917 2786 948 2803 at:

158 2813 281 2847 feruentis
301 2818 346 2840 aut
365 2819 473 2841 recocta:
492 2813 655 2840 sorbitionis.
671 2812 746 2839 Nam
769 2813 841 2847 quod
861 2813 948 2847 πυροῦ

158 2848 373 2877 frumentaceam
398 2849 488 2883 primo
512 2849 571 2876 loco
604 2848 809 2883 interpretatur,
837 2852 878 2875 cst
905 2848 948 2874 illa

158 2883 268 2920 quidem
294 2884 473 2916 tolerabilior.
503 2884 552 2912 sed
569 2888 665 2912 contra
681 2883 855 2912 Hebraeorum
873 2883 948 2910 Grae-

1000 2239 1069 2267 sima
1092 2239 1214 2266 veritatis
1235 2247 1317 2266 mauu
1344 2238 1566 2274 propulsavimus
1578 2257 1586 2269 ,
1602 2245 1634 2264 ac
1649 2238 1724 2264 velut
1740 2237 1792 2264 im-

1001 2289 1127 2320 portunae
1139 2284 1249 2312 cuidam
1268 2284 1362 2312 besti:e
1377 2284 1473 2311 dentes
1485 2283 1670 2316 excussimus,
1687 2283 1721 2310 ad
1733 2283 1794 2310 relio

1002 2339 1070 2366 quas
1099 2335 1285 2359 transeamus.
1314 2331 1367 2359 Sed
1391 2330 1437 2358 Dei
1467 2330 1597 2366 primum,
1615 2333 1644 2356 ut
1661 2329 1792 2362 solemus,

1003 2378 1205 2413 implorandum
1230 2377 1310 2405 nobis
1325 2378 1379 2404 erit
1392 2377 1535 2410 auxilium,
1556 2377 1602 2412 qui
1620 2380 1648 2403 et
1663 2375 1714 2403 via:
1727 2375 1793 2407 dux,

1005 2424 1194 2459 malorumque
1215 2424 1363 2459 depulsor,
1391 2427 1418 2450 et
1440 2423 1593 2458 prudentiae
1617 2421 1737 2457 adjutor,
1766 2426 1793 2448 et

1004 2469 1144 2505 sapientia).
1166 2470 1280 2505 largitor
1292 2474 1343 2502 est,
1362 2473 1391 2496 ut
1405 2469 1440 2496 ab
1462 2469 1523 2504 ipso
1541 2469 1683 2496 veritatem
1705 2468 1793 2496 edocti

1005 2516 1174 2552 reliquarum
1190 2517 1328 2544 liaarescon
1344 2523 1454 2544 errores
1475 2515 1637 2550 patefacere,
1657 2519 1740 2550 atque
1761 2523 1793 2541 ex

1003 2593 1013 2608 ³
1028 2593 1094 2621 Luc.
1112 2603 1168 2626 ni,
1187 2594 1231 2621 54.
1284 2594 1294 2610 ‘
1306 2594 1384 2622 Prov.
1399 2601 1476 2625 nni,
1489 2593 1515 2620 5.
1554 2593 1565 2608 ⁸
1581 2593 1590 2619 l
1607 2592 1670 2619 Cor.
1697 2599 1735 2622 vi,
1750 2590 1794 2618 i3.

1003 2713 1154 2740 eorumque
1177 2705 1302 2731 codicum
1326 2703 1405 2731 fidem
1423 2707 1553 2738 usurpata
1576 2703 1668 2740 lectio.
1689 2701 1796 2740 I‘Iteuim

1005 2740 1074 2768 LXX
1096 2737 1158 2767 eum
1181 2741 1293 2767 llelira-o
1316 2737 1520 2774 consentientes
1548 2737 1666 2774 πυρῤοὖ,
1689 2737 1740 2764 hoc
1754 2741 1796 2763 est

1004 2777 1076 2810 rufa.
1104 2775 1282 2810 scripserunt,
1301 2773 1354 2801 no'ii
1373 2773 1613 2810 πυροῦ-Ωιιωιιιιιῃ
1630 2780 1695 2810 vero
1705 2780 1795 2807 grany
1828 2778 1834 2787 ‘

1005 2807 1103 2838 matiea
1122 2807 1191 2837 ratio
1216 2810 1302 2846 πυροῦ
1324 2818 1372 2844 pro
1397 2807 1569 2847 ῖὲυρωθέντος
1585 2807 1639 2834 dici
1662 2809 1794 2847 patiatur,

1004 2847 1081 2881 quasi
1095 2847 1231 2881 genitivus
1248 2843 1283 2872 sit
1299 2854 1313 2872 ιι
1325 2843 1444 2872 nomine
1462 2844 1573 2878 πυρόεις
1589 2843 1709 2879 πυροῦςῖ
1721 2843 1794 2878 quod

1005 2882 1116 2909 minime
1129 2881 1261 2916 procedit.
