1964 3047
185 106 238 135 855

896 111 925 138 S.
946 111 1119 141 EPIPIIANII

1767 107 1835 137 856

160 197 163 199 λ
184 165 252 201 ipsis
267 166 391 195 veritatis
406 167 531 200 vocibus,
547 169 627 204 quasi
644 176 678 196 ex
691 169 788 198 multis
803 171 980 206 seplasiario-

1048 173 1109 200 ὶδῶν
1124 173 1178 200 ἀπὸ
1191 171 1238 200 τοῦ
1254 172 1333 207 λόγου
1344 172 1394 207 τῆς
1407 171 1536 206 ἀληθείας
1550 170 1754 197 κατασκευάσαι
1764 169 1834 200 τοῖς

185 219 247 238 rum
265 212 437 246 simplicibus
450 214 625 249 corporibus,
642 215 719 243 velut
734 216 890 244 antidotum
910 220 983 246 con-'

187 257 267 285 ﬁcere
287 259 435 293 possimus,
453 260 480 287 in
493 267 588 288 eorum
602 261 649 296 qui
664 261 720 296 jant
738 262 786 289 icti
801 262 903 290 fuerint
919 271 978 299 gra-

187 305 263 338 tiam,
277 309 308 332 ut
327 306 369 334 vel
383 306 450 334 iisce
470 308 573 335 nostris
596 309 725 344 perlectis
746 309 898 337 remedium
922 310 977 338 illis

187 350 368 385 adhibeatur;
396 353 438 379 vel
451 353 474 379 si
490 353 593 380 nullam
613 354 703 381 adhuc
719 354 780 389 ejus
795 355 835 382 rei
851 355 976 382 notitiam

1030 219 1080 255 ἧδη
1096 219 1311 255 πεπληγμένοις,
1335 219 1377 250 εἰς
1393 219 1465 245 ἴασιν
1480 217 1528 244 καὶ
1547 216 1692 253 θεραπείαν
1708 217 1764 246 τοῖς
1779 216 1833 241 ὲν-

1029 265 1205 300 τυγχὰνουσι,
1223 266 1270 292 καὶ
1284 266 1341 296 τοῖς
1356 264 1482 300 μέλλουσι
1497 263 1653 298 γινώσκειν,
1666 262 1684 289 ἃ
1697 261 1733 297 μὴ
1745 261 1831 296 ᾕδει-

1031 320 1091 344 σαν,
1112 312 1151 344 εἰς
1175 311 1271 339 παθῶν
1288 310 1505 347 προκατάληψιν,
1527 309 1573 337 καὶ
1593 310 1658 344 ἡμῖν
1675 308 1715 339 εἰς
1732 315 1831 342 σωτη-

1031 357 1102 392 ρίαν,
1118 359 1165 385 καὶ
1181 357 1250 384 Θεοῦ
1268 357 1373 393 μισθὸν,
1387 357 1511 391 ἀφθόνως
1523 354 1757 391 δωρηοησόμενον.

187 395 343 430 habuerint,
358 406 390 426 ea
406 399 515 426 demum
534 405 664 435 percepta
677 407 776 428 cavere
793 401 847 428 sibi
864 402 984 436 possint,
1012 403 1141 439 idemque
1166 405 1255 439 ipsutn
1272 407 1300 431 et
1320 404 1435 431 salutem
1459 401 1549 434 nobis,
1565 405 1592 428 et
1616 400 1783 428 uberrimum
1810 405 1829 424 a

187 444 244 473 Deo
261 447 404 480 praemium
422 454 453 474 ac
469 448 622 475 mercedem
639 449 780 477 conciliet.

379 503 520 531 CONTRA
539 503 784 538 PHRYGASTAS,

188 558 250 586 Sit‘e
265 558 444 587 Montantstas
458 566 504 588 aut
514 561 722 596 Tascodrugt’tas
730 563 837 591 Iueresis
847 563 902 590 XX
909 563 979 591 VIII

495 597 534 623 vel
551 597 599 624 XL
608 597 687 624 νιιι.

224 651 244 680 1.
255 652 344 680 Abhis
355 652 407 679 alia
417 660 527 680 rursum
536 653 681 682 eﬂlorescit
689 654 810 688 ltmresis,
820 663 881 691 qua:
891 655 978 691 Phry-

187 704 252 732 gum
272 697 384 730 dicitur,
404 697 455 724 sub
466 697 537 725 idem
552 697 609 725 fere
622 699 756 733 producta
771 703 889 734 tempus.
900 700 981 735 eique

189 743 370 770 successione
397 743 533 778 proxima.
560 744 629 771 Nam
659 745 705 772 isti
726 745 778 773 sub
793 745 906 773 Antonii
928 746 981 779 Pii,

1224 506 1317 532 ΚΑΤΑ
1336 505 1538 532 ΦΡΥΓΛΣΤΩΝ
1553 504 1625 540 (97),

1031 563 1094 590 Εἶτ’
1106 561 1162 591 οὖν
1172 562 1387 590 Μοντανιστῶν
1399 561 1603 596 καλουμένων,
1618 561 1636 595 ἢ
1649 562 1698 588 καὶ
1714 563 1830 589 Tacito-

1207 597 1370 633 δρουγιτῶν
1384 597 1454 629 KII’,
1470 597 1489 631 ἢ
1506 596 1556 624 καὶ
1571 598 1643 624 MH'.

1068 655 1107 680 A’.
1131 653 1198 680 Ἀπὸ
1209 654 1310 680 τούτων
1335 653 1415 689 ἑτέρα
1437 653 1518 680 πάλιν
1535 652 1641 688 αἵρεσις
1655 651 1825 684 ἀνακύπτει,

1031 700 1085 726 τῶν
1097 699 1212 735 Φρυγῶν
1224 699 1390 735 καλουμένη,
1403 698 1551 734 σύγχρονος
1562 698 1694 734 γενομένη
1704 697 1827 728 τούτοις,

1032 747 1079 773 καὶ
1092 747 1191 778 αὐτοὺς
1204 746 1391 781 διαδεχομένη.
1405 743 1483 773 Οὗτοι
1500 745 1554 780 γὰρ
1567 745 1694 779 γεγόνασι
1711 745 1776 780 ἰτερλ⁵
1792 744 1830 771 τὸ

189 788 236 823 qui
247 792 309 823 post
322 788 472 815 Adrianutn
488 789 642 824 imperavit,
661 797 763 817 annum
777 799 824 818 xtx
840 799 981 827 emergere

1047 792 1272 819 ννεακαιδέκατον
1288 791 1348 823 ἔτος
1364 791 1418 826 (98)
1442 791 1599 818 Ἀντωνίνου
1619 790 1665 817 τοῦ
1685 790 1829 822 Εὐσεϐοῦς

189 838 341 869 coeperunt.
358 834 461 862 Marcio
477 843 553 868 vero,
570 835 703 863 Tatianus
718 840 745 864 et
767 837 914 864 Encratita:
929 837 980 865 lto-

1044 839 1103 866 ιετὰ
1124 838 1271 874 Ἀδριανόν.
1290 838 1345 865 Καὶ
1357 838 1371 864 ὁ
1386 837 1518 874 Μαρκίων
1534 837 1572 868 δὲ,
1590 837 1637 864 καὶ
1651 837 1675 862 οἱ
1691 836 1755 871 περὶ
1769 836 1831 862 Τα-

190 889 251 909 rum
266 882 396 916 discipuli
410 882 461 909 sub
478 882 611 914 Adriano.
627 890 660 910 ac
677 887 741 918 post
756 883 906 911 Adrianum
918 891 983 919 pro-

190 927 311 955 dierttttt.

226 972 348 1008 Phryges
373 973 467 1008 itaque
493 972 545 1008 (sic
559 975 631 1002 enim
649 975 799 1011 appellant)
823 979 878 1002 tam
897 974 982 1003 Vetus

189 1026 272 1053 quam
294 1018 399 1046 Novum
419 1019 627 1048 Testamentum
646 1022 797 1049 asciscunt.
812 1021 983 1049 Mortuorum

191 1065 422 1092 resurrectionem
439 1066 602 1100 approbant.
626 1065 686 1101 βοὰ
709 1067 867 1094 Montanum
889 1075 984 1103 quern-

191 1109 255 1136 dam
282 1110 454 1144 prophetam,
477 1119 539 1138 cum
559 1111 682 1139 Priscilla
709 1117 735 1140 ct
750 1113 900 1140 Maximilla
921 1121 985 1148 pro-

192 1155 324 1190 phetissis
348 1157 517 1191 prmdicant;
547 1158 647 1193 quibus
673 1158 839 1186 inhaerentes
866 1166 881 1185 a
910 1164 984 1186 recta

192 1202 235 1228 via
254 1201 412 1230 deﬂectunt.
443 1203 508 1231 Nam
528 1204 561 1232 de
576 1204 667 1237 Patre,
688 1209 715 1232 ct
734 1204 813 1237 Filio,
835 1213 867 1232 ac
883 1204 985 1240 Spiritu

192 1253 288 1276 sancto
304 1248 398 1277 eadem
413 1256 476 1276 cum
492 1249 613 1277 Ecclesia
629 1250 764 1278 catholica
780 1250 913 1279 sentiunt.
931 1250 985 1278 Sed

193 1295 228 1321 ab
249 1294 310 1329 ejus
340 1302 371 1322 se
402 1296 596 1324 communione
618 1301 799 1332 separarum,
814 1297 887 1332 quod
908 1304 985 1324 erro-

193 1341 233 1369 ris
255 1341 370 1377 spiritus
403 1349 435 1369 ac
474 1342 615 1371 doctrinas
642 1343 797 1370 daemonum
823 1347 983 1378 sequantur.

193 1387 250 1416 Nos
261 1388 346 1422 enim,
360 1389 498 1424 inquiunt,
515 1390 638 1417 caelestia
649 1395 758 1426 oportet
768 1390 840 1418 dona
854 1391 987 1426 recipere.

196 1434 252 1462 Sua
267 1435 378 1470 quidem
391 1439 418 1462 et
432 1435 558 1463 Ecclesia
591 1436 726 1464 catholica
757 1438 829 1464 dona
856 1437 988 1464 divinittts

195 1481 316 1516 accipit,
349 1481 398 1509 sed
423 1489 485 1516 quae
514 1490 580 1509 vera
614 1483 686 1510 dona
714 1487 789 1516 sunt,
817 1487 844 1511 et
870 1483 989 1519 Spiritus

1032 883 1134 916 τιανὸν,
1155 883 1203 910 καὶ
1220 884 1267 910 ἀπ’
1290 881 1373 909 αὑτοῦ
1390 881 1575 916 διαδεξάμενοι
1598 881 1773 915 Ἐγκρατῖται
1795 880 1830 906 ὲν

1033 929 1138 965 χρόνοις
1159 928 1309 965 Ἀδριανοῦ,
1326 929 1374 956 καὶ
1391 928 1460 964 μετὰ
1481 927 1628 963 Ἀδριανόν.

1069 972 1150 1002 Οὗτοι
1170 975 1225 1011 γὰρ
1243 977 1267 1002 οἱ
1286 975 1357 1002 κατὰ
1379 974 1487 1010 Φρύγας
1511 973 1685 1009 καλούμενοι,
1699 973 1831 1008 δέχονται

1034 1023 1081 1049 καὶ
1089 1021 1165 1048 αὐτοὶ
1186 1022 1275 1048 πᾶσαν
1292 1021 1311 1046 Γ
1315 1021 1415 1056 ραφὴν,
1431 1019 1554 1046 Παλαιὰν
1571 1019 1618 1045 καὶ
1637 1018 1711 1044 Νέαν
1725 1016 1830 1052 Διαθή-

1034 1077 1094 1103 κην·
1109 1068 1156 1095 καὶ
1168 1067 1274 1103 νεκρῶν
1287 1067 1435 1095 ἀνάστασιν
1456 1066 1556 1101 ὁμοίως
1575 1065 1693 1099 λέγουσι.
1714 1064 1829 1090 Movet:—

1034 1114 1079 1141 νὸν
1096 1114 1124 1140 δέ
1142 1122 1204 1140 τινα
1224 1113 1367 1149 προφήτην
1381 1111 1510 1147 αὐχοῦσιν
1525 1110 1606 1146 ἔχειν,
1627 1110 1675 1137 καὶ
1693 1109 1829 1145 Πρίσκιλ-

1035 1161 1094 1191 λαν.
1116 1162 1164 1187 καὶ
1186 1159 1359 1195 Μαξιμίλλαν
1381 1157 1560 1194 προφήτιδας·
1581 1154 1622 1188 οἷς
1645 1156 1830 1191 προσέχοντες

1035 1208 1081 1234 τὸν
1096 1207 1157 1234 νοῦν
1182 1206 1383 1242 ἐξετράπησαν.
1399 1205 1467 1240 Περὶ
1487 1205 1516 1231 δὲ
1539 1204 1655 1239 Πατρδς,
1677 1202 1725 1229 καὶ
1746 1201 1828 1234 Υἱοῦ,

1037 1254 1083 1280 καὶ
1099 1253 1177 1287 ἁγίου
1191 1252 1348 1287 Πνεύματος
1364 1251 1464 1287 ὁμοίως
1479 1249 1607 1286 φρονοῦσι
1621 1251 1653 1284 τῇ
1668 1248 1734 1284 ἁγίᾳ
1744 1247 1830 1275 καθον

1036 1299 1099 1334 λικῇ
1114 1298 1269 1334 Ἐκκλησία.
1279 1298 1444 1333 Ἀπέσχισαν
1454 1296 1482 1322 δὲ
1495 1295 1619 1328 ἑαυτοὺς,
1631 1293 1830 1330 προσέχουσιν³

1037 1346 1176 1381 πνεύμασι
1193 1345 1297 1381 πλάνης
1310 1345 1358 1372 καὶ
1371 1343 1557 1374 διδασκαλίαις
1575 1342 1720 1377 δαιμόνων,
1735 1340 1832 1374 λέγον-

1037 1401 1093 1424 τες,
1105 1392 1146 1418 ὅτι
1160 1392 1205 1418 Δεῖ
1217 1392 1302 1427 ἡμᾶς,
1319 1391 1396 1426 φησὶ,
1410 1390 1458 1416 καὶ
1471 1389 1506 1416 τὰ
1519 1388 1676 1424 χαρίσματα
1691 1384 1829 1421 δέχεσθαι.

1039 1438 1094 1463 Καὶ
1103 1438 1120 1472 ἡ
1131 1436 1195 1472 ἁγία
1209 1436 1255 1462 τοῦ
1270 1436 1338 1462 Θεοῦ
1355 1434 1503 1470 Ἐκκλησία
1513 1433 1614 1468 ὁμοίως
1624 1432 1658 1458 τὰ
1672 1431 1832 1467 χαρίσματα

1039 1483 1155 1518 δέχεται·
1170 1481 1238 1508 ἀλλὰ
1250 1480 1285 1507 τὰ
1298 1481 1382 1512 ὅντως
1397 1479 1566 1515 χαρίσματα,
1579 1478 1626 1504 καὶ
1637 1479 1670 1513 τῇ
1685 1476 1751 1512 ἁγία
1760 1474 1830 1502 Θεοῦ

195 1526 276 1562 ω3
305 1528 405 1560 sancti,
438 1535 470 1555 ac
488 1529 702 1563 prophetarum,
734 1533 762 1557 et
787 1530 987 1564 apostolorum,

1048 1527 1196 1562 Ἐκκλησία
1209 1526 1252 1553 διὰ
1263 1526 1422 1561 Πνεῦματος
1435 1524 1512 1559 ἁγίου
1526 1523 1743 1557 δεδοκιμασμένα
1754 1520 1833 1556 παρά

196 1572 361 1607 Dontinique
390 1574 479 1608 ipsius
505 1575 670 1602 auctoritate
693 1576 880 1611 contprobata.
903 1576 988 1604 Joan-

196 1624 246 1645 nes
260 1618 394 1653 siqttidcm
418 1620 560 1653 apostolus
574 1620 652 1647 sicin
667 1619 787 1655 Epistula
804 1629 854 1648 sua
871 1629 923 1648 nos
942 1622 990 1649 ad.

197 1668 309 1691 tn0net:
327 1663 442 1692 Probata
458 1665 577 1699 spiritus,
602 1667 625 1692 si
642 1673 675 1693 ea:
699 1666 753 1693 Deo
765 1667 855 1694 sunt‘.
878 1666 911 1694 Et
927 1675 990 1694 rur-

197 1716 259 1737 sum
280 1719 286 1735 :
315 1709 435 1737 Audistis
457 1711 520 1745 quia
549 1711 729 1738 Anticltristus
755 1713 844 1744 venit;
870 1717 895 1739 et
921 1721 990 1740 nunc

197 1754 357 1781 Antichristi
381 1755 460 1782 multi
481 1761 553 1783 sunt.
579 1756 603 1782 E
620 1757 695 1784 nobis
718 1759 849 1788 exierunt,
870 1758 916 1785 sed
939 1767 990 1785 non

198 1806 275 1828 erant
288 1810 301 1828 ε
318 1801 403 1829 nobis.
418 1802 449 1830 Si
468 1803 537 1829 enim
553 1811 566 1830 ε
586 1803 661 1830 nobis
681 1803 806 1838 fuissent.
831 1805 990 1831 mansissent

200 1847 290 1883 utique
308 1848 459 1881 vobiscum;
478 1849 523 1876 sed
550 1854 579 1875 ut
604 1850 738 1883 manifesti
761 1851 838 1884 ﬁant.
866 1851 991 1885 quoniam

200 1901 253 1920 non
273 1898 335 1920 sunt
352 1902 367 1920 e
383 1893 468 1925 nobis,
483 1893 583 1921 idcirco
598 1894 685 1921 scribo
703 1894 786 1928 vobis,
805 1895 883 1929 ﬁlioli
898 1897 920 1929 ἔ,
937 1900 990 1923 etc.

201 1940 339 1973 Quocirca
353 1948 448 1968 verum
471 1945 513 1968 est
530 1939 591 1969 illos
608 1950 623 1969 e
642 1946 800 1968 sanctorum
827 1950 909 1978 grege
936 1951 992 1971 non

201 1994 274 2014 esse.
300 1986 343 2014 Ab
357 1986 392 2014 iis
411 1987 485 2013 cnim
498 1987 683 2015 contettdendi
701 1988 793 2015 stttdio
806 1993 991 2021 recesserunt.

201 2036 229 2059 et
240 2032 344 2059 erroris
358 2039 390 2059 ac
403 2032 557 2060 fabularum
573 2037 701 2061 auctores
714 2034 828 2069 spiritus
842 2036 992 2063 consectati

203 2082 277 2106 sunt.

238 2123 269 2152 ιι.
292 2124 363 2153 Ecce
378 2125 428 2153 tibi
446 2125 490 2153 vel
506 2132 539 2153 eo
565 2125 635 2160 ipso.
658 2127 732 2160 quod
753 2126 805 2153 sibi
822 2125 993 2161 propositum

203 2170 322 2205 habent,
347 2176 441 2207 aperte
463 2172 686 2205 convincuntur,
713 2180 888 2207 nequaquam
920 2172 994 2199 istud

203 2218 305 2253 ipsum,
330 2219 403 2253 quod
431 2219 605 2246 contentiosa
630 2219 676 2244 illa
701 2218 849 2245 ambitione
879 2226 934 2252 prae
964 2226 993 2245 se
1011 2209 1031 2237 θ

204 2263 309 2295 ferunt,
336 2264 460 2292 obtinere
484 2272 574 2299 posse.
591 2264 658 2291 Nam
677 2264 699 2292 si
715 2264 838 2292 ctelestia
858 2264 904 2291 illa
920 2265 991 2292 dona

1042 1582 1070 1599 τε
1087 1572 1236 1609 προφητῶν
1253 1572 1301 1599 καὶ
1320 1571 1487 1603 ἀποστόλων,
1526 1569 1574 1597 καὶ
1594 1567 1677 1596 αὑτοῦ
1703 1567 1750 1594 τοῦ
1772 1567 1831 1593 Κυ-

1044 1619 1114 1654 ρίου·
1132 1619 1284 1653 φάσκοντος
1299 1617 1448 1644 ἀποστόλου
1470 1615 1593 1643 Ἰωάννου
1610 1615 1638 1641 ἐν
1653 1615 1686 1648 τῇ
1707 1613 1832 1639 Ἐπιστο-

1043 1665 1087 1701 λῇ,
1099 1666 1139 1692 ὅτι
1149 1664 1319 1699 Δοκιμὰζετε
1333 1663 1370 1691 τίι
1380 1663 1544 1697 πνεύματα,
1559 1662 1586 1688 εὶ
1597 1661 1682 1688 ἔστιν
1697 1660 1730 1686 ἐκ
1746 1657 1830 1686 Θεοῦ.

1044 1711 1128 1738 Πάλιν
1139 1711 1166 1737 δὲ
1176 1711 1310 1745 λέγοντος,
1328 1710 1550 1741 ὃτιἨκούσαι-ε,
1568 1708 1613 1734 ὅτι
1632 1706 1834 1740 Ἀντίχριστος

1044 1757 1170 1792 ἔρχεται,
1187 1757 1236 1784 και
1254 1756 1313 1783 νῦν
1337 1755 1529 1790 Ἀντίγριστοι
1539 1753 1648 1781 πολλοὶ
1661 1753 1832 1787 γεγόνασιν.

1051 1803 1099 1835 Ἐξ
1118 1802 1201 1838 ἡμῶν
1222 1801 1361 1836 ἐξῆλθον-⁵
1377 1802 1446 1829 ἀλλ’
1459 1802 1515 1828 οὐκ
1534 1799 1615 1835 ἦσαν
1637 1799 1671 1831 ἐξ
1689 1797 1785 1832 ἡμῶν.
1799 1798 1832 1823 El

1045 1851 1100 1885 γὰρ
1115 1849 1197 1886 ἦσαν
1210 1850 1244 1882 ἐξ
1259 1849 1353 1884 ἡμῶν,
1367 1847 1589 1883 μεμενήκεισαν
1606 1846 1644 1873 ἃν
1660 1845 1724 1880 μεθ’
1737 1844 1830 1879 ἡμῶνδ

1045 1897 1115 1924 ἀλλ’
1127 1897 1177 1924 ἵνα
1189 1895 1377 1930 γνωσθῶσιν,
1392 1895 1501 1921 ὅτιούκ
1515 1893 1596 1920 εἰσὶν
1609 1892 1643 1923 ἐξ
1657 1891 1752 1926 ἡμῶν,
1767 1890 1833 1917 τού-

1046 1953 1099 1971 του
1113 1943 1201 1978 χάριν
1208 1941 1308 1978 γράφω
1322 1941 1403 1976 ὑμῖν,
1417 1940 1527 1967 τεκνία.
1537 1939 1583 1966 καὶ
1590 1938 1624 1964 τὰ
1632 1937 1705 1972 ἑξῆς.
1714 1936 1832 1971 Ἀληθῶς

1046 1988 1093 2016 οὖν
1115 1990 1156 2015 ὅτι
1178 1989 1228 2014 οὐκ
1255 1987 1324 2014 εἰσὶν
1345 1986 1374 2018 ἐξ
1397 1986 1487 2012 αὐτῶν
1509 1984 1563 2011 τῶν
1576 1983 1669 2018 ἁγίων.
1687 1981 1832 2017 Ἐξέϐησαν

1047 2036 1101 2073 γὰρ
1117 2037 1149 2071 τῇ
1163 2034 1268 2061 ἑαυτῶν
1287 2032 1445 2068 φιλονεικία,
1465 2031 1678 2068 προσανέχοντες
1694 2029 1742 2055 καὶ
1754 2027 1833 2054 πνεύ-

1049 2090 1115 2116 μασι
1130 2080 1235 2115 πλάνης
1248 2080 1295 2106 καὶ
1312 2078 1484 2114 μυθολογίας.

1083 2126 1121 2152 Β¹.
1138 2126 1204 2152 Ἰδοὺ
1219 2126 1273 2160 γὰρ
1291 2123 1321 2157 ἐξ
1341 2124 1426 2158 αὐτῆς
1442 2123 1492 2157 τῆς
1509 2121 1663 2153 ὑποθέσεως
1679 2120 1830 2155 ἐλέγχονται

1050 2172 1087 2207 μὴ
1100 2171 1244 2205 δυνάμενοι
1260 2170 1380 2205 πληροῦν
1393 2170 1427 2196 τὰ
1445 2168 1548 2195 ἑαυτῶν
1565 2169 1594 2194 ὲν
1617 2166 1766 2202 φιλονεικίᾳ
1780 2165 1830 2191 ὺπ-

1048 2217 1220 2253 ισχνούμενα.
1239 2217 1270 2243 Εἰ
1289 2216 1342 2252 γὰρ
1353 2216 1394 2242 δεῖ
1410 2216 1568 2251 χαρίσματα
1581 2213 1717 2249 δέχεσθαι,
1735 2214 1780 2239 καὶ
1794 2212 1831 2237 δεῖ

1046 2264 1074 2291 ὲν
1082 2263 1231 2298 Ἐκκλησία
1241 2262 1396 2298 χαρίσματα
1405 2261 1425 2294 ⁸,
1438 2260 1496 2292 πῶς
1504 2260 1594 2286 οὐκέτι
1607 2258 1676 2294 μετὰ
1688 2257 1831 2291 Μοντανὸν,

195 2345 204 2351 ‘
241 2342 250 2357 ‘
267 2341 364 2369 Hoatt.
386 2350 422 2373 tv,
441 2343 465 2368 l.
504 2343 515 2358 ’
529 2341 538 2368 l
554 2341 633 2369 Joan.
650 2349 680 2373 tt,
700 2342 734 2369 t8
746 2350 806 2377 sqq.
845 2343 855 2358 ³
876 2341 905 2369 F.
926 2342 989 2368 καὶι

1044 2350 1068 2368 at.
1108 2341 1119 2356 ‘
1135 2340 1215 2368 Deest
1235 2340 1306 2375 ἔχειν
1318 2339 1360 2367 vel
1378 2336 1458 2365 εἶναι.

243 2420 299 2454 (97)
319 2421 399 2447 Κατὰ
416 2421 607 2455 Φρυγαστῶν.
632 2420 753 2455 Phryges
769 2420 827 2447 sive
841 2419 1000 2455 Phrygastae

228 2455 317 2492 ropric
339 2456 414 2486 dicti.
440 2456 512 2490 quod
529 2465 543 2483 e
557 2455 675 2492 Phrygia
692 2456 810 2492 primum
837 2456 997 2492 prodierint.

222 2491 293 2518 idetn
318 2494 410 2517 tamen
433 2490 842 2525 ttonttunquatit’Catapltryges
870 2495 897 2517 et
923 2491 1001 2517 Cata-

210 2527 335 2562 phrygas,
351 2526 431 2560 quasi
453 2527 629 2562 Evangeliuttt
642 2531 729 2558 esset,
747 2527 791 2553 vel
813 2526 911 2560 dogma
931 2525 1001 2552 κατὰ

208 2561 330 2592 Φρύγας.

233 2569 412 2631 ρῶἶζῗςὸῦτοι
439 2596 495 2630 γὰρ
519 2597 661 2631 γεγόνασι
680 2597 746 2630 περὶ
764 2597 797 2622 τὸ
816 2595 1000 2622 εννεακαιδέ-

211 2640 312 2660 καῖον,
333 2632 523 2659 Consentanea
550 2637 614 2659 suttt
639 2640 699 2666 qua:
722 2632 756 2658 de
786 2632 868 2664 hujus
889 2631 1000 2658 ltazresis

209 2669 286 2696 exitu
307 2675 339 2694 ac
356 2672 478 2702 tempore
501 2667 622 2699 disserit,
641 2665 703 2694 cum
720 2668 754 2694 iis
772 2674 831 2701 qua:
851 2674 934 2700 supra
950 2665 1000 2692 do—

211 2703 279 2733 cuit.
296 2703 424 2730 nimirum
441 2701 578 2729 Justinum
596 2702 708 2728 Adriani
726 2707 847 2736 tempore
861 2707 1000 2728 tttortuum

211 2746 287 2771 esse;
304 2738 455 2765 secundum
473 2745 552 2771 quem
570 2737 650 2771 paulo
665 2742 725 2771 post
743 2737 875 2764 Tatianus
891 2737 999 2771 prodie-

212 2774 266 2803 rit,
284 2781 299 2799 a
315 2781 370 2807 qtto
391 2773 538 2799 Encratitte
560 2773 692 2806 originem
711 2773 867 2806 acceperint
883 2773 934 2799 sub
949 2772 1002 2798 Att—

213 2809 308 2835 tonitto
324 2808 392 2834 Pio:
407 2815 462 2842 quo
482 2807 576 2834 eodem
595 2812 755 2842 tntperante,
773 2812 854 2842 atque
878 2815 950 2833 anno
969 2807 1001 2833 il—

214 2842 267 2870 lius
285 2850 329 2870 nx
347 2843 490 2870 Montanus
515 2842 660 2870 exstiterit.
683 2841 737 2869 Sed
753 2850 816 2869 cum
830 2850 863 2869 ex
888 2843 922 2870 iis
941 2850 1001 2878 qua.)

1052 2420 1132 2455 paulo
1147 2423 1209 2446 ante
1225 2419 1362 2453 disputata
1386 2421 1461 2449 sunt,
1486 2420 1594 2444 constet
1610 2415 1749 2455 J_ttst_inum
1767 2422 1833 2442 non-

1052 2451 1105 2482 nisi
1121 2456 1173 2482 sub
1183 2451 1277 2481 Marco
1285 2455 1393 2481 Aurelio
1407 2461 1518 2487 passum
1532 2460 1603 2483 esse.
1616 2451 1833 2487 Tatianutuvero

1052 2491 1193 2524 aliquanto
1217 2490 1299 2516 etiam
1314 2485 1549 2524 postea—litcrcsitn
1573 2485 1830 2524 suamrcondidisse,‘

1052 2521 1197 2552 tnaitit'csta
1220 2525 1262 2551 hic
1285 2521 1327 2551 cst
1349 2529 1501 2558 temporum
1517 2523 1694 2558 perturbatio.
1709 2521 1786 2554 Quod
1802 2522 1832 2558 ait

1051 2560 1239 2595 (latupltrygas
1257 2563 1363 2595 spectat
1375 2580 1381 2592 ,
1396 2556 1529 2586 Eusebius
1545 2559 1574 2595 itt_
1586 2556 1684 2595 Chron.
1712 2564 1782 2583 anno
1800 2556 1831 2583 Μ.

1051 2593 1153 2623 Aurelii
1174 2593 1203 2622 xi
1230 2595 1325 2622 scribit
1341 2594 1543 2629 Catapltrygum
1569 2593 1833 2629 literesinuuauctore

1053 2631 1180 2658 Montano
1191 2651 1198 2662 ,
1220 2635 1247 2657 et
1261 2629 1384 2657 Priscilla
1395 2650 1401 2660 .
1412 2624 1450 2657 .ac
1463 2624 1621 2659 Maximilla.
1635 2627 1774 2654 exordium
1794 2627 1832 2653 Ita-

1051 2667 1155 2694 buisse.
1171 2665 1240 2701 Tum
1256 2672 1327 2692 anno
1339 2669 1470 2700 Sequente
1481 2663 1636 2701 Ettcratitas
1648 2662 1762 2701 Tatiano
1772 2661 1833 2701 duce

1052 2701 1198 2736 prodiisse.
1215 2700 1281 2733 Qua:
1298 2701 1320 2727 si
1335 2697 1398 2728 vera
1413 2704 1487 2731 sunt,
1512 2699 1618 2725 'l‘atiani
1639 2701 1666 2736 e_t
1689 2697 1832 2736 Encratita.

1054 2732 1112 2763 rutn
1143 2732 1240 2763 ltmresi
1275 2736 1393 2770 priorem
1418 2738 1526 2770 oportet
1559 2741 1620 2770 esse
1642 2732 1833 2770 cataphrygum

1055 2773 1195 2805 ltatrcsim;
1213 2767 1309 2808 contra
1324 2767 1479 2808 institutum
1493 2770 1527 2796 ab
1541 2767 1831 2808 Epiphanioordinem.

1056 2816 1086 2835 ac
1101 2807 1151 2835 sub
1165 2807 1275 2835 Aurelio
1292 2807 1425 2834 duntaxat
1440 2806 1605 2841 imperatore
1618 2804 1768 2832 exstitisse.
