1964 3047
116 160 170 189 85'!

466 159 650 188 ADVERSUS
671 160 841 188 HAERESES
861 160 925 188 LIB.
947 160 979 188 Il.
1001 160 1082 195 TOM,
1103 161 1124 190 I.
1143 161 1282 190 IIIERES.
1301 162 1413 190 XLVIII.

1703 164 1755 192 858

116 223 164 249 καὶ
181 221 356 257 Πρίσκιλλαν,
376 221 424 247 καὶ
444 220 628 255 Μαξιμίλλαν,
639 220 732 255 ἔχουσι
749 220 909 256 προφήτας;

972 221 1121 256 'ecipienda
1146 226 1223 252 sunt,
1249 222 1338 257 iisque
1365 222 1508 257 prmditam
1525 221 1676 250 Ecclesiam
1694 231 1755 250 esse

119 266 190 304 Ἀρα
204 268 325 303 ἧργησεν
338 268 354 302 ή
370 267 466 302 χάρις;
479 266 535 293 Οὐκ
547 267 628 302 ἀργεῖ
639 266 668 293 δὲ
682 267 698 301 ἡ
713 266 793 302 χάρις
801 267 830 292 ὲν
842 265 908 300 ἁγίᾳ

119 314 279 349 Ἐκκλησία·
298 312 335 348 μὴ
353 312 471 347 γένοιτοί
491 312 522 338 Εἰ
534 312 563 339 δὲ
584 313 637 344 ἕως
653 313 725 345 τινος
741 313 910 348 προεφήτευ-

119 368 169 386 σαν
185 360 209 385 ot
225 359 473 394 προφητεύσαντες,
491 359 537 385 καὶ
554 359 604 385 οὐκ
620 359 660 385 ἔτι
679 359 908 394 προφητεύουσιν·

119 405 188 431 ἄλλά
203 404 265 431 οὔτε
278 404 438 440 Πρίσκιλλα,
452 404 514 430 οὔτε
527 404 685 439 Μαξιμίλλα
701 405 910 439 προεφήτευσαν

121 449 191 485 μετὰ
204 449 254 481 τὰς
268 449 435 484 προφητείας
459 449 509 480 τὰς
525 449 569 476 διὰ
584 449 638 475 τῶν
654 449 740 483 ἁγίων
755 449 911 476 ἀποστόλων

121 495 150 521 ὲν
165 496 197 530 τῇ
212 494 279 530 ἁγίᾳ
291 494 441 529 Ἐκκλησία
457 494 679 529 δοκιμασθείσας.
702 495 781 522 Κατὰ
803 495 848 521 δύο
865 492 911 521 οὖν

121 542 238 574 τρόπους
252 540 446 575 ἐλεγχθήσεται
463 541 480 576 ἡ
496 540 577 567 αὑτοῦ
594 540 682 568 ἄνοια.
698 541 733 566 "II
751 541 806 576 γὰρ
819 540 912 572 δείξω-

122 595 164 613 σιν
174 584 243 613 εἶναι
257 587 398 621 προφήτας
414 586 483 620 μετὰ
497 585 681 621 Μαξιμίλλαν,
696 586 738 612 ἵνα
751 586 788 621 μὴ
801 587 911 623 ἁργήσῃ

121 633 186 668 παρ’
204 633 294 663 αὐτοῖς
310 631 557 666 λεγομένη”χάρις·
583 632 600 667 ἢ
620 633 644 657 οἱ
660 633 724 667 περὶ
740 631 911 666 Μαξιμίλλαν

121 679 342 714 ψευδοπροφῆται
357 678 550 712 εὑρεθήσονται
569 677 638 713 μετὰ
650 678 695 703 τὸν
705 678 767 712 ὅρον
779 677 832 703 τῶν
848 685 914 712 προ-

122 724 246 759 φητικῶν
260 723 437 759 χαρισμάτων
452 722 639 758 τολμήσαντες
649 723 698 749 οὐκ
709 723 763 749 ἀπὺ
774 722 821 748 τοῦ
835 722 912 756 ἁγίου

123 769 293 804 Πνεύματος,
309 767 366 794 ἀλλ’
382 766 436 794 ἀπὸ
453 767 555 802 πλάνης
569 767 704 802 δαιμόνων
718 767 912 803 ἑνθουσιασθῆ-

123 825 178 846 ναι,
199 815 246 842 καὶ
267 814 401 849 φαντάσαι
421 814 485 844 τοὺς
501 813 649 844 ἀκούοντας
663 813 764 845 αὐτῶν,
777 814 823 840 καὶ
840 814 914 846 ὅπως

123 861 154 895 ἐξ
168 861 257 888 αὐτῶν
271 860 326 887 τῶν
337 860 403 895 παρ’
417 860 509 891 αὐτοῖς
522 859 677 894 λεγομένων
691 860 704 885 ὁ
720 859 830 894 ἐλεγχος
846 860 914 895 πρὸς

123 907 223 938 αὐτοὺς
240 906 400 942 ῥηθήσεται.
418 906 519 931 Φὰσκει
538 905 592 941 γὰρ
607 906 624 940 ἡ
644 906 710 940 παρ’
727 905 819 937 αὐτοῖς
837 905 915 940 λεγο-
931 899 951 926 Β

124 952 192 986 μὲνη
206 950 361 985 Μαξιμίλλα
385 951 400 984 ἡ
428 950 573 985 προφῆτις,
603 951 655 982 ὃτι,
682 950 759 985 φησὶ,
781 950 849 977 Μετ’
864 951 916 985 ἐμὲ

123 996 272 1031 προφῆτις
288 995 389 1023 οὐκέτι
405 995 502 1026 ἔσται,
523 995 603 1023 ἀλλὰ
619 995 791 1023 συντέλεια.
807 997 873 1023 Ἰδοὺ
888 996 916 1023 δὲ

124 1043 255 1070 πάντοθεν
270 1043 396 1078 φαίνεται
409 1041 440 1068 τὺ
456 1042 565 1077 πνεῦμα
578 1043 627 1078 τῆς
644 1043 761 1078 πλάνης.
779 1042 849 1068 Ὂσα
862 1042 916 1078 γὰρ

123 1089 149 1115 οἱ
167 1088 306 1124 προφῆται
326 1089 465 1124 εἰρήκασι,
488 1088 534 1114 καὶ
557 1087 626 1123 μετὰ
647 1088 780 1119 συνέσεως
797 1096 918 1123 παρακο-

123 1135 284 1166 λουθοῦντες
312 1134 485 1168 ἐφθέγγοντο,
517 1134 565 1160 καὶ
594 1133 776 1169 ὲτελέσθησαν
797 1134 831 1160 τὰ
853 1135 917 1169 παρ’

124 1180 215 1208 αὐτῶν
235 1179 378 1216 είρημένα,
403 1180 448 1206 καὶ
471 1180 511 1206 ἔτι
535 1179 697 1215 πληροῦται.
721 1180 796 1215 Αὕτη
814 1180 842 1206 δὲ
858 1178 919 1207 εἷπε

126 1227 186 1263 μετ’
200 1226 286 1261 αὐτὴν
304 1224 375 1252 εἶναι
395 1225 561 1251 συντέλειαψ
577 1225 624 1251 καὶ
638 1224 715 1251 οὔπω
730 1225 917 1261 συνετελέσθη,

126 1272 244 1308 μάλιστα
255 1271 390 1298 τοσούτων
409 1271 540 1306 βασιλέων
553 1271 719 1305 γενομένων,
731 1272 779 1298 καὶ
791 1272 919 1298 τοσούτου

126 1317 222 1353 χρόνου
245 1315 476 1351 ὑπερϐεϐηκότος.
500 1315 567 1350 Ἔτη
591 1315 646 1351 γάρ
669 1315 740 1342 εἰσιν
758 1315 851 1343 ἔκτοτε
864 1317 919 1352 (99)

127 1362 211 1389 πλείω
226 1363 243 1398 ἢ
263 1362 370 1388 ἐλάσσω
389 1361 515 1387 διακόσια
533 1361 711 1396 ἐννενήκοντα
726 1361 779 1393 ἕως
792 1362 839 1388 τοῦ
852 1363 920 1397 ἠμε-

131 1408 208 1444 τέρου
231 1408 339 1444 χρόνου,
363 1407 515 1434 δωδεκάτου
531 1407 608 1439 ἔτους
622 1407 856 1440 Οὑαλεντινιανοΰ,
874 1409 920 1435 καὶ

126 1456 287 1486 Οὐάλεντος,
305 1454 352 1481 καὶ
368 1453 518 1490 Γρατιανοῦ
531 1453 680 1488 βασιλείας·
695 1454 743 1480 καὶ
753 1453 842 1490 οὒτεή
857 1463 915 1481 συν-

127 1501 217 1529 τέλεια
239 1500 308 1528 κατὰ
330 1500 380 1535 τὴν
402 1500 545 1536 ἠχήσασαν
569 1500 669 1535 ἑαυτὴν
691 1501 857 1536 προφήτιδα,
883 1501 920 1536 μὴ

128 1547 246 1582 γνοῦσαν
263 1548 331 1583 μήτε
349 1547 398 1582 τὴν
416 1546 525 1582 ἡμέραν
540 1547 591 1581 τῆς
606 1545 692 1582 α’ὑτῆς
710 1547 848 1582 τελευτῆς.
865 1548 921 1574 Καὶ

131 1594 195 1620 ἰδεῖν
207 1593 276 1625 ἔστι,
291 1593 350 1624 πῶς
368 1593 469 1623 πάντες
483 1593 507 1618 οἱ
524 1592 577 1618 ἀπὺ
592 1592 644 1628 τῆς
663 1592 791 1628 ἀληθείας
809 1593 921 1625 ἑαυτοὺς

129 1638 370 1674 ἀλλοτριώσαντες,
387 1639 438 1664 οὐκ
452 1638 481 1664 ὲν
495 1638 640 1674 εὐσταθείᾳ
649 1639 702 1665 τινὶ
712 1638 792 1672 λόγου
805 1639 922 1674 μεμενή-

130 1692 220 1712 κασιν·
236 1683 293 1710 ἀλλ’
310 1684 348 1715 ὡς
364 1684 455 1719 νήπιοι
475 1684 526 1710 ὑπὸ
540 1683 588 1710 τοῦ
606 1684 649 1710 ἀεὶ
662 1684 819 1716 πλανῶντος
835 1684 923 1718 ὄφεως

130 1730 398 1765 παραπεποιημένοι,
417 1730 458 1761 είς
473 1729 612 1757 ἀπώλειαν
620 1730 732 1761 ἑαυτοὺς
747 1730 921 1757 ὲκόεδώκασι.

131 1777 185 1802 Καὶ
202 1777 243 1807 είς
261 1775 292 1802 τὸ
308 1775 434 1810 γενέσθαι
458 1775 629 1810 κατάὸρωμα
649 1774 695 1801 τοῦ
715 1775 808 1807 λύκου,
830 1776 862 1802 ὲκ
875 1776 924 1811 τῆς

133 1823 253 1858 μάνδρας
265 1821 421 1857 αἱρεθέντες
439 1821 672 1856 παρελκυσθῆναι,
690 1822 737 1848 καὶ
751 1821 838 1854 οὕτως
855 1823 923 1848 ἁπο-

130 1869 235 1901 λέσθαι,
252 1868 289 1904 μὴ
321 1867 487 1903 κρατοῦντες
518 1867 568 1904 τὴν
583 1868 681 1904 ἀρχὴν,
704 1868 772 1895 ἀλλὰ
801 1868 926 1895 καταλεί-

131 1914 230 1948 ψαντες
251 1913 300 1948 τὴν
325 1913 465 1948 ἀλήθειαν,
491 1914 521 1939 ἐν
542 1913 664 1947 ναυαγίῳ
689 1914 802 1944 ἑαυτοὺς
823 1914 870 1940 καὶ
893 1914 921 1940 ἐν

132 1960 247 1986 κλύδωνι
270 1961 319 1995 τῆς
338 1960 428 1994 πάσης
445 1959 550 1995 πλάνης
564 1959 799 1995 παραδεδώκασιν.
820 1960 852 1986 Εἰ
868 1959 922 1995 γὰρ

132 2005 204 2039 λέξει
223 2005 393 2041 Μαξιμίλλει,
417 2006 458 2032 ὅτι
481 2006 626 2042 προφήτης
648 2006 740 2032 οὐκέτι
761 2005 848 2038 ἔσται,
870 2005 924 2042 ἄρα

133 2052 241 2086 ἀναιρεί
255 2051 286 2077 τὺ
301 2049 371 2078 εἶναι
388 2051 452 2087 παρ’
469 2051 563 2081 αὐτοῖς
576 2051 607 2077 τὸ
622 2051 754 2086 χάρισμα,
769 2052 816 2078 καὶ
830 2052 869 2082 εἰς
884 2050 924 2077 ἔτι

132 2096 212 2133 δεῦρο
227 2096 368 2132 φέρεσθαι.
385 2097 416 2123 Εἰ
432 2097 461 2123 δὲ
481 2097 533 2129 ἓως
547 2098 641 2132 αὐτῆς,
663 2097 701 2129 ὡς
716 2098 846 2133 προεῖπον
863 2097 921 2132 μὲν,

133 2143 164 2170 τὸ
175 2143 307 2179 χάρισμα,
325 2143 378 2178 ἄρα
392 2144 439 2169 καὶ
453 2143 522 2179 αὑτὴ
537 2144 567 2170 οὐ
585 2143 699 2179 μετέσχε
717 2143 771 2169 τῶν
788 2143 924 2179 χαρισμά-

134 2198 189 2217 των
192 2210 199 2216 .

964 267 1104 299 convenit,
1133 276 1183 294 cur
1213 273 1275 302 post
1304 267 1474 298 Montanum,
1499 275 1529 294 ae
1544 267 1710 299 Priscillam,
1728 273 1756 296 et

964 312 1140 339 Maximillam
1174 314 1265 340 nullos
1298 313 1400 340 habent
1435 313 1553 348 atnplitts
1586 315 1758 349 ptophetas?

967 357 1133 386 Divinumne
1153 363 1195 386 est
1218 367 1320 386 munus
1335 359 1521 386 exhaustum?
1538 359 1574 386 At
1591 360 1618 386 in
1636 359 1756 387 Ecclesia
1771 352 1774 370 ⁷

965 404 1100 431 catholica
1117 405 1229 431 minime
1246 405 1273 432 id
1289 405 1398 439 quidem
1413 409 1454 432 est
1468 405 1642 432 exhaustum.
1661 405 1754 433 Absit!

965 450 1043 482 Quod
1066 449 1089 477 si
1106 450 1199 484 aliquo
1222 455 1302 477 tenus
1318 450 1458 485 propheta
1476 450 1617 478 vaticinati
1633 455 1709 483 sunt,
1729 456 1757 478 et

964 495 1108 521 vaticinari
1137 495 1219 521 modo
1248 495 1390 528 desinunt,
1434 503 1609 530 consequens
1637 501 1680 524 est
1722 505 1757 524 tte

965 539 1115 566 Priscillam
1135 541 1245 575 quidem
1271 546 1354 575 atque
1384 541 1579 572 Maxintillam,
1606 541 1756 569 secundum

967 586 1155 620 apostolorum
1183 587 1324 618 vaticinia,
1359 594 1418 621 qua:
1445 587 1470 613 in
1501 586 1622 614 Ecclesia
1647 592 1757 622 recepta

967 635 1041 663 Stult,
1057 632 1200 658 oraculum
1218 632 1303 659 ttllum
1317 632 1448 659 edidisse.
1465 632 1649 665 Quamobrem
1671 634 1758 660 utrin-

965 677 1141 711 qtteilloruln
1172 678 1280 706 insania
1305 679 1514 713 constringitur.
1537 678 1605 705 Nam
1627 684 1674 706 aut
1692 687 1757 714 pro-

967 723 1064 757 phetas
1080 730 1140 758 post
1158 724 1334 751 Maximillam
1358 725 1465 759 aliquos
1482 725 1648 758 ostendant;
1664 733 1698 753 ne
1713 733 1757 757 ea,

967 777 1049 804 quam
1070 770 1110 797 illi
1125 770 1266 804 iactitant,
1285 771 1372 806 gratia
1388 772 1524 799 exstincta
1540 771 1683 805 videatur;
1712 777 1760 798 aut.

968 814 1117 842 Maximilla
1145 823 1207 843 eum
1232 817 1291 844 suis
1309 817 1384 844 falsae
1403 817 1475 845 vatis
1488 817 1598 844 nomine
1615 817 1761 845 censenda:

968 864 1043 892 sunt,
1067 869 1129 895 quze
1145 865 1206 896 post
1234 863 1421 897 pra’scriptnm
1442 862 1592 898 prophetici
1615 862 1680 890 doni
1700 862 1760 890 ofﬁ—

965 907 1057 942 ciique
1076 912 1194 941 tempus,
1221 915 1276 934 non
1294 908 1382 936 sancti
1399 908 1530 943 Spiritus,
1549 909 1597 936 sed
1616 908 1760 936 intmissia

967 953 1139 981 dmtnonibus
1164 955 1271 982 erroris
1299 955 1419 981 alllatum
1449 955 1595 982 admittere
1615 963 1670 982 non
1696 961 1761 983 sunt

967 999 1070 1031 verita),
1091 1007 1122 1026 ac
1143 1000 1202 1027 suis
1224 1001 1398 1028 auditoribus
1421 1001 1546 1028 illudere.
1563 1001 1709 1029 Enimvero
1727 1010 1761 1029 ex

968 1045 1003 1073 iis
1031 1045 1099 1080 ipsis
1125 1054 1186 1080 qua:
1206 1051 1345 1079 asserunt,
1363 1055 1457 1074 eorum
1474 1048 1617 1074 mendacia
1634 1047 1761 1075 refellen-

970 1096 1028 1119 tur.
1044 1090 1091 1118 Sic
1106 1092 1179 1119 enim
1198 1097 1274 1119 vates
1301 1092 1410 1119 illorum
1436 1092 1585 1119 Maximilla
1608 1093 1737 1128 praedicat
1753 1103 1759 1121 :

969 1137 1035 1164 Post
1051 1146 1091 1164 me
1107 1137 1184 1164 nulla
1211 1137 1325 1172 amplius
1348 1138 1398 1165 erit
1425 1137 1600 1172 prophetissa,
1628 1137 1673 1164 sed
1700 1138 1762 1172 ﬁnis

969 1188 1100 1219 sequetur.
1122 1183 1209 1211 Vides
1224 1187 1254 1210 ut
1272 1184 1393 1218 undique
1405 1191 1434 1210 sc
1449 1183 1546 1218 prodat
1561 1183 1663 1210 erroris
1678 1183 1762 1218 spiri-

970 1233 1025 1258 tus.
1060 1229 1128 1256 Nam
1153 1237 1326 1265 quascunque
1352 1230 1492 1265 prophetae
1520 1230 1606 1257 locuti
1635 1234 1709 1262 sunt,
1730 1237 1766 1256 ea.

970 1277 1090 1304 scientes
1114 1276 1350 1311 intelligentesque
1374 1275 1504 1302 dixerunt
1529 1285 1535 1302 :
1564 1274 1699 1310 planeque
1721 1275 1761 1301 uti

972 1321 1097 1348 nuntiata
1125 1326 1189 1348 sunt
1206 1321 1384 1353 acciderunt,
1414 1325 1440 1347 et
1467 1320 1547 1347 hodie
1571 1320 1760 1354 perﬁciuntur.

970 1368 1005 1394 At
1020 1367 1066 1394 illa
1084 1371 1147 1402 post
1165 1374 1194 1394 se
1210 1374 1301 1394 rerum
1325 1365 1449 1393 onmium
1477 1366 1582 1392 exitum
1612 1365 1670 1392 fore
1694 1373 1762 1400 pra--

971 1411 1055 1445 dixit;
1071 1411 1144 1446 quod
1159 1411 1292 1438 hactenus
1309 1409 1432 1437 nondum
1453 1409 1589 1436 accidisse
1604 1408 1743 1435 cernimus
1757 1417 1763 1432 :

972 1457 1122 1492 prmsertim
1138 1464 1202 1483 Cllm
1219 1460 1259 1483 tot
1274 1455 1327 1482 sibi
1358 1456 1539 1490 imperatores
1565 1454 1764 1482 successerint.

972 1510 1004 1529 ac
1021 1507 1125 1530 tantum
1144 1502 1180 1530 sit
1196 1501 1327 1536 temporis
1344 1500 1534 1534 interlapsum.
1549 1498 1714 1535 Αηιιὶήοά,
1726 1498 1765 1526 si-

972 1549 1082 1584 quidem
1104 1549 1205 1576 adhoc
1232 1553 1351 1583 tempus,
1375 1547 1422 1583 qui
1448 1552 1491 1575 est
1519 1546 1714 1578 Valentiniani,
1734 1554 1767 1572 ac

975 1594 1108 1626 Valentis,
1128 1599 1155 1622 et
1170 1594 1293 1621 Gratiani
1320 1594 1495 1629 imperatoris
1521 1601 1610 1620 annus
1634 1600 1682 1624 xu,
1704 1591 1766 1626 plus

975 1642 1066 1669 minus
1081 1648 1147 1668 ccxc
1159 1643 1362 1672 numerantur;
1388 1644 1415 1667 et
1437 1643 1526 1666 tamen
1542 1638 1586 1665 hic
1605 1638 1650 1665 ille
1669 1637 1768 1674 μνωᾱὶ-

975 1691 1036 1715 ctus
1050 1687 1083 1714 ab
1098 1686 1173 1713 inani
1198 1693 1315 1720 seseque
1343 1688 1499 1713 ostentante
1514 1684 1687 1720 prophetissa
1699 1690 1767 1710 nou-

976 1733 1041 1760 dum
1070 1740 1163 1760 rerum
1195 1732 1286 1760 exitus
1317 1731 1428 1759 advenit
1448 1737 1532 1765 :quze
1558 1729 1667 1765 quidem
1695 1729 1767 1756 diem

976 1779 1068 1807 obitus
1090 1779 1133 1805 sui
1156 1778 1269 1807 minime
1290 1782 1459 1812 compertum
1485 1775 1591 1803 habuit.
1614 1774 1683 1801 llinc
1701 1774 1767 1801 illud

976 1824 1070 1852 videre
1097 1824 1172 1855 licet,
1202 1831 1299 1851 omnes
1324 1823 1370 1857 qui
1402 1830 1431 1850 se
1452 1829 1466 1848 a
1483 1821 1597 1849 veritate
1611 1823 1767 1855 segregant.

977 1870 1080 1897 nullam
1107 1870 1135 1896 in
1161 1869 1335 1896 sermonibus
1351 1868 1452 1895 habere
1481 1865 1687 1894 constantiam:
1708 1865 1771 1896 sed,

972 1914 1117 1943 infantium
1133 1922 1217 1945 more,
1234 1914 1268 1941 ab
1289 1913 1438 1948 impostore
1470 1915 1596 1946 serpente
1620 1910 1762 1944 decepws,

975 1962 1047 1988 ultro
1081 1968 1110 1988 se
1139 1961 1165 1987 in
1197 1961 1310 1988 exitium
1343 1959 1546 1994 perniciemque
1575 1957 1764 1988 committere;

975 2015 1038 2034 nam
1054 2014 1115 2034 cum
1129 2011 1181 2033 uta
1191 2007 1254 2041 lupo
1267 2005 1442 2036 devorentur,
1454 2003 1555 2030 acaula
1565 2002 1674 2037 longius
1690 2001 1769 2028 aber-

978 2061 1041 2080 rare
1056 2060 1087 2079 ac
1106 2053 1195 2087 perire
1214 2051 1360 2082 voluerint,
1388 2058 1443 2077 non
1468 2053 1573 2076 retento
1597 2047 1732 2083 principio
1745 2047 1767 2077 ’,

979 2100 1025 2127 sed
1044 2099 1186 2134 repudiata
1202 2099 1325 2129 veritate,
1342 2098 1370 2124 in
1387 2097 1560 2131 naufragium
1587 2100 1770 2128 errorumque

979 2145 1102 2172 omnitun
1115 2148 1305 2179 tempestatem
1322 2151 1382 2171 sese
1397 2143 1583 2177 conjererunt.
1596 2140 1664 2167 Nam
1680 2139 1703 2166 si
1717 2138 1769 2165 hoc

979 2191 1127 2217 Maximilla
1154 2190 1265 2222 dixerit,
1299 2189 1457 2224 prophetam
1486 2188 1604 2222 amplius
1632 2185 1768 2212 neminent

134 2236 268 2271 futurum,
293 2236 414 2263 divinuut
435 2237 485 2262 hoc
497 2237 551 2263 illis
572 2245 673 2264 muntts
690 2237 813 2264 funditus
839 2237 930 2272 eripit,
951 2242 979 2265 ut
996 2239 1029 2265 ad
1048 2238 1209 2265 hodierntun
1236 2242 1343 2272 tempus
1373 2237 1483 2263 minime
1497 2237 1663 2270 perseveret.
1688 2231 1772 2264 Quod

134 2283 157 2310 si
179 2282 212 2309 ad
232 2282 306 2308 illaut
323 2289 420 2315 usque,
443 2285 471 2307 ut
495 2286 558 2309 ante
590 2281 724 2314 diximus,
748 2282 844 2309 eadem
874 2287 1025 2317 propagata
1049 2283 1135 2318 gratia
1168 2285 1219 2314 est,
1240 2290 1275 2309 ne
1306 2282 1364 2316 ipsa
1385 2280 1494 2316 quidem
1527 2277 1660 2314 ejusmodi
1680 2276 1769 2303 dono-

135 2337 195 2356 rum
211 2336 323 2362 compos
335 2332 378 2355 est
393 2327 476 2354 facta.

170 2376 207 2402 l".
224 2375 397 2410 Πεπλάνηται
408 2375 473 2410 γάρ.
493 2375 661 2411 Ἐσφράγισε
673 2376 728 2411 γὰρ
741 2377 755 2402 ὁ
767 2376 869 2411 Κύριος
880 2376 929 2412 τὴν
946 2378 967 2404 D

135 2420 310 2456 Ἐκκλησίαν,
333 2421 380 2448 καὶ
404 2421 564 2457 ἐπλήρωσεν
587 2422 657 2458 αὐτὴ
672 2422 680 2437 ¹
701 2423 735 2449 τὰ
757 2422 922 2458 χαρίσματα.

137 2468 202 2495 Ὅτε
216 2467 271 2503 γὰρ
289 2465 323 2503 ἦν
340 2467 430 2503 χρεία,
443 2469 472 2494 ἐν
486 2469 642 2504 προφήταις
662 2470 691 2495 ὲν
706 2469 826 2504 ἀληθινῷ
841 2469 923 2495 πνεύ-

138 2522 213 2549 ματι,
232 2513 279 2539 καὶ
301 2513 444 2548 ἐρρωμένη
463 2513 578 2549 διανοίᾳ,
604 2515 651 2541 καὶ
678 2514 925 2550 παρακολουθοῦντι

136 2558 185 2593 νῷ,
205 2559 229 2584 οἱ
244 2557 327 2585 αὑτοῦ
357 2557 431 2591 am:
450 2558 485 2584 τὰ
506 2559 595 2586 πάντα
613 2562 830 2595 προεφήτευσαν·
844 2561 926 2594 ἐμπι-

138 2603 274 2639 πλώμενοι
290 2602 447 2638 Πνεὺματος
461 2603 550 2637 ἁγίου,
565 2605 636 2631 κατὰ
647 2604 696 2639 τὴν
713 2604 858 2638 ἀναλογίαν
873 2603 927 2630 τῶν

137 2651 171 2678 ἐκ
195 2648 353 2684 Πνεῦματος
375 2650 553 2685 χαρισμάτων
573 2651 680 2685 ἑκάστῳ
701 2650 857 2685 διδομένων,
881 2650 928 2676 καὶ

175 2728 185 2744 ί
202 2727 233 2756 F.
247 2728 326 2764 αὐτῇ.
365 2729 375 2744 ³
387 2728 493 2756 Coloss.
507 2735 537 2760 u,
550 2727 581 2756 I9

175 2806 231 2842 (99)
254 2806 315 2833 Ἔτι
334 2805 389 2841 γάρ
409 2807 489 2834 εἰσιν
508 2804 929 2842 ἔκτοτε-,ννῖιίιιηιΑῇηνηιιῐηοιζὶε

139 2840 193 2871 est.
208 2841 304 2869 Annus
315 2840 443 2869 Antonini
462 2850 507 2869 χιχ
520 2841 646 2876 congruit
656 2849 728 2868 anno
741 2840 845 2876 Christi
858 2841 928 2872 MO;

140 2884 232 2906 annus
247 2885 312 2906 vero
334 2876 517 2906 Valentiniani
534 2875 722 2904 xn’convenit
746 2875 847 2904 Christi
866 2876 928 2904 573.

1018 2374 1059 2402 lll.
1092 2373 1146 2401 Sed
1176 2373 1306 2401 nimirum
1335 2372 1510 2400 vehementer
1542 2373 1626 2398 errat.
1659 2369 1768 2398 Etenim

980 2420 1050 2447 Deus
1076 2419 1224 2446 Ecclesium
1252 2426 1330 2446 suam
1355 2418 1428 2445 velut
1448 2416 1613 2451 obsignavit,
1630 2422 1662 2441 ac
1677 2415 1770 2442 divina

978 2467 1024 2493 illa
1050 2472 1165 2492 munera
1197 2464 1353 2499 complevit.
1379 2463 1506 2496 Quandiu
1533 2461 1606 2489 enim
1627 2461 1769 2495 prophetis

972 2519 1042 2546 opus
1073 2511 1135 2543 fuit,
1165 2515 1192 2538 et
1221 2510 1276 2537 veri
1298 2509 1418 2544 Spiritus
1448 2508 1590 2538 instinctu,
1606 2514 1668 2533 cum
1683 2506 1770 2533 animi

977 2558 1113 2590 ﬁrmitate,
1132 2562 1214 2592 atque
1228 2556 1395 2587 constantia,
1421 2559 1449 2582 et
1467 2562 1563 2582 eorum
1593 2560 1653 2587 qua:
1677 2553 1772 2586 loque-

976 2608 1073 2632 rentur
1100 2603 1280 2639 intelligentia
1313 2601 1480 2630 sanctissimi
1507 2600 1559 2627 viri
1595 2607 1644 2627 sua
1672 2598 1768 2625 omnia

978 2657 1109 2686 responsa
1123 2654 1150 2678 et
1164 2649 1275 2677 oracula
1289 2648 1433 2679 dederunt,
1453 2646 1592 2681 iidemque
1607 2651 1657 2680 pro
1675 2644 1771 2679 cujus-

984 2806 1134 2833 Discrimen
1155 2809 1196 2833 est
1220 2812 1354 2831 annortun
1375 2804 1438 2831 220.
1464 2802 1556 2835 Itaque
1578 2808 1627 2836 pro
1647 2800 1773 2829 διακόσια

984 2843 1170 2876 ἐννενήκοντα,
1187 2840 1360 2868 scribendum
1378 2840 1428 2866 l‘uit
1443 2838 1566 2866 διακόσια
1579 2837 1675 2863 εἴκοςι.
