1964 3047
220 108 272 136 859

949 113 976 141 S.
997 114 1168 144 EPIPIIANII

1803 123 1859 150 8(ἱῦ

219 174 274 202 que
301 173 497 194 concessorum
518 176 532 194 a
553 172 649 196 sancto
680 168 782 204 Spiritu
805 170 952 204 donorum,
983 180 1013 199 ac

1071 175 1138 201 κατὰ
1149 175 1198 211 τὴν
1211 175 1356 210 ἀναλογίαν
1373 178 1421 212 τῆς
1440 178 1555 210 πίστεως
1573 179 1639 215 πρὸς,
1655 179 1686 206 τὸ
1701 189 1855 216 συμςερωι.

225 213 287 239 ﬁdei
314 214 431 245 ratione,
461 222 635 242 communem
667 216 700 242 ad
726 217 869 244 utilitatem
891 218 937 245 illo
953 218 1013 254 ipso

221 259 324 294 Spiritu
354 261 448 295 repleti
477 266 551 288 sunt.
581 261 651 294 Quid
675 261 760 296 igitur
797 263 832 290 ab
858 263 910 292 illis
923 265 1012 292 estad

223 305 363 333 hominum
392 307 536 334 utilitatem
568 308 739 342 prmdictum,
767 313 814 335 aut
830 311 892 344 qum
920 310 1013 337 habita

223 352 284 379 fidei
312 353 400 380 ratio?
429 353 524 381 Nonne
545 354 680 388 ejusmodi
710 355 801 390 potius
829 355 946 383 habendi
975 357 1013 383 illi

221 404 296 431 sunt,
314 400 347 426 de
362 400 463 435 quibus
478 400 590 428 locutus
618 405 660 428 est
685 400 817 429 Dominus
830 412 836 429 :
849 402 983 430 Attenditc
997 412 1013 430 a

222 446 301 480 falsis
320 446 462 481 prop/telis,
487 448 531 482 qui
555 448 659 474 veniunt
685 448 719 474 ad
739 456 785 475 vos
803 449 830 475 in
854 450 1012 477 vestimentis

222 493 319 524 ovium,
336 493 493 520 intrinsecus
519 499 606 520 autem
627 499 687 521 sunt
707 494 763 529 lupi
781 496 929 529 rapaces‘?
958 496 1014 531 Age

223 547 289 566 vero
304 546 365 573 qua:
396 539 432 566 ab
460 539 514 566 illis
539 539 670 566 dicuntur
683 548 744 567 enm
773 541 807 568 iis
820 548 881 576 qua:
895 541 922 568 in
939 546 1015 569 utro-

222 593 276 620 que
289 585 467 613 Testamento
493 594 586 613 revera
614 587 800 619 continentur,
821 595 935 622 quaeque
954 595 1015 614 cer-

223 632 330 659 tissime
345 636 422 667 gesta
444 640 476 659 ac
497 632 626 667 praedicta
642 636 717 666 sunt,
736 638 940 668 comparantes,
960 635 1015 662 dis-

224 688 370 708 cernamus
392 689 452 716 qua:
481 682 517 709 sit
541 690 617 714 vera,
636 689 753 717 qumque
774 681 842 710 falsa
859 683 1010 718 prophetia.

225 726 313 754 Verus
327 727 429 762 quippe
457 728 589 762 propheta
615 735 677 755 cum
702 728 745 755 sui
772 736 896 764 compos,
912 732 1014 757 tumea

223 781 284 808 qua-
298 773 406 800 dicebat
431 773 598 809 intelligens,
627 773 720 801 futura
733 774 896 807 nuntiabat;
911 782 1016 810 proque

224 827 257 847 eo
268 827 300 846 ac
317 818 438 854 Spiritus
451 824 564 847 sanctus
577 819 734 854 impulerat,
746 820 885 855 praecipuo
896 821 1014 856 quodam

1064 221 1096 248 Τί
1108 220 1154 248 οὖν
1171 223 1310 258 συμφέρον
1328 220 1400 250 οὗτοι
1418 225 1574 261 είρήκασιν;
1593 225 1608 260 ἢ
1626 226 1702 252 ποῖον
1722 225 1858 260 ἀνάλογον

1064 267 1113 302 τῆς
1131 268 1262 301 πίστεως
1286 270 1350 302 Πῶς
1372 270 1401 297 δὲ
1421 271 1482 305 οὐχ).
1503 271 1602 305 μᾶλλον
1620 269 1691 298 οἶκτοί
1708 271 1772 303 εἱσι,
1788 271 1857 306 περὶ

1063 309 1099 339 ὧν
1117 311 1193 340 εἷπεν
1206 315 1220 340 ὁ
1231 314 1343 351 Κύριος,
1358 315 1398 342 ὅτι
1413 315 1579 350 Προσέχετε
1595 316 1653 343 ἀπὸ
1667 315 1727 342 τῶν
1743 315 1859 349 ψευδο-

1065 361 1235 395 προφητῶν,
1253 362 1361 394 οἵτινες
1375 362 1514 397 ἔρχονται
1526 363 1602 397 πρὸς
1615 362 1694 397 ὑμᾶς
1709 362 1744 388 ἐν
1765 361 1857 388 ἐνδύ-

1061 413 1137 440 μασι
1150 406 1316 440 προϐάτων,
1341 408 1456 435 ἔσωθεν
1467 408 1500 435 δέ
1520 409 1579 435 εἱσι
1597 408 1684 435 λύκοι
1702 407 1857 442 ᾶρπαγες;

1066 453 1262 488 Συγκρίνοντες
1278 454 1331 490 γὰρ
1342 454 1376 481 τὰ
1388 455 1452 491 παρ’
1465 454 1555 481 αὐτῶν
1568 454 1710 490 εἰρημένα,
1722 455 1771 481 καὶ
1783 454 1858 481 κατὰ

1065 499 1114 535 τὴν
1131 500 1253 527 Παλαιὰν
1268 501 1405 537 Διαθήκην
1421 501 1468 528 καὶ
1484 501 1588 536 Καινὴν
1604 502 1631 527 ἐν
1648 501 1762 536 ἀληθείᾳ
1776 500 1855 532 ὄντα,

1071 546 1117 572 καὶ
1133 546 1162 572 ἐν
1179 545 1293 582 ἀληθείᾳ
1307 546 1451 582 γενόμενα,
1471 547 1519 573 καὶ
1536 546 1795 582 προπεφητευμένα.
1812 546 1859 572 δο-

1066 591 1230 627 κιμάσωμεν
1244 592 1309 619 ποία
1323 592 1475 628 προφητεία
1490 592 1628 627 τυγχάνει,
1646 592 1694 618 καὶ
1710 591 1775 618 ποία.
1787 590 1857 626 ψευ-

1065 637 1261 673 δοπροφητεία.
1290 637 1318 664 ’0
1342 639 1486 674 προφήτης
1507 637 1577 674 μετὰ
1596 637 1790 669 καταστάσεως
1811 637 1858 663 λο-

1065 681 1182 717 γισμῶν,
1197 682 1244 709 καὶ
1259 683 1519 719 παρακολουθήσεως
1529 683 1629 715 ἐλάλει,
1644 683 1691 709 καὶ
1707 683 1858 717 ἐφθέγγετο

1066 727 1098 753 ὲκ
1113 727 1272 763 Πνεύματος
1285 728 1374 762 ἁγίου,
1389 727 1423 755 τὰ
1434 728 1523 756 πάντα
1537 728 1701 765 ἐρρωμένως
1709 727 1806 761 λέγων·
1819 727 1859 758 ὡς

1066 773 1197 808 Μωῦσῆς
1211 775 1227 801 ὁ
1242 774 1377 809 θεράπων
1391 775 1444 801 τοῦ
1453 774 1537 808 Θεοῦ,
1547 774 1597 802 καὶ
1608 774 1716 807 πιστὸς
1728 774 1763 800 ἐν
1774 773 1857 806 οἴκῳ.

1072 819 1099 845 Ὀ
1111 820 1238 852 βλέπων
1256 821 1365 856 ἐλέγετο
1377 822 1392 848 ὁ
1406 821 1550 856 προφήτης
1568 822 1597 847 ἐν
1616 822 1650 856 τῇ
1672 820 1780 855 Παλαιᾷ
1795 820 1862 846 Δια-

223 865 308 892 animi
325 866 426 899 robore
440 862 586 893 vaticinari
608 866 723 894 solebat.
741 866 788 894 Sic
803 875 892 894 servus
907 867 950 894 ille
966 867 1016 894 Dei

1071 866 1151 905 θήκῃ,
1164 864 1295 899 Ὂρασις,
1309 867 1401 902 φησὶν,
1416 866 1457 900 ἢν
1463 865 1543 894 εἶδεν
1561 866 1680 899 Ἡσαΐας
1691 865 1756 898 υἱὸς
1769 864 1862 900 Ἁέᾳὶις

224 911 337 948 Mayses.
354 921 385 939 ac
393 912 566 948 ﬁdelisﬁos
583 913 610 939 in
626 912 704 940 domo
712 913 734 941 ¹.
744 913 821 941 Unde
837 919 865 940 et
880 913 970 940 videns
986 913 1012 940 in

224 957 321 986 Vetere
332 958 507 986 Testamento
519 959 650 994 propheta
660 959 762 986 dicitur
770 959 792 985 ³.
812 959 895 990 Visio,
909 959 1011 995 inquit,

222 1013 302 1039 quam
327 1005 391 1031 vidit
415 1004 504 1032 Isaias
516 1005 589 1039 ﬁlius
614 1006 694 1032 Amos
722 1005 860 1040 propheta.
878 1005 939 1032 Vidi
959 1005 1014 1032 Do—

224 1051 324 1077 minum
350 1051 481 1078 sedentem
507 1059 585 1085 super
606 1050 730 1088 tltronum
745 1051 877 1078 excelsum
892 1056 916 1078 et
927 1051 1013 1078 eleva-

225 1102 290 1123 tum.
322 1097 355 1123 Et
371 1097 424 1124 uidi
439 1097 571 1131 seraphin:
586 1102 611 1124 et
623 1096 773 1127 cherubim;
789 1101 813 1124 et
826 1097 916 1124 audivi
928 1106 1015 1125 vocem

221 1142 332 1170 Domini
359 1142 486 1169 dicentem
503 1143 538 1168 ad
555 1151 595 1169 me
611 1151 620 1169 :
638 1142 719 1174 Vade,
740 1143 783 1170 dic
810 1143 907 1178 popqu
934 1144 1014 1171 huic:

222 1187 324 1215 Audita
339 1188 463 1221 audietis,
479 1195 504 1216 et
521 1197 573 1215 non
588 1189 760 1224 intelligetis;
774 1194 798 1216 et
811 1190 925 1217 videntes
944 1191 1015 1218 vide-

225 1235 297 1265 bitis.
308 1239 332 1262 et
345 1243 396 1262 non
407 1235 538 1269 aspicietis
547 1234 569 1262 ⁸.
580 1234 646 1268 Qua:
658 1243 720 1262 cum
734 1236 854 1264 audisset
863 1244 877 1263 a
888 1237 1013 1270 Domino,

224 1285 281 1308 tum
296 1280 328 1308 ad
342 1282 473 1316 populum
492 1281 626 1309 accedens
649 1281 686 1308 ita
702 1282 851 1310 narrabat:
867 1282 932 1309 [ltro
951 1283 1015 1310 dicit

226 1326 366 1354 Dominus.

263 1372 382 1400 Videsne
403 1373 578 1408 intelligentis
598 1373 656 1400 haec
681 1381 742 1401 esse
760 1381 822 1408 quae
845 1374 929 1406 dicat,
961 1382 1015 1401 non

225 1419 286 1454 ejus
299 1419 346 1454 qui
374 1423 451 1447 extra
471 1422 634 1453 potestatem
660 1420 779 1447 exierit?
798 1419 866 1447 ham
881 1420 1016 1455 ejusmodi

227 1473 278 1492 vox
292 1465 394 1491 nullam
410 1464 496 1492 fuisse
505 1465 605 1492 mentis
620 1465 853 1500 perturbationem
869 1465 1014 1500 signiﬁcat.

227 1510 264 1538 lla
280 1515 393 1538 sanctus
403 1510 527 1538 Ezechiel
545 1511 676 1546 propheta
692 1511 922 1539 dicenteDomino
939 1520 946 1540 :
960 1512 1017 1538 Fu:

227 1558 275 1584 tibi
289 1565 381 1591 panem
394 1557 420 1583 in
433 1563 546 1584 stercore
557 1557 683 1588 humano,
695 1557 854 1592 respondit:
865 1558 952 1589 Absit,
965 1557 1018 1584 Do-

227 1603 315 1630 mine!
343 1602 410 1630 nihil
428 1611 544 1638 unquam
562 1611 699 1630 commune
713 1608 737 1630 et
753 1603 918 1630 immundum
935 1604 1021 1630 intra-

226 1649 262 1676 uit
282 1649 309 1675 in
338 1657 366 1676 os
390 1657 475 1676 meum
489 1649 510 1676 ⁵.
528 1649 596 1676 Cum
613 1650 686 1677 enim
712 1649 853 1677 minitandi
866 1650 953 1684 gratia
968 1650 1020 1677 sibi

227 1702 242 1722 a
254 1694 368 1721 Domino
385 1694 488 1721 dictum
505 1694 571 1721 illud
587 1695 830 1728 animadverteret,
848 1703 902 1723 non
918 1696 992 1723 velut
1006 1705 1021 1723 e

228 1740 329 1766 mentis
337 1742 410 1766 statu
424 1739 556 1773 dejeetus,
572 1739 664 1766 statim
682 1739 772 1767 facere
788 1740 861 1767 istud
875 1747 1021 1775 aggressus

227 1789 288 1818 cst;
307 1785 352 1812 scd
372 1785 511 1811 constanti
529 1785 613 1811 anitni
638 1785 738 1812 robore
758 1786 899 1820 prteditns,
920 1793 952 1812 ac
969 1786 1022 1813 sibi

228 1839 350 1866 praesens
379 1831 417 1857 ita
441 1830 582 1865 respondit
598 1839 606 1859 :
623 1830 706 1863 Absit,
721 1830 854 1858 Domine!
870 1831 932 1858 Haec
947 1832 1020 1859 enim

232 1877 425 1912 prophetarum
454 1883 547 1903 revera
574 1876 681 1910 propria
711 1880 784 1907 sunt.
799 1876 845 1910 qui
871 1876 974 1903 ﬁrmam
990 1884 1022 1903 ac

230 1923 355 1950 stabilem
375 1922 402 1948 in
419 1920 523 1956 Spiritu
540 1924 635 1948 sancto
652 1925 770 1949 mentem
786 1922 915 1953 retinent,
935 1929 967 1949 ac
977 1922 1023 1949 do-

229 1968 309 1996 cendi
329 1967 558 2002 discernendique
573 1966 742 1994 facultatem.
765 1966 831 1994 Nam
851 1966 946 1994 Daniel
965 1967 1023 2002 ipse

230 2022 322 2042 nonne
336 2013 433 2048 plenus
449 2014 524 2040 onmi
541 2013 675 2047 sapientia
691 2012 786 2043 fuisse,
800 2020 916 2048 quaeque
931 2013 1023 2040 animo

231 2064 395 2096 conceperat
414 2059 493 2094 plane
514 2059 682 2087 intellexisse
700 2059 809 2086 videtur
833 2059 857 2086 εἴ)
870 2060 916 2094 qui
931 2063 958 2086 et
974 2058 1024 2085 Na-

232 2107 469 2136 buchodonosoris
497 2107 641 2141 tenigmata
662 2106 799 2138 dissolvit.
817 2110 845 2133 et
861 2114 922 2141 qua:
937 2108 961 2133 ei
977 2114 1023 2141 per

232 2154 370 2182 somnium
387 2153 477 2180 oblata
495 2153 614 2184 fuerant,
630 2152 678 2180 sed
693 2153 768 2179 illum
784 2153 873 2187 ipsum
891 2153 936 2188 qui
953 2153 1024 2180 vide-

232 2203 274 2227 rat
284 2199 445 2234 effugerant,
459 2206 513 2225 non
530 2199 608 2225 aliter
626 2199 654 2224 in
669 2199 827 2226 memoriam
844 2198 953 2226 reduxit
972 2208 978 2225 :
995 2204 1022 2226 et

231 2251 295 2272 cum
318 2243 413 2271 eadem
442 2243 526 2270 animi
545 2242 685 2274 firmitate,
702 2249 734 2269 ac
756 2242 862 2269 cwlcsti
884 2242 930 2269 illo
947 2242 1020 2269 dono

233 2292 370 2320 uberrime
385 2291 512 2326 perfusus
528 2291 596 2318 citra
606 2290 687 2317 ullatn
705 2297 809 2317 moram
825 2291 1020 2325 interpretatus

232 2341 285 2369 est.
305 2344 368 2363 cum
384 2336 529 2371 prudentia
551 2335 788 2371 intelligentiaque
810 2336 917 2363 caeteris
932 2336 1020 2363 homi-

234 2383 315 2410 nibus
341 2383 527 2415 antecelleret,
557 2381 593 2409 ob
611 2389 670 2408 eam
703 2382 808 2408 scilicet
824 2389 877 2416 qua
893 2382 1022 2416 pragditus

234 2433 294 2456 erat
313 2428 433 2464 Spiritus
462 2428 550 2456 sancti
566 2429 693 2463 gratiam,
709 2435 770 2463 qua!
795 2435 848 2455 non
864 2429 946 2456 modo
960 2437 1023 2463 pro-

235 2475 342 2510 phetam
358 2476 498 2508 informat,
517 2476 564 2502 sed
588 2479 615 2502 et
641 2482 691 2502 nos
705 2484 811 2506 omnes,
829 2476 929 2510 qui-bus
950 2477 1023 2504 illius

234 2522 402 2550 adminiculo
422 2521 493 2550 Deus
521 2521 674 2549 doctrinam
697 2522 822 2549 veritatis
842 2522 971 2557 impertit.
989 2524 1023 2550 At

234 2573 330 2596 contra
342 2577 402 2604 quae
418 2569 463 2596 isti
482 2569 633 2597 vaticinare
647 2576 676 2597 se
687 2568 824 2604 jactitant.
842 2577 931 2604 neque
946 2573 1021 2597 certa

234 2621 297 2641 cum
314 2613 397 2640 animi
414 2614 540 2642 ﬁrmitate
557 2613 716 2648 przedicant,
737 2622 787 2641 nec
800 2622 861 2649 quae
875 2614 969 2642 dicunt
983 2615 1021 2642 in-

1069 916 1085 941 ὁ
1102 913 1264 948 τροφήτης.
1283 911 1384 944 Εἶδον,
1402 911 1479 947 φησὶ,
1496 909 1551 938 τὸν
1564 911 1676 944 Κύριον
1690 909 1864 944 καθήμενον

1068 961 1118 988 ἐπὶ
1139 961 1248 995 θρόνου
1273 958 1406 993 ὑψηλοῦ,
1430 957 1479 984 καὶ
1505 957 1684 991 ἐπηρμένου.
1708 956 1761 983 Καὶ
1777 954 1864 983 εἶδον

1068 1006 1200 1041 (rapttle
1210 1005 1261 1032 καὶ
1272 1004 1423 1040 χερουϐίμ·
1436 1003 1487 1030 καὶ
1501 1002 1621 1037 ἤκουσα
1634 1001 1737 1037 φωνῆς
1748 1003 1863 1036 Κυρίου

1068 1054 1220 1088 λεγούσης
1233 1052 1307 1086 πρός
1321 1059 1369 1086 με’
1389 1049 1504 1081 Βάδιζέ,
1519 1047 1605 1076 εἷπον
1620 1048 1660 1081 τῷ
1674 1049 1738 1082 λαῷ
1754 1050 1862 1082 τούτῳ·

1075 1099 1160 1133 Ἀκοῇ
1174 1099 1335 1132 ἀκούσητε,
1352 1097 1401 1124 καὶ
1415 1097 1451 1123 οὺ
1461 1095 1504 1131 μὴ
1524 1095 1648 1130 μάθητε·
1664 1095 1713 1122 καὶ
1725 1095 1865 1127 ,βλέπον-

1069 1155 1119 1178 τες
1132 1144 1279 1179 βλέψητε,
1295 1144 1344 1170 καὶ
1357 1138 1452 1178 οὐρὴ
1470 1142 1565 1176 ἴδητε.
1580 1142 1636 1169 Καὶ
1647 1141 1768 1173 ἀκούσας
1783 1141 1864 1177 παρὰ

1068 1195 1116 1222 τοῦ
1136 1194 1250 1230 Κυρίου,
1271 1192 1357 1220 ἐλθὼν
1382 1191 1449 1227 πρὺς
1469 1190 1515 1217 τὸν
1532 1189 1597 1217 λαδν
1612 1189 1674 1225 ἔφη·
1696 1190 1768 1217 Τάδε
1780 1189 1866 1225 λέγει

1068 1242 1185 1277 Κύριος.

1105 1374 1161 1408 Οὐχ
1174 1373 1249 1408 ὁρᾷς,
1260 1372 1302 1399 ὅτι
1325 1369 1592 1407 παρακολουθοῦντος
1615 1370 1630 1396 ὁ
1642 1368 1729 1402 λόγος,
1746 1365 1794 1393 καὶ
1814 1365 1867 1392 οὐκ

1071 1419 1257 1455 ἐξισταμένου,
1275 1417 1337 1444 οὔτε
1359 1418 1397 1449 ὡς
1414 1417 1592 1452 ἐξισταμένης
1603 1415 1746 1450 διανοίαςὴ
1757 1413 1867 1449 φθογγὴ

1071 1467 1229 1499 ἀπεδίδοτο;
1251 1464 1389 1496 Ὡσαύτως
1412 1465 1441 1491 δὲ
1461 1463 1509 1491 καὶ
1531 1461 1660 1498 Ἰεζεκιὴλ
1679 1462 1692 1488 ὁ
1714 1461 1793 1495 ἅγιος
1817 1461 1867 1487 καὶ

1072 1512 1222 1548 προφήτης.
1236 1510 1344 1537 ἀκούων
1357 1510 1432 1545 παρὰ
1445 1508 1559 1545 Κυρίου,
1572 1508 1614 1535 ὅτι
1627 1507 1761 1541 Ποίησον
1775 1514 1868 1534 σεαυ-

1071 1558 1111 1591 τῷ
1123 1558 1214 1592 ἄρτον
1231 1557 1280 1583 ἐπὶ
1295 1557 1409 1589 κόπρου
1430 1555 1625 1589 ἀνθρωπεΙας,
1643 1553 1734 1587 ἕλε-(ε’
1764 1551 1867 1586 Mirm.

1068 1603 1142 1638 μῶς,
1159 1604 1262 1637 Κύριε·
1278 1601 1421 1629 οὐδέποτε
1429 1600 1532 1627 κοινὸν
1548 1600 1601 1626 παὶ
1620 1598 1790 1633 ἀκάθαρτον
1799 1599 1865 1624 εισ-

1071 1649 1165 1684 ιῆλθεν
1187 1649 1230 1681 εις
1263 1647 1296 1674 τὸ
1314 1648 1412 1682 στόμα
1436 1655 1506 1681 μου.
1530 1645 1674 1672 Γινώσκων
1690 1643 1746 1679 γὰρ
1763 1643 1814 1678 τὴν
1832 1643 1866 1670 δι’

1071 1694 1185 1730 ἀπειλὴν
1199 1695 1237 1728 (1)
1255 1693 1406 1728 λεγομένην
1420 1692 1488 1727 πρὸς
1500 1690 1580 1718 αὑτὸν
1594 1692 1672 1727 ῥῆσιν
1686 1691 1739 1717 ὑπὸ
1749 1689 1865 1725 Κυρίου,

1072 1741 1118 1768 καὶ
1131 1741 1190 1776 οὺχ,
1208 1740 1246 1772 ὼς
1259 1740 1289 1766 ἐν
1303 1739 1431 1766 ἐκστάσει
1445 1740 1564 1770 διανοίας
1576 1738 1736 1773 φερόμενος,
1750 1736 1867 1763 ὲπεὸἀλι

1071 1786 1132 1812 λετο
1155 1784 1234 1812 τοῦτο
1264 1785 1411 1820 πράττειν’
1436 1784 1493 1810 ἀλλ’
1512 1783 1588 1818 ἠξίου
1613 1782 1772 1819 ἐρρωμένην
1796 1781 1867 1817 ἔχων

1072 1833 1122 1868 τὴν
1139 1832 1267 1864 διάνοιαν,
1282 1831 1329 1858 καὶ
1343 1830 1612 1867 παρακολουθοῦσαν,
1630 1830 1678 1856 καὶ
1694 1829 1770 1863 ἔλεγε
1781 1837 1787 1843 ·
1803 1830 1868 1860 Μη-

1072 1879 1182 1914 δαμῶς,
1196 1879 1294 1912 Κύριε.
1307 1878 1399 1905 Ταῦτα
1409 1878 1462 1913 γὰρ
1474 1877 1582 1913 ἀληθῶς
1594 1876 1741 1913 προφητῶν
1754 1877 1784 1903 ὲν
1797 1876 1867 1911 ἁγίῳ

1073 1924 1213 1959 Ιινεύματι
1229 1924 1391 1959 ἐρρωμένην
1406 1923 1522 1959 ἐχόντων
1540 1923 1589 1958 τὴν
1603 1922 1733 1955 διάνοιαν,
1756 1922 1804 1948 καὶ
1816 1922 1868 1957 τὴν

1073 1969 1257 2001 διδασκαλίαν,
1269 1969 1317 1996 καὶ
1331 1969 1380 2005 τὴν
1391 1969 1530 2005 διαλογήν.
1552 1969 1580 1995 ’0
1594 1968 1623 1995 δὲ
1645 1967 1744 2004 Δανιὴλ
1759 1968 1810 2003 οὑχ
1820 1968 1868 1994 εὑ-

1075 2015 1199 2050 ρίσκεται
1216 2015 1307 2050 πάσης
1329 2016 1463 2047 συνέσεως
1477 2015 1612 2050 ἔμπλεως,
1626 2015 1673 2041 καὶ
1693 2015 1750 2046 τοῖς
1764 2016 1866 2050 φρονή-

1076 2069 1142 2096 μασι
1151 2060 1379 2096 παρακολουθῶνς
1392 2060 1422 2092 ὃς
1430 2059 1466 2087 τὰ
1479 2059 1683 2095 αἰνίγματατοῦ
1698 2059 1868 2094 Ναϐουχοδο-

1074 2108 1162 2143 νόσωρ
1178 2107 1302 2139 ὲπέλυσε,
1315 2107 1363 2133 καὶ
1373 2106 1391 2133 ἂ.
1404 2107 1507 2138 ἐκεῖνος
1517 2106 1551 2133 δι’
1559 2106 1705 2141 ὀνειράτων
1722 2105 1867 2137 ἐθεάσατο,

1074 2153 1122 2180 καὶ
1139 2153 1245 2189 ἀπέστη
1265 2153 1312 2180 ἀπ’
1328 2152 1410 2178 αὑτοῦ
1427 2152 1472 2179 τοῦ
1491 2151 1653 2187 ἑωρακότος,
1667 2151 1753 2183 οὕτως
1763 2152 1866 2186 ὑπομι-

1038 2217 1060 2244 D
1076 2200 1191 2234 μνήσκει
1201 2208 1207 2214 ·
1224 2199 1272 2226 καὶ
1283 2200 1333 2235 τὴν
1344 2198 1467 2225 ἐπίλυσιν
1481 2197 1561 2229 εὐθὺς
1574 2197 1707 2232 ἐπέφερεν
1719 2197 1867 2237 ἐρρωμένη

1074 2245 1249 2278 καταστάσει,
1261 2246 1307 2271 καὶ
1319 2244 1454 2280 ὑπερϐολῇ
1470 2243 1649 2279 χαρίσματος,
1667 2243 1868 2279 περιττοτέρως

1073 2292 1122 2326 τὴν
1138 2292 1268 2327 φρόνησιν
1279 2291 1347 2326 ἔχων
1361 2290 1431 2326 ὑπὲρ
1453 2290 1542 2317 πάντα
1557 2289 1700 2324 ἄνθρωπον
1713 2289 1757 2316 διὰ
1775 2289 1806 2315 τὸ
1823 2289 1868 2324 χά-

1077 2347 1162 2373 ρισμα
1185 2337 1231 2363 τοῦ
1247 2337 1324 2376 ἁγίου
1343 2337 1512 2372 Πνεύματος,
1531 2336 1563 2363 τὸ
1585 2335 1694 2370 σοφίζον
1715 2335 1800 2367 ὅντως
1820 2335 1867 2362 τὸν

1076 2384 1230 2420 προφήτην,
1246 2384 1293 2410 καὶ
1311 2384 1374 2415 τοὺς
1388 2383 1432 2410 διὰ
1455 2383 1501 2409 τοῦ
1519 2384 1658 2418 προφήτου
1674 2382 1724 2416 τῆς
1740 2381 1868 2408 διδασκα-

1076 2430 1136 2462 λίας
1149 2431 1198 2466 τῆς
1208 2430 1337 2466 ἀληθείας
1352 2429 1592 2464 καταξιουμένους.
1610 2430 1644 2454 "A
1659 2428 1687 2454 δὲ
1703 2426 1868 2462 οὗτοιέπαγ-

1076 2476 1216 2511 γέλλονται
1229 2475 1422 2511 προφητεύειν,
1436 2475 1496 2502 οὐδὲ
1506 2474 1699 2506 εὐπαθοῦντες
1710 2473 1866 2509 φανοῦνται.

1075 2522 1137 2549 οὔτε
1151 2522 1369 2558 παρακολουοίαν
1383 2522 1462 2557 λόγου
1475 2522 1592 2557 ἔχοντες.
1606 2521 1678 2554 Aegii
1688 2521 1743 2557 γὰρ
1757 2520 1792 2547 τὰ
1803 2523 1867 2556 παρ“

1076 2569 1166 2596 αὐτῶν
1183 2571 1302 2606 ῥήματα,
1315 2570 1363 2598 καὶ
1380 2569 1512 2606 σκαληνὰ,
1527 2569 1574 2596 καίΙ
1583 2569 1712 2604 οὐδεμιᾶς
1724 2568 1869 2604 ὀρθότητος

1075 2617 1202 2652 ἐχόμενα.

235 2662 385 2697 telligentia
400 2667 616 2697 consequuntur.
633 2662 685 2689 Sed
705 2662 816 2697 obliqua
835 2666 900 2690 sunt
934 2663 1042 2691 illorum
1070 2672 1102 2691 ac
1131 2666 1258 2701 perplexa
1278 2665 1372 2698 verba,
1404 2673 1456 2694 nec
1480 2665 1549 2693 recti
1577 2664 1689 2692 omnino
1717 2663 1866 2699 quidquam

234 2708 371 2736 effutiunt.

275 2755 283 2770 ¹
297 2754 392 2781 Matth.
406 2763 453 2786 vn,
470 2754 512 2781 15.
550 2756 559 2771 ²
575 2754 655 2782 Num.
671 2763 720 2789 xtl,
739 2755 764 2788 7;
784 2755 864 2783 Hebr.
885 2764 925 2789 ιιι,
941 2757 968 2784 2.

236 2790 248 2805 "
264 2789 331 2817 Dan.
347 2790 422 2822 11,27
445 2798 505 2825 sqq.

274 2834 311 2868 (‘1)
330 2835 493 2862 Γινώσκων
514 2836 568 2870 γὰρ
585 2836 641 2869 τὴν
655 2835 693 2862 ὺι⁹
711 2836 848 2868 ἀπειλήν.
871 2835 907 2863 De.
925 2836 974 2863 hoc
987 2836 1025 2864 di-

239 2869 340 2897 vinitus
361 2871 433 2902 edito
450 2872 587 2906 prophettc
603 2871 730 2899 inaudito
746 2872 859 2900 consule
873 2879 932 2906 quae
950 2879 964 2899 a
980 2881 1023 2900 sa-

1013 2755 1045 2782 ³1
1061 2755 1126 2790 Reg.
1141 2763 1179 2787 ix,
1195 2754 1221 2783 9.
1242 2755 1253 2771 δ
1267 2753 1318 2783 lsa.
1336 2762 1355 2787 ι,
1376 2754 1402 2788 1;
1421 2762 1459 2788 Vl,
1480 2755 1495 2786 1
1516 2762 1576 2790 sqq.

1614 2754 1625 2770 ⁵
1637 2752 1736 2780 Ezech.
1769 2761 1806 2786 tv,
1823 2754 1864 2782 l3.

1078 2843 1187 2863 crornm
1216 2835 1362 2865 Librorum
1387 2835 1580 2872 interpretibus
1611 2834 1748 2863 uberrime
1771 2833 1866 2869 dispu-

1078 2875 1178 2898 tantur.

1090 2877 1178 2900 antur.
