1964 3047
134 126 182 155 861

136 239 193 263 πος
204 231 276 257 ὡσεὶ
291 231 368 265 λύρα
377 239 383 244 ·
401 231 480 266 κάγὼ
493 231 614 266 ἵπταμαι
627 232 697 259 ὡσεὶ
709 232 871 266 πλῆκτρον.
892 232 923 258 Ὀ

136 276 291 309 ἅνθρωπος
299 275 434 311 κοιμᾶται
446 285 452 291 ·
471 276 551 311 κάγὼ
563 277 706 312 γερηγορῶ.
725 278 802 305 Ἰδοὺ
815 278 924 311 Κύριός

136 322 221 347 ἐστιν
232 323 248 348 ὁ
261 321 417 348 ἑκστάνων
434 323 441 337 ¹
454 322 578 355 καρδίας
584 323 756 357 ἀνθρώπων,
767 324 815 351 καὶ
822 323 924 356 διδοὺς

136 367 260 401 καρδίας
272 367 448 401 ἀνθρώποις.
461 368 509 400 Τίς
524 368 613 396 τοίνυν
626 369 679 395 τῶν
692 369 924 404 παρακολουθούν-

135 422 200 444 των,
213 413 259 439 καὶ
275 413 343 447 μετά
360 414 494 445 συνέσεως
504 413 656 449 δεχομένων
667 415 713 441 τὸν
723 415 771 449 τῆς
791 415 925 449 ὡφελείας

135 458 223 491 λόγον,
238 458 286 484 καὶ
297 457 346 493 τῆς
361 459 464 484 ἑαυτῶν
477 458 549 492 ζωῆς
564 459 776 495 ἐπιμελομένων,
793 460 823 486 οὐ
843 469 926 487 κατα-

136 503 269 538 γνώσεται
282 504 331 539 τῆς
343 504 470 539 τοιαύτης
482 505 745 541 παραπεποιημένης
761 505 924 538 ὑποθέσεως,

136 548 183 574 καὶ
193 547 240 574 τοῦ
253 547 330 582 λόγου
341 548 389 574 τοῦ
407 548 554 583 αὑχοῦντος
565 549 661 576 ἑαυτὸν
671 550 700 576 ἐν
715 551 868 586 προφήταις
881 559 926 577 κα-

136 593 304 627 ταλέγεσθαι.
331 595 368 629 μὴ
384 594 533 629 δυναμένου
553 595 587 621 τὰ
602 595 681 630 ὃμοια
704 595 794 629 λέγειν
820 596 927 631 προφή-

137 647 197 671 ταις
210 648 217 672 ;
235 638 303 666 Οὔτε
317 640 370 675 γὰρ
387 639 498 675 Πνεῦμα
511 640 588 674 ἅγιον
603 641 734 676 ἐλάλησεν
747 643 775 668 ἐν
788 642 872 677 αὐτῷ.
890 642 927 668 Τὸ

138 684 191 719 γὰρ
213 684 320 711 εἰπεῖν·
344 686 532 720 Ἐεοίπταμαι,
555 687 602 712 καὶ
623 687 770 720 πλιξσσω,
791 687 839 714 καὶ
855 696 926 722 130n-

137 729 226 764 πρῶ,
250 731 297 757 καὶ
310 730 413 764 ἑξιστᾷ
431 732 537 766 Κύριος
557 732 690 766 καρδίας,
706 733 865 759 ὲκστατικοῦ
883 734 928 769 ῥή-

139 783 212 809 ματα
236 775 352 811 ὑπάρχει
375 776 472 808 ταῦτα,
493 777 540 803 καὶ
562 777 622 812 οὐχὶ.
646 778 925 813 παρακολουθοῦντος,

137 821 206 848 ἀλλὰ
221 821 299 848 ἄλλον
312 822 473 858 χαρακτῆρα
491 822 710 855 ὑποδεικνύοντος
732 824 806 859 παρὰ
820 824 866 850 τὸν
879 833 929 859 χα-

488 126 674 155 ADVERSUS
694 126 866 155 ΙΙᾸΞΠΕΞΕΒ
884 127 950 156 LIB.

171 185 207 210 Δ’.
224 185 311 216 Εὐθὺς
327 183 381 220 γὰρ
401 186 415 212 ὁ
438 186 575 217 Μοντανός
594 195 692 222 φησιν·
718 186 794 215 Ἰδοὺ
813 186 923 220 ᾶνθρω-
937 190 959 216 Δ

970 127 1002 156 II.
1024 128 1105 155 TOBI.
1127 128 1145 154 I.
1168 127 1304 156 IIIERES.
1326 128 1438 156 XLVIII.
1711 129 1764 157 862

1009 187 1053 214 IV.
1070 187 1115 214 Sic
1128 188 1200 214 enim
1214 187 1368 219 Montanus,
1378 187 1492 222 exempli
1508 187 1605 222 gratia,
1619 187 1742 222 loquitur
1754 198 1762 215 :

974 229 1041 256 Ecce
1052 231 1129 257 homo
1145 235 1269 264 (aliquant
1281 231 1350 265 lyra.
1367 240 1414 266 ego
1422 240 1480 258 vero
1491 240 1537 258 ceu
1553 231 1679 266 plectrum
1695 233 1762 261 uola.

976 275 1061 302 llomo
1072 275 1192 306 dormit;
1216 284 1261 310 ego
1275 285 1332 302 rem
1362 277 1449 311 vigilo.
1476 275 1541 304 Ecce
1562 277 1692 304 Dominus
1714 283 1762 308 est,

974 323 1017 357 qui
1031 322 1112 349 corda
1129 322 1262 350 hominum
1275 323 1300 349 in
1325 329 1458 357 stuporem
1478 324 1564 354 vertit,
1580 328 1604 350 et
1621 323 1703 350 corda
1717 323 1763 349 dut

974 368 1133 395 hominibus.
1149 367 1217 401 Quis
1231 372 1272 395 est
1288 369 1381 404 igitur,
1403 369 1448 404 qui
1464 369 1486 396 si
1505 369 1678 397 utilissimam
1703 369 1763 396 iidei

975 415 1129 442 doctrinam
1160 416 1301 451 percipiat.
1322 416 1556 451 intelligentiaque
1583 415 1665 451 406
1686 423 1764 442 com-

976 459 1140 494 prehendat.
1157 467 1189 486 ae
1214 460 1275 486 vita:
1291 468 1347 486 suze
1372 459 1530 486 nonnullam
1546 466 1640 485 curam
1655 459 1763 490 habent,

976 514 1031 532 non
1047 510 1237 541 argumentum
1257 505 1414 533 istiusmodi
1429 505 1463 532 ab
1475 505 1564 532 otioso
1576 504 1685 531 homine
1702 511 1765 530 cou-

977 552 1081 583 Iietum,
1101 556 1128 579 et
1146 552 1310 586 arrogantiae
1326 552 1432 586 plenam
1455 551 1515 585 ejus
1531 551 1683 577 orationem
1700 557 1765 577 eon-

976 597 1095 629 demnet,
1104 597 1150 632 qui
1158 606 1187 624 se
1198 597 1390 632 prophetarum
1399 604 1511 624 numero
1522 596 1670 623 insolenter
1680 595 1766 622 ascri-

976 643 1033 675 bat,
1046 651 1108 670 cum
1122 643 1230 670 interim
1245 642 1340 670 eadem
1357 643 1458 674 dicere,
1475 650 1535 677 qua:
1548 643 1611 668 olim
1629 641 1766 676 propheta:

977 689 1137 723 nequeant?
1161 687 1220 715 Non
1247 689 1320 715 enim
1341 688 1461 723 Spiritus
1481 692 1594 715 sanctus
1618 687 1645 714 in
1661 687 1708 714 illo
1725 686 1765 714 lo-

977 738 1057 761 cutus
1072 737 1123 760 est.
1140 734 1228 768 Atque
1259 734 1316 760 luce
1335 733 1393 768 ipsa
1410 733 1490 760 verba
1504 742 1510 759 :
1538 732 1611 763 Volo,
1628 736 1656 758 ct
1674 739 1766 766 percu-

978 779 1025 810 tio,
1040 783 1067 806 et
1079 779 1169 814 vigilo,
1196 784 1221 806 et
1240 778 1367 806 Dominus
1390 779 1469 805 corda
1484 779 1511 805 iu
1530 783 1663 811 stuperent
1677 778 1765 809 uertit,

978 823 1076 851 furiosi
1095 824 1213 850 hominis
1230 824 1312 850 verba
1331 827 1405 855 sunt,
1423 824 1587 858 minimeque
1601 830 1660 857 qua!
1677 822 1767 857 loqui«

138 867 263 902 ρακτῆρα
274 867 320 894 τοῦ
332 867 409 894 ἀνίοι)
424 868 592 903 Πνεὺματος¹
607 869 654 895 τοῦ
669 870 698 896 ἐν
712 871 866 906 προφήταις
879 870 924 897 λε-

980 873 1023 896 tur
1036 870 1208 904 assequentis
1221 879 1228 896 :
1242 870 1270 896 in
1285 878 1339 904 quo
1355 870 1407 896 alia
1419 877 1531 904 prorsus
1548 874 1610 896 nota
1628 869 1767 903 ﬁguraque

137 912 293 948 λαληκότος.

174 1046 205 1072 Et
219 1046 247 1072 δὲ
266 1045 408 1082 θελήσουσι
428 1047 614 1083 παραπλέκειν
630 1050 663 1083 τῇ
685 1048 798 1085 ἀληθείᾳ
819 1050 849 1077 τὺ
863 1050 927 1085 ψεῦ-

138 1089 193 1124 δος,
208 1093 255 1119 καὶ
272 1093 378 1127 ἀγνοεῖν
394 1093 441 1119 τὸν
456 1093 517 1121 νοῦν
539 1094 584 1120 τὸν
599 1094 648 1129 τῆς
663 1095 807 1131 ἀκριϐείας
829 1098 925 1133 ἐπιμε-

137 1137 260 1172 λόμενον,
284 1138 391 1170 ἑαυτοῖς
410 1138 439 1165 δὲ
459 1139 637 1174 ἐπισωρεύειν
651 1140 756 1174 λόγους,
774 1141 807 1167 δι’
823 1138 860 1169 ὧν
873 1151 926 1169 πα-

138 1183 362 1219 ραποιητεύονται
376 1184 425 1220 τὴν
438 1185 543 1211 ἑαυτῶν
555 1185 668 1220 πλάνην,
682 1187 778 1222 ὁμοίαν
791 1188 851 1215 τινὰ
863 1190 926 1216 ἀπο-

136 1230 245 1256 τελέσαι
269 1231 489 1266 παραστήσουσιν
512 1231 566 1257 ἀπὸ
589 1232 636 1258 τοῦ
648 1232 697 1267 τὴν
713 1232 794 1266 ἁγίαν
815 1234 926 1269 Γραφὴν

138 1275 294 1311 εἰρηκέναι’
319 1275 479 1303 Ἐπέΰαλεν
497 1278 513 1304 ὀ
531 1276 603 1309 Θεὸς
626 1277 773 1304 ἔκστασιν
796 1279 845 1305 ἐπὶ
872 1279 926 1306 τὸν

144 1320 242 1355 Ἀδὰμ,
263 1320 312 1347 καὶ
330 1320 465 1347 ὕπνωσε·
483 1321 529 1347 καὶ
549 1321 641 1347 οὐκέτι
657 1321 748 1357 ὅμοιον
763 1321 840 1348 τοῦτο
855 1324 926 1350 ὲκεί-

138 1375 193 1392 νου.
210 1366 246 1392 υὺ
267 1366 321 1401 γὰρ
343 1367 389 1393 καὶ
412 1366 529 1393 ἐνταῦθα
550 1367 630 1401 σῶμα
646 1366 742 1402 ἔμελλε
765 1368 894 1395 πλάσσειν
911 1369 925 1394 ὁ

137 1411 213 1444 ⁴θεὸς,
226 1411 272 1445 ἀφ’
287 1408 317 1437 οὗ
330 1412 370 1442 εἰς
393 1411 520 1437 ἔκστασιν
535 1410 642 1446 ἔφερεν,
659 1412 702 1439 ἵνα
717 1412 751 1439 τὰ
773 1413 854 1448 ὅμοια
881 1414 926 1439 ἐπ-

138 1457 237 1492 ενέγκῃ
264 1457 296 1483 δι’
322 1456 472 1492 ὑπερϐολὴν
489 1458 538 1492 τῆς
562 1456 780 1492 φιλανθμηπίας·
807 1458 846 1493 τῷ
872 1459 926 1495 γὰρ

144 1501 230 1536 Ἀδὰμ
248 1501 381 1536 ἐπήνεγκε
395 1501 443 1535 τὴν
457 1501 584 1528 ἔκστασιν
598 1501 644 1528 τοῦ
662 1502 755 1535 ὕπνου,
770 1503 820 1529 οὐκ
833 1503 927 1530 ἔκστα-

139 1556 181 1573 σιν
198 1547 314 1582 φρενῶν.
330 1546 477 1579 Ἐκστασις
490 1547 518 1573 δὲ
534 1547 605 1574 κατὰ
617 1548 748 1584 διαφορὰς
761 1549 861 1581 πολλὰς
871 1549 927 1585 ἔχει
941 1539 961 1568 C

137 1593 183 1618 τὸν
204 1592 314 1627 τρόπον.
334 1592 482 1623 Ἔκστασις
501 1591 534 1617 δι’
551 1592 703 1628 ὑπερϐολὴν
725 1592 863 1627 θαύματος
884 1593 928 1619 λέ-

138 1647 227 1672 γεται.
245 1637 393 1668 Ἔκστασις
408 1637 516 1672 λέγεται
540 1638 556 1673 ἡ
572 1638 665 1672 μανία,
685 1638 729 1665 διὰ
748 1639 779 1665 τὸ
798 1640 927 1675 ἐκστῆναι

137 1684 184 1710 τοῦ
208 1683 397 1719 προκειμένου.
421 1683 526 1719 Ἐκείνη
547 1684 574 1710 δὲ
593 1685 610 1719 ἡ
623 1683 669 1710 τοῦ
694 1683 778 1710 ὕπνου
797 1684 925 1717 ἔκστασις

138 1730 209 1758 κατὰ
222 1730 299 1757 ἄλλον
313 1730 413 1766 τρόπον
431 1730 541 1765 ἐρρέθη.
559 1730 628 1757 κατὰ
645 1731 695 1766 τὴν
709 1731 827 1766 φυσικὴν
849 1731 925 1766 ἐνέρ-

138 1785 228 1811 γειαν·
248 1776 365 1812 μάλιστα
380 1776 408 1802 δὲ
419 1775 457 1811 τῷ
475 1775 632 1810 βαθυτάτως
653 1775 737 1812 αὐτὴν
748 1777 926 1812 ἐπενηνέχθαι

138 1822 177 1858 τῷ
191 1823 262 1858 ἁγίῳ
281 1823 376 1858 Ἀδὰμ,
389 1822 436 1849 καὶ
450 1823 479 1848 ὲν
492 1823 563 1858 χειρὶ
577 1823 645 1850 Θεοῦ
661 1823 854 1859 πεπλασμένῳ.

137 1873 191 1900 est,
218 1868 368 1903 praesertim
390 1876 452 1895 cum
483 1869 587 1896 Adamo
609 1870 669 1897 viro
700 1875 806 1902 sancto,
841 1879 873 1898 ac
895 1871 943 1900 Dei

136 1917 237 1951 jectus.

174 1967 212 1993 E’.
228 1966 283 1993 Καὶ
299 1965 353 2000 γὰρ
368 1964 473 2000 ἀληθῶς
490 1965 563 1990 ἐστιν
576 1964 650 1996 ἰδεῖν,
663 1964 699 1995 ὠς
712 1964 823 1996 δικαίως
834 1964 928 1991 ἔκστα-

141 2021 182 2038 σιν
197 2011 299 2047 ταύτην
319 2012 336 2047 ἡ
355 2011 416 2037 θεία
440 2009 534 2055 Γραξὴ
559 2010 690 2046 βέϐληκεν
704 2011 724 2036 ³.
750 2011 793 2037 Ἐν
811 2010 850 2045 τῷ
873 2011 927 2046 γὰρ

141 2057 240 2084 ὑπνοῦν
250 2056 295 2082 τὸν
306 2055 447 2092 ἄνθρωπον
459 2055 633 2090 μεθίστανται
647 2056 732 2082 πᾶσαι
744 2057 772 2082 αἱ
787 2057 927 2091 αἰσθήσεις

140 2105 180 2135 εἰς
193 2103 345 2130 ἀνάπαυσιν
355 2103 512 2137 τραπεῖσαι.
534 2101 578 2133 Ὧς
607 2098 662 2128 οἷον
681 2102 778 2134 εἰπεῖν,
803 2102 927 2137 παροῦσα

141 2150 158 2184 ἡ
174 2148 315 2184 διορατικὴ
333 2148 381 2183 οὐχ
407 2148 471 2183 ὁρᾷ·
487 2147 695 2174 ἁποκέκλεισται
714 2148 768 2183 γὰρ
786 2148 816 2173 τὺ
834 2148 925 2182 ὅμμαε

140 2195 272 2231 ἡσυχάζει
284 2194 314 2220 τὸ
329 2193 419 2219 κινοῦν
439 2194 467 2219 ὲν
483 2192 522 2228 τῷ
537 2192 672 2228 ἀνθρώπῳ
687 2193 804 2228 πνεῦμα,
821 2194 868 2219 εἴτ’
881 2192 927 2220 οὖν

140 2242 212 2277 ψυχή
224 2250 231 2257 ·
246 2240 390 2276 δυσοδμίας
402 2239 484 2275 οὔσης
497 2241 524 2266 ἐν
536 2240 613 2274 οἴκῳ,
629 2240 675 2266 καὶ
686 2239 824 2274 εὐοδμίας,
841 2240 930 2266 καίτοι

141 2297 173 2322 γε
189 2287 328 2324 παρούσης
344 2288 393 2320 τῆς
415 2285 598 2321 ὁσφραντικῆς
612 2285 772 2319 αἰσθήσεως,
790 2287 839 2311 οὐκ
856 2286 930 2311 ἀντι-

141 2334 324 2369 λαμϐάνεται·
344 2333 439 2367 ἐξέστη
451 2332 504 2367 γὰρ
520 2333 539 2367 ἡ
552 2332 663 2367 τοιαύτη
681 2331 805 2366 αἴσθησις
819 2332 858 2362 εἰς
868 2332 930 2358 ἀνά-

143 2388 242 2406 παυσιν
259 2380 405 2414 τραπεῖσα.
424 2377 534 2410 Πικρῶν
550 2377 634 2403 ὅντων
648 2376 742 2411 χυμῶν
760 2378 788 2403 ἐν
811 2376 849 2411 τῷ
870 2377 929 2402 στό-

144 2435 220 2461 ματι,
245 2425 262 2461 ἢ
288 2424 427 2459 ἁλμυρῶν,
457 2423 474 2458 ἣ
501 2423 636 2457 γλυκέων,
657 2422 688 2449 τὺ
712 2422 856 2456 γευστικὸν
880 2422 930 2448 οὐκ

142 2472 299 2499 αἰσθάνεται
311 2479 318 2485 ·
337 2470 486 2505 ἐπειδήπερ
501 2471 529 2496 ἐν
545 2469 671 2495 ἐκστάσει
685 2468 734 2504 τῆς
751 2467 930 2499 ἀναπαύσεως

142 2517 281 2552 κείταιζμὴ
293 2515 432 2552 ἐνεργοῦν,
449 2516 516 2550 ὅπερ
530 2515 559 2540 ὲν
568 2514 607 2549 τῷ
620 2514 692 2549 ὕπαρ
707 2514 828 2549 ἐνήργει.
849 2514 929 2549 Ἀκοὴ

143 2565 290 2601 πάρεστιν’
306 2563 362 2590 ἀλλ’
379 2563 460 2598 ἀργεῖ
471 2561 503 2587 τὸ
519 2561 680 2588 ἀκουστικὸν
693 2561 764 2587 κατὰ
777 2560 825 2596 τὴν
836 2559 931 2594 αἴσθη-

144 2619 200 2637 σιν·
215 2610 262 2637 καὶ
279 2609 408 2640 πολλάκις
425 2607 480 2634 τῶν
498 2606 648 2633 λαλούντων
666 2607 694 2632 ἐν
717 2607 792 2641 οἴκῳ,
808 2605 831 2631 εὶ
853 2606 889 2640 μή
903 2612 929 2631 τι

143 2656 285 2690 διυπνισθῇ
301 2657 314 2681 ὁ
329 2654 480 2689 ἄνθρωπος,
496 2653 544 2687 οὐχ
557 2651 686 2678 ὑπακούει
699 2651 752 2677 τῶν
766 2650 840 2685 παρά
851 2659 930 2676 τινων

145 2701 293 2737 ῥηθέντων,
304 2700 348 2726 διὰ
368 2699 398 2725 τὺ
414 2699 563 2733 ἀποστῆναι
578 2697 626 2732 τὴν
641 2697 776 2732 ἐνέργειαν
798 2696 865 2732 πρὸς
882 2695 931 2730 τὴν

143 2747 228 2784 ὥραν.
245 2745 333 2773 Τινῶν
356 2744 498 2772 κνωδάλων
509 2743 689 2779 διερχομένων
709 2743 753 2769 διὰ
770 2742 816 2769 τοῦ
832 2742 930 2777 ἡμετέ-

744 2824 754 2840 ³
768 2823 836 2852 Gen.
849 2831 879 2856 ιι,
894 2823 940 2850 ‘21.

182 2830 189 2846 '
203 2827 269 2864 Reg.
284 2826 397 2859 ὲτάζων.
436 2828 445 2842 ⁵
462 2826 539 2854 Corr.
561 2825 704 2860 κέκληκεν.

978 916 1113 948 cernitur,
1140 924 1222 951 quam
1252 924 1312 951 qum
1335 917 1453 950 Spiritus
1470 916 1568 947 sancti,
1581 916 1627 950 qui
1643 923 1690 950 per
1703 922 1766 949 pro-

979 962 1075 998 phetas
1089 962 1153 989 olim
1179 963 1289 990 locutus
1303 965 1345 989 est
1361 969 1492 997 germana
1517 961 1641 989 videatur
1657 969 1689 988 ac
1704 967 1767 995 pro-

978 1009 1047 1043 pria.

1014 1052 1093 1084 Quod
1107 1052 1130 1080 si
1142 1053 1249 1080 veritati
1277 1052 1448 1080 mendacium
1463 1051 1616 1079 admiscere
1626 1050 1764 1078 voluerint

978 1102 1006 1124 et
1014 1102 1172 1125 accuratum
1188 1106 1329 1126 sacrarum
1338 1097 1506 1126 Litterarum
1520 1097 1695 1125 dissimulare
1705 1104 1770 1124 sen-

979 1151 1051 1176 sum,
1066 1150 1099 1169 ac
1115 1143 1174 1170 Ioea
1191 1143 1315 1177 quwdam
1331 1143 1519 1174 accumulare,
1534 1142 1635 1177 quibus
1646 1149 1766 1169 errorem

979 1197 1060 1216 suum
1079 1188 1244 1223 procudunt.
1270 1185 1298 1216 et
1314 1188 1415 1216 divinis
1430 1188 1549 1216 oraculis
1564 1195 1644 1223 quam
1661 1187 1770 1215 similli-

978 1242 1053 1261 mum
1072 1234 1197 1266 reddant,
1214 1239 1278 1269 puta
1308 1235 1382 1269 quod
1401 1235 1543 1269 Scriptura
1559 1234 1676 1261 dixerit:
1691 1233 1768 1260 Misit

979 1280 1049 1307 Deus
1077 1280 1215 1313 ἔκστασιν,
1233 1281 1284 1308 hoc
1298 1287 1340 1308 est
1363 1289 1493 1315 separent,
1511 1281 1538 1307 in
1552 1280 1648 1311 Adam,
1666 1285 1690 1307 et
1703 1279 1768 1306 ἀρφ-ς

980 1327 1036 1352 υιίἱι
1047 1326 1071 1357 ³,
1083 1327 1171 1353 sciant
1183 1327 1262 1362 longe
1278 1327 1359 1353 aliam
1373 1327 1416 1353 hic
1430 1334 1501 1357 esse,
1518 1333 1600 1361 quam
1617 1326 1643 1352 iu
1659 1325 1767 1352 illorum

979 1373 1089 1407 negotio
1106 1373 1250 1400 rationem.
1266 1371 1325 1398 Non
1337 1372 1408 1400 enim
1429 1372 1501 1407 quod
1519 1372 1551 1398 ad
1570 1371 1638 1398 istos
1659 1370 1766 1400 attinet,

979 1425 1080 1444 novum
1092 1417 1228 1452 quoddam
1246 1425 1346 1452 corpus
1361 1425 1377 1444 a
1390 1417 1444 1444 Deo
1461 1417 1670 1451 designabatur;
1688 1415 1768 1449 cujus

979 1462 1079 1497 gratia,
1092 1463 1164 1497 quod
1175 1463 1240 1489 olim
1258 1462 1363 1489 Adamo
1389 1463 1502 1489 ἤθει-ιιι.
1518 1469 1566 1496 pro
1582 1469 1630 1488 sua
1650 1460 1769 1495 benigni-

980 1513 1035 1536 tate
1061 1512 1199 1543 stuporem
1227 1509 1395 1535 innuitteret.
1420 1507 1486 1534 Nam
1508 1507 1604 1533 Adami
1628 1510 1767 1540 stuporem

978 1554 1034 1588 ille,
1053 1555 1141 1582 somni
1163 1554 1274 1589 quidam
1296 1558 1391 1589 torpor
1405 1553 1526 1585 exstitit,
1543 1561 1598 1580 non
1612 1551 1711 1579 mentis
1728 1551 1757 1578 in

978 1601 1067 1628 sania.
1090 1600 1217 1635 Stuporis
1245 1607 1326 1635 porro
1356 1599 1517 1626 vocabulum
1542 1598 1665 1632 pluribus
1681 1596 1770 1624 modis

978 1646 1107 1680 usurpari
1139 1646 1219 1673 solet.
1247 1646 1325 1673 Alius
1348 1646 1420 1673 enim
1437 1648 1489 1676 est.
1511 1652 1590 1679 quem
1622 1643 1770 1670 vehemens

976 1692 1101 1727 quaedam
1121 1692 1191 1726 parit
1206 1691 1362 1718 admiratio.
1397 1691 1468 1720 Alias
1485 1698 1534 1725 pro
1547 1690 1638 1717 furore
1651 1694 1677 1717 el.
1692 1690 1768 1716 iusa-

977 1737 1022 1763 nia
1040 1737 1167 1767 sumitur,
1186 1745 1260 1763 exeo
1280 1737 1352 1770 quod
1368 1737 1476 1763 animus
1488 1743 1502 1762 a
1517 1735 1657 1770 proposito
1672 1733 1770 1768 ἐκστῆ-

980 1790 1034 1814 ναι,
1048 1782 1100 1808 hoc
1114 1787 1155 1808 est
1171 1782 1305 1815 aberrare,
1329 1782 1438 1809 dicitur.
1455 1782 1490 1808 At
1512 1781 1550 1808 illi
1563 1789 1659 1808 somno
1673 1784 1769 1813 stupor

981 1826 1046 1859 alio,
1070 1826 1201 1852 nimirum
1228 1826 1260 1853 ad
1275 1827 1414 1853 naturales
1429 1826 1585 1852 functiones
1607 1824 1768 1851 referendus

975 1874 1103 1901 manibus
1134 1874 1269 1908 pel-polito
1299 1874 1451 1901 altissimus
1479 1873 1514 1900 sit
1546 1873 1591 1900 ille
1610 1875 1706 1906 stupor
1723 1871 1766 1897 iu-

1018 1962 1052 1990 V.
1081 1962 1195 1990 Constat
1211 1963 1283 1989 enim
1301 1971 1383 1998 quam
1402 1962 1500 1990 merito
1515 1962 1636 1996 stuporis
1652 1961 1703 1989 hoc
1721 1970 1769 1989 no-

981 2016 1042 2036 men
1056 2016 1071 2035 a
1088 2008 1229 2043 Scriptura
1247 2008 1330 2035 fuerit
1348 2013 1524 2043 ,usurpatum.
1539 2008 1768 2043 Quandoquidem

980 2054 1090 2082 homine
1119 2055 1262 2088 consopito
1289 2062 1388 2081 sensus
1403 2062 1498 2081 omnes
1522 2053 1555 2081 ad
1570 2053 1688 2088 quietem
1704 2061 1768 2081 sese

981 2101 1159 2128 transferunt.
1188 2101 1233 2127 Sic
1263 2101 1372 2128 videndi
1388 2100 1513 2131 facultas,
1529 2100 1646 2134 exempli
1668 2099 1766 2135 gratia,

983 2147 1090 2174 tametsi
1106 2155 1226 2182 praisens
1241 2147 1328 2177 adsit,
1343 2146 1445 2173 clausis
1466 2146 1554 2173 oculis
1571 2146 1638 2172 nihil
1656 2146 1770 2172 omnino

980 2193 1112 2220 discernit
1130 2202 1136 2219 :
1154 2199 1297 2228 propterea
1311 2192 1384 2226 quod
1400 2196 1457 2218 tum
1475 2191 1533 2223 ille,
1544 2199 1598 2226 quo
1614 2198 1771 2227 movemur,

979 2238 1093 2273 spiritus
1111 2238 1168 2266 sive
1185 2238 1277 2265 anima
1292 2238 1452 2273 requiescit.
1475 2237 1520 2264 Sic
1535 2237 1680 2271 quantavis
1693 2237 1766 2264 domi

978 2284 1128 2319 fragrantia
1152 2285 1198 2316 sit,
1213 2288 1260 2311 aut
1281 2285 1362 2315 l'etor,
1388 2285 1453 2311 nihil
1471 2289 1563 2311 tamen
1578 2283 1707 2316 odoratu,
1719 2284 1767 2318 qui

979 2339 1044 2358 sane
1066 2338 1188 2365 praesens
1210 2335 1263 2360 cst.
1290 2331 1430 2366 percipere
1453 2338 1616 2366 possumus;
1638 2338 1671 2357 eo
1694 2330 1768 2365 quod

979 2377 1072 2404 sensui
1086 2377 1124 2403 illi
1139 2377 1172 2403 ad
1188 2377 1307 2412 quietem
1324 2377 1476 2411 composito
1493 2377 1566 2403 velut
1585 2377 1695 2411 quidam
1713 2381 1770 2403 tor-

981 2429 1031 2456 por
1053 2423 1183 2456 obrepsit.
1216 2423 1281 2450 Item
1305 2423 1368 2450 licet
1387 2430 1497 2449 :uuarus
1519 2422 1546 2448 in
1565 2430 1612 2449 ore
1625 2422 1661 2449 sit
1675 2430 1770 2457 sapor,

981 2471 1028 2494 aut
1056 2468 1155 2499 falsus,
1181 2471 1228 2494 aut
1247 2468 1347 2498 dulcis,
1371 2468 1437 2495 nihil
1458 2471 1569 2502 gustatu
1591 2468 1717 2499 sentitur,
1733 2475 1768 2494 eo

981 2512 1053 2548 quod
1086 2513 1213 2547 stupidus
1239 2513 1284 2539 hic
1310 2521 1419 2543 sensus,
1436 2521 1468 2539 ac
1483 2512 1563 2548 M7
1582 2513 1688 2547 sopitus
1705 2512 1770 2539 fun«

982 2559 1100 2585 ctionem
1117 2559 1219 2585 nullam
1242 2563 1361 2590 exercet,
1380 2558 1532 2591 cujusmodi
1554 2564 1683 2592 praestare
1699 2558 1767 2592 rigi—

983 2604 1043 2632 lans
1065 2605 1179 2632 solebat.
1211 2603 1300 2633 Mallet
1314 2608 1340 2631 et
1355 2605 1465 2631 auditus
1480 2604 1548 2639 ipse,
1567 2603 1614 2631 sed
1636 2603 1765 2629 audiendi

983 2656 1026 2678 est
1054 2649 1170 2678 facultas
1198 2651 1286 2678 otiosa
1304 2650 1391 2677 :adco
1412 2654 1441 2677 ut
1458 2650 1617 2684 plerumque
1637 2648 1710 2675 domi
1729 2648 1769 2674 lo-

983 2697 1130 2731 quentibus
1145 2697 1293 2728 nonnullis,
1309 2697 1362 2723 nisi
1379 2697 1424 2731 qui
1443 2695 1543 2723 dormit
1561 2694 1770 2730 expergefactus

986 2743 1076 2776 iucsit,
1093 2752 1151 2779 quae
1168 2744 1201 2771 ab
1219 2744 1251 2771 iis
1264 2743 1392 2770 dicuntur
1404 2750 1458 2770 non
1472 2742 1574 2774 audiat,
1592 2740 1665 2776 quod
1680 2741 1770 2769 omnis
