1964 3047
215 129 271 157 86¢":

927 130 956 158 S.
978 129 1154 159 EPIPHANll

1802 133 1854 160 86L

215 196 249 216 eo
264 191 391 224 tempore
399 188 551 224 intercepta
563 188 600 216 sit
611 189 692 217 actio.
704 188 850 217 Postremo
862 197 925 217 cum
935 198 1010 226 quae-

1066 199 1110 226 pou
1127 191 1264 226 σῶματος,
1279 190 1329 217 οὐκ
1354 190 1536 227 αἰσθανόμεθα
1558 192 1608 227 τῆς
1627 191 1716 218 αὐτῶν
1737 190 1803 226 περὶ
1824 189 1855 216 τὸ

216 234 278 261 dam
293 242 341 269 per
363 242 464 271 corpus
477 235 606 264 oberrent
622 235 726 267 bestia»,
746 236 844 263 harum
863 240 1008 264 contactus

216 280 330 308 minime
347 284 405 308 tum
435 289 450 308 a
475 281 556 309 nobis
585 283 737 318 percipitur
761 282 814 310 nisi
839 282 910 310 forte
927 283 1009 310 vehe-

215 326 335 354 mentius
350 327 525 362 pupugerint.
543 327 630 362 Cujus
641 336 672 355 ea
688 336 772 355 causa
788 332 841 360 est,
860 329 933 364 quod
951 337 1010 357 sen-

215 379 264 399 sus
274 372 363 398 nostri
374 371 545 399 domicilium
564 372 591 399 in
611 373 657 399 illa
670 374 759 400 somni
775 373 866 408 quiete
883 374 918 401 ab
933 375 1008 401 omni

215 418 324 445 actione
349 418 510 446 cessaverit.
532 418 612 451 Quod
637 419 748 454 quidem
774 427 873 448 sensus
905 420 1009 448 instru-

214 467 348 496 mentum,
379 471 442 491 cum
458 464 494 492 sit
521 469 620 492 natura
638 471 788 498 terrenum,
807 467 954 501 animaque
965 467 1009 493 ni—

215 510 366 537 hilominus
381 510 526 538 excellenti
542 511 687 546 prmdilum
706 521 712 538 :
729 511 801 546 quod
816 513 853 538 ita
870 512 942 540 Deus
954 513 1008 540 uti-

215 556 300 583 litatis
313 559 414 583 nostrae
429 564 512 583 causa
527 558 671 584 constituit
685 566 692 586 :
712 565 792 585 suum
817 558 898 586 habet
912 567 1008 586 somno

216 607 324 637 tempus
335 602 510 635 attributum,
525 611 573 638 per
581 603 653 638 quod
669 604 704 631 ab
721 606 856 632 acerrima
872 605 1008 632 sentiendi

216 649 368 682 functione,
385 649 413 676 in
428 650 546 684 quietem
560 654 754 686 torporemque
783 651 940 679 resolvitur.
965 651 1008 679 ln-

216 695 296 722 terim
311 696 410 723 animae
421 703 485 730 pars
502 695 547 722 illa
573 697 710 732 pracipua
727 697 951 733 intelligendique
966 699 1008 726 vis

216 741 351 776 ejusmodi
377 745 420 768 est
446 742 567 776 stuporis
583 750 691 777 expers.
714 742 791 777 Saépe
804 743 878 770 enim
908 748 1008 771 semet-

217 788 304 822 ipsam
340 788 392 815 sibi
417 789 496 824 quasi
525 789 680 824 vigilantem
715 789 824 824 objicit,
853 790 1007 822 ambulans,

216 842 302 871 agens
318 834 431 869 aliquid,
449 835 597 870 navigans;
618 840 700 870 atque
717 835 742 862 in
762 835 897 870 pluribus.
908 841 935 863 et
955 845 1009 864 ma-

213 881 324 915 joribus
346 881 464 916 negotiis
489 882 594 908 versari
623 889 672 916 per
697 882 833 908 somnium
859 882 1007 910 existimat.

216 924 379 960 Quanquam
397 927 477 961 longe
498 926 572 953 istud
585 926 640 952 alio
655 926 747 957 modo,
764 933 845 960 quam
867 934 882 953 a
906 926 1008 954 furioso

216 979 249 998 ac
262 971 391 1003 fanatico,
408 972 528 1006 geritur;
542 971 588 1006 qui
603 978 719 1005 corpore
731 971 877 1006 animoque
893 971 1009 1007 vigilans

217 1017 322 1044 atrocia
338 1017 462 1052 quaedam
479 1020 627 1052 perpetrat,
643 1020 670 1044 et
685 1024 746 1043 cum
765 1017 816 1043 sibi
834 1021 890 1043 tum
904 1018 1010 1045 caeteris

1062 237 1142 272 σῶμα
1159 236 1236 272 ἡμῶν
1256 237 1338 272 ἁφῆς,
1353 238 1377 263 εἰ
1394 238 1430 273 μή
1447 246 1474 264 τι
1494 237 1600 273 βαρέως
1616 236 1764 264 ἐπιθῶνται
1787 237 1854 271 ἡμῖν

1059 283 1095 309 τὰ
1106 282 1229 309 κνώδαλα
1243 291 1248 297 ·
1265 282 1304 314 ὡς
1314 281 1362 309 τοῦ
1377 283 1476 314 παντὸς
1487 283 1603 319 ὀργάνου
1616 282 1660 310 διὰ
1674 282 1723 318 τὴν
1732 282 1854 309 ἀνάπαυ-

1061 337 1102 354 σιν
1115 327 1162 354 τοῦ
1176 327 1261 354 ὕπνου
1282 328 1428 360 ἐκστάντος
1443 329 1497 355 ἀπὸ
1516 329 1565 365 τῆς
1581 328 1731 364 ἐνεργείας.
1749 328 1787 354 Τὸ
1804 328 1854 363 μὲν

1059 373 1114 410 γὰρ
1130 374 1244 409 ὄργανον
1256 373 1363 408 φύσεως
1376 374 1406 401 ὃν
1417 375 1525 410 γηῖνης,
1536 374 1584 401 καὶ
1597 375 1660 410 περὶ
1676 373 1724 410 τὴν
1737 375 1748 389 ⁸
1763 373 1854 408 ψυχὴν

1060 420 1130 455 ἕχον,
1150 420 1194 447 διὰ
1205 421 1236 447 τὺ
1254 420 1341 451 οὕτως
1358 421 1390 447 ὲκ
1405 420 1474 447 Θεοῦ
1489 420 1545 448 τῶν
1561 421 1704 456 χρησίμων
1718 421 1786 456 ἡμῖν
1802 428 1855 454 γε-

1059 467 1201 503 γενῆσθαι,
1210 467 1367 494 ἀποδίδοται
1380 467 1418 503 τῷ
1433 467 1509 503 ὕπνῳ
1522 468 1627 504 καιρὸς,
1638 467 1773 503 μεθιστῶν
1787 466 1854 493 αὐτὸ

1060 513 1113 540 ἀπὸ
1140 514 1189 548 τῆς
1218 512 1416 548 ἐνεργεστὰτης
1442 513 1596 548 αἰσθήσεως
1619 513 1660 545 εις
1685 512 1852 548 μετάστασιν

1059 559 1249 591 ἀναπαύσεως.
1265 559 1339 595 Αὐτὴ
1352 559 1380 586 δὲ
1392 560 1408 594 ἡ
1422 559 1494 595 ψυχὴ
1507 560 1557 586 οὐκ
1577 559 1671 595 ἐξέστη
1687 558 1735 586 τοῦ
1750 560 1854 595 ἡγεμο-

1059 606 1134 633 νικοῦ
1149 606 1208 633 οὐδὲ
1219 606 1266 633 τοῦ
1281 607 1463 643 φρονήματος.
1473 606 1605 638 Πολλάκις
1621 606 1675 642 γὰρ
1688 606 1853 641 φαντάζεται

1059 653 1158 688 ἑαυτὴν
1164 653 1202 684 ὡς
1208 654 1236 679 ἐν
1242 655 1365 690 γρηγορῇ
1369 662 1408 680 σει
1413 673 1419 685 ,
1427 654 1473 680 καὶ
1479 653 1634 689 περιπατεῖ,
1642 653 1689 679 καὶ
1694 652 1840 688 ἐργάζεται
1845 674 1852 682 ,

1059 699 1106 726 καὶ
1123 701 1294 735 ποντοπορεῖ,
1312 699 1358 726 καὶ
1369 699 1398 725 ὲν
1412 699 1516 725 πλείοσι
1527 699 1574 726 καὶ
1586 699 1689 734 μείζοσι
1702 699 1805 725 τούτων
1818 698 1853 724 δι’

1058 745 1205 781 ὀνειράτων
1219 745 1318 780 ἑαυτὴν
1330 744 1452 780 θεωμένη
1466 751 1473 758 ·
1490 741 1509 779 ἧ
1534 742 1586 779 μὴν
1606 743 1676 770 κατὰ
1694 742 1739 769 τὸν
1753 742 1854 777 ἀφραί-

1059 799 1150 822 νοντα,
1167 791 1213 817 καὶ
1227 791 1256 818 ὲν
1273 790 1400 817 ἐκστάσει
1414 790 1555 825 γινόμενον
1571 789 1729 816 ἐκστατικὸν
1748 787 1854 824 ἄνθρω-

1059 845 1120 868 πον,
1129 837 1174 863 τὸν
1188 836 1227 872 τῷ
1238 836 1344 872 σώματι
1357 836 1402 863 καὶ
1412 837 1445 871 τῇ
1457 835 1530 871 ψυχῇ
1540 835 1718 870 ἐγρηγορότα,
1731 833 1767 860 τὰ
1777 833 1854 860 δεινὰ

1064 882 1330 918 μεταχειριζόμενον,
1347 882 1395 908 καὶ
1416 881 1544 913 πολλάκις
1564 879 1653 915 ἐαυτῷ
1668 879 1762 911 δεινῶς
1777 878 1853 915 χρώ-

1065 937 1144 963 μενον
1159 929 1207 955 καὶ
1221 930 1278 960 τοῖς
1294 928 1386 959 πέλας.
1413 928 1519 962 ’Λγνοεῖ
1534 926 1588 962 γὰρ
1604 926 1621 953 ἃ
1640 925 1788 961 φθέγγεταί
1822 933 1853 951 τε

1063 973 1110 1000 καὶ
1131 974 1263 1009 πράττει·
1283 973 1433 1008 ἐπειδήπερ
1448 974 1477 1000 ὲν
1495 972 1623 999 ἐκστάσει
1644 972 1756 1006 γέγονεν
1769 972 1856 1006 ἀφρο-

1065 1019 1147 1054 σύνης
1160 1021 1174 1046 ὁ
1184 1019 1314 1052 τοιοῦτος.

217 1064 345 1091 omnibus
368 1064 486 1092 infestus
515 1068 572 1097 est;
601 1064 690 1092 nescit
705 1064 778 1092 enim
792 1064 858 1100 quid
873 1065 946 1093 dicat
964 1070 1011 1093 aut
1028 1066 1121 1101 faciat,
1137 1068 1267 1104 quoniam
1291 1076 1306 1096 a
1324 1067 1439 1095 rationis
1469 1071 1541 1094 statu
1557 1066 1679 1102 dejectus
1703 1070 1731 1093 et
1757 1065 1785 1092 in
1811 1064 1858 1093 fu-

217 1118 307 1138 rorem
318 1119 414 1139 versus
426 1115 479 1138 est.

253 1155 297 1183 Vl.
311 1156 373 1184 llaec
389 1165 440 1185 nos
456 1157 546 1184 omnia
560 1158 634 1185 illius
647 1158 794 1186 occasione
808 1158 876 1186 loci:
890 1158 1008 1186 Immisit

216 1202 288 1229 Deus
310 1208 443 1236 stuperent
470 1204 498 1230 in
523 1203 666 1236 Adamum,
678 1209 702 1230 et
717 1204 837 1237 dormiit,
850 1205 1008 1232 necessario

216 1250 427 1284 disputavimus,
451 1257 484 1277 ac
511 1250 637 1278 diversos
654 1251 776 1285 stuporis
799 1251 896 1279 modos
910 1259 1010 1287 propo~

217 1294 323 1322 suimus
336 1303 343 1328 ;
358 1300 439 1329 atque
451 1295 517 1322 illud
538 1295 628 1330 ipsum
642 1296 841 1330 explicavimus
855 1305 861 1330 ;
878 1297 958 1332 cujus
973 1298 1011 1325 rei

217 1341 306 1375 gratia
322 1348 437 1368 somnus
453 1341 497 1368 ille
514 1341 632 1376 injectus
647 1349 661 1367 a
676 1341 791 1369 Domino
812 1347 908 1377 stupor
918 1345 1011 1378 appel-

217 1386 298 1414 letur.
323 1386 456 1414 Nimirum
469 1387 521 1415 hoc
532 1388 665 1422 singulari
690 1387 736 1416 Dei
754 1389 881 1416 caulione
894 1397 926 1416 ae
937 1390 1011 1417 beni-

218 1433 320 1468 gnitate
332 1433 495 1468 perfectum,
509 1442 590 1468 quam
601 1434 694 1469 generi
712 1435 854 1462 hominum
868 1436 1008 1471 impertiit,

218 1487 273 1514 quo
286 1487 317 1506 se
331 1479 365 1506 ad
393 1480 481 1506 somni
502 1481 623 1515 requiem
638 1489 651 1507 a
664 1481 824 1516 quotidiana
838 1483 1009 1517 negoliorum

1098 1161 1143 1193 (τ’.
1161 1159 1253 1186 Ταῦτα
1273 1159 1302 1185 δὲ
1327 1159 1415 1186 πάντα
1442 1158 1486 1185 διὰ
1505 1157 1546 1190 τὺ,
1578 1157 1720 1184 Ἐπέϐαλε
1746 1157 1857 1190 Κύριος

1062 1206 1211 1232 ἔκστασιν
1226 1205 1276 1232 ἐπὶ
1292 1205 1345 1232 τὸν
1364 1203 1465 1239 ’Λδὰμ,
1488 1204 1537 1231 καὶ
1562 1203 1714 1235 ὕπνωσεν,
1732 1202 1858 1237 ἀνάγκην

1064 1252 1231 1287 ἐσχήκαμεν,
1255 1248 1278 1278 ὦ
1291 1251 1462 1285 ἐπιπόθητοι,
1478 1251 1640 1284 συναγαγεῖν
1656 1249 1706 1280 τὰς
1724 1247 1857 1284 διαφορὰς

1063 1298 1117 1324 τῶν
1131 1298 1239 1334 τρόπων
1258 1298 1309 1333 τῆς
1333 1297 1487 1328 ἐκστάσεως
1500 1305 1507 1312 ο
1523 1297 1571 1323 καὶ
1596 1295 1756 1330 ὲφρὰσαμεν
1773 1295 1808 1321 δι’
1823 1296 1858 1329 ἦν

1064 1343 1154 1370 αἰτίαν
1171 1344 1229 1369 ἐκεῖ
1243 1343 1319 1378 παρὰ
1327 1343 1429 1378 Κυρίου
1438 1342 1565 1373 ἔκστασις
1575 1342 1681 1376 εἴρηται
1689 1343 1705 1376 ὴ
1715 1341 1761 1368 τοῦ
1771 1341 1857 1368 ὕπνου

1066 1388 1165 1424 μετοχή
1177 1397 1184 1403 ·
1202 1389 1244 1415 ὅτι
1259 1387 1303 1414 διὰ
1317 1387 1365 1423 τὴν
1378 1388 1424 1414 τοῦ
1442 1387 1510 1413 Θεοῦ
1532 1386 1615 1422 φειδὼ
1635 1387 1682 1413 καὶ
1707 1386 1859 1422 φιλανθρω-

1065 1434 1140 1465 πίαν,
1155 1434 1188 1469 ἣν
1204 1435 1270 1460 πᾶσι
1285 1433 1333 1468 μὲν
1357 1432 1511 1468 ἀνθρώποις
1531 1433 1545 1458 ὁ
1559 1432 1640 1464 αὐτὸς
1651 1431 1813 1468 δεδώρηται,
1833 1433 1858 1459 ει

1065 1479 1097 1505 τὸ
1117 1479 1318 1515 μεταφέρεσθαι
1340 1479 1386 1505 τὸν
1413 1477 1556 1513 ἄνθρωπον
1579 1477 1632 1504 ἀπὸ
1657 1478 1793 1514 μερίμνης
1817 1479 1858 1510 εἰς

217 1533 286 1552 cura
315 1533 348 1552 ac
376 1526 563 1553 sollicitudine
581 1526 747 1554 traduceret.
771 1527 935 1562 Quanquam
955 1528 1011 1555 illic

1066 1526 1218 1552 ἀνάπαυσιν
1233 1525 1317 1551 ὕπνου
1336 1525 1382 1551 καὶ
1396 1524 1449 1551 τῶν
1461 1524 1499 1559 τῷ
1514 1523 1563 1558 βίῳ
1575 1523 1713 1558 χρειωδῶν
1727 1523 1860 1558 πραγμά-

219 1572 320 1606 potiori
333 1572 395 1606 jure
412 1572 533 1606 stuporis
549 1573 712 1599 vocabulum
730 1573 795 1600 illud
810 1573 966 1606 adlueserit,
979 1582 1011 1601 eo

219 1616 294 1650 quod
308 1617 450 1651 aliquanto
474 1617 550 1644 illum
583 1623 705 1652 tempore
719 1618 753 1644 ab
767 1619 841 1645 omni
861 1626 942 1646 sensu
964 1619 1013 1646 do-

220 1662 288 1690 loris
312 1663 434 1695 exemit,
466 1670 528 1690 cum
553 1663 576 1690 ei
600 1669 705 1691 costam
734 1663 909 1692 detracturus
927 1669 1011 1697 esset.

221 1718 303 1745 quam
318 1710 344 1737 in
356 1711 498 1738 mulierem
513 1715 697 1739 converteret.
712 1711 771 1739 Non
785 1717 844 1739 erat
856 1713 902 1740 ille
913 1714 1013 1740 mentis

221 1759 269 1782 aut
285 1755 369 1782 animi
389 1761 495 1791 stupor.
520 1756 587 1783 Nam
605 1758 696 1784 statim
713 1763 795 1792 atque
806 1758 1013 1793 expergefactus

221 1803 275 1831 est,
291 1800 363 1835 quod
378 1805 484 1835 gestum
505 1807 563 1828 erat
575 1802 695 1836 agnovit,
712 1809 743 1829 ac
755 1802 823 1829 divit
841 1812 846 1829 :
862 1802 919 1829 Hoc
945 1811 1013 1830 nunc

223 1855 252 1873 os
263 1854 295 1873 ex
306 1847 410 1873 ossibus
429 1847 493 1873 meis
508 1852 532 1874 et
548 1856 609 1874 caro
623 1848 654 1874 de
677 1855 756 1875 carne
771 1856 828 1874 mea
844 1856 852 1875 :
865 1848 920 1875 hinc
937 1858 1014 1876 voca-

223 1892 294 1918 bitur
319 1891 422 1926 virago,
447 1893 510 1926 quia
525 1900 557 1918 ex
569 1893 624 1919 viro
650 1901 697 1919 suo
721 1897 826 1927 sumpta
845 1898 883 1920 est
898 1894 918 1922 ¹.
932 1893 1015 1929 408

223 1935 317 1967 Vides,
340 1937 447 1971 opinor,
476 1938 706 1971 quemadmodum
731 1942 786 1965 tam
812 1939 913 1974 priora,
930 1946 1012 1973 quam

224 1981 378 2016 posteriora
404 1982 528 2014 noverit,
558 1990 590 2010 ac
616 1983 707 2009 futura
732 1983 872 2018 przedicat.
907 1984 1013 2010 Etenim

224 2027 316 2062 priora
343 2027 454 2062 quidem
484 2028 698 2063 intellexit,quaa
725 2029 878 2057 dormiente
895 2038 924 2057 se
937 2034 1014 2065 gesta

225 2074 351 2106 fuerant,
365 2078 395 2100 ut
411 2082 444 2101 ex
459 2075 493 2102 iis
518 2075 571 2102 illis
584 2076 675 2103 verbis
693 2076 831 2110 colligitur
849 2085 855 2103 :
874 2075 910 2103 Os
923 2084 955 2103 ea;
970 2085 1014 2103 os-

224 2119 296 2146 sibus
310 2119 385 2146 meis.
403 2118 552 2147 Praesentia
569 2128 643 2153 vero,
656 2128 688 2147 ac
702 2121 825 2148 mulieris
844 2122 1014 2156 procreatio-

224 2174 286 2193 nem
302 2166 450 2194 subsecuta
473 2167 622 2201 cognovit;
647 2168 749 2202 quippe
772 2167 806 2194 de
830 2175 882 2195 suo
899 2175 1015 2202 corpore

1064 1580 1128 1598 των.
1152 1571 1226 1597 Ἐκεῖ
1250 1571 1278 1597 δὲ
1298 1570 1495 1606 περιττοτέρως
1520 1569 1628 1604 ἐκείνην
1660 1569 1789 1595 ἔκστασιν
1812 1568 1859 1596 κέ-

1065 1617 1160 1651 κληκε,
1176 1617 1220 1644 διὰ
1235 1618 1263 1644 τὸ
1287 1618 1398 1652 ποιῆσαι
1418 1617 1499 1644 αὐτὸν
1519 1617 1588 1652 πρὸς
1601 1615 1650 1652 τὴν
1663 1615 1738 1651 ὥραν
1752 1615 1789 1651 μὴ
1815 1616 1859 1642 αι-

1066 1663 1212 1690 σθέινεσθιιι
1234 1664 1328 1695 πόνου,
1342 1663 1375 1689 δι’
1398 1663 1431 1698 ἦν
1447 1662 1542 1698 ἔμελλε
1566 1662 1714 1697 λαμϐάνειν
1737 1661 1860 1696 πλευρὰν

1065 1711 1114 1737 ἀπ’
1134 1710 1227 1741 αὐτοῦ,
1245 1710 1292 1736 καὶ
1312 1709 1440 1736 πλάττειν
1461 1709 1544 1744 αὐτὴν
1572 1707 1646 1743 αὑτῷ
1670 1708 1709 1739 εἰς
1729 1709 1860 1742 γυναῖκα.

1072 1755 1151 1782 Ἀλλὰ
1176 1755 1226 1781 οὐκ
1252 1752 1286 1790 ἦν
1309 1754 1437 1785 ἔκστασις
1454 1753 1560 1789 φρενῶν
1584 1752 1631 1779 καὶ
1658 1752 1859 1787 διανοημάτων.

1065 1800 1154 1831 Εὐθὺς
1169 1799 1223 1835 γὰρ
1244 1799 1493 1833 ἀναστὰς-ἐπέγνω,
1518 1799 1564 1825 καὶ
1586 1796 1664 1825 εἶπε·
1685 1798 1774 1825 Τοῦτο
1803 1798 1862 1825 νῦν

1067 1846 1178 1873 ὀστοῦν
1194 1846 1228 1872 ἐκ
1245 1845 1305 1872 τῶν
1317 1845 1416 1872 ὀστῶν
1431 1854 1501 1880 μου,
1518 1845 1568 1871 καὶ
1579 1844 1656 1878 σὰρξ
1667 1844 1701 1871 ἐκ
1715 1844 1770 1878 τῆς
1788 1852 1862 1878 σαρ-

1066 1892 1194 1926 κόςμου·
1202 1892 1278 1926 αὕτη
1294 1891 1476 1925 κληθήσεται
1485 1890 1573 1924 γυνὴ,
1584 1890 1628 1916 ὅτι
1642 1891 1676 1917 ὲκ
1685 1890 1739 1916 τοῦ
1749 1890 1862 1924 ἀνδρὸς

1066 1937 1284 1972 αὐτῆςδὲλήφθη
1293 1937 1379 1971 αὕτη.
1392 1938 1446 1964 Καὶ
1454 1937 1599 1963 ἐπίσταται
1607 1938 1671 1972 γὰρ,
1680 1936 1717 1968 ὡς
1725 1937 1802 1972 ὁρᾷς,
1812 1937 1861 1963 καὶ

1066 1984 1099 2010 τὰ
1109 1984 1213 2019 πρῶτα,
1223 1983 1269 2010 καὶ
1276 1983 1311 2010 τὰ
1317 1983 1436 2018 παρόντα
1444 1982 1490 2009 καὶ
1497 1982 1661 2018 προφητεύει
1669 1982 1793 2018 περὶτῶν
1801 1983 1863 2018 μελ-

1066 2030 1176 2057 λόντων.
1193 2030 1257 2056 Ἰδοὺ
1269 2030 1322 2064 γὰρ
1334 2029 1441 2063 ἐπέγνω
1453 2029 1487 2056 τὰ
1502 2029 1608 2065 πρῶτα,
1623 2029 1666 2056 ὅτε
1682 2027 1717 2064 ἦν
1730 2030 1758 2055 ἐν
1773 2029 1861 2064 ὕπνῳ,

1067 2076 1162 2110 λέγων,
1177 2076 1218 2102 ὅτι
1238 2075 1366 2102 Ὀστοῦν
1378 2075 1412 2102 ἐκ
1421 2075 1481 2102 τῶν
1493 2074 1592 2102 ὀστῶν
1600 2083 1671 2109 μου.
1683 2074 1740 2101 Καὶ
1751 2075 1864 2109 ἐπέγνω

1067 2122 1101 2148 τὰ
1118 2121 1249 2156 παρόντα,
1276 2121 1345 2156 μετὰ
1365 2120 1395 2146 τὸ
1417 2120 1570 2156 πλασθῆναι
1586 2121 1635 2156 τὴν
1655 2121 1781 2155 γυναῖκα,
1802 2120 1864 2146 ἐπι-

1068 2168 1151 2201 γνοὺς
1165 2167 1249 2201 αὐτὴν
1262 2167 1316 2193 ἀπὸ
1328 2165 1375 2192 τοῦ
1392 2165 1517 2201 σώματος
1525 2165 1658 2202 ἠρμένην.
1668 2166 1723 2192 Καὶ
1739 2166 1864 2201 προεφή-

225 2212 386 2239 translatam
424 2212 495 2238 illam
528 2212 732 2240 animadvertit.
762 2213 903 2241 Postremo
926 2213 1011 2240 fatur:

1071 2221 1149 2238 τευσε
1169 2212 1234 2248 περὶ
1248 2212 1302 2238 τῶν
1320 2211 1468 2246 ἐσομένων,
1489 2211 1529 2237 ὅτι
1544 2212 1668 2238 Ἕνεκεν
1684 2211 1792 2238 τούτου
1809 2220 1864 2237 κα-

225 2266 335 2293 quoque
372 2259 539 2287 vaticinatus
575 2263 635 2292 est,
657 2267 719 2287 cum
745 2260 782 2287 ita
810 2261 1017 2295 pronuntiavit:

229 2305 338 2339 Propter
351 2305 398 2332 hoc
407 2305 533 2340 relinquet
556 2306 632 2332 homo
650 2312 752 2341 putrem
764 2315 841 2333 suum
861 2312 885 2333 et
907 2311 1018 2333 matrem

226 2358 320 2382 suam;
335 2355 359 2377 et
379 2350 522 2377 adliwrebit
535 2352 613 2378 uxori
624 2359 687 2383 sum,
701 2356 725 2378 et
737 2357 813 2379 erunt
826 2351 901 2379 amba
918 2353 945 2378 in
959 2360 1020 2378 caro

227 2404 285 2422 nem
301 2404 381 2423 unam
398 2397 419 2422 ‘.
439 2396 501 2424 llam
516 2397 598 2432 igitur
608 2405 661 2424 non
680 2397 790 2424 fanatici
810 2398 928 2425 hominis
944 2403 1017 2432 sunt,

229 2449 282 2468 non
296 2442 361 2476 quid
372 2441 446 2468 dicat
466 2442 636 2477 ignorantis;
657 2443 704 2470 sed
725 2443 809 2470 animi
824 2443 921 2471 robore
934 2451 966 2470 ac
978 2444 1009 2470 lir

228 2488 322 2514 mitate
333 2488 448 2523 praediti.

265 2533 319 2561 νη.
343 2533 402 2561 Jam
420 2542 484 2561 vero
499 2537 529 2561 ut
543 2534 644 2562 deloco
659 2535 705 2561 illo
719 2544 724 2561 :
741 2534 794 2570 Ego
810 2535 866 2561 diri
875 2535 901 2561 in
911 2543 1018 2562 excessu

230 2590 285 2608 meo
301 2590 310 2608 :
329 2580 422 2608 Omnis
437 2581 513 2608 Itonia
528 2581 641 2608 mendax
655 2582 675 2613 ³,
692 2581 793 2616 aliquid
807 2581 948 2614 dicamus;
966 2582 1017 2608 alia

230 2627 354 2662 quietiam
384 2626 467 2661 hujus
492 2628 566 2654 verbi
586 2627 660 2654 notio
683 2632 734 2659 est,
760 2635 815 2654 non
828 2635 860 2654 ea
883 2627 1018 2658 videlicet,

230 2681 291 2708 qua:
301 2673 402 2700 amenti
419 2680 451 2700 ac
467 2673 570 2700 furioso
581 2673 721 2700 tribuitur.
738 2673 817 2700 Absit
833 2677 861 2700 ut
877 2672 901 2699 id
919 2673 945 2699 in
962 2673 1021 2699 ani-

231 2727 307 2746 mum
338 2719 510 2746 inducamus.
537 2718 591 2746 Sed
618 2719 755 2746 hominem
784 2718 973 2745 incredibilem
991 2718 1017 2745 in

234 2765 345 2793 modum
362 2766 601 2800 obstupescentcm
632 2764 777 2799 signiﬁcat.
798 2768 825 2791 ct
854 2765 965 2792 usitatis
988 2772 1020 2791 ac

270 2843 356 2871 ’Gen.
376 2852 405 2877 ιι,
427 2844 472 2871 ‘25.
514 2844 523 2859 ²
539 2843 603 2871 ibid.
621 2843 664 2871 ΞΕ.
706 2843 799 2872 3Psal.
817 2852 878 2877 cxr,
899 2843 939 2870 ll.

999 2844 1010 2859 ⁸
1024 2843 1100 2871 Corr.
1119 2843 1256 2878 περιττήν.
1294 2843 1303 2859 '
1319 2842 1395 2870 Corr.
1411 2842 1460 2869 οὐκ
1473 2840 1518 2878 ἦν.

1072 2260 1207 2292 micabat
1229 2258 1383 2292 ἅνθρωπος
1407 2258 1462 2285 τὸν
1483 2257 1595 2292 πατέρα
1613 2257 1716 2288 αὐτοῦ,
1737 2257 1787 2283 καὶ
1807 2257 1866 2291 τὴν

1069 2304 1182 2339 μητέρα
1194 2303 1298 2336 αὑτοῦ,
1313 2303 1362 2330 καὶ
1376 2303 1678 2337 προσκολληθήσεται
1690 2301 1727 2336 τῇ
1743 2303 1866 2336 γυναικὶ

1072 2351 1175 2383 αὑτοῦ,
1191 2351 1238 2377 καὶ
1249 2351 1370 2377 ἔσονται
1396 2352 1422 2376 οἱ
1446 2350 1500 2377 δύο
1512 2351 1555 2382 εις
1567 2348 1665 2383 σάρκα
1677 2349 1759 2382 μίαν.
1770 2349 1866 2376 Ταῦτα

1071 2397 1099 2423 δὲ
1112 2398 1160 2423 οὐκ
1168 2397 1196 2422 ἐν
1210 2397 1219 2412 ³
1231 2395 1391 2423 ἐκστατικοῦ
1403 2395 1507 2431 ἀνδρὸς,
1519 2395 1578 2421 οὐδὲ
1593 2394 1865 2430 ἁπαρακολουθήτου,

1073 2442 1140 2469 ἁλλά
1159 2441 1318 2478 ἐρρωμένην
1335 2441 1442 2476 ἔχοντος
1459 2441 1508 2476 τὴν
1527 2441 1656 2468 διάνοιαν.

1108 2534 1144 2560 Ζ¹.
1160 2534 1190 2559 Εἰ
1205 2533 1232 2559 δὲ
1245 2534 1291 2560 καὶ
1309 2532 1372 2568 περὶ
1388 2532 1444 2564 τοῦ,
1469 2531 1543 2566 Ἐγὼ
1557 2529 1644 2557 εἶπον
1656 2531 1691 2557 ἐν
1709 2530 1747 2564 τῇ
1759 2531 1869 2559 exin-(i-

1073 2588 1119 2606 σει
1133 2588 1208 2614 μου·
1228 2579 1290 2612 Πιῐς
1306 2578 1461 2612 ἅνθρωπος
1475 2577 1623 2612 ψεύστης,
1644 2576 1765 2608 λεκτέον,
1786 2577 1867 2612 ἑτέρα

1074 2626 1155 2652 πάλιν
1167 2625 1235 2660 αὕτη
1255 2627 1272 2661 ἡ
1286 2625 1410 2660 δύναμις,
1431 2626 1480 2660 οὐχ
1498 2625 1528 2651 ὃν
1554 2625 1653 2659 τρόπον
1673 2624 1747 2654 τινὸς
1766 2624 1868 2659 ἀφραί-

1073 2680 1163 2702 νοντος
1176 2671 1319 2708 ἀνθρώπου
1339 2672 1386 2698 καὶ
1401 2671 1562 2698 ὲκστατικοῦ
1575 2691 1581 2703 ,
1596 2671 1632 2707 μὴ
1647 2671 1769 2704 γένοιτοέ
1800 2671 1869 2698 ἀλλὰ

1075 2718 1325 2753 ὑποθαυμάζοντος,
1341 2720 1387 2745 καὶ
1406 2718 1595 2754 διανοουμένου
1612 2718 1681 2752 ὑπὲρ
1698 2717 1752 2744 τῶν
1769 2718 1779 2733 ⁸
1797 2719 1868 2746 κατὰ

1074 2764 1123 2799 τὴν
1144 2763 1286 2799 συνήθειαν
1302 2763 1440 2799 λογισμῶν
1460 2763 1513 2790 τῶν
1533 2763 1697 2799 συμμέτρως
1717 2764 1868 2800 ὁρωμένων

1564 2843 1574 2859 ⁸
1593 2842 1624 2870 F.
1639 2843 1678 2869 τό.
