1964 3047
96 153 149 182 8G5

455 154 499 182 AI)
505 153 640 182 VERSUS
657 152 829 182 IIXERESES
847 153 889 181 LII

940 154 964 183 ll.
985 154 1069 183 TOM.
1089 155 1110 183 I.
1131 155 1268 183 ΠᾸΞΒΕΞ.
1284 154 1399 184 XLVIII.

1680 158 1734 188 866

96 223 126 241 τε
143 213 189 240 καὶ
204 213 408 249 πραττομένων.
427 214 534 250 Ἐπειδὴ
550 215 603 250 γὰρ
617 214 772 250 ἐθαύμασεν
786 216 889 251 προφή-

943 215 1113 250 quotidianis
1130 223 1237 247 eorum,
1255 215 1301 250 qui
1317 215 1456 248 videntur,
1479 219 1526 241 aut
1541 218 1672 249 agunlur,
1687 223 1735 242 co-

98 268 157 295 της,
176 259 220 286 διὰ
240 259 401 295 θαυμασμὸν
424 260 540 287 ἐνταῦθα
564 261 649 295 λέγει.
670 261 799 295 Γεγόνασι
817 262 845 288 δὲ
861 263 890 287 ἐν

98 305 226 332 ἐκστάσει
241 306 266 331 οἱ
291 306 439 341 προφῆται,
462 306 512 332 οὐκ
537 306 566 332 ἐν
589 306 716 333 ἐκστάσει
740 306 888 342 λογισμῶν.

98 352 195 385 Γέγονε
210 352 265 388 γὰρ
281 353 328 378 καὶ
344 353 448 388 Πέτρος
462 353 492 379 ἐν
507 353 646 384 ἐκστάσει,
661 353 721 388 οὐχὶ
743 353 781 389 μὴ
798 362 888 389 παρα-

96 397 231 424 κολουθῶν
245 397 284 432 τῷ
297 397 379 433 λόγῳ,
395 398 451 424 ἀλλ’
472 398 544 434 ὁρῶν
568 399 755 434 καθημερινῆς
775 399 889 426 ἀκολου-

96 443 156 475 θίας
170 443 251 478 ἕτερα
266 443 342 480 παρὰ
356 445 412 475 τοῖς
425 443 580 479 ἀνθρώποις
595 444 732 480 δρώμενα.
749 443 818 472 Είὸε
835 446 890 481 γὰρ

95 489 205 522 cf)di
215 488 405 523 καθιεμένην,
418 488 467 515 καὶ
484 489 583 515 πάντα
598 489 634 516 τὰ
646 489 821 522 τετράποδα,
839 491 889 517 καὶ

94 534 213 568 ἑρπετὰ,
236 534 285 560 καὶ
311 534 365 561 τοῦ
390 535 522 568 οὐρανοῦ
541 534 577 562 τὰ
599 535 719 562 πετεινὰ
742 535 777 562 ἐν
799 536 887 571 αὐτῇ.

97 581 168 616 Ὅρα
181 580 268 613 δὲ,ὅτι
279 580 487 616 παρακολουθεῖ,
499 582 546 608 καὶ
552 579 642 617 οὑκῆν
649 582 811 609 ἐνὲκστάσει
820 591 887 618 φρε-

95 627 148 653 νῶν
155 627 169 652 ὁ
176 627 252 661 ἅγιος
259 627 370 662 Πέτρος·
380 627 424 654 ὅτε
432 627 486 663 γὰρ
491 628 558 663 ἧκον
562 637 617 660 σεν,
631 629 771 661 Ἀνάστα,
780 630 886 663 θῦσον,

95 672 144 698 καὶ
161 672 247 707 φάγε,
266 674 315 708 οὐχ
327 673 365 704 ὡς
381 673 417 708 μὴ
431 673 478 700 τὸν
495 674 558 701 νοῦν
584 675 738 710 ἐρρωμένος
751 676 864 712 ἐπείσθη
879 686 884 691 ·

94 718 162 744 ἀλλὰ
178 719 245 754 φησὶ
261 719 328 753 πρὸς
343 719 387 745 τὸν
402 719 502 754 Κύριον
513 727 520 735 ·
541 720 698 756 Μηδαμῶς,
717 722 821 756 Κύριε·
834 724 886 749 οὺι

93 763 200 791 δέποτε
214 765 318 792 κοινὸν
328 765 347 799 ἣ
358 764 528 799 ἀκάθαρτον
539 766 681 800 εἰσῆλθεν
688 768 731 801 είς
742 768 774 794 τὺ
790 769 887 802 στόμα

90 818 162 842 μου.
180 809 236 836 Καὶ
260 809 342 836 Δαεὶδ
357 810 371 835 ὁ
392 809 468 843 ἅγιος
487 808 572 841 εἶπεν,
587 811 628 837 ὅτι
646 811 709 844 Πᾶς
730 811 886 846 ἄνθρωπος

93 857 241 891 ψεύστης.
268 857 296 883 '0
313 856 341 883 δὲ
353 856 451 890 λέγων,
467 857 563 884 Εἶπον
580 857 647 892 ἐγὼ,
665 858 718 892 ἰδίᾳ
733 858 821 893 ἔλεγε,
839 858 886 885 καὶ

94 903 224 939 περὶτῶν
237 903 397 939 ἀνθρώπων,
412 903 464 934 ὅτι,
480 903 567 938 ἔλεγε,
578 903 735 931 Ψεύδονται.
755 906 825 940 ’Ἄρα
839 906 886 931 αὖ-

93 950 138 982 τδς
152 949 202 976 οὐκ
216 949 351 984 ἐψεύδετο.
377 949 612 985 Ἐκπληττόμενος
624 950 662 982 δὲ,
678 951 725 977 καὶ
737 950 884 986 θαυμάζων

92 996 142 1032 τὴν
166 995 250 1023 αὑτοῦ
276 995 490 1032 φιλανθρωπίαν,
514 997 562 1023 καὶ
583 997 617 1024 τὰ
643 997 718 1033 αὐτῷ
737 998 813 1034 παρά
837 997 884 1024 τοῦ

93 1041 196 1076 Κυρίου
209 1041 414 1077 κεκηρυγμένα,
426 1041 564 1077 ἐθαύμαζε
579 1041 639 1068 καθ’
652 1041 805 1078 ὑπερϐολήν
816 1051 823 1057 ·
838 1043 885 1069 καὶ

92 1087 164 1122 ὁρῶν
192 1087 281 1114 πάντα
304 1087 447 1124 ἄνθρωπον
478 1087 634 1123 ἐνδεόμενον
656 1088 703 1114 τοῦ
723 1089 814 1120 ἐλέους
838 1088 885 1116 τοῦ

92 1133 172 1165 Θεοῦ,
191 1134 265 1169 μόνῳ
280 1134 374 1169 Κυρίῳ
388 1133 419 1160 τὸ
435 1134 578 1169 ἀληθεύειν
599 1135 720 1161 ἐπέδωκε
733 1143 739 1150 ⁸
757 1135 845 1162 πάντα
858 1135 886 1162 δὲ

93 1180 236 1216 ἄνθρωπον
249 1180 301 1207 ὑπὸ
313 1180 449 1214 ἐπιτίμιον
465 1180 551 1214 ἔγνω·
570 1181 614 1207 ἵνα
630 1181 704 1217 δείξῃ
717 1181 747 1208 τὸ
760 1181 886 1216 ἀληθινὸν

93 1228 205 1264 Πνεῦμα
222 1228 252 1255 τὺ
267 1230 296 1255 ὲν
320 1228 474 1264 προψήταις
490 1228 620 1263 λαλῆσκν,
635 1228 683 1254 καὶ
699 1228 732 1254 τὰ
753 1227 822 1262 βάθη
836 1227 885 1253 αὐ-

92 1276 149 1306 τοῖς
165 1274 343 1309 ἁποκαλύψαν
369 1275 419 1310 τῆς
433 1274 480 1301 τοῦ
502 1274 569 1300 Θεοῦ
588 1273 716 1308 γνώσεως
738 1273 786 1299 καὶ
807 1273 886 1308 ἀκρι-

93 1321 180 1352 ϐείας.
202 1320 326 1354 Ἐγένετο
339 1320 367 1347 δὲ
381 1321 428 1346 καὶ
450 1319 576 1355 Ἀϐραὰμ
592 1320 621 1345 ὲν
640 1318 778 1349 ἐκστάσει,
794 1319 844 1344 οὐκ
859 1320 887 1344 ἐν

93 1365 220 1392 ἐκστάσει
232 1365 349 1401 φρενῶν,
366 1365 435 1392 ἀλλὰ
448 1364 575 1391 ἐκστάσει
590 1363 684 1397 φόϐου.
705 1363 822 1389 Ἔῦλεπε
832 1363 887 1398 γὰρ

93 1411 221 1438 κλίϐανον
247 1411 293 1438 καὶ
310 1411 454 1446 λαμπάδας
472 1410 535 1446 περὶ
561 1410 609 1445 τὴν
633 1409 680 1436 τοῦ
703 1409 779 1444 ἡλίου
800 1409 886 1436 δύσιν.

93 1458 148 1484 Καὶ
164 1458 239 1484 ἄλλοι
260 1457 399 1493 προφῆται
412 1457 530 1493 ὁρῶντες
547 1457 582 1483 τὰ
597 1457 723 1492 ὁράματα
742 1457 771 1484 ἐν
783 1456 888 1492 διανοίᾳ

93 1504 238 1540 ἐρρωμένη
254 1503 356 1537 ἔλεγον.
382 1503 425 1535 Ὧς
442 1504 455 1529 ὁ
467 1502 587 1538 Msti};
604 1511 687 1538 φησιν
704 1503 754 1537 (2)'
773 1503 886 1538 Ἔλιφο-

94 1550 148 1582 ϐύς
163 1551 221 1584 ειμι
238 1549 287 1576 καὶ
302 1549 456 1584 ἔντρομος,
477 1549 568 1582 Ἔγνω
585 1548 612 1574 δὲ
633 1548 767 1584 Ἀϐραὰμ,
779 1549 813 1576 τὰ
833 1548 887 1575 ὑπὸ

93 1595 142 1622 τοῦ
157 1595 260 1631 Κυρίου
283 1595 432 1630 λεγόμενα·
446 1594 610 1622 Γινώσκων
627 1593 740 1630 γνώσῃ,
752 1595 797 1622 ὅτι
812 1595 887 1630 πάρ-

94 1651 180 1671 οικον
199 1642 286 1669 ἔσται
301 1642 334 1668 τὸ
347 1641 467 1676 σπέρμα
493 1649 552 1668 σου
567 1640 602 1667 ἐν
621 1640 659 1675 τῇ
674 1640 820 1675 ἀλλοτρίᾳ
835 1641 887 1676 ἔτη

93 1691 282 1723 τετρακόσια.
298 1688 354 1715 Καὶ
367 1688 443 1723 ὁρᾷς,
457 1687 495 1719 ὠς
510 1686 567 1713 ἔστι
580 1687 615 1714 τὰ
628 1686 716 1713 πάντα
729 1687 758 1713 ἑν
774 1687 889 1723 ἀληθείᾳ

96 1738 172 1768 ἰδεῖν,
188 1736 263 1770 παρὰ
278 1736 334 1766 τοῖς
355 1734 510 1769 προφήταις
529 1733 672 1769 εἰρημένα,
688 1733 736 1759 καὶ
751 1733 780 1759 ἐν
801 1734 890 1769 ερρω-

98 1783 166 1819 μένῃ
182 1782 295 1818 διανοίᾳ,
311 1781 358 1808 καὶ
374 1781 403 1807 ἐν
427 1780 546 1815 σώφρονι
570 1779 704 1814 λογισμῷ,
731 1780 778 1806 καὶ
791 1780 841 1806 οὐκ
861 1782 889 1808 ὲν

95 1828 285 1865 παραπληξίᾳ.

943 261 1123 295 gitatiouibus
1134 261 1239 296 majora
1255 266 1421 289 versantem.
1433 261 1501 288 Cum
1517 260 1588 288 enim
1598 259 1734 295 Propheta

941 307 1077 334 miraculo
1094 311 1166 334 esset
1183 307 1326 337 attonitus.
1341 315 1397 342 pra:
1425 306 1607 333 admiratione
1637 305 1675 332 ita
1697 307 1734 333 lo-

940 357 1022 381 culus
1046 353 1110 380 est.’
1123 351 1200 385 Quod
1214 360 1280 380 vero
1300 351 1443 386 Propheta:
1463 355 1541 378 extra
1558 359 1587 378 se
1610 350 1682 385 rapti
1697 351 1732 377 le-

940 404 1052 436 guntur,
1079 407 1133 426 non
1149 399 1190 426 sic
1219 398 1408 432 accipiendum
1434 402 1486 428 est,
1509 397 1588 432 quasi
1617 396 1734 423 rationis

940 454 1021 473 usum
1043 444 1198 472 amiserint.
1226 443 1294 470 Nam
1310 447 1337 470 et
1361 443 1459 470 Petrus
1486 447 1563 470 extra
1586 450 1616 470 se
1637 447 1733 477 raptus

940 491 1089 526 aliquando
1106 492 1219 521 dicitur.
1237 498 1292 517 non
1302 489 1375 525 quod
1388 489 1510 516 habitum
1522 489 1594 515 ultro
1609 489 1734 523 citroque

939 545 1093 565 sermonem
1110 536 1257 571 ignorarit;
1279 536 1326 563 sed
1339 535 1412 570 quod
1430 539 1528 569 printer
1541 534 1733 569 quotidianum

940 591 1020 611 usum
1038 583 1170 610 nonnulla
1186 582 1244 609 ﬁeri
1258 581 1329 608 inter
1346 581 1472 608 homines
1491 579 1732 607 animadverteret.

944 630 1014 657 Vidit
1027 629 1095 656 enim
1112 629 1221 655 linteum
1233 627 1388 658 demissum.
1402 632 1427 654 et
1439 627 1527 653 omnia
1539 625 1732 660 quadrupedia,

938 684 970 702 ac
982 675 1099 710 reptilia,
1113 679 1138 701 et
1165 674 1223 701 ια’ίί
1242 674 1359 701 volucres
1383 673 1411 700 in
1425 682 1455 700 eo
1469 673 1596 700 contineri
1610 672 1630 698 ¹.
1645 673 1733 705 Quam

938 729 1021 757 porro
1037 729 1098 757 qua:
1111 720 1270 748 dicerentur
1287 720 1379 746 animo
1388 719 1550 754 perceperit,
1566 726 1617 746 nec
1630 725 1645 745 a
1661 721 1734 745 statu

938 769 1055 796 rationis
1072 769 1179 795 alienus
1210 767 1303 799 fuerit,
1340 774 1374 793 ex
1404 773 1436 793 eo
1450 769 1528 800 potes
1558 764 1732 796 discernere;

938 815 1009 849 quod
1027 822 1089 841 cum
1103 814 1225 841 audisset
1241 822 1248 839 :
1266 812 1361 847 Surge,
1371 812 1460 839 occide
1482 816 1506 838 et
1520 810 1662 842 manduca,
1677 818 1734 838 non

938 862 1011 888 illico
1032 860 1105 888 velut
1121 860 1221 887 mentis
1239 859 1352 886 minime
1364 866 1476 893 compos
1492 857 1668 894 obsequitur;
1684 857 1734 884 sed

938 909 976 935 ita
989 907 1105 934 Domino
1121 906 1287 941 respondet:
1301 905 1388 937 Absit,
1404 904 1525 931 Domine!
1541 903 1606 930 nihil
1617 910 1734 937 unquam

936 960 1073 979 commune
1102 951 1142 978 vel
1169 951 1334 978 immundum
1359 950 1470 976 intravit
1494 949 1523 975 in
1548 957 1577 976 os
1596 956 1683 975 meum
1709 952 1733 975 ι.

936 997 1016 1031 Quod
1033 1002 1124 1024 autem
1141 997 1174 1024 ad
1192 996 1320 1024 Davidem
1334 996 1442 1026 attinet.
1459 995 1507 1030 qui
1524 995 1593 1022 dixit
1608 1003 1614 1021 :
1639 994 1734 1022 Omnis

937 1045 1015 1071 homo
1031 1043 1162 1076 mendax,“
1174 1051 1238 1070 cum
1258 1043 1359 1077 adjecit
1374 1050 1381 1067 :
1396 1041 1452 1078 Ego
1475 1041 1542 1073 dixi,
1561 1040 1688 1075 privatim
1705 1043 1733 1067 et

937 1099 970 1118 ex
994 1098 1044 1118 sua
1072 1097 1191 1125 persona
1219 1089 1328 1117 locutus
1343 1093 1395 1122 est,
1421 1092 1451 1114 ut
1474 1087 1582 1114 mentiri
1607 1087 1734 1113 homines

937 1137 1095 1169 aIIirmaret,
1113 1137 1249 1164 mendacii
1266 1137 1324 1172 ipse
1353 1141 1425 1165 esset
1451 1143 1559 1171 expers.
1581 1134 1636 1162 Sed
1653 1134 1735 1162 nimi-

937 1192 998 1210 rum
1015 1183 1063 1211 Dei
1086 1184 1282 1219 benignitatem
1305 1183 1483 1210 vehementer
1500 1183 1649 1209 admiratus
1668 1185 1734 1214 est;

937 1237 994 1258 tum
1007 1231 1081 1265 quod
1096 1231 1218 1258 numinis
1229 1231 1320 1257 alllalu
1331 1229 1604 1265 quamplurimaolitn
1618 1232 1734 1256 ventura

937 1276 1124 1311 praedixisset;
1140 1283 1259 1311 cumque
1276 1275 1416 1303 universis
1431 1275 1590 1303 hominibus
1605 1281 1736 1301 necessa-

937 1321 1006 1348 riam
1023 1329 1085 1348 esse
1102 1320 1148 1348 Dei
1163 1321 1382 1348 misenicordiam
1400 1325 1534 1351 cerneret.
1551 1320 1604 1348 SuII
1618 1319 1735 1347 Domino

937 1368 1081 1394 veritatem
1109 1367 1247 1398 attribuit,
1263 1375 1295 1394 ac
1317 1366 1448 1394 mortales
1473 1373 1569 1393 omnes
1591 1365 1736 1400 reprehen-

939 1412 1010 1439 sioni
1035 1412 1170 1439 obnoxios
1199 1419 1261 1439 esse
1290 1411 1497 1446 pronuntiavit;
1528 1414 1558 1437 ut
1581 1418 1676 1438 verum
1705 1410 1734 1437 in

939 1458 1082 1493 prophetis
1104 1458 1226 1485 locutum
1243 1466 1304 1485 esse
1320 1457 1452 1493 Spiritum
1477 1457 1646 1489 ostenderet,
1657 1464 1734 1484 cum-

938 1512 991 1539 que
1009 1505 1043 1532 iis
1058 1504 1192 1532 altissima
1206 1504 1307 1531 divina:
1330 1503 1413 1539 409
1431 1502 1597 1538 cognitionis
1619 1509 1735 1529 accura-

939 1555 1028 1585 taeque
1040 1550 1163 1577 scientia:
1187 1557 1288 1577 arcana
1311 1549 1542 1577 couununicasse.
1558 1548 1734 1576 Abrahamus

940 1595 1034 1623 itidem
1061 1600 1140 1623 extra
1164 1603 1193 1623 se
1211 1595 1298 1622 fuisse
1332 1599 1429 1631 raptus
1458 1595 1602 1628 scribitur,
1630 1602 1686 1622 non
1701 1598 1731 1621 ut

938 1642 1023 1669 animi
1058 1642 1195 1676 impotens
1212 1647 1295 1673 esset.
1319 1642 1366 1669 sed
1392 1642 1528 1669 duntaxat
1554 1641 1651 1668 timore
1671 1648 1734 1676 per-

937 1689 1043 1716 culsus.
1059 1687 1132 1715 Vidit
1144 1687 1216 1715 enim
1229 1688 1282 1715 sub
1294 1688 1360 1715 solis
1369 1694 1498 1715 occasum
1513 1686 1650 1713 clibanum
1665 1693 1729 1712 cum

938 1733 1123 1769 lampadibus.
1158 1733 1315 1768 Eodemque
1346 1733 1427 1761 modo
1456 1732 1597 1768 prophetae
1627 1732 1731 1761 caeteri.

938 1789 1002 1808 cum
1019 1780 1128 1815 objecta
1147 1780 1200 1807 sibi
1226 1780 1285 1807 visa
1303 1784 1459 1811 cernerent,
1478 1780 1506 1806 in
1523 1778 1618 1806 eodem
1633 1779 1736 1805 mentis

939 1827 1031 1862 vigore
1059 1826 1251 1861 perstiterunt.
1284 1825 1329 1854 Sic
1355 1827 1428 1853 enim
1462 1825 1572 1861 Moyses
1600 1825 1732 1852 dicebat:

95 1875 201 1902 Timore
225 1873 363 1909 perculsus
395 1880 453 1900 sum
476 1880 507 1899 ac
529 1871 653 1899 cohorrui
669 1872 689 1899 ³.
706 1871 880 1900 Abrahamus
900 1881 966 1900 vero
984 1881 1044 1907 quae
1058 1881 1074 1899 a
1088 1872 1204 1900 Domino
1220 1876 1284 1900 sunt
1301 1872 1374 1899 dicta
1406 1872 1546 1907 percepit:
1572 1870 1645 1899 Scito
1668 1877 1736 1904 prte-

95 1929 216 1952 noscens,
241 1919 310 1955 quod
335 1919 502 1953 peregrinum
519 1918 638 1952 futurum
662 1919 696 1944 sit
725 1926 811 1946 semen
838 1923 912 1944 tuum
941 1919 969 1946 in
997 1924 1069 1946 terra
1096 1919 1185 1946 aliena
1213 1919 1292 1945 annis
1316 1918 1515 1953 quadringentis
1543 1917 1564 1944 ⁸.
1587 1915 1646 1943 lam
1666 1915 1734 1942 illud

95 1967 315 1994 animadvertere
348 1969 376 1993 te
401 1970 477 2000 puto.
494 1973 555 2000 quae
578 1972 594 1991 a
611 1964 753 2000 prophetis
767 1965 986 2000 pronuntiantur
1012 1966 1117 1997 omnia,
1147 1969 1172 1992 ct
1205 1972 1268 1992 eum
1299 1964 1395 1992 eadem
1419 1963 1502 1990 animi
1529 1962 1675 1998 pnescntia
1707 1966 1735 1988 et

96 2022 159 2041 cum
179 2016 253 2041 certa
267 2019 299 2039 ac
314 2012 440 2047 prudenti
459 2012 565 2040 ratione
580 2011 709 2048 proferri.

133 2060 174 2086 H’.
188 2060 220 2086 Et
242 2059 273 2089 δὲ,
290 2059 337 2085 καὶ
358 2058 440 2085 πάλιν
456 2058 600 2094 Θελήσουσι
620 2058 719 2093 λέγειν’
741 2059 797 2094 Οὐχ
813 2059 895 2094 ὃμοια

977 2053 1046 2081 Vill.
1068 2054 1146 2087 Quod
1160 2054 1183 2081 si
1199 2053 1264 2080 illud
1280 2052 1424 2087 objiciant,
1438 2053 1638 2088 posterioribus
1650 2054 1732 2082 donis

96 2107 133 2134 τὰ
153 2105 251 2142 πρῶτα
274 2104 433 2141 χαρίσματα
454 2106 510 2136 τοῖς
534 2104 679 2140 ἐσχάτοις·
711 2105 793 2132 πόθεν
816 2104 889 2131 τοῦτι

943 2101 1036 2136 priora
1052 2108 1106 2128 non
1125 2100 1211 2128 fuisse
1228 2100 1345 2133 similia;
1363 2099 1528 2134 quibusnam
1546 2100 1572 2126 id
1591 2107 1736 2135 argumen-

97 2152 190 2188 έχουσι
204 2151 305 2185 δεῖξαις
332 2151 449 2186 Ὁμοίως
469 2149 524 2186 γὰρ
546 2150 673 2186 ἀλλήλοις
693 2151 717 2177 οἱ
734 2150 806 2185 ἅγιοι
827 2159 894 2186 προ-

943 2148 979 2175 tis
992 2146 1130 2175 ellicient?
1143 2146 1224 2174 Certe
1243 2146 1316 2174 enim
1339 2145 1480 2181 propheta:
1499 2153 1605 2178 omnes,
1622 2150 1650 2173 et
1672 2154 1736 2182 apo-

98 2185 192 2234 ιρῆται,
210 2197 258 2224 καὶ
274 2197 298 2223 ol
315 2185 388 2230 ἅγιοι
409 2185 551 2222 ἀπόστολοι
571 2197 788 2232 προεφήτευσαν.
813 2185 889 2232 Πρῶ-

945 2194 1009 2222 stoli
1023 2201 1078 2221 non
1099 2185 1229 2221 dissimili
1247 2200 1263 2219 a
1277 2200 1307 2220 se
1327 2192 1444 2219 invicem
1465 2192 1574 2220 ratione
1592 2192 1735 2221 vaticinati

97 2253 144 2272 τον
163 2243 213 2280 μὲν
229 2241 276 2270 οὖν
294 2241 477 2278 ἁνερχομένου
491 2241 537 2268 τοῦ
556 2241 682 2277 Σωτῆρος
698 2243 737 2273 είς
752 2241 798 2268 τὸν
814 2242 895 2277 οὐρα-

99 2291 154 2323 νὸν,
169 2291 217 2318 καὶ
233 2289 333 2321 ἰδόντες
351 2289 414 2320 τοὺς
433 2288 480 2315 δύο
496 2289 559 2319 τοὺς
577 2289 606 2316 ὲν
627 2289 755 2324 ἐσθήσεσι
774 2289 894 2322 λευκαῖς,

99 2337 149 2364 οὐκ
171 2337 200 2362 ἐν
223 2334 400 2372 παρατιληξίᾳ
420 2334 536 2370 ὸρῶσιν”
555 2334 622 2362 ἀλλὰ
639 2335 737 2370 ἤκουον
750 2335 894 2371 ἐρρωμένη

98 2385 131 2420 τῇ
147 2383 262 2419 διανοίᾳ,
273 2383 314 2409 ὅτι
335 2381 455 2417 Ἄνδρες
470 2382 637 2414 Γαλιλαῖοι,
652 2382 680 2409 τί
692 2381 840 2415 ἑστήκατε
850 2383 893 2415 εἰς

98 2431 154 2458 τὸν
171 2428 302 2463 οὐρανὸν
322 2428 526 2462 ἀτενίζοντες;
548 2426 644 2460 οὗτος
665 2429 681 2455 ὸ
703 2427 818 2461 Ἰησοῦς
842 2428 893 2462 ἀφ’

99 2476 183 2512 ὑμῶν
196 2478 240 2509 εὶς
261 2476 314 2503 τὸν
334 2475 465 2510 οὐρανὸν
481 2474 676 2509 ἀναληφθεὶς,
696 2475 791 2507 οὕτως
807 2474 894 2501 ἐλεύ-

99 2531 195 2555 σεται,
210 2523 257 2550 καὶ
271 2523 305 2549 τὰ
324 2522 397 2557 ἑξῆς.
414 2520 482 2549 Εἶτα
493 2522 522 2548 δὲ
538 2522 585 2548 καὶ
600 2522 614 2548 ό
632 2521 744 2556 Πέτρος,
758 2521 796 2552 ὡς
814 2520 893 2556 ἔφην,

99 2569 171 2605 ὁρῶν
186 2569 234 2595 καὶ
250 2568 375 2598 ἁκούων,
399 2567 445 2594 καὶ
468 2567 694 2602 ἀποκρινόμενος,
716 2566 763 2593 καὶ
785 2565 890 2599 λέγων,

98 2614 258 2649 Μηδαμῶς,
273 2614 372 2647 Κύριε,
391 2612 531 2640 εὐσταθῶν
547 2610 581 2648 ἦν
596 2613 629 2648 τῇ
645 2611 757 2647 διανοίᾳ.
775 2611 894 2645 Ἀγιδος

98 2663 153 2698 γὰρ
173 2661 352 2698 προφητεύων
366 2660 453 2694 ἔλεγε,
476 2660 522 2687 καὶ
543 2658 614 2686 κατὰ
638 2660 776 2694 σχήματος
791 2658 895 2693 θαυμα-

136 2741 146 2758 ¹
163 2740 224 2769 Act.
239 2749 267 2773 ι,
285 2740 312 2772 5,
327 2738 355 2766 6.
389 2740 400 2754 ²
418 2737 484 2766 ibid.
500 2737 525 2770 7,
541 2738 568 2766 8.
607 2738 618 2754 ³
632 2737 714 2766 Hebr.
731 2745 779 2771 xu.
791 2737 837 2764 21.

136 2829 175 2864 (Ξ)
189 2829 239 2861 Ὠς
249 2829 265 2855 ὁ
277 2822 409 2862 Μωῡσὶῖς
418 2836 523 2863 φησιν.
537 2827 615 2861 Quod
628 2833 757 2863 tanquam
770 2836 786 2855 a
800 2827 894 2863 Moyse

100 2863 204 2892 dictum
211 2863 313 2891 Paulus
322 2864 355 2890 ad
365 2863 446 2891 Hebr.
454 2871 514 2898 cap.
525 2871 564 2890 xu
577 2868 773 2898 commemorat
783 2872 790 2895 ;
806 2872 895 2898 neque

99 2903 192 2928 tamen
219 2899 248 2927 in
276 2898 373 2928 Vetere
400 2897 584 2929 Iustrutuento
619 2899 727 2936 legitur.
762 2897 895 2935 Pleraque

875 2737 887 2753 ⁸
901 2737 969 2765 Gen.
990 2745 1037 2769 xv,
1055 2736 1100 2764 l3.
1138 2736 1149 2752 '
1164 2736 1224 2764 Act.
1240 2743 1260 2769 1,
1275 2735 1319 2763 II.

946 2243 1020 2267 sunt.
1036 2239 1064 2266 In
1078 2239 1176 2274 primis
1190 2246 1253 2266 eum
1271 2238 1441 2266 ascendente
1453 2238 1480 2266 in
1498 2238 1599 2266 coelum
1618 2237 1736 2266 Domino

944 2287 1015 2314 duos
1030 2286 1092 2313 illos
1111 2286 1139 2313 in
1159 2285 1282 2313 vestibus
1298 2285 1368 2313 albis
1384 2285 1551 2320 aspicerent,
1571 2291 1627 2311 non
1643 2291 1736 2312 amen-

944 2337 986 2361 tes
1001 2332 1156 2367 furiosique
1169 2331 1314 2364 viderunt;
1334 2330 1383 2358 sed
1398 2331 1506 2366 integro
1526 2330 1610 2357 animi
1628 2330 1736 2365 judicio

943 2380 1042 2415 suique
1056 2382 1199 2413 compotes
1213 2377 1360 2405 audierunt
1375 2387 1382 2404 :
1399 2377 1457 2404 Viri
1467 2375 1585 2409 Galila'i,
1594 2377 1658 2412 quid
1673 2381 1733 2404 sta-

944 2427 978 2453 tis
994 2425 1149 2460 aspicientes
1167 2425 1195 2452 in
1208 2424 1324 2451 coelum?
1344 2423 1396 2450 llic
1416 2427 1507 2455 Jesus,
1525 2423 1570 2458 qui
1582 2429 1735 2458 assumptus

942 2476 981 2500 est
994 2481 1010 2499 α
1021 2471 1092 2499 vobis
1102 2472 1130 2498 in
1143 2471 1245 2503 cwlum,
1263 2471 1301 2498 sic
1312 2471 1394 2497 veniet
1409 2471 1431 2502 ⁸,
1442 2473 1495 2498 etc.
1510 2469 1581 2503 Quin
1596 2473 1624 2497 et
1639 2469 1736 2497 Petrus

944 2519 1052 2551 videns,
1071 2519 1112 2546 uti
1126 2519 1229 2546 dictum
1244 2521 1296 2549 est,
1309 2523 1337 2545 et
1355 2517 1472 2544 audiens
1491 2521 1573 2552 atque
1586 2517 1630 2545 bis
1645 2517 1737 2545 verbis

947 2564 1118 2600 respondens
1129 2573 1134 2591 :
1146 2564 1232 2596 Absit,
1240 2563 1352 2590 Domine
1361 2564 1371 2579 ⁸
1381 2564 1387 2590 !
1399 2563 1523 2590 eamdem
1536 2564 1671 2591 retinebat
1680 2563 1737 2590 ani-

947 2611 985 2638 mi
998 2610 1316 2646 constantiam.Agabus
1327 2609 1456 2637 similiter
1469 2609 1562 2636 amatu
1576 2609 1736 2644 prOphelico

949 2657 1120 2690 instructus,
1146 2655 1303 2684 admirabili
1324 2655 1444 2691 quodam
1473 2654 1572 2682 habitu
1601 2658 1736 2691 gestuque

1359 2736 1370 2751 '
1381 2734 1442 2763 Act.
1455 2743 1482 2768 Χ,
1500 2735 1542 2762 Η.

941 2828 1034 2859 enim,
1057 2831 1086 2854 ut
1105 2828 1233 2862 observat
1257 2826 1456 2862 Hieronymus.
1475 2827 1512 2862 Vin
1538 2826 1588 2853 hac
1614 2824 1736 2862 Epistula

942 2863 1022 2898 quasi
1046 2863 1080 2890 de
1097 2862 1194 2890 Vetere
1212 2861 1389 2890 Testamento
1417 2861 1606 2898 proferuntur,
1625 2868 1686 2896 qua
1706 2861 1734 2887 in

944 2897 991 2926 illo
1006 2898 1118 2926 minime
1132 2897 1316 2933 reperiuntur.
