1964 3047
221 145 273 174 867

934 142 963 169 S.
984 140 1160 169 EPIPHANII

1815 143 1874 173 868

221 203 293 238 quod
307 202 430 230 futurum
447 205 507 229 erat
521 200 687 228 adumbrare
704 201 812 231 volens,
829 199 906 227 Pauli
918 208 1014 227 zonam

1078 200 1130 226 ιτοΰ
1153 201 1355 236 αἰνιττόμενος.
1382 201 1474 228 λαϐὼν
1497 202 1545 238 τὴν
1571 202 1660 237 ζώνην
1688 201 1735 229 τοῦ
1758 202 1873 229 Παύλου

221 250 338 284 arripuit
358 256 445 284 eaque
459 247 546 284 pedes
562 255 629 275 suos
646 247 763 282 alligans
777 247 813 274 ita
833 247 941 274 locutus
952 251 1014 274 est:

225 295 320 320 Virum
335 293 413 328 cujus
425 298 462 320 est
479 301 535 320 ποία
553 301 632 324 zona,
651 292 770 328 ligabunt
787 293 876 325 illum,
890 297 915 320 et
929 292 1016 319 abdu-

221 345 279 367 cant
291 340 318 366 in
332 339 502 367 Hierusalem
513 340 536 366 ί.
553 338 596 366 Ad
613 339 671 366 haec
682 338 858 366 Antiochiam
879 339 1017 374 propheta:

221 387 335 422 quidam
351 386 461 414 venisse
490 389 660 418 narrantur,
686 385 843 420 famemque
874 386 1018 412 nuntiasse

224 439 282 461 toto
294 439 433 462 terrarum
445 433 512 461 orbe
527 432 660 460 futuram.
674 431 730 460 Nec
739 440 809 459 vana
824 432 1017 467 praedictorum

225 480 292 507 ﬁdes
316 479 376 506 fuit.
397 479 486 513 Atque
512 483 541 505 ut
562 478 643 505 ‘veros
667 478 730 505 illos
756 478 905 513 prophetas
934 477 1019 505 fuisse

225 528 406 556 monstraret,
425 523 570 558 Scriptura
588 523 679 550 statim
696 523 842 558 adiunxit:
865 523 931 556 Quae
946 523 1020 558 facta

225 576 264 598 est
278 570 325 598 sub
347 569 461 597 Claudia
482 570 590 597 Caesare
601 571 622 598 '.
647 569 682 596 At
704 570 806 598 Paulus
826 570 1020 597 sanctissimus

226 618 370 652 apostolus
391 617 524 643 instinctu
542 616 706 651 prophetico
725 616 818 643 dixit:
839 615 957 650 Spiritus
972 624 1020 642 au-

227 668 280 690 tem
298 663 439 697 manifeste
456 662 542 689 dicit:
560 661 593 688 In
607 662 755 688 novissimis
771 660 862 688 diebus
882 661 1021 688 instabunt

228 715 347 743 tempora
357 708 476 743 difﬁcilia
489 709 513 741 ³,
525 713 577 735 etc.
592 709 657 734 Item
670 708 723 734 alio
739 708 766 734 in
782 708 862 734 loco:
881 707 1021 734 Discedent

227 756 337 792 quidam
354 764 370 782 a
397 763 465 782 sana
491 754 562 789 ﬁde,
580 753 743 780 attendentes
761 753 900 788 spiritibus
922 754 1022 780 erroris

227 807 253 828 et
264 801 392 828 doctrinis
406 801 610 831 dtemoniorum,
622 799 704 835 410
712 799 906 833 prohibentium
916 799 1020 830 nubere,

228 848 360 874 abstinere
375 855 390 874 ο
404 847 480 878 cibis,
494 855 559 882 quos
577 846 645 872 Deus
664 846 761 872 crearit
778 846 812 872 ad
827 845 1023 880 percipiendum

1067 247 1115 274 καὶ
1133 247 1218 282 δήσας
1235 249 1291 279 τοῖς
1315 248 1391 280 ἰδίοις
1411 249 1486 281 ποσὶ,
1501 249 1584 284 φησιν
1604 249 1707 280 οὕτως·
1739 249 1797 276 Τὸν
1815 249 1874 276 ἇν-

1067 293 1124 327 δρα
1140 291 1177 320 οὗ
1199 293 1285 320 ἐστιν
1299 293 1318 328 ἡ
1338 293 1412 328 ζώνη
1429 294 1515 328 αὕτη,
1531 293 1684 329 δήσουσιν
1696 295 1802 326 αὑτὸν,
1819 294 1873 321 καὶ

1068 339 1256 366 ἀποίσουσιν
1269 341 1313 372 εις
1332 340 1536 375 Ἰερουσαλήμ.
1559 340 1639 367 Ἀλλὰ
1663 341 1710 368 καὶ
1735 341 1818 368 πάλιν
1842 342 1874 366 ὲν

1075 384 1226 420 Ἀντιοχείᾳ
1245 385 1379 420 κατῆλθον
1400 386 1549 422 προφῆται,
1568 387 1615 414 καὶ
1632 386 1818 422 κατήγγελλον
1832 386 1875 413 λι-

1071 430 1120 465 μὸν
1139 429 1247 457 ἔσεσθαι
1261 431 1322 457 καθ’
1336 431 1401 467 ὅλης
1424 431 1476 466 τῆς
1499 431 1670 467 οἰκουμένης.
1694 432 1749 459 Καὶ
1782 433 1815 458 οὐ
1831 432 1874 458 δι-

1071 477 1169 502 έπεσεν
1184 477 1198 502 ὁ
1212 477 1315 504 τούτων
1330 477 1418 511 λόγος.
1440 477 1509 504 Ἀλλ’
1518 478 1562 504 ἴνα
1578 477 1652 514 δείξῃ
1665 477 1762 509 αὐτοὺς
1775 477 1872 513 ἀληθι-

1070 523 1133 555 νοὺς
1154 524 1309 559 προφήτας,
1331 525 1348 559 ἡ
1362 524 1459 560 Γραφὴ
1482 524 1563 555 εὐθὺς
1584 523 1710 558 ἐπιφέρει
1733 524 1869 558 λέγουσα·

1073 570 1156 602 ’Ἡτις
1169 569 1288 604 ἐγένετο
1317 569 1366 596 ἐπὶ
1381 569 1531 596 Κλαυδίου
1545 569 1704 604 Καίσαρος.
1717 569 1826 602 Παῦλος
1839 570 1871 596 δὲ

1070 617 1085 643 ὁ
1104 615 1254 650 ἀγιώτατος
1277 615 1426 648 ἀπόστολος
1451 615 1630 651 προφητεύων
1655 616 1748 650 ἐλεγε-
1775 616 1811 643 Τὸ
1834 615 1871 642 δὲ

1073 662 1193 697 Πνεῦμα
1210 662 1307 696 ῥητῶς
1323 662 1413 697 λέγει·
1437 663 1488 689 Ἐν
1503 662 1647 696 ἐσχάταις
1671 662 1795 696 ἡμέραις
1817 662 1870 688 ἑν-

1072 708 1239 743 στήσονται
1257 709 1354 742 καιροὶ
1370 708 1507 743 χαλεποὶ,
1525 708 1572 734 καὶ
1596 707 1630 734 τὰ
1649 708 1721 743 ἑξῆς.
1738 708 1794 734 Καὶ
1815 709 1871 735 πά-

1073 754 1114 780 λιν
1139 753 1245 786 ἄλλοτε,
1270 753 1309 780 ὅτι
1335 753 1570 787 Ἀποστήσονταί
1594 763 1674 786 τινες
1698 753 1752 788 τῆς
1775 755 1871 788 ὑγιαι-

1072 799 1189 833 νούσης
1207 799 1415 832 διδασκαλίας,
1439 800 1641 834 προσέχοντες
1665 800 1793 833 πλάνοις
1820 800 1872 827 καὶ

1073 845 1284 878 διδασκαλίαις
1299 845 1458 881 δαιμόνων,
1481 847 1660 873 κωλυόντων
1676 847 1790 881 γαμεῖν,
1813 847 1864 874 ἁπ-

229 894 304 920 nobis
325 894 369 928 qui
384 901 442 920 cum
465 894 613 928 gratiarum
630 893 733 918 actione
748 893 848 918 illinitur
860 892 887 918 δι
905 892 931 918 id
947 891 1020 926 quod

1078 892 1195 927 ἔχεσθαι
1217 892 1392 927 βρωμάτων,
1406 891 1425 918 ἁ
1451 894 1468 919 ὁ
1493 892 1564 925 Θεὸς
1578 893 1699 919 ἔκτισεν
1719 894 1763 926 εἰς
1780 892 1866 928 μετῶ

230 940 258 966 in
272 940 352 967 vobis
369 947 400 966 ac
414 939 498 966 vestri
514 939 653 965 similibus
667 946 729 966 esse
744 938 894 972 perfectum
906 946 949 965 res
963 938 1022 972 ipsa

229 983 360 1011 declarat.
374 983 479 1010 Etenim
491 983 626 1018 pleneque
640 984 748 1009 illarum
764 983 905 1010 Increseon
919 983 1023 1018 nuptiis

230 1035 314 1065 atque
335 1038 387 1057 usu
412 1030 594 1064 quorumdam
615 1031 740 1057 ciborum
770 1030 950 1062 interdicunt,
967 1038 1023 1058 non

231 1081 262 1104 ut
291 1077 440 1104 sanctioris
458 1076 521 1104 vita:
540 1084 627 1111 genus
654 1077 810 1109 instituant,
828 1080 875 1103 aut
898 1078 931 1103 ad
959 1085 1024 1112 prte-

231 1122 393 1149 stantiorem
411 1122 551 1154 virtutem,
569 1129 601 1148 ac
618 1122 740 1149 ccelestia
764 1123 887 1156 praemia,
907 1127 933 1150 et
948 1130 1025 1150 coro-

231 1175 282 1194 nas
295 1170 472 1201 comparent;
488 1165 536 1193 sed
547 1166 621 1201 quod
632 1166 792 1194 detestanda
803 1174 864 1202 qua:
878 1174 893 1194 a
910 1167 1024 1195 Domino

231 1213 342 1239 condita
362 1217 429 1238 sunt
444 1212 614 1239 existiment.

268 1300 314 1328 IX.
337 1301 372 1328 At
386 1301 508 1329 Ecclesia
523 1302 659 1329 catholica
685 1306 723 1332 et.
732 1303 916 1338 virginitatem
930 1304 1023 1339 prtedi-

232 1351 289 1379 cat,
305 1351 331 1374 et
345 1347 471 1374 ccelibem
487 1348 581 1380 vitam,
596 1355 628 1375 ac
643 1349 836 1376 castimoniam
852 1350 1025 1378 viduitatem-

232 1399 287 1427 que
300 1392 454 1425 collaudat;
471 1396 498 1419 et
518 1393 650 1420 honestas
664 1394 775 1428 nuptias
793 1394 870 1426 colit,
885 1398 913 1422 et
929 1402 1026 1430 appro-

232 1438 297 1471 bat;
315 1445 410 1473 stupra
431 1445 506 1470 vero,
524 1439 658 1466 adulteria
685 1447 717 1466 ac
741 1440 870 1468 libidines
887 1442 1024 1476 prohibet.

233 1484 273 1511 Ex
298 1493 354 1519 quo
380 1492 474 1512 veram
498 1493 531 1512 ac
553 1493 713 1521 germanam
728 1485 857 1514 Ecclesite
882 1489 1026 1516 catholica:

234 1536 339 1564 notam,
355 1535 383 1559 et
399 1531 570 1560 adulterinos
591 1532 707 1559 aliorum
734 1533 804 1561 ritus
828 1534 891 1562 licet
905 1535 1024 1568 intueri;

1074 940 1171 972 ληψιν
1193 938 1282 972 ἡμῖν,
1308 938 1370 971 τοῖς
1391 939 1457 973 μετ’
1480 939 1694 973 εὐχαριστίας·
1713 940 1752 971 ὡς
1775 940 1871 975 σαφῶς

1074 985 1117 1019 ἐφ’
1131 985 1196 1020 ὑμῖν
1209 985 1257 1011 καὶ
1270 985 1326 1016 τοῖς
1340 985 1444 1020 ὁμοίοις
1461 985 1524 1020 ὑμῖν
1541 985 1719 1021 πεπλήρωται
1733 985 1763 1018 ἐξ
1780 986 1872 1012 αὐτῶν

1074 1030 1130 1058 τῶν
1147 1031 1346 1066 προκειμένων.
1361 1031 1393 1057 Αἱ
1407 1031 1461 1066 γὰρ
1476 1031 1584 1064 πλείους
1598 1032 1652 1058 τῶν
1669 1032 1800 1067 αἱρέσεων
1810 1034 1870 1059 τοὺ-

1074 1086 1129 1104 των
1152 1077 1199 1104 τοῦ
1228 1079 1326 1113 γαμεῖν
1352 1077 1521 1110 κωλύουσιν,
1545 1078 1695 1113 ἀπέχεσθαι
1717 1078 1873 1114 βρωμάτων

1075 1123 1322 1159 παραγγέλλουσιν,
1342 1124 1390 1159 οὐχ
1412 1124 1505 1150 ἕνεκεν
1527 1124 1664 1156 πολιτείας
1678 1125 1872 1161 προτρεπόμεη

1075 1178 1125 1202 νοι,
1143 1169 1191 1205 οὺχ
1207 1169 1300 1196 ἕνεκεν
1318 1170 1420 1206 ἀρετῆς
1441 1170 1574 1206 μείζονος,
1596 1170 1644 1196 καὶ
1664 1170 1809 1206 βραϐείων,
1826 1172 1871 1197 καδ

1076 1214 1226 1248 στεφάνων,
1243 1214 1310 1241 ἀλλὰ
1329 1214 1459 1249 βδελυκτὰ
1479 1215 1513 1242 τὰ
1534 1215 1586 1242 ὑπὸ
1605 1215 1652 1242 τοῦ
1673 1216 1776 1252 Κυρίου
1791 1224 1859 1251 γεγε

1077 1268 1108 1295 νη
1113 1260 1180 1295 μένα
1194 1260 1260 1295 ήγοὺ
1265 1269 1351 1295 μενοι.

1118 1305 1149 1332 'H
1169 1305 1197 1332 δὲ
1220 1306 1286 1340 ἁγία
1307 1306 1454 1342 Ἐκκλησία
1467 1306 1505 1341 (5)
1520 1307 1567 1333 καὶ
1593 1306 1741 1342 παρθενίαν
1752 1307 1872 1340 δοξάζει,

1077 1352 1124 1379 καὶ
1143 1352 1287 1387 μονότητα,
1307 1352 1354 1378 κα)⁵
1375 1353 1488 1387 ἁγνείαν
1511 1353 1558 1379 καὶ
1579 1353 1731 1389 χηροσύνην
1753 1354 1873 1384 ἐπαινεῖ,

1077 1399 1124 1425 καὶ
1146 1398 1234 1433 γάμον
1260 1398 1358 1433 σεμνὸν
1384 1399 1451 1434 τιμᾷ
1477 1400 1523 1426 καὶ
1547 1400 1663 1434 δέχεται.
1689 1399 1821 1435 Ιῐορνείαν
1844 1400 1875 1426 δὲ

1077 1445 1126 1470 καὶ
1144 1444 1276 1480 μοιχείαν,
1293 1445 1340 1471 καὶ
1357 1445 1500 1478 ἀσέλγειαν
1515 1445 1693 1481 ἀπαγορεύει.
1709 1445 1789 1471 Ὅθεν
1809 1445 1875 1472 ἰδεῖν

1078 1491 1135 1517 ἔστι
1159 1491 1205 1517 τὸν
1225 1491 1387 1527 χαρακτῆρα
1408 1491 1456 1526 τῆς
1483 1491 1564 1525 ἁγίας
1589 1491 1735 1526 καθολικῆς
1757 1492 1875 1527 Ἐκκλη-

1079 1537 1156 1569 σίας,
1177 1537 1224 1564 καὶ
1245 1538 1308 1569 τοὺς
1332 1537 1608 1573 παραπεποιημένους
1631 1537 1685 1564 τῶν
1704 1537 1791 1564 ἄλλων
1809 1539 1876 1573 τρό-

233 1585 267 1606 ac
292 1578 522 1613 quemadmodum
542 1578 658 1606 sincera:
682 1579 824 1614 religionis
838 1580 963 1616 dogmata
990 1583 1024 1610 ab

1078 1593 1161 1616 πους·
1179 1584 1226 1610 καὶ
1243 1583 1278 1610 τὰ
1297 1583 1496 1619 δοκιμασθέντα
1517 1584 1726 1620 ἀποδιδράσκειν
1746 1584 1801 1612 ἀπὸ
1822 1586 1876 1612 πά-

234 1625 310 1652 omni
325 1632 430 1657 errore,
451 1632 484 1651 ac
504 1625 636 1653 ﬂexuosis
655 1625 830 1660 ambagibus,
849 1631 877 1654 et
900 1628 1026 1663 abruptas

235 1678 269 1698 ac
283 1671 433 1699 salebrosis
446 1671 591 1698 itineribus
606 1671 753 1699 declinent.
767 1672 824 1700 Hoc
833 1674 905 1701 enim
917 1678 944 1702 et
957 1679 1023 1702 ante

234 1717 330 1744 monui
349 1717 385 1744 ab
399 1717 531 1751 Apostolo
551 1724 614 1744 esse
629 1718 801 1752 praedictum,
813 1723 840 1746 et
857 1719 955 1747 iterum
973 1729 1028 1747 mo-

235 1763 319 1796 nebo,
335 1763 376 1790 uti
393 1771 444 1791 nos
460 1763 599 1790 cautiores
617 1763 735 1791 ediceret
746 1784 753 1796 ,
770 1771 802 1792 ac
819 1771 1026 1794 sacrosanctam

234 1809 388 1837 Ecelesiam
409 1809 528 1844 propriis
552 1808 717 1844 quibusdam
741 1811 815 1838 notis
834 1812 868 1837 ab
890 1811 1028 1840 hzeretico-

235 1864 297 1883 rum
317 1863 413 1884 errore
438 1855 618 1888 discerneret.
636 1857 673 1884 ita
695 1858 910 1892 pronuntiasse:
930 1858 996 1892 Qua:
1012 1868 1028 1886 a

235 1902 292 1930 Deo
306 1907 381 1930 recte
394 1903 544 1930 constituta
560 1907 625 1930 sunt
638 1903 794 1931 incredibili
808 1905 924 1932 audacia
939 1907 1028 1941 prohi-

235 1949 332 1977 bentes
345 1949 414 1976 istOS
429 1949 536 1983 privata
552 1949 676 1984 quaedam
692 1950 802 1977 decreta
815 1951 932 1979 sancire.
949 1952 1028 1985 Quod

236 1995 271 2022 ad
293 2003 341 2024 eos
363 1995 481 2031 pertinet
496 1995 542 2029 qui
563 1996 674 2030 nuptias
692 1996 853 2031 prohibent,
868 2001 896 2025 et
924 2006 938 2025 a
958 1999 1028 2027 cibis

237 2041 376 2069 abstinere
391 2041 563 2076 prmcipiunt.
587 2041 668 2076 Atqui
686 2041 757 2069 Deus
776 2042 833 2077 ipse
848 2042 938 2071 Verbu
951 2053 975 2071 m
1000 2045 1027 2073 in

239 2087 388 2123 Evangelio
403 2087 619 2115 moderationem
631 2088 656 2115 ei
673 2088 711 2115 rei
724 2088 870 2123 quamdam
882 2091 1026 2125 apposuit:

244 2135 300 2168 Vis,
318 2134 407 2169 inquit
419 2134 549 2168 perfectus
567 2142 624 2161 esse
639 2135 663 2160 ⁸9
685 2135 712 2162 in
728 2143 783 2170 quo
793 2144 823 2164 se
836 2137 868 2164 ad
880 2136 1028 2165 humanam

238 2181 424 2209 conditionem
440 2185 466 2208 et
479 2181 692 2208 imbecillitatem
706 2183 917 2210 accommodare
931 2184 1028 2212 voluit.

239 2227 276 2255 Iis
290 2227 363 2255 enim
381 2227 533 2255 delectatur
551 2227 675 2263 quidetn,
691 2229 737 2263 qui
759 2229 895 2264 ejusmodi
919 2230 1028 2265 pietatis

1079 1640 1130 1666 σης
1147 1631 1260 1666 πλάνης,
1283 1631 1331 1657 καὶ
1354 1631 1464 1663 σκολιᾶς
1482 1631 1553 1662 ὁδοῦ,
1569 1631 1616 1658 καὶ
1637 1631 1730 1666 τρίϐου
1746 1631 1848 1666 ἀνάντη
1865 1632 1876 1646 ⁸

1077 1677 1262 1712 διακειμένης.
1294 1677 1383 1712 Ἔφην
1411 1677 1465 1713 γὰρ
1489 1677 1561 1708 ἄνω,
1585 1676 1623 1708 ὡς
1646 1677 1699 1703 ἀπὸ
1720 1676 1768 1703 τοῦ
1794 1677 1876 1711 ἁγίου

1084 1723 1248 1750 Ἀποστόλου
1264 1723 1435 1759 προείρηται,
1458 1724 1504 1750 καὶ
1521 1723 1601 1750 πάλιν
1620 1723 1686 1758 ἐρῶ,
1703 1723 1744 1750 ὅτι
1757 1723 1872 1758 ἀσφαλι-

1079 1768 1192 1805 ζόμενος
1205 1770 1290 1805 ἡμᾶς,
1303 1769 1351 1795 καὶ
1365 1769 1411 1796 τὸν
1423 1769 1586 1805 χαρακτῆρα
1595 1769 1644 1804 τῆς
1659 1769 1742 1803 ἁγίας
1761 1769 1878 1805 Ἐκκλη-

1079 1815 1140 1847 σίας
1157 1815 1266 1851 διαιρῶν
1280 1815 1334 1842 ἀπὸ
1346 1817 1396 1851 τῆς
1408 1815 1463 1842 τῶν
1479 1815 1612 1852 αἱρέσεων
1631 1815 1746 1850 πλάνης,
1759 1815 1824 1851 ἔφη,
1839 1815 1877 1847 ὡς

1078 1862 1230 1898 Τολμηρῶς
1243 1861 1278 1888 τὰ
1295 1863 1327 1888 ὲκ
1342 1861 1388 1888 τοῦ
1405 1861 1474 1888 Θεοῦ
1495 1861 1584 1894 καλῶς
1601 1862 1756 1897 τεταγμένα
1768 1863 1877 1896 ἀπαγο-

1081 1908 1206 1944 ρεύοντες
1221 1907 1409 1943 νομοθετοῦσι,
1426 1908 1516 1944 φήσας
1532 1908 1596 1942 περί
1617 1916 1698 1934 τινων
1718 1907 1878 1934 κωλυόντων

1079 1955 1189 1989 γαμεῖν.
1207 1953 1254 1979 καὶ
1269 1952 1421 1988 ἀπέχεσθαι
1440 1952 1602 1988 βρωμάτων.
1627 1953 1683 1980 Καὶ
1701 1952 1755 1988 γὰρ
1769 1961 1877 1988 συμμε-

1079 2000 1143 2036 τρίᾳ
1155 1999 1208 2026 τινὶ
1224 1999 1239 2025 ὁ
1251 1999 1318 2031 Θεὸς
1329 2000 1424 2034 Λόγος,
1441 2000 1471 2026 ὲν
1488 1999 1525 2035 τῷ
1534 1999 1692 2034 Εὑαγγελίῳ
1711 1999 1811 2035 φήσας,
1825 1999 1877 2026 Θέ-

1079 2049 1145 2079 λεις
1165 2046 1280 2078 τέλειος
1303 2046 1466 2081 meum;
1494 2045 1693 2081 συγγνωμονῶν
1714 2047 1746 2080 τῇ
1763 2045 1818 2072 τῶν
1831 2046 1878 2072 ἀν-

1080 2091 1198 2128 θρώπων
1224 2092 1322 2119 πλάσει
1347 2092 1395 2119 καὶ
1417 2091 1554 2126 ἀσθενείᾳ,
1579 2091 1671 2127 χαίρει
1695 2091 1744 2117 ἐπὶ
1763 2092 1827 2123 τοῖς,
1844 2091 1877 2118 τὰ

1080 2137 1191 2172 δοκίμια
1215 2137 1265 2173 τῆς
1291 2136 1446 2168 θεοσεϐείας
1484 2137 1640 2172 δυναμένοις
1673 2136 1877 2167 ἐνδείκνυσθαι,

1081 2181 1231 2217 παρθενίαν
1253 2183 1348 2209 ἀσκεῖν
1369 2181 1553 2217 αἱρουμένοις,
1575 2181 1622 2208 καὶ
1638 2180 1761 2215 ἁγνείαν,
1773 2182 1822 2208 καὶ
1837 2182 1877 2215 ἐγ-

1083 2227 1225 2262 κράτειαν·
1241 2225 1290 2262 τὴν
1309 2226 1338 2252 δὲ
1352 2225 1522 2262 μονογαμίαν
1543 2226 1625 2261 τιμᾷ·
1645 2226 1670 2252 εἱ
1689 2225 1736 2252 καὶ
1761 2225 1878 2260 μάλιστα

239 2274 380 2310 specimen
399 2277 532 2309 praestare
549 2275 698 2308 potuerint,
717 2279 747 2302 ιιι
768 2275 964 2311 virginitatem.
981 2284 1025 2303 ca-

1080 2273 1115 2299 τὰ
1135 2273 1292 2308 χαρίσματα
1304 2273 1354 2308 τῆς
1374 2272 1543 2308 ἱερωσύνης,
1557 2271 1600 2299 διὰ
1620 2271 1675 2298 τῶν
1687 2271 1742 2298 ἀπὸ
1761 2279 1878 2306 μονογα-

238 2321 394 2350 stimoniam
419 2321 674 2356 continentiamque
702 2321 902 2356 proﬁteantur;
936 2322 1030 2357 singu-

238 2368 312 2395 lares
329 2374 410 2402 porro
424 2367 534 2402 nuptias
553 2367 744 2395 commendat:
763 2375 825 2395 cum
848 2369 1029 2396 sacerdotalia

238 2419 354 2440 munera
377 2416 405 2438 et
435 2414 596 2438 ornamenta
623 2418 686 2437 cum
712 2411 765 2444 iis,
793 2411 839 2446 qui
870 2416 933 2446 post
960 2419 1030 2438 unas

239 2457 353 2492 nuptias
365 2456 564 2483 continentiam
575 2455 757 2487 servaverint,
771 2460 819 2482 aut
832 2456 859 2482 iu
873 2455 1030 2490 virginitate

239 2503 421 2540 perstiteriut,
437 2501 665 2529 communicanda
686 2510 749 2529 esse
770 2503 843 2529 velut
863 2502 890 2528 in
911 2502 1030 2537 quodam

239 2549 391 2584 exemplari
408 2549 606 2576 monstraverit
620 2558 626 2575 :
647 2549 673 2575 id
689 2548 762 2583 quod
786 2548 914 2583 apostoli,
930 2548 1030 2576 deinde

238 2595 427 2624 ecclesiastica
445 2594 593 2622 sacerdotii
609 2595 704 2630 regula
723 2595 839 2622 honeste
853 2602 886 2621 ac
903 2595 1030 2630 religiose

284 2674 290 2688 ²
308 2673 369 2700 Act.
383 2680 440 2703 xu.
461 2672 503 2699 ll.
542 2673 552 2688 ¹
571 2671 637 2698 ibid.
652 2671 697 2698 28.
752 2671 762 2686 ³
779 2671 799 2698 ll
814 2670 884 2698 Tim.
901 2679 940 2702 nt,
958 2671 980 2698 Ι.

277 2742 316 2775 (Ei)
342 2740 372 2768 Ἠ
388 2740 421 2766 δὲ
436 2741 506 2775 ἁγία
526 2741 699 2774 Ἐκκλησία.
716 2739 813 2768 Totum
829 2741 881 2768 hoc
895 2745 977 2775 caput
994 2741 1033 2768 in-

241 2778 345 2811 signem
364 2776 444 2802 habet
460 2783 539 2803 usqu
554 2776 587 2802 ad
603 2776 768 2802 catholicum
785 2776 882 2811 dogma
898 2777 932 2803 ab
948 2776 1033 2804 hmre—

240 2810 360 2839 ticorum
381 2810 482 2837 invidia
498 2819 530 2837 ac
542 2811 680 2837 calumnia
703 2810 898 2838 vindicandum
914 2820 920 2837 :
937 2813 983 2846 qui
1003 2816 1033 2839 ut

242 2846 352 2874 modum
370 2846 486 2877 nullum,
500 2853 532 2872 ac
547 2846 760 2873 moderationem
776 2847 905 2878 retinent,
918 2855 981 2874 cum
995 2847 1030 2874 ab

242 2880 366 2908 Ecclesia
385 2880 571 2909 commendari
591 2880 701 2916 quidem
717 2882 837 2917 nuptias,
854 2882 901 2911 sed
919 2882 1032 2918 virgini-

1035 2670 1046 2686 ‘
1064 2671 1075 2697 l
1089 2670 1161 2698 Tim.
1175 2679 1212 2704 tv,
1228 2671 1282 2699 1-5.

1085 2319 1149 2354 μίας
1166 2318 1438 2354 ὲγκρατευσαμένων,
1450 2319 1497 2346 καὶ
1512 2318 1566 2344 τῶν
1584 2318 1613 2344 ἐν
1634 2317 1770 2352 παρθενίᾳ
1787 2317 1878 2343 διατε-

1083 2363 1202 2391 λούντων
1218 2364 1360 2399 κοσμήσας
1373 2363 1526 2399 προετύπου
1536 2371 1543 2378 ·
1561 2363 1598 2395 ὡς
1615 2363 1698 2390 καὶοί
1714 2362 1798 2389 αὐτοῦ
1810 2363 1878 2389 ἀπό-

1085 2409 1173 2435 στολοι
1185 2409 1231 2436 τὸν
1244 2409 1470 2444 ἐκκλησιαστικὸν
1490 2408 1590 2436 κανόνα
1603 2409 1653 2444 τῆς
1671 2408 1823 2444 ίερωσύνης
1836 2409 1880 2435 εὑ-

1083 2454 1191 2486 τάκτως
1208 2455 1255 2482 καὶ
1271 2455 1353 2486 ὁσίως
1369 2453 1534 2487 διετάξαντο.
1560 2455 1592 2481 Εἰ
1608 2454 1638 2480 δέ
1657 2463 1699 2486 τις
1713 2454 1784 2481 κατὰ
1799 2455 1879 2482 ἀσθέ-

1084 2509 1157 2528 νειαν
1177 2501 1342 2536 ὲπιὸεηθείη,
1363 2500 1431 2535 μετὰ
1448 2500 1498 2535 τὴν
1514 2499 1641 2535 τελευτὴν
1661 2499 1711 2534 τῆς
1739 2499 1809 2532 ιδίας
1830 2509 1879 2535 γα-

1085 2547 1172 2583 μετῆς
1193 2547 1362 2582 συναφθῆναι
1383 2547 1501 2583 δευτέρῳ
1519 2546 1611 2581 γάμῳ,
1635 2545 1686 2572 οὐκ
1712 2546 1880 2581 ἀπαγορεύει

1084 2594 1163 2622 τοῦτο
1188 2595 1202 2621 ὁ
1223 2593 1313 2621 κανὼν
1329 2593 1380 2629 τῆς
1395 2593 1534 2629 ἀληθείας,
1548 2592 1668 2619 τουτέστι
1693 2592 1739 2618 τὸν
1762 2591 1802 2627 μὴ
1817 2592 1880 2618 ὄντα

1347 2671 1357 2687 ³
1373 2670 1470 2698 Matth.
1483 2678 1528 2698 χιι
1539 2689 1546 2701 ,
1566 2670 1611 2697 9.].
1662 2670 1672 2685 ⁸
1688 2668 1719 2696 F.
1737 2668 1878 2699 ἐναντίως.

1086 2746 1171 2770 tatem
1186 2743 1440 2777 continentiamque
1452 2741 1573 2777 praeferri
1595 2741 1688 2768 vident
1699 2760 1706 2771 .
1724 2741 1878 2777 exclamant

1088 2778 1172 2809 illico,
1189 2783 1216 2806 et
1232 2779 1259 2806 in
1277 2776 1478 2806 conventiculis
1495 2777 1553 2805 suis
1567 2776 1639 2811 apud
1655 2776 1798 2810 imperitos
1815 2784 1877 2810 per-

1089 2813 1184 2841 ﬁdiose
1210 2822 1242 2840 ac
1267 2814 1364 2842 stolide
1392 2813 1588 2842 vociferantur.
1602 2812 1727 2838 damnari
1744 2819 1758 2837 a
1776 2812 1879 2840 Catho-

1086 2849 1145 2878 licis
1158 2849 1280 2885 nuptias,
1298 2856 1330 2877 ac
1346 2849 1470 2877 ciborqu
1487 2856 1537 2876 usu
1553 2847 1663 2884 penitus
1677 2846 1819 2875 interdici.
