1964 3047
119 153 171 181 869

464 153 650 181 ADVERSUS
671 153 841 181 IIIERESES
860 153 923 180 LIB.
944 151 976 180 Il.
995 153 1077 182 TOM.
1097 154 1118 182 Ι.
1139 154 1277 184 II/ERES.
1300 155 1410 184 XLVIII.

1707 159 1761 190 870

121 212 206 247 ἱερέα.
219 205 299 236 Οὗτοι
311 209 339 236 δὲ
354 209 487 236 κωλύουσι
501 209 570 236 κατὶ
588 211 595 225 ¹
612 209 756 245 εἰρημένον
765 229 772 241 ,
786 211 911 237 θιωλυόγ·⁴

971 209 1162 238 decreverunt.
1186 210 1264 244 Quod
1283 211 1305 239 si
1321 212 1384 247 quis
1403 216 1464 247 post
1480 214 1574 242 uxoris
1592 215 1696 244 obitum
1712 225 1759 246 se-

117 265 179 283 των
205 256 318 290 γαμεῖν.
338 255 514 282 Ἐκδὰλλουσι
538 256 593 292 γὰρ
618 256 663 282 τὸν
691 256 810 291 δευτέρῳ
833 256 915 291 γάμῳ

119 303 306 337 συναφθέντα,
333 302 382 329 καὶ
406 301 591 336 ἀναγκάζουσι
620 302 658 338 μὴ
688 301 807 338 δευτέρῳ
833 302 916 337 γάμῳ

119 348 314 376 συνάπτεσθαι.
338 348 434 383 Ἡμεῖς
454 348 482 374 δὲ
501 348 551 374 οὐκ
570 348 695 382 ἀνάγκην
716 347 893 382 ὲπιτιθέαμεν
906 367 913 379 ,

118 394 188 422 ἀλλὰ
218 394 404 430 παραινοῦμεν
427 393 497 429 μετὰ
524 393 690 429 συμϐουλίας
717 393 823 428 ἀγαθῆς
847 402 915 428 προ-

117 440 280 475 τρεπόμενοι
301 439 347 465 τὸν
370 439 536 474 δυνάμενον-
561 439 612 465 οὐκ
632 438 756 474 ἀνάγκην
780 438 809 464 δὲ
828 439 916 464 ἐπιτι-

119 485 220 520 θέαμεν
233 485 272 520 τῷ
288 484 325 520 μὴ
340 485 498 521 δυναμένῳ·
515 485 566 511 οὐκ
579 484 747 520 ἐκϐάλλομεν
764 484 845 511 αὐτὸν
861 484 915 511 ἀπὸ

119 532 169 566 τῆς
184 531 267 566 ζωῆς.
290 532 318 557 ’()
340 531 393 567 γὰρ
420 531 497 566 ἅγιος
521 531 599 566 λόγος
621 531 703 557 παντὶ
726 530 843 566 ἐκήρυξε
866 532 914 566 τὴν

118 577 261 604 ἀσθένειαν
282 576 336 603 τῶν
362 577 547 603 ἀσθενούντων
564 576 723 612 βαστάζειν
739 576 777 608 ὠς
800 576 846 602 καὶ
867 576 916 603 αὑ-

118 623 162 654 τὸς
189 624 204 649 ὁ
233 623 310 656 ἆγιος
332 623 490 654 ’Λπόστολος
522 622 700 658 εὑρεθήσεται
731 622 834 657 λέγων,
869 623 916 649 καὶ

117 669 237 704 ἐλέγχων
260 670 323 701 τοὺς
345 669 483 701 τοιούτους
500 669 537 704 μὴ
559 669 639 700 ὄντας
659 668 708 695 τοῦ
728 668 811 695 αὐτοῦ
834 669 914 704 χοιρία

119 721 232 749 σματος⁹
246 715 286 741 ὅτι
301 715 453 749 Νεωτέρας
465 715 560 750 χήρας
569 715 724 749 παραιτοῦ·
734 715 810 749 μετὰ
819 715 874 749 γὰρ
882 715 914 742 τὸ

117 760 375 794 κιιταστρηνιάσαι
401 761 454 787 τοῦ
473 761 612 795 Χριστοῦ,
635 761 739 796 γαμεῖν
759 761 913 793 θέλουσιν,

117 806 245 841 ἔχουσαι
258 807 357 842 κρῖμα,
368 806 413 834 ὅτι
429 807 486 842 τὴν
500 807 620 842 πρώτην
630 808 735 834 πίστιν
749 807 913 841 ἠθέτησαν.

118 853 151 880 Δί
179 853 232 890 γὰρ
261 854 493 890 ἐπαγγειλάμεναι
523 855 569 881 καὶ
604 854 792 890 ἀθετήσασαι,
823 854 913 889 ἔχουσι

966 258 1073 284 cundas
1100 258 1214 292 nuptias
1237 266 1287 293 pro
1317 266 1367 286 sua
1392 259 1578 287 imbecillitate
1604 262 1758 296 desiderat,

967 302 1079 330 minime
1095 303 1122 330 id
1141 303 1253 338 quidem
1275 305 1400 332 veritatis
1418 307 1511 341 regula
1530 307 1668 342 prohibet,
1683 308 1710 336 in
1728 317 1762 337 eo

966 347 1102 376 duntaxat
1125 349 1173 384 qui
1200 351 1331 378 sacerdos
1356 359 1411 378 non
1433 352 1527 380 fuerit.
1548 353 1582 380 At
1602 354 1647 382 isti
1671 356 1758 391 probi-

968 394 1046 427 bent,
1065 395 1189 430 adeoque
1213 395 1290 423 Pauli
1307 397 1353 423 illa
1372 399 1508 425 sententia
1526 401 1760 435 comprehendun~

967 443 1014 467 tur
1031 460 1039 473 ,
1058 440 1253 475 prohibentium
1273 441 1378 470 nubere.
1395 442 1462 470 Nam
1477 452 1550 479 eum,
1569 446 1616 481 qui
1631 447 1761 475 secundis

967 486 1073 520 nuptiis
1094 486 1216 522 illigatus
1244 486 1345 520 fuerit,
1369 489 1521 523 expellunt,
1551 498 1583 517 ac
1611 499 1646 519 ne
1670 492 1761 520 facere

968 531 1041 559 istud
1063 532 1165 560 audeat
1181 533 1236 560 vim
1263 541 1296 561 ac
1322 535 1514 563 necessitatem
1541 537 1682 566 adhibent.
1704 538 1760 567 Nos

967 581 1058 606 autem
1076 587 1165 614 neque
1180 579 1261 615 41],
1281 581 1445 609 necessitate
1461 582 1517 609 ulla
1531 584 1759 620 constringimns,

967 623 1015 650 sed
1033 623 1201 656 suademus;
1218 632 1268 652 nec
1284 624 1364 652 aliter
1378 633 1461 660 quam
1477 626 1600 655 honestis
1616 629 1761 663 prmeeptis

967 676 999 695 ac
1022 669 1148 697 consiliis
1165 677 1247 704 eum,
1262 671 1310 705 qui
1334 671 1445 706 quidem
1462 672 1568 707 possit,
1594 673 1628 701 ad
1653 673 1679 701 id
1695 681 1761 708 pra:-

967 714 1097 741 standum
1126 715 1308 750 impellimus;
1329 724 1391 744 eum
1407 724 1472 744 vero
1487 718 1534 752 qui
1550 718 1641 746 minus
1659 723 1760 754 potest,

967 761 1042 786 nulla
1055 761 1081 787 vi
1098 762 1234 796 cogimus,
1246 770 1297 789 nec
1315 769 1330 789 a
1345 763 1433 790 salute
1448 770 1563 797 prorsus
1576 765 1759 793 excludimus.

967 807 1036 833 Nam
1061 809 1218 835 tenuiorum
1245 808 1464 837 imbecillitatem
1488 809 1629 837 ferendam
1646 811 1762 839 cuilibet

967 853 1061 880 divino
1091 861 1219 881 sermone
1249 853 1420 889 praecipitur.
1439 854 1536 890 Adque
1565 855 1618 882 hoc
1647 861 1760 884 sanctus

117 900 215 934 κρτμα.
231 900 262 925 At
277 899 304 925 δὲ
323 899 360 936 μὴ
384 899 627 934 ἐπαγγειλάμεναι,
649 900 717 927 ἀλλὰ
735 900 911 934 συναφθεῖσαι

966 898 1115 933 Apostolus
1139 907 1194 926 non
1219 899 1323 928 dixisse
1353 900 1435 928 modo
1462 901 1631 936 reperietur;
1664 903 1711 930 sed
1734 908 1761 929 et

117 943 151 971 δι’
164 944 316 976 ἀσθένειαν,
335 947 422 982 κρῖμα
443 947 493 973 οὐκ
515 946 631 982 ἔχουσιν.
655 946 687 972 Εἰ
708 946 736 973 δὲ
758 946 806 973 καὶ
826 947 913 982 κρῖμα

117 990 230 1026 ἔμελλον
255 991 338 1026 ἔχειν,
367 992 426 1024 πῶς
452 992 544 1026 ἔλεγει
571 991 777 1027 Γαμείτωσαν,
800 991 912 1019 οἰκοδε-

116 1037 326 1064 σποτείτωσαν
336 1046 346 1070 ;

970 945 1039 973 istos
1054 950 1147 981 aperte
1159 945 1294 977 refellere.
1309 951 1336 974 et
1353 947 1388 974 ab
1401 954 1431 974 ea
1447 955 1530 982 quam
1544 947 1662 975 habebat
1674 949 1759 983 gratia

968 991 1075 1019 alienos
1105 991 1261 1019 ostendere.
1279 991 1526 1024 Adolescettliores,
1542 993 1646 1028 inquit,
1667 994 1760 1021 viduas

966 1038 1064 1064 devita.
1092 1036 1160 1064 Cum
1196 1038 1264 1064 enim
1292 1037 1437 1065 luxuriam:
1461 1038 1558 1072 fuerint
1580 1039 1608 1066 iu
1634 1039 1760 1072 Clu-isto,

117 1083 214 1111 nubere
233 1084 323 1112 volunt
339 1084 462 1112 habentes
479 1085 678 1119 damnationem
703 1086 766 1121 quia
791 1086 905 1120 primam
926 1084 1006 1120 ﬁdem
1020 1085 1126 1112 irritam
1144 1084 1260 1120 fecerunt
1287 1085 1307 1112 ‘.
1342 1085 1370 1113 Si
1397 1086 1507 1122 quidem
1524 1094 1585 1122 quae
1605 1087 1760 1114 castitatem

118 1130 248 1165 professae
273 1131 379 1158 irritam
407 1139 466 1158 eam
488 1131 687 1167 professionem
714 1131 841 1165 fecerint,
870 1132 1078 1159 damnationem
1112 1131 1213 1159 habere
1234 1131 1374 1160 dicuntur.
1394 1131 1460 1165 Quae
1475 1140 1539 1160 \ero
1556 1133 1669 1160 minime
1701 1142 1761 1169 pro-

119 1178 197 1204 fessa:
222 1177 334 1211 fuerint,
361 1177 409 1206 sed
429 1185 480 1213 pro
506 1178 666 1206 infirmitate
693 1186 743 1206 sua
763 1179 919 1214 nupserint.
949 1178 1137 1206 damnationis
1165 1182 1230 1206 sunt
1252 1187 1365 1214 prorsus
1393 1183 1531 1214 expertes.
1560 1179 1590 1206 Si
1609 1180 1683 1207 enim
1707 1181 1758 1208 ulli

116 1227 210 1250 essent
226 1223 363 1257 obnoxiae,
383 1231 434 1251 cur
451 1224 555 1252 diceret
569 1234 575 1252 :
596 1224 719 1256 Nubant,
734 1225 826 1252 domui
845 1225 993 1259 pra-sint“?

153 1270 181 1295 I'.
198 1269 280 1301 Πῶς²
296 1270 385 1296 τοίνυν
409 1270 588 1306 προφητεύων
611 1271 825 1306 παρακολουθῶν
841 1271 911 1306 εὑρί-

1007 1271 1040 1298 Χ.
1061 1271 1157 1300 Omnis
1178 1272 1259 1307 igitur
1276 1272 1420 1307 propheta,
1436 1276 1492 1299 tam
1515 1272 1542 1300 in
1558 1271 1657 1300 Vetere
1676 1281 1757 1308 quam

117 1324 213 1342 σκεται
231 1316 282 1343 κᾶν
304 1325 334 1343 τε
349 1317 378 1343 ἐν
394 1317 427 1352 τῇ
453 1316 558 1352 Παλαιᾷ
574 1317 707 1353 Διαθήκῃ,
723 1318 773 1344 κᾶν
787 1325 817 1343 τε
832 1318 860 1344 ὲν
882 1319 911 1353 τῇ

969 1317 998 1344 in
1014 1316 1090 1345 Novo
1102 1317 1290 1350 Testamento,
1304 1326 1365 1352 quae
1382 1317 1450 1344 dicit
1467 1318 1648 1353 intelligentia
1665 1326 1760 1347 conse-

117 1362 205 1397 Καινῇ
216 1371 223 1377 ·
241 1362 278 1393 ὡς
295 1362 342 1388 καὶ
354 1363 368 1388 ὁ
385 1361 461 1396 ἅγιος
481 1362 607 1397 Ἰωάννης
627 1363 656 1389 ἐν
674 1364 708 1398 τῇ
732 1363 911 1398 Ἀποκαλύψει

966 1364 1071 1400 quitur.
1103 1364 1179 1392 Unde
1202 1368 1230 1391 et
1259 1363 1380 1391 Joannes
1415 1364 1451 1391 ita
1478 1364 1505 1391 in
1528 1364 1691 1400 Apooalypsi
1722 1366 1760 1392 l0-

117 1409 193 1443 ἔλεγε
201 1417 208 1423 ·
225 1408 296 1435 Τάδε
308 1407 488 1443 ἀπεκάλυψε
498 1410 605 1442 Κύριος
615 1409 675 1442 τοῖς
687 1409 780 1437 αὐτοῦ
791 1409 911 1442 δούλοις

965 1409 1075 1444 quitur:
1088 1411 1152 1437 ch
1164 1409 1284 1436 revelavit
1298 1408 1428 1435 Dominus
1438 1409 1518 1436 servis
1530 1409 1585 1436 suis
1595 1417 1642 1444 per
1656 1418 1759 1437 servum

116 1455 166 1482 διὰ
182 1454 235 1481 τοῦ
254 1454 367 1481 δούλου
387 1455 480 1482 αὐτοῦ
503 1455 655 1482 Ἰωάννου·
668 1455 726 1487 καὶ,
746 1455 817 1482 Τάδε
831 1455 911 1490 λέγει

965 1465 1044 1483 suum
1059 1456 1191 1483 Joannem
1203 1455 1225 1489 ⁶;
1253 1459 1279 1482 et
1293 1464 1300 1482 :
1315 1457 1380 1482 Hazc
1395 1454 1458 1481 dicit
1473 1455 1614 1483 Dominus.
1631 1455 1696 1489 Quae
1711 1458 1757 1491 qui

119 1502 236 1536 Κύριος.
255 1501 284 1528 '0
293 1501 379 1528 ταῦτα
389 1501 477 1535 λέγων
487 1502 647 1537 ἐρρωμένην
658 1499 714 1537 εἶχε
725 1502 773 1536 τὴν
782 1501 911 1534 διάνοιαν,

967 1502 1047 1535 dixit,
1060 1501 1185 1537 proiecto
1200 1501 1278 1529 firmo
1292 1507 1351 1528 erat
1363 1500 1468 1535 judicio
1490 1501 1633 1536 praeditus,
1646 1509 1678 1529 ac
1691 1503 1758 1537 qttid

118 1548 166 1573 καὶ
183 1547 390 1582 παρηκολούθει.
416 1547 480 1574 Ἰδοὺ
488 1548 590 1579 τοίνυν,
609 1547 682 1575 Τάδε
693 1549 775 1582 λέγει
791 1549 911 1582 Κάριος·

969 1549 1127 1583 loqueretur
1152 1547 1245 1574 animo
1264 1551 1432 1582 perceperat.
1454 1546 1524 1574 IIine
1546 1547 1600 1574 il|:e
1619 1547 1757 1580 formulas,

117 1594 180 1626 καὶ,
192 1593 314 1627 ’Ὀρασις
323 1592 365 1627 ἢν
372 1591 462 1621 εἶδεν.
478 1594 507 1620 '0
517 1593 545 1620 δὲ
556 1593 694 1625 Μοντανὸς
706 1589 784 1624 οὗτος
793 1594 807 1621 ὁ
821 1593 911 1628 αὐχῶν

967 1596 1033 1622 Hec
1044 1594 1109 1622 dicit
1119 1593 1250 1621 Dominus
1261 1601 1271 1625 ;
1283 1599 1327 1620 et:
1348 1592 1420 1620 Visio
1433 1601 1511 1626 quam
1522 1593 1598 1620 vidit.
1612 1593 1758 1622 Montanus

117 1639 213 1666 ἑαυτὸν
229 1636 301 1666 εἶναι
317 1639 470 1674 προφήτην,
491 1638 537 1665 καὶ
558 1638 698 1674 πλανήσας
717 1638 780 1669 τοὺς
798 1638 844 1664 ὑπ’
865 1638 911 1665 αὺ-

964 1647 1041 1672 vero,
1067 1640 1115 1676 qui
1139 1647 1169 1667 se
1193 1638 1354 1674 prophetam
1377 1637 1498 1672 iactitat,
1513 1646 1545 1666 ac
1571 1639 1758 1667 sectatoribus

117 1685 164 1712 τοῦ
182 1684 568 1721 πεπλανημένου;,ἁσὺστατα
591 1684 662 1711 κατὰ
680 1685 730 1716 τὰς
749 1684 822 1716 Θείας
839 1685 910 1720 Γρα-

969 1685 1061 1713 illudit
1075 1685 1145 1718 suis,
1156 1692 1188 1713 ea
1202 1684 1278 1717 dicit,
1291 1691 1352 1719 qua:
1363 1684 1450 1712 sacris
1461 1683 1570 1713 Litteris
1583 1693 1757 1721 nequaquam

117 1731 171 1767 φὰς
193 1731 338 1767 διηγεῖται.
363 1731 444 1765 Λέγει
467 1730 522 1766 γὰρ
546 1731 575 1757 ἐν
598 1732 632 1767 τῇ
656 1731 753 1757 ἑαυτοῦ
777 1730 912 1767 λεγομένῃ

117 1778 286 1814 προφητείᾳ·
307 1778 337 1805 Tt
350 1777 450 1812 λέγεις
472 1777 526 1804 τὸν
549 1776 627 1812 ὑπὲρ
650 1777 809 1812 ἄνθρωπον
823 1776 913 1807 σωζό-

114 1833 229 1860 μενον;
252 1823 370 1859 Λάμψει
387 1824 443 1858 τὰρ
468 1825 485 1851 ό
505 1823 630 1856 δίκαιος,
646 1823 745 1859 φησὶν,
764 1822 840 1858 ὑπὲρ
859 1822 912 1849 τὸν

117 1870 206 1904 ἥλιον
225 1870 535 1897 ἑκατονταπλασίονα.
562 1870 594 1896 01
621 1868 655 1895 δὲ
669 1868 771 1903 μικροὶ
790 1869 826 1896 ἐν
840 1868 912 1902 ὑμῖν

117 1917 286 1951 σωζόμενοι,
311 1915 489 1951 λάμψουσιν
511 1915 813 1942 ἑκατονταπλασίονα
835 1915 912 1949 ὑπὲρ

117 1964 175 1998 τὴν
188 1964 335 1997 σελήνην.
357 1963 386 1989 '0
405 1962 433 1988 δὲ
450 1961 552 1998 Κύριος
568 1961 674 1997 ἐλέγχει
691 1961 737 1988 τὸν
753 1961 883 1991 τοιοῦτον.
897 1961 911 1987 ὁ

117 2010 187 2045 ἔχων
198 2010 253 2045 ίτὴν
274 2009 397 2041 ἐξουσίαν
411 2007 576 2044 χαρίσασθαι
590 2008 620 2034 τὸ
636 2007 754 2042 λάμπειν
775 2007 810 2034 τὰ
828 2008 912 2043 πρόσ-

117 2064 181 2082 ωπα
199 2055 253 2082 τῶν
272 2055 368 2089 ἁγίων,
391 2055 438 2081 καὶ
461 2054 610 2090 φαιδρύνας
636 2054 667 2080 τὺ
693 2053 840 2089 πρόσωπον
864 2053 911 2080 τοῦ

117 2101 267 2134 Μωῡσὲως,
289 2101 337 2127 καὶ
357 2100 515 2136 μεταϐαλὼν
535 2100 599 2132 τοὺς
620 2099 716 2135 ἁγίους
732 2100 760 2126 ἐν
782 2100 816 2134 τῇ
846 2099 910 2134 ἁγίᾳ

118 2147 200 2174 αὐτοῦ
221 2146 368 2174 ἀναστάςει
389 2146 443 2173 τῶν
467 2146 609 2181 σωμάτων,
630 2146 694 2177 τοὺς
716 2146 911 2182 σπειρομένους

118 2195 147 2221 ἐν
166 2194 199 2229 τῇ
216 2193 325 2228 ἀτιμία,
346 2191 394 2219 καὶ
417 2192 609 2228 ἐγειρομένους
631 2193 661 2219 ἐν
682 2191 761 2228 δόξῃ·
777 2192 827 2218 οὐκ
842 2191 910 2218 ἄλλα

119 2224 232 2276 σώματα
336 2238 371 2265 τὰ
394 2224 557 2271 ὄντα,’ἀλλὰ
577 2237 647 2264 αὐτὰ
674 2237 709 2264 τὰ
730 2224 794 2264 εντα
805 2237 911 2272 ἐγειρό-
928 2224 948 2251 D

118 2294 187 2322 μενα
209 2285 272 2312 ὃλα’
296 2284 470 2320 λαμϐάνοντα
489 2283 517 2310 δὲ
541 2283 620 2316 δόξαν
650 2283 715 2318 παρ’
733 2282 814 2309 αὐτοῦ
840 2282 910 2317 μετὰ

116 2333 273 2363 ἀνάστασιν,
288 2330 366 2367 παρὰ
378 2329 425 2357 τοῦ
445 2329 495 2365 τὴν
511 2329 590 2361 δόξαν
605 2328 728 2362 ἀφθόνως
744 2328 910 2364 παρέχοντος

115 2383 171 2412 τοῖς
184 2380 266 2408 αὖτοῦ
283 2380 386 2414 ἁγίοις·
403 2378 496 2414 ἐπειδὴ
514 2378 570 2413 ἔχει
593 2377 642 2413 τὴν
662 2377 786 2409 ἐξουσίαν
806 2376 908 2408 δοῦναι,

115 2427 163 2454 καὶ
178 2425 352 2462 χαρίσασθαι,
367 2425 405 2457 ὡς
426 2425 491 2457 θεὸς
512 2425 558 2451 καὶ
578 2424 688 2457 Κύριος.
709 2423 798 2459 Ἔχων
817 2423 845 2449 δὲ
860 2423 906 2449 τοῦ

116 2471 290 2508 χαρίσασθαι,
305 2471 360 2505 ιοὺκ
371 2470 381 2486 ³
392 2469 573 2505 ἐπηγγείλατο
586 2469 655 2495 κατὰ
671 2467 808 2495 Μοντανόν
817 2475 824 2482 ·
840 2467 909 2494 ἀλλὰ

116 2519 198 2554 φησί·
221 2518 339 2552 Λιὶμψει
362 2516 445 2551 ὑμῶν
474 2515 510 2542 τὰ
533 2515 679 2549 πρόσωπα
704 2514 744 2546 ὡς
770 2515 785 2540 ό
811 2513 906 2547 ἣλιος.

115 2564 148 2590 Et
163 2563 253 2590 τοίνυν
270 2562 284 2588 ὁ
298 2562 367 2597 ἔχων
378 2561 427 2596 τὴν
445 2560 581 2593 ἐξουσίαν,
595 2559 642 2585 καὶ
656 2559 762 2594 ἀληθῶς
776 2559 908 2595 ὑπάρχων

115 2609 257 2644 δεσπότης,
277 2609 325 2634 καὶ
346 2607 447 2642 Κύριος
470 2606 547 2641 ὴμῶν
570 2605 672 2641 Ἰησοῦς
695 2605 822 2641 Χριστὸς,
837 2605 874 2637 ὡς
893 2606 908 2631 ὁ

114 2655 189 2690 ἥλιος
201 2655 275 2689 λέγει
291 2654 324 2680 τὰ
341 2653 474 2688 πρόσωπα
488 2652 543 2679 τῶν
562 2652 674 2678 δικαίων
696 2651 830 2686 λάμψεινο
849 2651 907 2684 πῶς

113 2701 252 2733 Μοντανδς
277 2699 472 2734 ἐπαγγέλλεται
494 2697 684 2734 περιττότερον
706 2696 906 2723 ἑκατονταπλα-

116 2748 209 2779 σίονα;
227 2747 252 2773 εἰ
276 2747 313 2782 μὴ
339 2746 393 2781 ἄρα
412 2745 505 2780 ὅμοιος
522 2742 546 2770 εἶ
567 2743 663 2778 ἐκείνῳ
683 2743 722 2779 τῷ
741 2743 907 2778 ἐπαγγειλα-

115 2795 189 2830 μένῳ
208 2795 264 2824 τοῖς
289 2793 352 2829 περὶ
375 2792 420 2819 τὸν
438 2791 540 2828 Ἀδὰμ,
563 2791 604 2817 ὅτι
621 2790 746 2818 Ἕσεσθε
769 2791 809 2822 ὡς
832 2791 904 2824 θεοὶ,

150 2849 159 2864 ¹
172 2848 252 2876 Deest
267 2850 308 2876 τό.
344 2850 354 2865 ¹
370 2847 400 2876 F.
415 2851 480 2882 πᾶς.
533 2848 543 2864 ⁸
559 2845 590 2875 F.
604 2846 738 2879 ἐξουσίαν.

113 2891 173 2917 xm,
187 2884 231 2913 45.

798 2848 914 2877 ιιτίω.
941 2858 967 2884 v,
994 2849 1038 2879 II.
1066 2849 1109 2877 ιε.

963 1736 1151 1760 consentanea
1170 1732 1305 1760 videntur.
1324 1731 1369 1760 Sic
1383 1731 1455 1759 enim
1476 1732 1504 1758 in
1520 1738 1553 1758 ea
1568 1739 1651 1766 quam
1666 1733 1755 1767 appel-

963 1779 1031 1812 lant,
1050 1779 1110 1813 ejus
1126 1778 1270 1814 prophetia
1290 1778 1424 1813 scriptum
1440 1782 1498 1805 est:
1516 1777 1587 1810 Quid
1601 1786 1661 1804 eum
1675 1777 1753 1809 dicit,

962 1826 1008 1861 qui
1034 1833 1116 1860 supra
1141 1824 1274 1852 hominem
1300 1832 1360 1851 cum
1378 1824 1423 1855 sit,
1444 1823 1558 1850 salutem
1581 1823 1758 1856 adipiscitur?

962 1872 1057 1899 Justus
1071 1871 1151 1904 enim,
1166 1871 1265 1906 inquit.
1284 1870 1404 1904 centuplo
1421 1877 1501 1905 quant
1521 1868 1561 1896 sol
1583 1867 1757 1903 splendidiori

963 1918 1021 1945 luce
1044 1917 1164 1952 fulgebit.
1186 1917 1222 1943 At
1246 1917 1291 1952 qui
1306 1917 1374 1943 inter
1392 1923 1436 1943 vos
1456 1915 1544 1950 exigui
1567 1919 1639 1948 sunt,
1665 1915 1756 1942 lunam

963 1963 1083 1998 centuplo
1095 1962 1268 1998 superabunt.
1282 1961 1335 1990 Sed
1351 1962 1424 1988 hunc
1441 1961 1550 1988 Domini
1564 1960 1651 1996 ipsius
1664 1965 1757 1988 auoto-

963 2011 1032 2038 ritas
1050 2009 1150 2037 refellit
1162 2017 1170 2042 ;
1185 2016 1270 2044 penes
1283 2015 1364 2043 quem
1374 2007 1421 2042 jus
1435 2014 1518 2034 omne
1529 2014 1561 2034 ac
1576 2010 1699 2041 potestas
1712 2011 1756 2034 est

962 2057 990 2084 id
1008 2056 1113 2084 sanctis
1139 2056 1197 2083 suis
1216 2054 1365 2087 tribuendi,
1391 2057 1422 2080 ut
1439 2061 1534 2081 eorum
1552 2053 1646 2080 vultus
1665 2054 1756 2088 splen-

961 2102 1029 2130 dore
1054 2102 1264 2130 eollustrentur.
1293 2100 1345 2134 Qui
1371 2100 1472 2136 Moysis
1497 2099 1595 2127 faciem
1619 2099 1754 2134 ejusmodi

962 2149 1023 2176 luce
1046 2147 1184 2183 perfudit:
1207 2147 1255 2182 qui
1283 2145 1394 2174 eosdem
1418 2149 1531 2173 sanctos
1554 2145 1583 2172 in
1605 2153 1752 2180 corporum

962 2193 1167 2221 resurrectione
1187 2195 1358 2224 commutat;
1382 2194 1504 2222 sanctos,
1530 2190 1654 2225 inquam,
1680 2189 1753 2223 ίΙιοι,

963 2240 1009 2274 qui
1027 2239 1146 2274 quadam
1167 2239 1241 2265 velut
1257 2245 1320 2265 cum
1344 2236 1493 2272 ignominia
1510 2236 1573 2268 sati,
1589 2243 1651 2263 cum
1666 2235 1754 2271 gloria

963 2292 996 2313 ac
1012 2285 1145 2320 dignitate
1172 2287 1336 2319 resurgunt,
1357 2291 1412 2310 non
1442 2287 1471 2310 ut
1492 2282 1545 2309 alia
1570 2287 1753 2317 praeterquam

962 2337 1027 2358 vera
1054 2330 1220 2365 propriaque
1244 2335 1379 2363 corpora,
1404 2327 1453 2355 sed
1473 2331 1503 2354 ut
1524 2326 1642 2359 eadem,
1671 2332 1754 2363 atque

964 2378 1070 2412 integra
1097 2376 1207 2411 penitus
1231 2375 1406 2403 excitentur:
1431 2374 1468 2401 ita
1497 2377 1588 2401 tamen
1616 2377 1646 2400 ut
1664 2373 1699 2401 ab
1719 2382 1753 2401 eo

962 2422 1113 2452 secundutn
1134 2421 1365 2449 resurrectionem
1387 2427 1488 2447 norum
1509 2419 1646 2454 quoddam
1668 2419 1753 2448 deons

961 2475 994 2495 ac
1020 2467 1191 2502 majestatem
1215 2465 1370 2500 accipiant,
1387 2465 1432 2500 qui
1458 2464 1561 2492 sanctis
1585 2464 1643 2492 suis
1664 2465 1752 2492 incre-

962 2513 1073 2541 dibilem
1090 2512 1184 2547 gloriae
1202 2511 1353 2538 ubertatem
1371 2510 1512 2545 impertit;
1529 2509 1750 2545 quandoquidem

962 2560 1097 2596 largiendi
1115 2559 1208 2594 hujus,
1228 2562 1321 2593 utpote
1341 2557 1474 2585 Dominus
1491 2564 1522 2584 ac
1538 2557 1621 2590 Deus,
1639 2558 1751 2592 amplis-

961 2607 1032 2634 sima
1045 2610 1088 2634 est
1105 2609 1240 2641 potestate
1253 2604 1394 2640 praeditus.
1406 2603 1489 2638 Atqui
1507 2604 1615 2631 tametsi
1631 2611 1750 2637 summa,

961 2653 1000 2680 uti
1018 2652 1086 2684 dixi,
1099 2660 1182 2687 penes
1198 2652 1274 2679 illum
1289 2651 1324 2678 sit
1341 2655 1473 2685 potestas,
1490 2649 1558 2677 nihil
1573 2654 1664 2678 tamen
1676 2650 1752 2685 ejus-

960 2700 1034 2726 modi
1055 2699 1193 2734 promisit,
1222 2698 1303 2733 quale
1326 2696 1474 2724 Montanus
1497 2696 1598 2729 tinxit;
1627 2697 1674 2724 sed
1698 2697 1749 2724 hac

960 2754 1044 2774 unutn
1058 2747 1202 2782 pollicetur
1218 2755 1224 2772 :
1242 2744 1391 2780 Fulgebunt
1406 2743 1488 2778 facies
1500 2743 1664 2770 vestrwsicut
1678 2743 1748 2771 sot’.

958 2793 1040 2829 412
1057 2791 1151 2828 Itaque
1166 2799 1229 2819 cum
1243 2791 1277 2824 is,
1296 2798 1381 2826 penes
1397 2798 1478 2826 quem
1496 2790 1587 2817 omnis
1610 2792 1653 2817 est
1671 2793 1750 2822 pote-

1160 2848 1252 2876 l‘ibid.
1280 2847 1325 2876 II.
1371 2848 1381 2864 '
1397 2847 1482 2882 Apoc.
1510 2854 1528 2879 ι,
1549 2846 1576 2874 1.
1623 2846 1633 2862 '
1652 2844 1748 2873 Matth.
