1964 3047
228 141 277 170 871

941 145 969 173 S.
988 144 1160 172 ΕΡΙΡΙΙΑΝΙΙ

1818 146 1873 175 S73

225 209 295 235 stas,
315 203 418 240 quique
433 212 498 232 vere
512 204 636 232 omnium
658 205 792 234 Dominus
811 210 863 239 est,
882 206 1010 234 Christus

1074 207 1200 243 φήσαντι,
1221 208 1268 234 καὶ
1284 207 1338 234 ἀπὸ
1359 207 1408 243 τῆς
1432 208 1608 244 ὑπαρχούσης
1626 209 1717 241 αὐτοῖς
1731 209 1811 245 δόξης
1823 215 1872 236 και

225 250 351 284 inquam,
376 250 458 278 Jesus
475 250 609 279 Dominus
631 255 735 284 noster,
752 252 819 280 solis
843 253 932 280 instar
957 253 1021 280 illu-

225 295 356 323 strandos
374 304 437 324 esse
452 296 592 331 justorum
611 298 704 325 vultus
720 298 842 330 deﬁniat,
856 306 910 334 qua
928 299 1020 326 fronte

1073 254 1237 290 παραδείσου
1253 255 1358 290 τρυφῆς
1366 256 1608 290 παρασκευάσαντι
1622 257 1716 288 αὐτοῖς
1727 256 1776 292 τὴν
1791 256 1873 283 ὲκὸοὸ

1074 299 1122 334 λὴν
1137 299 1274 333 γενέσθαι,
1291 300 1338 327 καὶ
1355 301 1396 332 εἰς
1409 301 1512 337 φθορὰν
1528 302 1644 329 Θανάτου
1658 303 1870 338 κατενεχθῆναι·

225 344 354 378 centuplo
379 344 510 372 clariores
537 344 596 372 fore
620 344 767 374 Montanus
806 346 953 374 allirmat?
980 346 1039 373 Nisi
1074 347 1143 375 forte
1165 348 1240 375 illius
1267 356 1298 376 es
1323 349 1432 381 similis,
1460 350 1507 384 qui
1534 350 1561 377 id
1589 351 1685 386 primis
1713 351 1870 380 hominibus

231 391 414 425 pollicebatur
436 401 442 419 :

472 392 558 420 Erilis
579 393 648 420 sicut
664 394 701 420 dii
715 395 742 427 ¹;
760 394 862 429 quique
881 399 911 421 ut
936 395 971 422 ab
985 403 1016 422 ea
1045 403 1128 430 quam
1153 396 1295 423 consecuti
1313 396 1434 424 fuerant-
1455 398 1555 433 gloria,
1584 406 1616 426 ac
1647 400 1776 434 paradiso
1803 400 1871 436 deji—

225 442 365 471 cerentur,
378 443 405 466 ct
417 439 444 466 in
457 440 533 466 exitii
551 441 738 475 corruptelam
751 441 933 474 incurrerent,
945 441 1097 470 calliditate
1110 449 1161 470 sua
1178 443 1305 478 perfecit.

261 486 306 514 XI.
325 486 378 514 Sed
395 487 452 515 haec
466 488 580 522 insuper
594 488 742 516 Montanus
759 489 870 524 adjicit:
889 489 944 524 Ego
959 498 1018 517 sum

225 531 355 559 Dominus
373 532 456 565 Deus,
471 534 516 568 qui
530 534 556 560 in
571 533 676 561 homine
695 538 794 563 verser.
806 535 942 563 Prmclarc
958 535 1019 571 qui-

225 578 287 605 dem
302 586 352 606 nos
362 578 507 614 Scriptura
522 587 613 612 sacra,
624 584 651 608 et
664 586 850 609 consentanea
861 582 913 609 sibi
929 582 1019 610 sancti

226 624 346 660 Spiritus
373 626 502 653 doctrina
533 627 750 655 commonitione
784 636 835 655 sua
866 633 1019 664 comparat,

225 673 257 697 ut
281 679 343 705 qua:
360 671 443 698 alieni
469 676 535 700 sunt
555 673 672 707 spiritus
692 674 724 700 ad
750 674 807 701 veri
838 674 1020 702 imitationem

225 716 344 744 conﬁcta
369 718 511 753 dogmata,
534 726 567 745 ac
584 719 694 746 veritati
720 721 860 747 contraria
876 719 1020 749 disce'rnao

227 771 301 791 mus.
317 763 417 790 Statim
431 764 505 791 enim
522 772 554 792 ac
569 764 717 793 Montanus
732 766 784 793 hoc
799 766 878 799 dixit,
893 775 925 795 ea
940 767 1019 795 nobis

225 810 253 836 in
272 811 434 838 memoriam
450 811 592 838 revocavit
604 819 665 846 quae
683 819 697 838 a
713 811 828 839 Domino
842 813 1019 848 pronuntiata

1109 491 1160 518 IA’.
1180 492 1240 518 Ἔτι
1260 491 1289 518 δὲ
1307 491 1485 528 προστίθησιν
1504 494 1517 519 ὁ
1531 493 1612 525 αὐτὸς
1633 494 1782 527 Μοντανὸς,
1798 495 1870 523 οὕτω

1072 537 1159 571 λέγων
1169 544 1175 551 ’
1199 537 1273 572 Ἐγὼ
1289 539 1396 572 Κύριος
1413 541 1429 566 o'
1447 539 1518 572 Θεὸς
1533 540 1550 566 ὁ
1561 539 1771 574 παντοκράτωρ
1781 549 1870 567 κατα-

1073 582 1229 616 τεινόμενος
1252 582 1287 609 ἐν
1310 583 1462 617 ἀνθρώπῳ,
1480 584 1551 620 Ἀρα
1575 582 1622 611 οὖν
1644 585 1735 617 καλῶς
1755 586 1830 621 ἡμᾶς
1851 588 1868 622 ή

1075 626 1134 653 θεία
1157 627 1253 662 Γραφὴ
1276 627 1506 662 ἐπασφαλίζεται,
1531 630 1577 656 καὶ
1606 631 1622 665 ὴ
1649 630 1794 662 ἀκόλουθος
1821 631 1868 658 τοῦ

1071 673 1149 707 ἁγίου
1164 673 1323 709 Πνεύματος
1344 675 1514 707 διδασκαλία,
1538 675 1701 703 νουθετοῦσα
1717 678 1802 712 ἡμᾶς,
1824 678 1868 704 ἵνα

1070 718 1247 755 γινώσκωμεν
1276 721 1340 747 ποῖά
1369 722 1427 747 ἐστι
1450 721 1484 748 τὰ
1514 721 1620 757 μιμηλὰ
1647 723 1695 748 τοῦ
1724 723 1866 759 ἀλλοτρίου

1071 766 1238 801 πνεύματος,
1251 767 1298 793 καὶ
1315 767 1348 793 τὰ
1367 767 1493 793 ἀντίθετα
1512 767 1581 803 πρὸς
1595 767 1643 802 τὴν
1659 768 1802 804 ἀλήθειαν⁵
1822 769 1868 796 ὅτε

1070 812 1124 848 γὰρ
1145 812 1226 844 εὐθὺς
1243 812 1321 839 τοῦτο
1345 811 1406 840 εἷπε
1431 814 1581 846 Μοντανδς,
1596 814 1723 841 ὑπόνοιαν
1742 816 1808 850 ἡμῖν
1823 815 1867 842 δέ-

223 856 362 890 leguntur.
385 856 426 882 ita
446 856 520 884 enim
537 857 565 883 in
582 856 730 891 Evangelio
746 862 863 886 testatus
881 862 944 886 est:
963 858 1012 894 Ege

1069 858 1155 884 δωκεν
1170 858 1375 893 ἀναμνησθῆναι
1399 859 1434 885 τὰ
1456 860 1509 886 ὑπὸ
1531 859 1579 886 τοῦ
1601 860 1703 896 Κυρίου
1722 862 1867 896 εἰρημένα.

222 902 280 928 νειιὶ
297 902 325 928 in
340 902 445 929 nomine
463 902 568 934 Patris,
585 907 609 929 et
627 911 679 929 non
698 904 850 937 suscepistis
868 913 925 936 me;
947 904 1017 932 alius

222 949 305 975 veniet
323 949 349 975 in
361 948 468 975 nomine
479 956 538 982 suo,
556 953 581 975 et
595 949 673 976 talent
689 950 830 984 suscipient
843 950 864 976 ¹.
883 949 1017 982 Quocirca

221 993 383 1021 Montanum
402 1001 416 1020 a
432 994 520 1022 sacris
541 993 653 1022 Litteris
676 995 825 1023 dissentire
839 996 954 1023 omnino
971 996 1019 1023 de-

222 1041 460 1075 monstravimus;
478 1041 562 1076 idque
577 1042 680 1069 nemini
702 1050 756 1069 non
772 1042 948 1077 perspicuum
963 1046 1016 1073 est,

220 1087 269 1122 qui
294 1087 354 1122 ejus
376 1087 482 1123 scripta
498 1095 561 1115 cum
584 1087 689 1122 judicio
711 1088 869 1116 revolverit.
897 1087 974 1120 Quod
993 1089 1016 1116 si

221 1133 260 1159 ita
280 1136 334 1165 est,
353 1137 440 1160 restat
465 1137 496 1160 ut
514 1138 569 1160 tam
593 1134 652 1168 ipse
679 1134 714 1161 ab
732 1133 855 1161 Ecclesia
879 1134 1016 1161 catholica

220 1179 329 1207 alienus
348 1179 536 1213 existimetur,
555 1187 638 1214 quam
657 1181 718 1215 ejus
737 1180 861 1212 haeresis,
880 1188 940 1215 quae
956 1187 1017 1215 pro-

219 1223 319 1258 phetas
336 1231 368 1251 ac
393 1224 519 1252 cmlestia
534 1225 581 1252 illa
603 1224 675 1252 dona
694 1233 779 1260 penes
796 1233 826 1253 se
843 1233 905 1253 esse
920 1225 1018 1260 prtuli-

219 1274 275 1303 cat,
301 1278 363 1305 qua
383 1278 558 1306 nequaquam
580 1273 727 1306 noeepcrit,
741 1272 790 1299 sed
817 1271 851 1299 ab
869 1272 904 1299 iis
923 1272 1016 1307 potius

218 1317 379 1344 desciverit.
401 1317 504 1352 Ecquis
523 1318 618 1353 igitur,
635 1318 658 1345 si
686 1318 828 1352 paululum
853 1317 920 1352 quid
941 1317 1016 1345 dicat

218 1363 366 1398 intelligat,
387 1364 537 1398 prophetas
553 1363 632 1395 istos,
655 1371 687 1391 ac
704 1372 760 1391 non
780 1364 879 1398 planos
899 1368 926 1391 et
941 1368 1016 1392 vetc-

217 1414 326 1437 ratores
350 1410 527 1445 appellandos
548 1411 678 1438 censeat?
702 1409 831 1437 Christus
859 1410 931 1437 enim
957 1418 1010 1437 nos

217 1457 332 1484 docuit:
354 1456 388 1483 Et
413 1456 561 1491 Spiritum,
580 1457 687 1492 inquit,
710 1457 883 1484 Paracletum
909 1457 1015 1483 mittant

217 1502 252 1528 ad
270 1510 315 1529 vos
327 1501 348 1530 ³.
379 1501 496 1530 Necnon
512 1502 656 1529 miraculis
679 1502 761 1530 editis
776 1503 866 1530 aiebat
883 1512 890 1530 :
908 1503 960 1531 Ille
975 1512 1015 1530 me

1069 903 1147 930 Οὕτω
1163 904 1217 938 γάρ
1231 913 1314 940 φησιν
1334 906 1348 931 ό
1366 905 1469 940 Κύριος
1489 906 1517 932 ἐν
1539 906 1578 941 τῷ
1597 906 1774 941 Εὐαγγελίῳ·
1792 906 1867 941 Ἐγὼ

1068 948 1164 985 ἦλθον
1178 951 1213 978 ἐν
1226 951 1267 984 τῷ
1285 952 1406 986 ὀνόματι
1429 952 1483 978 τοῦ
1509 952 1636 986 Πατρός,
1659 953 1708 979 καὶ
1728 954 1784 979 οὐκ
1803 953 1867 979 ἐδέκ-

1069 996 1163 1029 ξασθέ
1176 1005 1224 1031 με.
1240 998 1348 1030 Ἄλλος
1360 998 1517 1024 ἐλεύσεται
1529 997 1579 1024 ἐπὶ
1592 997 1631 1030 τῷ
1649 998 1712 1030 ἰδίῳ
1726 998 1860 1032 ὀνόματι,

1067 1042 1116 1069 καὶ
1147 1042 1285 1075 δέξονται
1316 1043 1370 1069 τὸν
1395 1043 1541 1070 τοιοῦτον.
1567 1043 1743 1079 Ἀσὺμιρωνος
1776 1044 1867 1072 τοίνυν

1067 1087 1241 1115 παντάπασιν
1253 1090 1268 1115 ὁ
1280 1088 1401 1120 τοιοῦτος
1412 1088 1466 1116 τῶν
1480 1089 1560 1116 θείων
1575 1089 1690 1124 Γραφῶν
1707 1090 1816 1126 εὑρέθη,
1828 1090 1867 1122 ὡς

1068 1133 1150 1159 παντί
1164 1142 1202 1168 τῳ
1224 1135 1309 1168 σαφές
1331 1135 1389 1161 ἐστι
1397 1135 1436 1170 τῷ
1458 1135 1590 1170 νουνεχῶς
1613 1136 1812 1171 ἐντυγχάνοντι.
1833 1137 1866 1164 El

1067 1178 1157 1205 τοίνυν
1170 1179 1335 1214 ἀσύμφωνος
1347 1180 1475 1215 ὑπάρχει,
1493 1180 1633 1216 ἀλλότριος
1647 1182 1705 1208 ἐστι
1719 1182 1769 1218 τῆς
1784 1181 1866 1216 ἁγίας

1066 1224 1216 1260 καθολικῆς
1238 1225 1411 1261 Ἐκκλησίας,
1436 1226 1484 1253 καὶ
1509 1227 1526 1262 ή
1553 1228 1614 1254 κατ’
1639 1227 1720 1254 αὐτὸν
1743 1227 1866 1262 αὐχοῦσα

1066 1270 1173 1306 αἵρεσις
1193 1272 1337 1307 προφήτας
1353 1271 1424 1306 ἔχειν
1444 1272 1490 1298 καὶ
1509 1273 1676 1308 χαρίσματα,
1695 1272 1713 1300 ἃ
1734 1273 1771 1309 μὴ
1790 1273 1867 1308 ετλη-

1067 1325 1127 1351 φεν,
1146 1316 1215 1343 ἀλλὰ
1235 1318 1268 1344 ἐκ
1287 1317 1389 1344 τούτων
1411 1318 1528 1354 ἀπέστη.
1552 1319 1600 1350 Τίς
1617 1319 1706 1345 τοίνυν
1720 1319 1865 1355 τολμήσειε

1067 1363 1279 1398 παρακολουθῶν
1307 1364 1416 1395 τούτους
1443 1365 1586 1399 προφήτας
1614 1364 1721 1397 καλεῖν,
1747 1366 1796 1392 καὶ
1825 1366 1864 1402 μὴ

1067 1408 1167 1443 μᾶλλον
1189 1408 1305 1440 πλάνους
1327 1406 1396 1435 εἶναι
1418 1409 1482 1440 τοὺς
1497 1409 1652 1442 τοιούτους;
1676 1410 1794 1445 Χριστὸς
1807 1410 1865 1446 γὰρ

1065 1455 1139 1489 ἡμᾶς
1154 1454 1256 1488 ἐδίδαξε
1267 1455 1365 1488 λέγων,
1376 1455 1416 1481 ὅτι
1433 1454 1469 1482 Τό
1481 1455 1604 1489 Πνεῦμα
1620 1455 1652 1482 τὸ
1663 1456 1866 1490 Παράκλητον

1065 1500 1246 1528 ἀποστέλλω
1267 1501 1348 1535 ὑμῖν.
1373 1501 1429 1527 Καὶ
1454 1500 1489 1527 τὰ
1512 1502 1612 1536 σημεῖα
1638 1500 1727 1532 διδοὺς
1751 1501 1863 1535 ἔλεγεν,

216 1548 412 1584 gloriﬁcabit‘.
429 1548 508 1581 Quod
526 1549 609 1576 etiam
632 1548 724 1584 reipsa
753 1550 905 1585 contigisse
926 1551 1012 1577 cerni-

1066 1547 1106 1574 ’ὀτι
1129 1547 1261 1580 Ἐκεῖνος
1285 1547 1338 1581 ἐμὲ
1375 1546 1510 1578 δοξάσει.
1533 1547 1577 1578 Ὠς
1606 1546 1641 1573 τὰ
1668 1546 1756 1582 ἀληθῆ
1786 1546 1864 1573 ἔστιν

216 1602 290 1626 mus,
307 1602 341 1622 eo
358 1594 431 1629 quod
456 1594 585 1629 apostoli,
601 1602 664 1622 cum
689 1594 861 1622 Paracletum
879 1594 1011 1630 Spiritum

216 1639 411 1676 accepissent,
437 1639 577 1667 Christum
604 1640 839 1676 gloriﬁcaverunt.
865 1640 1012 1669 Montanus

215 1694 282 1714 vero
295 1694 373 1714 suam
392 1686 450 1721 ipse
465 1686 580 1721 gloriam
597 1687 729 1713 celebrat.
750 1686 883 1714 Dominus
903 1687 1011 1716 Patrem

216 1739 299 1759 suum
313 1731 489 1766 glorilicavit.
506 1731 579 1758 ldem
596 1731 642 1758 ille
658 1730 791 1765 Spiritum
809 1739 920 1767 quoque
933 1733 1013 1767 glori-

215 1777 320 1810 ﬁcavit,
336 1785 400 1804 cum
415 1777 541 1805 veritatis
569 1785 632 1805 esse
657 1776 790 1812 Spiritum
810 1778 913 1805 docuit.
938 1778 1014 1806 Mon-

215 1828 299 1851 tanus
313 1831 399 1851 unum
418 1832 448 1851 se
464 1823 612 1859 gloriﬁcat,
630 1830 662 1850 ac
676 1823 786 1850 Patrem
800 1831 862 1851 esse
874 1823 940 1850 dicit
957 1832 1014 1851 om-

215 1871 397 1906 nipotentem,
415 1870 463 1905 qui
485 1869 513 1896 in
530 1877 592 1897 sese
613 1869 738 1896 habitet:
758 1875 789 1896 ut
807 1869 875 1897 illud
899 1870 1013 1897 omnino

215 1920 342 1949 constet,
369 1916 453 1943 talem
473 1923 536 1943 eum
553 1923 610 1942 non
637 1922 716 1947 esse,
731 1915 842 1950 qualem
867 1923 897 1943 se
923 1916 1012 1944 videri

215 1962 355 1995 voluerit;
370 1969 423 1989 nec
438 1961 474 1989 ab
491 1961 600 1989 cmlesti
616 1961 663 1988 illo
683 1961 764 1989 Patre
780 1961 910 1994 missum,
929 1969 980 1990 nec
996 1970 1012 1989 a

215 2008 327 2036 Christo
338 2007 490 2042 quidquam
505 2007 656 2041 accepisse.
677 2005 746 2034 Nam
760 2006 788 2033 in
810 2006 927 2034 Domino
940 2014 1012 2034 com-

217 2054 322 2090 placuit
348 2060 458 2080 omnem
487 2052 687 2089 plenitudinem
705 2052 859 2079 divinitatis
885 2052 1011 2080 habitare

214 2098 432 2134 corporaliter“;
451 2097 532 2134 413
548 2101 575 2125 et
597 2097 632 2125 de
653 2097 825 2132 plenitudine
843 2098 922 2133 ejus,
947 2106 1012 2134 pro-

215 2145 303 2180 pheta:
324 2151 420 2172 omnes
448 2148 629 2179 acceperunt,
657 2148 688 2170 ut
711 2142 833 2170 Joannes
858 2143 974 2171 aﬂirntat
988 2144 1009 2171 °.

217 2191 298 2219 Vides
311 2199 378 2218 sane
391 2190 626 2226 quemadmodum
640 2189 781 2217 Christum
795 2193 901 2218 veteres
912 2197 1008 2218 omnes

215 2237 400 2273 praedicarim,
417 2242 474 2264 tum
491 2236 538 2271 qui
557 2239 654 2271 postea
674 2235 762 2263 secuti
782 2239 847 2263 sunt
862 2235 1001 2264 Christum

214 2283 352 2318 praaconio
367 2289 420 2310 suo
435 2287 463 2309 et
488 2280 665 2310 confessione
681 2281 858 2310 celebrarint.
877 2281 913 2309 At
930 2281 1003 2309 Mon-

214 2337 298 2358 tanus
311 2329 448 2356 violenter
462 2328 574 2363 irrupit,
595 2327 742 2354 miriﬁcum
757 2328 903 2362 quemdam
919 2328 1006 2355 homi-

1065 1593 1140 1624 ίδεῖν,
1154 1594 1194 1620 ὅτι
1210 1594 1235 1620 οἱ
1251 1593 1324 1627 ἅγιοι
1339 1593 1494 1626 ἀπόστολοι,
1508 1593 1538 1620 τὺ
1554 1592 1733 1629 Παράκλητον
1749 1592 1865 1628 Πνεῦμα

1061 1639 1199 1670 λαόόντες,
1227 1638 1345 1673 Χριστὸν
1363 1637 1503 1670 ἐδόξασαν.
1527 1634 1612 1669 Οὗτος
1633 1638 1662 1664 δὲ
1688 1639 1702 1665 ό
1716 1637 1857 1670 Μοντανὺς

1063 1684 1159 1711 ἑαυτὸν
1179 1683 1294 1717 δοξάζει.
1317 1683 1345 1710 ’0
1371 1683 1474 1718 Κύριος
1497 1683 1543 1710 τὸν
1568 1683 1676 1719 Πατέρα
1703 1683 1784 1710 αὐτοῦ
1806 1684 1866 1710 ὲδὸ·

1063 1730 1140 1763 ξασε.
1167 1730 1223 1756 Καὶ
1244 1728 1259 1755 ὁ
1285 1729 1388 1764 Κύριος
1409 1729 1489 1756 πάλιν
1516 1731 1530 1756 ὁ
1553 1729 1671 1764 Χριστὸς
1694 1729 1724 1756 τὸ
1747 1729 1862 1765 Πνεῦμα

1063 1776 1182 1809 ἐδόξασε,
1196 1775 1282 1809 λέγων
1299 1775 1364 1802 αὐτὸ
1382 1775 1494 1811 Πνεῦμα
1509 1775 1649 1810 ἀληθείας.
1672 1775 1702 1802 '0
1717 1775 1859 1807 Μοντανὺς

1063 1822 1091 1848 δὲ
1116 1821 1211 1849 ἑαυτὸν
1233 1821 1339 1854 δοξάζει
1368 1822 1458 1857 μόνον,
1479 1822 1526 1848 καὶ
1553 1821 1626 1856 λέγει
1650 1818 1719 1848 εἶναι
1745 1821 1858 1857 Πατέρα

1062 1868 1280 1903 παντοκράτορα,
1294 1869 1341 1895 καὶ
1360 1869 1388 1895 ὲν
1403 1867 1478 1903 αὐτῷ
1495 1868 1649 1904 ἐνοικῆσαιο
1666 1868 1709 1894 ἵνα
1724 1867 1862 1903 πανταχό-

1063 1914 1108 1942 θεν
1121 1914 1212 1949 δειχθῇ
1231 1914 1282 1940 οὺκ
1299 1913 1380 1945 αὐτὸς
1395 1912 1443 1946 ὢν,
1459 1913 1520 1940 οὐδὲ
1537 1914 1582 1940 ὑπ’
1598 1913 1703 1940 ἐκείνου
1724 1912 1863 1940 ἀπεσταλ-

1064 1960 1154 1996 μένος,
1169 1960 1230 1986 οὐδὲ
1248 1960 1312 1995 παρ’
1327 1958 1410 1986 αὐτοῦ
1429 1958 1586 1994 λαμϐάνων.
1607 1959 1651 1986 Ἑν
1666 1959 1721 1994 γὰρ
1743 1959 1782 1994 τῷ
1801 1959 1861 1986 Κυ-

1062 2006 1113 2042 ρίῳ
1129 2006 1262 2042 ηὐδόκησε
1279 2006 1333 2032 πᾶν
1354 2005 1384 2032 τὸ
1405 2005 1540 2041 πλήρωμα
1556 2005 1607 2040 τῆς
1623 2005 1748 2040 θεότητος
1764 2014 1861 2032 κατοι-

1062 2053 1145 2089 κῆσαι
1162 2052 1340 2087 σωματικῶς·
1357 2051 1405 2078 καὶ
1425 2051 1480 2078 ἀπὺ
1503 2051 1551 2078 τοῦ
1572 2050 1756 2087 πληρώματος
1773 2051 1860 2078 αὐτοῦ

1061 2099 1162 2130 πάντες
1175 2099 1200 2125 οί
1217 2099 1357 2133 προφῆται
1374 2097 1511 2133 εἰλήφασι,
1540 2097 1611 2124 κατὰ
1634 2097 1681 2123 τὸν
1704 2097 1761 2123 τοῦλ
1778 2097 1860 2132 ἁγίου

1068 2145 1191 2171 Ἰωάννου
1213 2144 1303 2179 λόγον.
1327 2144 1383 2171 Καὶ
1406 2144 1472 2179 ὁρᾷς
1496 2143 1555 2175 πῶς
1577 2143 1678 2175 πάντες
1700 2143 1725 2169 οἱ
1747 2142 1862 2170 παλαιοὶ

1061 2190 1180 2226 Χριστὸν
1209 2189 1408 2225 κατήγγελλον,
1432 2189 1480 2216 καὶ
1505 2190 1532 2216 οἱ
1562 2189 1711 2225 μετέπειτα
1739 2189 1862 2223 Χριστὸν

1055 2236 1195 2268 ἐδόξασανο
1205 2236 1252 2263 καὶ
1261 2235 1342 2262 αὑτὸν
1351 2236 1539 2271 ὡμολόγησαν.
1548 2235 1720 2266 Μοντανὸςδὲ
1728 2234 1861 2270 εἰσέφρη-

1057 2283 1280 2316 σεννὲαυτὺνπινὰ
1288 2282 1383 2317 λέγων,
1390 2282 1463 2313 ὅπως
1468 2281 1570 2317 δειχθῇ,
1579 2281 1619 2308 ὅτι
1631 2280 1692 2308 οὔτε
1701 2280 1861 2314 ἑστιν,ξοῦτε

1057 2330 1104 2357 ἀπ’
1128 2329 1212 2356 αὐτοῦ
1247 2329 1424 2362 ἀπέσταλται,
1444 2328 1507 2356 οὔτε
1532 2328 1597 2365 παρ’
1623 2327 1707 2354 αὑτοῦ
1731 2327 1858 2362 εἴληφεν.

214 2376 277 2402 “em
288 2382 318 2402 se
329 2382 390 2402 esse
402 2373 551 2409 jactitans;
568 2378 598 2400 ut
608 2373 651 2401 vel
664 2373 716 2400 hoc
730 2373 791 2408 ipso
801 2381 855 2401 nec
867 2373 1004 2409 ejusmodi
1019 2382 1092 2409 esse,
1104 2383 1156 2404 nec
1171 2376 1205 2403 ab
1219 2375 1267 2403 illo
1280 2376 1394 2409 missus,
1409 2383 1461 2403 nec
1486 2375 1521 2403 ab
1537 2383 1570 2403 eo
1600 2375 1751 2410 quidquam
1779 2381 1860 2404 acce_

215 2423 289 2456 pisse
304 2424 483 2448 monstretur.

248 2465 339 2502 Pergit
353 2466 496 2494 Montanus
511 2466 606 2493 infelix
621 2466 786 2494 homuncio:
800 2465 863 2493 Non
880 2467 1002 2502 angelus,

214 2512 313 2547 inquit,
330 2520 381 2539 non
405 2512 506 2547 legatus
529 2512 646 2546 aliquis;
664 2511 708 2539 sed
723 2516 823 2547 egomet
837 2512 908 2539 Deus
923 2512 1007 2540 Pater

213 2559 322 2586 accessi.
340 2558 399 2592 Qua
420 2567 468 2587 sua
487 2566 553 2586 voce
570 2559 677 2586 alienus
703 2567 765 2586 esse
780 2559 1006 2594 deprehenditur,

212 2605 260 2641 qui
273 2605 411 2633 Christum
434 2605 547 2632 minime
571 2605 766 2640 praedicatione
780 2613 830 2633 sua
849 2605 1006 2633 celebrave-

212 2651 260 2683 rit,
273 2658 355 2686 quem
372 2651 485 2679 cozleste
498 2659 579 2678 omne
600 2651 702 2679 donum
719 2651 853 2679 divinitus
874 2651 1004 2679 Ecclesia}

213 2696 343 2723 collatum
374 2703 437 2723 vere
464 2704 571 2731 semper
599 2704 631 2723 ac
660 2697 803 2732 magniﬁce
835 2697 1003 2732 praedicavit.

213 2742 305 2776 Quare
329 2746 407 2770 extra
424 2750 525 2777 corpus
551 2741 693 2775 Ecclesia,
712 2744 852 2779 totiusque
878 2744 1004 2777 corporis

213 2791 296 2823 caput
317 2796 378 2816 esse
397 2789 549 2823 reperietur
565 2798 572 2815 :
589 2795 639 2816 nec
662 2796 725 2816 cum
743 2789 800 2823 illo,
816 2790 939 2824 inquam,
962 2796 1006 2816 co-

1094 2463 1161 2492 Εἷτα
1173 2465 1254 2492 πάλιν
1266 2464 1333 2500 φησὶ
1343 2463 1374 2490 τὺ
1383 2463 1484 2490 ἐλεινὸν
1492 2463 1684 2499 ἀνθρωπάριον
1700 2464 1857 2499 Μοντανδς.

1059 2513 1100 2540 ὅτι
1113 2512 1187 2539 οὔτε
1203 2511 1342 2546 ἅγγελος,
1351 2510 1421 2537 οὔτε
1431 2510 1575 2544 πρέσϐυς,
1584 2509 1665 2536 ἀλλὰ
1677 2510 1734 2545 ἐγὼ
1745 2512 1860 2545 Κύριος

1061 2561 1078 2587 ὁ
1090 2559 1162 2592 Θεὸς
1181 2557 1283 2592 Πατὴρ
1296 2555 1403 2592 ἦλθον.
1420 2555 1512 2582 Ταῦτα
1523 2556 1551 2582 δὲ
1565 2555 1858 2592 λέγωνφωραθήσεται

1060 2605 1198 2640 ἀλλότριος
1218 2603 1266 2637 ὣν,
1285 2602 1402 2639 Χριστὸν
1419 2602 1457 2637 μὴ
1470 2601 1599 2635 δοξάζων,
1612 2601 1642 2628 ὃν
1662 2602 1716 2628 πᾶν
1730 2603 1859 2638 χάρισμα

1058 2649 1281 2686 ἐκκλησιαστικὸν
1289 2650 1317 2675 ὲν
1329 2648 1476 2683 Ἐκκλησία
1483 2649 1515 2683 τῇ
1524 2647 1589 2683 ἁγίᾳ
1603 2646 1691 2680 δοθὲν,
1699 2648 1728 2674 ὲν
1737 2648 1858 2684 ἀληθείᾳ.

1059 2696 1194 2729 ἐδόξασεν.
1223 2694 1408 2731 Εὑρεθήσεται
1430 2693 1484 2728 γὰρ
1516 2693 1594 2724 ἐκτὸς
1629 2691 1699 2719 εἷναι
1727 2693 1858 2728 σώματος

1064 2741 1237 2776 Ἐκκλησίας,
1271 2740 1319 2767 καὶ
1344 2739 1465 2774 κεφαλῆς
1486 2738 1532 2765 τοῦ
1553 2738 1722 2773 σύμπαντος,
1748 2740 1797 2765 καὶ
1816 2740 1856 2774 μὴ

1059 2786 1167 2823 κρατῶν
1174 2786 1222 2822 τὴν
1239 2785 1370 2822 κεφαλὴν,
1388 2785 1422 2818 ἐξ
1438 2783 1536 2820 ἧσπερ
1549 2783 1611 2812 πᾶν
1624 2784 1656 2811 τὸ
1677 2784 1763 2820 σῶμα
1777 2793 1843 2812 συι-

247 2863 258 2880 ¹
272 2863 339 2891 Gen.
356 2873 396 2899 ιιι,
411 2864 438 2892 5.
476 2866 486 2881 ²
499 2863 578 2893 Joan.
597 2873 624 2899 v,
643 2865 687 2893 45.
724 2865 824 2894 ‘Joan.
840 2873 896 2899 xw,
909 2866 935 2895 7.
976 2868 986 2882 ⁵
1003 2865 1011 2894 i

1066 2885 1068 2891 .
1086 2864 1127 2892 14.
1167 2865 1177 2881 '
1194 2863 1301 2892 Coloss.
1319 2871 1350 2896 ιι,
1364 2862 1390 2889 9.
1432 2862 1441 2877 ⁸
1456 2861 1535 2889 Joan.
1551 2870 1570 2894 ι,
1589 2862 1630 2888 l6.
