1964 3047
102 167 153 196 873

412 165 596 193 ADVERSUS
615 163 786 193 HERESES
802 163 866 192 LIB.
887 164 894 191 l

949 161 1020 190 ron.
1041 161 1062 190 ι.
1081 177 1116 181 --
1133 146 1268 189 omnes.
1290 159 1403 188 vam.

1665 158 1717 186 δτι

103 224 360 261 αρμολογφύμενον
376 223 471 255 αὔξει,
494 222 563 249 κατὰ
581 221 611 248 τὸ
630 221 831 257 γεγραμμένον.
857 219 887 247 '0

949 222 1041 247 uertere
1057 219 1155 254 capite,
1171 225 1203 243 ex
1217 226 1267 252 quo
1289 222 1370 243 totum
1394 224 1486 251 corpus
1509 221 1717 252 coagmentatum

103 273 156 307 γὰρ
173 270 273 306 Κύριος
299 269 376 305 ἡμῶν
406 269 509 303 Ἰησοῦς
535 268 651 303 Χριστὸς
670 267 765 293 ἑαυτὸν
784 266 884 298 ἔδειξεν

104 317 186 348 ὅντως
205 315 242 342 ὣν
271 315 334 346 Υἱὸς
352 315 380 340 ὲν
395 314 518 349 ἀληθείᾳ.
533 313 670 344 Mox/ravo;
684 313 711 339 δὲ
729 312 825 338 ἑαυτὸν
838 312 885 338 καὶ

104 363 213 397 Πατέρα
224 361 309 395 λέγει.

138 493 187 519 lB’.
203 492 266 524 Πῶς
292 492 391 524 τοίνυν,
406 489 429 519 ὢ
451 492 565 528 Φρύγες,
586 493 652 528 ἡμῖν
677 492 756 519 πάλιν
785 494 886 519 ἐπανα-

105 540 215 570 στάντες
232 539 366 574 πολέμιοι,
385 539 432 565 καὶ
451 539 658 574 μεμορφωμένοι
678 540 717 570 εἰς
730 538 887 574 Χριστιανι-

105 585 154 620 χὴν
162 584 314 620 ἐπίκλησιν,
327 584 359 619 βα
364 584 470 619 ρὸάρων
477 584 505 610 δὲ
513 585 714 621 ἐπανῃρημένοι
725 586 826 620 μάχην,
840 585 887 612 καὶ

104 631 158 657 τὼν
165 630 265 666 Τρώων
280 631 326 657 καὶ
336 631 448 665 Φρυγῶν
463 630 625 666 μιμούμενοι
637 631 667 657 τὸ
680 632 818 666 πολέμιον,
831 631 888 662 πῶς

105 676 258 711 πεισθῶμεν
288 677 362 711 ὑμῖν,
377 677 484 711 λέγουσι
504 676 547 703 διὰ
568 677 725 712 χαρίσματα
741 677 890 711 ἀφεστάναι

104 723 153 757 τῆς
170 722 343 758 Ἐκκλησὶας;
362 723 459 749 Οὐκέτι
475 722 529 758 γὰρ
544 723 700 758 χαρίσματα
714 723 755 758 εἴη
772 723 805 748 τὰ
818 723 891 750 ἀλλό-

105 776 167 803 τρια
183 768 360 802 χαρισμάτων
372 769 446 797 ὅντα,
460 768 507 794 καὶ
523 768 598 802 παρὰ
613 767 657 793 τὸν
673 767 834 803 χαρακτῆρα
846 768 891 794 τὸν

105 813 158 840 ὑπὸ
166 814 268 849 Κυρίου
282 813 494 849 ύπισχνούμενα,
510 814 547 845 ὡς
558 815 581 839 οἰ
593 813 653 840 καθ’
672 814 742 848 ὑμᾶς
757 814 892 849 προφῆται

106 858 238 892 λέγουσιν.
268 859 413 893 Εἱσὰγεται
429 859 436 874 ³
461 860 526 894 ἡμῖν
542 859 623 885 πάλιν
641 859 688 885 καὶ
703 858 873 893 Μαξιμίλλαν
883 868 890 874 ⁸

935 265 1039 296 crescit,
1064 263 1255 297 ut_Scriptura
1280 262 1400 296 loquitur
1417 262 1436 288 '.
1455 261 1561 297 Quippe
1585 261 1718 288 Dominus

936 315 1029 337 noster
1048 309 1128 336 Jcsus
1148 309 1275 335 Christus
1299 309 1335 335 ita
1358 308 1535 343 semetipsum
1560 307 1718 341 declaravit,

937 360 1029 380 revera
1053 356 1082 379 ut
1097 360 1254 387 germanum
1277 359 1338 379 esse
1362 352 1484 381 Parentis
1504 352 1603 380 Filium
1625 358 1720 380 osten-

936 400 1021 427 deret.
1051 399 1196 426 Montanus
1206 403 1313 432 contra,
1330 399 1370 426 vel
1385 398 1528 426 Parentem
1545 407 1574 427 se
1588 407 1649 427 esse
1662 401 1721 435 glo—

937 446 1006 472 riatu
1011 454 1033 472 r.

972 491 1028 517 ΧΗ.
1049 490 1114 524 Qum
1128 499 1190 518 cum
1204 491 1241 518 ita
1254 492 1318 522 sint,
1334 499 1389 526 quo
1404 491 1510 518 tandem
1528 495 1616 526 pacto.
1635 491 1721 527 Phry-

938 545 995 572 ges,
1009 537 1054 572 qui
1065 542 1160 564 contra
1176 545 1227 564 nos
1244 537 1306 564 novi
1321 537 1417 564 iterum
1433 537 1525 565 hostes
1545 538 1720 572 consurgitis.

938 589 964 610 et
981 588 1092 611 externa
1108 583 1225 618 quadam
1245 584 1336 619 specie
1360 584 1546 612 Christianum
1569 584 1602 611 ad
1624 593 1721 612 nomen

940 629 1127 664 usurpandum
1147 629 1279 662 illuditis;
1301 637 1333 656 ac
1348 630 1529 665 Trojanorum
1545 635 1569 657 et
1586 630 1722 666 Phrygum

941 675 1038 702 hostile
1056 676 1081 702 in
1104 683 1154 702 nos
1170 675 1260 702 odium
1281 675 1441 703 imitamini:
1457 677 1503 711 qui
1522 685 1581 707 nos.
1599 677 1722 711 inquam.

942 720 1041 748 habere
1069 721 1147 747 iidem
1176 721 1252 747 vobis
1283 728 1438 755 possumus.
1457 729 1518 748 eum
1544 721 1579 747 ob
1603 721 1723 749 coelestia

942 763 1012 790 dona
1022 771 1069 791 vos
1081 764 1116 790 ab
1132 764 1252 791 Ecclesia
1265 764 1426 792 disoessisse
1439 765 1550 799 jactatis
1559 765 1569 791 ?
1579 764 1637 791 Non
1651 766 1723 792 enim

942 810 1064 836 cmlestia
1081 817 1142 838 esse
1156 810 1227 837 dona
1245 816 1369 844 possunt,
1384 819 1444 845 qua:
1457 816 1597 846 tantopere
1613 815 1677 839 sunt
1690 812 1725 838 ah

943 856 1077 890 ejusmodi
1092 856 1171 883 donis
1185 856 1290 888 aliena;
1305 864 1420 891 quisque
1433 861 1530 892 praeter
1541 857 1693 884 institutam
1709 866 1725 884 ιι

107 905 153 931 καὶ
164 904 218 941 γὰρ
233 906 279 932 καὶ
291 905 325 931 τὰ
335 905 453 939 ὀνόματα
466 904 543 939 ἡμῶν
553 904 736 940 διηλλαγμένοι
751 905 797 930 καὶ
812 904 891 938 φοϐε-

949 901 1056 928 Domino
1068 902 1229 934 formam,ae
1240 903 1372 930 rationem
1382 903 1537 935 ostenditis,
1548 904 1726 937 quctltﬂdit'u-

109 949 224 985 ρώτατα,
237 951 284 977 καὶ
295 950 356 977 οὕτε
369 950 502 985 προσηνές
513 958 538 976 τι
554 950 600 976 καὶ
611 949 777 983 γλυκύτατον
788 949 893 984 ἔχοντα,

106 995 175 1022 ἀλλὰ
183 996 277 1031 ἄγριον
294 996 340 1022 καὶ
352 995 527 1031 βαρϐαρικόν.
544 995 631 1027 Εὐθὺς
646 996 700 1030 γὰρ
718 995 786 1031 αὕτη
801 996 817 1030 ἡ
836 996 895 1021 Μα-

108 1041 216 1076 ξιμίλλα
225 1043 242 1077 ἡ
259 1041 333 1076 παρὰ
347 1043 401 1073 τοῖς
412 1041 540 1072 τοιούτοις
553 1041 624 1067 κατὰ
641 1041 749 1076 Φρύγας
760 1041 830 1067 οὕτω
847 1049 895 1067 κα-

107 1087 257 1123 ληυμένοις,
280 1087 424 1120 ἀκούσατε,
444 1084 467 1113 ὦ
492 1087 586 1118 παῖδες
605 1087 734 1122 Χριστοῦ,
755 1087 781 1113 τί
799 1086 892 1121 λέγει·

114 1133 203 1167 Ἐ’μοῦ
224 1133 267 1167 μὴ
295 1134 454 1166 ἀκούσητε,
474 1133 555 1160 ἀλλὰ
583 1132 711 1167 Χριστοῦ
733 1133 893 1160 ἀκούσατε.

109 1179 163 1206 Καὶ
180 1180 208 1205 ὲν
227 1177 268 1211 οἷς
295 1179 366 1212 ἔδοξε
397 1179 513 1214 Χριστὸν
532 1178 653 1212 δοξάζειν
668 1178 848 1213 πεπλάνηται.
863 1179 894 1205 Ei

108 1224 162 1260 γὰρ
174 1222 207 1260 ἦν
217 1224 263 1251 τοῦ
275 1224 402 1260 Χριστοῦ,
416 1225 507 1258 ἔλεγεν
518 1224 550 1251 ἂν
564 1223 635 1250 κατὰ
644 1223 708 1254 τοὺς
720 1223 814 1258 ἁγίους
828 1224 896 1249 ἀπο-

109 1271 227 1302 στόλους,
251 1271 289 1302 ὼς
309 1271 423 1302 ἕκαστος
441 1270 514 1304 λέγει
528 1279 535 1285 ·
552 1271 653 1305 Πέτρος
672 1270 720 1305 μὲν
735 1269 841 1304 πρῶτος
854 1270 896 1295 λὲ-

109 1324 164 1350 γων
173 1335 181 1346 ,
196 1315 236 1343 ὅτι
249 1316 348 1350 Ἡμεῖς
362 1317 430 1350 παρ’
442 1315 535 1342 αὑτοῦ
549 1316 724 1350 ἠκούσαμεν
735 1323 741 1330 ·
752 1315 800 1342 καὶ
813 1315 896 1342 αὑτοῦ

108 1363 154 1389 τοῦ
188 1363 291 1398 Κυρίου
315 1363 458 1396 λέγοντος’
499 1362 530 1388 '0
557 1361 640 1396 ὑμῶν
667 1362 794 1394 ἁκούων,
823 1362 896 1397 ἐμοῦ

108 1408 210 1434 ἀκούει
223 1416 230 1423 “
247 1407 294 1434 καὶ
314 1407 361 1433 τοῦ
379 1406 485 1434 Παύλου
511 1407 651 1441 λέγοντος·
681 1407 811 1441 Μιμηταί
837 1415 896 1441 μου

109 1453 240 1485 γίνεσθε,
270 1453 366 1485 καθὼς
382 1453 461 1487 κάγὼ
475 1453 614 1487 Χριστοῦ.
635 1452 709 1488 Αὕτη
727 1453 756 1479 δὲ
770 1453 896 1489 ἀληθεύει

109 1499 272 1534 ψευδομένη,
300 1499 345 1526 καὶ
374 1499 411 1534 μὴ
425 1498 584 1534 βουλομένη.
598 1498 695 1530 Καλῶς
707 1499 735 1526 δὲ
753 1499 827 1533 λέγει
845 1499 897 1534 φά-

111 1553 223 1576 σκουσα,
237 1544 317 1572 ἀλλὰ
336 1545 474 1579 Χριστοῦ.
492 1544 626 1576 Πολλάκις
639 1544 692 1581 γὰρ
705 1545 739 1572 τὰ
755 1544 898 1580 ἀκάθαρτα

944 947 1008 974 dum
1025 947 1161 982 prophetae
1178 948 1262 975 vestri
1276 947 1448 984 proﬁtentur.
1480 948 1532 976 Sed
1550 949 1725 976 Maximinum

943 994 1037 1022 nescio
1053 1002 1134 1029 quam
1149 995 1227 1022 nobis
1245 995 1392 1023 obtruditis
1413 996 1532 1030 :quippe
1552 995 1593 1023 vel
1606 997 1662 1030 ipsa
1682 1004 1728 1023 no-

944 1039 1017 1066 mina
1037 1043 1128 1077 vestra
1154 1048 1168 1067 a
1186 1041 1324 1067 communi
1347 1049 1397 1068 usu
1423 1046 1526 1069 remota
1552 1047 1625 1073 sunt,
1642 1046 1669 1068 et
1692 1042 1727 1069 ad

944 1089 1074 1113 terrorem
1101 1087 1267 1121 composita;
1295 1095 1382 1121 neque
1411 1088 1474 1115 mite
1498 1087 1646 1123 quidquam
1673 1088 1728 1115 illis

945 1132 1024 1165 inest,
1039 1137 1085 1171 aut
1106 1132 1257 1166 jucundum
1274 1143 1280 1161 :
1299 1134 1346 1161 sed
1378 1134 1534 1165 barbarum.
1557 1139 1583 1161 et
1609 1139 1726 1169 agreste.

945 1177 1007 1216 Haec
1029 1178 1111 1213 igitur
1135 1178 1292 1210 Maximilla.
1313 1187 1393 1214 quam
1418 1179 1537 1215 Phryges
1563 1181 1608 1208 isti
1631 1180 1728 1214 prmdi-

945 1227 1018 1256 cant,
1031 1223 1132 1254 audite.
1148 1224 1249 1251 Christi
1268 1224 1326 1255 ﬁlii.
1340 1225 1569 1260 quemadmodum
1587 1227 1705 1261 loquitur
1720 1236 1728 1253 :

946 1268 989 1296 Me
1005 1268 1108 1304 quidem
1122 1278 1173 1296 non
1189 1270 1288 1302 audite,
1303 1270 1348 1297 sed
1361 1270 1496 1297 Christum
1513 1271 1610 1298 audite.
1624 1271 1729 1304 Quibus

947 1315 1045 1347 verbis,
1059 1314 1122 1342 licet
1142 1315 1251 1343 Christo
1266 1316 1395 1343 honorem
1413 1316 1513 1344 habere
1536 1317 1668 1348 videatur.
1682 1317 1730 1344 iis-

946 1359 1006 1387 dem
1018 1364 1108 1387 tamen
1122 1360 1188 1394 ipsis
1201 1368 1322 1388 errorem
1336 1369 1414 1388 suum
1428 1361 1609 1389 demonstrat.
1626 1361 1693 1388 Nam
1706 1363 1729 1389 si

946 1405 1046 1433 Christi
1067 1405 1145 1439 foret,
1159 1405 1281 1433 eamdem
1298 1407 1324 1433 in
1341 1406 1476 1442 loquendo
1493 1407 1635 1434 l'ormulam
1651 1408 1729 1434 adhi-

947 1451 1033 1485 beret,
1062 1459 1115 1487 qua
1139 1452 1255 1487 apostoli
1284 1459 1379 1480 omnes
1405 1452 1563 1488 singillatim
1586 1454 1627 1481 usi
1657 1460 1729 1482 sunt.

948 1496 1075 1532 Inprimis
1091 1496 1188 1526 Petrus
1202 1507 1208 1524 :
1231 1496 1301 1529 Nos.
1316 1498 1413 1533 inquit,
1428 1499 1460 1525 ab
1481 1499 1528 1526 illo
1545 1499 1693 1527 audiuimus
1708 1501 1729 1526 ⁸.

949 1544 1002 1572 Sed
1017 1548 1044 1572 et
1057 1544 1188 1572 Dominus
1211 1545 1270 1580 ipse
1283 1545 1374 1573 dixit:
1391 1545 1444 1578 Qui
1466 1553 1509 1572 vos
1527 1545 1611 1578 audit.
1632 1554 1672 1573 me
1683 1555 1733 1573 au-

110 1589 253 1624 πνεύματα
279 1590 462 1624 ἀναγκάζεται
486 1590 570 1617 ἑαυτὰ
590 1590 741 1626 καθαιρεῖν,
767 1591 817 1617 οὐκ
835 1590 896 1617 ὂντα

949 1589 988 1617 dit
1002 1590 1024 1617 ⁵.
1045 1589 1146 1619 Paulus
1159 1591 1222 1619 item
1235 1600 1243 1620 ς
1257 1590 1409 1619 lmitatores
1431 1593 1480 1619 mei
1504 1597 1595 1625 estote,
1618 1593 1686 1619 sicut
1708 1598 1733 1620 et

115 1635 159 1669 τῆς
183 1635 322 1671 ἀληθείας,
347 1637 393 1662 καὶ
419 1636 577 1671 ὑποφαίνειν
603 1636 649 1662 τὸν
674 1636 776 1671 Κύριον
795 1636 895 1668 αὐτῶν,

112 1680 232 1713 ῡὲλοντα,
248 1682 294 1707 καὶ
310 1681 346 1716 μὴ
361 1681 480 1713 Θέλοντα,
494 1682 527 1708 δι’
541 1681 676 1716 ἀνάγκην·
691 1681 728 1714 ὡς
740 1683 756 1717 ὴ
768 1682 895 1717 παιδίσκη

111 1727 129 1761 ἡ
143 1726 241 1762 ἔχουσα
255 1727 363 1762 πνεῦμα
380 1727 505 1760 Πύθωνος
522 1728 612 1762 ἔλεγεν
624 1736 632 1743 ·
646 1725 733 1756 Οὔτοι
744 1729 770 1755 οι
788 1728 897 1762 ἀνθρω-

111 1778 162 1798 xm
185 1772 237 1799 τοῦ
252 1774 324 1799 Θεοῦ
350 1773 452 1800 δοῦλοι
465 1773 518 1800 τοῦ
553 1774 686 1807 ὑψίστου
701 1774 775 1801 εἰσί·
791 1774 838 1801 καὶ
856 1775 897 1805 τὸ,

114 1817 148 1844 Τι’
163 1818 254 1852 ἦλθες
269 1820 324 1852 πρῖ-
347 1820 450 1854 καιροῦ
472 1820 640 1852 βασανίσαι
650 1820 748 1855 futue;
772 1820 900 1856 Οἵδαμέυν

113 1871 150 1890 σε
164 1865 210 1897 τίς
224 1863 260 1897 εἴ,
275 1867 291 1892 ό
305 1865 399 1900 ’Ἄγιος
414 1866 465 1893 τοῦ
480 1866 554 1893 Θεοῦ
565 1875 571 1882 ’
585 1866 622 1898 ὡς
635 1866 682 1893 καὶ
696 1866 763 1902 αὕτη
781 1867 899 1902 ἀναγκα-

111 1909 213 1944 ζομένη
227 1910 319 1944 ἔλεγεν
332 1911 415 1945 αὐτῆς
431 1911 468 1946 μὴ
485 1911 604 1945 ἀκούειν,
619 1911 687 1938 ἀλλὰ
699 1912 828 1948 Χριστοῦ.

114 1953 175 1987 Quo
200 1960 226 1984 et
251 1956 316 1983 illud
336 1957 453 1991 pertinet
475 1966 481 1984 :
501 1957 555 1984 Cur
581 1957 672 1984 venisti
697 1962 758 1984 ante
786 1962 884 1991 tempus
911 1961 1030 1991 torquere
1052 1957 1122 1983 nos!
1140 1955 1267 1983 Novimus
1289 1956 1334 1990 qui
1358 1956 1394 1982 sis

948 1644 995 1671 ego
1012 1635 1112 1663 Christi
1128 1637 1147 1664 ".
1172 1637 1207 1664 At
1231 1637 1276 1666 illa
1294 1638 1448 1666 mentiendo
1464 1638 1505 1667 vel
1530 1638 1615 1666 invita
1638 1647 1732 1666 verum

950 1681 1036 1708 dicit:
1057 1681 1140 1718 414
1161 1687 1289 1718 recteque
1309 1683 1382 1711 istud
1403 1684 1507 1719 adjicit,
1526 1684 1572 1712 sed
1587 1684 1731 1712 Christum.

953 1725 1028 1761 Siepe
1052 1727 1123 1754 enim
1149 1728 1248 1763 impuri
1275 1729 1387 1764 spiritus
1409 1730 1570 1765 semetipsos
1598 1735 1734 1766 coguntur

951 1776 1084 1806 evertere,
1097 1780 1159 1800 cum
1175 1781 1189 1800 a
1204 1775 1317 1801 veritate
1339 1775 1512 1807 abhorreant.
1534 1783 1566 1803 ac
1590 1775 1733 1804 Dominum

952 1827 1044 1851 suum,
1061 1820 1146 1848 velint
1161 1820 1258 1851 nolint.
1277 1822 1433 1849 necessario
1460 1823 1608 1850 declarant.
1632 1822 1730 1856 Quemr

952 1865 1097 1892 admodum
1126 1865 1213 1899 puella
1244 1866 1288 1893 illa
1321 1866 1470 1902 Pythomco
1495 1867 1594 1902 spiritu
1622 1867 1734 1902 praedita

952 1911 1088 1938 clamabat
1101 1920 1108 1938 :
1123 1911 1249 1938 Homines
1271 1911 1315 1938 isti
1335 1911 1382 1939 Dei
1404 1912 1530 1939 altissimi
1545 1914 1612 1940 serui
1628 1918 1688 1940 sunt
1712 1913 1733 1939 ".

1415 1965 1424 1982 :
1450 1956 1566 1984 Sanctus
1589 1957 1638 1984 Dei
1652 1958 1672 1983 ⁸.
1698 1957 1736 1984 Ita

116 2001 261 2028 Maximilla
289 2002 313 2028 vi
335 2001 452 2036 quadam
480 2002 596 2036 impulsa
621 2002 708 2028 audiri
734 2010 762 2029 se
789 2002 899 2028 minime
913 2000 981 2033 vult,
999 2000 1046 2028 sed
1060 2001 1209 2028 Christum.

153 2046 212 2077 Πῶς
224 2044 270 2072 οὖν
284 2046 361 2072 τοῦτο
379 2048 403 2072 οἱ
416 2047 478 2082 παρ’
491 2047 575 2079 αὐτῆς
593 2047 751 2082 ἀκηκοότες,
770 2047 816 2073 καὶ
831 2047 901 2082 αύτῇ

118 2090 337 2122 πεπιστευκότες,
357 2090 492 2125 βούλονται
504 2091 588 2127 αὐτῆς
603 2091 722 2122 ἀκούειν,
737 2092 800 2126 παρ’
817 2091 901 2125 αὐτῆς

118 2137 249 2172 μαθόντες
267 2136 303 2172 μὴ
321 2137 404 2171 αὐτῆς
421 2137 540 2167 ἀκούειν,
561 2137 629 2164 ἀλλὰ
649 2137 748 2173 Κυρίου
760 2146 766 2169 ;
780 2137 833 2163 Καὶ
848 2137 901 2172 γὰρ

117 2181 225 2216 ἀληθῶς
239 2182 345 2215 ἐπίγεια
357 2182 543 2217 φθεγγομένης
556 2183 650 2218 αὐτῆς,
669 2184 693 2208 εἰ
704 2183 794 2218 παρῆν
811 2183 902 2214 αὐτοῖς

120 2227 237 2260 σύνεσις,
250 2229 299 2254 οὐκ
313 2228 365 2254 ἔδει
388 2229 472 2263 αὐτὴν
489 2229 643 2257 ἀκούεσθαι.
659 2231 712 2256 Καὶ
725 2231 763 2264 μὴ
777 2229 850 2264 λέγε,
862 2230 902 2255 ὃτι

119 2274 327 2310 παρηκολούθει,
338 2274 373 2300 Ού
383 2274 437 2309 γὰρ
448 2275 710 2308 παρακολουθοῦν-τός
722 2276 779 2301 ἐστι
792 2275 822 2301 τὸ
831 2274 903 2302 διδά-

121 2329 205 2351 σκειν,
219 2320 263 2346 καὶ
278 2320 371 2346 ἑαυτὸν
382 2320 553 2356 ἀνατρέπειν.
571 2321 603 2347 Εἰ
616 2321 669 2355 γὰρ
682 2321 749 2352 ὅλως
765 2320 903 2355 λέγειμυὴ

118 2366 244 2394 ἀκούετέ
253 2375 322 2401 μου,
340 2367 414 2392 ποῖον
426 2364 459 2401 ἦν
469 2367 498 2392 τὸ
512 2366 623 2402 Πνεῦμα
633 2366 663 2392 τὸ
672 2366 767 2392 λαλοῦν
779 2367 807 2393 ἐν
818 2366 885 2401 αὐτῇ
897 2375 904 2399 ;

121 2413 152 2439 Et
170 2412 237 2447 αὑτὴ
256 2412 358 2445 ἔλεγεν,
380 2412 397 2446 ἢ
416 2413 425 2426 ’
441 2412 593 2448 ἄνθρωπος,
606 2412 659 2448 ἄρα
671 2413 720 2438 οὐκ
735 2410 768 2447 ἦν
779 2413 807 2438 ἐν
822 2411 905 2437 Πνεύ-

123 2467 187 2494 ματι
197 2458 276 2492 ἁγίῳ.
297 2458 328 2484 'H
339 2458 393 2493 γὰρ
406 2457 533 2492 λέγουσα,
548 2458 596 2491 Μὴ
603 2457 730 2486 ἀκούετέ
740 2466 810 2492 μου,
827 2457 907 2492 δῆλον

121 2504 151 2531 τὸ
166 2503 333 2540 ἀνθρώπινον
352 2503 439 2538 ἔλεγε,
454 2504 500 2530 καὶ
515 2505 565 2530 οὐκ
579 2502 612 2538 ἦν
634 2505 662 2530 ἐν
675 2503 812 2538 Πνεὺματι
824 2502 904 2538 ἁγίῳ.

127 2551 158 2577 'l’l
172 2550 199 2576 δὲ
209 2551 245 2585 μὴ
256 2549 322 2577 οὖσα
335 2551 363 2576 ἐν
372 2550 510 2584 Πνεύματι
527 2550 595 2584 ἁγίῳ
608 2549 721 2580 ἄνωθεν,
734 2547 800 2576 οὖσα
816 2549 844 2575 δὲ
857 2548 904 2575 τοῦ

121 2597 291 2633 ἀνθρωπίνου
317 2598 499 2633 φρονήματος,
524 2597 599 2623 οὐδὲν
618 2596 759 2630 ἐγίνωσκε.
784 2595 839 2622 Καὶ
855 2595 905 2622 οὐκ

123 2643 155 2680 ἧν
172 2645 225 2680 ἄρα
240 2643 351 2678 Πνεῦμα
375 2643 463 2677 ἅγιον,
489 2643 557 2669 ἀλλὰ
577 2642 739 2678 ἀνθρωπίνῳ
755 2642 908 2677 φρονήματι

123 2690 212 2717 ἐλάλει
235 2690 282 2716 καὶ
299 2688 456 2723 ἐφθέγγετο.
478 2687 510 2714 Εἰ
525 2688 552 2714 δὲ
578 2687 713 2722 Πνεύματι
731 2687 800 2722 ἁγίῳ
822 2687 910 2713 ἐλάλει

123 2738 169 2764 καὶ
190 2737 367 2772 προεφήτευε,
388 2736 464 2761 ποῖον
480 2734 534 2770 ἄρα
547 2732 581 2770 ἦν
599 2734 630 2760 τὸ
652 2733 764 2769 Πνεῦμα
778 2733 807 2759 τὸ
822 2733 910 2768 ἅγιον,

163 2825 169 2840 ¹
187 2823 215 2850 F.
232 2824 366 2860 siciysu.
405 2824 415 2838 ’
427 2823 466 2860 Ε.

128 2861 169 2886 to.
216 2860 226 2874 ³
239 2858 333 2885 Matth.
348 2866 408 2890 vtn,
422 2859 462 2886 29.

224 2907 360 2937 Ριικοι..
381 2907 437 2936 (in.
463 2906 543 2937 XLI.

550 2824 560 2839 ⁸
575 2823 682 2851 Coloss.
703 2831 733 2857 ιι,
754 2822 796 2850 l9.
835 2824 845 2838 ⁸
859 2823 920 2850 Act.

988 2045 1040 2078 Qui
1064 2045 1145 2080 igitur
1163 2046 1213 2072 hoc
1228 2045 1262 2072 ab
1285 2045 1330 2072 illa
1348 2046 1494 2079 audierint,
1512 2047 1590 2082 eique
1613 2048 1736 2076 crediue-

954 2090 1020 2121 rint,
1045 2097 1095 2117 cur
1118 2098 1177 2116 eam
1201 2090 1304 2117 diutius
1331 2090 1455 2123 audiunt,
1473 2099 1535 2118 cum
1556 2100 1610 2126 non
1636 2093 1734 2127 ipsam.

956 2135 1002 2162 sed
1014 2135 1152 2163 Christum
1165 2135 1329 2163 audiendum
1343 2137 1378 2163 ab
1389 2137 1491 2165 illamet
1502 2138 1560 2172 ipsa
1573 2138 1739 2166 didicerint?

956 2181 988 2208 Et
1004 2190 1068 2209 vero
1090 2190 1151 2209 cum
1170 2182 1279 2209 nonnisi
1305 2187 1412 2210 terrena
1434 2183 1556 2217 quaedam
1572 2183 1688 2215 cll‘ntiat.
1714 2185 1738 2212 si

955 2227 1027 2254 ullus
1043 2228 1069 2254 in
1082 2227 1123 2255 eis
1135 2235 1231 2255 sensus
1247 2228 1359 2260 inesset,
1371 2229 1465 2256 audire
1478 2229 1550 2256 illam
1567 2238 1738 2265 nequaquam

954 2278 1102 2308 oporteret.
1126 2274 1180 2301 Nec
1195 2279 1238 2301 est
1252 2274 1323 2309 quod
1344 2275 1458 2309 objicias
1483 2275 1552 2302 hanc
1574 2276 1740 2304 intellexisse

956 2319 1021 2354 quid
1050 2319 1162 2346 diceret.
1181 2319 1241 2345 Non
1258 2319 1330 2347 enim
1361 2319 1535 2355 intelligentis
1561 2329 1621 2348 esse
1651 2326 1741 2356 potest

956 2369 1050 2393 contra
1075 2373 1106 2392 se
1127 2367 1225 2392 docere
1253 2366 1367 2400 aliquid.
1394 2373 1427 2392 ac
1445 2366 1496 2393 sibi
1521 2367 1572 2400 ipsi
1598 2367 1740 2402 refragari.

955 2411 1023 2438 Nam
1039 2411 1062 2439 si
1077 2412 1189 2438 omnino
1203 2411 1241 2438 ita
1257 2412 1378 2447 loquitur
1394 2422 1401 2440 :
1420 2411 1461 2439 Ne
1478 2421 1517 2439 me
1531 2414 1658 2446 nuditate.
1673 2422 1742 2448 qua-

959 2459 1058 2486 lisnam
1087 2458 1131 2486 hic
1155 2459 1202 2494 qui
1231 2459 1257 2486 in
1281 2467 1312 2487 ea
1342 2459 1503 2494 loquebatur
1532 2461 1645 2495 spiritus
1671 2461 1742 2488 luit‘.’

959 2503 1036 2537 Quod
1054 2504 1076 2531 si
1093 2512 1141 2539 per
1156 2512 1217 2532 sese
1228 2505 1287 2539 ipsa
1301 2509 1438 2539 quatenus
1452 2505 1534 2532 homo
1545 2511 1613 2537 erat.
1628 2507 1663 2533 ita
1681 2515 1742 2541 pro-

959 2550 1106 2580 nuntiavit.
1124 2557 1179 2577 non
1196 2550 1279 2585 igitur
1294 2549 1415 2585 Spiritus
1427 2558 1486 2578 eam
1502 2557 1614 2578 sanctus
1634 2552 1742 2578 amave-

959 2601 1011 2624 rat.
1032 2597 1098 2630 Quae
1111 2597 1285 2624 enimaudiri
1301 2604 1330 2624 se
1348 2596 1482 2631 prohibet.
1499 2597 1648 2623 humanum
1663 2597 1739 2630 quid-

958 2644 1021 2671 dam
1038 2644 1132 2678 procul
1163 2643 1247 2671 dubio
1271 2644 1418 2678 signilicat,
1438 2651 1487 2670 nec
1513 2644 1631 2678 impulsu
1656 2642 1743 2670 Sancti

961 2687 1080 2722 Spiritus
1107 2689 1208 2724 agitur.
1238 2688 1320 2715 Porro
1350 2697 1411 2724 qua:
1435 2689 1544 2716 caelitus
1569 2689 1668 2714 hausto
1699 2688 1744 2714 illo

962 2732 1066 2768 Spiritu
1089 2734 1202 2762 minitne
1226 2734 1390 2766 ducebatur,
1408 2734 1456 2761 sed
1475 2734 1592 2760 humana
1612 2734 1742 2760 duntaxat

943 2830 980 2856 Iv,
1000 2823 1046 2850 20.
1084 2823 1094 2838 '
1111 2822 1177 2850 Luc.
1197 2831 1223 2855 ι,
1242 2823 1285 2849 lli.
1325 2823 1335 2838 ‘
1352 2822 1361 2848 Ι
1381 2823 1443 2853 Cor.
1461 2830 1499 2854 XI,
1518 2822 1543 2850 l.
1582 2822 1592 2838 ⁷
1607 2822 1672 2848 Act.
1689 2829 1744 2852 n1,

1551 2901 1591 2930 28
