1964 3047
252 100 306 128 875

955 97 983 137 s
1005 96 1177 124 EPIPHANII

1809 98 1874 127 876

252 155 395 190 sapientia,
411 159 523 181 noverat
537 153 615 181 nihil.
631 153 690 181 Non
705 159 764 181 erat
782 153 864 188 igitur
882 153 909 181 in
925 161 957 187 ea
970 153 1032 188 Spi-

1088 153 1113 179 ιὸ
1137 153 1224 187 λέγον,
1254 153 1335 188 Ἐμοῦ
1354 153 1392 189 μὴ
1417 153 1544 186 amouere;
1571 153 1626 180 Καὶ
1640 153 1724 187 πολλή
1745 154 1803 181 ἐστι
1823 153 1889 185 ﬁt;

251 202 321 229 ritus
336 204 458 231 sanctus.
480 199 528 228 sed
551 200 679 233 humana,
703 203 732 227 ut
747 199 815 230 dixi.
833 199 965 234 sapientia
976 199 1036 226 uni-

251 254 330 274 versa
348 245 554 281 pronuntiabat.
573 246 682 280 Alioqui
700 245 724 273 si
751 245 838 273 sancti
864 244 984 280 Spiritus
1001 246 1036 272 Ιο-

251 295 381 324 queretur
405 297 437 318 ac
452 291 650 318 vaticinaretur
674 291 819 322 instinctu,
843 291 906 325 quis
923 290 968 318 ille
989 289 1036 317 de-

251 344 325 364 mum
342 337 456 372 spiritus
468 336 584 368 exstitit.
603 336 649 371 qui
668 336 758 363 audiri
780 343 808 363 se
824 335 924 363 nollet?
941 334 1035 370 Magna

252 383 375 419 profecto
393 382 528 410 mendacii
546 387 589 410 est
613 383 770 417 errorisque
785 382 904 409 caecitas.
924 381 1037 416 Magnus

252 437 334 464 porro
355 428 401 456 Dei
426 436 526 460 sermo,
542 429 588 463 qui
605 435 655 456 nos
671 428 745 455 omni
758 428 863 455 ratione
878 427 912 454 ad
932 434 963 454 ea
978 426 1036 454 dis-

251 475 386 502 cernenda
413 474 541 506 instituit,
571 481 632 509 quae
655 473 742 502 sancti
770 472 888 508 Spiritus
916 473 1034 508 impulsu

251 521 356 556 prolata
371 524 436 548 sunt
453 530 458 547 :
474 528 535 556 qua:
551 520 650 555 partim
670 528 702 548 ex
720 527 838 555 persona
856 519 957 551 Patris,
973 526 1036 554 par-

251 566 298 593 tim
319 574 353 593 ex
374 573 491 600 persona
520 565 601 597 Filii,
626 566 725 600 partim
749 572 781 592 ex
809 564 926 599 Spiritus
948 564 1034 591 sancti

247 619 368 647 persona
392 612 530 639 dicuntur.
548 611 630 646 Atqui
657 611 680 639 si
705 611 750 638 ille
775 610 823 646 qui
841 611 869 637 in
889 609 1034 637 Maximilla

251 657 304 684 fuit
330 655 449 692 Spiritus
472 661 585 684 sanctus
609 656 778 688 exstitisset,
808 663 947 690 nunquam
977 655 1035 682 suis

251 703 310 738 ipse
329 702 422 730 verbis
439 702 650 729 contradiceret.
674 700 747 728 Unus
769 702 840 728 enim
864 706 903 729 est
919 701 1034 735 Spiritus

250 753 367 780 sanctus,
393 748 438 783 qui
461 747 555 775 dividit
575 748 686 783 singulis
712 752 790 782 prout
814 747 869 775 vult
893 748 912 774 ‘.
940 748 992 781 Qui
1008 751 1035 775 et

250 794 359 828 pietatis
371 797 399 821 et
413 793 514 822 Christi
533 793 651 828 Spiritus
666 797 791 825 vocatur,
806 797 833 821 et
844 801 859 820 a
872 793 953 821 Patre
969 801 1034 828 pro-

248 838 360 871 cedens,
385 842 413 866 et
429 845 445 865 a
470 837 539 866 Filio
560 838 707 874 accipiens,
725 842 753 866 et
776 845 793 865 a
818 838 899 867 Patre
918 846 950 866 ac
964 837 1035 866 Filio

249 885 362 912 minime
378 885 483 912 alienus
495 885 658 920 appellatur.
676 883 735 911 Non
750 883 832 919 igitur
846 884 975 912 dixisset:
993 883 1035 911 Ne

248 938 289 957 me
308 930 444 970 nuditate.“
460 929 526 963 Qum
550 930 622 957 enim
638 930 740 957 Christi
758 935 823 957 sunt
851 929 971 965 Spiritus
999 930 1036 958 lo-

249 978 391 1010 queretur.
418 968 545 1002 Christus
570 975 670 1010 quippe
698 974 830 1010 Spiritum
849 975 942 1006 mittit,
960 979 986 1003 et
1007 975 1036 1002 iu

250 1020 353 1055 Spiritu
370 1024 465 1047 sancto
481 1020 619 1048 daemones
635 1020 728 1055 cjicit;
748 1020 879 1048 Dominus
898 1028 964 1048 vero
977 1028 1035 1055 qua:

249 1064 338 1093 l‘atris
353 1070 417 1092 sunt
429 1066 582 1101 eloquitur’
593 1075 601 1093 :
614 1072 638 1093 et
649 1065 749 1092 Filium
758 1065 840 1093 Pater
848 1066 1033 1100 sanctiﬁcavit,

1088 199 1195 233 ἀπάτης
1216 199 1232 234 ἡ
1249 198 1395 234 τύφλωσις,
1412 199 1458 226 καὶ
1474 200 1561 235 μέγας
1578 200 1652 226 ἐστὶν
1665 201 1679 226 6
1691 200 1739 226 τοῦ
1748 199 1817 226 Θεοῦ
1831 199 1889 226 λό-

1087 253 1145 278 γος,
1164 245 1178 270 ὁ
1202 244 1272 271 κατὰ
1298 245 1387 271 πάντα
1406 245 1505 280 τρόπον
1526 246 1600 280 ἡμᾶς
1616 245 1772 278 συνετίζων,
1789 246 1832 277 εἰς
1849 245 1889 272 τδ

1087 290 1184 317 εἰδέναι
1201 292 1264 317 ποῖα
1278 290 1312 317 τὰ
1325 292 1357 317 ἐκ
1369 291 1416 319 τοῦ
1441 291 1509 317 Πνεύ
1514 300 1596 326 ματος
1609 291 1656 318 τοῦ
1671 292 1748 325 ἁγίου
1759 291 1888 326 λελαλη-

1088 336 1166 371 μένα,
1184 336 1220 371 πὴ
1236 336 1285 371 μὲν
1301 336 1333 363 ὲκ
1349 335 1494 371 προσώπου
1510 336 1625 371 Πατρὺς,
1697 336 1725 362 δὲ
1742 336 1774 362 ἐκ
1787 344 1887 371 προσ-

1086 381 1161 408 ώπου
1177 382 1252 413 Υὶοῦ,
1267 382 1305 417 πὴ
1315 382 1343 408 δὲ
1363 383 1396 408 ὲκ
1405 382 1550 417 προσώπου
1559 381 1605 409 τοῦ
1617 382 1694 416 ἁγίου
1705 382 1886 417 Πνεύματος.

1087 427 1142 454 Kui
1158 427 1222 454 εἰτὸ
1237 428 1265 454 ὲν
1278 427 1434 463 Μαξιμίλλῃ
1456 427 1568 462 Πνεῦμα
1591 427 1666 461 ἅγιον
1679 425 1724 462 ἦν,
1743 428 1794 454 οὐκ
1825 427 1886 454 ἀπ-

1085 473 1200 508 ηγόρευε
1229 473 1262 500 τὰ
1288 473 1342 500 ῑδια
1369 474 1489 508 ῥήματα.
1515 473 1646 508 Ἕνγάρ
1664 473 1774 500 ἐστιτὸ
1790 473 1886 508 ἅγιον

1086 519 1216 554 Πνεῦμα,
1226 519 1259 546 τὸ
1270 519 1403 554 διαιροῦν
1415 519 1532 551 ἑκάστῳ
1544 520 1584 552 ὡς
1592 520 1745 552 βούλεται.
1760 519 1886 552 Λέγεται

1087 565 1115 591 δὲ
1132 565 1243 599 Πνεῦμα
1261 564 1468 596 εὐσεϐείας,κα“ι
1482 565 1589 599 λέγεται
1603 563 1672 591 εἶναι
1683 565 1796 599 Πνεῦμα
1809 565 1884 599 Χρι-

1087 610 1170 642 στοῦ,
1194 610 1241 636 καὶ
1267 609 1379 644 Πνεῦμα
1408 611 1482 646 παρὰ
1508 611 1612 646 [ἰατρὸς
1638 611 1858 645 ἐκπορευόμενον
1873 629 1882 640 ,

1087 656 1132 683 xui.
1162 656 1209 682 τοῦ
1225 655 1290 682 Υἱοῦ
1305 655 1453 691 λαμϐάνον,
1470 656 1521 682 οὐκ
1541 656 1681 691 ἀλλότριον
1698 656 1805 691 nam;
1829 655 1884 682 καὶ

1096 701 1160 728 Υῐοῦ
1186 701 1224 728 6v.
1253 702 1324 738 ’Ἄρα
1352 702 1400 728 οὐκ
1425 702 1517 736 ἔλεγει
1533 702 1582 735 Μὴ
1599 701 1722 728 ἀκούετέ
1737 710 1807 735 μου.
1836 701 1882 727 Τὰ

1086 747 1142 782 γὰρ
1153 747 1270 782 Χριστοῦ
1285 747 1315 773 τδ
1336 747 1448 783 Πνεῦμα
1464 747 1551 774 ἐλάλει
1564 746 1625 782 (5'),
1637 746 1682 773 καὶ
1692 747 1706 773 ὸ
1716 746 1835 782 Χριστὸς
1849 745 1883 772 τὺ

1089 793 1200 828 Πνεῦμα
1219 793 1388 824 ἀποστέλλει,
1414 793 1461 819 καὶ
1477 794 1506 819 ὲν
1526 792 1664 827 Πνεύματι
1679 791 1747 826 ἁγίῳ
1774 791 1881 818 ἐκϐάλ-

1051 823 1072 852 B
1085 839 1125 865 λει
1148 823 1183 865 τιὰ
1203 839 1347 873 δαιμόνιαο
1365 839 1412 865 καὶ
1433 839 1447 864 ὁ
1461 838 1563 874 Κύριος
1578 823 1611 865 τά
1627 837 1674 864 τοῦ
1702 823 1807 873 Πατρδς
1830 837 1880 864 λέν-

1086 893 1146 919 γει·
1172 884 1219 911 καὶ
1246 886 1262 911 ό
1288 884 1390 918 Πατὴρ
1413 884 1467 911 τὸν
1496 885 1566 911 Υἱὸν
1591 885 1715 918 τ’]γίασε.
1737 884 1785 911 καὶ
1803 884 1879 911 ἁπὲ·

1086 932 1206 958 credar
1219 931 1263 963 εἰς
1281 930 1334 957 τὸν
1351 931 1478 965 κόσμον,
1493 931 1543 956 ἵνα
1563 930 1751 965 τινώσκωσιν
1769 929 1879 961 αὑτὸν,

1086 975 1135 1001 καὶ
1149 974 1312 1006 δοξάσωσι,
1329 975 1425 1008 καθὼς
1442 974 1600 1007 δοξάζουσι
1613 976 1668 1002 τὸν
1678 975 1805 1009 Πατέρα.
1820 975 1880 1002 Καὶ

1086 1021 1194 1047 διέπεσε
1211 1019 1282 1047 κατὰ
1303 1020 1391 1047 πάντα
1403 1020 1503 1055 τρόπον
1518 1021 1534 1055 ἡ
1553 1020 1607 1047 τῶν
1623 1019 1881 1055 ἀπαλλοτριοὺντων

1087 1067 1198 1098 ἑαυτοὺς
1212 1065 1315 1093 διάνοια
1330 1066 1384 1093 ἀπὸ
1397 1066 1447 1100 τῆς
1460 1065 1506 1092 τοῦ
1515 1065 1631 1101 Χριστοῦ
1649 1066 1820 1097 ἀκολουθίας.

248 1118 281 1138 ac
306 1112 376 1138 misit
402 1111 428 1138 in
446 1111 527 1147 515
563 1111 703 1145 mundum,
734 1117 763 1138 ut
793 1117 946 1147 cognoscant
972 1113 1058 1147 ipsum
1077 1118 1100 1139 et
1122 1113 1279 1146 -_aloriﬁcent
1305 1111 1522 1147 quemadmodum
1548 1111 1698 1146 gloriﬁcent
1727 1111 1836 1138 Patrem
1855 1112 1879 1140 ⁸.

249 1155 296 1184 Sic
315 1157 430 1185 istorum
454 1158 604 1190 hominum.
631 1158 677 1193 qui
705 1165 736 1186 se
756 1166 770 1185 a
791 1159 892 1186 Christi
914 1163 987 1186 secta
1014 1166 1046 1186 ac
1071 1159 1214 1193 disciplina
1242 1161 1404 1194 segregant,
1425 1157 1547 1185 funditus
1567 1157 1745 1185 labefactatur
1769 1156 1876 1191 opinio-

284 1202 353 1230 Xlll.
369 1203 404 1230 At
416 1203 488 1230 enitn
504 1202 649 1230 Maximilla
665 1203 762 1239 pergit,
777 1211 883 1231 summa
900 1204 945 1230 illa
958 1203 1038 1231 intei-

249 1249 366 1284 ligentiac
380 1248 566 1283 doctrinaeque
582 1249 634 1279 vis,
655 1253 685 1275 ut
702 1248 729 1276 id
749 1248 804 1284 joci
829 1249 917 1276 obiter
941 1256 1035 1284 asper-

249 1301 310 1328 gam
327 1302 335 1321 :
351 1293 479 1320 Dominus
494 1300 535 1319 me
551 1292 634 1323 misit,
650 1292 749 1327 inquit,
775 1290 874 1318 laboris
894 1292 982 1326 hujus,
1005 1299 1036 1318 ac

248 1339 430 1374 professionis,
451 1343 476 1365 et
491 1337 594 1372 {aderis
609 1337 677 1364 velut
692 1341 769 1364 secta!
784 1338 941 1367 antistitem.
957 1346 1035 1364 enar-

249 1389 375 1417 ratorem,
390 1389 414 1410 et
428 1384 611 1416 interpretrm;
624 1387 649 1409 et
671 1382 775 1417 quidem
796 1381 830 1407 ad
842 1381 1034 1416 percipiendam

250 1431 299 1458 Dei
314 1430 447 1460 notitiam,
464 1429 553 1456 vellem
571 1427 791 1475 nouam-majori
817 1429 932 1463 quadam
949 1435 1035 1454 neces-
1051 1447 1071 1475 ε

250 1477 328 1503 sitate
344 1475 517 1509 compulsum.
542 1473 593 1501 Hic
609 1482 659 1502 uos
679 1467 774 1509 igitur,
789 1473 957 1505 charissimi,
975 1473 1037 1499 vitae

250 1527 351 1549 nostra:
377 1521 495 1549 solidum
509 1524 537 1548 et
559 1520 656 1548 stabile
681 1521 891 1552 ﬁrmamentum,
911 1527 944 1546 ac
965 1520 1035 1546 viam

251 1567 322 1594 lucis
338 1566 552 1598 consideremus,
576 1573 664 1601 neque
678 1565 846 1592 contrarium
871 1564 1035 1597 insistentis,

253 1613 303 1640 hoc
319 1616 362 1640 est
376 1611 518 1647 peregrino
533 1611 631 1646 spiritu
649 1611 756 1646 agitata:
777 1610 890 1646 pecudis
904 1609 1035 1646 ejusmodi

252 1657 365 1687 vocibus
382 1657 409 1684 in
427 1664 547 1685 errorem
562 1657 743 1684 abducantur.
760 1656 830 1689 Quid
846 1655 918 1682 enim
936 1655 980 1682 ille
995 1654 1035 1682 di-

252 1707 296 1731 cat
313 1703 509 1731 animadverte.
526 1701 586 1729 Non
601 1710 650 1730 sua
666 1705 764 1737 sponte
783 1708 823 1734 se,
847 1701 895 1728 sed
910 1705 1036 1728 coactum

252 1749 279 1776 id
285 1749 440 1784 suscepisse
448 1748 578 1776 declarat.
590 1748 672 1783 Atqui
683 1747 814 1775 Dominus
824 1750 915 1774 noster
925 1747 952 1773 in
964 1746 1037 1774 hunc

252 1795 346 1821 orbem
360 1793 431 1821 haud
441 1793 543 1821 invitus
557 1792 709 1824 descendit,
723 1799 772 1819 nec
781 1799 796 1818 a
805 1791 886 1819 Patre
896 1791 950 1818 ulla
959 1791 1038 1817 adhi-

254 1839 310 1867 bita
338 1838 502 1866 necessitate
521 1838 622 1866 missus
638 1842 689 1866 est.
716 1836 770 1865 Sed
785 1844 848 1864 cum
865 1843 1036 1864 communem

251 1893 315 1913 cum
327 1885 405 1912 Patre
424 1884 572 1911 voluntatis
591 1891 682 1916 usum,
697 1886 724 1910 et
741 1890 803 1911 cum
819 1882 923 1918 Spiritu
940 1887 1037 1910 sancto

253 1929 385 1966 largiendi
396 1937 494 1958 munus
505 1929 614 1961 haheat,
629 1936 683 1956 una
696 1933 724 1956 et
735 1933 766 1958 ut
778 1929 842 1956 velit
856 1929 880 1956 ei
890 1928 1037 1956 cumPatre

251 1976 391 2008 convenit,
408 1979 436 2003 et
452 1979 482 2002 ut
501 1975 570 2002 citra
588 1975 777 2002 necessitatem
804 1975 897 2007 ullam,
916 1982 966 2008 pro
987 1981 1036 2002 sua

252 2019 384 2047 duntaxat
400 2019 552 2046 incredibili
578 2019 744 2054 benignitate
766 2018 928 2046 beneﬁcium
943 2019 995 2046 hoc
1009 2019 1036 2046 in

254 2066 398 2093 universos
423 2065 556 2092 conferat.
579 2064 625 2092 Sic
644 2072 713 2099 quos
733 2065 849 2096 vocavit,
870 2064 1037 2091 voluntarios

1127 1203 1175 1230 II".
1198 1204 1299 1230 Φάσκει
1316 1203 1345 1229 δὲ
1370 1202 1451 1229 πάλιν
1475 1203 1491 1237 ἠ
1513 1202 1580 1238 αὐτὴ
1595 1202 1761 1238 Μαξιμίλλα,
1782 1203 1798 1238 ἡ
1822 1203 1876 1237 τῆς

1091 1249 1309 1286 παρακολουθιας
1330 1249 1376 1275 καὶ
1398 1247 1570 1279 διδασκαλίας
1594 1248 1703 1282 γνῶσις,
1719 1248 1763 1274 ἵνα
1777 1248 1878 1283 χλευα-

1090 1295 1190 1326 στικῶς
1221 1295 1301 1326 εἴπω,
1328 1294 1373 1320 ὅτι
1398 1293 1566 1320 Ἀπέστειλέ
1582 1302 1620 1327 με
1634 1294 1740 1326 Κύριος
1765 1294 1879 1320 τούτου

1087 1341 1140 1368 τοῦ
1153 1341 1259 1372 πόνου,
1283 1340 1332 1367 καὶ
1345 1339 1402 1374 τῆς
1417 1340 1606 1375 ἐπαγγελίας,
1624 1340 1672 1366 καὶ
1689 1339 1742 1374 τῆς
1759 1340 1874 1375 συνθή-

1088 1395 1144 1420 κης
1157 1386 1341 1421 ιιὶρετιστὴν,
1358 1385 1508 1421 μηνυτὴν,
1527 1386 1723 1420 ἐρμηνευτὴν,
1741 1386 1877 1419 ἠναγκα-

1089 1433 1212 1466 σμένον,
1227 1431 1362 1463 θέλοντα,
1381 1432 1431 1459 καὶ
1441 1431 1483 1466 μὴ
1496 1432 1633 1463 θέλοντα,
1641 1431 1749 1466 μαθεῖν
1760 1431 1877 1466 γνῶσιν

1088 1479 1172 1506 Θεοῦ.
1192 1479 1376 1514 Σκοπήσωμεν
1385 1476 1431 1505 οὖν
1446 1478 1495 1513 τῆς
1511 1478 1587 1514 ἡμῶν
1601 1477 1673 1513 ζωῆς
1687 1477 1737 1512 τὴν
1754 1478 1875 1513 εὐσταθῆ

1088 1523 1174 1557 βάσιν,
1190 1523 1237 1549 καὶ
1247 1523 1296 1558 τὴν
1317 1523 1375 1549 ὀδδν
1393 1523 1439 1549 τοῦ
1457 1523 1556 1557 φωτὸς,
1575 1519 1598 1549 ὦ
1610 1522 1756 1558 ἀγαπητοὶ,
1770 1523 1817 1548 καὶ
1835 1523 1876 1558 μὴ

1087 1568 1231 1603 σφαλῶμεν
1255 1568 1299 1595 διὰ
1322 1568 1376 1594 τῶν
1386 1568 1473 1602 λόγων
1491 1568 1544 1594 τῶν
1561 1568 1607 1594 τοῦ
1631 1567 1664 1595 δι’
1679 1568 1810 1600 ἐναντίας,
1825 1569 1876 1594 καὶ

1085 1614 1132 1640 τοῦ
1150 1613 1320 1649 βοσκήματος
1339 1613 1386 1640 τοῦ
1399 1613 1538 1648 ἀλλοτρίου
1556 1613 1718 1648 πνεύματος.
1737 1614 1806 1649 Ὅρα
1818 1614 1875 1649 γὰρ

1087 1660 1204 1687 ἐνταῦθα
1219 1660 1264 1686 τὸν
1279 1659 1364 1691 οὕτως
1383 1659 1545 1694 λαλήσαντα,
1559 1659 1764 1694 ἠναγκασμένον
1777 1659 1875 1686 ἑαυτὸν

1086 1705 1274 1741 ἀποφήναντα,
1287 1704 1335 1740 οὐχ
1349 1704 1460 1740 ἑκουσίᾳ
1472 1703 1578 1740 γνώμῃ.
1599 1705 1628 1731 Ὁ
1640 1704 1668 1731 δὲ
1683 1705 1783 1740 Κύριος
1793 1705 1872 1740 ἡμῶν

1086 1751 1135 1777 οὐκ
1147 1751 1220 1778 ἄκων
1230 1748 1310 1786 ἦλθεν
1330 1751 1370 1781 εἰς
1385 1750 1429 1776 τὸν
1453 1751 1563 1785 κόσμον,
1580 1750 1640 1776 οὐδὲ
1661 1750 1728 1785 μετὰ
1750 1751 1871 1785 ἀνάγκης

1087 1797 1140 1823 ἀπὸ
1151 1796 1257 1832 Πατρὸς
1271 1796 1410 1832 ἀπεστάλη
1421 1804 1428 1811 '
1447 1796 1514 1822 ἀλλὰ
1525 1796 1581 1831 ἆμα
1597 1796 1644 1822 σὺν
1655 1797 1742 1831 Πατρὶ
1756 1796 1824 1831 ἔχων
1842 1797 1874 1822 τὸ

1088 1841 1185 1873 θέλειν,
1210 1841 1257 1868 καὶ
1287 1841 1335 1867 σὺν
1363 1841 1433 1876 ἁγίῳ
1456 1841 1594 1876 Πνεύμιιτι
1617 1840 1647 1867 τὸ
1667 1841 1807 1876 παρέχειν,
1827 1841 1873 1867 καὶ

1087 1886 1216 1918 ὡσαύτως
1232 1886 1290 1922 ἅμα
1316 1887 1364 1914 σὺν
1380 1887 1418 1922 τῷ
1440 1886 1527 1922 Πατρὶ
1544 1886 1574 1913 τὸ
1586 1886 1674 1913 θέλειν
1694 1887 1761 1922 ἔχει,
1779 1887 1826 1913 xui
1842 1887 1873 1913 τὸ

1087 1933 1146 1967 οὐχὶ
1169 1933 1236 1967 μετὰ
1253 1932 1375 1967 ἀνάγκης
1399 1931 1500 1967 ταύτην
1526 1933 1576 1968 τὴν
1589 1933 1668 1968 χάριν
1681 1933 1747 1960 πᾶσι
1762 1933 1872 1964 διδόναι,

1088 1977 1158 2004 ἀλλὰ
1170 1978 1203 2004 δι’
1222 1977 1374 2013 ὑπερῦολὴν
1390 1977 1602 2012 φιλανθρωπίας.
1617 1977 1671 2004 Καὶ
1687 1977 1757 2004 οὕτω
1767 1978 1814 2004 καὶ
1827 1977 1872 2010 οὓς

1088 2023 1211 2053 ἐκάλεσε,
1235 2023 1303 2058 μετὰ
1321 2023 1505 2058 προαιρέσεως
1526 2023 1668 2058 κέκληκεν,
1684 2023 1734 2049 οὐκ
1749 2024 1873 2058 ἀνάγκην

1088 2069 1250 2100 ὲπιῦάλλων,
1264 2069 1293 2095 οὺ
1310 2069 1398 2096 κλοιὸν
1422 2069 1617 2105 ἐπιτιθέμενος.
1634 2069 1734 2095 Φάσκει
1749 2069 1814 2103 γὰρ,
1832 2070 1872 2096 ὅτι

254 2112 348 2147 utique
362 2111 477 2142 vocavit,
504 2117 559 2138 non
584 2114 614 2138 ut
633 2111 715 2137 ullam
740 2110 794 2137 vim
820 2110 971 2142 adhiberet,
989 2114 1035 2136 aut

1088 2113 1241 2148 Διψῶντες,
1253 2114 1353 2141 ἔλθετε
1367 2115 1440 2148 πρὸς
1522 2115 1566 2142 καὶ
1583 2114 1676 2140 πάλιν·
1689 2114 1725 2140 El
1736 2122 1780 2146 τις
1794 2113 1871 2141 θέλει

253 2157 324 2185 collo
336 2155 474 2183 vinculum
490 2156 649 2183 iunecteret.
662 2155 700 2182 Ita
713 2155 785 2183 enim
794 2155 927 2190 loquitur:
938 2154 1034 2182 Omnes

253 2203 381 2235 sitientes,
397 2202 478 2229 venite
495 2201 529 2228 ad
546 2209 586 2228 me
607 2201 628 2228 '.
649 2201 715 2228 Item
729 2210 735 2228 :
754 2201 784 2228 Si
803 2202 860 2236 quis
877 2201 931 2227 vult
950 2201 1036 2228 venire

253 2249 288 2275 ad
306 2255 356 2279 me,
372 2246 478 2281 abneget
491 2247 667 2281 semetipsum,
683 2253 708 2273 et
722 2251 846 2281 sequatur
858 2256 898 2274 me
914 2247 934 2274 ⁵.
951 2247 1036 2280 Quili-

252 2294 335 2321 etiam
351 2300 399 2327 per
412 2292 509 2320 Isaiam
522 2293 560 2319 ita
577 2293 644 2320 dixit
661 2303 667 2320 :
687 2291 717 2319 Si
737 2293 871 2320 volueritis
884 2298 909 2320 et
921 2294 1037 2322 audieri-

254 2339 288 2365 tis
304 2346 344 2365 me
362 2338 383 2365 ⁸.
402 2340 441 2365 Ac
457 2338 596 2373 deinceps,
609 2342 639 2365 ut
659 2337 785 2372 quisnam
801 2338 958 2372 loqueretur
979 2347 1037 2374 pro-

252 2382 333 2416 pheta
350 2382 502 2410 declararet
519 2392 525 2409 :
544 2382 580 2410 οε
591 2383 671 2412 enim.
691 2382 789 2417 inquit,
800 2382 906 2410 Domini
921 2383 1037 2412 locutum

251 2433 291 2455 est
314 2429 368 2456 ista
394 2429 415 2456 ‘.
437 2428 533 2457 «iamne
554 2428 631 2458 vides
648 2429 715 2457 istos
729 2437 792 2457 cum
815 2430 901 2457 sacris
925 2429 1035 2458 Litteris

254 2474 328 2501 nulla
343 2482 377 2502 ex
394 2478 473 2509 parte
491 2475 646 2508 convenire,
670 2474 718 2502 sed
735 2474 924 2502 abhorrentem
941 2483 956 2502 a
969 2483 1034 2503 con-

253 2523 386 2548 sentanea
405 2520 505 2547 divina:
516 2519 577 2548 ﬁdei
591 2520 715 2547 doctrina
727 2520 891 2548 sententiam
901 2528 1037 2549 errorem-

253 2574 307 2601 que
324 2565 491 2594 defendere?
511 2565 616 2594 Etenim
637 2566 782 2594 Maximilla
800 2568 923 2598 volentes
944 2567 1037 2595 nolen-

254 2615 295 2639 tes
314 2619 410 2647 cogere
430 2619 460 2639 se
479 2611 597 2644 dicebat,
620 2616 648 2638 ut
663 2611 704 2639 vel
723 2612 773 2639 hoc
789 2612 848 2647 ipso
867 2613 940 2640 dicto
960 2621 1036 2641 men-

254 2657 361 2685 dacium
384 2658 443 2693 ejus
468 2658 554 2693 pOSsit
574 2658 696 2693 agnosci.
725 2657 792 2684 Nam
821 2666 871 2686 nec
903 2660 1034 2692 volentes,

1088 2159 1227 2194 ἔρχεσθαι
1246 2160 1320 2193 πρὸς
1327 2159 1376 2194 μὲι,
1399 2159 1580 2194 ἀρνησάσθω
1602 2159 1719 2191 ἑαυτὸν,
1739 2160 1789 2186 καὶ
1801 2160 1866 2186 ἁκος

1088 2206 1229 2233 λυυθείτω
1235 2206 1400 2239 μοι.Καὶδιὰ
1407 2206 1515 2232 Ἡσαΐου
1524 2206 1601 2232 τοῦτο
1610 2206 1674 2232 αὐτὸ
1679 2206 1873 2242 φθεγγόμενος,

1089 2250 1195 2284 ἔλεγεν·
1216 2250 1286 2277 Ἐὰν
1308 2252 1424 2285 θέλητε,
1441 2251 1490 2278 καὶ
1505 2252 1708 2285 εὶσακούσητέ
1723 2261 1795 2286 μου.
1820 2253 1872 2279 Καὶ

1091 2296 1212 2332 ὕστερον,
1227 2297 1269 2323 ἵνα
1279 2297 1352 2334 δείξῃ
1365 2298 1379 2324 6
1394 2298 1545 2333 προφήτης,
1555 2299 1595 2331 ὅτι
1606 2298 1649 2329 τίς
1662 2299 1735 2325 ἐστιν
1748 2299 1762 2324 6
1774 2298 1872 2332 λέγων,

1089 2341 1140 2377 ἔφη
1151 2350 1158 2357 θ
1181 2343 1215 2369 Τὸ
1235 2342 1291 2376 γὰρ
1313 2343 1409 2377 στόμα
1426 2344 1534 2376 Κυρίου
1547 2343 1681 2377 ἐλάλησα*
1698 2344 1799 2371 ταῦτα.
1818 2345 1871 2371 Καὶ

1089 2388 1155 2423 ὁρᾷς
1168 2388 1238 2414 κατὰ
1260 2389 1347 2415 πάντα
1367 2388 1468 2423 τρόπον
1479 2389 1528 2424 τὴν
1546 2389 1613 2424 πρὸς
1626 2389 1656 2415 τδ
1671 2389 1740 2415 θεῖον
1755 2389 1871 2424 γράμμα

1088 2433 1189 2459 τούτων
1217 2433 1374 2468 διαφωνίαν,
1397 2435 1442 2460 καὶ
1459 2434 1508 2470 τὴν
1526 2435 1634 2461 ἀλλοίαν
1650 2435 1777 2461 ὑπόνοιὰν
1789 2444 1817 2461 τε
1826 2435 1870 2461 καὶ

1088 2478 1221 2514 ὑπόληψιν
1237 2479 1311 2515 παρὰ
1323 2480 1373 2515 τὴν
1388 2479 1435 2506 τοῦ
1452 2480 1518 2506 Θεοῦ
1532 2481 1622 2507 πεπιν
1635 2481 1683 2507 καὶ
1697 2480 1869 2512 uitale-40in;

1089 2524 1145 2550 Καὶ
1160 2524 1214 2560 γὰρ
1228 2525 1275 2551 καὶ
1291 2525 1445 2560 Μαξιμίλλα
1458 2527 1519 2557 τοὺς
1536 2526 1660 2557 θέλοντας
1672 2526 1719 2552 xui
1735 2526 1773 2561 μὴ
1784 2526 1870 2552 θέλον-

1088 2577 1137 2600 τας
1155 2569 1246 2604 ἔλεγεν
1273 2570 1455 2604 ἀναγκάζειν·
1474 2571 1511 2602 ὡς
1525 2572 1571 2597 καὶ
1583 2571 1613 2603 ἐξ
1632 2571 1715 2597 αὑτοῦ
1728 2571 1775 2597 τοῦ
1791 2571 1870 2606 ῥητοῦ

1087 2614 1216 2649 ψεύσεται
1232 2617 1248 2651 ἡ
1267 2608 1388 2651 τοιαύτη.
1406 2616 1474 2643 Οὒτε
1486 2617 1539 2652 γὰρ
1549 2617 1673 2649 θέλοντας
1687 2616 1788 2648 ἐδίδαξε
1802 2617 1870 2651 γνῶ-

1088 2669 1130 2688 σιν
1144 2661 1221 2694 Θεοῦ,
1234 2663 1267 2697 ἥν
1281 2663 1330 2689 οὐκ
1339 2663 1406 2698 ᾔδει,
1421 2663 1479 2690 οὐδὲ
1495 2664 1557 2695 τοὺς
1569 2664 1606 2699 μὴ
1621 2664 1744 2695 θέλοντας
1754 2665 1869 2700 ἠνάγκα-

290 2715 299 2731 ¹
318 2714 328 2742 l
345 2715 407 2742 Cor.
424 2723 473 2748 xu,
488 2715 532 2742 tl.
569 2716 579 2731 ¹
593 2713 671 2742 Joan.
685 2723 711 2747 x,
728 2716 810 2749 δίἣν,
825 2717 869 2743 23.
907 2717 918 2733 ³
935 2718 986 2745 lsa.
1006 2726 1035 2744 LV

1088 2738 1094 2745 .
1132 2718 1143 2734 ⁸
1158 2719 1250 2747 Matth.
1268 2728 1322 2754 xw,
1341 2721 1386 2748 24.
1425 2722 1436 2737 ⁸
1450 2721 1503 2749 lsa.
1519 2729 1537 2754 ι,
1551 2721 1595 2748 i9.
1632 2723 1643 2738 ‘
1657 2721 1707 2749 lsa.
1723 2730 1800 2755 Lvui,
1815 2723 1856 2750 14.

289 2773 341 2807 (3')
361 2772 440 2800 Forte
455 2772 596 2808 legendum
611 2773 644 2799 ἂν
661 2772 758 2805 ἐλάλει,
778 2774 817 2801 vel
834 2773 919 2801 λαλεῖ.
937 2775 1016 2803 Eutr.
1036 2776 1156 2804 ΡΑτιοι..
