1964 3047
228 135 280 162 879

934 132 963 158 S.
985 130 1155 158 EPlPﬂANll
1185 136 1194 143 “

1806 129 1864 156 830

228 195 330 221 tionem
344 189 548 225 signiﬁcemus;
565 193 593 216 ct
615 189 648 216 ad
667 188 734 216 illud
749 189 838 224 ipsum
855 189 1017 224 propulsan-

1075 186 1316 218 ιαἰασκευάζοντες
1339 186 1368 212 ἐν
1396 185 1508 220 Κυρίῳ·
1534 185 1592 215 τοῖς
1608 184 1656 218 μὲν
1675 183 1863 218 διερχομένοις

228 236 294 262 dum
309 235 406 271 partim
422 242 437 262 e
461 234 625 270 Scripturis,
641 235 740 269 partim
756 241 790 261 ex
814 239 888 262 recta
913 233 1019 261 ratione

229 283 302 310 velut
330 281 560 312 medicamentum
593 280 815 308 confecerimus:
842 279 922 314 cujus
946 284 1020 306 esset

233 327 426 362 opportunius
446 326 557 362 duplex,
581 330 611 353 ut
632 329 660 353 et
683 325 778 362 qui_ea
799 325 959 360 contagione
981 325 1020 351 la-

230 359 369 406 borarent,
387 373 420 401 iis
434 359 513 400 lectis
527 372 562 399 ab
576 372 650 399 omni
664 359 773 407 penitus
790 359 896 404 morbo,
917 378 949 398 ac
963 374 1018 398 tam

231 418 396 446 intolerabili
409 419 533 446 cruciatu
557 417 758 450 relevarentur;
773 419 800 444 et
816 417 863 452 qui
883 417 1019 444 immunes

230 465 364 492 hactenus
381 465 508 496 fuissent,
521 471 554 492 eo
565 463 599 491 ad
612 463 766 491 cautionem
781 466 934 490 uterentur.
950 461 1017 495 Hoc,

231 510 354 545 inquam,
370 509 494 537 veritatis
509 509 739 536 medicamentum
756 507 822 535 dum
837 507 1018 543 prudentibus

1067 233 1107 263 ei;
1125 232 1156 257 τὸ
1182 230 1337 264 ἁνασφῆλαι
1361 229 1410 264 τῆς
1430 229 1520 260 νόσου,
1535 228 1581 255 καὶ
1599 228 1648 263 τῆς
1667 228 1800 263 τοσαύτης
1815 228 1861 254 ἁλ-

1067 276 1178 312 γηδόνος
1191 283 1198 290 ·
1218 276 1274 306 τοῖς
1288 274 1317 300 δὲ
1335 274 1402 309 μηδὲ
1420 272 1627 309 παρεμπεσοῦσί
1642 281 1707 299 ποτε
1720 281 1863 308 προκατα-

1067 322 1207 358 ληπτικὸν,
1223 321 1262 353 ὡς
1280 321 1378 352 εἰπεῖν,
1394 320 1425 346 τὸ
1444 319 1579 354 βοήθημα,
1596 319 1644 345 τοῦ
1660 319 1709 353 τῆς
1731 318 1864 353 ἀληθείας

1068 367 1216 404 φαρμάκου
1244 365 1429 402 μεταδιδόντες
1448 367 1504 396 τοῖς
1519 366 1650 395 συνετοῑς,
1671 363 1792 399 μαθηταὶ
1809 364 1862 389 καὶ

1068 414 1145 441 αὐτοὶ
1159 411 1302 447 κληθῶμεν
1309 410 1364 438 τῶν
1377 410 1424 436 τοῦ
1435 410 1551 445 Χριστοῦ
1564 409 1702 445 μαθητῶν,
1717 409 1764 435 καὶ
1774 409 1860 434 αὐτοῦ

1067 459 1114 486 τοῦ
1145 458 1281 494 Σωτῆρος,
1318 455 1416 492 βοηθοῦ
1447 455 1618 492 ὑπάρχοντος
1651 455 1785 490 σωμάτων
1811 455 1861 481 καὶ

1066 505 1170 541 ψυχῶν.

230 561 469 593 repmscntamus,
485 556 511 584 id
529 556 646 592 agimus,
661 561 690 583 ut
704 556 900 591 discipulorum
916 555 1018 583 Christi
1033 555 1160 590 discipuli
1178 553 1362 587 nominemur,
1380 557 1408 580 et
1427 552 1510 588 hujus
1539 550 1607 579 adeo
1624 551 1721 586 ipsius,
1744 550 1792 586 qui
1817 553 1862 578 est

231 612 378 640 corporum
394 604 603 639 animorumque
623 610 756 631 servator.
807 635 811 641 _

265 651 344 678 Nunc
361 655 536 686 posteaquam
559 651 625 678 satis
645 657 782 684 superque
801 649 828 676 in
851 649 904 676 hac
925 648 1016 676 confu-

231 696 315 724 tanda
331 696 427 723 haeresi
447 695 548 722 versati
565 693 678 726 fuimus,
692 693 845 729 opitulante
857 693 968 720 Christo
986 692 1020 719 ad

231 747 345 771 caeteras
364 741 564 778 aggrediamur,
581 747 732 775 earumque
747 740 835 771 virus,
851 739 903 766 hoc
916 743 959 767 est
975 739 1022 765 ha-

231 794 320 817 matos
339 792 543 822 venenatosque
563 786 668 818 dentes,
698 786 832 817 veritatis,
850 792 910 820 quae
928 789 971 812 est
993 785 1019 811 in

231 843 324 867 cruce,
349 834 424 862 velut
442 833 560 869 quodam
583 832 654 860 Iuste
682 832 911 859 comminuamus.
931 830 1018 864 Quam

231 880 304 907 enim
321 879 499 913 subjecimus,
518 877 706 904 haemorrhazaa
723 878 824 912 viperae
841 876 940 903 similis
955 880 1018 903 est:

1115 645 1160 676 Ὦς
1180 644 1208 670 δὲ
1231 644 1279 670 καὶ
1305 643 1356 678 τὴν
1376 641 1493 668 ἐνταῦθα
1520 641 1620 673 ἱκανῶς
1643 642 1861 678 εἰσηγησάμενοι

1072 691 1135 726 περὶ
1162 690 1265 724 ταύτης
1292 690 1341 724 τῆς
1368 687 1500 724 αἱρέσεως
1521 687 1661 723 ἐργασίαν,
1687 689 1734 715 σὺν
1744 688 1860 724 δυνάμει

1071 735 1191 771 Χριστοῦ
1206 735 1251 761 ἐπὶ
1270 734 1319 766 τὰς
1335 734 1398 769 ἑξῆς
1421 734 1556 768 προϐῆναι
1577 734 1690 765 ἑαυτοὺς
1704 734 1858 769 ἐπιδῶμεν·

1069 782 1115 808 τὸν
1137 782 1185 817 μὲν
1210 781 1258 812 ἰὸν,
1280 781 1316 806 τὰ
1339 779 1528 815 ἀγκιστροειδῆ
1553 779 1608 806 τῶν
1634 780 1748 807 ὀδόντων
1770 780 1860 815 αὐτῆς

1071 829 1205 864 φάρμακα
1229 828 1258 853 ὲν
1285 826 1325 862 τῷ
1351 827 1400 862 τῆς
1424 826 1554 862 ἀληθείας
1572 826 1619 853 τοῦ
1641 827 1757 862 σταυροῦ
1785 826 1860 861 ξύλῳ

1071 873 1290 905 καταθλάσαντες
1301 875 1321 906 ¹,
1339 875 1372 908 τῇ
1399 873 1544 908 αἱμορῤοίᾳ
1562 872 1653 909 ἐχίδνῃ
1679 873 1799 909 ἐοικυιᾳ,
1823 872 1860 910 ἦς

232 927 313 962 cujus
332 926 408 953 virus
434 932 466 952 ea
487 925 514 952 vi
532 923 674 959 prmditum
699 927 751 955 est,
777 927 808 949 ut
831 929 926 950 eorum
949 929 1019 956 quos

1075 921 1088 956 ἡ
1106 920 1179 956 λύμη
1194 919 1251 946 τῶν
1267 919 1440 955 δεδηγμὲνων
1451 920 1461 934 ³
1482 919 1582 952 παντὸς
1601 919 1648 946 τοῦ
1666 919 1792 955 σώματος
1808 922 1859 947 ὲκ-

232 971 420 1005 momorderit,
431 977 540 998 omnem
552 978 567 997 e
577 969 741 1005 corporibus
751 969 911 1004 sanguinem
921 975 1017 996 cxcer-

233 1022 291 1050 nat,
309 1018 401 1052 itaque
415 1016 553 1043 conﬁciat.
573 1014 651 1048 Quod
672 1014 762 1049 ipsum
778 1013 1018 1046 Quintillianorum

233 1067 345 1099 praestat
358 1063 481 1091 haeresis.
502 1060 659 1088 Innocentis
676 1060 748 1087 enim
761 1059 868 1095 pueruli
889 1059 1020 1087 confosso

233 1116 360 1144 corpore,
380 1108 539 1142 sanguinem
558 1113 666 1133 onmem
694 1105 806 1140 excipit,
824 1113 879 1140 quo
902 1105 929 1132 in
953 1105 1020 1132 cele-

233 1155 347 1182 brandis
368 1152 622 1188 participandisque
650 1151 786 1186 mysteriis
809 1151 844 1177 ad
868 1151 1020 1178 circumve-

235 1201 352 1229 nieudos
370 1200 495 1227 homines
511 1198 615 1226 nefarie
630 1199 763 1225 abutitur.

271 1247 413 1274 Postremo
428 1249 575 1280 antequam
588 1251 638 1271 nos
649 1243 752 1271 Christi
769 1243 890 1278 potentia
908 1242 969 1270 freti
986 1242 1020 1269 ad

234 1293 355 1328 reliquas
377 1292 562 1326 accingamus,
579 1290 655 1317 illius
670 1290 812 1317 veritatem
830 1289 1019 1324 imploremus.

235 1345 266 1366 ut
287 1338 391 1365 erroris
414 1337 550 1372 cujusque
566 1336 680 1371 vestigia
707 1335 877 1367 subodorati,
897 1335 1021 1370 ejusdem

236 1387 377 1419 comperta
392 1382 564 1418 disiectaque
583 1382 619 1414 vi,
634 1381 690 1409 Deo
702 1381 730 1408 in
742 1381 870 1409 omnibus
881 1389 931 1416 pro
946 1389 979 1409 eo
991 1388 1022 1408 ac

237 1430 358 1459 solemus
371 1429 486 1465 gratiam
504 1427 664 1455 habeamus.

386 1491 572 1521 ADVERSUS
592 1490 870 1532 QUINTILLIANOS,

236 1550 294 1578 Sive
316 1550 491 1584 Pepuzianos,
514 1554 538 1576 et
567 1548 762 1584 Prisciiligngs,
782 1546 1021 1584 ᾳιιὶιζιιξ-αςεοάιιηε

305 1590 330 1612 et
344 1582 509 1620 Artotyritw,
524 1584 630 1612 haeresis
644 1583 751 1615 XXIX,
764 1582 817 1611 sine
831 1582 935 1612 XLIX.

273 1641 293 1669 Ι.
320 1640 502 1675 Quintilliani,
530 1640 576 1676 qui
603 1644 630 1667 et
655 1639 803 1675 Pepuziani
821 1644 966 1674 vocantur,
995 1645 1021 1668 et

237 1687 403 1722 Artotyritas,
422 1694 454 1714 ac
474 1686 652 1720 Priscilliani,
674 1687 747 1714 inter
769 1685 891 1722 Phrygas
907 1693 1022 1714 censen-

238 1740 293 1766 tttr,
307 1738 334 1761 et
345 1734 380 1761 ab
395 1733 429 1761 iis
444 1733 533 1760 exorti
552 1737 627 1764 sunt,
650 1733 698 1760 sed
714 1732 838 1760 nonnihil
856 1737 947 1760 tamen
962 1733 1019 1760 dis-

238 1783 362 1815 crepant.
390 1778 496 1806 Etenim
525 1778 644 1814 Phryges
674 1778 733 1810 isti,
761 1778 819 1806 sive
844 1777 1020 1808 Priscilliani,

239 1825 410 1858 Quintillam,
431 1827 478 1851 aut
501 1823 666 1854 Priscillam,
687 1830 776 1858 neque
799 1823 873 1849 enim
901 1826 961 1850 utra
986 1823 1023 1850 sit

239 1875 315 1898 certo
345 1870 448 1898 scimus
463 1890 470 1902 ,
490 1869 573 1905 418
590 1869 638 1896 sed
658 1869 754 1895 harum
782 1868 895 1896 alteram
926 1869 1023 1896 dicunt

239 1916 353 1952 Pepuza:
364 1915 510 1950 aliquando
525 1922 622 1942 somno
642 1920 808 1949 correptam.
830 1914 898 1942 Tum
913 1914 948 1942 ad
961 1922 1021 1942 eam

240 1962 414 1990 descendisse
425 1961 575 1992 Christum,
593 1968 626 1988 ac
638 1961 719 1988 simul
733 1968 796 1987 cum
815 1961 873 1995 ipsa
889 1960 1021 1995 ejusmodi

240 2008 335 2036 habitu
364 2007 520 2040 dormiisse,
547 2012 577 2033 ut
604 2014 672 2033 vana
697 2007 856 2034 muliercula
877 2007 1020 2041 jac-tabat:

239 2054 375 2086 Muliebri,
391 2053 490 2088 inquit,
511 2053 604 2087 specie,
617 2061 648 2079 ac
662 2057 730 2080 veste
743 2053 881 2087 splendida
902 2053 969 2080 venit
988 2053 1022 2080 ad

239 2109 280 2127 me
290 2100 422 2131 Christus,
441 2099 553 2134 mihique
569 2099 725 2132 sapientiam
740 2098 845 2131 indidit,
866 2103 943 2134 atque
954 2099 1023 2125 Imm:

241 2147 326 2172 locum
339 2150 460 2172 sanctum
473 2153 528 2172 esse
545 2144 720 2179 signiﬁcavit;
737 2144 765 2171 in
785 2152 893 2180 eumque
903 2151 1023 2172 sanctam

1071 966 1169 1000 κρίνει,
1188 966 1234 992 καὶ
1247 965 1332 997 οὕτως
1344 966 1354 981 ³
1369 965 1413 992 τὸν
1427 965 1541 992 θάνατον
1559 965 1694 992 ἐκϐάλλει.
1715 966 1788 1002 Αὕτη
1803 967 1862 1003 γὰρ

1071 1013 1119 1039 καὶ
1141 1013 1158 1048 ἡ
1182 1012 1236 1039 τῶν
1261 1011 1472 1039 Κυϊντιλλιανῶν
1495 1012 1599 1046 αἵρεσις
1623 1012 1701 1038 τοῦτο
1727 1013 1858 1042 ἐπιτελεῖ.

1078 1057 1210 1094 Ἀφθόρου
1229 1058 1284 1094 γὰρ
1306 1058 1400 1090 παιδὸς
1420 1059 1574 1093 κατακεντᾷ
1592 1058 1625 1084 τὸ
1654 1058 1743 1093 σῶμα,
1758 1059 1804 1084 καὶ
1829 1059 1862 1085 τὸ

1074 1101 1144 1139 αἷμα
1163 1104 1244 1139 δῆθεν
1268 1105 1307 1135 εἰς
1334 1104 1484 1139 μετάληψιν
1502 1104 1685 1140 ἀποφέρεται,
1705 1105 1745 1136 εἰς
1774 1113 1862 1139 μυστ-

1075 1149 1199 1184 αγωγίαν
1215 1149 1346 1185 ὀνόματος
1357 1149 1476 1185 Χριστοῦ
1490 1150 1553 1182 τοὺς
1574 1150 1767 1186 ἠπατημένους
1791 1150 1862 1177 πλα-

1074 1203 1147 1222 νωσα

1112 1241 1207 1276 Ἡμεῖς
1219 1241 1247 1267 δὲ
1263 1241 1310 1268 ἐπὶ
1325 1241 1374 1273 τὰς
1385 1241 1449 1277 ἑξῆς
1462 1241 1492 1268 ὲν
1511 1241 1625 1276 δυνάμει
1638 1241 1758 1277 Χριστοῦ
1773 1250 1861 1277 προσ-

1071 1287 1231 1322 ερχόμενοι,
1255 1287 1304 1323 τὴν
1337 1287 1422 1314 αὑτοῦ
1456 1284 1585 1322 ἀλήθειαν
1611 1287 1860 1324 ἐπικαλεσώμεθα·

1069 1333 1159 1364 ὅπως,
1181 1333 1298 1367 ἑκάστης
1321 1333 1426 1369 πλάνης
1451 1333 1687 1369 ὶχνηλατήσαντες,
1708 1334 1758 1370 τὴν
1779 1335 1862 1362 δύνα-

1072 1388 1118 1415 μιν
1142 1380 1318 1415 φωράσαντες
1337 1389 1368 1407 τε
1385 1381 1433 1407 καὶ
1467 1380 1642 1416 ὲλέγξαντες,
1664 1381 1724 1418 Θεῷ
1739 1383 1769 1408 ἐν
1791 1383 1862 1409 πᾶσι

1071 1425 1194 1461 συνήθως
1214 1426 1467 1461 εὐχαριστήσωμεν.

1266 1494 1361 1521 ΚΑΤΑ
1379 1490 1655 1522 ΚΥῘΝΤΙΛΛΙΑΝΩΝ
1662 1516 1669 1528 ,

1070 1551 1130 1577 Ε1τ’
1159 1548 1216 1578 οὖν
1234 1550 1452 1582 Πεπουζὶανῶν,
1477 1552 1526 1578 καὶ
1546 1552 1797 1585 Πρισκιλλιανῶν,
1813 1551 1861 1586 οἷς

1140 1586 1322 1614 συνέπονται
1331 1586 1537 1621 Ἀρτοτυρῖται,
1549 1589 1614 1619 KO’,
1630 1589 1647 1622 ή
1658 1588 1786 1621 καῌιιεῖ.

1106 1642 1145 1669 A'.
1166 1641 1366 1669 Κυϊντιλλιανοὶ
1379 1643 1407 1669 δὲ
1418 1643 1508 1675 πάλιν,
1517 1644 1543 1669 οἱ
1557 1644 1603 1670 καὶ
1617 1643 1796 1676 Πεπουζιανοὶ
1810 1653 1861 1672 xa—

1071 1688 1205 1724 λούμενοι,
1215 1688 1400 1724 Ἀρτοτυρῖταί
1410 1697 1439 1715 τε
1450 1689 1704 1724 καὶΠρισκιλλιανοὶ
1709 1689 1859 1725 λεγόμενςι,

1071 1735 1096 1760 οἱ
1109 1734 1184 1760 αὐτοὶ
1200 1734 1248 1769 μὲν
1261 1734 1336 1764 ὄντες
1349 1734 1420 1760 κατὰ
1430 1734 1548 1769 Φρύγας,
1566 1735 1613 1760 καὶ
1627 1735 1656 1768 ἐξ
1669 1735 1758 1761 αὐτῶν
1769 1734 1862 1770 ὁρμώ-

1073 1787 1157 1814 μενοι·
1169 1779 1310 1814 διῄρηνται
1325 1779 1354 1805 δὲ
1370 1780 1441 1806 κατά
1452 1788 1513 1806 τινα
1521 1779 1631 1814 τρόπον.
1645 1780 1714 1806 Φασὶ
1723 1780 1777 1816 γὰρ
1788 1779 1862 1807 οὗτοι

1070 1826 1094 1851 οἱ
1105 1825 1174 1852 κατὰ
1180 1825 1296 1861 Φρύγας,
1305 1825 1390 1852 εἷτουν
1401 1825 1611 1861 Πρισκιλλιανοὶ,
1621 1827 1649 1853 ὲν
1661 1827 1694 1862 τῇ
1705 1827 1832 1864 Πεπούζῃ
1842 1827 1859 1862 ἢ

1071 1870 1244 1902 Κυϊντιλλαν,
1259 1871 1275 1906 ἦ
1292 1871 1456 1907 Πρίσκιλλαν
1466 1891 1472 1903 ,
1489 1872 1540 1898 οὐκ
1554 1872 1607 1906 ἔχω
1620 1871 1741 1908 ἀκριϐῶς
1757 1872 1859 1906 λέγειν,

1073 1914 1136 1950 μίαν
1147 1915 1177 1941 δὲ
1193 1915 1222 1948 ἐξ
1236 1915 1336 1947 αὐτῶν,
1357 1916 1394 1948 ὠς
1415 1917 1555 1951 προεῖπον,
1577 1918 1605 1942 ὲν
1623 1917 1656 1952 τῇ
1671 1917 1796 1952 Πεπούζῃ
1813 1925 1859 1943 κε·

1072 1961 1279 1996 καθευδηκέναι,
1289 1962 1390 1989 καὶτὸν
1401 1961 1516 1998 Χριστὸν
1523 1962 1589 1998 πρὸς
1599 1962 1683 1998 αὐτὴν
1691 1963 1859 1998 ἐληλυθέναι,

1073 2006 1275 2033 συνυπνωκὲναι
1291 2015 1322 2032 τε
1342 2007 1410 2042 αὐτῇ
1429 2007 1515 2042 τούτῳ
1528 2007 1568 2042 τῷ
1585 2007 1693 2043 τρόπῳ,
1712 2008 1750 2039 ὡς
1768 2007 1860 2043 ἐκείνη

1072 2053 1239 2088 ἀπατωμένη
1254 2053 1355 2087 ἔλεγεν·
1372 2053 1423 2080 Ἐν
1440 2052 1513 2086 ιδέᾳ,
1528 2053 1604 2088 φησὶ,
1620 2053 1762 2088 γυναικὸς
1771 2054 1862 2088 ἐσχη-

1069 2098 1252 2132 ματισμένος
1265 2099 1300 2125 ἐν
1313 2098 1410 2133 στολῇ
1422 2098 1544 2133 λαμπρᾷ
1560 2097 1634 2134 ἦλθε
1650 2099 1724 2133 πρὸς
1739 2099 1779 2133 μὲ
1793 2101 1860 2133 Χρι-

1071 2144 1156 2177 στὸς,
1169 2145 1218 2171 καὶ
1232 2145 1374 2172 ἐνέϐαλεν
1393 2145 1428 2171 ἐν
1440 2145 1503 2180 ἐμοὶ
1516 2145 1573 2179 τὴν
1590 2146 1711 2180 σοφίαν,
1728 2145 1777 2172 καὶ
1787 2146 1860 2173 ἁπε-

242 2190 409 2218 llierusalem
430 2190 526 2217 delabi.
542 2189 582 2218 οι»
603 2190 629 2218 id
648 2190 785 2217 nonnullae
806 2190 840 2217 ad
860 2190 1020 2218 hodiernum

1075 2189 1194 2224 κάλυψέ
1201 2199 1252 2225 μοι
1262 2190 1379 2217 τουτονὶ
1391 2190 1445 2217 τὸν
1453 2192 1546 2218 τύπον
1552 2189 1629 2218 εἶναι
1639 2191 1733 2226 ἄτιον,
1740 2192 1790 2218 καὶ
1803 2189 1861 2218 ὦδε

242 2245 328 2272 usque
341 2241 449 2271 tempus
463 2236 590 2263 mulieres
602 2243 633 2262 ac
649 2236 699 2262 viri
718 2236 814 2263 eodem
828 2236 927 2263 initiari
947 2237 1022 2264 cultu

243 2285 344 2314 solent,
366 2286 396 2309 ut
422 2282 522 2310 ibidem
542 2281 708 2309 excubantes
731 2281 872 2309 Christum
899 2286 1022 2310 contem-

241 2328 362 2363 plcntur.
385 2327 568 2360 Quamobrem
593 2327 651 2354 sive
679 2327 750 2362 apud
776 2327 856 2361 istos,
877 2328 934 2355 sive
953 2328 1024 2363 apud

240 2373 376 2409 Phrygas,
399 2373 581 2408 prophetissa:
605 2372 713 2400 feminae.
734 2378 944 2408 nuncupantur,
975 2383 1024 2402 nec

241 2426 367 2448 utrorum
383 2419 410 2447 id
425 2420 578 2447 institutum
590 2419 626 2447 sit
640 2420 708 2447 satis
723 2421 843 2455 comperi
861 2430 866 2447 :
881 2425 1023 2456 propterea

241 2466 314 2502 quod
331 2466 513 2494 communiter
529 2465 641 2502 degunt,
659 2469 741 2501 atque
762 2466 833 2494 idem
849 2467 946 2502 dogma
963 2475 1026 2503 pro-

242 2514 363 2541 ﬁtentur.

276 2601 307 2628 ll.
329 2600 483 2636 Utrumque
506 2608 588 2636 porro
602 2600 808 2629 Testamentum
834 2602 975 2632 adhibent.
999 2607 1026 2629 et

243 2652 413 2675 mortuorum
437 2648 665 2675 resurrectionem
686 2648 845 2683 approbant.
862 2647 1021 2681 Quintillam

240 2701 306 2721 vero
323 2700 385 2720 cum
402 2692 528 2721 Priscilla
541 2696 669 2720 auctores
685 2700 751 2720 suas
767 2693 926 2728 prmdicant,
938 2702 1020 2729 quam

241 2742 268 2764 et
287 2737 407 2773 Phryges
422 2738 571 2765 asciscunt.
595 2737 693 2766 Multas
707 2741 734 2764 ct
753 2738 914 2766 vanissimas
928 2745 1022 2766 aucto-

1074 2235 1132 2269 τὴν
1155 2236 1353 2270 Ἰερουσαλὴμ
1365 2236 1400 2263 ἐκ
1419 2237 1472 2264 τοῦ
1491 2237 1621 2270 οὐρανοῦ
1644 2237 1785 2264 κατιέναι.
1803 2237 1860 2270 Διὸ,

1073 2281 1140 2316 φησὶ
1152 2281 1173 2313 ⁸,
1199 2282 1245 2308 καί
1270 2282 1332 2317 ἄχρι
1354 2283 1404 2318 τῆς
1431 2282 1512 2318 δεῦρο
1536 2282 1667 2318 μυοῦσθαί
1690 2291 1765 2314 τινας
1790 2283 1863 2309 οὕτω

1074 2328 1205 2360 γυναῖκας
1227 2328 1316 2354 ἐκεῖσε
1331 2328 1359 2354 ἐν
1382 2328 1421 2363 τῷ
1445 2328 1520 2364 τόπῳ
1537 2329 1584 2355 καὶ
1609 2328 1719 2364 ἄνδρας,
1739 2329 1807 2363 πρὸς
1831 2329 1862 2356 τὸ

1075 2373 1252 2408 ὲπιμεινάσας
1265 2373 1349 2405 αὐτὰς
1365 2374 1380 2409 ἢ
1395 2374 1492 2406 αὐτοὺς
1506 2375 1552 2401 τὸν
1573 2375 1689 2409 Χριστὸν
1712 2375 1860 2411 θεωρῆσαι.

1078 2419 1206 2450 Γυναῖκες
1219 2417 1265 2446 οὖν
1284 2421 1350 2456 παρ’
1366 2420 1456 2452 αὐτοῖς
1471 2420 1615 2447 καλοῦνται
1634 2421 1805 2457 προφήτιδες.
1823 2422 1862 2448 Οὐ

1079 2465 1148 2492 πάνυ
1159 2465 1187 2492 δὲ
1202 2466 1296 2500 σαφῶς
1305 2465 1371 2499 οἶδα,
1386 2467 1402 2501 ἢ
1417 2468 1481 2502 παρ’
1491 2467 1592 2498 αὐτοῖς,
1605 2467 1622 2501 ἢ
1633 2468 1708 2501 παρὰ
1721 2468 1776 2500 τοῖς
1792 2468 1863 2494 κατά

1074 2511 1193 2546 Φρύγας.
1220 2512 1303 2547 Ὀμοῦ
1328 2513 1382 2548 γάρ
1409 2514 1479 2545 εισι,
1508 2513 1554 2539 καὶ
1585 2513 1651 2540 αὐτὸ
1677 2513 1707 2540 τὸ
1734 2515 1862 2550 φρόνημα

1075 2557 1229 2593 κέκτηνται.

1110 2603 1147 2629 B'.
1164 2604 1319 2638 Κέχρηνται
1339 2604 1367 2630 δὲ
1383 2601 1455 2631 οὗτοι
1471 2605 1577 2639 Παλαιᾷ
1594 2605 1641 2631 καὶ
1655 2605 1712 2640 Νέᾳ
1729 2605 1863 2642 Διαθήκῃ,

1076 2648 1122 2675 καὶ
1137 2649 1285 2676 ἀνάστασιν
1298 2650 1401 2686 νεκρῶν
1418 2650 1518 2686 ὁμοίως
1539 2651 1684 2685 φάσκουσι.
1702 2651 1865 2678 Κυΐντιλλαν

1075 2694 1104 2720 δὲ
1115 2694 1220 2730 ἔχουσιν
1231 2695 1351 2731 ἀρχηγὸν
1368 2696 1424 2732 ἅμα
1437 2696 1596 2732 Πρισκέλλῃ,
1610 2698 1644 2732 τῇ
1658 2697 1704 2722 καὶ
1718 2696 1794 2732 παρά
1810 2699 1865 2728 τοῖς

1075 2741 1146 2767 κατὰ
1173 2741 1292 2776 Φρύγας.
1318 2743 1432 2778 Φέρουσι
1451 2744 1480 2770 δὲ
1512 2743 1664 2779 μαρτυρίας
1686 2743 1787 2775 mam;
1811 2753 1865 2780 μα-

278 2814 287 2830 ¹
301 2813 430 2841 honnibil
444 2813 624 2842 desideratur.
664 2815 674 2830 '
689 2812 768 2842 Deest
783 2811 862 2849 αἷμα.
902 2816 911 2831 ³
930 2816 995 2843 Cor.
1013 2825 1020 2843 ι

1075 2817 1110 2843 τὸν
1125 2817 1219 2846 (id-ut.
1236 2823 1262 2847 et
1276 2820 1417 2856 ἐμϐάλλει.
1456 2822 1465 2838 ⁸
1481 2821 1510 2850 F.
1527 2823 1604 2858 φασί.
