1964 3047
92 177 144 206 881
431 174 616 203 ADVERSUS
634 174 806 203 II/ERESES
827 174 882 202 LIB

937 194 943 202 .
965 173 1048 202 TOM.
1066 173 1124 201 l.—
1143 171 1282 200 ll/ERES.
1305 169 1336 197 L.
1666 164 1720 192 832

93 238 184 268 ταίας,
208 237 288 272 χάριν
307 236 422 268 διδόντες
439 237 472 272 τῇ
488 236 556 272 Εὕα,
571 237 611 263 ὅτι
629 235 723 272 πρώτη
737 235 883 272 ίβέϐρωκεν

937 235 1029 262 ritates
1045 233 1253 262 circumferunt.
1271 231 1444 266 Singularem
1459 227 1520 255 Eva:
1535 227 1649 262 gratiam
1669 226 1719 252 tri-

94 283 151 310 ἀπῇ
163 282 210 309 τοῦ
224 282 303 316 ξύλου
316 282 365 318 τῆς
382 283 549 317 φρονήσεως.
568 283 624 309 Καὶ
638 283 686 318 τὴν
701 282 817 317 ἀδελφὴν
836 281 882 308 τοῦ

937 281 1032 311 buunt,
1052 280 1125 315 quod
1147 279 1236 314 prima
1251 279 1285 305 de
1305 277 1426 304 scientiae
1446 275 1536 302 fructu
1556 272 1718 300 comederit.

96 329 236 360 Μωῦσέως
246 329 283 360 ὡς
294 328 447 364 προφήτιδα
461 328 594 362 λέγουσιν,
610 328 650 360 είς
662 327 814 364 μαρτυρίαν
829 326 883 353 τῶν

96 376 163 411 παρ’
173 376 265 407 αὐτοῖς
275 375 480 410 καθισταμένων
490 373 626 408 γυναικῶν
640 375 667 400 ἐν
679 374 727 410 κλή
732 383 780 409 ρῳ.
793 373 882 404 “Αλλὰ,

97 419 175 455 φησι,
191 420 322 454 τέσσαρες
336 420 483 455 θυγατέρες
497 417 566 454 ἦσαν
579 418 618 454 τῷ
635 418 760 453 Φιλίππῳ
775 427 883 454 προφη-

100 467 237 492 τεύουσαι.
257 466 389 497 Πολλάκις
400 465 429 492 δὲ
448 466 477 492 ὲν
495 466 528 500 τῇ
544 464 648 492 ἑαυτῶν
680 464 812 499 ἐκκλησίᾳ
829 465 884 490 εἰσ-

97 512 224 547 έρχονται
248 511 510 546 λαμπαδηφοροῦσαι
539 511 610 538 ἐτττὰ
638 519 711 542 τινες
735 510 882 546 παρθένοι,

97 558 280 594 λευχείμονες,
295 558 374 594 δῆθεν
392 559 547 594 ἐρχόμεναι,
563 558 608 585 ἵνα
623 556 830 593 προφητεύσωσι
845 556 884 592 τῷ

97 604 165 639 λαῷ.
180 605 211 630 At
231 605 259 631 δὲ
275 605 375 640 τρόπον
385 605 446 632 τινὰ
463 605 666 640 ἐνδεικνύμεναι
686 603 883 639 ἐνθουσιασμοῦ

97 652 155 682 τοῖς
179 651 297 687 παροῦσι
318 652 393 683 λαοῖς
419 652 527 687 ἀπάτην
545 652 718 687 ἐργάζονται,
737 650 842 678 κλαίειν
854 659 884 677 τε

98 696 231 729 ποιοῦσιν,
247 697 285 728 ὡς
299 697 389 724 οἶκτον
403 697 546 733 μετανοίας
557 698 681 732 ἄγουσαι,
701 697 806 732 δάκρυα
826 696 887 732 χεό-

99 751 191 778 μεναι,
203 744 251 770 καὶ
275 743 394 778 σχήματί
418 752 471 770 τινι
493 743 690 778 ὲποόυρόμεναι
705 742 750 770 τὸν
764 742 818 768 τῶν
839 742 886 768 ἀν-

98 788 217 824 Θρώπων
233 789 299 824 βίον.
327 789 487 816 Ἐπίσκοποί
502 798 531 815 τε
553 790 617 824 παρ’
636 789 728 820 αὐτοῖς
744 789 884 823 γυναῖκες.

99 835 146 861 καὶ
160 834 338 871 πρεσϐύτεροι
354 836 493 869 γυναῖκες,
516 835 564 862 καὶ
585 835 619 861 τὰ
644 835 727 862 ἄλλα²
741 835 779 867 ὠς
802 834 884 870 μηδὲν

98 879 238 914 διαφέρειν
261 881 342 916 φησίν
358 882 377 907 ¹.
404 882 452 908 Ἐν
475 881 530 917 γὰρ
551 880 668 914 Χριστῷ
691 881 793 915 Ἰησοῦ
815 881 885 908 οὔτε

70 928 73 934 “
98 926 194 960 ἄρσεν
208 926 277 953 οὔτε
303 926 390 961 θῆλυ.
416 927 509 954 Ταῦτά
530 928 618 958 ἐστιν,
634 926 652 953 ἃ
672 927 883 961 κατειλήφαμεν.

106 971 299 1008 Ἀρτοτυρίτας
314 973 343 999 δὲ
366 973 465 1004 αὐτοὺς
481 972 609 1000 καλοῦσιν
631 972 686 999 ἀπὸ
709 971 756 998 τοῦ
780 973 808 998 ἐν
829 973 885 1003 τοῖς

97 1017 188 1044 αὐτῶν
206 1017 366 1053 μυστηρίοις
378 1018 553 1050 ἐπιτιθέντας
568 1017 650 1054 ἄρτον
668 1017 716 1044 καὶ
734 1018 826 1053 τυρὸν,
838 1017 886 1044 καὶ

97 1063 185 1095 οὕτως
200 1065 286 1090 ποιεῖν
302 1064 336 1091 τὰ
350 1064 440 1090 αὐτῶν
458 1065 602 1100 μυστήρια.

135 1139 171 1165 Γ’.
201 1139 279 1165 Πᾶσα
303 1138 330 1165 δὲ
351 1139 502 1174 ἀνθρώπων
520 1138 602 1173 χλεύη
627 1139 656 1164 ἐν
672 1138 711 1173 τῷ
733 1138 884 1173 ἀποστῆναι

98 1184 154 1212 ἀπὸ
177 1185 226 1220 τῆς
253 1185 335 1220 ὀρθῆς
356 1185 487 1217 πίστεως,
516 1185 563 1210 καὶ
580 1185 620 1216 είς
646 1184 801 1220 ἀμηχανίαν
821 1185 885 1220 τρέ-

99 1230 209 1263 πεσθαι,
223 1231 269 1258 καὶ
286 1232 326 1263 εἰς
339 1231 470 1267 διαφορὰν
489 1230 693 1266 ὲνθουσιασμῶν
708 1239 739 1257 τε
752 1231 799 1257 καὶ⁵
810 1231 885 1266 ἐνερ-

99 1277 190 1312 γειῶν.
209 1274 457 1312 Ἐκῦακχευόμεναι
473 1277 527 1312 γὰρ
539 1278 567 1303 αἱ
581 1277 695 1303 διάνοιαι
708 1277 753 1304 ἀεὶ
768 1276 831 1309 τοὺς
847 1277 884 1313 μὴ

99 1323 264 1358 κατέχοντας
277 1323 325 1358 τὴν
346 1322 470 1358 ἄγκυραν
493 1323 542 1358 τῆς
561 1322 700 1358 ἀληθείας,
720 1323 778 1349 ἀλλ’
798 1323 884 1350 ἐπιδι-

98 1367 190 1400 δόντας
201 1363 314 1406 ἑαυτοὺς
330 1367 370 1403 τῷ
381 1368 489 1405 φέροντι
499 1368 569 1394 κατὰ
581 1369 670 1395 πᾶσαν
682 1368 771 1395 ὁτιοῦν
784 1369 884 1397 αἰτίαν.

101 1414 159 1441 Κᾶν
175 1423 205 1441 τε
233 1415 288 1450 γὰρ
304 1412 431 1448 γυναῖκες
454 1415 518 1450 παρ’
543 1415 635 1447 αὐτοῖς
655 1416 696 1447 εἰς
732 1416 885 1452 ἐπισκοπὴν

99 1460 144 1486 καὶ
181 1459 377 1495 πρεσσυτέριον
422 1459 598 1487 καθίστανται
630 1460 675 1488 διὰ
707 1461 758 1497 τὴν
791 1461 884 1495 Εὕαν,

99 1504 226 1531 ἀκούουσι
254 1504 300 1532 τοῦ
323 1505 426 1541 Κυρίου
453 1506 593 1541 λέγοντος·
620 1507 699 1542 Πρὸς
721 1508 776 1535 τὸν
789 1508 884 1543 ἄνδρα

99 1560 157 1578 σου
167 1553 186 1585 ἡ
199 1551 375 1587 ἀποστροφή
389 1561 447 1579 σου
457 1574 465 1586 ,
479 1553 529 1580 καί
541 1554 633 1587 αὑτός
646 1561 704 1581 σου
719 1555 882 1588 κυριεύσει.

98 1598 201 1633 Δέληθε
223 1598 252 1625 δὲ
280 1599 378 1630 αὐτοὺς
402 1600 450 1625 καὶ
475 1600 489 1626 ὁ
514 1599 692 1631 ἀποστολικδς
720 1599 816 1634 λόγος·
841 1600 883 1627 ὃτι

99 1643 224 1670 Γυναικὶ
247 1645 303 1671 οὐκ
325 1644 472 1678 ἐπιτρέπω
492 1645 616 1677 λαλεῖν,
639 1645 708 1673 οὔτε
729 1645 884 1672 αὐθεντεῖν

97 1689 207 1724 ἀνδρός
219 1697 226 1704 ·
246 1690 295 1716 καὶ
309 1690 390 1717 πάλιν
400 1698 407 1706 ο
425 1691 466 1718 οὐ
479 1690 534 1725 γάρ
547 1691 633 1718 ἐστιν
645 1691 723 1726 ἀνὴρ
735 1691 770 1718 ἐκ
784 1699 885 1726 γυναι-

98 1734 162 1767 κὸς,
187 1735 268 1762 ἀλλὰ
284 1735 361 1770 γυνὴ
383 1736 417 1768 ἐξ
437 1736 545 1770 ἀνδρός
558 1744 566 1752 ο
584 1737 641 1768 καὶ,
669 1737 700 1763 '0
721 1737 807 1771 Ἀδὰμ
828 1739 884 1764 οὐκ

97 1779 266 1814 ήκάτηται,
291 1781 362 1808 ἀλλ’
383 1781 403 1815 ἠ
430 1782 494 1809 Εὔα
519 1781 618 1816 πρώτη
642 1782 829 1816 ἁπατηθεῖσα
850 1783 885 1810 ἐν

98 1826 263 1859 παραϐάσει
282 1827 395 1861 γέγονε.
418 1828 474 1854 Καὶ
489 1827 512 1854 ὦ
533 1828 584 1862 τῆς
605 1828 759 1864 πολυφόρου
780 1829 885 1865 πλάνης

98 1869 145 1896 τοῦ
162 1870 264 1906 κόσμου
277 1871 374 1898 τούτου
384 1872 390 1898 l

135 1959 179 1986 Διὸ
198 1959 236 1990 ὡς
249 1959 332 1986 νωδόν
348 1968 374 1986 τι
391 1960 438 1986 καὶ
449 1960 604 1996 ἀφροσύνης
619 1960 746 1996 ἔμπλεον,
763 1962 886 1990 ἀσκαλα-

99 2004 186 2030 ϐώτου
200 2004 277 2040 δίκην
289 2005 391 2042 ταύτην
401 2006 554 2043 παρελθὼν,
566 2007 613 2034 ἐπὶ
629 2008 678 2040 τὰς
695 2008 758 2044 ἑξῆς
778 2009 886 2044 βαδιοῦ-

101 2058 160 2085 μαι,
175 2047 198 2076 ὧ
217 2051 365 2086 ἀγαπητοὶ,
380 2050 446 2079 Θεὸν
465 2053 675 2088 ἐπικαλούμενοι
686 2055 696 2070 ²
708 2055 748 2086 είς
760 2054 886 2090 βοήθειαν

99 2096 149 2130 τῆς
163 2096 300 2132 ἡμετέρας
319 2098 522 2134 ταπεινότητος,
544 2100 592 2126 καὶ
615 2100 657 2131 εἰς
674 2099 814 2136 πλήρωσιν
837 2101 887 2136 τῆς

100 2142 179 2177 ἡμῶν
199 2143 374 2177 ἐπαγγελίας.

180 2198 276 2224 ΚΑΤΑ
295 2199 730 2229 ΤΕΣΣΔΡΕΣΚΔΙΔΕΚΑΤΙΤΩΝ
750 2202 807 2239 (ϐ),

252 2255 426 2290 Τριακοστὴ,
441 2257 460 2291 ὴ
472 2257 522 2284 καί
537 2258 738 2292 nev-tanni.

134 2313 174 2339 A‘.
200 2312 265 2339 ’Λπὺ
278 2313 381 2340 τούτων
400 2314 454 2342 τῶν
467 2314 514 2342 δύο
528 2315 660 2351 αἱρέσεων
676 2315 744 2352 ὁμοῦ
757 2315 885 2352 ἀλλήλαις

138 2390 147 2406 ¹
163 2389 225 2428 C9r_.
239 2390 334 2428 φύσιν.
373 2392 382 2407 ⁸
396 2391 424 2418 F.
443 2393 665 2428 ᾅπικαλούμενος.

99 2425 144 2453 δι.
182 2426 192 2441 ⁷
210 2425 218 2452 l
235 2426 298 2453 Cor.
316 2434 354 2458 ιιι,
370 2427 398 2454 8.
443 2427 476 2454 ‘l
493 2427 564 2456 Tim.
577 2425 616 2459 ἰι.
632 2425 676 2457 Η.

135 2503 172 2539 (6)
195 2504 568 2537 Τεσσαρεσκαιδεκατιτῶν,
588 2505 645 2533 sive
661 2506 885 2539 Quartadecima-

100 2547 205 2576 uomm_
222 2539 332 2576 lueresis
357 2547 388 2566 ea
413 2540 523 2576 proprie
549 2541 664 2574 dicitur,
687 2549 748 2576 qme
770 2541 885 2569 Iudaico

100 2582 175 2601 more
190 2573 293 2612 Pascha
308 2574 370 2612 luna
385 2573 430 2612 ny
450 2573 642 2612 celebrandum
668 2573 776 2606 asserit.
793 2585 886 2612 quam-

100 2617 208 2646 cunque
232 2609 340 2646 demum
363 2610 392 2646 in
408 2609 507 2646 teriam
523 2611 624 2638 incidat
638 2620 645 2638 :
662 2619 723 2646 quae
739 2612 791 2638 fuit
803 2609 885 2639 Ἀδίδ-

100 2644 215 2682 tit-orum
228 2645 394 2682 opinio,_qui
411 2644 526 2673 Joannis
540 2644 703 2674 auctoritate
719 2647 780 2674 [reti
801 2647 885 2682 perti—

101 2679 203 2716 [nauiter
222 2680 306 2716 ritum
325 2680 411 2712 illum,
423 2682 703 2716 consuetudinemque
728 2679 899 2709 tenuérunt..

100 2713 137 2752 lle
150 2721 204 2747 quo
220 2714 387 2752 Eusebius}.
400 2723 416 2742 ν
435 2715 506 2743 Hist.
526 2715 606 2752 Addit
621 2713 791 2752 Augustinus
807 2717 825 2743 l.
849 2717 887 2744 De

102 2748 192 2776 literas.
211 2750 320 2777 eosdem
339 2751 401 2778 illos
419 2759 463 2777 xtv
479 2752 542 2778 luna
560 2750 649 2778 Martii
666 2748 767 2779 mensis
780 2751 886 2780 Pascha

102 2784 203 2811 ﬁxisse.
224 2784 274 2812 Ubi
295 2784 420 2812 Martium
444 2794 498 2813 non
520 2785 658 2813 Iulianum
672 2807 679 2817 ,
697 2786 744 2814 sed
763 2787 886 2814 lunarem

103 2818 214 2859 intelligi
230 2828 343 2859 necesse
356 2825 415 2859 est,
427 2830 492 2859 cum
507 2822 635 2859 plerique
648 2822 798 2859 paschales
811 2830 872 2859 men
881 2836 888 2840 -

103 2862 146 2893 ses
161 2854 244 2893 etiam
256 2854 406 2893 iudaicirin
419 2854 538 2893 Aprilem
549 2892 553 2893 ν
564 2854 725 2893 inciderent.
743 2856 801 2884 Nisi
818 2856 888 2883 forte

104 2891 129 2915 in
150 2898 182 2917 ea
200 2891 312 2926 quidam
333 2892 461 2927 opinione
487 2891 609 2925 fuerint,
625 2895 655 2919 ut
676 2891 773 2920 Martio
795 2899 889 2920 mense

721 2394 732 2410 ³
745 2395 805 2421 Act.
824 2402 880 2427 xu,
902 2395 929 2426 9.
968 2395 978 2410 ⁸
995 2395 1082 2423 Gulat.
1101 2404 1142 2428 ιιι,
1167 2397 1212 2424 28.

935 327 1064 356 Sororem
1080 335 1146 355 vero
1168 326 1270 362 Moysis
1285 325 1485 360 prophetissam
1505 322 1650 358 jactitant;
1671 328 1720 348 cu-

931 374 976 408 jus
993 373 1119 408 exemplo
1134 380 1184 401 suo
1201 372 1240 399 illi
1253 371 1469 406 cooptandarum
1491 369 1517 396 in
1538 369 1642 395 elerum
1659 374 1718 393 mu-

934 420 1030 447 lierum
1055 419 1184 446 instituto
1213 418 1407 453 sull'ragantur.
1439 415 1510 448 Quin
1532 418 1560 442 et
1587 417 1718 448 quatuor,

934 465 1069 500 inquiunt,
1078 464 1219 499 Philippus
1235 464 1417 499 prophetissas
1433 461 1501 488 ﬁlias
1518 460 1612 487 habuit
1624 459 1644 485 ³.
1661 457 1719 485 ειυς

933 518 1080 546 penumero
1094 510 1121 537 in
1137 510 1244 537 illorum
1259 509 1401 537 ecclesiam
1420 511 1523 542 septem
1535 513 1596 533 cum
1613 504 1719 531 facibus

933 556 1053 592 virgines
1083 554 1284 590 ingrediuntur,
1303 553 1420 581 candida
1447 557 1532 582 veste.
1559 554 1590 578 ut
1615 549 1716 585 populo

935 602 1062 629 videlicet
1075 601 1188 628 oracula
1203 600 1328 628 reddant.
1349 598 1395 626 lla:
1412 605 1473 625 cum
1489 595 1607 631 speciem
1623 601 1718 629 quam-

934 647 995 674 dam
1013 647 1114 674 furoris
1136 654 1192 682 prae
1214 653 1244 674 se
1268 645 1393 675 tulerint,
1418 640 1573 671 astantibus
1590 640 1719 672 illudunt,

933 696 961 720 et
982 693 1015 720 ad
1037 693 1130 720 lletum
1146 695 1310 727 provocant,
1334 695 1364 717 ut
1390 690 1413 718 is
1439 687 1610 724 pwnitentia:
1629 686 1722 713 luctus

934 746 996 766 esse
1020 738 1153 765 videatur.
1179 737 1247 763 Nam
1271 741 1299 763 et
1323 737 1460 771 lacrymas
1488 732 1668 769 profundunt.
1694 734 1722 757 et

935 787 993 809 loto
1022 783 1147 817 corporis
1171 788 1249 817 gestu
1275 782 1359 808 vitam
1395 780 1537 807 hominum
1565 777 1720 812 deplorant.

935 827 1012 862 Apud
1028 826 1139 854 eosdem
1155 826 1284 852 mulieres
1298 824 1420 860 episcopi
1441 826 1542 851 suntet
1555 821 1720 857 presbyteri.

935 878 962 898 (ει
978 872 1011 898 ad
1032 875 1146 899 caeteros
1163 870 1265 905 gradus
1283 870 1448 905 alleguntur.
1465 868 1569 895 nullum
1586 870 1615 893 ut
1638 873 1722 893 sexus

935 918 1083 946 discrimen
1097 921 1230 945 servetur.
1246 915 1318 942 Nam
1329 916 1356 942 in
1371 914 1476 943 Christo
1491 914 1555 940 Jesu
1569 921 1648 947 neque
1660 920 1718 939 mas

934 968 985 996 est,
1004 971 1084 998 neque
1101 963 1198 997 {entina
1209 962 1229 988 ⁸.
1244 960 1306 989 Haec
1328 964 1393 989 sunt
1408 967 1468 995 qua
1483 960 1517 987 de
1541 959 1595 986 illis
1613 965 1723 992 compe—

935 1009 990 1036 rire
1019 1008 1170 1044 potuimus.
1193 1007 1329 1035 Cteterum
1350 1006 1517 1042 Artotyritas
1542 998 1652 1032 eosdem
1680 1004 1722 1030 id—

935 1055 1012 1081 circo
1026 1057 1141 1083 vocant,
1152 1052 1225 1088 quod
1238 1052 1272 1079 ad
1287 1051 1453 1080 celebranda
1471 1050 1601 1086 mysteria
1611 1057 1660 1077 sua
1675 1057 1724 1084 pa-

935 1106 997 1126 nem
1012 1103 1040 1125 ct
1058 1105 1170 1125 caseum
1190 1097 1331 1125 adhibent.

970 1143 1014 1170 Ill.
1035 1142 1137 1171 Verum
1151 1145 1292 1171 enimvero
1304 1142 1351 1169 ubi
1364 1141 1397 1169 ab
1411 1141 1519 1169 sincera
1534 1140 1666 1176 religione
1679 1147 1723 1167 se-

935 1190 989 1216 mel
1004 1189 1160 1216 aberratum
1175 1193 1229 1220 est,
1244 1188 1360 1216 ridicula
1377 1196 1410 1215 ac
1426 1187 1597 1223 perturbata,
1614 1194 1675 1222 quae
1688 1186 1724 1214 ab

935 1234 1094 1270 hominibus
1115 1239 1259 1274 geruntur,
1278 1242 1340 1262 esse
1357 1234 1449 1262 omnia
1470 1241 1584 1261 necesse
1605 1237 1658 1265 est,
1676 1240 1724 1260 va-

935 1281 976 1308 ria
993 1273 1022 1308 ut
1037 1281 1100 1308 inde
1126 1272 1231 1308 luroris
1253 1288 1363 1316 genera.
1382 1280 1593 1316 dazmonumque
1613 1280 1641 1306 in
1665 1286 1724 1305 cor-

935 1334 1001 1361 pora
1014 1327 1211 1362 impressiones
1222 1326 1358 1354 oriantur.
1369 1325 1437 1352 Nam
1449 1326 1496 1361 qui
1509 1325 1633 1353 veritatis
1641 1323 1724 1361 419

935 1372 1084 1400 anchoram
1114 1372 1226 1399 minime
1240 1371 1376 1404 retinent,
1393 1370 1442 1398 sed
1456 1374 1599 1398 ventorum
1610 1368 1723 1396 ﬂatibus

935 1425 1101 1453 quaeunque
1119 1425 1150 1446 se
1166 1417 1312 1445 occasione
1327 1417 1497 1453 permittunt,
1522 1417 1620 1443 horum
1635 1415 1720 1442 animi

934 1464 1093 1500 pra‘cipites
1106 1464 1224 1491 amentia
1240 1463 1377 1491 feruntur.
1392 1462 1470 1496 Quod
1487 1462 1559 1490 enim
1578 1461 1720 1489 muliercu-

935 1509 977 1537 las
1001 1511 1034 1537 ad
1060 1510 1252 1544 episcoporum
1282 1513 1328 1536 aut
1353 1508 1576 1543 presbyterorum
1598 1506 1723 1534 ordinem

937 1555 1087 1585 asciscunt.
1106 1555 1187 1590 idque
1202 1555 1237 1582 ob
1255 1554 1336 1581 Evam
1359 1554 1449 1581 facere
1471 1561 1501 1581 se
1520 1553 1660 1586 dictitant,
1677 1560 1723 1580 au-

936 1600 1017 1628 diunt
1043 1608 1110 1628 sane
1130 1600 1203 1636 quod
1220 1607 1235 1627 a
1249 1599 1366 1627 Domino
1382 1600 1484 1627 dictum
1505 1603 1548 1626 est
1562 1607 1568 1626 :
1583 1598 1623 1625 Ad
1638 1598 1721 1625 virum

934 1646 983 1673 erit
1005 1646 1139 1673 conversio
1158 1651 1216 1678 tua,
1232 1651 1256 1673 et
1279 1646 1334 1680 ipse
1351 1644 1532 1672 dominabitur
1556 1643 1604 1671 tibi
1614 1643 1634 1670 ⁸.
1652 1643 1722 1676 Quin

934 1691 1003 1719 illud
1022 1692 1151 1727 ignorant
1173 1692 1297 1727 Apostoli
1317 1691 1506 1726 praescriptum
1523 1699 1530 1717 ί
1546 1690 1653 1717 Mulieri
1672 1699 1723 1716 um;

934 1737 1056 1771 permitto
1072 1738 1155 1772 loqui,
1171 1746 1252 1773 neque
1265 1738 1292 1764 in
1306 1739 1375 1765 viros
1392 1737 1577 1764 auctoritatem
1595 1735 1722 1767 habere';

935 1783 999 1810 item
1016 1792 1022 1809 :
1037 1782 1098 1810 Νοιι
1113 1783 1181 1810 enim
1205 1783 1246 1810 uir
1269 1787 1308 1810 est
1333 1791 1350 1809 a
1369 1781 1488 1813 muliere,
1507 1780 1552 1808 sed
1577 1779 1672 1807 mulier
1691 1787 1725 1806 ex

934 1829 1023 1861 vim";
1047 1833 1094 1856 et:
1111 1829 1197 1855 Adam
1216 1837 1268 1856 non
1285 1833 1324 1855 ut
1349 1828 1482 1862 deceptus,
1507 1827 1552 1854 sed
1577 1825 1634 1853 Eva
1650 1826 1724 1860 prior

935 1875 1042 1910 decepta
1057 1877 1083 1903 in
1104 1876 1315 1911 transgressione
1328 1875 1411 1910 fuit'.
1428 1875 1451 1902 0
1472 1874 1567 1902 mundi
1581 1874 1664 1908 hujus
1675 1881 1723 1900 va-

936 1921 1050 1949 nitatem
1066 1929 1244 1956 erroremque
1258 1921 1455 1957 multiplicem!

971 1966 1024 1994 Sed
1043 1966 1111 2001 jam.
1134 1967 1303 2000 charissimi,
1319 1967 1450 1995 edentula
1467 1966 1529 2000 hac,
1546 1969 1574 1994 et
1598 1965 1724 1993 amentia:

937 2013 1015 2047 plena
1040 2014 1139 2040 haeresi
1161 2013 1298 2041 stellionis
1323 2014 1412 2042 instar
1435 2013 1582 2049 praeterita,
1603 2013 1724 2048 reliquas

936 2058 1143 2095 aggrediamur;
1168 2067 1201 2086 ac
1224 2059 1273 2087 Dei
1299 2060 1417 2095 primum
1441 2060 1620 2094 imploremus
1644 2060 1723 2087 auxi-

935 2104 1014 2136 lium,
1032 2108 1062 2131 ut
1079 2105 1102 2132 is
1117 2105 1245 2132 tenuitati
1258 2109 1360 2133 ucstra:
1382 2105 1540 2138 subveniat,
1556 2113 1612 2140 quo
1625 2112 1708 2133 susce

935 2153 1011 2185 ptum
1027 2157 1097 2185 opus
1112 2150 1146 2177 ad
1161 2151 1263 2178 exitum
1278 2152 1475 2186 perducamus.

1072 2207 1213 2236 CONTRA
1231 2208 1585 2242 QUARTADECIMANOS,

1171 2263 1286 2291 Ilwresis
1300 2263 1391 2296 XXX,
1409 2264 1461 2291 sive
1473 2263 1505 2290 L.

973 2318 994 2345 Ι.
1015 2317 1053 2345 Ex
1082 2319 1115 2347 iis
1131 2319 1238 2348 duabus
1258 2320 1330 2348 inter
1354 2328 1384 2348 se
1405 2321 1557 2348 COIlilIIlSlls
1573 2319 1721 2356 Phrygum,

1259 2397 1270 2412 ‘
1285 2397 1353 2426 Gen.
1379 2405 1419 2428 tu,
1443 2398 1485 2424 l6.
1525 2398 1536 2414 ⁸
1555 2396 1640 2424 lCor.
1666 2405 1722 2429 xlv,

937 2510 1068 2542 perpetuo
1085 2506 1280 2542 celebrandum
1296 2510 1434 2542 putarent.
1455 2506 1556 2533 Scribit
1568 2507 1648 2542 enim?
1659 2506 1723 2534 Phi-

937 2541 1048 2570 last’rius
1077 2541 1340 2575 Quartadecimanos
1368 2541 1473 2570 Pascha
1504 2549 1597 2569 mense
1626 2541 1724 2568 Martio

935 2577 1130 2605 celebrandum
1154 2584 1288 2604 asserere.
1310 2577 1399 2612 Atque
1421 2577 1478 2603 htec
1497 2576 1552 2602 τῶν
1569 2577 1724 2612 Τεσσαρεσ-

936 2612 1132 2640 καιδεκατιτῶν
1147 2619 1212 2639 vera
1233 2615 1292 2643 est,
1316 2616 1343 2639 et
1356 2611 1486 2647 'germana
1510 2611 1600 2647 notio,
1623 2611 1671 2639 sed
1696 2617 1724 2639 et

937 2649 990 2675 alia
1015 2647 1066 2674 fuit
1081 2647 1177 2683 eodem
1194 2647 1330 2683 vocabulo
1349 2646 1546 2683 comprehensa
1563 2646 1723 2681 depravato—

936 2691 997 2710 rum
1018 2683 1133 2710 istorum
1157 2681 1252 2715 factio,
1274 2689 1333 2716 quae
1357 2681 1426 2709 mira
1442 2681 1558 2716 «pradam
1578 2682 1721 2711 abusione.

938 2718 1249 2750 Quartadecimanorum
1266 2715 1365 2744 nomen
1379 2715 1489 2743 meruit.
1502 2715 1630 2743 Nonnulli
1643 2716 1723 2750 quip-

938 2760 972 2788 pe
992 2753 1157 2780 celebraudo
1182 2751 1307 2788 Paschati
1332 2756 1435 2788 certum
1461 2752 1488 2778 in
1516 2759 1588 2778 anno
1613 2750 1724 2788 Julian"

938 2785 1008 2815 diem
1025 2791 1181 2814 statuerunt
1198 2796 1205 2814 ι
1222 2787 1296 2815 velut
1310 2795 1357 2814 vui
1385 2786 1444 2814 Kal.
1459 2790 1506 2812 aut
1522 2793 1567 2816 xv.
1585 2791 1630 2813 aut
1644 2794 1676 2816 x,_
1689 2785 1723 2812 de

937 2813 1038 2862 quibus
1060 2813 1142 2862 paulo
1155 2813 1216 2862 post
1227 2813 1372 2862 figendum
1387 2813 1459 2849 erit:
1476 2828 1546 2862 quos
1557 2813 1652 2862 clunes
1664 2813 1723 2862 Epi-

941 2855 1102 2891 phanius'ad
1115 2855 1376 2889 QuartadeEimanos
1388 2856 1553 2892 aggregavit.
1566 2855 1659 2892 Tertia
1671 2855 1723 2890 τῆς

941 2890 987 2918 τοῦ
1010 2892 1105 2927 Πάσχα
1120 2892 1284 2928 διαστροφῆς
1307 2892 1391 2924 ratio,
1408 2890 1498 2926 atque
1512 2890 1644 2923 haeresis.
1659 2893 1690 2919 ιιι
1710 2895 1724 2917 1
