1964 3047
119 157 174 187 ῗ35

474 153 660 183 ADVERSUS
679 152 850 181 IIERESES
868 151 919 179 LII!

973 173 979 179 .
1003 151 1084 178 'I‘OM.
1104 151 1124 179 1.
1145 165 1179 171 -
1198 149 1335 178 ΙΙᾸΞΒΕΞ.
1359 149 1389 177 ιι.

1688 147 1740 176 886

120 218 250 253 ἄγοντες,
274 217 320 243 καὶ
338 216 387 252 τὴν
413 216 497 251 αὐτὴν
515 215 580 251 μίαν
594 214 701 250 ἡμέραν
721 212 907 249 νηστεύοντες,

971 212 1075 247 lemque
1094 211 1166 238 diem
1193 210 1352 243 observant,
1379 212 1407 236 et
1433 215 1486 235 una
1508 205 1727 242 eademquejeju

122 263 171 290 καὶ
190 262 224 289 τά
253 263 390 298 μυστήρια
422 260 623 292 ἐπιτελοῦντες,
640 259 694 286 ἀπὸ
721 260 776 286 τῶν
797 259 905 285 ’Δκτων

121 308 203 343 δῆθεν
217 308 332 334 Πιλάτου
350 307 462 342 αὑχοῦσι
481 306 530 342 τὴν
546 305 688 342 ἀκρίϐειαν
706 304 862 341 εὑρηκέναι,
876 305 906 330 ὲν

122 351 163 385 οἷς
183 353 340 389 ἐμφέρεται,
359 354 393 388 τῇ
413 353 465 388 πρὸ
478 351 549 378 ὀκτὼ
574 350 721 378 Καλανδῶν
746 349 906 385 Ἀπριλλίων

122 400 170 427 τδν
194 400 307 435 Σωτῆρα
323 397 575 424 πεπονθέναι.’Καὶ
593 397 621 423 ὲν
648 396 739 431 ἐκείνῃ
764 396 796 430 τῇ
817 394 906 429 ἡμέρᾳ

125 446 264 481 βούλονται
291 445 366 478 ἄγειν
388 443 419 470 τὸ
442 443 548 478 Πάσχα,
575 441 655 476 ὁποία
668 441 690 467 δ’
708 440 742 467 ἂν
761 439 869 475 ἐμπέσῃ
889 439 906 474 ἡ

123 490 404 526 τεσσαρεσκαιδεκάτη
428 489 477 524 τῆς
501 487 624 523 σελήνης.
643 487 674 513 Oi
688 486 716 512 δὲ
731 486 760 512 ὲν
781 486 813 520 τῇ
829 485 907 510 Καπ-

125 537 241 572 παδοκίᾳ.
259 536 308 571 τὴν
325 535 409 571 αὐτὴν
424 534 488 570 μίαν
503 533 608 569 ἡμέραν
622 532 672 567 τὴν
686 531 739 568 πρὸ
764 530 835 557 ὀκτὼ
851 530 908 556 Κα-

125 582 229 609 λανδῶν
251 581 412 617 Ἀπριλλίων
435 579 542 614 ἄγουσι.
564 579 618 605 Καὶ
635 579 664 605 ὲν
686 577 776 608 αὐτοῖς
795 576 823 602 δὲ
845 575 908 602 στά-

124 635 168 658 σις
183 626 222 660 (9)
237 627 285 660 οὐχ
298 627 314 660 ἡ
337 623 465 659 τυχοῦσα,
477 623 531 649 τῶν
550 622 599 658 μὲν
614 622 748 656 λεγόντων
762 621 796 655 τῇ
813 627 909 646 τεσσα-

124 672 320 710 ρεσκαιδεκάτῃ
343 671 391 706 τῆς
404 669 516 705 σελήνης
530 668 584 695 τῶν
599 667 652 704 πρὸ
676 666 747 694 ὀκτὼ
764 665 909 692 Καλανδῶν

133 717 303 752 Ἀπριλλίων,
320 716 380 742 Ἔτι
393 714 422 741 δὲ
439 714 555 750 εὕρομεν
568 713 724 748 ἀντίγραφα
744 713 776 738 ὲκ
789 711 842 737 τῶν
863 711 910 737 Πι-

127 761 221 792 λάτου,
243 761 271 786 ὲν
299 756 339 791 οἷς
367 758 492 793 σημαίνει
518 758 570 793 πρὸ
596 757 743 784 δεκαπέντε
765 755 910 782 Καλανδῶν

134 805 294 840 ’Δπριλλίων
307 804 337 831 τὸ
350 803 439 835 Πάθος
469 803 642 838 γεγενῆσθαι.
660 802 767 837 Τάληθῆ
781 802 818 831 δὲ.
828 801 865 833 ὡς
879 801 911 827 ἐκ

128 850 228 885 πολ-λῆς
254 849 397 885 ἀκριϐείας
424 849 563 885 ἔγνωμεν,
590 849 619 875 ἐν
640 850 672 883 τῇ
688 848 740 883 πρὸ
763 846 909 881 δεκατριῶν

129 894 279 922 Καλανδῶν
299 894 460 930 Ἀπριλλίων
476 894 521 921 τὸν
544 894 658 929 Σωτῆρα
674 891 835 918 πεπονθέναι
850 899 913 917 κατ-

128 940 288 976 ειλήφαμεν.
309 939 386 970 Τινὲς
397 939 424 966 δὲ
440 941 472 974 τῇ
486 939 538 975 πρὸ
550 939 616 966 δέκα
630 937 774 965 Καλανδῶν
803 937 913 972 ’Δπριλ-

129 986 194 1013 λίων
216 986 350 1020 λέγουσιν.
376 985 519 1018 Ἐξέπεσον
535 985 563 1012 δὲ
586 985 633 1011 καὶ
653 980 726 1010 οὗτοι
741 983 789 1009 τοῦ
808 990 914 1018 προκει-

131 1031 223 1066 μένου.
240 1031 318 1057 Δέδια
337 1031 366 1057 δὲ
380 1031 426 1057 καὶ
451 1030 631 1066 περὶτούτων
653 1029 699 1055 ὲπὶ
722 1028 845 1055 πλεῖστον
864 1036 914 1063 μη-

130 1077 210 1104 κῦναι
225 1077 270 1104 τὸν
286 1077 373 1111 λόγον.
391 1076 481 1104 Πολλὰ
494 1076 547 1112 γὰρ
561 1076 658 1111 ἔχομεν
674 1075 773 1109 λέγειν.

166 1122 203 1149 B'.
224 1122 374 1158 Πληρώσας
389 1122 444 1156 γὰρ
459 1122 473 1147 ό
493 1121 640 1156 νομοθέτης
658 1121 704 1148 τὸν
721 1120 810 1148 πάντα
834 1120 915 1155 νόμον

131 1169 242 1203 Μωσῆς,
259 1169 291 1195 ὲκ
313 1167 380 1195 Θεοῦ
395 1167 484 1194 λαϐὼν
506 1167 536 1194 τὸ
551 1168 668 1203 πρᾶγμα
683 1167 690 1182 ¹
713 1167 742 1193 ὲν
767 1167 801 1201 τῇ
814 1165 916 1201 ἐσχάτῃ

133 1214 215 1249 βίϐλῳ
238 1213 446 1249 Δευτερονομίου
459 1233 467 1246 ,
487 1212 610 1239 τουτέστι
634 1211 726 1247 τίθησι
748 1211 839 1242 πάσας
866 1210 915 1242 τὰς

132 1260 273 1294 κατάρας,
293 1259 324 1285 οὺ
356 1258 434 1294 μόνον
449 1257 513 1292 περ)⁸
540 1256 666 1292 Πασχῶν,
687 1255 756 1283 ἀλλὰ
781 1256 828 1282 καὶ
853 1255 916 1291 περὶ

133 1303 298 1339 περιτομῆς,
322 1303 368 1328 καὶ
386 1302 450 1337 περὶ
468 1301 656 1332 δεκατώσεως,
674 1300 721 1327 καὶ
742 1298 915 1335 προσφορῶν.

134 1348 216 1375 Ὥστε
231 1346 289 1380 οὖν,
305 1348 328 1374 εἰ
344 1348 406 1383 μίαν
427 1348 548 1382 κατάραν
560 1346 736 1381 πεφεύγασιν,
755 1346 794 1377 εἰς
815 1344 916 1376 πολλὰς

132 1394 247 1426 ἑαυτοὺς
261 1394 413 1429 ὲνέπειραν.
429 1392 628 1428 Εὑρεθήσονται
642 1391 694 1428 γὰρ
711 1391 916 1426 ὲπικατάρατοι,

135 1440 175 1475 μὴ
192 1439 432 1474 περιτεμνόμενοι·
444 1437 652 1472 ὲπικατάρατοι,
670 1437 708 1472 μὴ
722 1435 918 1463 άπώεκατοῦν-

133 1493 181 1516 τες
192 1493 199 1500 ·
217 1484 264 1510 καὶ
277 1483 472 1519 ὲπικατάρατοι
489 1483 619 1517 γίνονται,
636 1483 673 1518 μὴ
686 1483 726 1514 είς
741 1480 917 1516 Ἰερουσαλὴμ

136 1530 347 1566 προσφέροντες.
377 1530 432 1556 Καὶ
454 1529 476 1555 ὦ
492 1529 546 1555 τῶν
568 1527 672 1554 πολλῶν
691 1527 843 1563 ἀνθρώπων
865 1526 918 1553 τῶν

958 261 1036 289 nant,
1053 263 1086 284 ac
1097 255 1241 291 mysteriis
1256 258 1415 291 operantur.
1433 253 1499 281 Nam
1515 261 1549 281 ex
1569 253 1646 280 Actis
1661 251 1739 279 Pilati

957 306 1114 330 accuratam
1140 308 1170 328 se
1199 300 1281 335 hujtts
1310 300 1426 327 instituti
1453 299 1586 326 rationem
1610 297 1741 325 didicisse

957 347 1122 384 gloriantur,
1142 347 1168 374 in
1185 347 1288 383 quibus
1303 346 1435 380 scriptum
1454 351 1496 372 est
1511 352 1560 371 vut
1576 343 1636 370 Kal.
1661 343 1742 378 Apri-

957 392 992 420 lis
1014 391 1182 419 Salvatorem
1197 397 1259 418 esse
1275 397 1396 425 passum.
1414 388 1596 421 Quamobrem
1618 387 1665 414 illa
1681 387 1741 422 ipsa

957 438 1001 465 die
1013 437 1152 465 celebrare
1163 437 1267 464 Pascha
1278 435 1418 468 volunt,ia
1431 441 1622 470 quamcunque
1631 433 1742 460 demum

958 483 1029 510 luna:
1053 490 1098 509 xtv
1124 481 1183 508 dies
1210 481 1368 508 incurrerit.
1394 479 1429 506 At
1452 480 1499 515 qui
1522 480 1549 506 in
1566 479 1761 517 Cappadocia,

960 527 1073 563 degunt,
1088 527 1210 554 eamdem
1231 526 1314 559 diem.
1330 533 1391 561 quze
1409 530 1452 554 est
1465 533 1513 552 vttt
1530 524 1591 552 Kal.
1608 525 1675 559 Apr.
1695 531 1742 552 ce-

959 573 1077 601 lebrant.
1092 572 1211 601 Tametsi
1229 580 1284 600 non
1303 571 1450 599 mediocris
1462 574 1504 599 est
1519 571 1590 598 inter
1607 571 1667 598 illos
1682 570 1742 597 dis-

959 617 1061 645 sensio.
1086 616 1214 644 Nonnulli
1245 617 1316 644 enim
1344 616 1436 644 lunam
1464 623 1508 643 xtv
1529 619 1652 643 statuunt
1679 622 1741 650 quae

960 664 988 690 in
1009 671 1056 690 vui
1070 661 1130 689 Kal.
1157 662 1222 697 Apr.
1249 661 1353 689 incidit.
1381 660 1437 689 Nos
1455 662 1585 688 Actorum
1608 660 1742 694 ejusmodi

959 708 1038 735 Pilati
1066 707 1232 742 exemplaria
1259 707 1381 742 quaedam
1411 706 1575 737 invenimus,
1597 713 1657 740 quae
1681 710 1743 733 ante

960 753 1032 782 diem
1060 761 1095 780 xv
1121 752 1180 779 Kal.
1197 753 1262 787 Apr.
1284 751 1442 780 Passionem
1470 751 1572 778 Christi
1589 751 1741 786 contigisse

961 799 1119 828 narrabant.
1133 798 1233 826 Verum
1247 802 1323 826 certo
1345 802 1372 826 et
1394 805 1425 825 ex
1443 798 1483 825 rei
1499 798 1614 825 veritate
1632 804 1745 831 compe-

962 845 1058 876 rimus,
1078 847 1141 870 ante
1155 843 1227 870 diem
1254 850 1302 869 xut
1319 841 1379 869 Kal.
1397 842 1463 877 Apr.
1479 849 1591 876 passum
1608 849 1668 869 esse
1683 841 1744 868 Sal-

931 892 1094 919 Bvatoretn.
1112 887 1165 914 Alii
1186 886 1220 913 ad
1237 894 1253 913 x
1265 886 1325 913 Kal.
1348 886 1414 921 Apr.
1437 886 1574 920 rejiciunt.
1596 884 1650 913 Sed
1665 885 1709 913 isti
1729 894 1744 912 ιι

964 933 1105 969 proposito
1116 931 1287 960 exciderunt.
1302 930 1403 959 Verum
1416 931 1480 959 nolo
1491 930 1615 967 pluribus
1629 938 1660 958 ea
1671 930 1704 957 de
1717 938 1745 957 re

964 980 1116 1014 disputare.
1131 977 1240 1012 Alioqui
1265 977 1351 1004 multa
1369 977 1447 1005 nobis
1466 976 1500 1004 ad
1514 976 1661 1004 dicendum
1680 984 1746 1011 sup-

965 1028 1069 1059 petunt.

1000 1112 1032 1140 ll.
1055 1112 1160 1148 Moyses
1188 1111 1296 1147 quidem
1324 1111 1474 1147 legislator,
1504 1118 1566 1139 cum
1591 1111 1745 1138 universam

966 1159 1051 1194 legem
1072 1157 1215 1189 edixisset,
1242 1156 1371 1184 mandato
1389 1156 1522 1184 divinitus
1537 1160 1657 1191 recepto,
1674 1159 1704 1183 ut
1719 1155 1746 1182 iu

967 1207 1105 1238 postremo
1117 1202 1319 1230 Deuteronomii
1336 1202 1405 1229 libro
1417 1202 1549 1237 scriptum
1563 1206 1604 1229 est
1611 1203 1632 1234 ⁸,
1647 1202 1747 1237 impre—

966 1249 1087 1276 cationes
1117 1256 1212 1276 omnes
1236 1248 1395 1283 proposuit;
1425 1255 1479 1275 non
1510 1247 1590 1275 modo
1625 1256 1686 1283 qua:
1713 1248 1746 1275 ad

966 1295 1110 1323 Paschalis
1132 1295 1356 1326 celebrationem,
1382 1294 1428 1322 sed
1449 1294 1530 1321 etiam
1552 1301 1612 1328 qua:
1637 1293 1671 1320 ad
1694 1294 1748 1320 cir-

966 1339 1177 1372 cumcisionem,
1205 1347 1237 1366 ac
1260 1339 1391 1370 decimas.
1417 1343 1444 1365 et
1465 1339 1616 1366 oblationes
1642 1342 1750 1373 specta-

967 1385 1043 1413 bant.
1060 1384 1151 1418 Quare
1164 1384 1230 1412 dum
1248 1392 1331 1412 unum
1346 1383 1550 1418 imprecationis
1569 1391 1655 1419 genus
1674 1383 1750 1410 devi—

967 1433 1036 1462 tant,
1057 1430 1084 1456 in
1097 1430 1165 1458 alias
1179 1430 1333 1465 complures
1345 1428 1506 1465 semetipsos
1522 1429 1648 1456 induunt.
1664 1428 1750 1456 Exse-

967 1475 1084 1503 crahiles
1103 1475 1204 1510 quippe
1226 1482 1273 1502 eos
1298 1477 1404 1510 oportet
1420 1481 1492 1505 esse,
1512 1474 1558 1508 qui
1582 1481 1671 1509 neque
1694 1474 1748 1501 cir-

968 1520 1159 1548 cutncidantur
1184 1520 1311 1555 amplius,
1339 1527 1427 1555 neque
1451 1519 1571 1546 decimas
1601 1518 1749 1554 pensitent.

136 1564 177 1603 είς
189 1564 287 1604 πολλὰς
298 1572 409 1604 ἑαυτοὺς
421 1572 574 1608 ὲρεσχελίας
586 1571 771 1607 ἐμϐαλλόντων
786 1570 919 1606 ίἏληοῶς

971 1574 1060 1601 neque
1072 1565 1259 1601 Hierosolyma
1272 1566 1420 1601 quidquam
1434 1564 1566 1592 oll‘erendi
1583 1565 1670 1598 gratia
1684 1565 1750 1592 sub-

139 1616 194 1652 γὰρ
207 1617 280 1643 ἔστιν
294 1619 381 1644 εἰπεῖν
397 1618 485 1644 ἐκεῖνο
499 1617 530 1644 τὸ
547 1617 622 1652 ῥῆμα
634 1617 664 1643 τὺ
677 1616 783 1643 συνετὸν
795 1615 842 1642 τοῦ
863 1615 921 1642 Ἐκ-

137 1663 301 1698 κλησιαστοῦ
312 1665 333 1695 ⁸,
350 1663 381 1690 τὸ
397 1664 428 1690 ὲκ
450 1663 607 1698 Πνεύματος
624 1663 701 1697 ἁγίου
722 1663 788 1698 ἡμῖν
801 1661 921 1688 διεσταλ-

140 1708 221 1743 μένον
231 1717 238 1724 ·
255 1709 295 1735 ὃτι
310 1709 395 1735 Τοῦτο
411 1708 481 1743 ἔγνω
494 1710 508 1735 ό
530 1708 755 1743 Ἐκκλησιαστὴς,
770 1708 811 1734 ὅτι
824 1708 839 1733 ὀ
857 1707 922 1738 Θεὸς

139 1754 250 1781 συνετὸν
260 1753 402 1790 ἄνθρωπον
416 1754 543 1790 ἐποίησεν
557 1753 622 1789 εὒθῆ
633 1762 639 1768 ’
656 1754 732 1780 αὐτοὶ
745 1753 773 1780 δὲ
787 1752 923 1788 ἐζήτησαν

141 1798 241 1832 πολλὰς
251 1799 356 1832 ἑαυτοῖς
365 1799 451 1832 ὁδούς.

901 1869 950 1904 Α

178 1931 264 1959 Πόθεν
280 1931 334 1967 γὰρ
348 1932 377 1959 οὐ
395 1931 535 1958 διαπίπτει
552 1930 653 1957 τούτων
671 1931 688 1965 ὴ
705 1929 827 1962 διάνοια;
847 1929 926 1965 Πρῶ-

143 1985 190 2004 τον
205 1976 259 2013 γὰρ
273 1978 302 2004 ὲν
315 1978 349 2012 τῇ
367 1975 647 2012 τεσσαρεσκαιδεκάτῃ
662 1975 692 2002 τὸ
704 1975 800 2010 Πάσχα
818 1975 924 2010 ἄγουσι,

144 2020 240 2056 χρείαν
258 2020 348 2056 ἔχουσι
365 2020 396 2048 τδ
410 2021 544 2057 πρόϐατον
561 2020 653 2047 λαϐεῖν
668 2020 720 2047 ἀπὸ
734 2019 860 2055 δεκάτης,
879 2020 927 2046 καὶ

146 2067 239 2101 τηρεῖν
251 2066 316 2093 αὐτὸ
325 2065 378 2097 ἓως
386 2065 682 2102 τεσσαρεσκαιδεκάτης
692 2073 698 2080 ·
711 2066 758 2092 καὶ
775 2065 865 2092 οὐκέτι
880 2065 928 2100 μία

150 2111 237 2147 ἡμέρα
245 2111 320 2138 ἔσται
333 2111 382 2148 τῆς
390 2112 515 2148 νηστείας
525 2119 533 2127 ο
543 2111 609 2138 ἀλλὰ
624 2111 715 2143 πέντε,
725 2111 741 2147 ἢ
756 2111 805 2146 τῇ³
816 2111 926 2148 δεκάτῃ,

148 2157 196 2185 καὶ
210 2157 347 2194 ἑνδεκάτῃ,
359 2157 407 2183 καὶ
424 2157 571 2193 δωδεκάτῃ,
587 2157 634 2183 καὶ
648 2157 868 2193 τρισκαιδεκάτῃ,
881 2158 930 2184 καὶ

148 2203 436 2240 τεσσαρεσκαιδεκάτῃ.
454 2203 518 2230 Ἐὰν
539 2203 567 2230 δὲ
580 2203 648 2239 πρὸς
663 2202 781 2239 ἑσπέραν
791 2203 846 2238 (ίυ)
862 2203 928 2239 tuij

183 2281 191 2296 ¹
205 2279 235 2307 F.
251 2279 425 2315 πρόσταγμα.

149 2340 178 2364 et
191 2344 223 2364 eo
239 2343 281 2362 am

151 2344 178 2364 et
191 2344 223 2364 eo
239 2344 355 2398 arqpuus
371 2344 526 2371 anticipata:
549 2344 604 2364 sint
627 2344 792 2368 neomenue.
811 2344 842 2363 ut
857 2344 924 2363 mnu

151 2372 203 2398 hac
227 2371 271 2406 qui
293 2379 335 2398 cm
361 2371 465 2398 ratione
489 2371 616 2406 Scaligeri
637 2375 797 2406 argumenta
815 2378 924 2406 promo-

152 2405 242 2446 veant.
258 2405 311 2446 sed
325 2413 415 2446 ea'res
429 2414 479 2446 suo
494 2406 553 2446 loco
566 2405 736 2446 tractabitur.
756 2405 849 2446 Neque
862 2413 927 2446 vero

153 2441 243 2468 minor
266 2440 416 2467 (Zalviniani
441 2441 553 2468 alterius
572 2445 614 2468 est
626 2443 748 2473 vanitas,
765 2440 811 2476 qui
827 2440 926 2476 Epiph.

152 2476 321 2502 credulitatis
346 2475 486 2502 insimulat
506 2483 540 2503 ex
559 2483 592 2502 eo
613 2476 685 2510 quod
703 2475 785 2503 variis
808 2475 836 2502 in
861 2475 929 2503 locis

154 2509 233 2537 Pilati
249 2510 316 2536 Acta
337 2509 428 2544 laudet
440 2529 447 2539 ,
463 2518 552 2544 neque
566 2509 658 2537 tamen
672 2511 700 2537 in
716 2510 776 2538 falsi
791 2510 927 2544 suspicio-

155 2553 215 2606 ne:n
233 2544 360 2572 adducat.
385 2543 463 2577 Quod
487 2543 521 2572 ne
536 2545 727 2573 refutationem
743 2543 853 2580 quidem
876 2552 933 2572 me-

155 2587 185 2606 re
198 2587 239 2606 ur.

155 2587 239 2607 I'CUII'.

192 2614 230 2649 (9)
250 2614 305 2641 Kal
321 2614 356 2641 ἐν
378 2614 481 2647 αὐτοῖς
501 2614 535 2640 δὲ
553 2614 671 2646 στάσις.
697 2614 760 2642 Haec
781 2614 862 2642 verba
881 2614 935 2642 τῶν

157 2649 208 2685 μὶν
221 2649 363 2685 λεγόντων,
381 2654 448 2680 ctc.,
471 2649 558 2685 aliena
571 2649 607 2676 ab
630 2649 680 2676 hoc
696 2649 758 2676 loco
776 2649 860 2685 videri
875 2657 936 2684 pos-

158 2682 232 2712 sunt.
250 2682 315 2711 Nam
340 2684 461 2719 priorum
478 2684 585 2719 illorum
602 2684 765 2711 sententiam
780 2682 934 2719 continent,

158 2720 204 2754 qui
218 2727 261 2746 ιιιν
273 2718 543 2746 Ιυιιιιοριιεῢιιιιιᾱιιιιι
560 2718 665 2745 Pascha
681 2718 934 2754 sciverant.rQuan-

158 2761 240 2789 quam
258 2761 328 2789 smpe
346 2754 433 2782 otiosa
456 2754 590 2788 ejusmodi
610 2754 741 2789 repetitio
765 2753 835 2788 apud
861 2754 933 2780 hunc

160 2787 320 2824 scriptorem
344 2787 579 2816 animadvertitur.
601 2787 657 2824 ﬁed
671 2789 744 2824 quid
767 2787 798 2815 ea
824 2789 932 2815 tandem

160 2824 212 2851 sibi
229 2824 337 2853 volunt?
360 2824 496 2851 Statuisse
520 2824 580 2851 illos
600 2823 704 2851 Pascha
725 2831 768 2850 xlv
786 2823 933 2858 Iuna,qua:

137 2860 139 2863 '
160 2859 188 2886 iu
207 2867 253 2886 vut
269 2858 327 2887 Kal.
346 2859 411 2894 Apr.
426 2859 563 2886 incurrat?
588 2857 634 2886 Est
649 2859 712 2886 illud
727 2859 835 2894 quidem
849 2857 933 2886 nimis

462 2281 472 2295 '
488 2289 532 2314 γγ).
554 2279 806 2315 Ἑκκλησιαστικοῦ.
844 2280 854 2295 ³
867 2279 895 2306 F.
912 2281 919 2305 l

971 2288 1004 2307 av.
1044 2280 1055 2296 ⁸
1072 2280 1148 2308 Deut.
1163 2288 1249 2312 xxvu,
1267 2280 1300 2308 i8
1320 2288 1381 2315 sqq.

303 2336 355 2364 lius
371 2336 526 2372 anticipata:
549 2337 604 2364 sint
627 2336 792 2368 neomeniae.
811 2340 842 2363 ut
857 2336 925 2363 nihil
942 2339 965 2368 D
979 2337 1139 2370 absurdum,
1155 2339 1233 2372 quasi
1246 2337 1280 2365 ad
1299 2345 1359 2365 eum
1374 2336 1445 2364 diem
1461 2337 1589 2372 lunzextv
1605 2334 1662 2372 dies
1675 2335 1760 2369 possit

971 1612 1090 1639 mittant.
1115 1611 1137 1639 0
1158 1611 1283 1639 homines
1305 1615 1401 1646 sponte
1426 1610 1645 1638 cavillationibus
1669 1610 1752 1638 variis

971 1665 1003 1684 ac
1019 1657 1147 1685 ludibriis
1171 1658 1355 1692 opportunos!
1377 1656 1435 1685 Hoc
1450 1659 1521 1684 enim
1537 1657 1572 1684 ab
1588 1656 1753 1684 Ecclesiaste

971 1702 1108 1737 sapienter
1129 1703 1243 1735 dictum,
1260 1703 1303 1730 vel
1321 1703 1410 1738 potius
1434 1710 1449 1728 a
1469 1701 1573 1737 Spiritu
1595 1707 1691 1730 sancto
1708 1710 1755 1730 no-

971 1752 1029 1777 stra
1054 1755 1137 1776 causa
1163 1748 1379 1784 pronuntiatum,
1406 1748 1440 1776 ad
1469 1747 1530 1776 illos
1552 1747 1752 1776 accommodari

972 1798 1079 1829 potest:
1092 1793 1149 1822 Hoc
1166 1794 1240 1822 novit
1253 1793 1443 1826 Ecclesiastes,
1458 1793 1587 1829 quoniam
1603 1792 1675 1820 Deus
1689 1800 1756 1827 pru-

972 1840 1081 1868 dentem
1103 1839 1242 1868 hominem
1267 1839 1331 1867 I’ecit
1348 1843 1470 1870 rectum;
1486 1839 1526 1867 illi
1551 1841 1641 1866 autem
1665 1837 1753 1872 inqui-

974 1887 1079 1914 sierunt
1096 1886 1188 1913 varias
1203 1885 1381 1921 sibimetipsis
1394 1885 1452 1912 vias
1462 1882 1485 1912 '.

1009 1933 1106 1959 Annon
1143 1931 1259 1958 istorum
1289 1929 1458 1965 explodenda
1486 1929 1583 1957 merito
1622 1927 1755 1956 sententia

974 1977 1035 2004 est?
1061 1975 1183 2003 Primum
1207 1976 1279 2004 enim
1297 1975 1321 2003 si
1342 1975 1447 2003 Pascha
1473 1974 1518 2002 die
1536 1981 1582 2001 xw
1606 1973 1755 2004 celebrant,

973 2021 1029 2055 jam
1043 2024 1101 2048 tum
1115 2028 1130 2047 a
1145 2020 1189 2048 die
1202 2028 1219 2048 x
1239 2019 1436 2056 praeparandus
1452 2019 1506 2046 illis
1527 2026 1614 2054 agnus
1628 2019 1689 2047 erit.
1707 2025 1756 2045 nec

976 2067 1095 2102 amplius
1106 2074 1161 2094 una
1174 2067 1227 2094 erit
1238 2070 1399 2094 consecrata
1409 2065 1516 2101 jejunio
1531 2066 1588 2093 dies
1599 2074 1606 2098 ;
1619 2064 1666 2092 sed
1676 2064 1756 2099 quiu-

976 2120 1040 2148 que,
1055 2112 1186 2140 nimirum
1206 2112 1323 2144 decima,
1345 2112 1499 2143 undecima,
1517 2110 1690 2142 duodecima,
1705 2109 1756 2137 de-

977 2158 1048 2185 cima
1074 2158 1153 2185 tertia
1173 2163 1200 2185 et
1223 2157 1328 2185 decima
1348 2160 1456 2192 quarta.
1473 2155 1552 2193 $21
1569 2155 1648 2189 Quod
1674 2155 1696 2183 si
1724 2154 1757 2181 ad

978 2211 1120 2239 vesperam
1139 2203 1244 2230 Pascha
1265 2203 1345 2230 fuerit
1361 2202 1542 2233 immolatum,
1564 2200 1637 2236 quod
1654 2204 1698 2228 xiv
1715 2199 1760 2226 die

1422 2281 1432 2295 ⁸
1448 2279 1537 2307 Eccle.
1551 2286 1599 2309 vu,
1618 2278 1663 2305 '50.

978 2370 1173 2408 adhaerescere.
1188 2372 1259 2408 Quid
1275 2373 1298 2400 si
1308 2372 1362 2408 πρὸ
1375 2371 1430 2408 τῷν
1438 2371 1514 2408 γόκτῴ
1525 2370 1601 2408 Καὶ,
1610 2370 1692 2408 ΔΙβειιις
1705 2378 1759 2397 non

978 2407 1032 2434 τῶν
1050 2407 1105 2444 πρὸ,
1120 2408 1191 2444 ᾤκτῴ
1199 2407 1303 2444 [Nam
1321 2405 1349 2434 αἱ
1364 2406 1417 2444 πρὸ
1432 2406 1504 2444 ὀκτῴ
1525 2405 1585 2444 Kal.
1609 2405 1680 2444 idem
1690 2410 1762 2444 sunt

980 2447 1061 2477 atque
1071 2439 1106 2469 ἀί
1123 2442 1195 2469 ὀκτώ
1210 2442 1270 2470 Kal.
1286 2442 1352 2475 Qum
1375 2439 1501 2476 loquendi
1525 2440 1641 2477 formula
1651 2447 1671 2477 _a
1690 2439 1763 2467 [atti-

980 2474 1024 2505 nis
1039 2478 1170 2513 manavit,
1188 2474 1306 2513 quibus:
1321 2480 1383 2513 ante
1399 2474 1471 2513 diem
1488 2484 1537 2513 v_ut_
1556 2475 1616 2502 Kal.
1633 2474 1704 2513 idem
1718 2479 1763 2513 est

987 2516 1068 2547 atque
1080 2520 1128 2539 vtu
1143 2509 1204 2540 Kal:
1221 2513 1255 2538 At
1272 2511 1294 2540 si
1311 2511 1364 2547 πρὸ
1377 2511 1432 2538 τῶν
1445 2510 1517 2547 ὀκτώ
1532 2511 1616 2547 legas,
1634 2509 1706 2537 hunc
1718 2510 1763 2536 ha-

987 2546 1032 2575 bet
1045 2555 1168 2579 sensum,
1183 2547 1274 2574 lunam
1289 2547 1350 2573 illos
1370 2555 1415 2573 xtv
1428 2546 1614 2575 constituisse.
1633 2552 1685 2579 qua
1701 2548 1764 2572 ante

987 2590 1034 2610 vut
1059 2582 1118 2610 Kal.
1144 2582 1284 2609 incideret.
1307 2581 1363 2608 Nisi
1390 2581 1458 2609 forte
1475 2589 1519 2608 xtv
1534 2581 1624 2607 lunam
1639 2579 1693 2605 τῶν
1711 2579 1764 2615 πρὸ

987 2618 1058 2644 ὀκτώ
1065 2617 1126 2644 Kal.
1143 2621 1221 2644 vocet
1232 2625 1304 2647 eam,
1313 2624 1373 2650 qua:
1383 2616 1446 2642 huic
1459 2616 1572 2642 termino
1588 2614 1764 2650 propinquior

987 2657 1040 2683 est.
1056 2652 1127 2687 quod
1152 2659 1246 2679 verum
1259 2649 1334 2686 puto.
1351 2651 1379 2678 Si
1396 2651 1505 2685 quidem
1522 2655 1549 2677 et
1562 2650 1619 2676 haec
1634 2649 1763 2687 loquendi

988 2684 1120 2720 formula,
1145 2694 1226 2722 quam
1253 2684 1435 2722 prorrecep’ta
1459 2691 1614 2722 excusaque
1629 2684 1765 2722 _subst_itui

988 2730 1068 2761 posse
1081 2718 1202 2761 diximus
1217 2718 1272 2756 περὶ)
1286 2721 1345 2761 τῶν.
1361 2718 1432 2747 ὀκτώ
1441 2727 1495 2761 ~pro
1507 2718 1602 2761 eodem
1611 2753 1618 2761 1
1628 2718 1765 2746 interdutu

989 2753 1056 2784 solet
1072 2757 1211 2792 usurpari.
1227 2753 1308 2792 atque
1322 2756 1406 2792 altera
1420 2753 1542 2792 τρν-πρὸ
1553 2753 1634 2792 and»:

1024 2792 1080 2826 (10)
1105 2788 1172 2818 Ἐᾶν
1189 2788 1271 2825 πρὸξ
1282 2790 1421 2825 ἑσπέραν.
1438 2789 1504 2817 Vide
1512 2788 1640 2816 'Animad.
1658 2791 1766 2815 nostras

987 2827 1021 2854 ad
1040 2827 1104 2854 liter.
1120 2833 1184 2858 ιη,
1201 2834 1227 2853 ιι.
1249 2827 1290 2853 Η.
