1964 3047
213 122 263 154 ἒδῖ

911 130 939 157 S.
961 128 1133 157 EPIPHANH

1793 128 1859 156 888

212 191 387 215 illucescente
399 188 515 224 geritur.
535 196 559 215 vn
571 188 631 216 dies
643 189 750 224 jejunio
763 189 901 218 tribuendi
917 194 997 223 sunt;

1056 190 1080 216 τὺ
1091 191 1220 225 Πάσχα,ή
1236 190 1305 226 αὐτὴ
1315 189 1597 225 τεσσαρεσκαιδεκάτη
1609 188 1806 223 ἑπιφώσκουσα
1816 189 1855 222 ἒξ

213 242 260 261 nec
271 235 327 268 jam
343 243 414 261 unus
431 234 614 269 praaliuietur;
629 236 724 270 sicque
738 237 828 264 omnis
840 236 885 263 illa
901 236 935 264 de
947 245 1001 264 una

210 280 255 306 die
267 281 382 315 quaestio
395 289 443 315 per
459 289 488 308 se
504 281 563 316 ipsa
574 282 689 314 corruit,
705 290 766 317 qua;
781 290 843 310 esse
857 283 940 310 unica
955 283 1003 310 de—

212 326 287 353 sinit.
303 326 372 353 Nam
397 331 425 354 et
441 327 475 354 ad
494 328 556 355 illas
572 327 722 362 ﬁgurarum
744 328 868 360 umbras.
889 337 950 364 quae
967 330 1002 357 iis

211 371 279 406 ipsis
314 373 505 408 signiﬁcantur
544 373 713 402 arlamussim
762 380 939 410 congruunt;
972 379 1000 404 et

211 418 280 446 istos
301 427 415 448 necesse
427 424 469 448 est
493 420 565 448 haud
589 421 755 449 mediocrem
772 421 929 450 divinorum
944 430 1003 459 my-

212 465 357 492 steriorum
372 466 510 500 jacturam
527 466 627 495 facere.
644 467 786 496 Christum
800 469 874 497 enim
894 477 940 496 xiv
957 469 1003 497 die

212 511 327 537 mactari
353 519 387 539 ex
407 513 568 548 przescripto
585 513 653 548 legis
677 515 810 550 oportuit,
831 520 861 543 ut
882 515 944 550 ejus
963 515 1003 542 luv

211 565 285 588 men,
304 558 376 591 quod
391 557 502 586 Judzcos
518 559 708 592 collustrabat,
724 561 830 588 oriente
845 561 904 589 sole
919 569 951 589 ac
965 562 1002 588 lu-

213 611 274 630 nam
290 604 487 637 abscondente,
499 606 648 634 desineret.
662 606 768 635 Etenim
784 615 799 634 a
815 615 860 635 xlv
871 608 916 635 die
926 608 1003 636 dein-

212 657 276 684 ceps
292 650 363 677 lunae
378 651 509 685 splendor
524 652 708 680 imminuitur.
728 651 774 680 Sic
790 653 818 680 in
829 653 915 681 veteri
932 654 999 688 lege,

212 700 274 730 post
296 696 441 723 adventum
468 704 500 723 ac
527 698 682 732 passionem
707 697 825 727 Domini.
843 698 999 726 Judzeorum

212 741 357 768 obscurata
378 741 532 778 Syuagoga,
556 743 742 778 evangelicum
768 745 857 772 lumen
884 745 998 777 aﬂulsit,

213 794 267 814 nou
291 791 320 814 ut
338 788 427 815 soluta
449 789 491 816 lex
521 789 567 820 sit.
587 789 634 816 sed
663 790 789 824 impleta:
809 798 897 826 neque
925 795 954 817 ut
973 792 999 817 in

213 833 330 860 nihilum
347 835 434 870 ﬁgura
455 835 565 862 redacta
582 836 627 866 sit.
644 836 692 863 sed
713 840 742 862 ut
758 836 900 864 veritatem
924 837 999 864 exhi-

213 879 312 906 bucrit.
335 879 373 907 Ita
387 885 449 916 post
464 880 568 909 Pascha
585 882 618 909 ad
643 881 847 910 Hierichuntem
861 888 999 918 peractum

213 925 354 961 Scriptura
369 927 464 955 statim
479 928 599 962 adjecit:
618 928 651 954 Et
667 928 835 956 comederunt
855 930 882 956 in
901 929 1000 965 Gulga-

213 971 258 1002 lis,
277 978 301 999 et
318 973 412 1007 defecit
427 981 525 1000 manna
540 976 559 1001 ¹.
582 975 687 1007 Quibus
705 975 797 1002 verbis
817 975 933 1010 idipsum
958 984 1002 1003 sa-

213 1026 266 1046 crm
291 1019 401 1047 Littera:
434 1020 611 1048 vaticinando
639 1026 744 1049 testatae
765 1025 840 1052 sunt,
861 1021 1000 1048 Dominiea

212 1073 289 1097 nece,
311 1070 422 1101 propter
441 1067 605 1102 adnegatum
629 1067 663 1094 ab
686 1067 740 1094 illis
764 1075 876 1099 numen.
901 1067 1002 1103 angeli-

211 1119 285 1143 cum,
298 1120 329 1139 ac
340 1113 451 1140 cmlesle
462 1114 600 1148 pabulum,
614 1113 687 1148 quod
703 1114 877 1149 appellabant
889 1121 1000 1146 manna,

212 1158 376 1186 desiturum.

247 1249 292 1276 111.
314 1251 434 1278 Ecclesia
450 1258 531 1286 porro
546 1250 698 1284 Catholica,
716 1259 776 1286 quae
792 1250 826 1279 ad
844 1250 871 1278 id
897 1255 1002 1287 myste-

213 1297 282 1323 rium
304 1296 496 1324 celebrandum
523 1297 681 1325 necessaria
708 1301 773 1325 sunt
790 1297 911 1333 undique
935 1305 1002 1325 con-

211 1343 334 1374 trahens,
352 1347 379 1370 et
394 1344 420 1370 in
440 1351 522 1370 unum
543 1343 704 1376 conferens,
733 1344 874 1372 veritatem
891 1344 999 1372 retinet.

211 1387 279 1414 Nam
293 1396 347 1415 non
363 1389 451 1415 solum
470 1396 516 1415 xw
535 1388 606 1415 diem
618 1389 765 1423 obsarvat;
783 1389 830 1417 sed
848 1393 876 1417 et
898 1389 1002 1417 hebdo-

212 1434 337 1466 madam;
358 1433 410 1461 hoc
429 1438 470 1462 est
495 1440 620 1469 septenos
652 1434 715 1462 illos
733 1434 844 1463 Sabbati
859 1435 917 1464 dies
930 1456 938 1469 ,
953 1436 1000 1471 qui

212 1485 344 1514 perpetuo
373 1480 490 1507 circuitu
515 1487 547 1507 ac
572 1481 740 1509 rerolutione
759 1481 890 1513 redeunt.
917 1487 947 1510 ut
967 1483 1000 1510 ad

211 1532 307 1552 eorum
322 1525 462 1560 exemplar
477 1534 537 1561 quae
558 1531 622 1554 sunt
640 1534 656 1555 a
674 1526 789 1554 Domino
802 1531 892 1563 gesta,
909 1536 1001 1556 resur-

213 1571 298 1597 rectio
314 1571 455 1606 epulaeque
474 1572 656 1599 celebrentur.
684 1572 785 1600 Deinde
811 1579 910 1608 praeter
930 1575 1001 1602 luna:

212 1624 258 1643 xlv
273 1617 359 1649 diem.
381 1618 463 1645 etiam
481 1625 592 1646 cursum
618 1619 684 1647 solis
701 1619 829 1651 adhibet,
850 1628 884 1648 ne
903 1621 1002 1656 duplex

212 1663 239 1689 in
268 1664 392 1691 eumdem
420 1672 521 1692 annum
542 1664 646 1693 Pascha
675 1666 712 1693 ita
739 1667 943 1700 committatur,
974 1674 1003 1696 ut

213 1709 298 1736 altero
317 1717 391 1737 anno
417 1719 452 1738 ne
469 1719 554 1739 unum
571 1711 681 1747 quidem
709 1713 852 1740 habeatur.
866 1713 1002 1747 Quocirca

212 1763 258 1782 xw
274 1755 346 1782 illam
365 1756 435 1784 diem
452 1757 493 1784 sic
512 1762 635 1786 tenemus
649 1780 656 1790 ,
679 1763 709 1786 ut
724 1759 918 1794 aequinoctium
934 1768 1002 1796 prae-

213 1799 431 1833 tergrvdiamur;
459 1809 492 1828 ac
512 1801 622 1829 demum
643 1805 670 1830 in
694 1809 817 1832 sanctam
832 1804 1001 1833 Dominicam

212 1844 410 1879 religiosissimi
419 1847 550 1882 temporis
564 1848 644 1876 linem
656 1849 830 1882 eonjicimus,
842 1849 890 1877 sed
902 1858 1001 1886 agnum

210 1888 266 1922 jam
287 1895 344 1917 tum
361 1899 375 1917 a
397 1891 504 1920 decimo
518 1893 562 1921 die
582 1895 735 1926 sumimus.
752 1896 882 1930 quoniam
900 1896 926 1923 in
945 1896 1000 1923 lota

212 1937 302 1964 littera
328 1936 393 1965 J‘esu
413 1946 513 1966 nomen
534 1940 724 1975 agnosrimus;
745 1948 779 1968 ne
802 1941 868 1976 quid
890 1943 1003 1970 omnino

211 1983 379 2018 diligentiam
401 1989 521 2012 nostram
541 1985 662 2022 etiugiat,
681 1987 752 2022 quod
781 1987 815 2014 ad
833 1988 1003 2016 ecclesiasti-

212 2037 273 2056 cam
289 2034 316 2057 et
333 2039 491 2066 germanam
502 2053 509 2064 ,
526 2040 558 2060 ac
577 2033 640 2061 vita:
668 2034 818 2069 salutisque
834 2035 1002 2062 conciliatri-

212 2084 271 2103 cem
287 2075 432 2105 Paschalis
451 2078 662 2107 celebrationem
683 2081 819 2115 pertinere
831 2081 964 2109 videatur.

246 2123 328 2160 5,22
344 2123 396 2151 Sed
409 2124 466 2160 jam
484 2125 642 2160 pestiferum
661 2126 769 2155 bufonis
783 2128 866 2163 hujus
882 2128 1000 2156 albatum

212 2169 313 2196 Christi
332 2170 450 2204 potentia
467 2170 545 2200 velut!
553 2171 714 2206 obsignatus
736 2173 911 2208 munitusque
930 2181 1001 2209 prte-

212 2215 316 2248 teribo;
336 2223 368 2243 ac
387 2215 435 2244 Dei
457 2224 508 2252 ope
530 2219 677 2252 postulata,
696 2218 816 2246 animum
834 2219 867 2246 ad
884 2220 1002 2255 reliquas

212 2267 382 2289 convertam.

345 2363 529 2392 ADVERSUS
549 2363 713 2391 HlEllESlN
737 2364 858 2396 ILLAM,

213 2420 279 2454 Ome
306 2420 419 2448 Ioannis
449 2420 618 2456 Evnngelium
644 2425 670 2448 et
695 2421 874 2457 Apocalypsin
903 2423 999 2457 reiicit.

228 2464 307 2490 quam
320 2457 469 2483 Amentium
482 2457 609 2491 appellat.
625 2457 733 2484 haeresis
745 2457 853 2490 XXXI,
869 2459 921 2486 sive
937 2458 985 2485 LI.

246 2543 266 2572 l.
290 2543 356 2572 Post
372 2544 586 2581 Cataplu-ygum,
602 2545 854 2578 Quintillianorum.
873 2552 900 2574 et
917 2548 1002 2580 Quar-

212 2591 446 2618 tldecimanorum
462 2597 561 2622 sectas,
573 2599 643 2619 nera
659 2591 781 2627 quaedam
799 2593 825 2620 in
839 2593 932 2621 orbem
948 2599 1002 2622 ter-

212 2645 304 2664 larum
332 2637 424 2672 erupit
452 2638 584 2668 haeresis.
604 2638 679 2666 velut
704 2639 859 2667 imbecillus
877 2647 1003 2674 serpens.

1015 1549 1037 1580 C

1055 236 1173 263 διατελεῖ
1181 235 1288 272 ἡμέρας
1306 237 1334 262 ὲν
1350 237 1385 272 τῇ
1397 235 1521 271 νηστείῳ
1537 236 1584 262 καὶ
1597 234 1688 262 οὐκέτι
1704 235 1754 270 μία
1767 234 1856 261 ἔσται

1054 282 1105 318 τῆς
1129 283 1276 318 νηστείας’
1303 282 1349 309 καὶ
1376 281 1499 308 διέπεσεν
1521 282 1538 316 ὴ
1564 282 1627 317 περὶ
1648 282 1715 316 μιᾶς
1738 281 1855 316 ἡμέρας

1055 327 1145 354 αὐτῶν
1164 327 1288 363 ζήτησις,
1305 329 1336 354 οὐ
1353 328 1401 363 μία
1418 336 1458 358 τις
1473 324 1548 353 οὖσα.
1564 327 1639 361 Ἔχει
1652 326 1707 361 γὰρ
1720 325 1755 352 τὰ
1773 335 1856 361 πρω-

1055 372 1159 399 τότυπα
1183 373 1402 408 συνεζευγμένα”
1426 373 1472 399 καὶ
1498 371 1664 408 ἐζημίωνται
1682 372 1732 398 οὐκ
1750 372 1854 406 ὀλίγην

1055 419 1126 446 κατὰ
1147 419 1213 446 Θεὸν
1228 419 1430 455 πραγματείαν.
1449 419 1524 446 Ἔδει
1544 419 1598 454 γὰρ
1615 419 1660 445 τὸν
1680 419 1799 454 Χριστὸν
1819 420 1855 445 ἐν

1054 467 1339 502 τεσσαρεσκαιδεκάτῃ
1356 466 1446 502 ἡμέρᾳ
1459 465 1570 492 θύεσθαι
1590 465 1662 493 κατὰ
1683 466 1728 492 τὸν
1749 466 1852 501 νόμον,

1054 511 1129 543 ὅπως
1141 511 1208 547 λήξῃ
1224 512 1289 547 παρ’
1303 512 1394 543 αὐτοῖς
1408 511 1438 538 τὸ
1456 511 1571 546 φωτίζον
1588 512 1686 543 αὐτοὺς
1701 511 1758 546 φῶς
1772 510 1853 537 κατὰ

1055 557 1100 584 τὸν
1115 558 1206 593 νόμον,
1223 557 1270 584 τοῦ
1286 558 1362 593 ἡλίου
1377 557 1576 589 ἀνατείλαντος,
1592 557 1640 584 καὶ
1656 557 1852 588 σκεπάσαντος

1054 603 1104 639 τῆς
1117 603 1232 640 σελήνης
1243 603 1274 630 τὺ
1289 603 1378 635 σέλας.
1396 603 1462 630 Ἀπὸ
1475 603 1530 639 γὰρ
1542 603 1851 638 τεσσαρεσκαιδεκάτης

1055 651 1103 677 καὶ
1118 650 1196 677 κάτω
1209 650 1297 686 φθίνει
1314 650 1345 677 τὸ
1369 650 1477 685 φαεινὸν
1490 650 1540 685 τῆς
1559 650 1684 685 σελήνης.
1697 649 1775 676 Οὖτω
1797 649 1852 676 καὶ

1054 696 1083 722 ὲν
1106 696 1145 730 τῷ
1161 696 1236 732 νόμῳ
1256 696 1310 723 ἀπὸ
1333 697 1384 731 τῆς
1404 696 1450 722 τοῦ
1479 696 1599 732 Χριστοῦ
1621 695 1771 730 παρουσίας
1797 695 1852 722 καὶ

1054 741 1158 772 πάθους
1168 741 1331 778 ἡμαύρωται
1347 743 1362 777 ἡ
1382 741 1513 777 Ἰουδαῖκὴ
1523 741 1676 777 συναγωγὴ,
1686 741 1851 776 κατηύγασε.

1053 787 1082 813 δὲ
1110 787 1140 814 τὸ
1167 787 1349 822 Εὐαγγέλιον·
1384 788 1421 824 μὴ
1451 787 1647 819 καταλυθέντος
1675 787 1721 814 τοῦ
1747 787 1848 822 νόμου,

1054 833 1123 860 ἀλλὰ
1145 834 1347 869 πληρωθέντος·
1370 834 1406 869 μὴ
1437 834 1657 869 καταργηθέντος
1678 833 1726 860 τοῦ
1744 833 1849 866 τύπου,

1020 874 1040 902 Β
1055 880 1123 906 ἀλλὰ
1137 880 1363 916 παραστήσαντος
1375 880 1425 915 τὴν
1439 880 1581 916 ἀλήθειαν.
1593 879 1671 906 Οὕτω
1681 880 1736 915 γὰρ
1750 880 1799 906 καὶ
1816 881 1851 906 ἐν

1051 926 1091 961 τῷ
1117 926 1296 961 πεποιηκέναι
1320 926 1351 952 τὸ
1377 927 1473 961 Πάσχα
1500 927 1529 952 ὲν
1555 927 1588 961 τῇ
1617 926 1733 962 Ἱεριχὼ,
1762 925 1850 958 εὐθὺς

1052 973 1203 1008 ἐπήνεγκεν
1223 973 1239 1008 ἡ
1254 972 1316 999 θεία
1334 972 1440 1008 Γραφὴ,
1459 972 1591 1006 λέγουσα·
1609 972 1664 999 Kal
1679 972 1794 1007 ἔφαγον
1809 972 1850 998 ἐν·

1051 1018 1222 1053 Γαλγάλοις
1236 1018 1286 1045 καὶ
1300 1018 1421 1050 ἐξέλιπε
1431 1018 1465 1045 τὸ
1475 1018 1578 1052 μάννα
1588 1026 1594 1032 ·
1611 1018 1848 1054 προμαρτυροῦσα

1052 1064 1144 1095 αὐτοῖς
1169 1064 1186 1099 ὴ
1204 1063 1265 1090 θεία
1284 1063 1395 1100 Γραφὴ,
1420 1064 1466 1091 καὶ
1488 1063 1718 1100 προφητεύουσα,
1744 1064 1786 1090 ὅτι
1803 1063 1848 1098 τῷ

1051 1109 1133 1137 πάθει
1150 1109 1253 1145 Κυρίου
1275 1109 1321 1136 διὰ
1344 1110 1393 1145 τὴν
1415 1109 1505 1137 αὐτῶν
1530 1110 1743 1145 ὲπαρνησιθεῖαν
1766 1109 1846 1144 λήξει

1052 1156 1116 1191 παρ’
1131 1155 1222 1187 αὐτοῖς
1238 1156 1254 1190 ἡ
1270 1155 1372 1191 βρῶσις
1385 1156 1575 1191 ήεύαγγελικὴ
1589 1157 1599 1172 ¹
1611 1156 1658 1182 καὶ
1669 1156 1846 1191 ἐπουράνιος,

1051 1201 1121 1235 ὅπερ
1140 1201 1228 1236 μάννα
1242 1200 1308 1236 παρ’
1325 1200 1417 1232 αὐτοῖς
1437 1201 1578 1236 κέκληται.

1086 1247 1123 1273 l".
1143 1246 1315 1281 Πανταχόθεν
1337 1245 1366 1272 δὲ
1393 1246 1410 1281 ἡ
1435 1246 1500 1280 ἁγία
1518 1246 1575 1282 (li)
1598 1245 1666 1272 Θεοῦ
1694 1246 1847 1282 Ἐκκλησία

1052 1292 1116 1329 περὶ
1130 1293 1180 1328 τῆς
1192 1292 1286 1328 χρείας
1301 1291 1403 1327 ταύτης
1417 1292 1466 1327 τῆς
1485 1291 1679 1326 μυσταγωγίας
1696 1292 1846 1325 συλλέγου-

1053 1348 1087 1366 σα
1105 1339 1151 1365 τὸν
1166 1338 1312 1374 σύνδεσμον
1323 1359 1330 1371 ,
1343 1338 1374 1364 οὐ
1390 1338 1530 1365 διαπίπτει
1551 1341 1601 1374 τῆς
1624 1338 1763 1374 ἀληθείας.
1785 1339 1846 1365 Κέ-

1051 1394 1152 1422 χρηται
1164 1385 1219 1421 γὰρ
1230 1386 1260 1412 οὺ
1278 1385 1357 1421 μόνον
1366 1386 1398 1421 τῇ
1406 1385 1689 1421 τεσσαρεσκαιδεκάτῃ
1698 1406 1705 1417 ,
1719 1385 1786 1412 ἀλλὰ
1795 1386 1846 1412 καὶ

1051 1433 1084 1467 τῇ
1103 1431 1229 1468 ἐΰδομάδι
1242 1433 1274 1467 τῇ
1292 1431 1363 1458 κατὰ
1380 1431 1504 1467 περίοδον
1524 1431 1750 1467 ἁνακυκλουμὲνῃ
1765 1430 1846 1464 τάξει

1051 1479 1105 1505 τῶν
1125 1477 1174 1505 τοῦ
1198 1478 1337 1505 Σαΰὸἀτου
1353 1478 1423 1504 ἑπτὰ
1440 1478 1552 1513 ἡμερῶν
1563 1486 1569 1492 ”
1586 1478 1629 1504 ἵνα
1645 1477 1716 1504 κατὰ
1741 1478 1775 1504 τὰ
1791 1478 1846 1504 ὑπὸ

1053 1525 1099 1553 τοῦ
1112 1525 1215 1561 Κυρίου
1233 1525 1367 1560 γενόμενα
1382 1525 1452 1551 κατὰ
1467 1524 1497 1551 τὺ
1514 1525 1701 1561 πρωτότυπον,
1719 1525 1759 1560 εῐη
1774 1525 1844 1551 ἀνά-

1054 1572 1148 1603 στασίς
1167 1580 1198 1598 τε
1220 1571 1267 1598 καὶ
1290 1572 1401 1607 εὐωχία.
1419 1571 1475 1598 Καὶ
1494 1571 1627 1608 κέχρηται
1649 1572 1678 1598 οὐ
1707 1571 1785 1606 μόνον
1809 1573 1844 1607 τῇ

1052 1618 1336 1655 τεσσαρεσκαιδεκάτῃ
1350 1618 1399 1654 τῆς
1416 1619 1530 1655 σελήνης
1542 1639 1549 1649 .
1575 1619 1643 1645 ἀλλὰ
1661 1619 1707 1645 καὶ
1722 1618 1762 1653 τῷ
1782 1618 1845 1654 δρό-

1055 1674 1098 1700 μῳ
1123 1665 1170 1691 τοῦ
1194 1664 1285 1700 ἡλίου·
1316 1665 1358 1691 ἵνα
1384 1664 1438 1700 μὴ,
1457 1665 1496 1691 ἑνὶ
1527 1664 1643 1700 ἐνιαυτῷ
1671 1665 1717 1691 δύο
1747 1665 1844 1700 Πάσχα

1054 1710 1207 1741 ποιοῦντες.
1223 1711 1251 1736 ἐν
1270 1709 1309 1745 τῷ
1330 1710 1414 1746 ἑτέρῳ
1439 1710 1505 1745 μηδὲ
1521 1709 1550 1736 ἓν
1566 1710 1661 1744 Πάσχα
1676 1710 1841 1744 τελέσωμεν.

1053 1756 1098 1783 Διὸ
1123 1755 1357 1791 παρατηρούμεθα
1381 1755 1429 1790 μὲν
1454 1757 1503 1791 τὴν
1530 1755 1842 1791 τεσσαρεσκαιδεκάτην,

1054 1801 1254 1838 ὑπερϐαίνομεν
1271 1801 1298 1828 δὲ
1312 1801 1361 1837 τὴν
1380 1802 1535 1837 ἰσημερίαν,
1552 1802 1670 1837 φέρομεν
1686 1801 1714 1828 δὲ
1735 1802 1780 1828 ἐπὶ
1793 1802 1842 1837 τὴν

1053 1848 1134 1882 ἁγίαν
1147 1848 1291 1883 Κυριακὴν
1309 1847 1339 1873 τὸ
1355 1847 1432 1879 τέλος
1450 1847 1500 1882 τῆς
1517 1847 1753 1883 συμπληρώσεως·
1770 1848 1842 1882 λαμ-

1053 1895 1170 1929 ϐάνομεν
1182 1894 1210 1920 δὲ
1223 1894 1253 1921 τὸ
1265 1893 1400 1929 πρόϐατον
1413 1893 1467 1920 ἀπὸ
1479 1893 1609 1929 δεκάτης,
1624 1894 1709 1930 ὄνομα
1723 1894 1770 1920 τοῦ
1789 1895 1842 1930 Ἰη-

1054 1941 1100 1967 σοῦ
1118 1941 1273 1975 ἐπιγνόντες
1288 1941 1331 1968 διὰ
1344 1941 1374 1967 τὸ
1389 1940 1474 1968 ἰῶτα“
1493 1941 1537 1967 ἵνα
1555 1940 1592 1976 μὴ
1613 1939 1682 1976 λάθῃ
1699 1941 1772 1976 ἡμᾶς
1791 1949 1841 1974 μη-

1051 1988 1095 2014 δὲν
1110 1987 1165 2014 τῶν
1183 1987 1254 2014 κατὰ
1269 1987 1318 2023 τὴν
1333 1987 1463 2023 ἀλήθειαν
1477 1988 1565 2014 πᾶσαν
1579 1987 1628 2022 τῆς
1643 1987 1762 2022 ζωτικῆς
1775 1986 1839 2013 ταύ-

1051 2043 1102 2070 της
1121 2033 1169 2060 τοῦ
1191 2034 1287 2069 Πάσχα
1312 2033 1364 2069 τῆς
1386 2033 1615 2069 ὲκκλησιαστικῆς
1641 2033 1688 2060 καὶ
1714 2033 1842 2069 ἀληθινῆς

1053 2080 1255 2117 πραγματείας.

1094 2125 1301 2161 ’Υπερΰήσομαι
1330 2125 1358 2152 δὲ
1383 2125 1430 2152 καὶ
1455 2124 1534 2152 τοῦτο
1559 2124 1590 2151 τὸ
1618 2123 1770 2160 ἐμφύσημα
1794 2124 1840 2151 τοῦ

1054 2172 1154 2207 βέωνος
1177 2172 1248 2208 (η),
1270 2172 1358 2199 εἴτουν
1377 2171 1496 2206 φυσαλοὖ
1521 2171 1629 2206 ὄφεως,
1655 2171 1699 2198 διὰ
1721 2173 1771 2207 τῆς
1794 2171 1841 2198 τοῦ

1018 2228 1040 2255 ι)
1055 2219 1173 2255 Χριστοῦ
1191 2218 1331 2254 δυνάμεως
1346 2217 1616 2254 ἑπισφραγισάμενος
1627 2237 1634 2249 ,
1652 2218 1698 2244 καὶ
1720 2218 1766 2244 ἐπὶ
1793 2217 1841 2249 τὰς

1052 2263 1117 2300 ὲξῆς
1131 2263 1176 2290 τὸν
1191 2263 1253 2290 νοῦν
1269 2263 1428 2298 προτείνων,
1442 2263 1508 2290 Θεὸν
1525 2263 1649 2298 συνήθως
1661 2263 1791 2290 ὲπικαλού
1796 2272 1842 2299 με-

1053 2319 1098 2342 νος
1114 2310 1154 2342 είς
1166 2309 1302 2345 βοήθειαν.

1265 2367 1359 2393 ΚΑΤΑ
1379 2367 1447 2393 ΤΗΣ
1465 2366 1636 2398 ᾹΙΡΕΣΕΩΣ,

1054 2423 1114 2457 Τῆς
1125 2424 1168 2457 μὴ
1179 2423 1343 2459 δεχομένης
1357 2423 1389 2450 τὸ
1404 2423 1479 2459 κατὰ
1497 2423 1636 2459 Ἰωάννην
1647 2422 1840 2459 Εὑαγγέλιον,

1083 2459 1132 2486 καὶ
1149 2457 1430 2493 τὴνἍποκάλυψ-ιν.
1440 2457 1480 2491 ἣν
1493 2458 1641 2485 ἐκάλεσεν
1663 2458 1806 2490 Άνοήτων
1819 2458 1839 2490 ³,

1081 2494 1239 2528 τριακοστὴ
1255 2495 1354 2529 πρώτη
1365 2515 1373 2526 ,
1390 2494 1409 2527 ἡ
1425 2494 1475 2520 καί
1491 2494 1683 2528 πεντηκοστὴ
1702 2493 1812 2529 πρώτη.

1085 2549 1124 2577 A'.
1140 2549 1266 2584 Καθεξῆς
1289 2550 1319 2576 δὲ
1341 2549 1444 2576 τούτων
1466 2549 1520 2576 τῶν
1534 2549 1683 2585 αἱρέσεων,
1701 2549 1770 2584 μετὰ
1794 2549 1841 2584 τὴν

1051 2595 1122 2622 κατὰ
1148 2595 1257 2631 Φρύγας
1284 2604 1314 2622 τε
1340 2596 1387 2623 καὶ
1412 2596 1654 2627 Κυϊντιλλιανοὺς,
1675 2595 1723 2622 καὶ
1736 2596 1841 2622 Τεσσαη

1054 2641 1294 2677 ρεσκαιδεκατίτας
1310 2642 1381 2669 οὕτω
1401 2642 1602 2678 καλουμένους,
1617 2640 1721 2677 ἀνεφύη
1737 2640 1775 2676 τῷ
1792 2641 1840 2677 βίῳ

249 2717 255 2731 ¹
272 2715 331 2744 los.
348 2725 376 2750 ν,
395 2717 428 2744 18
464 2718 477 2733 ¹
491 2717 521 2744 F.
536 2717 678 2754 ἁγγελική.
717 2718 795 2745 ³11ηο
814 2719 905 2756 potius
928 2718 1058 2754 Ἀλόγων.

247 2775 303 2810 (Η)
323 2776 517 2810 Πανταχόθεν
533 2776 567 2802 δὲ
584 2777 603 2810 ἡ
621 2777 699 2811 ἁγία.
726 2777 791 2810 Quae
816 2778 848 2804 ad
865 2778 940 2805 hunc
957 2778 998 2805 lo-

213 2818 275 2847 cum
294 2811 449 2847 adnotanda
465 2815 554 2839 erant.
565 2820 597 2838 ea
615 2812 647 2838 ad
664 2813 730 2839 hair.
749 2821 800 2839 Lxx
817 2820 877 2847 quae
893 2816 935 2840 cst
948 2813 1001 2839 Au-

214 2846 288 2881 dian.
310 2845 485 2875 dill'eremus.
517 2847 561 2873 ubi
585 2847 664 2881 plura
696 2848 729 2875 ad
761 2845 999 2877 hoc—institutum

214 2879 310 2915 Ερὲιιίι.
330 2881 460 2915 disputat.

1089 2779 1146 2814 (l2)
1170 2779 1204 2806 Τὸ
1225 2779 1388 2815 ἐμφύσημα
1404 2781 1457 2808 τοῦ
1477 2780 1602 2813 ,βέωτ-ος.
1626 2779 1682 2807 Vox
1700 2780 1751 2807 ista
1773 2780 1839 2816 θέων

1055 2822 1191 2851 nusquam
1210 2822 1232 2851 ra
1255 2822 1298 2842 me
1327 2816 1405 2843 lecta.
1430 2816 1518 2850 Atque
1540 2815 1609 2851 haud
1641 2815 1699 2843 scio
1719 2823 1754 2843 an
1779 2815 1838 2851 βού-

1054 2858 1144 2886 φωνος
1157 2849 1254 2878 Latino
1267 2850 1401 2879 vocabulo
1416 2849 1560 2886 scripserit
1574 2850 1672 2887 Epiph.
