1964 3047
187 134 236 163 891

188 236 275 270 pulo?
306 236 469 273 Quicunque
497 239 569 266 enim
596 241 622 266 in
649 247 682 266 en
714 240 774 267 loco
800 246 908 273 manet.
932 241 977 268 ubi

187 283 352 310 abrotonum
367 285 504 311 consitum
519 289 569 316 est,
585 282 677 313 nullus
693 286 730 312 ibi
746 287 866 313 manebit
878 287 980 313 latebit<

188 336 241 362 que
255 336 378 363 serpens.
398 329 444 370 βία
462 330 508 357 ubi
535 339 598 357 vera
620 337 662 358 est
679 331 726 359 Dei
740 331 865 359 doctrinm
878 343 890 365 ,·
905 333 980 359 nulla

188 380 329 402 venenata:
355 375 487 404 doctrinae
514 377 617 404 latebra
644 379 699 405 vim
717 378 827 406 habebit
851 379 979 413 aliquam,

187 421 236 446 sed
252 420 376 448 funditus
392 422 510 450 occidet.

224 465 268 493 ΙΙΙ.
288 465 351 494 Haec
369 468 452 502 igitur
464 469 610 504 Alogorum
632 474 674 496 est
695 470 806 504 opinio:
829 477 892 497 nam
909 469 982 504 ejus-

189 512 263 539 modi
283 513 322 540 eis
340 521 439 541 nomen
457 515 635 550 imponimus,
653 523 703 543 nec
724 524 739 542 a
758 516 839 543 nobis
853 516 982 551 deinceps

189 559 269 585 aliter
284 561 399 587 vocandi
425 566 499 590 sunt.
517 561 550 589 Et
568 570 615 589 vos
644 570 762 593 mecum,
786 570 802 589 ο
815 562 981 593 charissimi,

190 603 292 638 Alogns
320 605 382 632 illos
411 607 559 634 nominate.
587 607 708 640 Quorum
738 607 851 633 haeresis
869 605 983 634 Joannis

191 650 277 678 libros
292 652 426 686 repudiat.
441 652 624 685 Quamobrem
637 661 699 680 cum
713 652 832 680 Verbum
849 661 864 680 a
878 652 983 680 Joanne

191 697 368 730 praedicatum
385 702 524 733 respuant,
542 699 630 734 Alogi,
650 699 701 726 hoc
714 702 755 726 est
770 706 785 724 a
798 697 888 726 Verbo
901 698 982 725 alieni

193 743 368 777 uuncupaudi
385 748 461 772 sunt.
477 745 548 779 Ergo
560 744 596 772 illi
614 752 629 771 a
642 744 767 771 doctrina
785 744 909 771 veritatis
923 743 983 770 fun-

191 787 267 815 ditus
282 789 461 817 abhorrentes
489 790 625 817 sinceram
649 791 728 816 iidem
751 790 905 824 abnegant,
933 797 984 817 nec

192 833 306 861 Joannis
328 836 521 871 Evangelium,
540 841 587 863 aut
612 836 796 871 Apocalypsin
819 835 980 871 approbant.

193 882 275 916 Atqui
296 882 318 909 si
341 882 504 918 Apocalypsi
533 883 665 910 duntaxat
689 882 790 917 reiecta
810 881 984 917 Evangelium
1001 874 1023 901 Β

192 927 379 960 admitterent,
402 928 455 955 dici
474 928 499 955 id
518 932 630 963 possent
650 928 744 956 subtili
759 927 877 962 quodam
894 930 921 954 et
940 934 984 953 ac-

193 978 290 1000 curato
307 974 412 1009 judicio
436 974 551 1006 fecisse,
574 978 603 1001 ut
626 973 780 1009 apocrypha
805 977 983 1008 respuerent;

193 1020 266 1055 quod
292 1021 419 1055 pleraque
445 1020 472 1047 in
503 1020 667 1055 Apocalypsi
688 1019 838 1046 altissimos
859 1023 885 1045 et
903 1017 986 1053 424

193 1066 328 1094 obscuros
343 1074 441 1094 sensus
455 1066 584 1093 habeant.
601 1065 653 1093 Sed
669 1073 731 1092 cum
747 1065 889 1092 universos
901 1063 986 1090 Joan-

195 1112 239 1139 nis
259 1112 345 1140 libros
361 1113 472 1148 proprie
489 1112 626 1146 rejiciant,
648 1111 774 1139 dubitare
790 1120 868 1138 nemo
885 1115 984 1146 potest,

194 1159 261 1193 quin
274 1158 307 1191 ii,
328 1166 479 1194 eorumque
492 1158 615 1191 similes,
647 1159 686 1186 illi
702 1158 754 1193 ipsi
772 1158 827 1184 sint
840 1178 847 1187 .
866 1165 985 1192 quorum

197 1204 224 1231 in
247 1204 395 1232 Catholicis
417 1202 548 1239 Epistolis
566 1203 685 1232 Joannes
719 1204 862 1231 meminit:
890 1203 986 1230 Novis-

195 1251 265 1276 sima
280 1250 346 1277 hora
369 1255 425 1283 est,
444 1251 551 1286 inquit,
567 1255 593 1278 et
618 1250 731 1277 audistis
744 1270 752 1283 ,
766 1250 890 1285 quoniam
906 1250 985 1276 Αηιὶ-

196 1295 311 1322 cltristus
327 1297 393 1323 venit
407 1305 415 1327 ,'
429 1301 452 1323 et
469 1305 536 1324 nunc
550 1304 607 1324 ecce
628 1297 781 1323 antichristi
797 1297 874 1323 multi
891 1297 911 1327 ¹,
931 1302 984 1324 etc.

197 1341 360 1377 Quanquam
381 1343 420 1369 illi
438 1343 562 1369 nonnihil
580 1344 614 1369 ad
633 1342 818 1369 excusandam
836 1350 913 1370 suam
937 1350 986 1369 au-

197 1388 304 1415 daciam
322 1392 457 1415 conantur
484 1389 590 1416 all'erre.
608 1388 694 1416 Pudet
707 1389 779 1416 enim
799 1389 886 1424 palam
903 1389 983 1416 beato

197 1433 296 1461 Joanni
310 1434 508 1467 contradicere,
522 1435 595 1470 quod
611 1439 639 1462 et
656 1435 745 1470 ipsum
759 1435 829 1463 inter
848 1437 987 1471 apostolos

199 1480 284 1508 fuisse
299 1484 471 1508 numeratum
488 1501 495 1511 ,
508 1485 534 1508 et
550 1488 563 1507 a
577 1481 691 1508 Domino
704 1482 840 1516 praecipue
859 1482 986 1509 dilectum

198 1534 253 1553 non
267 1525 413 1559 dubitent;
431 1527 478 1562 qui
493 1530 520 1554 et
531 1534 609 1554 sacra
628 1528 757 1562 mysteria
777 1535 826 1562 pro
837 1527 876 1554 rei
895 1528 984 1563 digni-

199 1576 254 1600 tate
274 1573 423 1607 patefecit.
441 1579 468 1600 et
492 1581 574 1607 supra
603 1573 709 1600 Domini
735 1578 830 1608 pectus
853 1574 986 1601 incubuit.

197 1618 290 1651 Quare
318 1618 398 1645 aliam
426 1619 644 1645 datnnandorum
678 1620 792 1654 apostoli
823 1620 988 1654 scriptorqu

199 1671 311 1690 causam
335 1664 481 1690 commenti
498 1668 572 1691 sunt.
600 1663 704 1699 Negant
721 1664 778 1691 haec
791 1664 905 1692 Joannis
918 1673 988 1697 esse,

199 1712 227 1736 et
240 1708 371 1735 Cerintho
385 1708 526 1740 tribuunt;
543 1717 593 1736 nec
607 1717 668 1737 esse
685 1709 766 1745 digna
786 1713 904 1744 putant,
930 1717 990 1745 quae

200 1755 236 1781 ab
247 1753 369 1782 Ecclesia
387 1755 547 1790 probentur.

239 1800 282 1827 IV.
296 1800 397 1828 Verum
417 1801 459 1828 vel
485 1801 537 1828 hoc
558 1801 618 1836 ipso
633 1801 674 1828 sui
691 1805 807 1829 conatus
824 1801 905 1828 initio
923 1809 991 1829 con-

201 1847 366 1879 vincuntur,
389 1855 440 1874 nec
468 1845 533 1882 quid
562 1846 656 1873 dicant
686 1847 859 1881 intelligere.
879 1854 929 1874 nec
958 1846 992 1874 de

200 1893 302 1928 quibus
316 1893 450 1920 allirment
461 1893 483 1920 '.
507 1893 560 1927 Qui
574 1893 649 1921 enim
665 1893 722 1921 ﬁeri
738 1897 827 1928 potest
840 1913 847 1924 ,
864 1898 891 1920 ut
907 1893 964 1920 haec
977 1902 992 1920 a

199 1938 333 1967 Cerintho
352 1940 454 1974 scripta
472 1940 548 1972 sint,
576 1947 638 1975 quae
663 1938 793 1967 Cerintho
818 1940 990 1975 potissimum

202 1984 369 2019 repugnent?
385 1983 435 2011 Hic
446 1984 518 2012 enim
533 1988 671 2012 recentem
687 1991 718 2010 ac
733 1984 836 2011 nudum
855 1984 992 2011 hominem

201 2036 264 2057 esse
285 2030 423 2057 Christum
451 2030 580 2058 asseruit.
601 2030 704 2057 Contra
717 2029 836 2057 Joannes
861 2034 992 2065 perpetuo

204 2075 288 2103 fuisse
304 2074 433 2108 Verbum,
451 2079 533 2110 atque
548 2071 564 2104 ο
580 2075 650 2102 caelo
669 2075 821 2110 delapsum,
838 2078 865 2102 et
881 2083 990 2103 carnem

201 2129 263 2150 esse
282 2122 383 2148 factum
395 2122 563 2156 pronuntiat.
577 2121 714 2155 Quocirca
730 2121 820 2148 statim
835 2121 909 2148 aditu
932 2122 992 2156 ipso

202 2167 430 2202 deprehenditur.
448 2176 545 2195 vanam
562 2169 679 2195 istorum
700 2167 888 2195 calumniandi
909 2168 993 2195 licen-

203 2214 268 2241 tiam
280 2222 382 2241 meram
398 2222 458 2242 esse
469 2214 624 2246 stultitiam,
640 2222 690 2242 nec
702 2215 774 2242 unde
788 2214 913 2250 redargui
927 2223 991 2250 pos-
1007 2230 1029 2257 ι)

203 2261 241 2288 sit
254 2261 322 2288 satis
342 2261 575 2293 animadvertere;
595 2268 657 2288 natn
676 2261 714 2288 illi
731 2261 872 2289 nobiscum
893 2262 992 2296 alioqui

203 2307 298 2334 eadem
315 2315 347 2334 ac
363 2307 439 2342 paria
459 2308 560 2335 sentire
574 2308 710 2335 videntur.
731 2306 783 2334 Sed
800 2315 861 2334 cum
879 2307 912 2334 ad
930 2308 990 2342 ejus

204 2350 348 2384 dcctrinaa,
366 2359 447 2386 quam
470 2359 516 2387 per
527 2352 637 2379 beatum
655 2351 786 2379 Joannem
807 2351 897 2379 divina
915 2353 994 2380 nobis

205 2397 338 2431 sapientia
353 2396 482 2431 providit,
505 2396 668 2424 soliditatem
690 2404 860 2432 nequaquam
875 2396 996 2424 adhaere-

205 2447 293 2473 scant,
306 2442 333 2469 in
345 2443 377 2470 iis
391 2450 451 2477 qua:
465 2443 590 2470 nesciunt
605 2447 700 2470 contra
713 2444 835 2471 veritatis
848 2443 988 2470 scientiam

206 2486 355 2514 insolenter
367 2486 427 2513 illos
444 2486 533 2514 eﬂ'erri
549 2487 751 2523 cognoscimus.
766 2489 853 2523 Atque
866 2488 917 2516 hoc
931 2489 994 2524 ipsi-

206 2536 262 2559 mct
286 2532 436 2568 intelligere
455 2537 603 2567 poterunt,
625 2534 647 2561 si
666 2534 827 2569 resipiscere
843 2534 923 2561 modo
938 2554 945 2566 .
962 2542 993 2562 ac

207 2583 325 2607 mentem
354 2579 494 2606 advertere
518 2580 663 2607 voluerint.
684 2579 740 2607 Nos
761 2580 833 2607 enim
853 2588 884 2607 ea
902 2581 992 2607 moni-

207 2628 297 2652 menta
313 2624 412 2659 quibus
429 2623 547 2659 Spiritus
573 2626 660 2653 sancti
686 2625 810 2652 doctrina
827 2625 993 2660 continetur,

206 2679 267 2706 qua
281 2671 390 2706 quidem
403 2671 455 2699 lide
469 2671 560 2707 digna,
576 2672 744 2707 probataque
759 2672 825 2704 sint,
843 2671 918 2699 nullo
933 2679 992 2698 mo-

243 2749 252 2766 '
266 2749 276 2777 l
290 2749 369 2778 Joan.
385 2758 414 2782 ll,
435 2750 478 2778 18.
516 2751 526 2766 ’
542 2751 552 2776 ι
568 2749 638 2777 Tim.
654 2758 674 2782 ι,
693 2750 719 2776 7.

404 165 407 168 _
887 138 916 167 S.
937 139 1107 167 ΕΡΙΡΙΙΑΝΙΙ

188 190 349 225 impertiret.
374 189 475 218 Verum
495 192 560 227 quid
579 200 630 228 ego
652 193 685 220 de
703 201 734 220 ea
760 202 789 221 re
802 193 908 222 diutius
923 195 981 222 dis-

1041 196 1091 231 ρῶς
1102 217 1109 229 ,
1125 196 1155 223 τὸ
1171 197 1200 223 ὲν
1211 198 1244 232 τῇ
1257 196 1322 232 ἁγίᾳ
1336 196 1403 223 Θεοῦ
1417 196 1583 232 διδασκαλίᾳ,
1604 196 1673 224 Ἀλλ’
1685 196 1737 229 ἓως
1752 198 1818 224 πότε

1764 141 1820 170 892

1032 243 1145 277 μηκύνω
1162 242 1206 269 τὸν
1221 243 1316 277 λόγον;
1341 243 1395 269 Καὶ
1412 241 1466 278 γὰρ
1489 241 1527 277 τῷ
1543 241 1648 277 μένοντι
1665 243 1732 269 ὅπου
1751 243 1816 269 ἀνα-

1030 289 1083 324 φυῇ
1097 288 1241 323 ἁϐρότονος
1251 309 1258 321 ,
1275 289 1333 314 ἐκεῖ
1349 287 1410 322 ὕφις
1425 287 1515 314 οὐκέτι
1537 287 1735 322 ὲγκαταμένει,
1755 286 1818 313 οὔτε

1030 334 1196 369 ὲμφωλεύει.
1212 335 1266 360 Καὶ
1288 334 1355 360 ὅπου
1379 333 1445 359 Θεοῦ
1470 333 1570 368 ἀληθὴς
1591 332 1765 364 διδασκαλία,
1786 333 1817 358 οὐ

1031 380 1189 415 κατισχύσει
1208 381 1416 415 κατοικητήριον
1440 378 1608 414 ἐρπετώδαυς
1635 378 1816 410 διδασκαλίας,

1031 427 1100 453 ἀλλὰ
1117 426 1260 453 διόλλυται.

1068 474 1104 499 Γ’.
1120 473 1255 499 Φάσκουσι
1271 472 1360 498 τοίνυν
1375 472 1399 498 οἱ
1414 472 1531 505 Ἀλογοι·
1544 472 1645 507 ταύτην
1658 472 1712 506 γὰρ
1724 472 1817 502 αὐτοῖς

1032 519 1126 554 τίθημι
1142 518 1191 553 τὴν
1211 518 1379 553 ἐπωνυμίαν.
1403 517 1468 543 Ἀπὸ
1492 518 1544 552 γὰρ
1565 517 1615 552 τῆς
1633 516 1711 552 δεῦρο
1731 516 1818 548 οὕτως

1033 565 1215 601 κληθήσονται
1228 574 1236 581 ·
1251 565 1298 591 καὶ
1310 564 1412 596 οὕτως,
1441 564 1594 599 ἀγαπητοὶ,
1619 563 1757 598 ἐπιθῶμεν
1770 563 1818 588 αὑ-

1032 613 1088 643 τοῖς
1105 611 1194 647 ὄνομα
1205 631 1212 642 ,
1231 611 1369 638 τουτέστιν
1388 610 1506 644 Ἀλογοι.
1520 609 1598 646 Εἶχον
1615 610 1668 646 γὰρ
1681 610 1731 644 τὴν
1744 609 1819 645 αἴρε-

1034 667 1076 685 σιν
1087 657 1269 693 καλουμένην,
1281 647 1485 684 ίποϐάλλουσαν
1505 657 1626 684 Ἰωάννου
1638 656 1688 688 τὰς
1699 656 1817 691 βίϐλους.

1039 705 1116 731 Ἐπεὶ
1130 703 1176 731 οὖν
1197 704 1243 731 τὸν
1259 704 1344 738 Λόγον
1360 704 1390 730 οὺ
1404 704 1526 738 δέχονται
1545 703 1590 730 τὸν
1605 703 1679 738 παρὰ
1696 702 1818 729 Ἰωάννου

1033 749 1249 785 κεκηρυγμένον,
1270 748 1379 782 Ἀλογοι
1392 747 1582 784 κληθήσονται.
1603 747 1748 782 ’Δλλότριοι
1764 746 1821 772 τοία

1033 802 1080 821 νυν
1107 793 1280 820 παντάπασιν
1306 792 1473 828 ὑπάρχοντες
1495 792 1542 818 τοῦ
1569 791 1744 827 κηρύγματος
1771 790 1821 825 τῆς

1037 840 1180 875 ἀληθείας,
1204 838 1348 875 ἀρνοῦνται
1369 839 1400 865 τὸ
1419 838 1537 874 καθαρὸν
1559 838 1604 864 τοῦ
1633 837 1820 873 κηρύγματος,

1038 887 1084 914 καὶ
1094 886 1156 913 οὔτε
1170 886 1201 913 τὸ
1215 886 1261 913 τοῦ
1281 886 1404 912 Ἰωάννου
1421 885 1587 919 Εὑαγγέλιον
1604 884 1724 920 δέχονται
1735 904 1743 916 ,
1760 882 1822 909 οὕτε

1037 934 1085 969 τὴν
1111 932 1193 960 αὐτοῦ
1223 932 1414 966 Ἀπκὰλυψιψ
1445 932 1500 958 Καὶ
1528 932 1552 957 εἰ
1577 931 1626 966 μὲν
1645 930 1765 965 ἐδέχοντο
1791 929 1823 955 τὸ

1039 979 1204 1014 Εὑαγγέλιον
1219 979 1274 1013 (15)
1287 999 1294 1011 ,
1312 979 1362 1015 τὴν
1381 979 1410 1004 δὲ
1432 977 1614 1012 Ἀποκάλυψιν
1628 975 1822 1006 ἀπεϐάλλοντο,

1038 1026 1167 1060 ἐλέγομεν
1181 1025 1225 1057 ἂν,
1247 1025 1285 1060 μὴ
1312 1024 1351 1060 πῆ
1373 1025 1428 1060 ἄρα
1450 1024 1520 1052 κατὰ
1536 1022 1726 1059 ἀκριϐολογίαν
1744 1021 1824 1048 τοῦτο

1038 1072 1195 1102 ποιοῦνται,
1228 1071 1386 1106 ἀπόκρυφον
1410 1070 1447 1106 μὴ
1463 1069 1616 1105 δεχόμενοι,
1631 1068 1676 1094 διὰ
1695 1068 1729 1094 τά
1747 1068 1776 1093 ὲν
1788 1068 1824 1102 τῇ

1045 1116 1225 1151 Ἀποκαλύψει
1243 1115 1347 1151 βαθέως
1364 1116 1410 1143 καὶ
1422 1114 1566 1146 σκοτεινῶς
1581 1113 1711 1149 εἰρημένα
1722 1121 1729 1128 ⁸
1743 1113 1825 1139 ὁπότε

1037 1164 1067 1191 δὲ
1087 1164 1117 1190 οὐ
1145 1163 1268 1199 δέχονται
1287 1162 1366 1197 φύσει
1388 1161 1422 1188 τά
1437 1161 1527 1198 βιϐλία
1550 1160 1585 1187 τὰ
1609 1160 1662 1187 ἀπὸ
1680 1159 1726 1185 τοῦ
1745 1158 1824 1192 ἁγίου

1045 1210 1168 1237 Ἰωάννου
1187 1209 1379 1245 κεκηρυγμένα
1392 1229 1400 1242 ,
1421 1208 1502 1235 παντί
1529 1217 1568 1242 τῳ
1591 1205 1668 1242 δῆλον
1693 1205 1754 1240 εἴη,
1783 1205 1826 1231 Em.

1039 1252 1111 1282 οὗτοί
1139 1256 1192 1282 εἰσι
1219 1256 1266 1281 καὶ
1285 1256 1308 1281 οἱ
1324 1255 1411 1290 ὅμοιοι
1435 1253 1554 1284 τούτοις,
1573 1251 1636 1287 περὶ
1653 1248 1690 1277 ὧν
1718 1248 1793 1276 εἶπεν
1812 1250 1826 1276 ό

1040 1301 1116 1335 ἂγιος
1136 1301 1263 1336 Ἰωάννης
1289 1301 1318 1326 ὲν
1336 1302 1396 1332 ταῖς
1410 1299 1567 1330 καθολικαίς
1583 1296 1768 1327 Ἐπιστολαῖς,
1784 1296 1827 1322 ὅτι

1046 1346 1176 1382 Ἐσχάτη
1189 1346 1250 1381 ὥρα
1271 1347 1346 1379 ἐστὶ,
1375 1346 1425 1373 καὶ
1440 1346 1599 1380 ἠκούσατε,
1615 1343 1660 1370 ὅτι
1680 1343 1827 1376 Ἀπ’χρι-

1040 1400 1113 1425 στος
1127 1393 1259 1426 ἔρχεται”
1272 1392 1319 1418 καὶ
1336 1392 1394 1418 νῦν
1410 1391 1474 1418 ἰδοὺ
1493 1390 1676 1424 ἀντίχριστοι
1703 1387 1825 1417 πολλοὶ,

1041 1439 1088 1465 καὶ
1099 1439 1133 1465 τὰ
1147 1438 1221 1473 ἑξῆς.
1238 1438 1454 1474 Προφασίζονται
1470 1436 1524 1472 γὰρ
1537 1434 1620 1467 οὗτοι,
1638 1434 1827 1469 αἱσχυνίμενοι

1041 1483 1189 1518 ἀντιλέγειν
1211 1483 1250 1518 τῷ
1267 1483 1335 1519 ἁγίῳ
1360 1483 1468 1518 Ἰωάννῃ
1493 1482 1536 1508 διὰ
1560 1481 1591 1508 τὺ
1615 1480 1713 1507 είόέναι
1729 1479 1828 1510 αὐτοὺς

1041 1530 1088 1556 καὶ
1107 1529 1188 1556 αὐτὸν
1201 1530 1229 1555 ὲν
1243 1528 1352 1564 ἀριθμῷ
1364 1528 1418 1555 τῶν
1433 1527 1589 1555 ἀποστόλων
1604 1526 1678 1558 ὄντα,
1696 1525 1742 1551 καὶ
1756 1525 1829 1558 ὴγα-

1040 1574 1162 1610 πημένον
1181 1575 1233 1601 ὑπὸ
1256 1574 1303 1601 τοῦ
1323 1574 1426 1608 Κυρίου
1443 1583 1450 1589 -
1470 1573 1499 1605 ὃς
1520 1572 1601 1605 ἀξίως
1627 1572 1663 1598 τὰ
1692 1571 1830 1606 μυστήρια

1040 1620 1198 1656 ἁπεκάλυψε
1210 1640 1218 1653 ,
1236 1621 1284 1647 καὶ
1299 1621 1345 1647 ἐπὶ
1363 1620 1394 1647 τὸ
1410 1620 1506 1655 στῆθος
1529 1618 1611 1646 αὑτοῦ
1631 1618 1756 1646 ἀνέπεσε.
1773 1617 1831 1643 Καὶ

1042 1668 1143 1703 ἑτέρως
1169 1666 1238 1694 αὐτὰ
1264 1666 1427 1702 ἀνατρέπειν
1454 1665 1613 1701 πειρῶνται.
1634 1664 1749 1698 Λέγουσι
1774 1662 1831 1698 γὰρ

1043 1714 1080 1748 μὴ
1098 1711 1166 1740 εἶναι
1192 1713 1261 1740 αύτά
1281 1712 1404 1739 Ἰωάννου
1418 1732 1425 1744 ,
1442 1711 1511 1738 ἁλλὰ
1535 1710 1673 1746 Κηρίνθου
1685 1717 1693 1725 ο
1714 1709 1761 1736 καὶ
1779 1709 1831 1734 οὐκ

1041 1758 1105 1791 ἄξια
1124 1759 1193 1785 αὑτά
1207 1767 1289 1793 φασιν
1305 1756 1374 1785 εἶναι
1391 1759 1419 1784 ὲν
1444 1757 1601 1793 Ἐκκλησίᾳ.

1076 1803 1114 1831 Δ¹.
1135 1804 1191 1830 Καὶ
1202 1804 1249 1830 ἀπ’
1265 1803 1351 1838 αὐτῆς
1362 1803 1411 1839 τῆς
1426 1803 1554 1838 ἐπιϐολῆς
1569 1802 1650 1833 εὐθὺς
1663 1801 1830 1836 ἐλέγχονται,

1044 1851 1113 1886 μήτε
1132 1850 1150 1877 ἃ
1165 1850 1290 1884 λέγουσιν
1306 1849 1445 1881 νοοῦντες,
1461 1849 1530 1885 μήτε
1549 1849 1614 1884 περὶ
1637 1849 1718 1875 τίνων
1738 1848 1832 1874 διαϐε-

1042 1893 1191 1920 6αιοῦνται.
1206 1893 1269 1925 Πῶς
1281 1893 1336 1929 γὰρ
1349 1893 1425 1920 ἔσται
1442 1893 1579 1928 Κηρίνθου
1595 1892 1629 1919 τὰ
1643 1892 1715 1920 κατὰ
1729 1892 1833 1927 Κηρίν-

1043 1939 1089 1966 eoo
1117 1939 1249 1973 λέγοντας
1272 1939 1409 1975 Κήρινθος
1431 1939 1486 1975 γὰρ
1510 1939 1665 1975 πρόσιρατον
1691 1939 1738 1965 καὶ
1753 1937 1832 1972 ψιλὸν

1041 1985 1087 2012 τὸν
1101 1985 1218 2021 Χριστδν
1234 1986 1290 2020 ἔχει
1307 1985 1459 2021 ἄνθρωπον.
1481 1986 1510 2012 '0
1531 1986 1559 2012 δὲ
1583 1985 1708 2019 Ἰωάννης
1726 1985 1770 2010 ἀεὶ
1784 1984 1831 2010 ὀν-

1042 2039 1076 2058 τα
1095 2031 1141 2057 τὸν
1164 2030 1250 2065 Λόγον
1271 2031 1423 2066 κεκήρυχε,
1448 2030 1496 2057 καὶ
1518 2030 1620 2058 ἀνωθεν
1639 2031 1739 2066 ἥκοντα
1753 2048 1760 2060 ,
1784 2029 1833 2056 καὶ

1043 2076 1229 2113 σαρκωθέντα.
1250 2077 1309 2103 Ἀπ’
1322 2077 1406 2112 αὐτῆς
1418 2077 1508 2103 τοίνυν
1520 2077 1571 2111 τῆς
1584 2076 1708 2111 εἰσϐολῆς
1721 2075 1834 2111 ὲλήλεγ-

1044 2130 1106 2148 κται
1126 2123 1143 2157 ὴ
1170 2121 1272 2148 τούτων
1297 2122 1565 2157 ματαιοσυκοφαντία
1586 2121 1675 2157 μωρία
1688 2129 1730 2152 τις
1751 2118 1832 2151 οὖσα,

1044 2166 1092 2192 καὶ
1110 2166 1147 2202 μὴ
1172 2165 1270 2193 νοοῦσα
1289 2165 1370 2192 πόθεν
1388 2165 1565 2201 διελέγχεται.
1582 2164 1694 2191 Δοκοῦσι
1709 2164 1762 2200 γὰρ
1783 2164 1834 2191 καὶ

1045 2212 1121 2239 αὐτοὶ
1136 2211 1171 2238 τὰ
1195 2211 1241 2239 ῑσα
1264 2213 1330 2247 ἡμῖν
1345 2211 1501 2238 πιστεύειν
1524 2212 1560 2246 μὴ
1577 2211 1736 2246 κατέχοντες
1747 2210 1775 2237 δὲ
1797 2210 1834 2237 τὰ

1045 2258 1152 2293 ἀσφαλῆ
1176 2257 1223 2284 τοῦ
1249 2259 1281 2284 ἐκ
1302 2258 1369 2284 Θεοῦ
1395 2258 1614 2293 οίκονομηϐέντος
1634 2258 1700 2292 ἡμῖν
1725 2256 1768 2283 διὰ
1784 2257 1834 2283 τοῦ

1046 2305 1124 2338 ἁγίου
1158 2305 1280 2331 Ἰωάννου
1300 2304 1491 2340 κηρύγματος,
1512 2304 1705 2339 εὑρεθήσονται
1730 2303 1835 2337 διελεγ-

1047 2351 1156 2385 χόμενοι
1167 2351 1195 2376 ὲν
1213 2347 1252 2382 οἷς
1265 2350 1401 2384 ἀγνοοῦσι,
1417 2350 1474 2382 πῶς
1490 2350 1558 2377 κατὰ
1572 2350 1621 2386 τὴν
1633 2349 1684 2384 τῆς
1704 2349 1835 2384 ἀληθείας

1047 2396 1204 2432 ἐπαίρονται
1220 2396 1328 2430 γνῶσιν.
1346 2396 1401 2422 Καὶ
1416 2397 1463 2423 ὲάν
1476 2405 1508 2430 γε
1523 2396 1671 2431 Θελήσωσιν
1687 2395 1834 2430 ἀνανῆψαι,

1045 2442 1093 2469 καὶ
1108 2442 1284 2477 κατανοῆσαι,
1300 2441 1459 2476 γνώσονται.
1479 2441 1573 2477 Ἡμεῖς
1587 2441 1641 2477 γὰρ
1654 2441 1703 2472 τὰς
1718 2440 1771 2466 ἀπὺ
1785 2439 1835 2466 τοῦ

1045 2487 1124 2522 ἁγίου
1146 2487 1302 2524 Πνεύματος
1322 2489 1496 2520 διδασκαλίας
1521 2487 1666 2521 ἀξιολόγως
1681 2486 1727 2513 καὶ
1744 2486 1836 2520 harpa-

1045 2533 1179 2568 λισμένως
1192 2533 1274 2566 οὔσας
1285 2534 1335 2561 οὐκ
1349 2533 1542 2568 ἀποϐάλοιμεν.
1554 2533 1690 2559 Φάσκουσι
1704 2530 1758 2566 γὰρ
1772 2531 1835 2556 καθ’

1046 2579 1166 2610 ἑαυτῶν,
1191 2581 1221 2606 οὐ
1246 2580 1299 2615 γὰρ
1315 2580 1419 2615 εἴποιμι
1437 2580 1508 2607 κατὰ
1524 2579 1574 2613 τῆς
1588 2577 1730 2613 ἀληθείας,
1748 2577 1789 2603 ὅτι
1802 2577 1834 2602 οὐ

1047 2626 1186 2661 συμφωνεί
1206 2626 1240 2652 τὰ.
1256 2626 1337 2652 αὑτοῦ
1356 2626 1446 2662 βιϐλία
1471 2626 1528 2657 τοῖς
1543 2625 1647 2655 λοιποῖς
1663 2622 1834 2653 ἀποστόλοις.

1046 2672 1102 2699 Καὶ
1125 2671 1232 2699 δοκοῦσι
1250 2672 1343 2700 λοιπὸν
1367 2671 1600 2708 ἐπιλαμϐάνεσθαι
1618 2670 1668 2705 τῆς
1691 2668 1770 2702 ἁγίας
1786 2667 1836 2694 καὶ

247 2828 303 2862 (15)
321 2829 375 2855 Kal
394 2829 421 2854 et
437 2828 495 2862 μὲν
507 2827 648 2863 ἐδέχοντο
662 2827 695 2854 τὸ
712 2827 906 2862 Εὑιιγγέλιον.
926 2827 986 2855 Nam

1053 2827 1214 2863 Apocalypsi
1243 2826 1367 2854 nonnihil
1392 2824 1585 2861 aquibusdam
1613 2823 1778 2856 dubitatum,
1800 2819 1836 2850 do

208 2870 264 2899 quo
279 2867 406 2891 accurate
423 2864 449 2890 in
466 2864 535 2890 Ann.
552 2863 640 2890 Barou
657 2883 664 2895 ,
680 2863 711 2890 A.
728 2863 758 2891 C.
778 2864 822 2891 97.
