1964 3047
166 149 218 178 895

495 149 613 177 ADVER
619 149 685 178 SUS
701 149 872 178 lhERESES
890 151 950 179 LIB.

1002 172 1005 178 .
1025 152 1108 180 TOM.
1129 153 1193 180 1.-
1212 152 1348 180 ΙΙΑΞΒΕδ.
1369 154 1412 182 LL

1732 157 1786 186 εει

166 207 257 234 ἐνθέου
272 207 455 240 διδασκαλίας.
469 208 523 235 Καὶ
543 208 578 241 τί,
597 208 690 243 φησὶν,
705 206 798 243 εἴπενς
815 209 876 236 Ὅτι
903 210 950 236 Ἐν

1002 211 1038 238 do
1054 211 1204 246 rejicimus.
1221 212 1256 238 At
1279 212 1318 238 illi
1332 216 1427 240 contra
1443 219 1472 240 se
1485 212 1576 247 potius
1589 221 1670 248 quam
1689 218 1785 242 contra

164 253 244 288 ἀρχῇ
260 253 301 288 ἦν
321 255 338 281 ὀ
363 253 475 289 Λόγος,
501 254 551 281 καὶ
574 256 590 281 ὁ
613 255 709 289 Λόγος
730 253 771 289 ἦν
795 255 871 290 πρὸς
896 255 951 283 τὸν

166 298 260 332 Θεὸν,
283 300 332 326 καὶ
357 300 428 333 Θεὸς
446 299 486 336 ἦν
512 302 528 328 ό
546 301 659 336 Λόγος·
679 301 725 328 καὶ
751 302 790 328 ὅτι
815 302 842 327 Ὀ
856 301 952 336 Λόγιος

165 345 243 379 σὰρξ
261 345 378 380 ἐγένετο
391 366 399 377 .
419 347 467 374 καὶ
487 347 721 381 κατεσκήνωσεν
741 348 776 374 ἐν
796 348 883 382 ἡμῖν·
902 348 951 374 καὶ

163 391 283 425 εἴδομεν
295 392 352 426 τὴν
369 392 462 424 δόξαν
477 393 585 426 αὑτοῦ,
600 393 694 425 δόξαν
707 394 747 426 ὡς
763 394 951 429 Μονογενοῦς

164 435 243 469 παρὰ
255 437 379 470 Πατρός,
396 438 514 472 πλήρης
530 438 649 473 χάριτος
665 438 714 465 καὶ
727 439 869 473 ἀληθείας
880 447 887 454 '
904 439 951 466 καὶ

164 481 264 513 εὐθέως
275 490 282 496 ·
302 482 329 508 '0
353 482 488 516 Ἰωάννης
501 483 662 518 μορτιφεῖ,
679 485 727 511 καὶ
747 484 882 520 κέκραγε,
899 484 950 511 λέ-

166 536 240 562 γων·
268 527 312 554 ὅτι
334 526 428 562 Οὗτός
451 529 553 561 ἐστιν,
580 530 616 556 ὂν
635 529 721 557 εἷπον
739 530 826 565 ὑμῖν·
845 531 890 557 καὶ
910 532 951 558 ὅτι

168 571 261 605 οὗτός
283 574 369 600 ἐστιν
391 576 408 601 ό
429 575 535 609 Ἀμνὸς
549 575 602 602 τοῦ
627 576 700 603 Θεοῦ
713 597 720 609 ,
746 578 762 603 ό
780 576 871 610 αἴρων
893 576 951 610 τὴν

164 618 310 652 ἁμαρτίαν
333 619 385 646 τοῦ
404 620 530 654 κόσμου.
560 621 614 646 Καὶ
637 620 756 655 καθεξῆς
779 629 845 655 φησι
860 629 867 636 ο
895 622 949 647 Καὶ

163 661 250 690 εἷπον
262 664 341 697 αὐτῷ
356 665 383 691 οἱ
396 665 584 698 ἀκούσαντες
594 674 601 680 ”
625 666 717 692 Ῥαϐϐὶ
728 685 735 698 ,
757 666 816 692 ποῦ
833 666 951 700 persto;

166 708 241 744 ’Ἅμα
254 709 281 735 δὲ
296 710 323 735 ἐν
340 709 444 744 ταυτῷ·
469 709 508 744 Τῇ
523 711 676 744 ἐπαύριον,
693 711 785 745 φησὶν,
800 711 950 745 ἠθέλησεν

163 754 297 786 ἐξελθεῖν
309 756 352 788 εὶς
368 755 425 790 τὴν
438 756 614 789 Γαλιλαίαν,
630 757 677 783 καὶ
694 757 825 791 εὑρίσκει
842 758 946 784 Φίλιπ-

164 806 223 825 πον
234 819 242 830 ,
258 800 306 826 καὶ
318 799 398 834 λέγει
414 799 493 832 αὐτῷ
507 802 522 827 ὀ
543 801 662 835 Ἰησοῦς
678 810 685 817 ·
712 803 877 830 Ἀκολούθει
889 811 948 838 μοι.

164 844 219 871 Καὶ
234 845 302 880 μετὰ
317 844 395 871 τοῦτο
405 845 487 880 ὀλίγῳ
500 846 616 881 πρόσθεν
632 847 709 881 φησί·
722 847 776 874 Καὶ
787 848 862 882 μετὰ
872 847 950 881 τρεῖς

1002 257 1142 285 veritatem
1160 257 1226 285 illud
1249 257 1382 290 aii‘erunt,
1401 257 1515 286 Joannis
1542 259 1628 287 libros
1650 267 1712 287 cum
1731 268 1785 287 cat—

1000 308 1120 330 terorum
1140 304 1326 338 apostolorum
1343 305 1453 340 scriptis
1480 305 1593 333 minime
1618 307 1784 335 consentire.

1001 349 1040 376 Ex
1055 357 1109 384 quo
1135 348 1264 383 deinceps
1290 353 1493 377 sacrosanctam
1521 358 1554 378 ac
1571 351 1691 378 divinam
1712 351 1786 378 illius

1000 395 1152 422 doctrinam
1173 394 1349 428 redarguunt.
1367 395 1437 428 Quid
1456 397 1541 429 enim,
1558 397 1696 431 inquiunt,
1715 398 1785 424 scri-

1001 441 1074 476 psit?
1102 440 1135 467 Iu
1155 441 1282 474 principio
1295 446 1352 468 erat
1375 441 1486 468 Verbum
1502 462 1510 475 ,
1539 447 1563 469 et
1594 443 1704 470 Verbum
1726 448 1785 470 erat

1001 486 1070 520 apud
1084 485 1177 520 Deum,
1199 491 1223 513 et
1237 486 1308 513 Deus
1324 492 1381 514 erat
1404 486 1552 520 Verbum‘;
1566 487 1627 515 item
1640 498 1646 515 :
1666 488 1699 515 Et
1721 489 1785 516 Ver-

1001 533 1062 558 bum
1081 541 1144 559 caro
1169 532 1268 566 factum
1284 537 1332 562 est.
1346 537 1371 559 et
1385 533 1513 560 habitavit
1528 534 1554 560 in
1567 534 1640 560 nobis
1653 542 1661 564 ;
1675 539 1699 561 et
1719 534 1786 561 vidi-

1001 587 1058 605 mus
1071 578 1182 612 gloriam
1203 579 1270 612 ejus,
1285 579 1398 613 gloriam
1413 580 1489 614 quasi
1507 579 1639 615 Unigeniti
1660 589 1676 606 a
1692 579 1782 612 Patre.

999 624 1105 658 plenum
1122 624 1216 658 gratia:
1230 629 1254 650 et
1268 625 1386 651 veritatis
1403 625 1412 640 ³
1424 634 1432 658 ;
1447 629 1474 652 et
1488 626 1596 652 statim:
1610 625 1726 654 Joannes
1748 632 1786 654 te-

999 676 1097 701 statur,
1113 675 1136 697 et
1157 670 1254 696 clamat
1265 670 1371 697 dicens:
1386 671 1436 697 Hic
1454 676 1493 698 est
1510 679 1584 705 quem
1599 671 1655 698 diei
1667 672 1737 698 vobis
1752 674 1762 688 ⁵
1776 681 1784 705 ;

999 712 1080 748 425
1089 716 1133 739 et:
1151 712 1200 739 llic
1215 717 1254 739 est
1268 713 1356 748 Agnus
1372 712 1429 745 Dei,
1446 714 1491 748 qui
1510 713 1578 740 tollit
1591 719 1698 747 peccata
1713 722 1786 740 utun-

999 759 1028 785 di
1040 759 1062 785 ³.
1078 757 1179 785 Deinde
1205 759 1242 785 ita
1268 759 1381 786 scribit:
1403 758 1437 785 Et
1461 759 1584 785 dixerunt
1600 759 1641 785 illi
1661 760 1706 794 qui
1734 767 1784 785 au-

1000 805 1124 832 dierant:
1142 804 1235 837 Rabbi,
1251 806 1295 832 ubi
1313 805 1440 832 manes“?
1457 805 1554 832 Postea
1574 812 1653 832 vero:
1671 804 1786 831 Postera

1001 851 1062 882 die,
1084 851 1193 886 inquit,
1209 852 1290 878 voluit
1312 851 1384 878 abire
1405 851 1432 877 in
1456 849 1594 878 Galilwam
1610 870 1618 882 ,
1640 854 1665 877 et
1689 850 1786 877 invenit

164 890 276 924 ἡμέρας
301 890 394 925 γάμος
405 888 522 925 ἐγένετό
541 892 577 918 ὲν
595 892 679 926 Κανᾷ,
692 893 746 927 τῆς
762 894 927 926 Γαλιλαίας
941 901 947 908 ·

1002 897 1153 931 Philippum
1165 917 1173 927 .
1199 902 1224 924 et
1239 897 1303 923 dicit
1325 897 1349 923 ei
1366 896 1460 924 Iesus:
1475 896 1587 930 Sequere
1606 905 1646 923 me
1661 897 1684 924 ⁷.
1701 896 1785 923 Paulo

163 936 212 963 mi
228 937 340 971 ἐκλήθη
358 939 374 963 ὁ
403 938 523 971 Ἰησοῦς
541 938 590 964 καὶ
609 940 635 965 οἱ
656 939 786 973 μαθηταὶ
802 940 894 967 αὐτοῦ
907 941 950 973 εἰς

163 982 216 1009 τὸν
228 981 333 1017 τάμον,
347 983 397 1010 καὶ
413 982 452 1019 ἦν
466 984 529 1010 ἐκεῖ
541 985 560 1019 ή
575 984 674 1019 μήτηρ
688 985 793 1012 αὐτοῦ.

198 1082 230 1108 0!
243 1081 272 1108 δὲ
285 1081 358 1109 ἄλλοι
376 1083 567 1117 εὐαγγελισταὶ
584 1083 639 1119 (16)
663 1084 812 1119 φάσκουσιν
827 1084 908 1111 αὑτὸν
922 1085 950 1110 ὲν

163 1128 195 1162 τῇ
211 1128 305 1163 ἐρήμῳ
319 1128 498 1163 πεποιηκέναι
514 1129 717 1164 τεσσαράκοντα
730 1129 846 1164 ἡμέρας,
859 1136 951 1164 πειρα-

163 1173 276 1208 ζόμενον
292 1173 344 1200 ὑπὸ
367 1173 413 1200 τοῦ
437 1173 571 1206 διαϐόλου,
587 1174 634 1200 καὶ
655 1174 715 1200 τότε
733 1175 949 1210 ὑποστρέψαντα,

163 1220 210 1245 καὶ
227 1218 418 1254 παραλαϐόντα
431 1219 494 1251 τοὺς
509 1219 642 1254 μαθητάς,
657 1221 711 1246 Καὶ
733 1221 782 1246 οὐκ
804 1221 905 1247 οἴδασιν
925 1222 949 1248 οι

163 1264 424 1300 ἁπαρακολοὺθητοι,
437 1265 477 1291 ὅτι
492 1265 599 1300 ἑκάστῳ
611 1265 788 1300 εὐαγγελιστῇ
802 1266 951 1302 μεμελέτη-

162 1318 207 1336 ται
224 1309 375 1344 συμφώνως
390 1309 439 1344 μὲν
451 1311 508 1341 τοῖς
524 1310 627 1344 ἑτέροις
638 1310 752 1345 λαλῆσαι
768 1311 803 1336 τὰ
820 1311 865 1337 ὑπ’
877 1311 949 1337 ὲκεί-

164 1363 217 1381 νων
230 1355 378 1390 εἰρημένα·
395 1355 462 1382 ἀλλὰ
480 1355 512 1390 δὴ
528 1355 562 1382 τὰ
578 1355 623 1381 ὑπ’
641 1356 752 1382 ἐκείνων
768 1355 883 1391 ρηθέντα
898 1365 951 1383 πα-

165 1400 340 1436 ραλειφθέντα
355 1400 440 1432 οὕτως
453 1400 636 1435 ἀποκαλύψαι.
650 1401 687 1427 υὺ
700 1401 754 1437 γὰρ
769 1399 801 1436 ἦν
817 1402 906 1428 αὐτῶν
921 1402 951 1428 τὸ

163 1447 279 1482 θέλημα.
292 1447 360 1474 ἀλλὰ
379 1449 410 1473 ὲκ
427 1447 583 1482 Πνεύματος
601 1447 679 1481 ἁγίου
697 1449 713 1483 ἡ
730 1447 889 1475 διδασκαλία
904 1449 951 1474 καὶ

163 1494 179 1528 ὴ
203 1493 354 1520 ἀκολουθία.
377 1494 407 1520 Εἰ
430 1494 484 1529 γὰρ
505 1493 599 1520 τούτου
615 1493 753 1528 βούλονται
770 1494 951 1528 ὲπιλαμϋάνε-

165 1539 237 1571 σθαι,
252 1539 422 1574 μαθέτωσαν.
439 1541 480 1566 ὅτι
500 1541 525 1566 οι
545 1539 619 1566 ἄλλοι
643 1540 716 1573 τρεῖς
733 1539 783 1565 οὐκ
804 1539 851 1565 ἀπ’
867 1539 950 1573 αὐτῆς
963 1561 985 1588 C

163 1585 310 1620 ὲνὴρξαντο
324 1585 373 1620 τῆς
386 1585 554 1616 ἀκολουθίας.
566 1585 702 1616 Ματθαῐος
716 1585 770 1620 γὰρ
783 1584 889 1620 πρῶτος
902 1585 949 1620 ἄρ-

163 1639 239 1666 χεται
261 1631 491 1665 εὐαγγελίζεσθαι.
508 1630 601 1666 Τούτῳ
622 1630 676 1665 γὰρ
690 1629 724 1666 ἢν
740 1631 950 1665 ἐπιτεταγμένον

162 1676 193 1702 τὸ
218 1675 378 1710 Εὐαγγέλιον
403 1676 519 1711 κηρύξαι
545 1675 593 1702 ἀπ’
607 1676 702 1711 ἀρχῆς,
719 1675 757 1707 ὡς
777 1676 824 1702 καὶ
844 1677 872 1702 ἐν
884 1675 950 1711 ἄλλῃ

163 1722 266 1757 αἱρέσει
280 1723 344 1758 περὶ
359 1722 453 1748 τούτου
465 1721 509 1748 διὰ
522 1721 638 1753 πλάτους
653 1722 803 1757 εἰρήκαμεν
812 1730 818 1736 ·
836 1721 910 1748 οὐδὲν
923 1722 951 1748 δὲ

163 1768 237 1803 ἡμᾶς
252 1767 367 1803 λυπήσει
384 1769 430 1795 καὶ
447 1765 524 1799 αὖθις
538 1767 602 1803 περὶ
616 1767 669 1794 τῶν
692 1767 780 1794 αὐτῶν
803 1767 951 1803 διαλαμϐά-

163 1822 230 1846 νειν,
247 1815 286 1846 εἰς
310 1814 481 1848 παράστασιν
505 1814 554 1848 τῆς
571 1813 698 1850 ὰληθξξας
715 1814 762 1840 καὶ
777 1814 886 1849 ἔλεγχον
897 1814 951 1841 τῶν

164 1860 389 1895 πεπλανημένων.

200 1949 238 1975 Ε¹.
259 1946 342 1980 Οὗτος
356 1948 444 1975 τοίνυν
459 1949 474 1975 ὁ
486 1947 625 1979 Ματθαῖος
637 1947 811 1980 καταξιοῦται
823 1948 852 1974 τὸ
864 1948 952 1982 Εὐαγ-

164 1994 264 2028 γέλιον,
277 1994 314 2025 ὡ;
340 1994 423 2030 ἔφην’
441 1994 488 2020 καὶ
509 1994 666 2020 δικαιότατα
691 1991 811 2028 ἦν.Ἒδει
837 1993 891 2028 γὰρ
906 1993 951 2020 τὸν

164 2039 220 2066 ἀπὸ
242 2039 346 2066 πολλῶν
369 2039 425 2075 (i7)
447 2039 651 2075 ἁμαρτημάτων
677 2039 888 2074 ἐπιστρέψαντα,
905 2040 951 2065 καὶ

164 2085 219 2112 ἀπὸ
234 2085 280 2112 τοῦ
290 2085 429 2112 τελωνείου
442 2085 594 2112 ἀναστάντα
607 2084 647 2120 τῷ
656 2084 758 2110 ἐλθόντι
772 2083 818 2110 ἐπὶ
831 2084 951 2119 σωτηρίᾳ.

164 2131 204 2166 τῷ
219 2131 292 2165 γένει
314 2131 368 2157 τῶν
389 2131 551 2167 ἀνθρώπων,
567 2131 614 2157 καὶ
641 2131 761 2164 λέγοντν
777 2131 837 2157 οὐκ
857 2128 951 2165 ἦλθον

165 2177 293 2204 καλέσαι
310 2177 454 2210 δικαίους,
475 2177 556 2204 ἀλλὰ
581 2177 774 2211 ἁμαρτωλοὺς
796 2177 837 2208 εις
861 2175 951 2210 perd-

164 2231 261 2254 νοιαν,
279 2223 318 2254 εἰς
334 2222 485 2258 ὑπόδειγμα
497 2223 562 2257 ἡμῖν
575 2222 629 2248 τῶν
644 2222 794 2257 μελλόντων
806 2221 949 2254 σώζεσθαι,
966 2240 990 2268 D

166 2268 220 2304 ⁸τῴ
236 2269 264 2295 ἐν
277 2269 316 2303 τῷ
332 2268 465 2303 τελωνείῳ
482 2268 636 2304 ἀναχθέντι,
646 2269 693 2295 καὶ
702 2268 756 2294 ἀπὸ
770 2268 874 2298 ἀδικίας
885 2268 950 2294 ἀνα-

166 2315 310 2351 στρέψαντι
326 2314 515 2350 παρασχέσθαι
531 2315 563 2341 τὸ
583 2315 713 2350 κήρυγμα
726 2315 776 2349 τῆς
795 2314 930 2349 σωτηρίας
944 2322 950 2329 ·

165 2361 210 2388 ῐνα
222 2361 270 2388 ἀπ’
284 2361 365 2388 αὑτοῦ
389 2361 509 2396 μάθωσιν
523 2362 547 2387 οἱ
565 2361 701 2396 ἅνθρωποι
719 2361 768 2396 τὴν
787 2360 837 2395 τῆς
853 2368 954 2395 παρου-

165 2408 225 2440 σίας
240 2406 453 2442 φιλανθρωπίαν.
468 2407 544 2434 Μετὰ
560 2407 613 2442 γὰρ
626 2407 675 2441 τὴν
692 2406 787 2440 ἄφεσιν
799 2406 853 2432 τῶν
864 2406 955 2441 ἁμαρ-

164 2453 230 2480 τιῶν
253 2453 406 2488 ἐδωρήσατο
429 2453 503 2487 αὐτῷ
527 2453 574 2479 καὶ
600 2453 746 2479 ἀνάστασιν
769 2451 884 2487 νεκρῶν,
905 2451 951 2478 καὶ

164 2498 297 2533 κάθαρσιν
312 2497 424 2533 λέπρας,
441 2498 488 2523 καὶ
503 2498 625 2532 ἰαμάτων
638 2498 774 2532 δυνάμεις,
789 2498 835 2524 καὶ
851 2497 951 2524 ἀπέλα-

166 2553 208 2570 σιν
230 2543 380 2578 δαιμόνων·
400 2543 443 2570 ἴνα
468 2543 504 2578 μὴ
529 2543 607 2578 μόνον
627 2543 682 2569 ἀπὸ
704 2543 750 2569 τοῦ
776 2543 855 2576 λόγου
871 2543 951 2578 πείσῃ

164 2591 228 2621 τοὺς
242 2589 400 2620 ἀκούοντας,
413 2589 482 2615 ἀλλὰ
495 2590 542 2615 καὶ
554 2589 600 2615 ἀπ’
615 2589 697 2616 αὑτοῦ
714 2589 760 2615 τοῦ
776 2589 855 2624 ἔργου
867 2589 952 2625 κηρός

206 2667 212 2681 ¹
233 2667 384 2700 Corruptus
397 2666 439 2692 hic
455 2667 542 2693 locus.
581 2667 590 2683 '
607 2667 686 2693 Joan.
704 2675 723 2697 ι,
740 2668 765 2694 Ι.
804 2667 814 2682 ³
832 2666 898 2694 ibid.
930 2666 972 2694 M.

166 2701 267 2728 ‘Joan.
284 2709 312 2732 ιι,
334 2703 356 2727 t.
393 2702 402 2717 ’
418 2701 512 2728 Matth.
530 2710 567 2733 Ix,
582 2702 624 2728 i5.

203 2758 262 2797 (16)
279 2760 311 2786 Ol
329 2758 363 2785 δὲ
381 2759 470 2786 ἄλλοι
492 2760 711 2797 εὐαγξγσλιίτταί.
746 2759 813 2787 Vide
835 2760 949 2797 August.

169 2795 188 2822 Ι.
206 2802 224 2821 ιι
244 2795 281 2821 De
303 2803 375 2820 cons.
393 2802 496 2825 eraug.,
514 2802 540 2821 c.
559 2795 601 2821 16.

206 2803 224 2821 ιι
244 2803 281 2821 ue
303 2803 375 2820 cons.
393 2803 456 2821 erau
478 2814 496 2825 .,
514 2803 540 2821 c.
559 2803 601 2821 to.

205 2830 260 2870 (il)
282 2829 359 2856 Ἔδει
371 2829 426 2869 γὰρ
441 2803 493 2855 (gr
507 2830 569 2869 ’ἀπὸ
586 2828 719 2870 τερλλῴν.
737 2829 825 2856 Malim
839 2830 878 2870 τῷ
891 2829 948 2870 ὲῖει-

171 2855 342 2902 στρέιιίαντιι
358 2855 384 2892 ci
405 2855 558 2890 ἀναστάντι
596 2863 720 2891 νιινιςδὶιιι
747 2873 822 2895 vero.
845 2855 890 2893 τὸν
906 2864 949 2894 ελ-

1001 948 1063 979 post
1076 951 1140 970 vero
1162 944 1198 970 ita
1217 943 1406 978 prosequitur:
1429 942 1464 969 Et
1484 947 1542 975 post
1558 941 1675 968 triduum
1687 941 1786 976 nuptiis

1001 989 1079 1023 factae
1104 993 1163 1015 sunt
1177 989 1204 1015 in
1224 988 1300 1016 Cana
1319 988 1457 1020 Calilww;
1471 993 1496 1015 et
1510 993 1616 1015 uocatus
1628 992 1666 1014 est
1687 986 1784 1020 Jews,

1000 1040 1024 1062 et
1042 1034 1166 1067 discipuli
1179 1035 1236 1068 ejus
1252 1034 1286 1060 ad
1301 1035 1416 1068 nuptias,
1428 1038 1453 1061 et
1473 1040 1531 1061 erat
1547 1034 1584 1060 ibi
1595 1038 1679 1060 mater
1697 1033 1752 1068 ejus
1760 1033 1783 1060 ³.

1035 1081 1212 1116 Ενοιιεοιὶεῑω
1228 1088 1290 1107 vero
1306 1080 1396 1107 caeteri
1412 1084 1523 1107 narrant
1537 1087 1571 1106 St.
1586 1080 1645 1107 dies
1662 1079 1737 1107 illum
1756 1079 1784 1106 in

1001 1127 1110 1154 deserto
1125 1126 1267 1157 mansisse,
1282 1129 1308 1153 et
1323 1134 1339 1152 a
1355 1125 1463 1152 diabolo
1479 1126 1564 1153 fuisse
1582 1128 1715 1152 tentatum
1728 1133 1735 1156 ς
1753 1132 1786 1152 ac

1001 1176 1057 1199 tum
1071 1172 1180 1199 demum
1197 1171 1352 1199 redeuntem
1377 1171 1573 1205 discipulorum
1590 1171 1720 1198 habuisse
1736 1170 1786 1198 de-

1002 1218 1110 1245 lectum.
1127 1217 1181 1244 Nec
1197 1217 1274 1248 illud,
1288 1225 1347 1252 qua:
1361 1224 1455 1244 eorum
1472 1217 1581 1244 inscitia
1594 1222 1646 1249 est,
1661 1217 1785 1244 animad-

1001 1267 1128 1290 vertunt:
1147 1263 1172 1289 id
1186 1262 1414 1297 cvangelistarum
1430 1270 1651 1297 unumquemque
1668 1263 1787 1290 studuis-

1001 1317 1040 1340 se.
1058 1313 1096 1339 ut,
1115 1317 1174 1343 qua:
1187 1309 1221 1334 ab
1235 1308 1295 1335 aliis
1308 1313 1398 1334 essent
1412 1308 1519 1342 prodita
1530 1327 1538 1340 ,
1555 1316 1586 1336 ea
1602 1313 1786 1336 consentanee

1001 1364 1062 1383 cum
1077 1356 1130 1382 illis
1144 1357 1290 1389 exponeret
1309 1363 1315 1381 :
1330 1354 1437 1381 interim
1454 1358 1543 1380 tamen
1560 1355 1690 1382 nonnulla
1701 1376 1708 1387 ,
1725 1363 1787 1390 quae

1001 1401 1035 1428 ab
1056 1400 1151 1427 iisdem
1174 1403 1266 1427 essent
1286 1398 1484 1433 prmtermissa,
1508 1405 1678 1427 memoraret.
1695 1400 1788 1435 Neque

1001 1447 1072 1473 enim
1086 1445 1111 1472 id
1123 1445 1149 1471 in
1161 1453 1255 1472 corum
1267 1445 1405 1471 voluntate
1417 1444 1498 1470 situm
1512 1444 1562 1471 fuit
1575 1453 1582 1478 ;
1596 1446 1643 1472 sed
1654 1454 1669 1472 a
1683 1446 1785 1481 Spiritu

1001 1496 1096 1519 sancto
1118 1491 1207 1518 omnis
1227 1491 1334 1517 illorum
1355 1490 1488 1523 doctrina,
1506 1491 1698 1525 scribendique
1719 1492 1788 1518 ordo

1001 1537 1139 1571 prol'crtus
1159 1535 1300 1572 cst.‘Nain
1325 1536 1348 1562 si
1369 1535 1621 1570 reprehendendum
1645 1535 1711 1562 illud
1729 1536 1788 1562 exi-

1001 1583 1123 1614 stimant,
1138 1582 1292 1617 intelligant
1309 1585 1364 1609 tres
1388 1582 1458 1609 alios
1479 1581 1660 1616 evangelistas
1680 1588 1734 1608 non
1752 1583 1788 1608 ab

1001 1629 1060 1663 ipso
1082 1635 1172 1655 rerum
1196 1631 1331 1663 gestarqu
1356 1627 1434 1654 initio
1449 1627 1617 1654 narrationis
1634 1635 1691 1654 sua:
1713 1635 1787 1655 sum-

1001 1675 1088 1710 psisse
1102 1674 1262 1709 primordia.
1285 1673 1428 1702 Matthaaus
1450 1674 1522 1701 enim
1545 1675 1650 1710 primus
1666 1673 1789 1709 Evange-

1001 1721 1066 1747 lium
1081 1720 1201 1747 scribere
1213 1727 1360 1755 aggressus
1373 1724 1425 1747 est.
1439 1720 1490 1747 Cui
1505 1720 1614 1755 quidem
1630 1720 1708 1747 initio
1723 1727 1788 1755 prue-

1000 1765 1108 1792 dicandi
1131 1765 1268 1800 Evangelii
1294 1773 1394 1793 munus
1413 1770 1455 1793 est
1470 1767 1658 1794 commissum.
1679 1765 1717 1793 De
1733 1774 1788 1800 qua

1001 1819 1030 1838 re
1052 1811 1079 1838 in
1101 1810 1154 1836 alia
1178 1811 1275 1838 haeresi
1299 1811 1410 1845 copiose
1434 1811 1651 1845 disputavimus,
1669 1817 1696 1838 et
1714 1819 1789 1838 nunc

1000 1856 1094 1884 eadem
1111 1857 1161 1883 hoc
1170 1856 1231 1883 loco
1248 1860 1369 1891 repetere
1380 1864 1441 1884 cum
1450 1857 1484 1883 ad
1494 1857 1617 1884 veritatis
1626 1856 1715 1889 iidem,
1730 1861 1787 1884 tum

1001 1902 1034 1930 ad
1049 1903 1158 1929 illorum
1175 1902 1377 1930 convincendos
1397 1909 1504 1930 errores
1531 1902 1643 1929 minime
1662 1902 1773 1937 pigebit.

1036 1948 1068 1975 V.
1087 1948 1230 1976 Mattlimus
1255 1949 1337 1982 igitur
1360 1949 1464 1983 primus
1487 1947 1624 1983 Evangelii
1647 1948 1784 1975 scribendi

1001 1995 1168 2030 provinciam
1193 1998 1289 2021 nactus
1303 1998 1355 2026 est,
1373 1998 1401 2020 ut
1424 1994 1562 2026 diximus,
1579 1994 1660 2029 idque
1685 1994 1709 2021 ei
1725 1994 1788 2028 jure

1001 2041 1098 2068 merito
1123 2040 1246 2074 contigit.
1273 2038 1422 2074 Oportebat
1439 2040 1511 2065 enim
1533 2047 1595 2066 eum
1618 2040 1722 2074 ipsum,
1740 2040 1787 2074 qui

1002 2087 1035 2114 ad
1054 2087 1251 2114 conciliandam
1267 2086 1387 2113 humano
1409 2087 1502 2121 generi
1526 2087 1642 2113 salutem
1668 2086 1786 2114 adverte-

1001 2136 1055 2166 rat,
1068 2133 1168 2168 quique
1182 2132 1220 2159 ita
1235 2132 1338 2160 dixerat
1352 2141 1357 2158 :
1374 2131 1436 2159 Non
1455 2133 1511 2159 veni
1527 2141 1618 2159 vacare
1627 2132 1727 2166 justas,
1741 2132 1786 2159 sed

1001 2183 1148 2212 peccatores
1163 2176 1197 2203 ad
1209 2177 1388 2211 paenitentiam
1401 2177 1429 2210 ⁸;
1442 2177 1476 2204 ad
1488 2184 1583 2204 eorum
1598 2177 1643 2212 qui
1659 2176 1788 2204 servandi

1001 2229 1080 2252 erant
1091 2224 1256 2258 exemplum.
1267 2224 1292 2252 ei
1303 2224 1406 2251 homini
1421 2225 1591 2260 potissimum
1609 2224 1789 2260 prmdicanda

1001 2270 1098 2298 salutis
1115 2279 1214 2298 munus
1231 2271 1382 2306 injungere,
1398 2271 1444 2306 qui
1456 2271 1490 2298 ab
1504 2271 1655 2298 innumeris
1668 2271 1788 2306 peccatis

1002 2323 1165 2347 conversus,
1184 2320 1212 2343 et
1230 2323 1245 2342 a
1260 2316 1362 2343 telonio
1378 2316 1525 2343 suscitatus
1542 2315 1642 2347 fuerat,
1663 2324 1695 2343 ac
1710 2324 1740 2343 se
1753 2317 1787 2343 ab

1001 2361 1076 2388 omni
1101 2361 1204 2389 scelere
1232 2366 1259 2388 et
1286 2361 1420 2396 injustitia
1441 2365 1601 2392 revocarat,
1623 2366 1653 2388 ut
1679 2362 1713 2388 ab
1739 2362 1787 2389 illo

1003 2412 1103 2442 quanta
1120 2407 1171 2434 sibi
1184 2410 1256 2434 esset
1268 2407 1384 2434 adventu
1402 2407 1503 2435 Christi
1518 2408 1671 2435 humanitas
1689 2408 1787 2435 collata

1004 2453 1133 2480 mortales
1150 2452 1296 2479 discerent.
1316 2451 1421 2488 Quippe
1444 2458 1505 2487 post
1528 2458 1700 2487 peccatorum
1723 2460 1788 2480 con-

1005 2497 1179 2525 donationcm
1190 2517 1197 2528 ,
1213 2498 1264 2525 hoc
1282 2497 1369 2525 cidem
1385 2498 1531 2530 concessit,
1550 2502 1579 2525 ut
1602 2503 1724 2526 mortuos
1739 2506 1788 2526 ex-

1004 2544 1089 2571 citare
1103 2548 1195 2578 posset
1209 2544 1243 2571 ad
1266 2545 1359 2575 vitam,
1383 2552 1528 2579 repurgare
1550 2545 1661 2579 lepram,
1677 2551 1703 2571 ct
1715 2551 1787 2571 mor-

1003 2589 1054 2618 bos
1069 2590 1213 2624 depellere,
1228 2590 1418 2625 dwutonesque
1431 2591 1608 2626 propulsare:
1623 2599 1656 2618 ne
1672 2589 1787 2617 dicendo

1013 2668 1102 2695 ‘ibid.
1122 2668 1165 2695 15.
1205 2668 1216 2684 ⁸
1239 2668 1306 2696 ibid.
1338 2669 1382 2696 29.
1421 2669 1429 2684 '
1452 2668 1517 2696 ibid.
1538 2669 1583 2696 58.
1620 2667 1710 2695 'ibid.
1741 2668 1785 2694 «$5.

1006 2760 1107 2792 θόντα,
1124 2767 1176 2789 etc.
1206 2761 1239 2789 Ut
1263 2762 1343 2789 dandi
1362 2770 1444 2790 casus
1466 2761 1613 2796 Apostolo.
1639 2759 1786 2796 accusandi

1005 2796 1115 2835 Christo
1145 2797 1307 2824 tribuatur:
1333 2797 1405 2832 quod
1432 2795 1710 2833 nosfinterpretando
1738 2802 1786 2825 ιθ*

1004 2838 1123 2868 qunuur.
