1964 3047
179 156 232 183 895

877 153 906 182 S.
935 153 1103 180 EPIPIIANII

1751 152 1806 180 8‘36

179 213 266 240 solum
292 213 467 248 persuaderet
492 212 682 244 auditoribus,
706 212 754 240 sed
781 213 962 248 evangelicum

1019 212 1061 244 ξαι
1074 212 1127 247 (18)
1140 212 1292 246 Εὐαγγέλια
1305 212 1361 243 τοῖς
1374 211 1578 246 ἀπολλυμένοις,
1591 211 1632 237 ὅτι
1644 209 1806 246 εὗρεθήσον-

179 257 330 284 doctrinam
350 257 429 284 tactis
452 257 533 285 etiam
558 257 624 292 ipsis
643 257 822 292 praedicaret;
843 262 923 292 atque
939 260 966 283 et

179 304 293 338 perditis
309 304 463 331 hominibus
475 304 622 334 nuntiaret,
636 311 718 339 posse
734 303 794 329 illos
807 303 964 337 paruitendo

1018 267 1062 285 ται
1076 258 1121 284 διὰ
1138 258 1291 293 μετανοίας,
1305 257 1418 288 καὶτοῖς
1434 257 1615 287 πεπτωκόσιν,
1631 256 1671 282 ὅτι
1688 256 1804 291 ἁναστή·

1020 311 1121 335 σονται,
1138 303 1185 328 καὶ
1197 303 1252 333 τοῖς
1266 302 1433 336 τεθνηκόσιν,
1448 302 1489 327 ὃτι
1503 300 1760 336 ζωογονηθήσονται.

178 349 351 383 reruperuri;
366 353 392 375 et
413 349 446 375 iis
467 349 513 383 qui
535 347 700 380 ceciderant,
727 353 931 375 resurrecturos
947 355 977 375 se
993 355 1074 381 esse;
1089 347 1172 383 426
1185 351 1212 374 et
1237 347 1283 382 qui
1300 346 1400 373 mortui
1417 351 1519 378 essent,
1534 347 1616 373 vitam
1639 353 1700 373 esse
1714 346 1806 372 denuo

178 397 384 420 consecuturos.

213 437 261 464 Hic
280 438 363 472 igitur
379 437 520 464 Matthaaus
534 436 669 464 llebrnica
686 437 777 472 lingua
793 436 915 471 scripsit.
932 444 964 464 ac

178 484 334 519 prtedicavit
350 483 536 519 Evangelium,
554 492 603 510 nec
619 484 653 510 ab
667 484 727 518 ejus
742 484 820 510 initio
833 483 965 510 duntaxat

177 537 292 557 exorsus
316 534 373 562 est;
395 530 442 557 sed
465 530 582 564 primum
603 529 705 556 Christi
730 530 916 564 genealogiam
931 530 966 556 ab

177 576 330 602 Abrahotno
367 576 510 610 pertexuit.
538 575 688 607 Abraham,
724 575 849 610 inquit‘,
878 576 966 610 genuit

177 620 351 653 Isaithsaac
366 627 452 647 autem
466 621 553 655 genuit
569 620 736 653 latob,etc.,
749 629 836 656 usque
848 621 880 648 ad
895 621 969 649 Jose-

177 670 259 700 phum
274 671 301 694 et
316 667 439 693 Mariam.
457 666 489 693 Et
505 666 569 693 illud
593 667 702 701 quidem
726 667 802 694 initio
825 667 939 702 praefixit
953 677 960 695 :

177 711 254 738 Liber
283 712 459 746 generationis
479 711 545 738 Jesu
570 711 670 739 Christi
692 713 743 747 filii
766 712 867 745 David;
889 713 963 740 addit

177 756 285 788 deinde,
301 757 351 790 filii
375 756 519 783 Abraham.
534 755 602 783 Tum
622 758 655 783 ad
674 757 699 783 id
715 757 786 791 quod
809 758 964 784 instituerat

178 803 363 836 progressus:
392 801 506 832 Christi.
536 802 638 836 inquit.
663 803 796 837 generatio
821 804 859 829 sic
883 808 964 830 erat:

1047 435 1101 462 Καὶ
1115 430 1192 465 οὗτος
1209 434 1257 469 μὲν
1273 431 1318 460 οὖν
1342 435 1356 460 ὁ
1381 433 1520 466 Ματθαῖος
1539 434 1693 470 Ἑϐραϊκοῖς
1708 436 1803 471 γράμ-

1015 489 1081 515 μασι
1096 480 1198 515 γράφει
1213 479 1244 505 τὸ
1261 479 1435 513 Εὑαγγέλιον,
1449 480 1496 506 καὶ
1519 480 1657 515 κηρύττει.
1675 481 1729 507 Καὶ
1751 482 1804 517 ἀρ-

1013 534 1091 560 χεται
1105 526 1155 552 οὐκ
1168 526 1215 552 ἀπ’
1229 526 1316 561 ἀρχῆς
1326 534 1334 540 ·
1347 526 1415 552 ἀλλὰ
1430 526 1561 561 διηγεῖται
1576 526 1625 561 μὲν
1641 527 1690 561 τὴν
1707 535 1804 561 γενεα-

1014 573 1106 607 λογίαν
1117 572 1171 599 ἀπὸ
1185 572 1232 598 τοῦ
1246 572 1377 608 Ἀϐραάμ.
1389 572 1525 607 Ἀϐραὰμ,
1543 573 1635 607 φησὶν,
1657 573 1804 608 ἐγέννησε

1014 618 1067 645 τὸν
1085 617 1203 645 Ἰσαάκ·
1219 617 1323 645 Ἰσαὰκ
1343 617 1377 644 δὲ
1390 617 1535 652 ἐγέννησε
1556 618 1734 651 τὸνἹακὼϐ,
1756 619 1804 646 καὶ

1009 665 1044 691 τὰ
1059 655 1133 699 ἑξῆς,
1145 663 1208 699 ἄχρι
1222 664 1269 690 τοῦ
1283 664 1381 699 Ἰωσὴφ
1393 664 1440 690 καὶ
1455 664 1576 698 Μαρίας.
1591 665 1646 691 Καὶ
1656 665 1702 691 ἀπ’
1713 665 1803 700 ἀρχῆς

1011 712 1113 743 τάττει,
1135 710 1238 745 λέγων·
1258 711 1366 743 Βίϐλος
1388 711 1534 746 γενέσεως
1545 711 1646 744 Ἰησοῦ
1672 711 1803 745 Χριστοῦ

1013 757 1078 784 υἱοῦ
1093 756 1181 783 Δαϐίδ
1194 764 1201 771 ·
1215 755 1273 783 εἶτά
1290 765 1369 792 φησιν
1381 766 1387 772 ·
1404 757 1471 783 υιοῦ
1488 756 1621 791 Ἀϐραάμ.
1638 755 1702 783 Εἶτα
1716 757 1804 783 ἐλθὼν

1015 804 1058 829 ἔπ’
1075 802 1141 829 αὐτὸ
1156 802 1186 828 τὺ
1203 802 1377 838 ζητούμενον,
1396 802 1476 837 φησι·
1496 802 1553 829 Τοῦ
1569 802 1603 828 δὲ
1616 802 1718 833 Ἰησοῦ
1737 804 1804 837 Χρι-

176 846 243 874 Cum
262 852 329 874 esset
352 848 510 882 desponsata
529 853 614 874 mater
636 848 719 882 ipsius
745 847 835 875 Maria
857 848 962 883 Ioseph,

1015 848 1090 876 στοῦ
1110 849 1130 882 ἢ
1147 848 1289 882 γέννησις
1301 848 1395 880 οὕτως
1407 846 1461 882 ἦν·
1475 849 1723 882 Μνηστευθείσης
1746 849 1803 882 τῆς

176 899 314 927 antequam
330 894 504 926 convenirent,
519 894 623 920 iuventa
637 899 675 920 est
690 895 717 920 in
733 895 806 920 utsin
819 894 916 921 habens
931 894 963 921 de

176 936 277 970 Spiritu
301 942 402 964 sancto.
429 937 527 972 Ioseph
554 943 652 969 autem,
680 947 738 964 eum
763 944 829 965 esset
853 939 961 973 justus,

175 982 307 1015 quaerebat
333 983 432 1009 occulte
458 983 591 1010 dimittere
612 984 695 1010 illam.
726 983 759 1010 Et
777 992 834 1011 ecce
855 985 963 1019 angelus

176 1026 284 1053 Domini
299 1028 422 1061 apparuit
437 1028 477 1054 illi
490 1029 517 1054 in
534 1030 644 1060 somnis,
662 1029 750 1056 dicens
765 1038 774 1056 :
790 1029 855 1056 Noli
869 1030 962 1056 dimit-

177 1077 230 1098 tere
245 1073 381 1108 conjugem
396 1078 478 1100 luant.
496 1074 573 1106 Quod
588 1075 656 1101 enim
672 1077 698 1101 in
714 1076 771 1108 ipsa
788 1081 837 1106 est,
856 1076 889 1102 de
904 1075 963 1110 Spi-

176 1120 230 1144 ritu
253 1125 345 1146 sancto
368 1126 416 1146 est.
437 1120 502 1147 Ecce
522 1121 591 1147 enim
611 1122 696 1155 pariet
713 1122 798 1156 ﬁlium
813 1127 837 1148 et
859 1123 962 1149 vocabis

175 1172 268 1190 nomen
291 1164 348 1198 ejus
371 1164 473 1192 Iesum.
499 1166 550 1192 Hic
576 1166 687 1193 salvabit
711 1168 834 1201 populum
854 1176 931 1194 suum
947 1176 963 1193 a

174 1210 297 1243 pereatis.
321 1210 354 1236 Et
375 1210 433 1242 hoc,
462 1211 560 1246 inquit,
581 1211 681 1245 factum
696 1218 745 1245 est,
766 1217 793 1238 ut
813 1214 964 1246 impleretur

174 1257 242 1289 quod
259 1256 357 1282 dictant
371 1261 410 1282 est
425 1265 441 1282 a
457 1257 568 1284 Domino
583 1265 628 1292 per
641 1259 793 1292 prophetarit
808 1259 935 1286 dicentem
953 1267 962 1286 :

175 1299 243 1326 Ecce
260 1300 335 1335 Virgo
350 1303 485 1335 concipiet,
503 1307 555 1329 etc.
570 1302 718 1338 Exsurgens
735 1310 822 1330 autem
836 1313 853 1330 a
871 1313 962 1331 somno

174 1347 213 1372 ita
236 1347 297 1380 fL-cit
321 1348 428 1382 .Ioseph.
449 1348 480 1374 Et
503 1350 602 1383 occepit
625 1357 733 1376 uxorem
751 1358 844 1382 suam;
868 1356 892 1377 et
911 1359 962 1377 non

175 1394 345 1425 cognoscebat
367 1402 441 1425 eam,
457 1395 537 1421 donec
554 1396 651 1429 peperit
674 1396 759 1430 ﬁlium
772 1404 849 1422 suum
863 1397 963 1430 primo-

175 1439 305 1471 genitum;
319 1445 343 1465 et
359 1440 460 1466 vocavit
478 1449 569 1467 nomen
589 1442 646 1475 ejus
661 1441 762 1468 Iesum.
780 1441 870 1476 Pergit
886 1442 963 1469 deiu-

175 1482 209 1508 dc
223 1483 233 1497 ²
250 1491 256 1508 :
274 1483 341 1510 Cum
366 1489 443 1511 natus
459 1489 526 1511 esset
549 1484 627 1511 Jesus
651 1486 678 1511 in
697 1485 845 1511 Betltlehent
861 1485 963 1512 Judarae

1010 892 1122 927 μητρὸς
1142 892 1236 919 αὐτοῦ
1258 892 1372 926 Μαρίας
1385 892 1425 924 τῷ
1437 892 1559 926 Ἰωσὴφ,
1579 892 1669 926 πρινὴ
1692 895 1804 920 συνελ-

1013 939 1076 965 θεῖν
1091 938 1211 971 αὐτοὺς,
1226 937 1331 972 εὑρέθη
1351 938 1386 964 ἐν
1402 938 1508 972 γαστρὶ
1522 938 1637 973 ἔχουσα
1652 939 1686 965 ἐκ
1706 940 1803 966 Πνεύο

1010 993 1104 1018 ματος
1120 985 1215 1018 ἁγίου.
1231 984 1284 1010 Kal
1298 983 1420 1018 Ἰωσὴφ,
1432 983 1548 1016 δίκαιος
1564 983 1616 1015 ὢν,
1630 983 1722 1016 ἐζήτει
1733 985 1806 1010 ἀπο-

1012 1029 1105 1056 λῦσαι
1127 1029 1226 1063 αὐτὴν
1246 1029 1351 1063 λάθρα.
1374 1030 1430 1056 Καὶ
1452 1029 1516 1056 ὶδοὺ
1539 1029 1667 1064 ἅγγελος
1692 1030 1804 1063 Κυρίου

1013 1074 1110 1108 ἐμάνη
1125 1073 1205 1106 αὐτῷ
1221 1074 1283 1101 κατ’
1295 1074 1367 1108 ὄναρ
1386 1075 1497 1109 λέγων’
1512 1074 1559 1107 Μὴ
1572 1075 1731 1108 ἀπολύσῃς
1746 1074 1805 1108 ’τὴν

1013 1119 1138 1154 γυναῖκά
1149 1129 1206 1146 σου
1219 1128 1222 1131 ‘
1240 1120 1271 1147 τὸ
1281 1119 1337 1154 γὰρ
1351 1120 1385 1146 ἐν
1397 1120 1475 1154 αὐτῇ
1485 1121 1521 1148 ἐκ
1534 1121 1705 1155 Πνεύματός
1718 1122 1806 1148 ἐστιν

1013 1165 1194 1200 ἀγίου.ἰδοὺ
1207 1165 1262 1200 γὰρ
1279 1166 1417 1200 γεννήσει
1442 1166 1519 1199 υἱὸν,
1541 1167 1590 1193 καὶ
1611 1167 1750 1200 καλέσεις
1770 1167 1804 1193 τὸ

1014 1212 1107 1246 ὄνομα
1120 1211 1212 1238 αὑτοῦ
1228 1213 1358 1246 Ἰησοῦν.
1377 1211 1470 1245 οὗτος
1487 1212 1579 1240 σώσει
1597 1213 1651 1240 τὸν
1660 1213 1737 1240 λαὸν
1751 1214 1805 1240 αὑ-

1012 1257 1065 1283 τοῦ
1078 1257 1137 1284 ἀπὸ
1151 1257 1310 1292 ἁμαρτιῶν.
1323 1258 1377 1285 Kal
1388 1258 1486 1290 τοῦτο,
1501 1259 1578 1294 φησὶ,
1597 1260 1733 1293 γέγονεν,
1753 1259 1806 1286 ἵνα

1013 1303 1155 1338 πληρωθῇ
1165 1303 1199 1330 τὸ
1210 1304 1305 1338 ῥηθὲν
1317 1304 1377 1331 ὑπὸ
1397 1304 1451 1331 τοῦ
1462 1305 1573 1338 Κυρίου
1594 1304 1642 1332 διὰ
1662 1305 1716 1332 τοῦ
1733 1311 1790 1338 προ

1012 1349 1119 1384 primo,
1141 1349 1300 1384 λέγοντος·
1324 1349 1403 1376 Ἰδοὺ
1425 1350 1444 1384 ἡ
1468 1351 1618 1384 Παρθένος
1636 1351 1671 1377 ἐν
1693 1350 1804 1385 γαστρὶ

1012 1394 1084 1426 ἕξει,
1101 1394 1149 1421 καὶ
1167 1394 1202 1420 τὰ
1225 1394 1298 1429 ἑξῆς.
1320 1395 1375 1421 Καὶ
1396 1395 1537 1429 ἐγερθεὶς,
1553 1396 1645 1430 φησὶν,
1668 1394 1727 1422 ἀπὸ
1748 1395 1805 1421 τοῦ

1013 1439 1121 1473 ὕπνου,
1137 1441 1283 1475 ἐποίησεν
1297 1441 1389 1473 οὕτως
1403 1442 1420 1467 ό
1433 1441 1557 1475 Ἰωσήφ.
1580 1441 1634 1469 Καὶ
1655 1441 1805 1476 παρέλαϐε

1013 1486 1071 1520 τὴν
1085 1486 1210 1520 γυναῖκα
1230 1487 1322 1514 αὑτοῦ
1335 1494 1341 1500 ”
1359 1487 1408 1514 καὶ
1430 1488 1486 1514 οὐκ
1505 1488 1671 1522 ἐγίνωσκεν
1690 1487 1800 1519 αὐτὴν.

176 1529 202 1554 in
217 1528 308 1555 diebus
323 1531 435 1557 Herodis
452 1532 532 1565 regis,
545 1539 602 1558 ecce
618 1532 688 1565 magi
705 1532 736 1557 ab
761 1531 867 1558 Oriente
886 1539 960 1557 vene-

1015 1533 1067 1566 ἕως
1080 1530 1116 1560 οὔ
1130 1533 1214 1560 ἔτεκε
1224 1533 1278 1560 τὸν
1288 1533 1355 1560 υἱὸν
1366 1532 1460 1566 αὐτῆς
1474 1533 1528 1559 τὸν
1546 1534 1741 1567 πρωτότοκον·
1753 1532 1804 1560 καὶ

176 1580 237 1599 runt
251 1575 462 1609 Hierosolymam
480 1576 593 1603 dicentes
605 1584 614 1602 :
634 1576 683 1603 Ubi
704 1581 743 1603 est
762 1578 806 1612 qui
830 1582 907 1603 natus
922 1583 961 1604 est

176 1627 223 1646 rex
232 1618 386 1646 Juda'ornm
399 1623 411 1648 ?
429 1620 545 1648 Vidimus
558 1622 627 1648 enim
639 1622 743 1648 stellam
755 1623 812 1657 ejus
827 1624 853 1649 in
869 1623 961 1650 Orien-

177 1669 209 1695 te.
223 1671 247 1692 et
261 1667 376 1693 uenimus
392 1666 504 1693 adorare
519 1676 588 1693 eum.
607 1667 656 1694 Ubi
673 1668 754 1703 igitur
768 1673 809 1695 est
824 1668 961 1696 Zacharize

177 1710 227 1736 κιη·
241 1711 331 1738 omnis
350 1711 482 1738 historia?
500 1712 548 1739 Ubi
571 1716 635 1740 sunt
652 1720 713 1747 qua:
729 1721 743 1739 ει
761 1712 833 1740 Luco
850 1721 962 1740 narran-

177 1756 240 1782 tur?
258 1756 308 1783 Ubi
324 1757 411 1784 visum
428 1757 493 1784 illud
509 1758 618 1792 angeli?
632 1757 682 1784 Ubi
702 1757 816 1785 Joannis
832 1757 961 1793 Baptistae

176 1802 341 1836 prophetia?
360 1802 409 1830 Ubi
428 1804 578 1838 increpatio
593 1803 742 1835 Zachariae,
760 1808 788 1830 ut
813 1805 886 1838 loqui
899 1809 962 1832 ante

176 1856 231 1874 non
249 1853 358 1882 posset,
374 1857 455 1884 quam
481 1850 600 1884 perlecta
623 1853 715 1877 essent
731 1850 834 1879 omnia,
851 1857 910 1884 quae
927 1851 961 1877 ab

177 1895 274 1928 angelo
287 1898 366 1922 erant
384 1895 484 1921 allata?
500 1894 551 1922 Ubi
576 1899 640 1922 sunt
662 1902 723 1929 quae
743 1895 856 1929 angelus
871 1894 962 1922 Mariae

177 1939 286 1967 locutus
310 1941 373 1968 est?
387 1940 438 1968 Ubi
461 1941 553 1968 cautio
577 1941 623 1967 illa
643 1948 676 1967 ac
700 1941 862 1975 prudentia,
879 1948 960 1976 quam

177 1993 228 2013 suo
245 1986 293 2013 illo
317 1987 351 2013 ad
376 1987 501 2023 angelum
519 1994 652 2022 responso
667 1986 752 2013 Maria
773 1994 828 2022 pra:
846 1995 876 2015 se
889 1987 960 2020 tulit,

176 2040 239 2059 cum
261 2033 296 2059 ita
311 2033 386 2060 illum
402 2033 580 2067 interrogavit
593 2033 604 2048 ³
622 2040 628 2058 :
652 2032 790 2066 Quomodo
811 2033 856 2067 ﬁet
877 2033 957 2066 illud,

176 2079 300 2112 quoniam
315 2079 399 2105 virum
422 2086 475 2104 non
496 2080 643 2113 cognosco?
658 2082 705 2105 aut
725 2079 834 2106 sincera
849 2079 895 2106 illa
913 2087 961 2106 an-

177 2123 231 2158 geli
245 2129 428 2158 accnrutaquc
447 2125 486 2151 rei
508 2124 633 2159 gerenda!
648 2124 817 2159 propositio?
831 2124 959 2159 Spiritus.

177 2169 276 2204 inquit,
293 2175 400 2196 sanctus
414 2173 573 2205 superueniet
587 2171 615 2197 in
631 2176 671 2202 te,
691 2176 715 2197 et
732 2171 814 2197 virtus
831 2171 962 2198 Altissimi

178 2215 343 2242 abumbrabit
362 2215 422 2244 tibi.

1013 1579 1141 1606 ἐκάλεσε
1157 1579 1190 1606 τὸ
1204 1579 1298 1614 ὄνομα
1317 1579 1410 1606 αὑτοῦ
1423 1580 1555 1614 Ἰησοῦν.
1571 1580 1625 1607 Τοῦ
1646 1579 1680 1606 δὲ
1700 1579 1805 1613 ἰησοῦ

1013 1625 1219 1660 γεννηθέντος,
1236 1625 1329 1661 φησὶν,
1343 1626 1378 1652 ἐν
1394 1625 1531 1660 Βηθλεέμ
1548 1625 1602 1660 τῆς
1613 1625 1806 1659 Ἰουδαίαςὲν

1013 1671 1136 1705 ἡμέραις
1156 1670 1284 1705 Ἡρώδου
1304 1670 1358 1697 τοῦ
1379 1670 1540 1704 βασιλέως.
1554 1671 1618 1698 ὶδοὺ
1637 1670 1726 1705 μάγοι
1744 1672 1806 1699 ἀπὸ

1020 1715 1186 1744 Ἀνατολῶν
1195 1717 1391 1752 παρεγένοντο
1413 1718 1456 1750 εις
1476 1717 1683 1751 Ἰερουσαλὴμ,
1704 1717 1807 1751 λέγον-

1013 1770 1076 1794 τες’
1089 1762 1149 1789 Ποῦ
1161 1762 1246 1789 ἐστιν
1260 1764 1276 1789 ὀ
1285 1763 1400 1797 τεχθεὶς
1408 1762 1559 1795 ,βασιλεὺς
1569 1761 1628 1789 τῶν
1641 1762 1805 1794 Ἰουδαιωη

1014 1807 1140 1842 Εῖδομεν
1162 1808 1218 1843 γὰρ
1236 1807 1290 1834 τὸν
1307 1807 1419 1842 ἀστέρα
1433 1808 1526 1835 αὐτοῦ
1538 1808 1573 1835 ἐν
1586 1807 1624 1842 τῇ
1646 1807 1804 1841 Ἀνατολῇ,

1015 1854 1064 1880 καὶ
1085 1854 1216 1888 ἤλθομεν
1230 1853 1442 1888 προσκυνῆσαι
1459 1854 1549 1886 αὐτῷ.
1566 1853 1620 1880 Ποῦ
1636 1852 1683 1881 οὖν
1697 1855 1713 1889 ἡ
1731 1863 1804 1889 πρα-

1014 1899 1131 1933 γματεία
1157 1898 1204 1925 τοῦ
1227 1899 1381 1934 Ζαχαρίου;
1405 1898 1459 1925 Ποῦ
1476 1899 1511 1925 τὰ
1525 1898 1563 1934 τῷ
1588 1900 1680 1934 Λουκᾷ
1697 1907 1805 1932 πεπρα-

1014 1943 1209 1978 γματευμένα;
1224 1944 1279 1969 Ποῡ
1303 1945 1320 1980 ἡ
1342 1944 1460 1970 ὀπτοῦ-ἔα.
1482 1943 1530 1970 τοῦ
1552 1944 1687 1978 ἀγγέλους
1708 1943 1762 1971 Ποῦ
1787 1945 1804 1978 ἡ

1015 1990 1168 2025 προφητεία
1181 1990 1304 2016 Ἰωάννου
1318 1990 1364 2016 τοῦ
1378 1990 1549 2023 Βαπτιστοῦ;
1571 1990 1626 2016 Ποῦ
1647 1990 1694 2016 τοῦ
1715 1991 1804 2024 Ζαχα-

1016 2036 1074 2070 ρίου
1097 2037 1113 2071 ή
1138 2035 1306 2071 ἐπιτίμησις,
1319 2036 1367 2062 τοῦ
1393 2036 1431 2071 μὴ
1456 2036 1586 2063 δύνασθαι
1610 2035 1690 2062 αὐτὸν
1715 2035 1806 2062 λαλεῖν

1014 2081 1094 2115 ἄχρις
1107 2076 1138 2106 οὗ
1154 2080 1266 2115 γένηται
1292 2080 1324 2107 τὰ
1345 2081 1397 2107 ὑπὸ
1417 2081 1464 2107 τοῦ
1483 2081 1598 2115 ἀγγέλου
1617 2080 1804 2116 λελαλημένα;

1015 2124 1069 2151 Ποῦ
1083 2124 1117 2150 τὰ
1131 2124 1183 2151 ὑπὸ
1196 2125 1242 2151 τοῦ
1258 2124 1377 2160 Γαϐριὴλ
1391 2127 1423 2160 τῇ
1440 2125 1570 2161 Παρθένῳ
1587 2125 1731 2161 λεχθέντα;
1749 2125 1805 2152 Ποῦ

1014 2171 1030 2205 ἠ
1055 2170 1227 2205 παράστασις
1252 2170 1301 2204 τῆς
1323 2169 1483 2204 ἀσφαλείας,
1502 2171 1553 2206 τῆς
1576 2171 1645 2206 μετὰ
1671 2171 1805 2201 συνέσεως

978 2210 999 2237 D
1013 2216 1062 2251 τῆς
1073 2215 1181 2251 Μαρίας
1194 2214 1269 2250 αὺτῷ
1282 2215 1321 2250 τῷ
1335 2215 1444 2251 ἀγγέλῳ
1455 2216 1662 2252 ἀποκριθείσηεν
1677 2217 1715 2247 ὡς
1728 2215 1804 2252 ’ἶρίν

172 2266 218 2290 τα,
233 2259 362 2294 λέγουσα⁴
379 2262 445 2295 Πῶς
458 2261 543 2290 ἔσται
555 2262 653 2294 τοῦτο,
664 2262 729 2289 ἐπεὶ
745 2262 841 2296 ἄνδρα
860 2263 897 2289 οὐ
917 2263 1052 2297 γινώσκω
1064 2271 1072 2294 ;
1084 2262 1131 2288 καὶ
1147 2262 1163 2297 ἡ
1192 2262 1261 2297 μετὰ
1287 2262 1430 2297 ἀκριϐείας
1456 2262 1565 2298 καθαρὰ
1588 2263 1736 2298 ὐῳήγησις,
1767 2263 1806 2295 ὡς

175 2303 252 2332 εἶπεν
268 2307 335 2341 αὐτῇ
345 2314 353 2322 ⁸
376 2307 496 2341 Πνεῦμα
510 2306 621 2341 Κυρίου
638 2308 833 2336 ἐπελεύσεται
849 2309 897 2335 ἐπὶ
910 2307 957 2338 σὲ.
972 2308 1020 2335 καὶ
1032 2308 1159 2342 δύναμις
1178 2307 1319 2342 Ὑψίστου
1329 2308 1501 2336 ἐπισκιάσει
1513 2317 1564 2336 σοι
1578 2317 1587 2341 ;

218 2350 257 2377 vl.
274 2351 391 2384 Quinam
406 2359 471 2388 ergo
488 2353 589 2380 factum
604 2354 774 2388 putabimus,
793 2358 823 2381 ut
835 2362 896 2389 quas
912 2354 962 2382 Lu-

175 2403 224 2423 cas
240 2397 377 2431 exposuit.
393 2406 424 2425 ea
438 2399 493 2426 sint
506 2406 521 2425 a
534 2398 661 2426 Matthmo
677 2400 878 2435 prwtermissa?
892 2400 961 2427 Num

178 2441 334 2471 Mntthreum
355 2444 389 2471 ab
410 2445 450 2471 rei
475 2445 587 2472 veritate
611 2445 769 2481 discrepare
792 2447 962 2474 statuemus?

175 2486 257 2522 427
273 2489 313 2515 An
332 2493 428 2516 contra
450 2489 477 2516 in
500 2490 596 2525 primis
614 2491 669 2518 illis
687 2492 770 2519 rebus
783 2494 877 2527 gestis.
893 2500 962 2527 quas

178 2534 321 2562 Matth-acus
345 2535 516 2570 perscripsit.
532 2535 632 2563 Lucam
658 2537 748 2572 ipsum
769 2538 881 2565 tuinime
897 2547 960 2566 veru

177 2580 326 2607 narrasse?
348 2579 444 2608 Nonne
467 2581 584 2616 singulis
607 2583 717 2618 propria
741 2584 862 2618 quaedam
891 2584 960 2612 Deus

178 2626 311 2659 attribuit,
330 2630 360 2652 ut
376 2628 550 2662 evangelista:
569 2631 688 2662 quatuor
702 2629 735 2656 ad
759 2630 959 2664 praedicandum

178 2671 352 2707 livangelium
366 2672 464 2700 delecti
479 2681 559 2701 suum
573 2673 709 2709 quoddam
725 2676 891 2710 prmcipuum
905 2684 960 2702 Inu-

213 2761 221 2776 '
236 2761 331 2788 Matth.
349 2769 355 2788 ι
381 2762 392 2788 1
412 2770 472 2797 sqq.

1051 2355 1095 2387 ς’.
1116 2353 1149 2380 Τί
1160 2351 1205 2380 οὖν
1219 2354 1353 2389 ὲροῦμεν;
1369 2355 1430 2381 ἐπεὶ
1446 2355 1483 2391 μὴ
1503 2355 1685 2390 κατήγγελλεν
1701 2357 1715 2382 ὸ
1729 2357 1807 2383 Ματ-

1015 2400 1090 2431 οαίος
1115 2399 1148 2426 τὰ
1168 2400 1221 2426 ὑπὸ
1241 2399 1289 2426 τοῦ
1314 2401 1406 2427 Λουκᾶ
1421 2401 1549 2437 ῥηθέντα,
1565 2402 1618 2437 ἄρα
1642 2402 1808 2437 ἀσύμφωνος

1013 2445 1056 2481 εἴη
1080 2447 1094 2471 ὁ
1111 2446 1188 2480 ἅγιος
1201 2446 1341 2477 Ματθαῖος
1358 2447 1427 2482 πρὸς
1448 2446 1497 2482 τὴν
1513 2447 1656 2483 ἀλήθειαν;
1670 2447 1740 2473 Ἀλλ’
1755 2449 1806 2474 οὐκ

1014 2491 1140 2526 ἀληθεύει
1152 2493 1165 2518 ὁ
1181 2491 1259 2526 ἅγιος
1271 2493 1389 2524 Λουκᾶς,
1402 2492 1488 2520 εἰπὼν
1499 2493 1563 2527 περὶ
1575 2493 1628 2520 τῶν
1641 2493 1756 2529 πρώτων
1766 2494 1805 2529 τῷ

1014 2536 1145 2572 Mareaqu
1158 2538 1448 2573 πεπραγματευμένων
1460 2546 1467 2568 ;
1478 2538 1545 2572 Οὐχὶ
1556 2538 1664 2573 ἑκάστῳ
1677 2538 1806 2574 ἐμέρισεν

1013 2584 1027 2609 ὁ
1044 2583 1118 2614 Θεὸς,
1134 2583 1176 2609 ἵνα
1189 2583 1214 2609 οἱ
1229 2583 1362 2618 τέσσαρες
1371 2583 1573 2617 εὐαγγελισταὶ,
1588 2583 1739 2618 ὀφείλοντες
1753 2593 1806 2618 χη-

1015 2628 1105 2664 ρύξαι,
1123 2628 1240 2664 εὕρωσιν
1254 2629 1368 2659 ἕκαστος
1379 2628 1405 2655 τί
1420 2628 1606 2664 ὲργὰσωνται;
1631 2630 1678 2656 καὶ
1699 2629 1733 2655 τὰ
1756 2630 1807 2664 μὲν

1015 2675 1166 2710 συμφώνως
1190 2675 1238 2702 καὶ
1264 2675 1328 2707 ἴσως
1350 2675 1513 2710 κηρύξωσιν,
1535 2675 1578 2702 ἵνα
1597 2675 1748 2711 δεηθῶσιν,
1764 2675 1807 2702 ὅτι

511 2771 521 2778 ·
536 2761 630 2788 Matth.
646 2769 677 2793 ιι,
695 2763 705 2789 ι
719 2770 780 2797 sqq.
815 2763 826 2778 ³
841 2761 909 2788 Luc.
928 2770 947 2793 ι,
964 2762 1009 2792 54.
1023 2763 1067 2790 55.

214 2849 268 2882 (l8)
297 2848 359 2876 Ἀπ’
376 2847 469 2875 αὑτοῦ
486 2846 538 2874 τοῦ
557 2849 646 2881 ἔργου
665 2848 800 2883 κηρύξαι.
816 2850 869 2876 Ant
890 2849 959 2884 κηρῦ

1015 2852 1073 2886 1ος..
1097 2855 1143 2878 aut
1156 2851 1202 2878 τοῦ
1218 2852 1344 2888 κηρύξαι..
