1964 3047
169 123 222 152 899

866 118 896 147 S.
917 115 1089 146 EPIPHANII

1740 117 1797 144 $00

172 182 260 210 sancti
270 181 343 209 Petri
353 188 444 209 eomes
454 179 694 213 fuerat,serihendi
701 178 839 216 Evangelii
848 180 958 214 provin—

1014 188 1090 215 μενος
1103 180 1118 206 ὁ
1131 178 1243 213 Μάρκος
1258 177 1298 213 τῷ
1313 177 1384 212 ἁγίῳ
1400 176 1496 211 Πέτρῳ
1517 175 1547 202 ὲν
1565 174 1669 211 Ῥώμῃ.
1687 175 1798 211 ἐπιτρέ-

172 227 216 254 cia
233 227 422 253 committitur.
438 226 515 259 Quod
533 234 595 252 cum
613 225 732 257 fecisset,
749 233 765 252 a
783 226 862 253 beato
877 225 958 252 Petro

175 274 201 300 in
217 271 366 308 Egyptum
381 272 509 299 mittitur.
525 271 590 298 Erat
606 272 651 298 hic
668 279 740 298 unus
757 279 771 298 e
787 278 862 298 Lxxu
878 271 959 298 disci-

173 319 256 354 pulis,
273 319 319 353 qui
339 318 374 346 ob
395 325 548 346 sermonem
565 317 641 344 illum
656 317 773 352 dispersi
789 321 862 350 sunt,
877 324 958 352 quem

174 363 306 392 Dominus
321 365 445 392 elocutus
470 363 578 391 fuerat:
601 362 663 389 Nisi
682 363 739 398 quis
762 362 959 389 manducauerit

173 419 279 437 carnem
293 419 390 443 meam,
405 415 430 437 et
449 410 542 437 biberit
556 410 708 444 sanguinem
718 429 725 441 ,
743 417 793 435 non
810 413 848 436 est
861 417 901 435 me
915 402 960 435 di-

172 465 239 492 gnas
254 456 274 489 ί,
291 457 329 483 uti
346 456 438 484 sciunt
459 457 504 490 qui
520 456 696 490 Evangelium
719 455 841 490 legerint.
857 453 958 481 Verum

174 502 218 529 ille
235 502 307 529 Petri
324 510 406 537 opera
425 510 561 534 reversus,
577 509 609 528 ac
631 501 732 536 Spiritu
756 504 853 528 sancto
871 500 959 534 reple-

175 552 216 574 tus
244 548 436 575 conscribendi
469 547 607 584 Evangelii
631 555 730 574 munus
754 547 868 581 accepit.
895 545 960 574 Inde

174 601 253 628 porro
268 593 333 620 illud
348 602 462 621 exorsus
478 597 531 624 est,
549 594 621 620 unde
636 592 755 628 Spiritus
768 601 829 620 eum
847 597 959 620 sanctus

171 640 292 674 impulit,
305 643 332 668 et
350 647 366 666 a
388 648 422 667 xv
436 640 538 667 Tiberii
559 640 675 667 Ctesaris
691 647 762 666 anno
778 639 894 674 sumpsit
909 639 960 666 ini-

172 685 256 718 tium;
274 685 321 721 qui
338 689 380 713 est
392 694 444 712 xxx
459 686 493 712 ab
506 693 554 717 eo,
575 685 648 712 unde
665 684 808 712 Matthaius
823 685 961 712 narratio-

171 739 232 758 nem
243 731 390 758 inchoavit.
400 730 583 764 Quamobrem
595 738 656 758 cum
670 730 807 758 secundus
819 724 863 758 hic
874 730 960 759 Evan-

171 777 233 812 gelii
249 778 367 812 scriptor
383 777 548 810 exstitisset;
565 786 613 804 nec
628 779 661 805 de
672 777 753 805 Verbi
765 777 812 805 Dei
828 778 855 804 in
871 782 959 807 terras

171 831 187 850 c
204 823 275 850 calo
298 822 409 858 delapsu
433 823 576 858 perspicue
593 823 785 858 signiﬁcasset,
803 832 958 860 quanquam

174 876 302 903 expresse
317 869 342 895 id
357 869 469 896 omnino
487 869 635 896 declaravit
656 878 663 896 :
680 877 773 896 verum
787 877 850 896 cum
869 870 960 897 minus

174 913 199 941 id
217 918 345 941 accurate
363 918 568 949 pertractasset.
588 914 653 941 hinc
675 922 751 941 norm
772 915 896 949 quaedam
921 918 960 942 te-

173 961 264 988 nebrae.
278 961 399 993 illorum,
414 968 484 995 quos
504 961 585 995 paulo
601 965 664 988 ante
676 962 897 993 Commemoravi,
917 961 960 988 in-

175 1007 259 1040 geniis
278 1007 381 1033 obortae
396 1010 478 1040 sunt;
494 1015 528 1034 ne
550 1015 598 1034 eos
620 1007 795 1041 evangelicus
809 1007 853 1034 ille
869 1007 962 1042 splen-

176 1053 223 1080 jor
244 1053 403 1080 illustraret.
427 1051 472 1079 Sic
490 1053 562 1080 enim
586 1053 625 1080 illi
644 1053 785 1087 jactabant
802 1061 808 1079 :
825 1053 895 1081 Ecce
911 1053 961 1081 tibi

174 1105 274 1125 novum
286 1097 320 1125 de
333 1097 443 1125 Christo
457 1098 594 1133 proditum
608 1104 650 1126 est
664 1098 850 1134 Evangelium,
866 1099 892 1125 in
907 1106 962 1134 quo

174 1143 248 1170 nulla
263 1143 297 1171 de
315 1144 419 1171 caelesti
443 1144 487 1170 illa
509 1145 683 1178 generatione
705 1145 824 1178 mentio;
844 1144 892 1172 sed
909 1145 961 1172 hoc

175 1197 259 1216 unum
280 1193 413 1216 memorat
427 1197 433 1214 :
460 1188 492 1216 In
508 1188 629 1216 Iordane
644 1190 778 1216 descendit
800 1189 917 1222 Spiritus
934 1191 962 1217 in

175 1235 268 1266 illum;
283 1239 308 1262 et
323 1243 372 1262 uox
385 1243 394 1261 :
404 1235 455 1262 Hic
471 1239 510 1262 est
524 1234 613 1262 Filius
633 1243 705 1262 meus
722 1235 845 1268 dilectus,
866 1237 893 1263 in
908 1245 962 1272 quo

176 1281 240 1308 mihi
253 1281 400 1316 complacui
411 1282 432 1307 '.

213 1326 267 1354 VII.
282 1327 350 1354 Cum
366 1327 449 1360 igitur
462 1327 495 1354 iis
511 1327 538 1354 in
553 1327 634 1355 rebus
649 1332 703 1354 tam
717 1328 886 1355 incredibilis
903 1329 963 1356 illo-

175 1380 235 1401 rum
241 1377 396 1400 versaretur
405 1374 534 1406 amentia,
551 1373 667 1408 Spiritus
678 1379 789 1402 sanctus
795 1375 902 1401 beatum
912 1374 964 1401 Lu-

175 1427 235 1446 cam
250 1419 366 1447 occultis
383 1419 546 1454 quibusdam
570 1420 689 1447 stimulis
710 1421 794 1455 cogit,
810 1425 835 1447 et
850 1422 962 1451 excitat.

176 1470 206 1492 ut
226 1473 258 1493 ex
280 1465 414 1493 altissima
439 1466 484 1492 illa
508 1466 636 1501 voragine
661 1473 796 1493 caecorum
821 1466 963 1494 hominum

176 1516 280 1539 mentes
301 1512 446 1544 educeret,
469 1515 497 1539 et
515 1520 575 1546 qua:
597 1511 704 1539 fuerant
727 1512 761 1539 ab
778 1513 839 1540 aliis
854 1517 964 1547 praeter-
976 1525 999 1556 α

176 1557 260 1584 missa
286 1557 398 1592 scriptis
423 1557 644 1590 commendaret,
668 1564 702 1583 ne
724 1557 786 1592 quis
810 1565 825 1583 a
849 1558 964 1585 veritate

176 1600 284 1636 longius
310 1601 442 1628 aberrans
467 1601 608 1634 crederet,
631 1601 733 1629 Christi
759 1602 963 1636 generationem

177 1647 211 1673 ab
228 1654 261 1674 eo
275 1647 348 1673 velut
364 1646 453 1673 ﬁctam
471 1646 591 1673 fabulam
609 1646 694 1674 fuisse
709 1649 888 1682 propositam.
911 1647 964 1676 Sed

176 1692 329 1719 orationem
344 1692 390 1719 ille
410 1699 487 1719 suam
503 1692 632 1727 deinceps
647 1692 723 1720 ell'ert
741 1693 833 1725 altius,
851 1701 883 1721 ac
902 1701 965 1722 cum

177 1738 305 1766 subtilius
318 1742 437 1773 exportat
454 1738 557 1770 omnia,
570 1739 609 1765 rei
631 1743 713 1774 gestae
728 1739 825 1766 seriem
838 1745 966 1768 accurate

177 1784 364 1818 prosequitur,
380 1787 407 1810 et
422 1782 455 1809 ad
477 1783 584 1810 veritati
603 1783 754 1810 faciendam
777 1783 856 1810 ﬁdem
882 1788 965 1812 testes

178 1829 240 1856 illos
259 1829 388 1864 proponit
403 1827 432 1855 in
455 1828 585 1860 medium,
602 1829 648 1863 qui
664 1829 748 1856 divini
765 1829 838 1856 verbi
857 1828 966 1857 fuerant

179 1875 344 1902 administri.
368 1873 414 1902 Sic
435 1874 507 1901 enim
529 1874 651 1909 loquitur
665 1875 675 1890 ³
689 1881 695 1900 :
710 1875 843 1907 Quoniam
860 1875 965 1910 quidem

178 1920 256 1946 multi
271 1920 358 1946 conati
370 1924 431 1946 sunt
444 1921 485 1954 (ut
501 1920 658 1952 nonnullos,
678 1921 724 1955 qui
747 1920 773 1947 id
793 1922 884 1948 conati
908 1922 966 1949 fue-

178 1969 252 1997 rant,
276 1965 420 1996 indicaret,
444 1965 603 1992 Cerinthum
627 1966 769 1997 videlicet,
788 1965 964 2000 Merintluuu,

177 2015 206 2038 et
219 2011 310 2045 alios).
323 2011 413 2046 Pergit
425 2019 490 2038 vero
504 2011 610 2038 :Visum
621 2016 659 2038 est
674 2011 738 2038 mihi
752 2012 870 2046 deinceps
884 2012 967 2048 429

180 2065 299 2084 assecuta
312 2066 328 2084 α
350 2058 480 2092 principio
496 2057 634 2092 diligenter
650 2065 694 2084 eos
710 2058 754 2092 qui
771 2057 821 2091 ipsi
835 2058 964 2090 viderunt,

178 2107 203 2129 et
221 2102 338 2129 ministri
355 2103 484 2129 sermonis
507 2102 624 2136 fuerunt,
648 2102 761 2128 scribere
785 2102 849 2135 tibi,
871 2104 966 2137 oplime

181 2148 319 2183 Theophila
339 2156 349 2175 :
370 2149 427 2176 sive
447 2148 481 2175 ad
509 2147 688 2182 Theophilum
719 2149 872 2183 quempiam
898 2149 966 2175 scri-

1010 234 1090 252 πεται
1101 225 1131 251 τὸ
1147 225 1312 259 Εὑαγγέλιον
1324 224 1452 251 ἐκθέσθαι
1463 232 1469 238 ·
1485 224 1530 250 καὶ
1547 223 1653 259 γράψας
1664 222 1798 249 ἀποστέλ-

1009 272 1083 299 λεται
1100 272 1151 298 ὑπὸ
1167 271 1213 299 τοῦ
1230 272 1309 306 ἁγίου
1324 272 1427 307 Πέτρου
1451 271 1491 302 εἰς
1513 270 1562 305 τὴν
1574 269 1628 296 τῶν
1641 269 1798 303 Αἰγυπτίωι

1009 319 1110 355 χώραν.
1123 313 1207 350 Οὗτος
1221 319 1249 345 δὲ
1266 317 1306 350 εἷς
1323 318 1471 354 ἐτύγχανεν
1488 316 1543 352 (‘29.)
1565 317 1597 343 ἐκ
1612 315 1666 342 τῶν
1681 316 1796 350 ὲὸδομη-

1010 363 1138 390 κονταδύο
1161 363 1215 390 τῶν
1235 362 1500 398 διασκορπισθέντων
1524 361 1569 388 ἐπὶ
1591 360 1629 396 τῷ
1647 361 1758 396 ῥήματι,
1773 356 1798 394 ᾧ

1009 406 1085 436 εἶπεν
1097 410 1112 436 ὁ
1127 408 1238 445 Κύριος·
1262 409 1329 435 Ἐὰν
1340 408 1383 443 μή
1396 408 1443 441 τίς
1454 415 1513 442 μου
1526 406 1605 441 φάγῃ
1615 405 1672 439 τὴν
1686 405 1796 439 σάρκα,

1009 456 1058 482 καὶ
1075 456 1128 489 πίῃ
1149 455 1182 482 τὸ
1206 453 1288 490 aaut,
1300 455 1355 482 οὐκ
1369 454 1435 481 ἔστι
1449 462 1507 489 μου
1529 453 1626 485 ἄξιος·
1642 452 1679 484 ὡς
1689 453 1746 483 τοῖς
1762 452 1796 478 τὰ

1009 501 1164 536 Εὑαγγέλια
1187 501 1334 536 ἀναγνοῦσι
1360 500 1447 536 σαφὴς
1470 501 1486 536 ἡ
1512 496 1796 535 παράστασις.”υμως

1009 547 1053 574 διὰ
1078 547 1181 584 Πέτρου
1201 547 1364 583 ἀνακάμψας
1379 545 1599 580 εὐαγγελίζεσθαι
1612 543 1798 576 καταξιοῦται,

1009 594 1148 629 Πνεύματι
1169 594 1239 629 ἁγίῳ
1260 592 1631 629 ὲμπεφορημένος.¹Αρχεται
1649 590 1678 617 δὲ
1695 589 1799 625 κηρύτ-

1009 648 1076 671 τειν,
1094 639 1154 667 ὅθεν
1166 640 1196 667 τὸ
1209 639 1322 675 Πνεῦμα
1336 639 1410 675 αὑτῷ
1432 637 1661 674 παρεκελεύσατο,
1677 636 1726 671 τὴν
1746 636 1798 672 ἀρ-

1010 686 1060 721 χὴν
1086 685 1190 713 τάττων
1218 686 1271 712 ἀπὸ
1299 685 1543 712 πεντεκαιδεκάτου
1567 684 1644 715 ἔτους
1672 683 1798 717 Τιϐερίου

1010 731 1149 767 Καίσαρος
1176 731 1244 766 μετά
1268 731 1315 766 ἐτη
1336 731 1483 767 τριάκοντα
1508 731 1557 766 τῆς
1584 731 1632 758 τοῦ
1658 731 1799 759 Ματθαίου

1011 777 1212 812 πραγματείας.
1231 776 1362 812 Δευτέρου
1385 776 1413 803 δὲ
1433 776 1579 812 γενομένου
1595 775 1799 810 εὐαγγελιστοῦ,

1012 823 1058 849 καὶ
1071 823 1108 858 μὴ
1128 823 1191 858 περὶ
1205 823 1253 858 τ’ἠς
1266 823 1368 849 ἀνωθεν
1391 823 1556 857 καταγωγῆς
1568 822 1634 849 Θεοῦ
1650 823 1737 857 Λόγου
1750 831 1802 858 τηε

1011 868 1118 902 λαυγῶς
1134 867 1320 903 σημάναντος·
1343 867 1411 894 ἀλλά
1431 867 1518 902 πάντη
1542 868 1592 902 μὲν
1611 868 1800 903 ἐμφαντικῶς,

1011 914 1041 940 οὐ
1070 914 1122 948 μὴν
1146 913 1216 940 κατὰ
1240 912 1432 948 ἀκριϐολογίαν
1454 913 1599 948 τοσαύτην,
1624 913 1719 948 γέγονε
1742 912 1802 944 τοῖς

1011 958 1232 995 προειρημένοις,
1249 960 1288 990 εἰς
1301 958 1426 994 δεύτερον
1444 959 1576 986 σκότωσιν
1587 959 1640 985 τῶν
1654 959 1803 994 διανοημά-

1011 1015 1075 1037 των,
1091 1005 1137 1032 τοῦ
1153 1006 1189 1041 μὴ
1204 1005 1404 1041 καταξιωθῆναι
1416 1006 1485 1041 πρὸς
1500 1005 1639 1040 φωτισμὸν
1650 1006 1696 1033 τοῦ
1711 1007 1804 1040 Εὐαγ-

1011 1051 1113 1085 γελίου,
1130 1050 1263 1085 λεγόντων
1284 1050 1384 1081 αὐτῶν,
1400 1051 1442 1078 ὅτι
1456 1051 1521 1077 Ἰδοὺ
1539 1050 1664 1087 δεύτερον
1679 1051 1804 1085 Εὐαγγέ-

1012 1095 1067 1123 λιον
1084 1096 1148 1132 περὶ
1161 1095 1280 1132 Χριστοῦ
1297 1097 1438 1131 σημαῖνον,
1450 1097 1498 1124 καὶ
1511 1096 1630 1132 οὐδαμοῦ
1644 1097 1745 1124 ἄνωθεν
1757 1095 1804 1122 λέ-

1012 1151 1069 1177 γων
1093 1142 1141 1178 τὴν
1163 1143 1307 1178 γέννησιν·
1327 1142 1396 1169 ἀλ)ἀ
1417 1151 1515 1178 φησιν·
1537 1142 1584 1169 Ἐν
1602 1141 1643 1175 τῷ
1662 1141 1801 1176 Ἰορδάνῃ

1013 1187 1144 1222 κατῆλθε
1159 1188 1191 1215 τι)
1208 1188 1329 1222 Πνεῦμα
1341 1187 1387 1214 ἐπ’
1404 1189 1507 1220 αὐτὸν,
1525 1188 1574 1215 καὶ
1593 1188 1677 1223 φωνή
1688 1196 1695 1203 ³
1707 1186 1805 1222 Οὗτός

1012 1234 1098 1261 ἐστιν
1116 1236 1132 1261 ό
1152 1234 1218 1267 Υἱὸς
1235 1235 1252 1261 ὁ
1268 1234 1431 1269 ἀγαπητὸς,
1447 1233 1494 1268 ἐφ’
1508 1233 1545 1261 ὃν
1558 1234 1725 1269 ηὑδόκησα.

1049 1326 1085 1351 Ζ’.
1106 1324 1214 1360 Ἐπειδὴ
1226 1324 1254 1351 δὲ
1271 1323 1356 1351 ταῦτα
1371 1324 1455 1356 οὕτως
1468 1324 1496 1350 ὲν
1511 1326 1568 1356 τοῖς
1581 1324 1711 1356 τοιούτοις
1721 1325 1805 1361 ἀνοή-

1014 1378 1068 1401 τως
1082 1369 1207 1399 ἐτελεῖτο.
1221 1369 1370 1403 ἀναγκάζει
1392 1369 1422 1396 τὸ
1445 1369 1522 1404 ἅγιον
1538 1369 1661 1405 Πνεῦμα,
1678 1370 1725 1396 καὶ
1743 1370 1805 1396 ὲπι-

1014 1415 1104 1442 νύττει
1125 1415 1171 1442 τὸν
1193 1415 1268 1450 ἅγιον
1281 1416 1398 1447 Λουκᾶν,
1414 1415 1452 1447 ὡς
1464 1415 1518 1442 ἀπὸ
1534 1416 1632 1451 βάθους
1646 1415 1805 1442 κατωτὰτου

1016 1460 1108 1496 (κατὰ)
1126 1460 1175 1496 τὴν
1189 1460 1308 1487 διάνοιαν
1322 1460 1376 1487 τῶν
1390 1461 1575 1496 ἠπατημένων
1588 1461 1743 1495 ἀνενέγκαι,
1757 1457 1807 1488 καὶ

1015 1506 1049 1532 τὰ
1073 1506 1124 1532 ὑπὸ
1146 1506 1200 1532 τῶν
1223 1505 1310 1533 ἄλλων
1332 1506 1546 1541 καταλειφθέντα
1567 1505 1646 1538 αὖθις
1663 1507 1807 1534 ἐπιϐάλλε-

1016 1552 1076 1579 σθαι
1085 1559 1091 1566 ³
1109 1553 1152 1579 ἴνα
1167 1554 1202 1588 μή
1216 1561 1259 1584 τις
1273 1552 1328 1579 τῶν
1339 1552 1554 1588 πεπλανημένων
1565 1553 1697 1589 ἡγήσεται
1713 1553 1808 1588 μυθω-

1014 1598 1066 1630 δῶς
1081 1599 1162 1625 αὑτὸν
1177 1599 1312 1634 ἐκφράσαι
1327 1599 1375 1635 τὴν
1394 1599 1650 1635 γέννησιν.”Επειτα
1675 1596 1806 1636 ἀνωφερῆ

1014 1644 1059 1670 τὸν
1072 1641 1149 1678 λόγον
1172 1645 1330 1680 ἐργάζεται·
1346 1644 1391 1671 διὰ
1403 1645 1432 1671 δὲ
1448 1645 1498 1680 τὴν
1512 1645 1654 1680 ἀκρίϐειαν
1670 1645 1806 1680 λεπτομε-

1017 1691 1072 1726 ρῶς
1088 1691 1135 1726 τὴν
1152 1692 1243 1718 πᾶσαν
1257 1692 1447 1727 πραγματείαν
1459 1691 1582 1725 διέξεισι,
1598 1692 1646 1719 καὶ
1660 1692 1700 1724 είς
1716 1691 1806 1726 παρά-

1016 1745 1111 1763 στασιν
1128 1736 1257 1772 ἀληθείας
1272 1737 1452 1773 ἐμμάρτυρας
1468 1738 1531 1769 τοὺς
1546 1737 1686 1773 ὑπηρέτας
1698 1737 1744 1764 τοῦ
1761 1737 1806 1764 λό-

1015 1789 1063 1816 γου
1095 1781 1257 1816 γενομένους
1276 1783 1448 1817 παρεισάγει,
1476 1783 1602 1818 φάσκων·
1632 1783 1806 1818 Ἐπειὸήπερ

1016 1827 1123 1854 πολλοὶ
1149 1826 1365 1861 ἐπεχείρησαν·
1391 1827 1434 1854 ἵνα
1456 1827 1532 1859 τινὰς
1558 1828 1606 1863 μὲν
1629 1828 1810 1864 ὲνῖιιχειρητάςΔ

1015 1872 1100 1908 δείξῃ,
1114 1873 1185 1908 φημὶ
1210 1872 1238 1898 δὲ
1262 1873 1325 1904 τοὺς
1342 1873 1406 1909 περὶ
1424 1873 1571 1909 Κήρινθον,
1586 1873 1633 1900 καὶ
1654 1873 1805 1909 Μήρινθον,

1016 1919 1063 1945 καὶ
1077 1919 1140 1950 τοὺς
1151 1918 1255 1950 ἀλλους.
1273 1917 1340 1945 Εἶτα
1351 1917 1378 1945 τί
1393 1926 1492 1954 φησιν;
1511 1919 1618 1951 Ἔδοξε
1631 1919 1720 1954 κάμοὶ
1735 1921 1806 1947 καθ-

1015 1965 1089 1999 εξῆς
1117 1964 1395 1998 παρηκολουθηκότι
1419 1964 1533 1991 ἀνωθεν
1558 1965 1620 1997 τοῖς
1643 1966 1806 1999 αὺτόπταις

1016 2012 1065 2038 καὶ
1079 2011 1241 2045 ὑπηρέταις
1256 2011 1309 2038 τοῦ
1323 2011 1416 2046 λόγου
1431 2011 1602 2046 γενομένοις
1618 2012 1727 2046 γράψαι
1743 2020 1803 2044 σοι,

1016 2057 1153 2091 κράτιστε
1162 2057 1298 2092 Θεόφιλε.
1310 2058 1405 2084 Εἴτουν
1420 2057 1473 2084 τινὶ
1487 2057 1608 2093 Θεοφίλῳ
1619 2058 1679 2084 τότε
1692 2058 1806 2093 γράφων

1016 2103 1094 2129 τοῦτο
1117 2103 1218 2137 ἔλεγεν,
1244 2102 1261 2138 ἢ
1286 2103 1367 2130 παντὶ
1393 2104 1528 2139 ἀνθρώπῳ
1551 2104 1617 2130 Θεὸν
1640 2105 1802 2139 ἀγαπῶντι·

1016 2148 1084 2181 Περὶ
1099 2145 1151 2180 ὧν,
1167 2149 1244 2184 φησὶ,
1260 2148 1433 2183 κατηχήθης
1443 2149 1542 2184 λόγων
1556 2150 1614 2184 τὴν
1623 2150 1803 2185 ἀσφάλειαν.

181 2195 248 2222 bens
261 2196 297 2221 ita
314 2195 423 2227 dixerit,
442 2195 498 2221 sive
512 2199 647 2221 amantem
671 2193 716 2221 Dei
734 2195 882 2229 quemlibet
895 2195 962 2221 allo-

1017 2193 1069 2219 Καὶ
1086 2194 1135 2228 τὴν
1154 2192 1203 2228 μὲν
1218 2195 1368 2230 κατήχησιν
1385 2195 1607 2230 προτεταγμένην
1621 2195 1751 2230 ἔφασκεν,
1766 2197 1806 2229 ὠς

178 2245 279 2275 quatur
296 2248 302 2266 :
324 2248 426 2270 eorum.
443 2240 540 2274 inquit,
554 2240 690 2267 verborum
712 2240 744 2267 de
762 2240 855 2276 quibus
877 2241 966 2268 erudi-

130 2295 133 2299 λ
181 2291 223 2313 tu;
246 2294 273 2313 es
297 2287 444 2313 ueritatem.
484 2284 533 2312 Ubi
573 2287 730 2313 nonnullam
767 2287 965 2314 institutionem

181 2333 363 2359 antecessisse
377 2331 521 2367 significat.
536 2339 589 2366 qua
605 2332 638 2358 ab
653 2332 714 2359 aliis
731 2332 787 2366 jam
802 2337 860 2360 erat
875 2333 965 2359 imbu-

180 2381 244 2409 tus;
260 2378 308 2405 sed
325 2378 358 2405 ab
372 2377 468 2406 iisdem
490 2379 558 2405 certi
581 2378 647 2405 nihil
664 2378 815 2413 accepisse.
831 2378 895 2406 Post
909 2379 966 2406 haec

182 2425 221 2452 rei
240 2423 383 2451 veritatem
398 2425 526 2459 exponit:
545 2423 609 2451 Fuit
623 2425 651 2451 in
666 2424 756 2452 diebus
765 2425 881 2452 Herodis
896 2426 966 2459 regis

181 2469 214 2496 de
230 2469 282 2496 vice
297 2469 364 2496 Abia
378 2470 512 2504 pontificis
525 2469 646 2497 sacerdos
665 2469 773 2505 quidam
789 2471 894 2497 nomine
914 2469 966 2496 Ζα-

219 2547 227 2562 ¹
243 2545 324 2573 Joan.
340 2553 377 2580 vi,
394 2546 438 2574 54.

182 2625 289 2656 Petrus,
305 2623 379 2659 quod
395 2623 497 2651 factum
519 2629 576 2650 erat
590 2623 761 2658 approbavit.
776 2622 869 2651 Roma:
881 2631 963 2659 porro

181 2658 326 2695 scripsisse
338 2659 486 2695 verisimile
501 2663 543 2686 est
558 2667 564 2684 :
580 2659 614 2686 de
629 2667 684 2694 quo
698 2659 726 2686 in
741 2660 810 2686 Ann.
823 2659 899 2694 plura
917 2658 964 2685 Ba-

182 2694 253 2725 ron.’.
271 2703 315 2722 an.
332 2694 377 2727 45,
391 2703 419 2721 n.
432 2694 476 2722 29.

216 2730 272 2765 (22)
293 2726 388 2763 οὗτος
405 2726 498 2765 δὲῗεῖς
521 2728 694 2765 tit-timaram
719 2727 852 2755 Dissentit
866 2727 964 2765 Papias

182 2765 252 2805 apud
263 2763 379 2805 Euseb"
401 2769 427 2792 et
439 2764 579 2791 Christum
598 2771 612 2790 a
628 2763 719 2804 Marco
736 2767 816 2798 negat
829 2763 963 2804 auditum.

183 2799 293 2826 Hieron.
310 2808 337 2826 in
355 2799 435 2826 Praef.
451 2799 485 2826 ad
501 2799 602 2833 Evaug.
615 2799 711 2828 Μαι-οι.
729 2799 854 2826 eumdem
868 2802 906 2825 ait
918 2798 963 2826 Le-

207 2807 293 2826 161⁵011.
310 2808 337 2826 In
356 2806 435 2826 ΡΓΞΙ.
451 2806 485 2826 βα
501 2806 602 2828 Ιὲινὲηηῖ.
615 2806 711 2828 ΜἎΓΟΙ,
729 2806 854 2826 eumdem
868 2806 906 2825 au.
918 2806 965 2826 ιιει

182 2834 294 2862 viticum
312 2842 422 2869 genere,
437 2839 464 2862 et
477 2834 646 2861 sacerdotem
661 2833 756 2862 fuisse.
769 2833 822 2860 Sed
839 2833 909 2861 falso
921 2834 965 2860 hie

1015 2240 1064 2275 ἢδη
1082 2239 1134 2266 ὑπὸ
1148 2239 1235 2267 ἄλλων
1253 2240 1302 2276 μὲν
1326 2241 1540 2276 κεκατηχῆσθαι,
1558 2241 1607 2267 οὐκ
1629 2242 1757 2275 ἀσφαλῶς
1776 2243 1805 2270 δὲ

1014 2286 1079 2321 παρ’
1093 2286 1183 2312 αὐτῶν
1197 2286 1394 2321 μεμαθηκέναι.
1419 2284 1484 2313 Εἶτα
1493 2286 1541 2322 τὴν
1553 2286 1694 2322 ἀκρίϐειαν
1710 2296 1803 2323 φησιν·

1020 2331 1154 2366 Ἐγένετο
1178 2332 1208 2358 ἐν
1239 2332 1361 2366 ἡμέραις
1382 2332 1505 2366 Ἡρώδου
1530 2331 1584 2359 τοῦ
1600 2332 1754 2366 βασιλέως
1769 2333 1805 2366 ἐξ

1014 2378 1175 2412 ἐφημερίας
1203 2377 1278 2405 Ὰϐιᾱ
1301 2378 1354 2405 τοῦ
1376 2377 1533 2413 ἀρχιερέως
1556 2379 1651 2412 ἱερεύς
1672 2388 1716 2412 τις
1740 2380 1806 2406 ὀνόσ-

1017 2433 1088 2460 ματι
1108 2426 1265 2459 Ζαχαρίας,
1281 2425 1329 2451 καὶ
1344 2424 1421 2459 γυνὴ
1442 2424 1534 2451 αὑτοῦ
1550 2425 1585 2452 ἐκ
1607 2423 1666 2452 τῶν
1685 2425 1805 2460 θυγατέ-

1015 2479 1078 2505 ρων
1099 2470 1214 2505 Ἀαρὼν,
1230 2467 1250 2506 ᾗ
1267 2470 1359 2505 ὄνομα
1378 2470 1544 2497 Ἑλισάὁέτ.
1560 2469 1615 2498 Καὶ
1627 2471 1740 2506 ἄρχεται
1752 2471 1807 2507 πρὸ

477 2545 582 2574 lMarc.
599 2554 618 2578 ι,
640 2546 685 2578 i0,
699 2547 743 2574 Η.
781 2546 870 2575 'Luc.
891 2555 911 2579 ι,
929 2547 938 2574 l
960 2555 1037 2583 seqq.

1017 2624 1085 2650 liber
1100 2623 1212 2650 Hieron.
1226 2624 1365 2652 tribuitur.
1384 2624 1461 2656 Quod
1477 2629 1566 2652 autem
1585 2629 1713 2652 asserunt
1733 2633 1804 2652 non-

1016 2659 1094 2689 nulli,
1109 2658 1231 2686 Marcum
1247 2667 1301 2686 non
1316 2660 1418 2687 vidisse
1431 2659 1587 2690 Dominum,
1603 2660 1703 2687 viderit
1718 2668 1805 2687 necne

1016 2694 1085 2730 nihil
1103 2693 1207 2730 alIirIno
1224 2703 1230 2720 :
1251 2695 1344 2722 videre
1367 2694 1477 2729 quidem
1502 2696 1625 2730 potuisse
1649 2699 1804 2729 temporum

1017 2729 1171 2765 ipsarratio
1194 2730 1349 2763 persuadet.
1376 2730 1469 2765 Neque
1491 2729 1555 2758 vero
1580 2730 1735 2757 damnanda
1763 2734 1805 2756 est

1017 2764 1159 2798 Epiphanii
1184 2765 1317 2800 sententia
1328 2784 1336 2797 ,
1350 2765 1415 2792 dum
1433 2766 1509 2792 illum
1525 2773 1541 2793 e
1558 2773 1633 2792 Lxxn
1652 2764 1805 2800 discipulo-

1017 2807 1077 2834 rum
1100 2807 1214 2826 numero
1237 2799 1322 2828 [niese
1347 2805 1454 2834 narrat,
1480 2800 1532 2829 etsi
1556 2801 1726 2828 contrarium
1757 2799 1805 2826 alii

1017 2833 1112 2861 Patres
1127 2835 1257 2863 sentiant.
