1964 3047
152 132 198 161 θθΙ

503 129 689 158 ADVERSUS
709 129 878 158 lleRESES
898 129 941 157 LII

994 130 1015 157 1.
1029 129 1111 158 ΤΟΜ.
1132 130 1152 158 1.
1164 147 1199 151 -
1219 131 1354 160 ΗΑΞΒΕΞ.
1374 131 1419 160 ιι.

1726 129 1780 158 90!

155 192 198 219 τοῦ
213 189 401 218 Ματθαίου.¹0
425 188 473 224 μὲν
496 188 551 224 γὰρ
571 189 709 220 Ματθαῐος
733 189 852 224 ἐσήμανε
865 197 941 224 τρια-

994 190 1108 221 Charias,
1117 195 1140 216 et
1150 197 1217 217 uxor
1230 189 1286 224 ejus
1299 190 1331 216 de
1340 189 1446 224 ﬁliabus
1460 190 1562 222 Aaron,
1572 189 1676 217 nomine
1690 188 1780 218 Elim-

153 236 283 271 κονταετῆ
300 235 394 271 χρόνον
408 234 458 260 ἀπ’
471 234 574 269 ἀρχῆςο
599 235 613 260 ὁ
637 234 666 260 δὲ
683 234 795 270 Μάρκος
817 235 851 261 τὰ
873 235 941 270 μετὰ

153 283 299 320 τριάκοντα
316 282 426 308 ἔταττεν
442 280 500 316 ἔτη,
511 281 561 315 τὴν
576 281 605 307 ἐν
617 280 656 316 τῷ
665 281 783 317 Ἰορδάνῃ
794 281 943 318 γενομένην

153 328 183 356 ἐν
197 327 310 363 ἀληθείᾳ
324 325 527 362 πραγματείαν,
544 327 623 361 ὃμοια
639 327 678 362 τῷ
695 327 826 363 Ματθαίῳ
843 328 890 354 καὶ
904 328 942 363 τῷ

153 375 262 409 Λουκᾷ·
279 375 293 400 ὁ
317 373 345 399 δὲ
367 372 505 404 Ματθαῖος
523 372 577 399 ἀπὸ
602 374 825 408 τριακονταέτους
846 374 942 409 χρόνου

154 419 207 455 πρὸ
221 420 269 454 τῆς
281 420 310 445 ὲν
322 417 361 453 τῷ
368 417 489 454 Ἰορδάνῃ
499 418 601 444 καὶτοῦ
613 418 800 454 βαπτίσματος
813 428 943 455 πραγμα-

153 466 229 497 τείας
245 465 276 492 τὸ
295 464 418 500 διήγημα
437 464 570 490 ἐποιεῖτοθ
588 464 695 495 Λουκᾶς
712 464 741 490 δὲ
752 465 804 500 πρὸ
816 465 862 491 τοῦ
878 465 942 501 χρόα

153 520 200 538 νου
218 510 266 537 τοῦ
285 510 469 545 συλληφθῆναι
491 509 537 536 τὸν
554 510 669 545 Σωτῆρα
684 512 712 536 ὲν
729 512 830 546 γαστρὶ
844 512 897 538 ἀπὸ
914 512 944 544 ἓξ

156 559 248 595 μηνῶν
269 559 316 585 τὸν
339 558 435 594 χρόνον
458 557 563 593 ἐδήλου,
580 557 627 584 καὶ
646 557 725 584 ἐννέα
745 558 837 594 μηνῶν
852 559 941 591 πάλιν,

153 606 201 632 καὶ
215 604 312 639 ὀλίγων
326 603 436 640 ἡμερῶν
461 603 510 638 τῆς
534 602 690 638 συλλήψεως
705 604 752 630 τοῦ
767 605 870 639 Κυρίου
882 613 888 619 ”
905 605 943 637 ὡς

153 649 223 677 εἶναι
249 650 294 676 τὸν
317 650 405 676 πάντα
418 649 512 685 χρόνον
529 647 583 683 (‘23)
608 649 754 684 τριάκοντα
767 649 796 675 ἓν
809 650 878 682 ἔτος,
895 651 942 677 καὶ

156 698 294 725 ἐπέκεινα.
305 697 442 731 Διηγεῖται
457 695 484 722 δὲ
500 695 547 722 καὶ
561 695 610 730 τὴν
622 695 676 722 τῶν
689 697 825 731 ποιμένων
837 696 880 723 διὰ
888 697 943 724 τῶν

155 741 409 777 εὐαγγελισαμένων
425 741 547 776 ἀγγέλων
560 740 701 767 θεοπτίαν·
718 741 765 768 καὶ
781 740 817 774 ὼς
834 743 944 778 ἐγεννή-

154 786 188 822 θη
203 789 231 814 ἐν
249 787 382 822 Βηθλεὲμ,
400 787 446 813 καὶ
459 785 657 821 ὲσπαργανώθη
681 787 710 813 ἐν
735 787 832 823 φάτνῃ,
849 788 896 814 καὶ
908 789 942 823 τῇ

154 833 234 870 ὀγδόῃ
248 833 430 869 περιετμήθη,
445 833 492 859 καὶ
511 833 540 858 ὲν
557 832 761 867 τεσσαράκοντα
777 832 894 868 ἡμέραις
908 832 943 859 τὰ

155 879 225 906 κατά
247 879 292 905 τὸν
316 879 397 914 νόμον
423 878 574 914 προσφόρια
590 878 660 914 ὑπὲρ
681 878 762 905 αὑτοῦ
780 879 940 905 έπετέλουψ
957 889 981 919 Β

155 925 202 952 καὶ
223 926 261 957 ὼς
293 926 308 952 ὁ
331 925 442 960 Συμεὼν
466 925 494 950 ὲν
514 925 649 959 ἀγκάλαις
672 924 796 959 ἐδέχετο·
827 925 874 951 καὶ
907 924 943 956 ῶς

157 973 241 998 ¹Αννα
259 972 472 1007 ἀνθωμολογεῖτο
496 971 618 1007 θυγάτηρ
637 971 758 1006 Φανουήλ
769 979 776 986 ·
798 971 845 997 καὶ
860 971 898 1002 ὡς
912 971 943 997 ἐκ

155 1019 280 1053 Ναζαρὲτ
296 1018 378 1053 ἀπῄει
388 1019 428 1050 εἰς
448 1018 624 1054 Ἰερουσαλὴμ
638 1018 696 1053 ἅμα
710 1019 766 1050 τοῖς
777 1017 884 1052 γονεῦσι
899 1027 944 1044 τε-

155 1064 245 1091 λοῦσιν
260 1064 329 1099 ὐπὲρ
340 1062 421 1090 αὑτοῦ
433 1063 504 1090 κατὰ
517 1063 561 1089 τὸν
576 1060 720 1098 νόμον,⁷Ων
733 1063 807 1089 οὐδὲν
818 1062 856 1098 τῷ
869 1063 944 1089 Ματ-

155 1110 223 1146 θαίῳ
248 1110 437 1145 ἐπείργασται,
454 1109 514 1136 οὐδὲ
534 1109 573 1144 τῷ
587 1109 705 1145 Μάρκῳ,
720 1108 789 1135 ἀλλὰ
811 1108 864 1144 μὴν
884 1108 943 1135 οὐδὲ

154 1156 194 1192 τῷ
207 1156 328 1192 Ἰωάννῃ.

189 1247 230 1272 Η¹.
251 1245 332 1272 Ὅθεν
356 1245 403 1272 καί
423 1253 495 1276 τινες
519 1244 593 1271 ἄλλοι
619 1243 648 1276 ἐξ
676 1243 809 1279 Ἑλλήνων
835 1242 942 1278 φιλοσό-

155 1300 226 1326 φων,
248 1291 318 1326 φημὶ
333 1291 360 1317 δὲ
374 1290 538 1326 Πορφύριος.
554 1290 601 1316 καὶ
616 1289 730 1322 Κέλσος,
745 1290 793 1315 καὶ
812 1289 944 1316 Φιλοσαὸ-

155 1336 246 1368 ὅάτιος
264 1336 329 1371 (24),
351 1337 365 1362 ὁ
390 1337 422 1362 ἐκ
443 1335 497 1362 τῶν
517 1334 650 1361 Ἰουδαίων
672 1334 842 1370 ὁρμώμενος,
858 1335 942 1366 δεινος

156 1383 204 1409 καὶ
230 1381 356 1408 ἀπατεὼν
378 1382 456 1416 ὄφις,
479 1382 518 1413 εἰς
538 1381 586 1416 τὴν
603 1380 673 1408 κατὰ
690 1380 741 1415 τῆς
765 1380 942 1416 εὐαγγελικῆς

156 1427 345 1463 πραγματείας
359 1427 500 1460 διεξιόντες
512 1425 676 1462 ἀνατροπὴν,
687 1426 741 1452 τῶν
763 1427 846 1460 ἁγίων
861 1426 942 1460 εὐαγ-

156 1473 287 1507 γελιστῶν
303 1472 495 1508 κατηγοροῦσι,
509 1471 619 1507 ψυχικοὶ
640 1472 688 1498 καὶ
711 1472 837 1508 σαρκικοὶ
855 1472 940 1507 ὑπάρ-

157 1528 258 1554 χοντες,
277 1519 345 1546 κατὰ
358 1518 446 1554 σάρκα
461 1518 489 1544 δὲ
505 1518 721 1554 στρατευόμενοι,
746 1518 793 1544 καὶ
805 1518 873 1543 Θεοῦ
896 1518 942 1544 εὑ-

993 235 1062 262 ὺιιιΙι.
1072 236 1161 263 Altius
1176 243 1239 271 ergo
1253 243 1335 270 quam
1353 235 1494 263 Mattbaaus
1505 243 1620 264 exorsus
1637 241 1689 264 est.
1709 235 1779 264 Mat-

993 282 1080 309 thaeus
1090 281 1162 309 enim
1176 281 1346 308 tricesimum
1360 283 1447 310 atatis
1458 290 1560 309 annum
1574 282 1652 310 initio
1661 282 1782 310 declara-

991 328 1152 356 vit.Marcus
1160 336 1224 356 vero
1231 336 1290 363 qua:
1298 333 1358 363 post
1366 329 1534 356 tricesimum
1543 334 1620 365 gesta
1628 334 1692 357 sunt
1700 336 1782 364 expo-

991 376 1063 403 suit:
1074 379 1100 402 et
1115 373 1289 410 iniiSqumad
1301 374 1447 402 Iordanem
1464 376 1637 410 contigerunt
1650 382 1782 402 enarran-

993 422 1035 449 dis
1047 421 1173 448 Matt-hmo
1186 428 1218 447 ac
1228 420 1309 447 Lucae
1318 428 1514 448 consentaneus
1525 420 1781 450 est.SedMatthaaus

994 467 1027 494 ab
1042 473 1114 493 anno
1132 466 1192 501 ipso
1213 466 1361 497 tricesimo,
1385 469 1448 492 ante
1470 465 1543 492 illam
1566 473 1674 493 omnem
1691 466 1781 501 bapti-

993 512 1055 544 smi,
1070 519 1102 538 ac
1117 519 1209 538 rerum
1234 510 1268 538 ad
1290 510 1437 538 Jordanem
1458 515 1597 545 gestarum
1623 512 1779 543 historiam,

993 555 1177 582 narrationem
1198 555 1345 582 inchoavit.
1366 554 1454 582 Lucas
1475 563 1556 590 porro
1575 563 1590 581 a
1612 559 1689 583 sexto
1702 564 1777 583 men-

993 609 1032 632 se.
1054 604 1117 627 ante
1139 600 1288 627 Salvatoris
1309 600 1336 627 in
1358 604 1436 628 utero
1450 600 1661 635 generationem,
1678 601 1783 636 princi-

993 647 1066 682 pium
1080 645 1190 673 deduxit
1203 654 1210 672 :
1222 646 1322 681 quibus
1336 653 1430 673 novem
1451 646 1548 674 deinde
1563 654 1671 674 menses
1693 647 1779 679 addit,

993 700 1046 719 uua
1060 700 1122 720 cum
1138 692 1232 727 paucis
1248 692 1347 727 quibus
1359 693 1466 727 genitus
1482 697 1524 720 est
1536 693 1642 725 diebus,
1655 697 1684 720 ut
1697 701 1781 728 supra

993 739 1075 766 unius
1090 746 1121 766 ac
1135 739 1246 774 triginta
1262 747 1395 766 annorum
1410 739 1527 774 spatium
1541 739 1696 774 colligatur.
1709 739 1780 766 Nar-

992 786 1034 809 rat
1048 786 1177 816 praeterea
1197 783 1426 817 quemadmodum
1443 787 1568 818 pastores
1583 783 1618 810 ab
1637 784 1781 810 internun-

993 827 1039 854 tiis
1060 828 1163 862 angelis
1183 828 1312 855 admoniti
1331 828 1414 856 Deum
1431 829 1641 864 conspexerint;
1657 833 1741 864 utque
1756 830 1783 858 is

995 873 1161 901 Bethlehemi
1179 874 1205 901 in
1222 874 1310 901 lucem
1326 875 1427 907 editus,
1441 882 1472 902 ac
1485 875 1584 910 pannis
1600 876 1740 903 involutus
1752 875 1779 902 in

995 919 1119 954 praesepi,
1133 923 1161 946 et
1177 923 1273 946 octavo
1288 919 1332 946 die
1347 920 1526 948 circumcisus
1543 920 1635 954 luerit,
1650 929 1701 948 nec
1725 928 1781 948 non

994 969 1054 999 post
1068 964 1127 992 dies
1150 973 1184 992 ιιι.
1209 972 1257 1000 pro
1273 965 1367 993 eodem
1383 966 1472 993 oblata
1495 967 1560 997 sint,
1576 974 1637 1002 qua:
1653 968 1694 995 lex
1711 976 1782 1002 prae-

994 1011 1152 1045 scripserat.
1175 1011 1245 1038 Tum
1270 1016 1300 1038 ut
1317 1020 1380 1039 eum
1396 1011 1514 1048 Symcon
1530 1013 1557 1039 in
1574 1013 1653 1040 ulnas
1669 1021 1781 1049 aecepe-

994 1057 1046 1088 rit,
1071 1056 1217 1085 Phanuelis
1234 1057 1288 1084 ﬁlia
1312 1058 1438 1086 confessa
1463 1059 1517 1091 sit;
1542 1063 1626 1094 utque
1647 1060 1782 1088 Nazareto

994 1110 1055 1129 cum
1080 1103 1238 1137 parentibus
1261 1103 1477 1139 Hierosolymam
1501 1105 1609 1137 abierit,
1636 1106 1682 1141 qui
1706 1107 1780 1142 quod

993 1148 1037 1176 lex
1059 1147 1179 1183 iusserat
1202 1149 1275 1176 illius
1296 1151 1406 1177 nomine
1431 1150 1630 1186 depcnderunt.
1647 1151 1713 1185 Quae
1729 1161 1780 1181 nec

995 1193 1149 1226 Matthaeus,
1167 1203 1215 1222 nec
1231 1195 1350 1227 Marcus,
1363 1203 1414 1223 nec
1427 1195 1546 1224 Joannes
1560 1198 1719 1233 attigerunt.

1030 1239 1100 1267 Vlll.
1123 1241 1163 1268 Ex
1181 1250 1235 1277 quo
1249 1242 1349 1269 factum
1366 1248 1416 1274 est,
1433 1247 1463 1270 ut
1474 1244 1588 1279 gentiles
1599 1244 1708 1279 quidam
1720 1245 1782 1280 phi-

993 1284 1111 1320 losophi,
1135 1286 1302 1322 Porphyrius
1318 1288 1433 1320 scilicet,
1459 1296 1490 1315 ac
1514 1289 1622 1320 Celsus,
1641 1294 1669 1317 et
1688 1289 1782 1317 Philo-

994 1332 1167 1366 sabbathius,
1191 1341 1290 1368 genere
1310 1332 1431 1366 Iudaeus,
1446 1337 1584 1361 veterator
1594 1343 1626 1362 ac
1640 1336 1780 1370 ncquissi—

993 1387 1055 1406 mus
1071 1379 1193 1410 coluber.
1210 1387 1271 1406 cum
1286 1379 1419 1407 adversus
1432 1381 1615 1415 evangelicam
1635 1381 1780 1409 historiam

994 1425 1156 1457 scribcrent.
1168 1433 1261 1453 sacros
1279 1426 1459 1460 evangelistas
1473 1427 1631 1461 arguerint:
1647 1428 1781 1455 animales

994 1469 1034 1497 illi
1060 1471 1180 1504 quidem,
1210 1474 1237 1498 et
1261 1471 1387 1498 carnales
1408 1471 1544 1502 homines,
1571 1479 1603 1498 ac
1627 1473 1782 1500 secundum

994 1523 1104 1543 carnem
1128 1516 1287 1548 militantes.
1312 1517 1359 1551 qui
1375 1524 1425 1543 nec
1441 1516 1495 1544 Deo
1512 1518 1781 1558 placerepoterant,

159 1565 307 1600 αρέστησιν
329 1565 466 1595 ἀδυνάτοις
480 1563 598 1599 ἔχοντες,
619 1563 665 1590 καὶ
678 1564 711 1590 τὰ
725 1563 772 1590 τοῦ
790 1563 941 1599 Πνεύματος

1000 1569 1049 1588 nec
1063 1570 1094 1589 ea
1108 1570 1168 1597 qua:
1181 1567 1246 1590 sunt
1263 1563 1380 1596 Spiritus
1394 1563 1482 1590 sancti
1500 1570 1695 1598 cognoverant.
1711 1564 1781 1592 Nam

159 1610 196 1645 μὴ
208 1610 384 1646 ηνενοηκότες.
413 1610 546 1641 Ἕκαστος
563 1609 618 1645 γὰρ
639 1609 816 1645 προσκύπτων
833 1611 888 1641 τοῖς
903 1609 942 1636 λό-

156 1665 214 1690 γοις
239 1656 288 1689 τῆς
308 1655 436 1690 ἀληθείας
459 1655 502 1682 διὰ
525 1654 574 1690 τὴν
595 1655 624 1681 ὲν
647 1654 721 1690 αὐτῴ
736 1655 871 1690 τύφλωσιν
893 1655 943 1690 τῆς

155 1701 301 1736 ἀγνωσίας,
317 1702 356 1733 εἰς
376 1701 453 1727 τοῦτο
470 1701 651 1736 ἐμπίπτοντες
664 1700 754 1735 ἔλεγον
766 1709 772 1715 ·
790 1700 852 1732 Πῶς
867 1700 943 1727 δύνα-

154 1757 199 1775 ται
215 1749 232 1783 ἡ
248 1748 316 1781 αὐτὴ
334 1747 424 1783 ἡμέρα
440 1745 508 1774 εἶναι
528 1748 577 1783 τῆς
594 1748 622 1773 ἐν
638 1747 760 1782 Βηθλεὲμ
779 1748 941 1782 γεννήσεως,

155 1794 224 1830 αὐτὴ
239 1793 286 1820 καὶ
302 1793 453 1828 περιτομὴν
469 1792 540 1828 ἔχειν
554 1793 736 1828 ὀκταήμερον,
763 1792 810 1818 καὶ
827 1792 871 1819 διὰ
885 1801 943 1819 τεσ-

157 1841 309 1876 σαράκοντα
325 1838 438 1874 ἡμερῶν
454 1839 483 1865 ὲν
505 1838 700 1874 Ἰεροσολύμοις
724 1838 828 1869 ἄνοδον,
847 1839 893 1865 καὶ
908 1838 942 1864 τὰ

156 1887 212 1913 ἀπὸ
235 1886 377 1921 Συμεῶνος
402 1885 449 1911 καὶ
471 1886 570 1916 ’Λννας
591 1886 630 1916 είς
649 1885 730 1911 αὑτὸν
751 1885 941 1920 τετελεσμένα,

155 1921 234 1958 ὁπότε
253 1933 282 1958 ἐν
294 1932 328 1967 τῇ
341 1931 419 1958 νυκτὶ
463 1930 606 1966 ἐγεννήθη,
622 1931 742 1966 πέφηνεν
754 1930 837 1966 αὐτῷ,
849 1931 940 1966 φησὶν,

156 1977 280 2011 ἄγγελος,
303 1977 370 2012 μετά
383 1977 432 2012 τὴν
443 1976 496 2003 τῶν
514 1976 607 2012 μάγων
628 1976 732 2003 ἕλευσιν
746 1977 799 2003 τῶν
812 1976 941 2003 ἐλθόντων

156 2023 342 2057 προσκυνῆσαι
362 2021 446 2057 αὐτῷ,
462 2022 510 2048 καὶ
527 2020 689 2054 ἀνοιξάντων
707 2021 756 2052 τὰς
780 2022 880 2057 πήρας,
895 2021 942 2047 καὶ

156 2069 411 2104 προσενεγκάντωνι
436 2069 473 2099 ὡς
498 2068 584 2102 λέγει,
612 2067 710 2102 φησιν’
741 2068 834 2102 Ὠρθη
862 2066 941 2099 αὐτῷ

156 2114 282 2148 ἄγγελος
298 2113 394 2148 λέγων
406 2122 412 2128 ·
434 2113 576 2145 Ἀναστὰς
599 2112 672 2139 λάϐε
688 2113 719 2139 τὸ
735 2112 870 2138 παιδίον·
893 2112 941 2138 καὶ

154 2159 212 2193 τὴν
229 2158 356 2193 γυναῖκά
380 2167 450 2191 σου,
472 2158 520 2185 καὶ
546 2158 676 2192 πορεύου
702 2158 745 2190 εὶς
771 2158 939 2192 dirutum"

155 2205 198 2231 ὅτι
221 2204 299 2239 (ars?
327 2203 455 2239 Ἡρώδης
471 2204 529 2238 τὴν
546 2203 652 2238 ψυχὴ-ν
675 2203 729 2230 τοῦ
753 2203 883 2230 παιδίου.
910 2204 940 2230 Εἰ

995 1615 1092 1634 omnes
1106 1607 1187 1643 430
1207 1609 1245 1635 illi
1261 1610 1294 1634 ad
1307 1616 1448 1636 sermones
1465 1610 1588 1637 veritatis
1598 1610 1779 1640 oﬂendcute'.

994 1660 1049 1688 pra:
1062 1653 1178 1680 inscitia:
1196 1654 1330 1685 caecitate.
1352 1658 1434 1689 atque
1451 1655 1485 1682 ad
1506 1663 1538 1682 ea
1560 1655 1662 1691 delapsi
1677 1656 1779 1691 iactam

994 1699 1142 1726 identidem
1161 1699 1284 1727 solebant
1298 1709 1304 1726 :
1319 1699 1426 1728 Fierine
1439 1704 1539 1736 potest,
1557 1705 1588 1728 ut
1603 1702 1697 1729 eadem
1720 1702 1781 1730 dies

993 1749 1020 1771 et
1034 1744 1199 1772 Bethlehemi
1218 1750 1312 1773 natum
1333 1747 1442 1780 viderit,
1464 1753 1501 1778 et.
1529 1748 1603 1782 quod
1624 1754 1685 1783 post
1708 1750 1779 1776 octi-

993 1791 1077 1818 duum
1106 1792 1209 1819 solebat
1234 1792 1303 1825 ﬁeri,
1325 1793 1532 1826 circumcisum,
1548 1798 1574 1821 et
1592 1799 1652 1828 post
1670 1795 1727 1822 dies
1745 1803 1780 1822 ιι

994 1835 1180 1873 Hierosolyma
1211 1838 1405 1873 deportatum;
1434 1843 1464 1866 ut
1492 1840 1555 1866 item
1580 1839 1717 1868 Simeonis
1752 1845 1780 1867 et

993 1883 1078 1911 Anna:
1100 1888 1160 1911 acta
1176 1884 1222 1911 illa
1239 1885 1267 1912 in
1292 1885 1414 1912 eamdem
1436 1885 1508 1913 diem
1530 1885 1692 1918 inciderint;
1711 1894 1779 1921 pra--

993 1929 1088 1956 sertim
1104 1937 1165 1957 cum
1183 1938 1236 1964 qua
1251 1934 1332 1958 nocte
1346 1930 1426 1958 Jesus
1450 1935 1492 1958 est
1515 1931 1541 1957 in
1569 1931 1655 1958 lucem
1677 1931 1778 1960 editus.

992 1974 1111 2010 Joscpho
1137 1977 1252 2010 angelus
1279 1978 1448 2011 apparuerit,
1481 1981 1541 2012 post
1565 1984 1707 2011 magorum
1732 1977 1783 2003 ad-

992 2025 1116 2053 ventum,
1142 2021 1189 2055 qui
1209 2021 1283 2048 illius
1307 2022 1438 2048 adorandi
1456 2030 1540 2049 causa
1556 2030 1699 2053 venerant,
1715 2023 1779 2056 qui-

993 2075 1047 2101 que
1077 2074 1191 2093 munera
1210 2075 1259 2094 sua
1274 2068 1375 2102 apertis
1391 2068 1509 2095 sacculis
1524 2068 1699 2095 obtulerant?
1709 2067 1781 2094 Tum

992 2111 1063 2138 enim
1082 2112 1216 2146 apparuit,
1232 2111 1330 2146 inquit,
1343 2112 1366 2138 ei
1380 2113 1488 2147 angelus
1508 2112 1595 2140 dicens
1605 2121 1614 2139 :
1629 2111 1723 2147 Surge.
1737 2120 1778 2139 ι-

992 2157 1047 2190 cipe
1065 2164 1184 2189 puerum,
1205 2161 1230 2182 et
1251 2157 1386 2191 conjuge":
1407 2163 1490 2188 lauru.
1513 2162 1537 2184 el
1559 2157 1622 2184 vade
1643 2158 1670 2184 in
1692 2157 1779 2192 Αἰθυ-

992 2207 1081 2235 plum;
1097 2203 1222 2236 quoniam
1251 2203 1346 2228 auarrit
1378 2202 1493 2230 Herodes
1520 2204 1638 2229 animum
1670 2204 1775 2238 puert'.

153 2251 245 2278 τοίνυν
261 2251 289 2276 ἐν
308 2250 490 2285 ταύτηνυκτὶ
532 2250 702 2284 γεγέννηται,
724 2248 885 2284 παρελήφθη
902 2249 941 2280 εἰς

994 2246 1175 2279 Quamobrem
1211 2248 1234 2274 si
1266 2248 1361 2275 eadem
1392 2256 1445 2283 qua
1479 2252 1558 2276 natus
1581 2254 1623 2276 est
1646 2253 1725 2275 nocte
1752 2250 1781 2276 in

154 2297 291 2331 Αἴγυπτον
306 2296 353 2322 καὶ
369 2297 428 2322 ἐκεῖ
441 2294 485 2331 ἦν,
501 2296 553 2327 ἓως
569 2296 630 2322 ὅτου
646 2295 780 2322 ἀπέθανεν
800 2295 922 2331 Ἡρώδης
933 2304 939 2310 ·

154 2342 236 2368 πόθεν
250 2341 280 2368 τὸ
297 2342 446 2376 ἐπιμεῖναι,
461 2341 508 2368 καὶ
529 2342 699 2377 ὀκταήμερον
722 2340 939 2377 περιτμηθῆναι;

153 2389 172 2424 ἢ
193 2389 252 2420 πῶς
278 2389 308 2415 τδ
335 2388 405 2424 μετά
433 2388 637 2423 τεσσαράκοντα
658 2388 812 2423 εὑρίσκεται
833 2387 940 2418 Λουκᾶς

153 2434 333 2470 ψευδόμενος;
368 2433 438 2468 (Ὦς
468 2432 534 2467 φασὶ
561 2431 785 2468 βλασφημοῦντες
805 2431 875 2458 κατά
891 2431 940 2466 τῆς

153 2479 259 2506 ἑαυτῶν
279 2478 432 2513 κεφαλῆς
454 2478 494 2504 ὃτι
518 2477 600 2512 φησιν
626 2478 654 2503 ἐν
677 2479 710 2512 τῇ
734 2478 939 2512 τεσσαρακοστῇ

152 2526 244 2561 ἡμέρᾳ.
263 2526 415 2560 ἀνήνεγκαν
437 2523 518 2550 αὐτὸν
536 2525 576 2555 εις
598 2522 785 2559 Ἰερουσαλὴμ,
812 2522 938 2549 κάκεῖθεν

152 2574 191 2604 εἰς
212 2570 348 2606 Ναζαρέτ.
365 2570 419 2596 Καὶ
442 2570 492 2596 οὐκ
506 2569 609 2596 οἴδασιν
634 2570 658 2595 οἱ
680 2569 803 2604 ἀγνωσία
829 2568 939 2599 κατετό-

153 2626 228 2654 μενοι
242 2616 289 2643 τοῦ
309 2616 386 2650 ἁγίου
404 2615 560 2650 Πνεὺματος
575 2615 624 2650 τὴν
637 2614 760 2649 δύναμιν,
797 2637 802 2641 .

183 2717 193 2732 ι
209 2715 305 2745 Matth.
322 2723 351 2746 ιι,
372 2716 416 2743 15.
454 2716 464 2731 ⁸
484 2716 548 2743 Luc.
565 2724 595 2747 ιι,
614 2715 650 2742 22
667 2723 727 2750 sqq.

183 2763 242 2802 (22'!)
260 2763 306 2795 Ὧς
317 2761 392 2789 εἶναι
403 2763 456 2789 τὸν
467 2762 565 2789 πάντα
576 2763 696 2802 χρόνον,
705 2761 824 2802 Tempus
835 2761 934 2802 ipsum.

149 2804 204 2833 quo
217 2797 337 2825 Joannes
355 2804 504 2831 conceptus
516 2805 548 2825 ac
563 2802 646 2824 natus
656 2801 708 2833 est.
736 2799 764 2823 et
778 2797 936 2833 incarnatus

149 2831 233 2865 itque
260 2833 289 2860 iu
311 2834 399 2860 lucem
419 2834 510 2861 editus
523 2832 662 2865 Christus,
675 2831 762 2859 Lucas
777 2832 937 2867 complecti-

993 2292 1139 2326 Aigvptum
1158 2292 1265 2320 delatus
1285 2297 1338 2324 est,
1354 2299 1381 2321 et
1398 2294 1454 2320 illic
1473 2294 1534 2325 fuit,
1551 2293 1638 2321 donec
1657 2293 1781 2322 Herodes

993 2343 1118 2365 mortuus
1130 2343 1182 2371 est,
1190 2340 1327 2373 quomodo
1343 2348 1504 2374 permanere
1519 2340 1546 2367 in
1567 2340 1661 2367 Iudaea
1678 2341 1780 2375 potuit,

992 2387 1019 2409 et
1027 2387 1126 2410 octavo
1135 2383 1178 2410 die
1186 2384 1364 2411 circumcidi?
1375 2384 1428 2411 Aut
1439 2384 1504 2419 quid
1517 2386 1627 2412 tandem
1641 2389 1704 2420 post
1720 2386 1780 2413 dies

993 2436 1028 2455 ιιι.
1044 2429 1146 2456 [aetum
1168 2437 1230 2457 esse
1252 2430 1341 2458 Lucas
1357 2432 1488 2458 mentitus
1503 2431 1560 2458 est?
1575 2431 1632 2465 (Sic
1647 2431 1719 2458 enim
1733 2439 1781 2466 per

993 2483 1127 2503 summam
1144 2476 1181 2503 illi
1196 2476 1404 2511 blasphemiam.
1418 2477 1444 2504 id
1461 2477 1534 2512 quod
1549 2477 1577 2504 in
1590 2485 1684 2505 eorum
1699 2481 1780 2512 caput

993 2526 1091 2551 vertat,
1116 2521 1274 2557 objiciunt.)
1293 2521 1360 2549 Nam
1378 2523 1591 2558 quadragesimo
1612 2523 1663 2558 (ait
1678 2522 1782 2558 Lucas)

993 2566 1039 2593 die
1053 2567 1178 2594 tulerunt
1191 2567 1267 2595 illum
1288 2568 1314 2595 in
1329 2567 1511 2600 Hierusalem.
1526 2573 1554 2596 et
1568 2569 1632 2596 inde
1648 2569 1674 2596 in
1691 2568 1779 2596 Naza~

993 2612 1053 2639 reth
1063 2613 1084 2639 ².
1104 2612 1158 2640 Sed
1179 2613 1268 2648 ignari
1299 2614 1425 2642 videlicet
1453 2615 1578 2643 homines
1599 2623 1660 2651 qua!
1678 2615 1720 2642 vis
1744 2615 1781 2642 sit

994 2658 1082 2686 sancti
1098 2658 1218 2694 Spiritus
1233 2668 1405 2696 nequaquam
1420 2661 1589 2697 intelligunt.

989 2766 1056 2798 tur;
1074 2763 1145 2798 quod
1161 2767 1268 2798 tempus
1285 2765 1419 2791 mensium
1436 2769 1478 2792 cst
1493 2768 1548 2791 fere
1565 2772 1609 2792 xv.

1024 2797 1082 2832 (‘24)
1115 2798 1169 2824 Καὶ
1201 2797 1443 2832 Φιλοσαϐσάτιος.
1477 2799 1513 2826 De
1543 2800 1595 2827 hoc
1633 2800 1700 2827 nihil
1730 2800 1781 2828 ln-

989 2836 1089 2860 ctenus
1103 2833 1167 2868 legi.
