1964 3047
185 127 238 156 905

872 124 903 152 S.
923 122 1096 151 EPIPHANII

1757 127 1818 154 906

222 183 266 211 IX.
297 182 402 210 Etenim
426 182 576 218 unicuique
598 181 829 216 evangelistarnm
857 189 970 208 conces-

1055 181 1094 208 Θ’.
1129 180 1254 216 Ἐκάττῳ
1291 180 1342 216 γὰρ
1377 181 1430 207 τῶν
1457 181 1657 216 εὐαγγελιστῶν
1685 183 1816 219 ἐδωρήοη

185 238 246 257 sum
263 234 315 260 est.
343 234 372 255 ut
395 237 455 263 quae
473 229 589 263 singulis
601 233 628 255 et
645 228 813 263 temporibus
831 231 857 254 et
870 235 967 262 oppor-

185 273 349 300 tunitatibus
365 277 439 307 gesta
458 277 536 299 erant
551 273 692 299 verissime
707 272 896 307 perscriberet.
916 272 968 298 Ita-

185 325 238 353 que
254 318 408 350 Matthaeus,
424 326 485 344 cum
503 318 528 345 id
547 326 630 344 unum
649 318 831 353 exposuisset.
854 317 888 344 de
904 316 967 351 Spi-

187 365 241 390 ritu
264 371 359 391 sancto
384 368 541 398 susceptqu
561 364 637 390 illum
657 371 688 391 ac
705 364 836 399 genitum.
856 363 890 390 de
915 364 968 390 cir-

186 409 355 436 cumcisione
374 410 475 443 tacuit;
492 417 542 436 nec
557 409 638 438 ullam
653 417 746 436 earutn
762 416 852 436 rerum
867 409 966 443 attigit.

186 463 247 489 qme
262 459 324 482 ante
340 455 478 482 biennium
497 455 668 487 acciderunt;
689 455 735 482 sed
759 462 899 489 magorum
923 455 969 481 de-

188 509 259 526 mum
274 501 414 527 enarravit
435 500 591 530 adventum.
610 500 838 535 quemadmodum
861 501 967 528 verissi-

187 554 249 573 mus
272 546 318 574 Dei
344 554 434 574 sermo
459 550 575 573 testatur
592 547 611 577 '.
636 554 697 573 cum
713 547 818 573 scilicet
832 551 938 581 tempus
955 554 970 572 a

187 592 274 626 magis
292 592 441 626 exquisivit
467 591 598 624 llerodes,
622 600 653 618 ac
669 591 702 619 de
719 592 796 618 stella
809 599 869 626 qua:
885 599 969 626 appa-

187 642 282 664 ruerat
306 643 435 665 aceuratc
456 637 613 665 sciscitatus
631 642 682 665 est.
699 638 740 665 Ad
758 638 814 664 haec.
831 646 970 673 magorum

187 688 400 710 commemorata
414 684 567 717 responsio,
581 683 614 710 de
626 683 733 711 duobus
745 683 836 715 annis.
850 688 876 710 et
888 683 969 716 infra,

188 735 215 756 ut
233 729 370 756 diversum
401 730 436 756 ab
451 737 483 756 co
504 734 609 764 tempus
626 737 686 757 esse
699 733 815 759 constet.
833 729 904 764 quod
919 729 973 756 Lu-

187 783 234 801 cas
258 776 415 803 narratione
433 783 482 802 sua
501 775 661 809 complexus
678 780 730 802 est.
748 774 796 801 Hic
817 775 888 802 enim
910 783 972 810 qme

189 825 252 847 ante
283 821 423 847 biennium
450 821 515 847 illud
538 825 613 855 gesta
635 821 691 848 sint
713 821 832 855 exponit.
855 821 889 847 At
909 821 973 847 Mat-

1021 226 1136 253 ἑκάστου
1151 227 1246 261 χρόνου
1262 227 1310 253 καὶ⁸
1328 226 1424 262 καιροῦ
1438 227 1589 262 διηγεῖσθαι
1605 228 1640 254 τὰ
1655 229 1684 254 ὲν
1697 229 1817 265 ἀληθείᾳ

1021 271 1210 306 πληρωθέντα.
1238 272 1293 298 Καὶ
1314 272 1328 297 ὁ
1365 273 1413 306 μὲν
1435 272 1586 305 λίατθαῖος,
1609 274 1816 310 διηγησάμενος

1023 317 1117 351 μόνον,
1145 318 1186 344 ὅτι
1214 317 1346 352 ἐγεννήθη
1366 318 1395 344 ἐν
1427 318 1566 352 Πνεύματι
1591 319 1670 354 ἁγίῳ,
1697 321 1743 346 καὶ
1767 320 1814 346 ὅτι

1023 361 1174 399 σύνελήφϐη
1197 363 1261 390 ἄνευ
1287 363 1440 398 σπέρματος
1462 363 1569 399 ἀνδρὸς,
1587 364 1662 390 οὐδὲν
1681 366 1746 399 περὶ
1759 365 1815 400 τῆς

1022 409 1172 444 περιτομῆς
1188 407 1276 441 εἶπεν,
1291 409 1351 435 οὐδὲ
1366 409 1418 444 πρὸ
1432 408 1486 435 τῶν
1505 409 1551 436 δύο
1573 410 1640 436 ἐτῶν
1654 419 1681 437 τι
1699 411 1754 437 τῶν
1769 412 1815 442 εἰς

1022 453 1102 480 αὑτὸν
1117 454 1321 488 γεγενημένων·
1340 453 1408 480 ἀλλὰ
1420 453 1553 488 διηγεῖται
1567 454 1616 489 τὴν
1633 454 1736 480 ἑλενσιν
1753 455 1814 481 τῶν

1025 499 1136 533 μάγων
1160 499 1198 530 ὡς
1221 500 1402 534 ἐπιμαρτυρεῖ
1426 499 1490 534 ὑμῖν
1510 500 1525 525 ὁ
1549 499 1651 534 ἀληθὴς
1671 500 1716 526 τοῦ
1740 499 1812 526 Θεοῦ

1022 543 1109 578 λόγος,
1124 543 1278 579 ἐρωτῶντος
1295 543 1340 570 τοῦ
1356 542 1475 579 Ἡρώδου
1491 543 1565 578 παρὰ
1578 543 1632 569 τῶν
1656 545 1749 578 μάγων
1764 545 1813 569 τὸν

1022 589 1128 624 χρόνον.
1153 589 1208 616 Καὶ
1229 589 1366 625 ὴκρίόωτο
1380 589 1426 616 τοῦ
1446 589 1590 624 γενομένου
1616 590 1738 624 ἀστέρος,
1762 590 1812 616 καὶ

1023 635 1076 661 τῶν
1101 635 1196 670 μάγων
1228 635 1244 670 ἡ
1277 635 1432 671 ἀπόκρισις,
1457 635 1496 661 ὅτι
1525 635 1579 660 ἀπὺ
1601 635 1648 661 δύο
1672 634 1739 661 ἐτῶν
1762 637 1814 662 καὶ

1024 680 1185 714 κατωτέρω·
1207 679 1245 711 ὡς
1266 680 1302 715 μὴ
1324 677 1393 707 εἶναι
1415 679 1459 706 τὸν
1474 680 1569 714 χρόνον
1590 680 1692 711 τοῦτον,
1710 680 1755 706 τὸν
1771 681 1813 716 τῷ

1024 725 1115 760 Λουκᾷ
1139 725 1431 760 πεπραγματευμένον,
1461 725 1556 751 Ἀλλ’(ὶ
1583 725 1631 761 μὲν
1646 727 1752 758 Λουκᾶς
1775 727 1812 754 τὰ

1024 769 1077 806 πρὸ
1100 771 1146 797 δύο
1170 771 1237 797 ὲτῶν
1260 771 1410 806 διηγεῖται’
1435 771 1572 804 Ματοαῖος
1598 772 1635 805 δὲ,
1652 772 1735 799 εἰπὼν
1759 773 1813 807 τὴν

1025 817 1162 852 γέννησιν,
1177 810 1351 853 ἀπεπήδησεν
1363 819 1401 849 εις
1415 818 1460 844 τὸν
1479 818 1552 852 διετῆ
1569 818 1673 853 χρόνον,
1690 818 1735 849 καὶ
1752 818 1814 853 ἐδή-

191 867 276 893 thzeus
289 875 302 892 a
318 866 461 893 nativitate
479 866 570 893 statim
591 866 625 892 ad
649 866 799 893 secundum
826 874 927 893 annum
944 874 974 894 se

1028 861 1094 887 λωσε
1110 861 1144 888 τὰ
1159 862 1293 896 γενόμενα
1313 862 1381 897 μετὰ
1394 861 1440 888 δύο
1452 862 1509 897 ἔτη.
1523 862 1568 888 Διὸ
1581 862 1628 888 καὶ
1643 863 1657 888 ὁ
1677 862 1812 897 Ἡρώδης,

188 912 313 944 contulit,
329 917 355 939 et
371 919 432 946 qua:
447 916 508 946 post
521 911 661 938 biennium
676 911 826 938 acciderint
846 911 976 938 declarat.

188 956 265 989 Quod
300 956 423 983 Herodes
450 959 541 983 animo
568 961 708 991 rrputans,
738 961 883 992 postquam
907 957 977 991 magi

188 1003 242 1030 alia
266 1003 308 1029 via
333 1002 533 1034 discesserunt,
558 1003 585 1029 in
600 1003 645 1029 illa
666 1002 810 1029 infantium
831 1003 909 1029 turba
936 1003 978 1029 de-

190 1047 324 1083 prehendi
338 1047 482 1082 puerulum
499 1048 587 1079 illum,
600 1050 682 1081 atque
695 1046 811 1074 interfici
828 1055 909 1082 posse
922 1055 978 1074 cre-

189 1094 308 1121 diderat.
344 1093 463 1121 Infantes
487 1094 559 1121 enim
584 1100 690 1122 omnes.
715 1097 847 1128 quotquot
869 1093 897 1120 in
912 1101 977 1128 agro

192 1138 417 1165 Bethlehemitico
446 1139 547 1170 forent,
576 1145 590 1164 a
614 1138 718 1165 bimattt
746 1142 773 1165 et
800 1137 870 1164 infra
895 1137 974 1173 431

188 1184 273 1218 jussit
290 1183 390 1215 occidi,
414 1184 447 1210 ad
472 1183 547 1210 illam
571 1190 657 1218 usque
676 1183 760 1215 diem.
780 1190 834 1218 qua
856 1184 928 1218 apud
947 1190 976 1211 se

191 1228 261 1262 magi
278 1227 406 1254 fuissent.

227 1273 265 1299 Ex
277 1280 333 1307 quo
353 1273 416 1307 quis
436 1279 491 1299 non
513 1272 614 1303 videat,
637 1276 695 1298 tum
720 1279 783 1298 eum
803 1271 875 1306 magi
893 1279 976 1299 vene-

191 1318 268 1346 runt,
296 1315 430 1341 bimulqu
456 1314 542 1342 fuisse
567 1314 701 1349 puerum?
728 1314 862 1349 siquidem
888 1321 919 1341 ea
937 1314 977 1341 rei

190 1364 275 1394 gestae
309 1360 431 1387 narratio
465 1361 610 1388 veritatem
648 1360 735 1395 ipsam
767 1360 977 1387 accuratissime

191 1405 370 1434 demonstrat.
399 1404 505 1432 Etenim
520 1404 607 1432 Lucas
619 1413 742 1440 puerum,
755 1405 836 1432 simul
852 1412 883 1431 ac
896 1408 976 1432 natus

191 1453 244 1481 est.
262 1449 353 1477 fasciis
369 1450 521 1476 involutum
546 1457 608 1476 esse
630 1450 745 1482 scribit;
777 1455 803 1476 et
819 1450 846 1476 in
861 1449 976 1484 praesepi

193 1502 224 1520 ac
248 1495 377 1528 spelunca
400 1495 531 1530 jacuisse,
557 1495 629 1530 quod
653 1496 743 1522 nullus
770 1496 799 1522 in
823 1494 976 1522 diversorio

1026 907 1177 942 διανοηθεὶς
1188 908 1266 934 τοῦτο
1279 908 1347 942 μετὰ
1364 908 1393 934 τὸ
1409 908 1554 934 ἁπονεῦσαι
1577 908 1638 938 τοὺς
1659 908 1760 942 μάγους
1778 908 1814 934 δι’

1026 952 1121 988 ἑτέρας
1134 953 1206 984 ὀδοῦ,
1221 953 1297 988 ᾠήοη
1311 954 1339 978 ἐν
1356 953 1394 988 τῷ
1407 953 1503 988 πλήθει
1517 953 1571 979 τῶν
1586 954 1686 979 ’παίδων
1699 954 1746 979 καὶ
1761 954 1813 980 αὑ-

1026 998 1071 1025 τὸν
1090 999 1254 1034 γεννηθέντα
1278 999 1483 1034 εὑρεθήσεσθαι,
1503 999 1550 1025 καὶ
1571 1000 1620 1026 σὺν
1633 1000 1725 1031 αὐτοῖς
1747 1000 1815 1025 ἀπο-

1027 1044 1192 1071 κτίννυσθαι.
1220 1045 1360 1071 Ἐκέλευσε
1384 1045 1437 1080 γὰρ
1457 1046 1518 1077 τοὺς
1534 1047 1561 1072 ὲν
1576 1047 1631 1077 τοῖς
1651 1045 1734 1081 ὁρίοις
1758 1045 1814 1081 Βη-

1026 1089 1109 1124 θλεὲμ
1127 1090 1224 1122 παῖδας
1243 1091 1455 1126 ἀποκτανθῆναι,
1470 1092 1534 1123 τοὺς
1549 1092 1602 1117 ἀπὸ
1621 1091 1667 1118 δύο
1681 1091 1750 1117 ὲτῶν
1764 1092 1814 1118 καὶ

1026 1137 1171 1171 κατωτέρω
1190 1136 1240 1167 ἓως
1256 1137 1339 1171 αὐτῆς
1353 1136 1402 1171 τῆς
1424 1136 1538 1172 ἡμέρας,
1557 1135 1590 1172 ἧς
1606 1138 1630 1163 ol
1648 1137 1728 1171 μάγοι
1744 1137 1813 1171 παρ’

1025 1181 1099 1216 αὐτῷ
1116 1182 1248 1215 ἐγένοντο.

1062 1267 1158 1294 Ἔνθεν
1181 1267 1233 1294 τίνι
1253 1268 1283 1294 οὗ
1310 1269 1433 1302 φανεῖται
1447 1267 1522 1302 (25).
1547 1268 1597 1298 ὅτι,
1616 1268 1660 1294 ὅτε
1683 1265 1764 1302 ἦλθον
1786 1269 1813 1294 οἱ

1027 1314 1119 1349 μάγοι,
1136 1313 1182 1340 δύο
1200 1312 1235 1350 ἦν
1255 1313 1323 1340 ἑτῶν
1343 1315 1356 1340 ὁ
1375 1316 1438 1346 παῖς
1461 1314 1658 1350 γεγενημένος;
1686 1315 1740 1341 Καὶ
1756 1315 1814 1351 γὰρ

1026 1360 1073 1386 καὶ
1093 1360 1110 1394 ἠ
1127 1359 1195 1394 αὑτὴ
1213 1360 1389 1395 πραγματεία
1402 1360 1450 1395 τὴν
1465 1360 1556 1387 πᾶσαν
1570 1360 1711 1396 ἀκρίϐειαν
1727 1369 1815 1395 σαφη-

1026 1403 1107 1436 νίζει.
1128 1405 1158 1431 '0
1174 1405 1222 1440 μὲν
1239 1404 1293 1440 γὰρ
1308 1406 1414 1437 Λουκᾶς
1432 1405 1505 1440 λέγει
1524 1405 1751 1441 ὲσπαργανῶσοαι
1765 1407 1813 1432 τὸν

1026 1449 1113 1476 [lt-tiae.
1131 1449 1210 1481 εὐθὺς
1224 1451 1395 1484 τετεγμένον,
1411 1450 1459 1476 καὶ
1476 1451 1580 1477 κεῖσθαι
1596 1451 1624 1478 ἐν
1647 1450 1746 1487 φάτνῃ,
1764 1452 1814 1477 καὶ

1026 1495 1055 1520 ὲν
1071 1496 1204 1530 σπηλαίῳ,
1228 1496 1272 1522 διὰ
1289 1495 1319 1522 τὸ
1345 1497 1382 1532 μὴ
1407 1493 1477 1523 εἶναι
1490 1497 1572 1523 τόπον
1587 1497 1615 1523 ὲν
1633 1496 1673 1532 τῷ
1695 1496 1814 1523 καταλύ-

193 1540 269 1566 locus
284 1544 367 1567 esset.
385 1540 454 1566 Tum
471 1541 544 1567 enim
569 1548 670 1568 census
696 1541 865 1573 habebatur;
886 1546 914 1568 et
928 1540 975 1575 qui

1029 1549 1109 1575 ματιο
1132 1541 1278 1577 ἀπογραφὴ
1304 1541 1358 1577 γὰρ
1383 1539 1417 1577 ἦν
1435 1542 1507 1569 τότε,
1529 1542 1583 1569 Καὶ
1606 1543 1629 1568 οἱ
1654 1542 1814 1577 διασκορπι-

195 1585 326 1611 bellorum
344 1586 522 1620 temporibus,
543 1593 603 1620 qua:
619 1587 670 1613 sub
687 1586 848 1614 Machabaeis
864 1587 978 1614 exstite~

194 1633 266 1661 rant.
296 1631 412 1664 dispersi
441 1631 561 1661 fuerant.
581 1632 679 1666 quovis
703 1637 838 1659 terrarum
855 1640 979 1667 pervase-

195 1680 274 1708 rant;
303 1677 372 1702 adeo
395 1680 424 1702 ut
447 1677 527 1711 pauci
547 1678 660 1704 omnino
674 1677 839 1705 Betlilehemi
857 1686 979 1706 remane-

194 1725 266 1748 rent.
285 1722 376 1753 Quare
395 1721 421 1748 in
440 1722 558 1756 quodam
583 1724 811 1758 evangelistarum
831 1725 978 1760 enmplari

195 1765 306 1794 Davidis
321 1767 386 1794 urbs
402 1767 521 1801 dicitur;
535 1769 563 1795 in
580 1769 634 1794 alio
648 1777 714 1796 vero
728 1770 978 1804 vicusappellatur.

194 1813 268 1847 quod
292 1820 388 1848 agrum
416 1813 528 1841 haberet
556 1815 791 1850 angustissimum.
809 1815 876 1842 Cum
897 1816 979 1851 igitur

196 1856 312 1890 Augusti
343 1856 516 1890 imperatoris
542 1859 660 1886 edictum
686 1863 758 1887 esset
785 1860 907 1891 allatum,
931 1861 978 1896 qui

196 1900 250 1928 huc
269 1901 389 1936 illucque
411 1903 534 1938 dissipati
554 1910 642 1937 erant.
664 1913 724 1932 cum
741 1905 850 1933 familiis
867 1906 925 1934 suis
942 1907 975 1934 ad

197 1946 273 1973 illum
291 1947 379 1974 locum
404 1949 533 1976 censendi
554 1951 640 1984 gratia
665 1951 757 1978 venire
780 1951 876 1983 coacti.
900 1951 980 1979 facile

196 1992 413 2026 compleverunt,
441 1998 470 2020 ut
498 1998 609 2028 propter
633 1995 774 2022 hominum
798 1995 979 2030 frequentiam

197 2037 265 2063 nihil
288 2042 362 2064 esset
387 2038 415 2064 in
437 2037 590 2066 diversorio
614 2039 664 2067 loci
686 2041 821 2068 relictum.
839 2041 904 2069 Post
921 2050 981 2069 cen-

198 2089 258 2108 sum
275 2090 340 2109 vero
359 2083 548 2118 unusquisque
574 2091 618 2115 eo,
642 2085 689 2111 ubi
711 2085 877 2113 domicilium
896 2088 980 2113 collo-

197 2126 284 2159 carat.
312 2135 439 2157 reversus
464 2133 517 2156 est.
535 2129 612 2157 Unde
635 2130 723 2157 laxius
746 2131 780 2158 ad
804 2132 980 2159 habitandum

198 2174 317 2206 spatium
332 2172 391 2200 fuit.
405 2174 497 2207 Itaque
517 2174 607 2208 priore
624 2174 680 2208 jam
704 2183 776 2202 anno
793 2176 879 2209 finito,
897 2181 924 2204 et
940 2177 980 2203 al-

198 2223 257 2245 tero
280 2219 401 2253 insuper.
425 2219 460 2246 ob
473 2226 567 2246 eorum
580 2228 641 2254 quae
654 2225 729 2255 gesta
746 2221 801 2249 illie
815 2226 903 2255 erant.
922 2231 978 2250 me-

235 2295 241 2309 '
259 2294 352 2322 Matth.
370 2303 399 2326 ιι,
414 2297 428 2322 7
440 2304 502 2330 sqq.
539 2297 548 2311 ²
563 2295 593 2324 F.
605 2297 683 2324 κατὰ.

235 2371 291 2406 (25)
309 2373 418 2400 Ἔνθεν
436 2374 494 2399 τίνι
512 2375 548 2400 οὐ
574 2373 718 2408 φανεῖται.
734 2374 853 2403 Tametsi
867 2375 980 2404 nihilex

199 2405 344 2446 Evangelio
360 2408 404 2446 .de.
417 2415 561 2446 magorum
575 2405 713 2436 adventus
730 2414 848 2444 tempore
877 2411 980 2446 liquido

200 2442 418 2475 possitexprimi,
432 2443 596 2477 probabilior
613 2448 701 2470 tamen
717 2449 758 2470 est
771 2442 935 2477 communis,
947 2453 979 2473 ac

200 2479 468 2513 receptasentenlia.
483 2485 563 2511 quam
583 2479 627 2504 illa
647 2487 680 2505 ex
701 2478 840 2513 Epiphanii
869 2488 902 2508 ac
925 2480 980 2508 Eu-

199 2511 267 2537 sebii
285 2511 423 2538 Chronicis
453 2514 558 2543 hausta,
572 2513 680 2540 biennio
706 2511 767 2543 post
788 2514 925 2542 Christum
952 2518 979 2542 in

201 2522 267 2537 seu”
285 2522 423 2538 uirumcis
453 2522 558 2543 nausia,
574 2522 680 2540 menum
714 2522 767 2540 )OSI.
788 2522 925 2542 utrlstum
952 2524 978 2542 tn

201 2546 287 2572 lucem
304 2547 405 2572 editum
423 2554 516 2581 magos
529 2547 680 2575 advenisse.
699 2522 776 2581 {Quod
792 2557 824 2576 ex
843 2550 895 2577 illis
910 2550 978 2576 Mat-

199 2581 260 2607 ιιιιεί
277 2581 366 2608 verbis
376 2581 464 2616 colligi
474 2583 615 2616 putabant.
630 2584 728 2616 quibus
741 2583 870 2611 Herodem
889 2590 980 2612 narrat

198 2624 214 2641 α
227 2615 326 2654 bimam
342 2620 365 2654 et
375 2615 450 2654 infra,
464 2615 706 2654 puerosrocqidisse,
721 2619 863 2645 secundum
879 2625 979 2654 tempus

199 2651 267 2685 quod
278 2652 435 2687 exquisierat
459 2661 475 2678 α
494 2653 576 2686 magis
592 2651 699 2686 (Matth.
718 2661 750 2685 ιι,
767 2654 823 2687 16).
841 2654 892 2681 Sed
909 2651 980 2682 hunc

201 2686 302 2720 nodum
326 2686 487 2720 jampridem
516 2688 697 2714 dissolverunt
718 2689 817 2715 eruditi
839 2697 980 2717 sacrarum

199 2719 365 2747 Litterarum
385 2719 558 2755 interpretes.

236 2755 290 2789 ('26)
310 2756 364 2782 Kal
393 2756 528 2793 ᾀνάγκην
548 2756 642 2791 ἔσχον
658 2758 691 2793 ei
709 2757 978 2793 ὃιεσκορπισμένοι.

199 2790 337 2825 Quantum
356 2792 434 2817 verba
454 2792 513 2824 ipsa
532 2799 587 2825 pra:
608 2800 638 2818 se
651 2791 751 2823 ferunt,
767 2790 892 2820 indicare
904 2794 978 2821 vide-

200 2830 247 2852 tur
264 2824 372 2852 Judaeos
383 2826 504 2858 quolibet
519 2824 651 2853 terrarum
665 2826 802 2861 dispersos
819 2828 844 2855 in
862 2827 978 2856 Palaesti-

1029 1583 1137 1617 σθέντες
1154 1585 1207 1612 ἀπὸ
1228 1586 1275 1612 τοῦ
1295 1587 1391 1622 χρόνου
1405 1586 1459 1614 τῶν
1475 1587 1598 1622 πολέμων
1617 1586 1671 1613 τῶν
1691 1587 1736 1613 ἐπὶ
1756 1588 1814 1618 τοῖς

1028 1632 1217 1664 Μακκαϐαίοις
1238 1633 1388 1666 γεγονότων
1402 1634 1448 1659 ἐπὶ
1482 1633 1516 1660 τὰ
1541 1633 1679 1668 πανταχοῦ
1703 1634 1754 1668 γῆς
1777 1632 1811 1659 δι-

1028 1678 1258 1713 εσκορπίσθησαν,
1287 1679 1334 1705 καὶ
1364 1679 1446 1713 ὀλίγοι
1477 1679 1615 1711 παντελῶς
1647 1679 1756 1714 ἔμειναν
1784 1681 1814 1706 ὲν

1028 1723 1151 1758 Βηθῖεὲμ
1170 1724 1370 1756 κατοικοῦντες.
1393 1724 1437 1751 Διὸ
1461 1725 1489 1752 ἐν
1513 1733 1565 1751 τινι
1585 1725 1743 1761 ἀντιγράφω
1759 1726 1815 1753 τῶν

1028 1770 1230 1804 εὐαγγελιστῶν
1245 1770 1366 1797 καλεῖται
1387 1772 1463 1804 πόλις
1475 1772 1520 1798 τοῦ
1536 1772 1632 1798 Δαϐίδ·
1650 1773 1678 1798 ἐν
1701 1771 1772 1807 ἄλλῳ
1786 1772 1814 1799 δὲ

1029 1814 1126 1849 κώμην
1138 1815 1223 1850 αὐτὴν
1245 1816 1365 1847 καλοῦσι,
1380 1817 1422 1843 διὰ
1443 1817 1472 1843 τὺ
1488 1818 1527 1848 εἰς
1547 1817 1640 1853 ὀλίγην
1656 1818 1707 1852 γῆν
1729 1818 1814 1852 αὐτὴν

1029 1859 1135 1894 ήκὲναι.
1159 1860 1224 1886 Ὅτε
1246 1860 1274 1886 δὲ
1290 1862 1384 1895 γέγονε
1409 1861 1439 1888 τὸ
1456 1862 1592 1897 κὲλευσμα
1612 1863 1658 1889 τοῦ
1684 1862 1813 1897 βασιλέως

1030 1904 1205 1939 Αὐγούστου,
1233 1906 1280 1933 καὶ
1303 1907 1425 1943 ἀνάγκην
1454 1908 1531 1943 ἔσχον
1555 1909 1579 1934 οἱ
1607 1908 1805 1943 διεσκορπισμέ-

1029 1959 1069 1977 wn
1080 1950 1146 1986 (‘26),
1163 1951 1210 1978 καὶ
1227 1951 1262 1978 τὰ
1274 1953 1285 1967 ²
1299 1953 1388 1979 αὐτῶν
1403 1953 1479 1989 γένη,
1495 1951 1576 1988 ἦλθεν
1596 1954 1636 1985 εις
1653 1954 1699 1980 τὸν
1720 1954 1813 1985 τόπον,

1030 1996 1073 2023 ἵνα
1097 1997 1294 2032 ἁπηγραφῶσιν
1316 1999 1476 2035 ὲπιρῤέοντα
1501 1999 1535 2026 τὰ
1556 1999 1663 2035 πλήθη,
1701 2001 1748 2026 καὶ
1774 2001 1803 2026 ἐν

1033 2041 1135 2077 ἐπλησε
1155 2043 1200 2069 τὸν
1211 2044 1301 2076 τόπον,
1322 2045 1367 2071 καὶ
1383 2045 1433 2071 οὐκ
1449 2043 1482 2080 ἦν
1502 2045 1584 2076 τόπος
1598 2047 1626 2072 ὲν
1640 2045 1679 2080 τῷ
1699 2045 1812 2072 καταλύ-

1031 2096 1096 2121 ματι
1113 2088 1156 2114 διὰ
1179 2089 1227 2124 τὴν
1250 2090 1398 2125 συνέχειαν.
1419 2090 1520 2117 Λοιπὸν
1541 2092 1568 2117 δὲ
1587 2092 1657 2126 μετά
1681 2091 1729 2127 τὴν
1745 2093 1798 2118 ἀπο

1030 2135 1137 2169 γραφὴν
1157 2135 1276 2170 ἀπῆλθεν
1295 2136 1420 2168 ἕκαστος,
1435 2137 1495 2163 ὅποι
1519 2137 1570 2173 γῆς
1590 2137 1639 2172 τὴν
1660 2139 1807 2173 καταμονὴε

1031 2180 1080 2213 τῆς
1095 2180 1278 2215 κατοικήσεως
1296 2179 1363 2215 εἶχε.
1386 2181 1432 2207 Διὸ
1447 2181 1493 2208 καὶ
1509 2181 1607 2213 πλάτος
1621 2182 1767 2217 ἐτύγχανεν
1786 2183 1807 2208 ἐι

1031 2225 1063 2260 τῇ
1079 2225 1125 2260 γῇ.
1153 2226 1307 2261 Ἐρχὸμενοι
1320 2226 1359 2258 δὲ,
1373 2227 1410 2258 ὡς
1425 2229 1510 2254 εἰπεῖν
1525 2228 1591 2261 (27),
1614 2229 1723 2263 μνήμης
1734 2228 1811 2255 ἕνεκα

1032 2385 1093 2403 nam
1124 2380 1234 2404 coactos
1262 2383 1332 2412 esse.
1349 2375 1403 2404 Sed
1422 2376 1563 2412 commode
1584 2376 1640 2404 hac
1657 2378 1812 2412 accipienda

1031 2415 1107 2447 sunt.
1128 2415 1155 2438 ut
1167 2412 1200 2438 de
1216 2411 1249 2438 iis
1269 2411 1404 2445 loquatur.
1417 2412 1462 2446 qui
1487 2412 1513 2438 in
1530 2410 1672 2439 Palzstina
1692 2410 1761 2447 ipsa,
1772 2414 1812 2440 vel

1031 2445 1109 2481 Syria
1133 2447 1271 2480 degerent.
1301 2446 1392 2480 Neque
1420 2445 1491 2473 enim
1518 2451 1583 2480 puto
1607 2448 1634 2473 in
1660 2445 1748 2479 Italia,
1772 2449 1811 2475 vel

1030 2481 1145 2517 Grzecia.
1165 2485 1210 2508 aut
1227 2481 1345 2516 ngypto
1372 2481 1453 2508 etiam
1476 2481 1638 2514 habitarent,
1654 2483 1718 2509 alibi
1732 2490 1812 2517 quam

1030 2516 1077 2544 ibi.
1093 2516 1138 2543 ubi
1153 2521 1239 2547 erant.
1259 2517 1341 2542 fuisse
1359 2523 1466 2543 censos.

1066 2551 1121 2585 (27)
1144 2551 1313 2585 Ἐρχόμενοι
1336 2550 1380 2581 δὲ,
1399 2551 1437 2584 ὠς
1452 2550 1557 2577 εἰπεῖν.
1575 2550 1679 2578 Nollem
1706 2551 1812 2578 erudito

1031 2585 1184 2613 Maldonato
1205 2586 1229 2612 id
1259 2586 1286 2612 in
1315 2591 1431 2612 mentem
1460 2586 1580 2613 venisset.
1598 2585 1749 2620 Epiphanio
1764 2588 1812 2612 tri-

1032 2622 1114 2647 buere
1142 2621 1214 2655 quod
1231 2625 1257 2647 et
1269 2620 1496 2647 absurdissimum
1517 2625 1569 2652 est,
1599 2629 1648 2648 nec
1665 2621 1700 2647 ab
1716 2629 1748 2648 eo
1770 2622 1811 2647 vel

1032 2654 1167 2690 levissime
1193 2656 1350 2689 cogitatum.
1367 2654 1467 2682 Scribit
1492 2655 1562 2682 enim
1578 2655 1668 2682 mirari
1684 2663 1722 2687 se,
1740 2656 1809 2690 quod

1033 2689 1198 2724 Epiphanius
1213 2690 1349 2725 existimet
1368 2690 1515 2724 Josephum
1529 2695 1555 2717 et
1572 2690 1681 2716 Mariam
1698 2689 1810 2725 singulis

1031 2732 1110 2751 annis
1126 2731 1158 2750 eo
1173 2724 1217 2751 die
1235 2732 1268 2751 ex
1284 2724 1400 2760 [Egypto
1419 2726 1444 2751 in
1466 2724 1622 2751 Bethlehem
1635 2725 1728 2752 venire
1742 2724 1808 2751 eon-

1032 2759 1152 2786 suevisse
1164 2767 1171 2791 ;
1183 2767 1298 2794 cumque
1311 2765 1372 2794 post
1380 2759 1449 2787 duos
1458 2767 1544 2787 annos
1552 2760 1708 2791 rediisSent,
1719 2767 1809 2794 magos

1031 2802 1078 2821 eos
1093 2793 1240 2821 invenisse.
1257 2793 1314 2821 Hoc
1331 2801 1396 2822 vero
1412 2801 1550 2828 nunquam
1570 2795 1678 2828 scr-ipsa
1694 2793 1809 2829 Epipha-

1032 2829 1104 2856 nius.
1114 2828 1201 2861 Quare
1210 2829 1392 2857 hallucinatus
1402 2835 1443 2857 est
1455 2829 1657 2856 eruditissimus
1672 2830 1718 2857 ille
1726 2828 1807 2855 Evan-
