1964 3047
106 172 162 202 903

496 170 680 199 ADVERSUS
697 169 868 198 H/ERESES
887 168 950 196 LIB.
970 170 1000 197 ll.
1023 168 1104 197 TOM.
1126 170 1145 197 l.
1168 167 1302 196 ll.~ERES.
1327 168 1368 197 Li.

1681 168 1732 196 906

108 229 163 255 τῶν
179 228 236 254 ὲκεϊ
250 225 465 261 γεγεννημένων,
487 225 595 261 πρώτου
611 226 734 253 ἐνιαυτοῦ
758 225 895 252 τελεσθέν-

951 226 1060 252 moriam
1077 233 1110 253 eo
1123 233 1152 253 se
1170 231 1295 260 parentes
1314 226 1457 259 Nazarcto,
1477 226 1550 254 velut
1563 226 1595 253 ad
1608 227 1732 255 eamdem

108 283 164 305 τος,
183 274 230 300 καὶ
247 272 294 299 τοῦ
310 272 437 307 δευτέρου
455 272 654 308 πληρωῢέντος,
669 270 751 307 ἦλθον
769 274 793 299 οἱ
811 274 897 306 γονεῖς

108 321 198 346 ἐκεῖσε
224 318 278 345 ἀπὸ
304 317 440 354 Ναζαρὲτ,
461 318 499 349 ὡς
519 318 560 349 εἰς
587 317 636 353 τὴν
660 319 813 354 πανήγυριν
833 318 898 344 ταύ-

108 373 159 400 την
177 365 244 399 (28).
261 364 306 390 Διὸ
321 364 366 390 καὶ
388 365 406 399 ἡ
430 363 533 395 ἔλευσις
549 364 604 390 τῶν
633 365 726 399 μάγων
753 364 897 399 γεγένηται

108 411 157 437 καὶ
174 410 244 436 κατὰ
265 409 314 445 τὴν
337 409 464 444 τοιαύτην
490 410 650 445 συγκυρίαν.
669 410 767 437 Οὐκέτι
785 410 849 442 ἴσως
863 411 895 446 τῇ

108 455 255 482 καταλύσει
283 455 343 482 τότε
370 456 419 490 τῆς
449 455 560 491 Μαρίας
585 456 631 482 καὶ
663 456 760 492 Ἰωσὴφ
784 455 828 483 διὰ
849 457 897 492 τὴν

108 502 273 537 ἀπογραφὴν
298 502 331 536 τῇ
357 501 410 527 ὑπὸ
436 501 483 528 τοῦ
503 502 595 528 Λουκᾱ
617 502 757 538 εἰρημένῃ.
783 503 820 529 Οὐ
844 503 897 538 γὰρ

107 543 195 582 ηῧραν
208 548 257 582 τὴν
270 547 385 583 Μαριὰμ
400 548 429 574 ὲν
443 547 484 582 τῷ
502 548 636 583 σπηλαίῳ,
650 549 717 575 ὅπου
733 549 877 585 ἐγέννησεν
888 558 896 565 ο

108 593 177 620 ἀλλὰ
201 593 239 625 ὡς
265 594 320 629 ἔχει
344 593 375 620 τὸ
399 594 574 628 Εὐαγγέλιον,
600 594 640 620 ὅτι
667 594 777 630 ὡδήγει,
804 595 896 630 φησιν,

108 639 208 670 αὐτοὺς
235 639 249 664 ὁ
271 639 358 675 ἀστὴρ
378 640 441 675 άχρι
466 639 513 666 τοῦ
538 639 631 669 τόπου,
652 637 687 667 οὗ
715 639 755 674 ’ἦν
778 640 843 666 ἐκεῖ
865 640 897 667 τὸ

108 685 240 712 παιδίον.
259 685 313 712 Καὶ
329 686 517 718 εἰσελθόντες
529 687 572 719 εὶς
586 686 640 712 τὸν
653 682 745 718 οἶκον.
759 684 849 720 εὗρον
865 686 897 713 τὸ

105 731 221 765 ,βρέφος
239 731 314 765 μετὰ
329 732 453 765 ΜαρΙας,
477 731 568 758 οὐκέτι
585 732 614 757 ὲν
641 731 738 767 φάτνῃ,
762 732 852 758 οὐκέτι
869 733 897 759 ἐν

111 777 247 812 σπηλαίῳ,
260 776 318 802 ἀλλ’
334 777 364 803 ὲν
382 777 449 811 οἴκῳ
459 785 466 791 ·
489 776 534 803 ἵνα
548 777 654 812 γνωσθῇ
672 778 721 812 τῆς
739 777 866 812 ἀληθείας
879 778 896 812 ὴ

108 823 247 858 ἀκρίϐεια,
264 823 311 850 καὶ
326 823 372 849 τοῦ
387 822 483 858 χρόνον
493 822 547 849 τῶν
563 822 609 849 δύο
626 823 693 849 ἐτῶν
705 823 735 850 τὸ
749 823 895 858 διάστημα,

108 869 248 895 τουτέστιν
271 868 362 901 ὲξότου
387 869 529 904 ἐγεννήθη,
543 869 596 900 ἕως
613 870 657 896 ὅτε
675 869 854 904 παρεγένοντο
872 870 896 895 οἱ

948 272 1146 302 celebritatem,
1170 272 1355 299 contulerunt.
1381 271 1440 305 Quo
1452 276 1574 307 tempore
1591 279 1732 307 magorum

947 317 1080 344 adventus
1095 316 1230 351 ejusmodi
1247 318 1365 352 quadam
1383 318 1589 352 opportunitate
1607 318 1731 352 contigit.

948 362 1069 390 Tametsi
1086 371 1140 390 non
1156 363 1183 390 in
1199 363 1294 390 eodem
1309 363 1356 390 illo
1371 363 1496 392 fortassis
1510 364 1660 392 diversorio
1675 371 1734 392 ver-

948 409 1090 440 sabantur,
1116 409 1143 436 in
1157 416 1211 444 quo
1236 409 1347 436 Mariam
1363 417 1394 436 ac
1404 408 1551 445 Josephum
1572 410 1733 445 descriptio-

948 455 991 481 nis
1015 458 1137 490 tempore
1151 455 1287 482 mansisse
1315 454 1404 482 Lucas
1429 459 1544 483 testatus
1565 461 1616 483 est.
1640 455 1733 490 Neque

947 500 1019 528 enim
1041 500 1154 528 Mariam
1173 501 1200 528 in
1217 501 1360 536 spelunca,
1380 500 1425 528 ubi
1443 505 1596 536 pepererat.
1625 509 1733 537 repere-
1754 508 1756 515 λ

947 550 1029 579 runt;
1064 547 1122 579 sed,
1140 550 1171 574 ut
1199 546 1374 582 Evangelium
1401 552 1505 578 narrat,
1526 547 1603 574 stella
1617 546 1678 575 illos
1698 547 1731 574 ad

947 601 1009 620 eum
1024 593 1112 620 locum
1126 594 1271 629 perduxit,
1289 594 1332 621 ubi
1345 599 1401 620 erat
1413 602 1486 628 puer.
1501 593 1533 620 Et
1545 594 1673 620 intrantes
1688 594 1734 621 (1ος

948 647 1019 665 mum
1034 640 1185 666 invenerunt
1197 647 1306 673 puerum
1330 648 1389 666 cum
1408 640 1532 672 Maria‘,
1552 649 1604 667 ιιοιι
1622 641 1647 667 in
1662 648 1731 675 prrc-

948 685 1015 720 sepi,
1034 686 1074 712 vel
1086 685 1113 712 in
1129 686 1270 720 spelunca,
1285 686 1332 714 St'd
1350 686 1377 713 in
1391 686 1473 713 domo
1498 687 1614 717 scilicet,
1639 691 1669 713 ut
1684 695 1732 715 ac-

947 734 1042 756 curata
1063 730 1100 762 rei
1119 731 1231 762 veritas,
1247 739 1278 757 ae.
1290 731 1393 758 biennii
1408 731 1579 759 intervallutn
1594 733 1732 768 exprime~

947 778 1032 807 retur,
1052 775 1124 810 quod
1139 776 1173 802 ab
1184 777 1243 810 ejus
1263 777 1347 803 natali
1370 777 1403 803 ad
1424 785 1564 812 magorum
1587 779 1731 805 adventum

947 819 1097 848 eilluxerat.
1124 821 1223 849 Eadem
1242 822 1287 849 illa
1305 830 1369 849 vero
1388 827 1477 854 nocte.
1502 823 1609 851 duobus
1627 832 1641 850 a
1662 826 1734 851 nati-

948 866 1031 894 vitate
1058 868 1138 894 annis
1154 868 1265 903 elapsis,
1287 870 1399 904 angelus
1417 871 1553 905 apparuit.
1571 878 1602 897 ac
1618 878 1732 906 puerum

112 914 204 949 μάγοι.
224 914 279 941 Καὶ
293 915 353 940 κατ’
367 914 474 949 ἐκείνην
488 914 537 950 τὴν
551 914 637 941 νύκτα
653 915 721 949 μετὰ
731 914 777 941 δύο
788 914 833 950 ἐτη
847 915 896 949 τῆς

951 919 1011 939 rum
1026 917 1114 940 matre
1127 914 1154 940 in
1171 918 1270 941 terram
1296 914 1405 951 Egypti
1427 916 1510 951 jussit
1525 917 1669 944 abducere.
1690 916 1733 944 ld-

109 961 263 996 γεννήσεως
277 959 354 996 ὤφθη
369 961 384 986 ό
405 960 529 995 ἄγγελος,
546 961 593 987 καὶ
612 959 671 987 εἷπε
688 961 854 996 παραλαϐεῖν
867 961 898 987 τὺ

110 1007 215 1033 παιδίον
233 1007 280 1033 καὶ
292 1006 341 1042 τὴν
359 1006 464 1042 μητέρα
481 1007 520 1038 εἰς
534 1006 585 1042 γῆν
606 1006 753 1040 Αἰγύπτου.
772 1007 817 1033 Διὸ
835 1007 898 1033 οὑκ-

109 1053 151 1079 έτι
173 1052 271 1088 Ἰωσὴφ
293 1052 467 1088 ἀνακάμπτει
488 1053 528 1084 εις
550 1052 688 1088 Ναζαρὲτ,
715 1052 782 1079 ἀλλὰ
806 1053 897 1080 ἀποδι-

110 1099 223 1134 δράσκει
238 1099 295 1133 ἅμα
312 1098 351 1134 τῷ
372 1099 457 1130 παιδὶ,
475 1099 523 1126 καὶ
545 1100 578 1134 τῇ
598 1099 682 1134 μητρὶ
699 1099 781 1125 αὺτοῦ
796 1100 835 1130 εἰς
848 1099 896 1125 Αἴ-

109 1153 222 1179 γυπτον,
240 1145 287 1172 καὶ
304 1145 371 1172 ἄλλα
392 1145 438 1172 δύο
461 1145 508 1180 ῑτη
524 1146 596 1171 ποιεῖ
615 1146 704 1172 ἐκεῖσε
716 1154 723 1160 ·
742 1146 789 1172 καὶ
813 1145 898 1177 οὕτως

111 1191 191 1218 πάλιν
207 1192 221 1218 ὁ
243 1191 356 1225 ἄγγελος
378 1191 446 1227 μετὰ
474 1191 523 1226 τὴν
547 1191 594 1217 τοῦ
627 1191 748 1227 Ἡρώδου
771 1191 900 1227 τελευτὴν

109 1237 268 1272 ἐπιστρέςει
286 1237 331 1264 τὸν
346 1237 427 1263 αὐτὸν
447 1238 475 1263 ὲν
492 1238 524 1272 τῇ
546 1236 670 1272 Ἰουδαίᾳ.

146 1284 174 1310 ι’.
196 1283 241 1318 Τῷ
257 1282 310 1318 γὰρ
326 1282 479 1318 τριακοστῷ
496 1283 580 1318 τρίτῳ
599 1282 654 1318 (29)
675 1282 729 1309 ἔτει
744 1281 792 1309 τοῦ
811 1282 899 1318 Ἠρώ-

109 1329 156 1356 ὁου
180 1330 307 1363 γεννᾶται
330 1329 344 1355 ὁ
371 1328 488 1364 Κύριος·
513 1328 666 1364 τριακοστῷ
682 1329 799 1363 πέμπτῳ
820 1326 899 1363 ἦλθον

108 1375 136 1402 et
155 1375 253 1410 μάγοι·
271 1374 423 1410 τριακοστῷ
444 1374 551 1410 ἑϐδόμῳ
574 1374 628 1401 ἔτει
644 1374 756 1410 τελευτᾷ
778 1375 792 1400 ὁ
814 1373 900 1410 Ἡρώ-

111 1420 176 1456 δης·
197 1421 244 1447 καὶ
257 1420 407 1455 διαδέχεται
433 1420 576 1456 Ἀρχέλαος
601 1420 657 1452 υἱὸς
682 1420 763 1446 αὑτοῦ
778 1419 808 1446 τὸ
824 1420 901 1456 βασί-

111 1466 193 1497 λειον,
211 1467 327 1502 ποιήσας
352 1466 400 1502 ἔτη
424 1467 502 1493 ἐννέα
526 1466 685 1501 βασιλεύων,
707 1466 831 1501 καθάπερ
855 1475 900 1502 μοι

113 1513 143 1539 ὲν
169 1511 258 1544 ἄλλοις
280 1513 373 1544 τόποις
395 1512 511 1548 εἴρηται.
543 1504 726 1547 Ἀνεχῶρησεν
749 1510 793 1539 οὖν
820 1511 901 1538 ἀκού-

113 1566 163 1588 σας
177 1557 241 1593 περὶ
260 1557 416 1593 Ἀρχελάου,
435 1558 481 1584 καὶ
498 1557 582 1584 ἐλθὼν
599 1557 758 1592 κατῴκησεν
783 1558 823 1589 εἰς
843 1558 900 1584 Να-

110 1601 206 1636 ζαρέτ.
233 1601 286 1627 Καὶ
309 1602 413 1628 ἐκεῖθεν
435 1602 516 1628 πάλιν
537 1603 596 1628 κατ’
611 1603 669 1633 ἔτος
688 1602 765 1637 ἀνῄει
781 1603 820 1633 εις
852 1602 900 1628 Ἰε-

113 1647 265 1683 ρουσαλήμ.
296 1647 378 1682 Ὁρᾷς
407 1647 456 1682 ὅση
479 1647 608 1682 τυγχάνει
638 1647 764 1681 ἀκρίϐεια
789 1648 818 1673 ἐν
843 1648 899 1678 τοῖς

110 1692 194 1724 Θείοις
212 1691 386 1726 Εὑαγγελιοις
410 1692 473 1726 περὶ
495 1691 612 1727 ἑκάστης
635 1690 844 1726 πραγματείας
867 1690 898 1716 Ol

113 1738 141 1765 δὲ
157 1738 253 1773 ἀγνοίᾳ
272 1738 426 1773 φερόμενοι.
442 1737 488 1764 τὺν
506 1737 610 1764 ἑαυτῶν
625 1736 687 1763 νοῦν
704 1736 897 1767 σκοτώσαντες,

110 1785 162 1811 οὐκ
177 1785 250 1811 ἴσασι
264 1783 294 1810 τὸ
309 1784 384 1815 τέλος
401 1784 516 1810 ἑκάστου
532 1783 612 1817 λόγου
621 1791 628 1798 ’
642 1782 710 1809 ἀλλὰ
724 1782 816 1813 ἁπλῶς
829 1781 898 1808 κατά

109 1832 166 1857 τωο
190 1830 276 1864 ἁγίων
305 1829 446 1865 ἐπαίρουσι
471 1828 501 1855 τὸ
529 1828 625 1864 στόμα,
651 1829 698 1856 καὶ
723 1827 824 1864 χαλῶσι
849 1827 898 1863 τὴν

112 1876 245 1910 γλῶτταν,
266 1875 349 1911 μηδὲν
370 1875 419 1910 μὲν
442 1874 566 1908 λέγοντες
586 1875 615 1901 ὲν
638 1874 761 1910 ἀληθείᾳ,
787 1874 899 1906 ἑαυτοὺς

110 1921 141 1948 δὲ
155 1922 204 1957 τῆς
219 1921 290 1957 ζωῆς
305 1921 515 1956 ἁλλοτριοῦντες.

151 2012 247 2039 Ἔνθεν
270 2011 316 2039 οὖν
337 2014 351 2039 ὁ
373 2013 489 2044 Λουκᾶς,
524 2012 592 2047 μετὰ
615 2012 646 2038 τὸ
667 2011 844 2047 διηγήσασθαι
865 2011 898 2038 τὰ

113 2058 227 2093 πρῶτα,
254 2058 335 2085 πάλιν
360 2058 449 2092 λέγει,
481 2058 538 2090 πῶς
566 2058 595 2084 ὲν
617 2057 658 2093 τῷ
681 2057 824 2093 δωδεκάτῳ
845 2057 899 2084 έτει

115 2103 229 2139 ἀνῆλθεν
242 2105 281 2135 εἰς
303 2104 454 2139 Ἰερουσαλή
459 2112 479 2139 μ
488 2113 494 2118 ·
520 2104 563 2130 ἵνα
588 2104 626 2138 μὴ
643 2103 797 2140 παραλείψῃ
818 2103 899 2130 τόπον

114 2151 170 2181 τοῖς
190 2149 329 2184 νομίσασιν
343 2149 422 2176 αὑτὸν
436 2149 529 2180 ἁπλῶς
542 2149 624 2184 ἄνδρα
638 2149 738 2175 τέλειον
759 2150 787 2175 ἐν
806 2149 900 2184 κόσμῳ

115 2195 273 2230 πεφηνέναι,
292 2195 338 2221 καὶ
355 2196 394 2226 εἰς
408 2195 452 2221 τὸν
475 2195 609 2230 Ἰορδάνην
626 2194 693 2230 πρὸς
706 2194 751 2221 τὸν
775 2195 899 2228 Ἰωάννην

115 2241 210 2275 ήκέναι
223 2248 229 2255 '
247 2240 284 2271 ὡς
299 2239 436 2274 ὐπεδλήθη
454 2239 506 2266 ὑπὸ
519 2239 667 2275 Κηρίνοου,
692 2239 738 2266 καὶ
763 2239 897 2270 Ἐὁίωνος,

115 2286 228 2313 καὶτῶν
244 2285 339 2312 ἄλλων.
356 2285 446 2316 Δεινὺς
461 2285 515 2320 γὰρ
530 2285 591 2319 ὄφις
607 2285 745 2321 σκαληνῶς
756 2285 900 2312 διαϐαίνων

115 2334 145 2359 ὲν
162 2333 211 2368 μιᾷ
227 2332 323 2368 γνώμῃ
339 2332 386 2367 οὑχ
410 2332 516 2358 ἵσταται
528 2341 534 2347 ·
553 2331 620 2358 ἀλλὰ
638 2333 692 2363 τοῖς
713 2332 762 2366 μὲν
777 2333 850 2358 δοκεί
871 2333 902 2359 ὲκ

116 2379 289 2415 παρατριὸἧς
306 2379 353 2404 καὶ
378 2378 533 2413 σπέρματος
547 2378 643 2413 ἀνδρὸς
659 2377 830 2413 γεγενῆσθαι,
846 2380 903 2410 τοῖς

115 2425 138 2452 δ’
157 2425 246 2457 ἄλλοις
263 2424 355 2456 ἁπλῶς
376 2424 518 2460 ἄνθρωπος
540 2425 697 2460 πεφηνέναι.
718 2424 763 2451 Διὸ
786 2424 856 2452 κατὰ
872 2425 903 2450 τὸ

115 2469 212 2496 λεπτὸν
226 2470 259 2496 τὰ
276 2470 365 2496 πάντα
381 2469 552 2505 διηγούμενοι
574 2470 598 2496 οἱ
620 2469 691 2503 ἅγιοι
707 2469 898 2504 εὐαγγελισταὶ

116 2514 333 2552 ἀκριὸολογοῦσι.
356 2514 410 2540 Καὶ
427 2514 506 2549 φύσει
521 2515 535 2541 ὁ
556 2515 663 2546 Λουκᾶς
685 2514 722 2546 ὼς
737 2514 790 2541 ἀπὸ
810 2515 900 2541 κάτω-

114 2561 162 2589 οεν
176 2563 221 2588 ἐπὶ
232 2561 267 2588 τὰ
282 2561 338 2588 ἄνω
351 2560 494 2596 ἀναφέρων
507 2560 557 2596 τὴν
571 2560 688 2587 διάνοιαν
701 2560 800 2587 φάσκει
811 2567 817 2574 ·
839 2557 900 2587 Ἶιν

151 2640 160 2656 ⁸
175 2639 270 2667 Matth.
281 2647 310 2671 ιι,
325 2639 352 2672 9,
364 2639 393 2665 ll
402 2658 408 2665 .

115 2718 247 2754 geliorum
261 2717 412 2754 interpres;
429 2723 478 2743 nec
493 2714 554 2754 ideo
562 2718 652 2754 tamen
665 2716 769 2754 tantum
778 2719 896 2754 comme-

115 2749 180 2784 ruit,
198 2758 228 2780 ut
252 2760 267 2779 a
293 2749 454 2780 Casaubono
470 2754 523 2777 tam
547 2750 724 2784 inclementer
747 2755 789 2784 aer
803 2749 897 2783 putide

115 2783 268 2818 notaretur,
281 2793 307 2814 et
323 2786 562 2823 virulentissimus.
575 2792 607 2811 ac
620 2783 896 2823 maledicentissimus

116 2824 235 2858 scriptor
248 2823 431 2858 appellaretur
454 2821 482 2858 in
503 2820 550 2847 illo
561 2826 657 2858 opere,
670 2818 847 2858 quodipsum
862 2826 896 2846 ex

116 2853 420 2893 viridantis-calumniis
435 2861 460 2884 et
473 2853 610 2893 ltaareticis
638 2853 813 2893 opinionibus
829 2860 895 2882 con-

116 2896 219 2922 textum
234 2893 365 2920 adversus
382 2891 549 2918 Baronianos
561 2888 676 2917 Annales
688 2888 793 2917 clludit.

280 2938 415 2968 Ρλτιιοι.
439 2937 498 2967 Gtt.
522 2935 549 2966 Χ
557 2935 605 2965 l.l.

948 957 1022 984 circo
1036 966 1091 985 non
1120 959 1176 993 jam
1207 959 1371 987 Nazaretum
1396 960 1533 996 .losephus
1562 963 1731 997 regreditur;

948 1004 996 1031 sed
1021 1013 1083 1032 cum
1112 1013 1197 1040 puero
1214 1014 1244 1034 ac
1259 1011 1346 1034 matre
1363 1007 1430 1043 fugit
1456 1008 1483 1035 in
1509 1007 1665 1044 Aigyptum,
1687 1010 1731 1036 alii

949 1050 1059 1078 biennio
1073 1051 1157 1079 altero
1173 1057 1360 1080 commoratus
1377 1059 1418 1081 est
1432 1063 1440 1087 ;
1470 1059 1551 1089 atque
1567 1055 1603 1082 ita
1622 1063 1731 1084 rursum

949 1100 1010 1130 post
1023 1096 1136 1125 llerodis
1146 1098 1249 1125 obitum
1262 1100 1374 1134 angelus
1385 1100 1521 1131 eumdem.
1533 1106 1562 1128 ut
1575 1101 1601 1128 in
1611 1101 1732 1129 Judteam

949 1142 1060 1175 rediret,
1076 1144 1225 1172 admonuit.

983 1273 1064 1308 432
1082 1273 1116 1300 X.
1133 1274 1238 1309 Ouippe
1251 1282 1337 1302 xxml
1355 1275 1470 1304 Herodis
1485 1286 1558 1305 anno
1583 1283 1664 1307 natus
1690 1285 1733 1308 est

951 1318 1090 1353 Dominusl
1107 1321 1285 1356 ejusdemque
1304 1330 1375 1350 xxxv
1388 1323 1458 1358 magi
1473 1329 1616 1352 venerunt.
1633 1325 1734 1355 Deinde

951 1374 1044 1393 xxxv"
1066 1366 1173 1401 imperii
1193 1375 1265 1394 anno
1285 1368 1401 1395 moritur
1417 1368 1549 1402 Herodes,
1563 1372 1608 1398 cui
1623 1380 1733 1400 success

951 1411 986 1438 sit
1001 1411 1166 1444 Archelaus,
1185 1412 1262 1447 isque
1278 1420 1373 1440 novem
1390 1415 1512 1449 regnavit
1525 1417 1615 1448 annis.
1634 1421 1663 1443 ut
1680 1418 1734 1445 alio

951 1463 965 1481 a
982 1463 1024 1482 me
1038 1455 1098 1482 loco
1113 1455 1214 1482 dictum
1235 1457 1356 1484 memini.
1373 1457 1463 1491 Quare
1479 1466 1541 1486 cum
1554 1460 1587 1488 de
1599 1461 1734 1489 Archelao

952 1501 1114 1536 accepisset,
1142 1502 1257 1530 recessit
1278 1502 1433 1539 Josephus,
1460 1512 1492 1532 ac
1517 1513 1546 1534 se
1570 1506 1733 1536 Nazaretum

952 1547 1093 1574 habitandi
1110 1555 1193 1575 causa
1204 1549 1330 1576 contulit.
1348 1550 1426 1577 Unde
1441 1553 1589 1586 quotannis
1605 1553 1734 1582 llieroso-

951 1592 1049 1628 lymam
1066 1593 1202 1628 proﬁcisci
1217 1599 1405 1622 consueverat.
1426 1596 1507 1625 \‘ides
1526 1603 1629 1633 quanta
1648 1601 1683 1627 sit
1704 1602 1731 1628 in

951 1639 1040 1666 sacris
1053 1637 1207 1672 Evangeliis
1224 1640 1369 1674 cujuslibet
1385 1641 1424 1668 rei
1439 1643 1582 1671 narranda:
1596 1653 1733 1681 quamque

950 1689 1077 1712 accurata
1094 1685 1257 1719 diligentia?
1273 1685 1307 1713 At
1332 1687 1377 1714 isti
1400 1688 1552 1722 ignorantia
1568 1691 1643 1722 caeci.
1663 1700 1733 1726 quoa

950 1737 1010 1756 rum
1035 1734 1077 1757 est
1102 1731 1222 1758 tenebris
1248 1731 1368 1759 obducta
1398 1741 1489 1767 mens,
1517 1736 1733 1772 uniuscujusque

949 1775 1117 1803 narrationis
1138 1776 1238 1803 exitum
1259 1777 1400 1812 ignorant;
1427 1779 1474 1806 sed
1492 1779 1623 1809 adversus
1643 1790 1733 1809 sacru-

949 1826 1044 1849 sancta
1065 1829 1179 1856 quaeque
1201 1829 1232 1849 os
1253 1830 1332 1849 suum
1352 1829 1514 1859 arroganter
1531 1827 1676 1860 extollunt,
1700 1836 1733 1856 ac

949 1869 1069 1903 tinguant
1096 1868 1237 1900 relaxant,
1255 1869 1323 1897 adeo
1345 1875 1372 1897 ιιι
1393 1879 1480 1906 neque
1503 1873 1558 1899 veri
1583 1873 1731 1908 quidquam

948 1914 1073 1946 aderant,
1090 1917 1117 1941 et
1132 1921 1146 1940 a
1161 1914 1215 1941 vita
1232 1914 1409 1944 nihilominus
1423 1924 1455 1944 ac
1472 1917 1558 1945 salute
1572 1920 1732 1954 semetipsos

949 1961 1077 1988 alienent.

984 2006 1049 2034 Post
1061 2007 1118 2035 hac
1134 2007 1223 2035 Lucas
1241 2007 1287 2034 tibi
1308 2014 1400 2042 priora
1422 2014 1583 2043 persecutus
1604 2013 1657 2042 est.
1683 2017 1732 2037 ex-

949 2053 1026 2088 ponit
1050 2054 1278 2088 quemadmodum
1304 2061 1378 2080 anno
1399 2062 1436 2082 xu
1462 2054 1650 2091 Hierosolyma
1671 2064 1733 2091 per-

950 2099 1062 2130 rexerit,
1080 2106 1113 2126 ne
1127 2106 1207 2133 quem
1224 2099 1332 2126 illorum
1348 2100 1436 2127 errori
1453 2100 1542 2127 locum
1555 2101 1732 2136 relinqueret.

950 2146 995 2180 qui
1013 2145 1088 2172 illum
1104 2145 1226 2172 arbitrati
1242 2150 1307 2173 sunt
1320 2145 1438 2181 perfecta
1454 2154 1486 2174 ac
1499 2146 1570 2174 virili
1583 2147 1639 2182 jam
1654 2151 1734 2175 atate

950 2191 977 2218 in
997 2191 1099 2218 mundo
1119 2195 1228 2225 repente
1243 2191 1327 2219 fuisse
1344 2196 1521 2227 conspectum
1538 2201 1545 2220 :
1560 2193 1650 2228 itaque
1665 2201 1733 2221 eon-

914 2253 938 2282 υ
951 2237 1078 2264 veniendi
1103 2237 1214 2264 Joannis
1231 2238 1317 2272 gratia
1346 2237 1379 2264 ad
1407 2237 1553 2267 Jordanem
1571 2240 1732 2273 accessisse,

951 2291 1012 2318 quae
1027 2283 1079 2309 fuit
1106 2282 1241 2314 Corinthi,
1271 2282 1395 2315 Ebionis,
1432 2288 1459 2311 et
1487 2284 1604 2311 aliorum
1628 2285 1731 2320 opiniot

952 2328 1095 2360 Siquidem
1109 2328 1225 2355 callidus
1244 2328 1289 2356 ille
1300 2336 1412 2364 serpens
1425 2329 1544 2365 obliquis
1557 2331 1668 2358 ﬂexibus
1683 2332 1734 2358 ad-

951 2382 1060 2410 repens,
1093 2374 1160 2401 nihil
1182 2382 1265 2401 unum
1281 2382 1313 2402 ac
1329 2379 1460 2403 constans
1475 2377 1583 2403 asserit.
1605 2376 1658 2405 Sed
1671 2379 1733 2406 aliis

950 2421 1039 2456 placet
1049 2428 1083 2447 ex
1100 2420 1244 2455 utriusque
1269 2420 1460 2455 conjunctione
1488 2429 1581 2456 sexus,
1605 2430 1637 2450 ac
1658 2424 1732 2451 virili

952 2467 1056 2495 semine
1068 2466 1207 2494 Christum
1227 2473 1290 2494 esse
1302 2472 1484 2501 procreatum.
1494 2467 1558 2495 ‘Alii
1574 2469 1736 2504 simpliciter

953 2511 1091 2540 hominem
1107 2512 1268 2547 apparuisse
1283 2515 1418 2540 statuunt.
1433 2514 1498 2547 Qua:
1511 2522 1595 2542 causa
1618 2517 1670 2543 fuit
1684 2525 1735 2544 cur

953 2558 1093 2587 subtiliter
1120 2562 1304 2594 accurateque
1330 2559 1422 2586 omnia
1446 2561 1534 2588 sancti
1561 2562 1737 2598 evangelista

981 2712 1037 2747 (28)
1052 2713 1098 2746 Ὡς
1106 2714 1149 2747 εὶς
1157 2713 1214 2751 τὴν
1223 2722 1391 2751 πανηγυριν
1400 2717 1521 2750 ταύτην.
1532 2716 1617 2749 Quam
1628 2716 1736 2743 tandem

944 2747 1161 2791 llicimvij‘uptv
1179 2747 1315 2791 intelligat
1327 2747 1431 2791 nescio:
1446 2747 1560 2791 Videtur
1573 2751 1625 2778 loci
1649 2751 1735 2791 illius,

944 2785 972 2810 in
986 2790 1040 2817 quo
1053 2788 1134 2812 natus
1145 2788 1204 2811 erat
1233 2785 1374 2818 Dominus,
1391 2787 1554 2814 celebratam
1576 2785 1738 2813 memoriam

945 2819 1098 2848 πανήγυριν
1115 2820 1263 2848 aDDellare.

945 2820 1098 2881 πανᾌγυριν
1115 2820 1263 2862 appellare.
1333 2856 1344 2861 ἢ
1400 2856 1406 2864 '
1543 2857 1549 2862 ν
1693 2856 1699 2862 .

979 2853 1008 2891 (2
1026 2859 1036 2888 )
1055 2855 1097 2887 Τῳ
1113 2863 1168 2889 γαρ
1182 2863 1348 2889 τριακοστῳ
1356 2864 1455 2891 τριτφ.
1470 2855 1506 2884 De
1523 2856 1566 2884 lus
1580 2862 1735 2885 accuratius

945 2890 1026 2926 paulo
1041 2893 1105 2924 post
1121 2897 1242 2926 agemus.

1533 2936 1573 2966 29
