1964 3047
255 137 306 164 £07

957 141 986 169 S.
1007 141 1178 171 EPlPllANII

1839 146 1897 175 908

253 194 393 222 narrando
412 195 546 230 complexi
571 194 636 223 sint.
662 195 800 231 Praecipue
816 195 903 224 Lucas
918 197 1035 224 animum

1092 200 1126 226 δὲ
1154 201 1267 234 Ἰησοῦς
1285 201 1452 236 ἀρχόμενος
1468 199 1543 228 εἶναι
1561 201 1602 234 ὡς
1624 201 1699 228 ἐτῶν
1714 201 1894 236 τριάκοντα,

254 241 288 267 ab
312 240 487 268 inferioribus
516 241 550 268 ad
574 242 718 277 superiora
739 242 860 270 referens
877 243 912 269 ita
926 244 1040 271 scribit:

254 285 288 312 Et
310 291 367 312 erat
388 286 467 313 Iesus
490 287 615 321 incipiens
641 296 696 315 esse
719 289 796 323 quasi
821 297 951 315 minorum
968 297 1041 323 xxx;

254 332 337 365 ﬁlius,
352 338 380 358 ul
395 333 550 365 putabatur,
575 332 670 367 Ioseph
684 333 703 359 '.
724 334 800 366 Quod
823 338 913 360 autent
941 335 1043 362 solum-

255 377 336 404 niodo
357 383 478 412 putatur,
497 379 608 405 miniute
633 383 675 405 est
698 379 799 413 reipsa.
824 378 876 406 Sed
897 380 982 414 patris
1000 380 1042 406 vi-

206 418 211 423 ’
255 430 313 449 cent
330 422 462 458 Josephus
482 424 591 459 gerebat
615 424 659 451 ille
682 424 801 459 quidem,
824 425 896 460 quod
921 426 957 452 ita
989 425 1044 452 Deo

253 469 413 503 placuerat:
428 474 507 504 pater
531 478 595 498 vero
622 478 676 498 non
697 475 773 504 erat;
791 475 819 498 ut
838 471 885 506 qui
903 479 1043 506 nunquam

253 523 357 543 secum
381 515 465 542 Maria
493 516 654 551 copularat;
682 517 733 544 nisi
755 517 828 551 quod
851 517 924 544 illius
938 517 978 543 vir
997 524 1044 553 ap-

253 562 370 597 pellatus
384 567 435 595 est,
455 562 529 598 quod
547 570 606 589 eam
621 571 704 590 senex
719 562 854 596 duxisset,
870 571 940 590 anno
953 565 1042 591 aetatis

252 607 314 641 plus
340 607 431 634 minus
455 615 536 639 Lxxx,
562 615 625 634 cum
652 607 708 642 jam
737 608 838 635 liberos
860 616 906 635 sex
925 616 941 635 e
956 608 1041 642 priori

255 653 370 687 conjuge
385 653 557 686 sustulisset;
573 653 642 680 hanc
658 661 722 680 vero
743 654 920 689 posteriorem
941 654 1035 688 singu-

252 701 304 728 lari
322 701 367 728 Dei
384 702 556 736 providentia
572 702 636 733 sibi,
658 706 688 729 ut
701 702 754 729 alio
772 703 832 729 loco
848 701 937 729 fusius
949 701 1042 736 dispu-

1095 245 1138 271 ὢν
1163 246 1238 279 υἱὸς,
1258 247 1299 280 ὡς
1316 246 1476 282 ἐνομίζετο,
1496 247 1549 274 τοῦ
1570 247 1690 282 Ἰωσήφ.
1711 249 1748 274 Τὸ
1761 249 1789 275 δὲ
1812 253 1896 284 νομι-

1096 289 1190 321 ζεσοαι
1206 291 1255 317 οὐκ
1269 291 1376 327 ἀληθῶς
1391 292 1464 319 ἐστιν
1475 299 1481 306 ·
1501 292 1568 318 ἀλλὰ
1585 293 1614 318 ὲν
1627 292 1701 325 τάξει
1719 293 1767 328 μὲν
1783 295 1895 328 πατρὸς

1096 335 1243 371 ὲτῦγχανεν
1257 338 1271 364 ὸ
1294 338 1403 373 Ἰωσὴφ,
1418 337 1462 364 διὰ
1476 338 1506 364 τὸ
1519 337 1605 370 οὕτως
1621 339 1660 373 τῷ
1674 339 1733 374 Θεῷ
1745 339 1875 376 δεδόχθαι
1885 348 1892 354 ·

1096 383 1145 409 οὐκ
1159 381 1193 418 ἦν
1208 383 1236 410 δὲ
1257 384 1359 419 πατὴρ,
1375 385 1389 410 ὀ
1417 385 1454 420 μὴ
1477 385 1544 420 πρὸς
1561 385 1609 421 τὴν
1625 386 1742 421 Μαριὰμ
1761 386 1894 422 ἐσχηκὼς

1096 428 1253 462 συνάφειαι),
1269 430 1285 465 ἢ
1308 430 1387 465 μόνον
1407 431 1448 457 ὅτι
1462 430 1531 466 ἀνὴρ
1546 430 1657 466 ἐκλήθη.
1674 431 1718 457 διὰ
1733 431 1764 457 τὸ
1779 439 1893 465 μεμνη-

1095 473 1205 500 meo“
1229 475 1382 510 πρεσϐύτης
1400 476 1466 511 (50},
1484 476 1554 503 ὲτῶν
1569 477 1732 513 ὀγδοήκοντα
1744 477 1893 512 τυγχάνων

1094 519 1208 556 πλείωῆ
1225 520 1342 552 ἐλάσσω,
1360 522 1407 548 καὶ
1429 521 1498 557 ἔχων
1521 523 1595 554 υἱοὺς
1618 523 1648 556 ἒξ
1666 523 1718 550 ἀπὺ
1737 523 1785 558 τῆς
1801 524 1892 554 ὅντως

1093 566 1176 592 αὑτοῦ
1192 567 1316 602 γαμετῆς
1330 567 1454 603 πρώτης,
1471 569 1520 603 τὴν
1531 569 1558 595 δὲ
1573 569 1607 595 δι’
1621 569 1773 604 οἰκονομίαν
1789 577 1892 604 παρει-

1093 611 1195 646 ληφὼς,
1213 612 1250 644 ὡς
1272 613 1319 640 καὶ
1332 612 1400 650 ἄλλῃ
1418 622 1470 640 που
1493 614 1686 650 ἀκριϐέστερον
1710 615 1774 651 περὶ
1788 614 1890 640 τούτου

1098 657 1214 692 διῆλθον.
1230 658 1292 690 Πῶς
1307 657 1353 686 οὖν
1367 660 1381 685 ὁ
1402 659 1438 695 μὴ
1450 659 1518 695 ἔχων
1536 661 1683 696 συνάφειαν
1696 661 1785 697 πατὴρ
1800 660 1891 687 αὑτοῦ

1094 704 1215 740 ὑπῆρχεν
1226 713 1233 737 ;
1249 706 1318 741 ὅπερ
1339 705 1477 734 ἀδύνατον.

251 750 353 777 tamus.
377 747 528 775 ascivisset.
554 747 605 780 Qui
627 748 713 782 igitur
735 747 838 774 nullum
857 755 918 775 cum
951 751 1039 775 matre
1063 750 1290 778 consuetudinem
1314 751 1459 784 habuerat,
1480 753 1527 788 qui
1562 753 1609 781 ﬁlii
1638 757 1715 789 pater
1743 761 1804 782 esse
1834 760 1889 788 p0-

251 794 322 820 tuit?
340 792 412 820 Fieri
429 793 500 820 istud
515 793 627 820 omnino
646 801 700 820 non
715 797 815 828 potest.

286 841 334 869 XI.
354 842 388 868 At
402 842 474 869 enim
492 842 568 869 dices
586 851 592 868 :
610 841 666 869 Cur
681 850 746 876 ergo
761 843 801 868 vir
821 842 896 869 illius
921 842 1035 877 appella-

1129 842 1180 868 ]A’.
1207 841 1287 868 Ἀλλὰ
1310 842 1384 878 ἐρεῖς
1401 851 1463 878 μοι·
1489 843 1551 874 Πῶς
1572 841 1618 870 οὖν
1634 844 1702 880 ἀνηρ
1722 854 1806 881 αυτης
1821 847 1888 874 ἐκέ-

251 891 296 915 tus
308 891 361 917 est.
385 887 436 914 nisi
451 895 510 914 eam
533 887 690 915 obtineret?
709 887 762 920 Qui
779 888 820 915 sic
841 888 959 921 dubitat,
975 888 1040 923 quid

251 934 295 961 lex
318 937 398 961 vetus
411 933 493 960 ferret
509 933 615 968 ignorat
630 942 637 960 :
652 933 732 969 433
750 934 879 960 nimirum
907 935 980 961 enim
1007 943 1039 961 ex

251 988 306 1015 quo
330 980 390 1006 viro
407 979 509 1007 femina
525 979 660 1014 desponsa
674 980 774 1010 fuerat.
788 980 846 1008 sive
864 980 941 1016 virgo
956 985 1039 1012 esset,

251 1027 309 1054 sive
326 1030 438 1061 paterna
451 1025 540 1053 adhuc
554 1027 581 1052 in
597 1026 680 1053 domo
701 1025 820 1061 degeret,
837 1027 946 1054 nomine
959 1031 1040 1054 tenus

251 1079 320 1099 uxor
344 1071 498 1098 dicebatur.
523 1071 613 1104 Quare
629 1072 744 1106 angelus
757 1072 797 1099 sic
811 1071 959 1107 Joseplmm
974 1073 1040 1099 allo-

250 1119 364 1153 quitur:
384 1118 447 1145 Noli
465 1119 556 1145 timere
576 1119 694 1153 accipere
714 1118 850 1153 conjuge":
868 1119 974 1145 tuam'.
1001 1120 1039 1145 Ac

250 1175 284 1194 ne
298 1167 359 1201 quis
375 1174 496 1194 errorem
520 1166 548 1193 in
573 1165 728 1200 Evangeliis
741 1166 826 1193 ullum
841 1173 902 1193 esse
915 1164 1039 1200 suspice-

251 1217 295 1239 tur
309 1221 315 1238 :
331 1217 374 1238 est
390 1212 462 1238 enim
483 1211 561 1245 plane
574 1211 737 1246 stupendum
752 1210 803 1237 hoc
820 1210 990 1246 mysterium,
1006 1217 1038 1236 ac

250 1265 332 1292 supra
356 1257 505 1284 humanum
521 1260 631 1291 captum
650 1259 708 1282 tota
723 1256 774 1282 ista
787 1255 920 1286 narratio,
936 1258 963 1282 et
977 1262 1038 1289 qua:

250 1304 318 1330 solis
344 1303 463 1337 Spiritus
487 1302 575 1329 sancti
604 1301 666 1328 (iliis
694 1301 768 1328 clara
793 1301 828 1327 sit
851 1305 878 1327 et
902 1301 1035 1335 exposita.

251 1349 317 1376 Erat
339 1349 430 1383 igitur,
451 1348 550 1383 inquit,
577 1348 653 1382 quasi
674 1355 803 1374 annorum
822 1355 893 1379 xxx;
913 1347 1036 1381 ﬁlius,ut

248 1395 402 1430 putabatur,
421 1393 539 1427 Ioseph;
560 1394 605 1428 qui
623 1393 673 1427 fuit
689 1393 742 1424 Eli,
758 1393 803 1426 qui
818 1392 869 1426 fuit
880 1391 1003 1418 Manlian
1015 1392 1034 1419 ³.

249 1439 318 1467 Tum
348 1439 382 1466 ad
408 1438 593 1466 Abrahamum
620 1445 708 1472 usque
731 1437 916 1472 generationis
939 1438 1036 1464 seriem

248 1486 365 1519 retexit;
381 1493 395 1512 a
411 1493 465 1520 quo
482 1484 624 1512 Matthaeus
643 1492 758 1512 exorsus
782 1488 833 1511 est.
858 1483 910 1511 Sed
923 1487 950 1510 et
967 1483 1035 1510 Noe-

249 1539 322 1558 mum
339 1535 460 1565 superat,
480 1534 506 1557 et
521 1529 554 1556 ad
570 1529 704 1557 Adamum
720 1530 853 1564 pervenit,
872 1533 900 1556 ut
913 1537 975 1557 eum
989 1530 1034 1564 qui

249 1578 356 1614 primus
369 1577 491 1604 omnium
513 1577 648 1604 formatus
665 1581 723 1604 erat
746 1577 780 1603 ab
797 1584 830 1603 eo
848 1576 894 1611 qui
913 1584 946 1603 ex
965 1575 1035 1604 illius

249 1631 350 1655 massa,
368 1623 398 1650 Β.
416 1623 544 1650 nimirum
563 1622 682 1657 Virgine,
700 1627 865 1658 propagatus
883 1622 980 1655 iuerat,
1002 1623 1035 1649 ad

250 1670 365 1696 salutem
389 1672 557 1695 ntonstraret
576 1676 636 1695 esse
656 1668 812 1703 qumsitum.
830 1668 897 1695 Nam
913 1673 939 1695 et
953 1668 1036 1702 hujus

249 1715 348 1750 ipsius,
378 1715 424 1749 qui
458 1714 537 1741 ﬁctus
567 1718 608 1741 est
631 1713 784 1748 quondam,
811 1717 838 1740 et
863 1717 1035 1748 posterorum

248 1761 337 1796 ipsius
353 1768 435 1788 causa
452 1760 612 1792 descendit;
627 1768 722 1787 eorum
738 1760 880 1791 duntaxat,
898 1760 944 1795 qui
961 1768 1034 1787 sem-

250 1807 365 1842 piterna:
383 1806 443 1833 vitm
459 1806 645 1833 hazredilatem
661 1806 768 1840 assequi
783 1805 904 1833 student.
923 1805 1035 1833 Demum

249 1859 313 1878 vero
342 1851 475 1878 Adamum
502 1858 612 1885 quoque
636 1854 844 1885 praetergressus
858 1850 910 1883 ait,
923 1851 967 1885 qui
984 1851 1035 1885 fuit

251 1897 297 1925 Dei
310 1897 330 1923 ⁸.

283 1942 347 1970 Inde
362 1950 443 1978 porro
460 1942 604 1969 manifesto
619 1945 726 1969 constat
743 1940 788 1969 Dei
806 1941 881 1968 illum
897 1941 1037 1970 exstitisse

246 1987 356 2020 Filium,
366 1987 412 2023 qui
424 1996 455 2015 ex
467 1987 562 2015 Adami
577 1987 680 2014 semine
690 1987 848 2013 continuata
863 1988 1036 2014 successione

247 2043 331 2062 earne
346 2034 476 2069 praeditus
492 2033 611 2061 advenit.
629 2032 730 2060 Verum
748 2041 781 2060 ne
795 2033 835 2060 sic
851 2033 958 2068 quidem
971 2033 1036 2060 caeci

247 2080 371 2107 homines
394 2083 497 2106 tantam
524 2079 611 2105 lucem
638 2078 777 2113 percipere
799 2081 963 2112 potuerunt;
988 2078 1035 2105 sed

247 2127 319 2154 ultro
334 2134 348 2152 a
365 2127 479 2153 veritate
495 2126 662 2155 aberrantes,
679 2128 707 2151 et
725 2132 844 2151 errorem
857 2125 1033 2156 asciscentes.

1093 886 1185 921 κλητο,
1218 888 1242 913 εἰ
1272 887 1309 922 μὴ
1333 887 1396 922 ἔσχε
1423 888 1540 923 ταύτηνς
1568 888 1598 914 ’0
1628 888 1656 915 δὲ
1686 889 1771 916 ταῦτα
1796 891 1888 926 ἀμφι-

1091 932 1196 959 ϐάλλων
1219 933 1312 966 ἀγνοεῖ
1336 933 1371 959 τὰ
1393 933 1463 960 κατὰ
1477 934 1521 959 τὸν
1545 934 1637 969 νόμον,
1664 935 1704 961 ὅτι
1729 935 1804 968 ἐξότε
1826 937 1890 964 ὀνο-

1093 979 1207 1013 μάζεται
1221 979 1289 1014 γυνὴ
1306 979 1394 1014 ἀνδρὶ,
1412 979 1463 1006 κᾶν
1484 988 1513 1006 τε
1538 980 1672 1016 παρθένος
1685 979 1712 1017 ᾖ,
1736 982 1786 1008 κᾶν
1800 991 1833 1009 τε
1857 984 1889 1010 ἐν

1090 1024 1157 1059 οἴκῳ
1175 1025 1277 1061 πατρὸς
1297 1025 1337 1051 ἔτι
1354 1026 1482 1061 ὑπάρχει,
1496 1026 1565 1062 γυνὴ
1581 1026 1628 1053 τοῦ
1652 1028 1783 1063 ὀνόματος
1798 1030 1887 1065 μόνον

1090 1070 1198 1105 λέγεται
1214 1072 1230 1106 ὴ
1245 1070 1368 1106 τοιαύτη.
1394 1071 1495 1098 Τούτου
1524 1072 1604 1099 ἕνεκα
1629 1073 1642 1099 ὁ
1666 1074 1742 1107 ἆγιος
1765 1075 1888 1109 ἄγγελός

1092 1125 1176 1152 φησι·
1203 1116 1232 1142 Μ
1236 1116 1252 1150 ὴ
1287 1116 1420 1151 φοϐηθῇς
1449 1118 1634 1152 παραλαϐεῖν
1666 1119 1722 1154 τὴν
1754 1122 1888 1155 γυναῖκά

1091 1171 1158 1190 σου.
1184 1163 1238 1189 Καὶ
1255 1163 1298 1189 ἴνα
1317 1164 1354 1198 μή
1378 1172 1420 1195 τις
1435 1164 1542 1201 νομίσῃ,
1561 1166 1601 1192 ὅτι
1621 1166 1710 1201 πλάνη
1722 1176 1764 1199 τις
1781 1168 1809 1194 ἐν
1823 1170 1888 1200 τοῖς

1090 1208 1281 1243 Εὑαγγελὶοις·
1311 1209 1462 1244 ἔκπληκτον
1484 1210 1538 1245 γὰρ
1563 1212 1594 1238 τὸ
1619 1213 1774 1248 μυστήριον,
1799 1213 1850 1240 καὶ
1865 1215 1884 1250 ἡ

1088 1254 1214 1288 διήγησις
1234 1254 1304 1289 ὑπὲρ
1326 1253 1487 1289 ἄνθρωπον·
1507 1255 1598 1289 μόνοις
1620 1255 1648 1282 δὲ
1668 1258 1724 1288 τοῖς
1740 1257 1808 1289 υἱοῖς
1831 1258 1884 1285 τοῦ

1090 1298 1169 1332 ἁγίου
1193 1299 1351 1334 Πνεύματός
1376 1301 1434 1327 ἐστι
1462 1300 1523 1328 λεία
1546 1302 1620 1328 πᾶσά
1644 1310 1673 1328 τε
1695 1303 1741 1329 καὶ
1760 1311 1886 1337 πεερωτι-

1094 1344 1254 1380 σμένηΪΙΙν
1263 1345 1320 1374 οὖν
1329 1347 1369 1380 ὼς
1381 1347 1457 1374 ἐτῶν
1469 1350 1506 1380 λ’,
1516 1349 1556 1382 ὼς
1576 1349 1733 1384 ἐνομίζετο,
1748 1349 1813 1383 υἱὸς
1826 1350 1885 1377 τοῦ

1095 1392 1212 1427 Ἰωσὴφ,
1225 1393 1277 1420 τοῦ
1299 1394 1375 1428 Ἠλὶ,
1392 1394 1446 1422 τοῦ
1458 1395 1589 1422 Ματθὰν.
1607 1396 1661 1422 Καὶ
1675 1396 1805 1432 ἀναφέρει
1829 1397 1884 1431 τὴν

1088 1440 1215 1476 γέννησιν
1231 1442 1277 1468 ἐπὶ
1290 1442 1483 1478 τὸνἈδραάμ·
1498 1443 1559 1469 ὅθεν
1569 1443 1616 1470 καὶ
1626 1443 1786 1476 ὁΜατθαῖος
1799 1445 1884 1480 ἐνήρ-

1089 1484 1162 1517 ξατο.
1185 1486 1358 1522 Ὑπερϐαίνει
1383 1487 1411 1514 δὲ
1426 1488 1472 1515 τὸν
1496 1488 1569 1520 Νῶε,
1587 1489 1634 1515 καὶ
1655 1489 1749 1524 φθάνει
1764 1490 1810 1517 ἐπὶ
1833 1490 1883 1517 τὸν

1094 1531 1189 1567 Ἀδὰμ,
1207 1532 1250 1559 ἵνα
1266 1533 1311 1559 τὸν
1327 1534 1381 1560 ἀπὸ
1398 1533 1508 1569 πρώτης
1525 1534 1676 1562 πλασθέντα
1696 1536 1814 1571 σημάνῃ.
1831 1535 1883 1572 ζης

1087 1577 1216 1612 τούμενον
1230 1577 1275 1604 διὰ
1288 1578 1334 1604 τοῦ
1357 1579 1411 1606 ἀπὸ
1435 1579 1481 1605 τοῦ
1505 1579 1665 1615 φυράματος
1683 1581 1764 1607 αὑτοῦ
1789 1580 1882 1608 ἐλθόν-

1086 1632 1142 1655 τος,
1169 1624 1308 1651 τουτέστιν
1329 1624 1382 1651 ἀπὸ
1411 1625 1462 1660 τῆς
1490 1625 1571 1659 ἁγίας
1596 1626 1734 1662 Παρθένου
1757 1627 1881 1663 Μαρίας,

1086 1667 1172 1696 Ἦλθε
1188 1671 1242 1705 γὰρ
1257 1670 1290 1696 δι’
1312 1671 1414 1697 ἐκεῖνον
1429 1671 1473 1697 τὸν
1490 1672 1554 1697 ποτὲ
1566 1671 1729 1704 πλασθέντα,
1747 1673 1794 1699 καὶ
1817 1674 1882 1705 τοὺς

1086 1716 1134 1742 ἀπ’
1161 1717 1243 1742 αὑτοῦ
1269 1717 1498 1752 γεγεννημένους,
1527 1717 1652 1749 θέλοντας
1672 1718 1743 1754 ζωὴν
1770 1717 1880 1745 αἰώνιον

1087 1762 1299 1797 κληρονομῆσαι.
1324 1762 1458 1797 ’Υπερᾶῗις
1484 1763 1513 1789 δὲ
1533 1763 1579 1790 τὸν
1601 1763 1697 1799 Ἀδὰμ,
1719 1764 1803 1798 λέγει,
1825 1764 1879 1792 τοῦ

1088 1809 1170 1836 Θεοῦ.

1129 1937 1268 1964 Ἐντεῦθεν
1282 1938 1374 1965 λοιπὸν
1393 1938 1449 1974 (51)
1467 1936 1501 1974 ἦν
1521 1938 1684 1974 φανέρωσις.
1702 1939 1742 1965 ὅτι
1761 1938 1808 1965 τοῦ
1827 1938 1878 1973 μὲν

1087 1983 1154 2011 Θεοῦ
1166 1982 1200 2020 ἦν
1216 1984 1289 2016 Υἱὸς,
1303 1985 1347 2011 διὰ
1361 1985 1389 2012 δὲ
1405 1985 1450 2011 τοῦ
1468 1985 1622 2021 σπέρματος
1637 1985 1684 2012 τοῦ
1706 1985 1789 2020 Ἀδὰμ
1805 1985 1878 2012 κατὰ

1088 2031 1212 2066 διαδοχὴν
1228 2032 1257 2057 ἐν
1275 2032 1355 2066 σαρκὶ
1371 2031 1545 2066 παρεγένετο.
1568 2031 1648 2057 Ἀλλὰ
1667 2032 1717 2057 οὐκ
1733 2031 1812 2065 ἔσχον
1824 2031 1879 2058 πά-

1087 2075 1128 2102 λιν
1140 2076 1278 2110 φωτισμὸν
1285 2077 1309 2102 οἱ
1318 2076 1530 2111 πεπλανημένοι.
1544 2076 1698 2111 ’Δντέλεγον
1708 2076 1736 2102 δὲ
1746 2075 1784 2111 τῷ
1792 2076 1877 2111 λόγῳ,

1088 2122 1200 2152 ἑαυτοὺς
1212 2121 1366 2153 πλανῶντες
1378 2122 1449 2158 ὑπὲρ
1463 2122 1513 2158 τὴν
1527 2122 1666 2158 ἀλήθειαν.
1685 2122 1824 2156 Ἐφαςκον
1837 2122 1877 2154 δὲ,

245 2173 387 2199 catholicae
406 2172 536 2198 doctrina}
560 2170 794 2198 contradicebaut.
819 2169 864 2197 Sie
881 2172 953 2198 enim
969 2171 1035 2205 obji-

1089 2167 1128 2193 ὅτι
1150 2166 1214 2193 Ἰδοὺ
1232 2167 1321 2202 τριτον
1343 2167 1507 2201 Εὐαγγέλιον
1523 2167 1553 2194 τὸ
1573 2167 1644 2194 κατὰ
1659 2169 1775 2194 Λουκᾶν.
1791 2169 1879 2195 Τοῦτο

246 2217 353 2244 ciebant
378 2226 384 2244 :
410 2217 480 2243 Ecce
505 2216 613 2243 tertium
633 2215 690 2249 jam
718 2214 893 2249 Evangelium
922 2222 937 2242 a
961 2215 1035 2243 Luca

245 2263 440 2297 conscriptum.
464 2260 500 2287 Ea
517 2261 616 2296 quippe
636 2259 775 2295 provincia
792 2259 872 2287 Lucae
889 2260 1035 2288 commissa

246 2310 293 2336 uni
321 2317 354 2336 ex
378 2316 450 2335 LXXII
471 2307 626 2342 discipulis,
654 2314 724 2341 quos
745 2306 846 2334 Christi
872 2306 916 2334 ille
945 2314 1035 2334 sermo

245 2355 404 2386 dissipant,
420 2361 500 2389 quem
524 2353 623 2381 deinde
641 2351 742 2380 Paulus
764 2353 904 2387 apostolus
926 2360 1035 2380 revoca-

1089 2213 1144 2249 γὰρ
1157 2213 1298 2249 ἐπετράπη
1312 2212 1351 2248 τῷ
1363 2214 1463 2251 Λουκᾷ,
1477 2214 1533 2240 ὄντι
1547 2215 1592 2241 καὶ
1607 2214 1680 2250 αὐτῷ
1690 2215 1745 2250 (52)
1755 2215 1810 2242 ἀπὸ
1822 2215 1879 2242 τῶν

1094 2258 1294 2294 Ἑϐδομήκοντα
1311 2258 1357 2284 δύο
1372 2257 1425 2285 τῶν
1440 2259 1704 2294 διασκορπισθέντων
1717 2260 1763 2286 ἐπὶ
1775 2259 1814 2295 τῷ
1828 2262 1877 2288 τοῦ

1089 2307 1213 2342 Σωτῆρος
1233 2307 1319 2342 λόγῳ,
1336 2307 1378 2333 διὰ
1395 2307 1423 2333 δὲ
1441 2307 1547 2334 Παύλου
1562 2307 1608 2333 τοῦ
1625 2306 1703 2341 ἁγίου
1724 2307 1804 2334 πάλιν
1825 2309 1877 2335 ἑπ-

1087 2352 1295 2388 ανακάμψαντος
1312 2353 1379 2387 πρὸς
1392 2353 1438 2379 τὸν
1454 2353 1564 2388 Κύριον,
1581 2352 1777 2388 ὲπιτραπέντος
1788 2353 1816 2380 δὲ
1827 2354 1879 2381 αὖ·

282 2436 289 2449 ¹
307 2433 373 2460 LUC.
388 2441 432 2463 ιιι.
447 2434 492 2460 25.
507 2433 512 2444 ⁸
531 2434 541 2448 ²
559 2432 653 2460 Matth.
673 2441 692 2464 ι,
709 2432 752 2459 ‘20.
790 2433 800 2448 ³
816 2431 882 2459 Luc.
900 2427 940 2464 ιιιξ
956 2432 990 2459 25
1008 2440 1035 2467 sq

1106 2433 1116 2447 ⁸
1129 2432 1193 2459 ibid.
1210 2432 1254 2460 58.

283 2511 390 2545 (50)Διὰ
399 2511 431 2537 τὸ
440 2510 662 2545 μεμνηστεῦθαι
675 2511 853 2544 πρεσϐύτης.
865 2509 941 2542 Quod
957 2509 1030 2537 Jose-

239 2547 315 2582 .pltus
327 2547 404 2582 deero;
411 2547 464 2580 pita
482 2548 549 2582 jamr
567 2550 645 2573 attate
659 2545 771 2582 Mariam
781 2545 890 2582 duxerit
902 2549 978 2582 vetus
988 2550 1030 2572 est

244 2580 346 2617 opinio.
357 2581 644 2617 Quodautemiliberos
652 2588 689 2617 ex
702 2581 792 2616 priore
807 2580 898 2615 aliqua
913 2581 1029 2615 conjuge

244 2616 404 2652 susceperit,
421 2617 471 2644 etsi
488 2616 513 2642 id
527 2616 693 2650 Epiphanius
702 2616 800 2650 aliique
812 2620 916 2652 veteres
927 2623 1029 2652 memof

243 2654 291 2680 ria:
311 2650 491 2687 prodiderint,
524 2653 783 2687 reclamanttamen
810 2650 908 2677 merito
936 2651 1027 2678 cazteri

242 2686 348 2716 omnes.
366 2687 402 2713 De
417 2695 470 2720 qua
488 2694 518 2714 re
531 2686 662 2713 Baronius
681 2686 708 2712 in
725 2687 822 2719 Appar.

279 2723 333 2758 (51)
359 2722 512 2758 Ἐντεῦθεν
536 2721 649 2758 τοίνυν.
677 2721 743 2758 Πιεο
764 2720 953 2758 igitur-verba
985 2721 1030 2758 τοῦ

243 2755 310 2784 Θεοῦ
325 2755 328 2758 ’
344 2757 378 2784 ad
406 2756 500 2784 Jesum
520 2757 658 2792 pertinere
682 2756 796 2784 credidit
811 2755 909 2790 Epiph.
927 2763 981 2783 non
997 2757 1030 2783 ad

242 2794 386 2820 Adamum.

279 2828 334 2862 (52)
352 2826 394 2859 Τῷ
406 2827 518 2860 Λουκᾷ,
545 2827 607 2853 ὄντι
631 2827 680 2853 καὶ
694 2825 782 2858 αὐτῷ.
802 2826 879 2862 Qupo
901 2825 989 2862 Lucas
1014 2834 1030 2854 e

242 2860 441 2896 discipulorum
452 2869 565 2888 numero
581 2862 674 2892 fuerit,
688 2862 786 2888 asserit
799 2866 826 2888 et
840 2860 991 2896 Dorotheus
1002 2862 1029 2888 in

245 2895 368 2931 Synopsi,
383 2897 506 2932 quamvis
517 2897 543 2925 id
553 2898 647 2931 ipsum
659 2896 692 2925 ab
705 2904 738 2925 eo
749 2896 841 2932 negari
857 2895 1027 2925 Maldouatus

1083 2510 1235 2545 scripserit.
1263 2510 1317 2538 Sed
1346 2516 1442 2538 contra
1463 2511 1585 2539 sentiunt
1599 2511 1733 2546 plerique.
1751 2515 1778 2539 et
1797 2511 1824 2539 id
1841 2520 1876 2540 ex

1082 2546 1150 2579 ipsis
1165 2546 1249 2582 Luca;
1267 2546 1358 2573 verbis
1369 2547 1510 2581 colligunt,
1530 2555 1591 2574 cum
1613 2548 1668 2574 ait:
1684 2547 1778 2580 Ἔδοξε
1792 2548 1876 2582 κάμοὶ

1082 2581 1334 2617 παρηκολουθηκότι
1347 2582 1449 2608 ἄνωθεν
1465 2583 1547 2609 πᾶσιν
1563 2582 1684 2617 ἀκριϐῶς
1702 2581 1820 2616 καθεξῆς
1832 2581 1876 2609 om

1066 2615 1196 2677 -ἷρὰᾤαμ
1211 2615 1382 2644 δειιιειηιυιιι
1392 2618 1480 2648 abest.
1489 2622 1518 2644 ut
1530 2618 1587 2644 ham
1597 2615 1762 2652 discipulum
1772 2615 1875 2646 Christi

1096 2659 1177 2677 uisse.
1203 2659 1235 2677 ac
1263 2659 1318 2677 non
1339 2652 1478 2677 nlernnue.
1493 2660 1555 2677 eum
1581 2652 1615 2677 ab
1638 2660 1671 2677 eo
1699 2656 1872 2677 eererentur-

1096 2652 1177 2683 uisse,
1203 2659 1235 2678 ac
1263 2659 1318 2679 non
1339 2652 1478 2687 pleraque.
1493 2660 1556 2680 cum
1581 2652 1615 2679 ab
1638 2660 1671 2680 eo
1699 2656 1872 2687 gererentur,

1081 2687 1168 2714 oeulis
1183 2694 1331 2722 usurpasse
1348 2692 1456 2722 negent,
1471 2691 1502 2715 ut
1516 2687 1685 2714 contrarium
1704 2687 1797 2721 potius
1812 2688 1875 2715 hinc

1083 2722 1145 2748 elici
1164 2722 1258 2758 possit.
1290 2721 1407 2749 Verbum
1423 2723 1495 2750 enim
1505 2722 1727 2758 παρακολουθεῖν
1745 2730 1874 2750 nonnun-

1082 2764 1164 2791 quam
1181 2757 1214 2783 ad
1231 2764 1290 2784 eam
1317 2758 1441 2784 notitiam
1468 2757 1596 2789 refertur,
1612 2765 1673 2792 quae
1688 2758 1777 2785 oculis
1795 2758 1874 2792 ipsis,

1083 2799 1115 2818 ac
1130 2793 1240 2827 propria
1267 2792 1448 2828 intelligentia
1476 2798 1663 2828 comparatur.
1684 2801 1738 2820 non
1757 2793 1874 2820 aliorum

1081 2828 1263 2855 sermonibus.
1298 2827 1406 2863 Utetim
1437 2827 1569 2860 Demost.,
1594 2829 1623 2854 ὲν
1639 2828 1678 2863 τῷ
1696 2829 1764 2861 Περὶ
1779 2829 1875 2861 Παίω-

1080 2863 1251 2895 πρεσϐείας,
1267 2863 1301 2890 de
1313 2862 1455 2891 Eschine.
1476 2863 1556 2897 cujus
1578 2863 1606 2890 in
1623 2863 1758 2898 legatione.
1781 2871 1873 2890 conn-5

1079 2897 1184 2932 fuerat,
1211 2899 1252 2926 sic
1278 2898 1397 2926 loouitur
1414 2907 1420 2924 ε
1440 2899 1495 2931 Καὶ
1523 2900 1537 2925 ὁ
1566 2897 1663 2925 τούτού
1680 2898 1872 2934 πονηρεύματα
