1964 3047
106 165 158 195 909

446 162 631 191 ADVERSUS
650 162 821 191 HERESES
840 161 894 190 LIB

951 183 958 188 .
980 161 1061 189 ἸῸΜ.
1082 162 1091 189 1
1111 177 1147 182 -
1165 161 1302 189 ιΙᾸΞῐζΕΞ.
1323 161 1366 190 LI.

1684 160 1740 190 9m

105 223 151 250 τοῦ
163 223 280 259 κηρύξαι
291 222 320 249 τὺ
330 220 504 255 Εὐαγγνὲλιον·
518 221 565 247 καὶ
577 220 705 256 κηρύττει
721 221 829 257 πρῶτον
837 220 892 255 (35)

951 219 993 246 vit.
1025 218 1094 245 liuic
1116 218 1199 254 igitur
1222 218 1386 253 praedicandi
1415 218 1553 254 Evangelii
1574 226 1674 248 munus
1696 221 1739 248 est

104 271 134 296 ὲν
146 269 295 305 Δαλματίᾳ,
311 268 358 295 καὶ
371 267 481 302 Γαλλίᾳ,
497 267 544 293 καὶ
560 267 589 293 ὲν
609 267 718 303 Ἰταλίᾳ,
737 268 785 294 καὶ
800 267 895 294 Μακε-

103 315 188 351 δονίᾳ.
210 315 293 351 Ἀρχὴ
309 315 337 341 δὲ
349 315 378 341 ὲν
393 314 426 348 τῇ
440 312 550 348 Γαλλίᾳ·
568 313 607 344 ὡς
621 312 668 339 καὶ
678 312 741 348 περί
752 320 831 339 τινων
840 311 895 338 τῶν

103 362 188 388 αὐτοῦ
203 361 357 396 ἀκολούθων
376 361 450 396 λέγει
465 361 493 388 ἐν
511 361 571 391 ταῖς
589 358 672 385 αὑτοῦ
696 357 864 389 Ἐπιστολαῖς
880 358 896 383 ὁ

102 407 187 439 αὐτὸς
201 407 316 439 Παῦλος·
334 407 478 441 Κρίσκης,
494 405 587 441 φησιν,
602 405 637 431 ἐν
652 404 689 439 τῇ
702 402 893 438 Pallad“).

102 453 143 479 Οὐ
160 452 215 489 γὰρ
232 454 260 479 ὲν
273 453 307 488 τῇ
324 452 453 488 Γαλατίᾳ,
471 451 510 483 ὥς
528 459 601 482 τινες
621 449 803 485 πλανηθέντες
819 449 895 484 νομί-

105 498 209 531 ζουσιν,
219 498 287 525 ἀλλὰ
304 499 332 525 ὲν
345 500 380 535 τῇ
398 498 507 534 Γαλλίᾳ.

143 545 193 571 1Β¹.
209 545 282 579 Πλὴν
299 545 347 571 ἐπὶ
359 543 389 571 τὸ
407 542 586 579 προκείμενον
600 542 756 576 ἐλεύσομαι.
775 540 896 574 ’Λνενέγ-

106 600 206 623 καντος
217 591 271 626 γὰρ
283 589 329 617 τοῦ
343 590 434 617 Λουκᾶ
444 589 494 620 τὰς
502 588 678 623 γενεαλογίας
691 587 745 614 ἀπὸ
756 586 810 614 τῶν
823 587 896 613 κάτω

107 638 155 664 ἐπὶ
169 636 203 663 τὰ
218 636 283 668 ἀνω,
300 636 347 662 καὶ
364 635 516 670 φθάσαντος
534 635 584 667 τὴν
600 633 718 669 ἔμφασιν
735 631 896 668 ποιήσασθαι

103 684 155 719 τῆς
172 682 275 709 ἄνωθεν
287 682 335 709 τοῦ
346 681 414 708 Θεοῦ
429 681 515 715 Λόγου
528 680 689 716 παρουσίας,
704 678 772 714 ὁμοῦ
787 687 816 705 τε
832 686 895 704 συν-

103 726 238 762 αφθέντος
254 727 288 762 τῇ
307 725 431 761 ὲνσάρκῳ
450 724 533 751 αὐτοῦ
547 723 698 760 οἰκονομίᾳ,
718 724 763 749 ἵνα
781 722 897 757 ἀποτρέ-

103 773 189 808 ψηται
211 772 265 799 ἀπὸ
281 771 335 798 τῶν
352 770 566 806 πεπλανημένων
585 770 635 806 τὴν
654 769 769 804 πλάνην,
785 769 835 795 οὐκ
853 769 897 794 ὲν-

103 818 231 853 ενόησαν.
245 817 290 844 Διὸ
305 816 416 853 ὕστερον
431 815 581 850 ἀναγκάζει
596 815 627 842 τδ
640 816 717 850 ἅγιον
728 815 840 850 Πνεῦμα
850 815 896 841 τὸν

111 863 239 898 Ἰωάννην
261 862 479 898 παραιτούμενον
504 860 733 896 εὐαγγελίσασθαι
755 861 788 887 δι’
815 859 895 886 εὐλά-

102 909 182 936 ϐειαν
201 909 248 936 καὶ
270 907 519 944 ταπεινοφροσύνην
541 907 587 934 ἐπὶ
607 908 641 942 τῇ
667 905 790 942 γηραλέα
813 905 897 932 αὑτοῦ

105 954 209 991 ἡλικίᾳ,
227 954 297 990 μετὰ
308 953 356 990 ἐτη
372 954 534 989 ἐνενήκοντα
548 953 597 989 τῆς
610 951 707 979 ἑαυτοῦ
724 951 808 986 ζωῆς,
828 951 897 986 μετὰ

103 1002 155 1037 τὴν
175 1000 258 1028 αὑτοῦ
280 1001 334 1027 ἀπὸ
349 1001 399 1036 τῆς
418 1000 528 1035 uacuo-4
543 999 599 1035 (55)
623 997 761 1030 ἐπάνοδον,
785 997 834 1032 τὴν
851 996 898 1023 ἐπὶ

105 1047 242 1074 Κλαυδίου
257 1046 407 1082 γενομένην
423 1045 571 1082 Καίσαρος.
589 1045 644 1072 Καὶ
665 1043 734 1080 μετὰ
750 1044 830 1070 ἱκανὰ
850 1042 897 1078 ἐτη

103 1092 152 1118 *τοῦ
167 1092 306 1127 διατρίψαι
323 1091 404 1118 αὑτὸν
418 1091 473 1117 ἀπὸ
485 1090 533 1126 τῆς
554 1089 646 1121 Ἀσίας
657 1088 839 1123 ἀναγκάζεται
850 1088 897 1114 ὲκ-

104 1137 201 1165 θέσθαι
221 1137 251 1164 τὺ
267 1137 443 1171 Εὐαγγέλιον.
462 1136 517 1162 Καὶ
533 1135 583 1161 οὐκ
597 1133 631 1170 ἦν
647 1134 722 1170 αὐτῷ
739 1134 819 1170 χρεία
833 1133 897 1169 περὶ

107 1184 157 1219 τῆς
182 1183 316 1219 ὲνσάρκου
339 1182 529 1218 πραγματείας
554 1181 736 1215 λεπτολογεῖν’
764 1180 814 1216 ἤδη
843 1180 898 1215 γὰρ

107 1230 268 1265 ὴσφάλιστο.
290 1229 370 1256 Ἀλλὰ
383 1229 421 1261 ὡς
433 1228 547 1255 κατόπιν
557 1227 638 1254 τινῶν
650 1227 760 1262 βαίνων,
771 1227 817 1253 καὶ
827 1226 898 1262 ὁρῶν

107 1276 206 1308 αὐτοὺς
225 1277 271 1302 ἐπὶ
290 1276 324 1303 τὰ
346 1275 499 1311 ἔμπροσθεν
517 1275 606 1306 ὂντας,
628 1274 675 1300 καὶ
689 1273 736 1300 ἐπὶ
750 1273 783 1300 τὰ
797 1273 898 1309 τραχύ-

92 1331 175 1359 .τερα
192 1322 304 1355 ἑαυτοὺς
316 1322 500 1353 ἐκδεδωκότας
529 1321 576 1348 καὶ
591 1320 695 1352 πλάνας
711 1319 757 1346 καὶ
776 1319 899 1347 ἀκανθώ-

105 1367 150 1403 δη,
168 1367 387 1394 ἀνακαλέσασθαι
402 1367 501 1398 αὐτοὺς
513 1367 552 1398 είς
567 1365 673 1392 εὐθεῖαν
685 1366 744 1392 όδὸν
755 1365 899 1401 προνοοῦν-

105 1421 163 1446 τος,
187 1413 234 1440 καὶ
257 1413 474 1448 ἀσφαλιζομένου
503 1411 770 1448 ἐπικηρυκεύσασθαι
795 1411 896 1443 αὐτοῖς·

107 1459 155 1485 καὶ
171 1456 241 1485 εἷπε·
258 1459 291 1485 Τί
306 1458 442 1485 πλανᾶσθε
452 1466 460 1490 ;
471 1458 674 1494 ποίτρέπεσθε;
689 1458 735 1485 ποῖ
750 1457 897 1489 πλανᾶσθε,

107 1505 239 1541 Κήρινθε,
254 1505 302 1532 καὶ
321 1505 427 1538 Ἐϐίων,
440 1505 487 1531 καὶ
500 1505 525 1531 οἱ
542 1504 631 1537 anet;
646 1505 702 1531 Οὐκ
717 1503 789 1530 ἐστιν
802 1503 898 1535 οὕτως,

107 1551 146 1582 ὡς
165 1551 298 1586 νομίζετε.
320 1551 373 1577 Nat
393 1551 524 1587 ἐγεννήθη
540 1552 554 1577 ὁ
572 1551 688 1587 Χριστὸς
708 1550 777 1577 κατὰ
797 1550 898 1585 σάρκα.

107 1597 197 1633 δῆλον.
219 1597 284 1624 Ἰδοὺ
299 1597 353 1632 γὰρ
367 1596 448 1628 αὐτὸς
462 1596 596 1632 ὁμολογῶ,
611 1597 653 1623 ὅτι
674 1596 701 1622 Ὁ
712 1596 807 1631 Λόγγος
821 1594 900 1630 σὰρξ

106 1643 236 1679 ἐγένετο.
259 1643 338 1670 Ἀλλὰ
352 1643 398 1678 μὴ,
412 1642 486 1675 ἐξότε
497 1643 607 1677 ἐγένετο
621 1643 699 1679 σὰρξ,
714 1643 843 1678 νομίσητε
855 1642 901 1669 τὸν

108 1689 189 1716 αὐτὸν
203 1687 283 1716 εἶναι.
297 1690 354 1716 Οὐκ
365 1689 423 1716 ἐστι
437 1689 491 1724 γὰρ
506 1689 560 1716 ἀπὸ
570 1689 674 1724 χρόνων
686 1688 795 1724 Μαρίας
808 1688 900 1723 μόνον,

108 1736 147 1768 ὡς
159 1736 274 1767 ἕκαστος
289 1735 369 1770 ἡμῶν
382 1736 430 1770 ἀφ’
440 1735 501 1761 ὅτου
515 1735 642 1769 γεννᾶται
654 1734 782 1770 ὑπάρχει·
796 1735 860 1770 πρὶν
871 1734 901 1761 δὲ

106 1781 155 1809 τοῦ
168 1781 341 1818 γεννηθῆναι,
356 1781 406 1808 οὐκ
420 1779 501 1808 εἷναι.

947 265 1096 298 creditum;
1115 265 1196 300 idque
1208 264 1267 300 ipse
1288 265 1406 299 primum
1431 265 1459 292 in
1475 265 1620 298 Dalmatia,
1640 265 1739 298 Gallia.

945 309 1022 338 Italia
1043 316 1070 338 et
1094 310 1252 337 Macedonia
1276 310 1423 345 praestitit;
1449 310 1497 338 sed
1523 311 1551 339 in
1573 311 1662 339 Callia
1684 319 1741 347 prae

946 357 1071 390 caeteris;
1089 360 1120 384 ut
1135 357 1169 384 de
1190 356 1328 384 nonnullis
1351 356 1499 385 comitibus
1518 357 1576 385 suis
1596 357 1699 385 Paulus
1712 358 1741 385 in

946 402 1076 438 Epistolis
1105 406 1243 430 testatur:
1265 402 1409 434 Crescens.
1436 402 1540 438 inquit,
1563 405 1590 430 in
1615 403 1704 431 Gallia
1718 404 1740 432 '.

945 449 1005 476 Non
1022 449 1093 476 enim
1111 449 1138 476 in
1156 448 1260 476 Galatia
1276 448 1418 483 legendum
1439 453 1498 482 est,
1522 454 1553 477 ut
1576 450 1741 485 quibusdam

946 495 1086 522 immerito
1104 495 1216 531 placuit,
1235 494 1282 522 sed
1298 495 1327 521 in
1344 492 1441 521 Gallia.

982 541 1039 569 XII.
1057 541 1111 569 Sed
1132 545 1162 569 ut
1186 541 1219 569 ad
1240 541 1395 568 institutum
1414 540 1523 569 redeam
1539 549 1546 568 :
1564 549 1627 569 cum
1652 541 1741 570 Lucas

947 587 982 614 ab
1006 586 1184 615 inferioribus
1208 587 1241 614 ad
1270 587 1413 621 superiora
1436 587 1625 622 generationes
1645 587 1742 622 perdit.

946 633 1042 664 xisset,
1068 640 1100 660 ac
1122 633 1244 660 divinum
1261 631 1380 660 Verbum
1397 640 1412 660 e
1429 633 1499 659 cmlo
1518 633 1659 668 delapsum
1680 640 1742 661 esse

947 679 1148 714 signiﬁcasset;
1173 679 1311 714 simulque
1333 684 1467 714 suscepta}
1485 679 1577 706 carnis
1597 679 1631 706 ab
1645 679 1741 707 eodem

947 725 1106 760 mysterium
1128 724 1277 760 attigisset,
1294 729 1323 752 ut
1342 731 1430 753 caecos
1451 724 1575 752 homines
1594 724 1629 752 ab
1649 732 1743 752 errare

947 774 1097 803 revocaret,
1114 770 1167 798 hoc
1188 770 1226 797 illi
1249 774 1341 797 tamen
1361 769 1470 804 assequi
1495 769 1685 804 nequiverunt.
1700 769 1742 798 0b

950 816 978 843 id
995 816 1094 844 deinde
1111 815 1231 851 Spirilus
1246 819 1358 844 sanctus
1369 815 1516 847 Joannem,
1530 815 1646 843 invitum
1662 816 1741 850 licet,

947 869 979 889 ac
998 861 1129 897 religione
1144 861 1262 896 quadam
1290 865 1318 888 et
1345 861 1429 888 animi
1456 861 1642 889 moderatione
1667 861 1742 890 defu-

949 908 1078 943 gientem,
1094 907 1127 935 ad
1144 907 1320 936 scribendum
1335 906 1513 942 Evangelium
1528 907 1645 942 impulit,
1660 907 1744 945 ωε,

949 953 1044 981 affecta
1064 954 1121 989 jam
1145 957 1234 987 aetate,
1262 957 1355 989 utpote
1380 953 1427 988 qui
1453 953 1509 988 jam
1534 954 1742 989 nonagesimum

948 1006 1049 1026 annum
1075 998 1235 1029 excederet.
1261 995 1405 1032 postquam
1425 1005 1440 1024 a
1468 997 1563 1025 Patmo
1587 998 1677 1025 insula
1703 1006 1742 1026 re-

950 1052 1044 1072 versus
1058 1047 1110 1078 est,
1135 1044 1207 1080 quod
1221 1044 1330 1079 quidem
1349 1043 1462 1070 Claudio
1488 1043 1639 1078 imperante
1657 1045 1744 1071 conti-

947 1091 996 1126 git.
1012 1090 1195 1124 Quamobrem
1211 1098 1273 1119 cum
1294 1090 1395 1117 multos
1411 1089 1466 1125 jam
1487 1097 1575 1119 annos
1595 1091 1742 1119 mansisset

948 1137 975 1163 in
991 1136 1066 1168 Asia,
1085 1135 1261 1172 Evangelium
1281 1136 1402 1165 scribere
1421 1140 1535 1164 coactus
1555 1140 1608 1164 est.
1633 1137 1662 1164 in
1688 1145 1743 1172 quo

947 1182 1016 1209 nihil
1034 1189 1103 1218 opus
1121 1182 1215 1210 habuit
1241 1182 1397 1211 accuratius
1420 1190 1452 1210 ea
1475 1182 1606 1211 mandare
1632 1183 1742 1214 litteris.

948 1236 1008 1263 qua!
1026 1228 1163 1261 Christus,
1179 1232 1313 1264 quatenus
1334 1236 1419 1257 carne
1442 1234 1501 1257 erat
1531 1228 1673 1264 praeditus,
1687 1229 1744 1257 edi-

948 1274 1043 1302 disset.
1064 1273 1127 1301 Haec
1149 1274 1222 1301 enim
1245 1274 1364 1302 stabilita
1381 1274 1438 1309 jam
1459 1282 1492 1302 ac
1515 1275 1664 1302 constituta
1688 1274 1743 1302 fue-

948 1323 1020 1346 rant.
1040 1319 1094 1347 Sed
1107 1319 1219 1354 perinde
1231 1320 1296 1354 egit,
1313 1327 1346 1347 ac
1363 1320 1386 1347 si
1409 1325 1470 1355 post
1491 1320 1561 1348 alios
1580 1320 1743 1354 ambularet,

948 1373 1018 1401 quos
1032 1371 1060 1394 et
1073 1366 1264 1394 antecedentes
1278 1370 1414 1399 cerneret,
1429 1371 1457 1394 et
1471 1374 1519 1402 per
1533 1367 1696 1402 confragosa
1711 1374 1743 1394 ae

949 1413 1035 1447 spinis
1052 1412 1141 1440 obsita
1157 1412 1227 1444 loca,
1245 1416 1272 1440 et
1284 1412 1445 1440 diverticula
1459 1411 1614 1448 gradientes
1631 1413 1658 1440 in
1671 1413 1743 1440 viam

949 1466 1078 1486 revocare
1106 1463 1228 1494 cuperet,
1248 1463 1275 1487 et
1298 1459 1326 1486 in
1349 1463 1437 1486 tutum
1458 1459 1600 1492 reducere,
1625 1460 1664 1486 ita
1689 1459 1742 1486 illis

949 1504 1115 1531 denuntians
1143 1508 1170 1532 et
1195 1504 1374 1532 exclamans:
1390 1504 1462 1538 Quid
1481 1505 1597 1532 erratis?
1617 1512 1673 1540 quo
1695 1512 1743 1532 vos

952 1550 1132 1577 convenitis?
1151 1557 1220 1585 quos
1245 1549 1387 1578 anfractus
1402 1550 1535 1586 quaeritis,
1558 1554 1587 1577 tu
1604 1550 1743 1583 Cerinthe,

953 1600 981 1624 tu
998 1596 1109 1629 Marcio,
1128 1604 1231 1632 vosque
1248 1597 1355 1624 ueteri?
1374 1596 1433 1625 Non
1449 1597 1487 1624 ita
1503 1605 1534 1625 se
1548 1605 1592 1626 res
1609 1597 1701 1630 habet,
1715 1601 1742 1624 ut

953 1642 1074 1670 creditis.
1089 1642 1216 1670 Christus
1232 1642 1342 1678 quidem
1365 1643 1516 1671 secundum
1531 1651 1643 1672 carnem
1663 1647 1743 1671 natus

951 1692 1004 1719 est.
1020 1696 1108 1723 neque
1125 1688 1176 1715 hoc
1193 1689 1340 1717 obscurum
1359 1694 1412 1718 est.
1431 1689 1508 1718 Ultro
1526 1690 1552 1718 id
1566 1698 1618 1726 ego
1636 1690 1742 1718 fateor:

960 1733 1081 1767 Verbum,
1105 1734 1226 1769 inquam,
1242 1742 1307 1762 caro
1333 1734 1433 1769 factum
1454 1740 1493 1763 est
1508 1736 1529 1762 '.
1545 1734 1644 1763 Verum
1662 1743 1697 1763 ne
1711 1736 1742 1763 al‘

953 1787 986 1807 eo
1000 1780 1088 1808 solum
1104 1783 1227 1815 tempore
1251 1788 1305 1815 quo
1330 1789 1396 1809 caro
1421 1781 1522 1810 factum
1543 1787 1596 1815 est,
1619 1782 1742 1810 eumdem

109 1828 195 1856 fuisse
224 1831 356 1864 putatote.
386 1826 478 1863 Neque
507 1826 579 1854 enim
610 1834 625 1853 a
658 1825 749 1853 Mariae
775 1830 897 1862 tempore
914 1826 1046 1854 duntaxat
1073 1827 1198 1861 exstitit;
1230 1827 1459 1863 quemadmodum
1491 1828 1605 1863 quilibet
1620 1831 1742 1856 nostrum

108 1877 165 1901 tum
181 1882 243 1902 eum
260 1878 341 1902 natus
354 1877 406 1907 est,
422 1881 483 1902 esse
504 1873 605 1908 coepit;
626 1881 677 1901 nec
695 1877 840 1908 antequam
854 1877 1013 1901 nasceretur
1029 1873 1084 1900 ullo
1101 1873 1182 1901 modo
1201 1873 1262 1901 fuit.

150 1923 179 1949 '0
201 1923 228 1949 6i-
248 1922 326 1956 ἆγιος
339 1922 404 1954 Θεὸς
426 1922 523 1956 Λόγος,
538 1921 602 1953 Υίδς
617 1921 663 1948 τοῦ
684 1921 763 1954 Θεοῦ,
783 1921 902 1957 Χριστὸς

109 1966 212 2003 Κύριος
226 1967 305 2002 ἡμῶν
324 1966 437 2003 Ἰησοῦς,
455 1967 505 1993 οὐκ
521 1966 596 1993 ἐστιν
610 1966 665 1993 ἀπὸ
675 1965 779 2001 χρόνων
791 1967 902 2000 Μαρίας

109 2014 190 2049 μόνον
229 2013 290 2040 οὔτε
314 2013 369 2040 ἀπὸ
384 2014 488 2049 χρόνων
516 2013 615 2049 Ἰωσὴφ
633 2013 723 2048 μόνον,
747 2012 809 2039 οὗτε
831 2012 901 2044 Ἠλὶ,

110 2058 173 2086 οὔτε
190 2058 265 2092 Δευῒ,
280 2058 342 2085 οὔτε
355 2059 517 2095 Ζοροϐάὸελ,
532 2059 594 2086 οὔτε
610 2058 754 2094 Σαλαθιήλ,
771 2058 833 2085 οὗτε
846 2058 902 2085 Νά-

147 2136 155 2152 ¹
171 2135 191 2162 ll
207 2135 277 2162 Tim.
294 2144 331 2168 tv,
351 2135 393 2162 10.
431 2137 441 2151 ¹
455 2135 534 2163 Joan.
552 2144 571 2168 ι,
587 2136 630 2163 Η.

110 2214 198 2246 εἰδὼς,
210 2249 215 2250 γ
228 2215 275 2241 καὶ
302 2214 552 2250 παρηκολουθηκὼς
570 2214 656 2242 ἅπασι
681 2213 838 2250 κατηγορῶ.
855 2213 901 2241 Sic

110 2250 193 2286 igitur
208 2249 296 2277 Lucas
312 2249 414 2286 ἄνωθεν
435 2249 703 2286 παρηκολουθηκέναι
720 2249 802 2277 πᾶσιν
822 2249 901 2285 ἀκρι-

130 2285 168 2317 ῶς
192 2286 304 2318 dicitur,
332 2285 384 2312 hoc
409 2289 450 2312 est
467 2285 844 2320 Comperta.explorataque.
868 2292 900 2311 ac

113 2325 234 2355 spectata
251 2320 332 2348 etiam
353 2321 492 2348 habuisse.
513 2321 552 2347 Ac
566 2321 653 2348 videri
672 2324 771 2356 potest,
790 2324 817 2348 et
832 2327 901 2347 non-

112 2356 187 2383 nulla
202 2356 245 2383 hic
262 2355 407 2384 antithesis
431 2364 502 2388 esse,
519 2359 548 2382 ut
570 2364 632 2383 cum
648 2355 790 2388 superiore
817 2362 899 2382 versu

112 2392 211 2432 dixerit
224 2399 230 2417 :
244 2391 471 2432 Quandoquidem
491 2391 572 2432 multi
585 2399 630 2418 res
644 2398 658 2417 a
672 2391 782 2432 Christo
797 2394 900 2432 lgestas

111 2427 232 2454 scribere
258 2425 379 2462 aggressi
408 2431 483 2458 sunt,
506 2425 772 2462 καθὼςνπαρέδοσαν
792 2427 860 2462 ἡμῖν
875 2426 899 2451 oi

110 2462 156 2498 ᾴπ’
171 2462 267 2498 ᾁρχῆςς
280 2461 375 2489 ειοῑίιιι
384 2462 511 2496 subjiciat
524 2461 628 2498 ιἘδοξε
636 2461 720 2497 κάμοὶ
731 2461 901 2498 παρηκολου-

110 2496 216 2533 θηκότι,
231 2496 282 2524 hoc
302 2501 354 2528 est,
370 2498 421 2533 qui
448 2505 515 2529 non,
531 2501 560 2524 ut
576 2497 625 2528 illi,
656 2496 696 2533 est
712 2496 899 2533 παραδόσεως,

111 2532 158 2559 sed
174 2541 206 2559 ex
223 2533 333 2567 propria
351 2531 389 2559 id’
407 2532 522 2560 scientia
547 2532 739 2567 compererim.
754 2531 900 2567 Caeterum

110 2566 346 2595 tametsi’ail’eum
363 2575 474 2595 sensum
497 2566 697 2595 accommodari
718 2567 799 2595 Luca:
816 2566 899 2594 verba

110 2603 332 2638 nihilrprohibet,
353 2611 406 2630 non
426 2603 530 2630 idcirco
547 2607 637 2629 tamen
657 2602 759 2630 Christi
777 2603 900 2638 discipu-

110 2638 166 2664 lum
181 2637 267 2666 fuisse
280 2643 356 2665 certo
379 2639 555 2673 pronuntiare
571 2638 670 2673 ausim,
687 2646 750 2664 cum
769 2638 832 2664 huic
849 2637 899 2673 ads

109 2675 214 2709 versari
226 2675 368 2702 sententiae
380 2671 464 2709 longe
483 2674 575 2709 plures
596 2672 649 2700 PP.
667 2673 828 2708 intelligam.
846 2671 898 2699 Sed

110 2708 162 2735 ista
179 2709 402 2741 commemoravi,
420 2713 449 2735 ut
466 2717 499 2736 ne
520 2708 600 2736 Lucae
614 2709 666 2743 ipsi
689 2708 723 2735 de
740 2716 770 2736 se
787 2708 899 2735 testanti

112 2743 243 2779 refragari
256 2745 401 2779 quisquam
418 2744 598 2779 Epiphanium
615 2743 774 2779 arbitretur.

147 2778 202 2815 (55)
214 2780 268 2805 Καὶ
282 2778 418 2814 κηρύττει
434 2778 562 2815 amator.
578 2778 682 2815 Lucam
691 2779 718 2805 in
731 2778 816 2806 Gallia
827 2785 898 2815 praef

112 2813 228 2847 dicasse,
246 2813 347 2846 nullus,
368 2814 440 2849 quod
466 2815 562 2844 sciam.
579 2813 707 2848 prodidit.
720 2815 808 2849 Atque
826 2814 897 2840 haud

112 2850 170 2886 scio
187 2858 220 2876 an
232 2849 345 2886 Calliam
362 2850 529 2885 Cisalpinam
546 2849 689 2886 itllciligttl,
709 2857 757 2886 per
769 2857 850 2885 quam
870 2850 896 2876 in

112 2883 280 2916 Dalmatiam,
295 2883 480 2920 Graeciamque
492 2885 672 2914 contenderit.

985 1922 1021 1948 At
1049 1927 1243 1950 sacrosanctus
1270 1921 1342 1950 Deus
1369 1921 1500 1955 Verbum,
1526 1928 1558 1948 ac
1583 1921 1631 1949 Dei
1647 1920 1742 1950 Filius.

948 1966 1075 1996 Christus
1087 1966 1168 1995 Jesus
1181 1967 1314 1995 Dominus
1326 1971 1430 2001 noster,
1453 1976 1506 1995 non
1519 1975 1534 1994 a
1549 1967 1640 1995 Mari-te
1655 1968 1744 1996 solum

950 2016 1072 2048 tempore
1085 2020 1147 2041 esse
1162 2014 1255 2049 coepit,
1269 2021 1357 2049 neque
1369 2013 1481 2049 Joseph,
1495 2013 1536 2041 vel
1550 2013 1602 2046 Eli,
1613 2013 1656 2041 vel
1666 2012 1743 2047 Levi,

950 2058 993 2086 vel
1005 2058 1167 2093 Zorobabel,
1184 2059 1228 2087 vel
1239 2057 1380 2093 Salathiel,
1394 2059 1437 2087 vel
1453 2058 1572 2093 Nathan,
1585 2058 1628 2087 vel
1639 2058 1743 2093 David;

916 2233 940 2264 D
990 2214 1046 2249 (34)
1061 2215 1205 2249 Κρίσκης,
1221 2214 1333 2249 φησὶν.
1358 2214 1393 2241 ἐν
1422 2214 1460 2249 τῇ
1477 2215 1604 2248 Γαλλίᾳ.
1627 2215 1685 2242 lmo
1704 2216 1745 2248 είς

953 2250 1078 2276 Γαλλίαν.
1092 2249 1158 2276 Nam
1179 2251 1260 2276 vulso
1283 2251 1323 2276 εἰς
1346 2250 1489 2276 Γαλατίαν.
1511 2250 1578 2276 Otia:
1599 2255 1642 2276 est
1667 2255 1745 2276 vetu-

974 2250 1078 2276 αλλίαν.
1092 2249 1158 2277 Nam
1179 2251 1260 2285 vulgo
1283 2251 1323 2282 εἰς
1346 2250 1489 2277 Γαλατίαν.
1511 2250 1578 2282 Qua:
1595 2255 1642 2285 est
1663 2255 1745 2285 rvetu-

952 2285 1074 2320 stissima
1102 2290 1130 2312 et
1151 2284 1306 2313 certissima
1342 2285 1434 2317 lectio,
1466 2284 1600 2320 quidquid
1629 2284 1745 2313 aiiirmet

952 2319 1130 2355 Epiphanius.
1159 2320 1246 2353 Quam
1264 2324 1291 2347 et
1313 2321 1448 2347 Eusebius
1479 2321 1498 2347 Ι.
1519 2319 1549 2347 ni
1575 2319 1661 2353 Νίκα,
1679 2321 1743 2352 c.4.

951 2355 1106 2391 Chrysost.,
1126 2355 1298 2386 Ambrosius,
1320 2355 1520 2391 Tlieodoretus,
1549 2363 1581 2382 ac
1602 2355 1701 2387 ϐπερὶ.
1718 2361 1745 2383 et

951 2390 1041 2418 Latini
1074 2398 1171 2418 omnes
1196 2394 1360 2426 agnoscunt.
1376 2390 1537 2426 Quanquam
1561 2399 1615 2418 nou
1632 2391 1743 2422 desunt.

951 2425 1064 2487 qui_per
1074 2425 1296 2459 Γαλατίανὶιρυα
1312 2426 1426 2453 Paulum
1446 2425 1561 2453 Galliam
1581 2427 1743 2467 intelligant,

951 2465 982 2487 ut
1024 2461 1207 2487 'heodoretus.
1237 2460 1413 2487 Crescentem
1441 2469 1507 2487 vero
1544 2460 1694 2487 Galliarum
1717 2467 1743 2487 et

951 2465 982 2488 ut
1008 2460 1207 2489 Theodoretus.
1237 2460 1413 2489 Crescentem
1441 2469 1507 2488 vero
1544 2460 1695 2488 Galliarum
1717 2467 1745 2490 et

951 2495 1076 2534 Gal_atiae_
1090 2497 1369 2534 pariterkapostolum
1391 2497 1487 2528 fuisse.
1505 2496 1564 2523 Ado
1575 2497 1611 2534 in
1627 2496 1740 2534 Martyr.

951 2540 967 2558 ν
985 2531 1045 2560 Kal.
1061 2530 1116 2560 Jul.
1146 2533 1173 2559 in
1190 2530 1318 2559 Chronico
1333 2535 1460 2564 testatur,
1476 2535 1506 2558 ut
1525 2535 1552 2559 et
1574 2530 1654 2559 Rom.
1672 2530 1745 2559 Mitr-

951 2571 1004 2601 tyr.
1018 2574 1129 2596 novum.
1146 2566 1231 2594 Vetus
1243 2567 1315 2594 enim
1332 2567 1445 2594 Galatiae
1459 2566 1593 2594 duntaxat
1608 2567 1742 2595 meminit.

950 2603 1073 2638 Etrcerte
1085 2602 1203 2630 dubitari
1214 2606 1314 2638 potest.
1329 2607 1420 2629 utrum
1435 2610 1490 2629 non
1502 2601 1583 2629 modo
1597 2601 1743 2638 Crescens,

951 2637 999 2665 sed
1025 2639 1069 2666 vel
1098 2638 1170 2666 alius
1192 2638 1337 2673 quisquam
1366 2646 1414 2673 per
1440 2637 1486 2664 illa
1501 2641 1626 2672 tempora
1645 2637 1743 2665 Galliis

950 2672 1091 2708 Evangelii
1103 2675 1190 2701 lucem
1203 2672 1373 2708 'importarit.

985 2705 1040 2743 (55]
1054 2709 1134 2736 Μετὰ
1143 2708 1202 2743 τὴν
1217 2705 1310 2735 αὑτοῦ
1324 2708 1383 2735 ἀπὸ
1401 2707 1456 2742 τῆς
1471 2709 1603 2743 Πάτμου.
1616 2705 1677 2743 N_ou
1692 2707 1742 2743 igi-

950 2741 996 2779 tur
1019 2741 1048 2771 in
1073 2741 1179 2771 Patmo‘
1200 2743 1312 2778 scripsit
1337 2741 1540 2779 Evangeliumi
1556 2743 1604 2771 sed
1629 2741 1740 2779 Ephesi.

949 2778 1043 2814 Neque
1063 2787 1127 2807 vero
1154 2779 1206 2807 sub
1233 2776 1358 2810 Claudio,
1381 2776 1428 2806 sed
1452 2779 1504 2807 sub
1519 2777 1607 2806 Nerva
1624 2776 1744 2814 Cocceio

950 2815 984 2850 ab
998 2812 1098 2842 exsilio
1111 2822 1237 2842 reversus
1254 2817 1307 2845 est,
1322 2814 1448 2848 quamvis
1463 2814 1562 2842 iterum
1578 2816 1674 2850 postea
1690 2812 1744 2848 sub

949 2849 1064 2878 Claudio
1086 2854 1241 2878 revocatum
1265 2849 1374 2877 asserit.
