1964 3047
194 125 247 154 915

893 127 923 155 S.
951 123 1125 154 EPIPHANH

1784 116 1853 144 9ιῦ

193 191 256 219 qua:
280 183 362 219 paulo
385 187 449 211 ante
476 184 749 211 commemoravimus
765 191 771 210 :
787 182 856 217 Quia
885 183 987 211 inveni-

1053 182 1070 209 ὰ
1087 179 1284 217 προειρημένα·
1303 179 1365 206 Ὅτι
1382 178 1539 214 εὑρήκαμεν
1554 175 1686 203 Μεσσίαν-
1703 173 1751 200 καὶ
1767 173 1851 206 ἀγα-

195 237 257 257 mus
274 228 414 263 Messiam;
431 229 526 264 sicque
543 229 619 256 illum
644 229 677 257 ad
698 228 838 256 Christum
857 229 989 263 perduce-

194 279 247 308 ret,
264 278 316 303 etc.
334 274 434 303 Secuta
447 281 512 303 sunt
533 276 579 303 illa
598 277 738 312 deinceps,
765 281 796 305 ut
819 277 844 305 ei
860 276 963 304 diceret
980 286 986 303 :

197 321 237 349 Tu
252 322 386 350 vocaberis
412 322 523 357 Cephas.
547 322 582 350 In
607 325 754 351 crastinum
773 323 865 357 valuit,
890 323 987 358 inquit,

196 367 268 394 exire
294 368 321 394 in
342 367 498 400 Catilinam,
519 373 544 396 et
571 369 668 396 invenit
687 369 856 404 Philippum,
876 375 901 396 et
923 368 988 395 dicit

196 414 222 441 ei
232 412 311 441 Iesus
325 423 335 442 :
348 414 460 450 Sequere
475 424 525 443 me.
541 415 608 443 Erat
620 422 708 443 autem
726 415 864 451 Philippus
879 424 896 442 α
909 415 990 442 Beth-

198 460 287 493 taida,
301 462 405 489 civitate
423 462 536 490 Andr-ere
550 467 575 489 et
592 462 697 490 Petri‘.
711 461 796 491 Vides
816 462 991 498 quemadmo-

198 505 264 535 dum
278 508 453 543 cogitandum
478 509 557 536 nobis
576 509 643 537 illud
661 509 798 545 relinquat
812 517 820 542 ;
835 517 868 536 ex
882 508 991 536 duobus

199 553 255 581 iliis
268 552 381 582 Joannis
402 554 556 590 discipulis,
568 555 616 591 qui
638 555 778 584 Christum
801 555 887 583 secuti
908 558 989 586 sunt;

199 607 317 636 quorum
334 601 416 640 unius
440 609 550 633 nomen.
570 602 686 630 Andreae
712 602 828 635 scilicet,
844 602 990 637 expressit,

200 646 314 675 alterius
331 647 429 680 tacuit,
446 647 520 675 hunc
538 648 626 683 ipsum
645 656 706 677 esse
730 648 895 684 Philippum.
912 648 991 682 cujus

200 699 300 719 nomen
322 696 365 720 est
388 693 532 725 omissum,
547 692 620 728 quod
634 697 661 721 et
676 693 816 729 popularis
825 693 990 728 ejus'csset,

201 738 283 775 537
301 743 328 767 et
352 739 568 773 contubernalis,
594 744 621 768 et
649 741 773 768 eamdem
799 744 884 768 artem
909 744 992 775 atque

201 785 338 821 opiﬁcium
352 789 501 813 exerceret.
517 786 574 814 Nisi
590 786 661 814 forte
679 785 812 814 Joannem
833 787 930 820 mavis,
946 791 992 813 aut

201 830 332 859 Jacobum
349 831 471 860 Zebedaei
489 831 583 859 ﬁlium.
606 831 714 860 Primos
730 832 802 859 enim
820 832 911 859 vocari
932 832 993 859 illos

1038 230 1097 263 γεῖν
1109 227 1190 254 αὑτὸν
1203 226 1272 261 πρὸς
1282 225 1327 252 τὸν
1337 224 1450 260 Κύριον,
1463 223 1510 249 καὶ
1522 222 1555 249 τὰ
1567 221 1639 256 ἑξῆς.
1655 219 1710 246 Καὶ
1725 219 1765 250 ὡς
1779 218 1862 253 ἔχει,

1038 277 1055 311 ὴ
1073 272 1230 305 ἀκολουθία,
1248 273 1288 299 ὅτι
1309 270 1386 298 εἶπεν
1406 269 1489 305 αὐτῷ·
1505 269 1548 296 Σὺ
1561 267 1701 301 κληθήσῃ
1715 264 1847 311 Κηφᾷς.

1039 310 1094 349 Καὶ
1105 320 1141 354 τῇ
1155 319 1299 354 ἐπαύριον
1312 316 1455 352 ἠθέλησε,
1473 315 1567 351 φησὶν,
1577 312 1712 346 ἐξελθεῖν
1720 313 1765 344 εις
1778 310 1849 344 τὴν

1040 366 1222 396 Γαλιλαίαν,
1252 365 1302 392 καὶ
1328 364 1462 398 εὑρίσκει
1490 362 1650 391 Φίλιππον,
1678 360 1726 386 καί
1752 358 1847 392 λέγει

1040 412 1121 444 αὐτῷ
1133 413 1150 438 ὁ
1170 410 1294 445 Ἰησοῦς·
1317 410 1484 436 Ἀκολούθει
1497 417 1559 443 μοι.
1574 405 1630 435 Ἦν
1641 407 1674 432 δὲ
1684 406 1847 436 Φίλιππος

1041 458 1100 486 ἀπὸ
1114 456 1278 492 Βηθσαϊδᾶ,
1299 457 1333 483 ἐκ
1348 456 1465 487 πόλεως
1489 453 1624 488 Ἀνδρέου
1643 452 1690 479 καὶ
1708 451 1846 485 Πέτρου-

1041 506 1095 533 Καὶ
1109 505 1186 540 ὁρᾷς,
1208 504 1249 530 ὃτι
1270 503 1301 530 τὸ
1319 502 1494 538 διανοηθῆναι
1511 502 1577 536 ἡμῖν
1591 500 1707 530 δίδωσιν,
1722 499 1764 524 ὅτι
1781 497 1845 523 τῶν

1040 550 1088 577 δύο
1112 549 1167 576 τῶν
1195 548 1438 584 ἀκολουθησάντων
1468 545 1695 582 μαθητευομένων
1723 544 1771 578 μὲν
1800 542 1847 578 τῷ

1041 596 1163 632 Ἰωάννῃ,
1181 595 1209 628 ἐξ
1223 592 1260 622 ὧν
1275 594 1335 626 ἑνὸς
1350 594 1380 620 τὸ
1398 593 1483 628 δνομα
1503 592 1624 628 εἴρηκεν,
1644 591 1686 617 ὅτι
1706 589 1846 625 ’Λνδρέας

1041 640 1085 679 ἦν,
1105 642 1152 668 τοῦ
1166 641 1195 668 δὲ
1209 641 1289 668 ἄλλου
1313 641 1363 667 οὐκ
1385 639 1505 675 εἴρηκεν·
1520 638 1558 669 ὡς
1579 635 1741 664 διανοεῖσθαι
1760 635 1846 671 ἡμᾶς

1041 688 1136 715 τοῦτον
1147 686 1226 719 εἶναι,
1237 683 1268 713 οὗ
1277 687 1308 712 τὸ
1319 686 1405 721 ὅνομα
1414 685 1463 711 οὐκ
1474 683 1580 720 εἴρηκε,
1591 682 1636 709 διὰ
1645 681 1675 708 τὺ
1684 681 1844 717 ὁμόχωρον,

1042 735 1087 762 διά
1105 735 1135 761 τὸ
1149 733 1294 768 σύσκηνον,
1313 731 1357 758 διὰ
1372 731 1401 757 τὸ
1416 731 1572 766 ὁμότεχνον,
1588 728 1631 755 διὰ
1648 727 1678 754 τὸ
1692 726 1842 762 ὁμοεργές·

1043 780 1059 815 ἢ
1080 780 1126 806 τὸν
1140 778 1268 814 Ἰωάννην
1287 775 1369 808 εἶναι,
1386 776 1402 812 ἢ
1420 775 1465 802 τὸν
1484 774 1622 805 Ἰάκωϐον,
1643 773 1691 800 ἕνα
1704 772 1758 799 τῶν
1770 772 1847 798 υἱῶν

1044 825 1198 853 Ζεϐεδαίου.
1230 823 1305 850 Ἔδει
1335 822 1390 857 γὰρ
1415 820 1528 852 τούτους
1556 820 1664 855 πρῶτον
1690 818 1844 853 κ).ηθῆναι’

202 877 343 913 oportuit;
356 881 415 905 tum
429 877 559 913 deinceps
576 877 743 913 PhilippumI
763 886 818 913 quo
835 878 862 905 in
875 877 995 913 Evange-

1053 872 1142 899 ἒπειτα
1158 870 1203 897 τὸν
1215 869 1358 900 Φίλιππον,
1378 867 1450 894 κατὶ
1461 867 1511 902 τὴν
1528 865 1698 896 ἀκολουθίαν,
1711 864 1749 895 ὡς
1760 864 1848 890 τέτα-

202 922 248 950 liis
271 923 366 950 ordine
393 927 582 951 numerantur.
620 922 720 951 Petrus
744 924 850 959 primus
865 943 872 954 ,
897 923 995 950 deinde

204 968 338 1002 Andreas,
353 974 409 996 tum
430 969 565 1002 Iacobus,
586 969 648 997 inde
672 968 804 1001 Joannes,
823 974 917 1006 postea
937 968 997 996 l’hi-

203 1015 304 1051 lippus.
330 1015 384 1044 Sed
403 1016 437 1044 de
457 1016 491 1044 iis
514 1016 658 1044 hactenus.
681 1015 802 1051 Longius
826 1015 899 1043 enim
923 1018 997 1050 patet

205 1061 258 1088 ista
272 1061 432 1097 disputatio.

240 1150 299 1178 XV.
318 1150 395 1179 Nunc
412 1152 446 1180 ad
464 1152 492 1180 id
504 1153 578 1188 quod
591 1155 650 1180 erat
666 1152 693 1179 in
708 1152 861 1187 quaestione
876 1151 995 1179 redeun-

206 1195 272 1224 dum
287 1202 339 1231 est,
351 1198 492 1230 nimirum,
511 1199 714 1227 observandum
731 1198 797 1226 illud
812 1205 884 1231 esse,
899 1205 996 1233 quemv

208 1242 356 1271 admodum
375 1244 415 1272 illi
431 1253 493 1272 cum
511 1244 626 1273 Joannis
648 1250 742 1273 essent
762 1244 902 1279 discipuli,
917 1244 998 1278 eique

207 1294 341 1318 navarent
364 1297 488 1326 operam,
505 1291 576 1326 apud
599 1290 692 1318 Jesum
711 1290 799 1326 prima
822 1290 867 1317 die
886 1297 997 1317 manse-

208 1339 284 1363 runt.
301 1336 325 1362 Δ
340 1343 395 1371 quo
412 1337 544 1372 postridie
557 1336 685 1372 digressi,
707 1336 806 1364 iterum
831 1335 865 1363 ad
887 1336 998 1370 piscan-

209 1381 274 1409 dum
296 1382 399 1410 reversi
423 1387 498 1414 sunt,
517 1383 557 1410 uti
579 1387 742 1410 caeterorum
768 1382 999 1417 evangelistarum

209 1429 333 1456 narratio
354 1428 487 1456 continet.
506 1428 612 1456 Etenim
636 1429 682 1456 ubi
708 1428 788 1456 Jesus
810 1431 918 1463 postera
940 1428 1000 1455 luce

210 1475 351 1506 discessit.
370 1476 463 1503 statim
478 1475 635 1510 evangelica
651 1475 718 1502 illud
737 1475 851 1502 historia
868 1475 978 1510 subjicit
992 1483 1000 1501 ε

1779 910 1787 919 «ι

1045 927 1108 946 κται
1116 918 1146 944 ὲν
1154 917 1210 948 τοῖς
1224 914 1409 949 Εὐαγγελίοις·
1424 912 1528 948 Πέτρος
1542 911 1660 947 πρῶτος,
1672 910 1768 936 ἔπειτα
1779 910 1847 935 Ἀν-

1044 964 1136 1000 δρέας,
1161 961 1221 990 εἶτα
1245 960 1386 992 Ἰάκωὸος.
1407 957 1467 986 εἶτα
1486 957 1623 992 Ἰωάννης·
1642 956 1713 992 μετὰ
1726 955 1847 986 τούτους

1046 1010 1189 1041 Φίλιππος.
1207 1008 1288 1034 Ἀλλὰ
1310 1006 1375 1041 περὶ
1394 1005 1496 1032 τούτων
1513 1003 1547 1030 τὰ
1567 1003 1616 1030 νῦν
1634 1002 1724 1029 ἐάσθω
1738 1000 1845 1035 λέγειν,

1047 1056 1135 1091 Πολλὴ
1157 1055 1212 1090 γάρ
1233 1056 1306 1081 ἐστιν
1330 1053 1347 1089 ἡ
1371 1051 1420 1087 τῆς
1445 1049 1636 1086 πραγματείας
1658 1046 1762 1082 ταύτης
1776 1047 1848 1073 ἀκο-

1046 1103 1150 1130 λουθία.

1082 1161 1133 1188 ιε’.
1149 1160 1197 1191 Εἰς
1210 1159 1238 1185 δὲ
1251 1158 1281 1184 τὸ
1296 1156 1463 1193 ζητούμενον
1478 1152 1683 1188 ὰνακαμπτέον,
1702 1152 1771 1187 ὅπερ
1784 1150 1849 1177 ἐστὶ

1048 1208 1227 1242 κατανοῆσαι,
1247 1205 1298 1236 ὅτι,
1327 1203 1454 1237 καθάπερ
1479 1200 1518 1236 τῷ
1549 1200 1660 1235 Ἰωάννῃ
1680 1198 1730 1233 ήδη
1756 1197 1847 1232 μαθη-

1047 1253 1197 1288 τευόμενοι,
1215 1251 1263 1277 καὶ
1277 1251 1311 1286 τῇ
1329 1248 1462 1285 μαθητείᾳ
1474 1246 1696 1282 προσανέχοντες,
1711 1243 1848 1275 ὡσαύτως

1049 1301 1095 1326 καὶ
1109 1298 1183 1334 παρὰ
1197 1297 1236 1333 τῷ
1256 1295 1344 1332 Ἰησοῦ
1368 1295 1530 1330 ποιήσαντες
1547 1291 1658 1327 πρώτην
1680 1291 1846 1326 ἡμέραν,τῇ

1049 1345 1113 1380 ἑξῆς
1135 1343 1309 1374 ἀπελθόντες,
1334 1341 1414 1368 πάλιν
1437 1341 1465 1366 ἐν
1496 1340 1528 1374 τῇ
1552 1338 1615 1374 ἁλίᾳ
1635 1337 1792 1372 ἐσχόλαζον,
1807 1336 1848 1367 ὡς

1050 1390 1158 1425 ἔχουσιν
1190 1389 1218 1414 σί
1253 1386 1409 1414 ἀκολουθίαι
1438 1384 1492 1411 τῶν
1532 1384 1633 1418 ἑτέρων
1658 1381 1846 1416 Εὑαγγελίων.

1050 1436 1128 1463 Μετὰ
1143 1435 1198 1470 γὰρ
1214 1434 1245 1460 τὸ
1259 1433 1309 1468 τὴν
1322 1432 1417 1468 αὔριον
1436 1430 1554 1464 ἐξελθεῖν
1566 1429 1610 1456 τὸν
1631 1428 1747 1464 Ἰησοῦν,
1764 1427 1849 1458 εὐθὺς

1052 1483 1069 1517 ἡ
1091 1480 1235 1508 ἀκολουθία
1257 1479 1375 1514 φάσκει,
1394 1478 1435 1504 ὅτι
1465 1475 1504 1510 Τῇ
1528 1475 1612 1509 τρίτῃ
1630 1474 1726 1509 ἡμέρᾳ
1752 1473 1849 1508 γάμος

209 1521 261 1549 Die
277 1523 355 1549 lertia
373 1522 471 1555 uuplire
494 1522 574 1556 facta:
596 1526 659 1549 sunt
682 1522 709 1548 in
728 1520 805 1548 Cana
823 1520 961 1552 Galilaew;
977 1525 1001 1547 et

1053 1527 1170 1563 ἐγένετο
1198 1526 1231 1553 ὲν
1253 1523 1336 1557 Kurd.
1357 1523 1414 1557 τῆς
1430 1521 1612 1554 Γαλιλαίας·
1632 1520 1681 1547 καὶ
1698 1518 1738 1555 ἦν
1750 1519 1816 1546 ἐκεῖ
1829 1520 1848 1553 ἡ

210 1573 267 1595 erat
287 1572 372 1595 mater
386 1568 451 1595 Jesu
466 1568 514 1595 ibi.
535 1569 648 1596 Vocatus
665 1573 704 1595 est
724 1573 813 1595 autem
831 1573 856 1594 et
871 1567 961 1600 Iesus,
976 1573 1000 1595 et

1053 1573 1150 1609 μήτηρ
1167 1571 1221 1599 τοῦ
1244 1570 1350 1605 Ἰησοῦ.
1371 1568 1501 1602 Ἐκλήθη
1511 1566 1545 1594 δὲ
1565 1566 1616 1593 καί
1632 1567 1648 1592 ό
1671 1564 1788 1600 Ἰησοῦς
1798 1565 1847 1592 καὶ

211 1613 337 1648 discipuli
347 1614 403 1648 ejus
419 1614 453 1641 ad
470 1615 576 1648 nuptias
588 1615 608 1640 ¹.
622 1614 674 1641 Ubi
692 1622 726 1642 cx
741 1614 894 1642 enucleatis
912 1614 1001 1641 utrin-

212 1666 267 1694 que
296 1659 465 1693 minutisque
494 1659 586 1687 verbis
615 1667 647 1687 ac
675 1660 819 1687 sententiis
847 1659 1001 1695 colligitur,

212 1705 353 1733 Christum
379 1705 448 1733 alios
472 1712 566 1733 secum
591 1705 740 1733 adduxisse
764 1705 927 1740 discipulos,
956 1706 1003 1741 qui

213 1756 277 1776 cum
298 1757 331 1777 eo
355 1755 554 1777 remanserant.
576 1750 738 1785 Cuiusmodi
764 1749 835 1777 forte
854 1749 1004 1778 Nathanacl

214 1794 277 1826 fuit,
292 1799 320 1822 et
339 1794 493 1830 Philippus,
515 1795 618 1831 aliique
635 1795 778 1829 nonnulli;
799 1803 863 1823 nam
879 1795 1005 1824 Andreas

213 1848 277 1869 cum
294 1842 354 1869 suis
374 1845 537 1870 recesserat.
555 1841 607 1875 Qui
623 1850 689 1870 vero
707 1842 780 1878 apud
800 1843 876 1870 illum
897 1851 1006 1871 manse-

214 1891 288 1920 rant,
309 1895 371 1916 cum
389 1896 422 1916 eo
437 1888 470 1916 ad
490 1889 602 1924 nuptias
618 1889 726 1916 invitati
743 1893 817 1916 sunt.
832 1888 931 1917 Postea
942 1897 1005 1917 cum

215 1935 336 1970 primum
350 1934 418 1962 illud
434 1935 590 1971 prodigium
614 1935 736 1968 fecisset,
763 1936 789 1962 in
816 1935 1008 1972 Capharnaiti-

217 1988 280 2008 cum
305 1988 400 2016 agrum
419 1981 560 2016 profectus
585 1981 686 2009 ibidem
712 1982 844 2009 habitavit
867 1991 874 2011 :
896 1990 930 2010 ex
953 1991 1008 2018 quo

217 2031 343 2062 tempore
367 2027 421 2054 alia
447 2027 578 2063 deinceps
600 2028 735 2055 miracula
761 2029 844 2064 cmpit
864 2028 957 2060 edere,
980 2033 1008 2056 ut

218 2080 281 2100 cum
293 2073 399 2100 aridam
411 2073 530 2102 hominis
542 2082 655 2102 manum
667 2074 780 2102 sanitati
793 2074 925 2102 restituit.
939 2074 1008 2102 Tum

218 2117 292 2147 Petri
307 2126 419 2147 socrum
433 2120 551 2147 curavit.
569 2120 618 2147 Hic
632 2121 706 2148 enim
719 2120 864 2149 Bethsaida
875 2120 1010 2148 oriundus

218 2173 252 2194 ex
270 2166 371 2202 oppido
390 2166 583 2202 Capharnaum
605 2175 720 2195 uxorem
737 2167 863 2200 duxerat,
880 2176 940 2204 qua:
955 2167 1011 2195 duo

1056 1622 1082 1647 οἱ
1094 1617 1219 1653 μαθηταὶ
1231 1616 1323 1644 αὑτοῦ
1334 1616 1377 1648 είς
1391 1615 1446 1641 τὸν
1462 1613 1566 1649 γάμον.
1588 1611 1654 1638 Ἀπὸ
1666 1611 1693 1638 δὲ
1709 1610 1850 1645 ἑκατέρων

1055 1665 1109 1693 τῶν
1122 1665 1172 1699 τῆς
1183 1663 1360 1697 λεπτολογίας
1379 1661 1509 1697 ῥημάτων
1530 1659 1578 1686 καὶ
1592 1657 1749 1685 ὑποθέσεων
1761 1656 1850 1682 ἰστέον

1058 1712 1142 1743 ἐστὶν,
1157 1711 1199 1738 ὅτι
1213 1710 1261 1737 καὶ
1274 1709 1385 1745 ἐτέρους
1403 1706 1614 1743 συμπαρείληφε
1634 1703 1770 1740 μαθητὰς,
1782 1703 1849 1729 οἵτι-

1058 1768 1102 1791 νες
1118 1759 1166 1785 σὺν
1192 1756 1266 1791 αὑτῷ
1280 1756 1402 1792 ἔμειναν.
1428 1753 1505 1789 Τάχα
1528 1752 1557 1779 δὲ
1574 1752 1601 1778 οι
1613 1751 1679 1786 περὶ
1690 1748 1849 1784 Ναθαναὴλ,

1059 1804 1107 1831 καὶ
1118 1803 1261 1833 Φίλιππον,
1271 1801 1318 1827 καὶ
1333 1800 1407 1828 ἄλλοι
1419 1799 1502 1830 τινές.
1522 1798 1553 1825 Οἱ
1565 1797 1619 1833 γὰρ
1639 1795 1703 1832 περὶ
1722 1794 1850 1829 Ἀνδρέαν

1060 1848 1248 1885 ἀνεχώρησαν,
1260 1848 1292 1874 Οἱ
1304 1847 1332 1873 δὲ
1341 1846 1406 1882 παρ’
1419 1844 1493 1880 αὐτῷ
1503 1842 1688 1880 μεμενηκότες
1696 1840 1851 1876 ἐκλήθησαν

1061 1899 1108 1926 καὶ
1136 1897 1212 1924 αὐτοὶ
1242 1896 1281 1927 εἰς
1302 1895 1365 1926 τοὺς
1388 1893 1506 1928 γάμους.
1527 1892 1581 1918 Καὶ
1601 1889 1670 1926 μετὰ
1690 1888 1721 1915 τὸ
1740 1888 1850 1923 ποιῆσαι

1061 1945 1139 1972 τοῦτο
1160 1943 1268 1978 πρῶτον
1295 1942 1418 1976 σημεῖον,
1444 1937 1582 1966 κατελθὼν
1609 1937 1648 1968 είς
1665 1935 1700 1962 τὰ
1720 1934 1790 1970 μέρη
1801 1933 1851 1968 τῆς

1062 1989 1252 2025 Καφαρναοὺμ
1265 1986 1350 2013 ἐλθὼν
1375 1984 1530 2020 κατῴκησε·
1548 1983 1595 2009 καὶ
1621 1981 1714 2008 λοιπὸν
1751 1981 1850 2014 σημεῖα

1063 2037 1121 2063 ἐκεῖ
1141 2035 1197 2071 (58)
1220 2034 1334 2070 ἄρχεται
1359 2031 1523 2068 ἐργάζεσθαι
1544 2029 1639 2065 ἕτερα·
1663 2029 1708 2055 ὅτε
1729 2026 1778 2062 τὴν
1803 2025 1850 2052 τοῦ

1064 2081 1149 2117 ξηρὰν
1166 2079 1274 2114 ἔχοντος
1291 2079 1370 2113 χεῖρα
1383 2078 1486 2104 ἰάσατο.
1504 2075 1584 2102 Ἀλλὰ
1595 2074 1643 2101 καὶ
1654 2073 1704 2109 τὴν
1719 2072 1852 2108 πενθερὰν

1063 2127 1110 2154 τοῦ
1127 2126 1241 2162 Πέτρου,
1258 2125 1306 2152 τοῦ
1323 2124 1372 2160 μὲν
1393 2123 1447 2150 ἀπὸ
1465 2122 1604 2157 Βηθσαῖδᾶ
1616 2121 1702 2153 ὄντος,
1714 2121 1852 2155 γήμαντος

1064 2173 1091 2199 δὲ
1100 2171 1153 2198 ἀπὸ
1169 2170 1368 2205 Καφαρναοὺμ,
1386 2168 1494 2204 μακρὰν
1506 2167 1515 2183 ³
1525 2167 1610 2194 ὅντων
1623 2166 1677 2193 τῶν
1691 2165 1782 2192 τόπων
1792 2164 1851 2191 τού-

219 2213 323 2250 oppida
339 2214 411 2242 haud
430 2215 524 2249 procul
540 2223 555 2241 a
573 2222 602 2243 se
620 2215 737 2242 invicem
754 2215 854 2243 dissita
871 2219 946 2243 sunt.
960 2215 997 2242 So

1063 2226 1116 2244 των
1124 2215 1163 2250 τῷ
1179 2215 1352 2250 διαστήματι,
1370 2213 1471 2249 ταύτην
1489 2212 1543 2240 ἀπὸ
1556 2211 1604 2239 τοῦ
1622 2209 1739 2247 πυρετοῦ
1756 2209 1852 2236 διασώ-

219 2268 286 2289 crus
304 2260 388 2296 igitur
404 2259 477 2288 Petri
494 2268 509 2287 a
526 2260 650 2288 febribus
666 2260 781 2288 liberata
795 2265 907 2296 repente
926 2260 1010 2287 mini-

220 2305 330 2333 stravit.
348 2305 396 2333 Sic
415 2305 487 2333 enim
506 2306 676 2333 narrationis
697 2305 767 2333 ordo
782 2307 945 2341 pertexitur.
964 2305 1013 2334 His

221 2352 259 2380 ita
278 2352 364 2387 gestis
382 2351 559 2384 Nazaretnm,
585 2352 630 2379 ubi
653 2352 788 2380 educatus
806 2353 906 2384 fuerat,
923 2353 1013 2381 denuo

220 2399 379 2426 revertitur.
396 2398 465 2426 Tum
481 2399 591 2426 demum
612 2399 688 2426 Isaiae
703 2399 842 2434 prophetae
856 2399 957 2426 librqu
975 2399 1012 2427 lc-

221 2444 271 2479 git,
283 2445 394 2480 quando
409 2450 436 2472 et
451 2445 631 2480 occupatione
645 2445 765 2480 quadam
781 2445 821 2473 sic
836 2445 898 2472 illos
909 2445 1013 2473 allocu-

222 2493 268 2518 tus
283 2494 326 2518 est
341 2501 348 2518 :
366 2490 460 2526 Utique
477 2491 570 2518 dicetis
587 2491 653 2519 mihi
670 2491 738 2518 lianc
757 2491 913 2525 parabolam
931 2499 940 2518 :
956 2490 1013 2518 Me-

259 2592 269 2608 ³
284 2591 364 2620 Joan.
380 2600 399 2625 ι,
412 2591 447 2618 42
462 2599 524 2626 sqq.
561 2592 571 2606 ¹
583 2590 661 2617 Joan.
680 2590 734 2622 u,l
757 2599 807 2626 sqq

258 2679 315 2716 (38)
331 2680 385 2707 Καὶ
411 2677 649 2716 λοιπὸνμσημεῖα
682 2677 752 2704 ἐκεῖ.
769 2676 835 2705 Post
858 2677 1016 2716 nuptiarum

223 2713 341 2743 oiﬁcium
368 2716 495 2744 Christus
515 2713 707 2748 Capharnaum
738 2720 800 2740 sese
819 2713 946 2744 contulit.
971 2713 1018 2739 ubi

224 2752 346 2786 prodigia
360 2751 443 2778 multa
456 2747 564 2786 patrata
574 2749 660 2776 credit
671 2747 853 2786 Epiphanius,
868 2749 940 2786 velut
955 2755 1017 2786 cum

225 2783 335 2813 'socruin
350 2786 422 2812 Petri
439 2783 599 2812 febrieutelu
606 2784 722 2815 curavit,
739 2787 765 2810 et
779 2784 884 2810 aridam
898 2783 1018 2810 hominis

228 2827 341 2848 manum
358 2820 488 2849 restituit.
519 2818 572 2846 Sed
586 2826 727 2853 perperam
741 2819 801 2846 haec
815 2819 870 2845 duo
886 2819 1018 2846 miracula

231 2853 262 2883 in
287 2855 359 2884 idem
387 2858 495 2891 tempus
516 2854 651 2889 conjecta.
680 2853 747 2881 Nam
762 2854 890 2887 alterum,
907 2853 959 2881 hoc
975 2856 1018 2881 est

1065 2262 1117 2294 ζει,
1134 2261 1181 2287 καὶ
1206 2259 1404 2295 θεραπευθεῖσα
1423 2257 1542 2293 διηκόνει
1553 2265 1560 2272 ·
1575 2256 1645 2283 ὥστε
1664 2253 1735 2281 εῖναι
1753 2254 1851 2290 ταύτην

1064 2305 1234 2334 ἀκολουθίαν.
1259 2305 1315 2331 Καὶ
1337 2303 1405 2339 μετὰ
1421 2302 1508 2329 ταῦτα
1525 2301 1606 2328 πάλιν
1627 2299 1711 2328 αὑτοῦ
1725 2299 1851 2334 ἀναστρέ-

1063 2353 1165 2388 ψαντος
1186 2352 1226 2383 εἰς
1248 2351 1297 2386 τὴν
1313 2350 1453 2386 Ναζαρὲτ,
1471 2350 1538 2376 ὅπου
1553 2346 1587 2383 ἦν
1604 2345 1851 2382 ἀνατεθραμμένος.

1065 2399 1132 2425 Τότε
1147 2398 1252 2432 ἀνέγνω
1266 2397 1297 2423 τὸ
1314 2396 1414 2432 βιϐλίον
1428 2395 1537 2422 Ἡσαΐου
1550 2394 1597 2420 τοῦ
1610 2394 1761 2428 προφήτου,
1774 2391 1850 2418 αὑτοῦ

1065 2445 1158 2472 λοιπὸν
1170 2443 1351 2479 προλαϐόντος
1361 2442 1471 2473 αὐτοὺς,
1485 2440 1672 2474 καὶλέγοντος,
1684 2439 1726 2465 ὅτι
1736 2438 1851 2469 Πάντως

1066 2489 1158 2524 ἐρεῖτέ
1175 2499 1226 2524 μοι
1247 2489 1305 2523 τὴν
1319 2486 1511 2522 παραϐολήν·
1541 2485 1643 2516 ’1ιιτοὲ,
1671 2483 1851 2518 θεράπευσον

858 2591 868 2606 ³
888 2590 968 2618 Deest
985 2590 1083 2625 opinor
1095 2590 1126 2616 οὐ
1143 2599 1226 2626 μακρ.

1067 2677 1153 2704 arida;
1169 2684 1267 2704 manus
1281 2675 1430 2705 restitutio.
1448 2675 1528 2709 longe
1541 2676 1604 2708 post
1620 2672 1697 2709 prius
1714 2671 1852 2709 illudcon-

1067 2713 1140 2748 tigit,
1171 2713 1301 2739 nimirum
1329 2715 1391 2748 post
1406 2707 1512 2748 Pascha
1524 2717 1531 2742 ;
1543 2707 1708 2748 ;secu_ndu_m
1725 2707 1795 2748 quod
1810 2715 1852 2748 per

1068 2742 1205 2775 sala'cum
1227 2742 1372 2781 discipulis
1397 2745 1517 2781 transiit.
1542 2743 1596 2781 _Sed
1612 2743 1655 2781 de.
1667 2743 1706 2781 iis
1718 2742 1850 2781 posteaad

1068 2791 1097 2810 n.
1116 2782 1223 2810 XXVII.
1258 2778 1392 2817 Imposuit
1420 2779 1574 2817 Epiphanio
1594 2778 1742 2817 multiplex
1763 2785 1794 2805 ac
1815 2778 1851 2805 ιιι.

1068 2826 1166 2847 versus
1181 2818 1214 2846 ad
1227 2814 1418 2853 Caph'aruaum
1432 2814 1523 2843 aditus
1535 2814 1650 2842 Christi.
