1964 3047
109 136 189 172 917‘

469 143 656 172 ADVERSUS
676 143 847 172 ll/ERESES
866 144 930 172 LIB.
947 144 979 172 ll.
1000 143 1081 172 ΤΟΜ.
1099 145 1120 172 l.
1133 143 1314 172 ——H/ERES.
1331 143 1361 170 Li

1693 138 1746 168 ms

111 205 256 233 σεαυτόν.
280 205 355 232 Ὅσα
384 204 560 240 ἠκούσαμεν
582 205 691 240 σημεῖα
713 206 859 240 γενόμενα
873 205 908 232 ἐν

963 205 1026 236 dice,
1041 213 1104 231 cura
1120 205 1241 239 teipsnm.
1259 204 1366 237 Quanta
1380 203 1530 230 audivimus
1542 202 1617 237 signa
1633 201 1706 236 facta
1719 201 1747 228 in

111 250 328 286 Καφαρναοὺμ,
341 250 473 284 ποίησον
482 251 531 277 καὶ
540 247 598 276 ὦδε
612 250 647 276 ὲν
661 249 697 284 τῇ
710 250 827 285 πατρίδι
837 258 906 277 σου.

151 298 207 325 Καὶ
220 299 296 333 ὁρᾷς,
312 297 348 329 ὡς
367 296 424 323 ἐστι
440 297 490 332 τῆς
500 296 630 331 ἀληθείας
646 297 662 332 ἡ
676 295 822 323 ἀκολουθία
833 304 840 328 ;
853 296 909 322 Καὶ
940 331 943 337 1

111 343 166 370 οὐκ
183 342 293 378 ἐποίησε
309 341 354 368 διὰ
373 342 423 377 τὴν
445 341 572 368 ἀπιστίαν
590 341 678 368 αὐτῶν
689 361 695 373 ,
712 341 805 376 φησὶν,
821 340 907 367 οὐδέν.

112 388 249 415 Κάκεῖθεν
266 386 408 423 παρελθὼν
420 388 460 419 εἰς
478 388 528 422 τὴν
539 387 727 422 Καφαρναοὺμ
740 386 825 420 πόλιν,
844 395 909 413 κατ-

112 434 217 470 ῴκησε.
246 433 298 460 Καὶ
321 433 405 460 ἐλθὼν
427 434 468 465 είς
488 433 522 459 τὰ
545 433 613 469 μέρη
631 433 683 468 τῆς
706 432 853 468 θαλάσσης,
871 432 909 464 ὥς

114 486 199 513 φησιν
212 479 226 505 ὁ
243 478 391 510 Ματθαῖος.
412 476 473 505 εἶδε
490 478 608 512 Σίμωνα
626 478 749 512 Πέτρον,
772 477 821 504 καὶ
846 478 910 505 Ἀν-

113 523 206 558 δρέαν
219 524 272 550 τὸν
285 523 420 558 ἀδελφὸν
441 524 535 551 αὐτοῦ
546 523 721 557 βάλλοντας
737 524 772 551 τὰ
785 524 892 551 δΙκτυα
902 533 908 540 ·

114 572 165 597 καὶ
187 570 269 597 πάλιν
300 571 427 597 Ἰάκωσον
451 571 498 597 καὶ
520 571 647 607 Ἰωάννην
663 571 738 602 υἱοὺς
755 571 908 602 Ζεϐεδαίου,

114 617 165 643 καὶ
178 617 208 643 τὸ
230 616 320 643 τέλεον
343 617 442 648 αὐτοὺς
455 617 579 644 ἐκάλεσε.
602 617 658 644 Καὶ
676 617 803 652 ῥίψαντες
817 617 910 644 λοιπὸν

113 661 151 688 τὰ
166 661 272 694 δίκτυα,
289 661 476 696 ἠκολούθησαν
492 661 577 697 αὐτῷ.
599 661 629 689 Ὁ
642 662 671 688 δὲ
683 663 790 694 Λουκᾶς
802 663 848 689 καὶ
860 662 911 696 τὴν

114 708 260 744 ἀκρίϐειαν
275 708 404 744 σημαίνει
416 707 464 735 τοῦ
479 708 653 744 πράγματος,
667 708 708 735 διὸ
720 710 728 724 ι
741 709 788 735 καὶ
798 708 910 744 ἠκολού-

115 753 204 789 θησαν
224 753 317 780 λοιπὸν
334 754 547 790 ἀμετάτρεπτοι,
567 754 667 789 μηκέτι
696 754 910 789 ἀναὸαλλόμενοι

114 800 168 835 τῆς
191 800 323 836 κλήσεως,
351 801 451 836 φήσας,
479 801 520 827 ὅτι
544 800 682 832 Ἑλθόντος
698 800 781 827 αὑτοῦ
797 801 844 827 ἐπὶ
861 799 910 836 τὴν

113 847 214 883 λίμνην
230 848 410 884 Γεννησαρὲθ.
428 846 482 875 εἶδε
502 848 612 883 Σίμωνα
630 848 677 874 καὶ
702 848 828 883 Ἀνδρέαν
845 856 910 874 κατ-

114 894 277 929 αρτίζοντας
306 894 341 921 τὰ
354 894 458 925 δίκτυα,
479 894 525 920 καὶ
544 894 627 930 ἀνέϐη
652 894 692 926 εἰς
723 894 753 920 τὸ
772 894 874 926 πλοῖον,
895 894 910 920 ὃ

113 938 150 976 ἦν
173 941 304 976 Σίμωνος,
336 941 413 976 φησι.
439 941 544 976 Πέτρου
561 941 609 967 καὶ
631 940 765 975 Ἀνδρέου.
779 939 865 966 Τοῦτο
876 939 906 968 δὲ

116 987 257 1022 σημαίνει,
280 987 318 1018 ὠς
347 987 396 1022 ήδη
414 987 489 1019 ὄντος
506 986 589 1013 αὑτοῦ
610 987 640 1012 ὲν
657 987 712 1018 τοῖς
725 987 735 1001 ¹
752 986 781 1012 ὲν
798 985 908 1020 γνώσει.

115 1033 164 1059 Διὸ
178 1032 222 1059 διὰ
237 1033 287 1068 τὴν
305 1032 448 1068 συνήθειαν
461 1033 507 1059 καὶ
524 1033 698 1068 προσήκαντο
709 1040 717 1048 ·
732 1032 780 1058 καὶ
792 1031 910 1058 ἀνελθὼν

115 1078 254 1105 ἐκάθισεν.
279 1075 345 1105 Εἶτα
368 1077 441 1113 λέγει
461 1078 500 1113 τῷ
517 1079 612 1116 Πέτρῳ
631 1078 700 1114 μετὰ
719 1077 769 1114 τὴν
782 1078 911 1106 διδασκα-

115 1124 193 1151 λίαν·
211 1124 398 1159 Ἐπανάγαγε
408 1126 451 1158 εὶς
463 1125 496 1152 τὸ
509 1125 616 1158 βάθος,
632 1125 682 1153 καί
704 1125 861 1160 χαλάσατε
874 1127 911 1153 τὰ

113 1170 234 1198 δίκτυα.
257 1171 289 1197 οὶ
305 1170 340 1197 δὲ
353 1169 440 1197 εἷπον
449 1179 456 1185 ·
481 1170 652 1198 Ἐπιστάτα.
667 1171 734 1206 Ἤδη
743 1171 796 1207 γὰρ
807 1171 850 1198 διὰ
861 1172 910 1207 τὴν

116 1215 165 1243 τοῦ
187 1216 310 1243 Ἰωάννου
327 1216 480 1251 μαρτυρίαν
498 1216 648 1251 ἐπιστάτην
663 1216 743 1242 αὐτὸν
758 1216 872 1243 ἐκάλουν
885 1217 910 1243 οί

120 1261 252 1297 πρότερον
266 1262 348 1289 αὺτοῦ
360 1261 536 1294 ἀκούσαντες,
551 1263 592 1288 ὅτι
611 1261 688 1289 Ἰδοὺ
707 1263 724 1289 ὁ
741 1262 843 1296 Ἀμνὸς
856 1262 910 1289 τοῦ

119 1307 206 1339 Θεοῦ,
218 1309 234 1334 ό
242 1307 333 1341 αἴρων
346 1307 404 1341 τὴν
417 1308 565 1342 ἁμαρτίαν
573 1308 627 1334 τοῦ
638 1308 754 1342 κόσμου
765 1316 772 1323 ·
788 1309 837 1335 καὶ
868 1309 909 1335 ὃτι

117 1353 184 1388 παρ’
207 1352 281 1388 αὑτῷ
298 1352 408 1388 ἔμειναν
420 1353 468 1389 τὴν
479 1353 601 1388 ἡμέραν,
613 1354 661 1380 καὶ
672 1354 711 1385 εἰς
724 1353 773 1389 τὴν
783 1354 910 1390 δευτέραν

118 1397 241 1433 ἐξῆλθον.

153 1443 310 1470 Μετέπειτα
341 1444 370 1470 ἐν
391 1445 424 1479 τῇ
437 1443 510 1479 ἄγρᾳ
523 1443 578 1470 τῶν
597 1443 695 1479 ίχΟύων
713 1443 910 1480 θαυμασάντων

118 1489 219 1519 αὐτῶν,
231 1490 277 1516 καὶ
290 1490 395 1526 Πέτρου
407 1489 530 1524 λέγοντος
539 1498 546 1505 ·
564 1490 691 1522 Ἔξελθε
702 1490 751 1517 ἀπ’
765 1489 847 1524 ἐμοῦ,
865 1489 910 1516 ὅτι

960 251 1160 285 (ΙαρΙιανηαηηι,
1176 251 1219 285 {ac
1234 250 1275 276 Itic
1290 250 1315 276 in
1330 250 1419 283 patria
1438 253 1483 275 tua
1495 248 1515 275 ³.

996 296 1089 324 Viden‘
1103 304 1185 332 quam
1202 297 1238 324 sit
1253 297 1377 323 veritatis
1392 299 1520 323 conserta
1532 294 1747 327 continuataque

959 342 1061 370 series?
1077 341 1211 369 Caaterum
1232 341 1336 368 nullum
1355 340 1391 368 ibi
1408 344 1517 375 propter
1534 340 1643 367 illorum
1657 340 1747 367 incre-

959 388 1101 415 dulitatem
1126 388 1235 422 signum
1262 386 1358 414 edidit.
1383 386 1449 414 Inde
1471 386 1661 421 Capharnaum
1684 392 1748 420 pro-

961 435 1057 466 fectus,
1074 434 1101 460 in
1115 441 1147 461 eo
1161 433 1262 468 oppido
1277 432 1388 460 resedit.
1407 431 1472 459 Post
1484 432 1517 459 ad
1532 431 1670 458 maritima
1686 432 1747 458 loca

959 481 1127 515 digrediens,
1145 480 1227 516 438
1246 483 1360 506 auctore
1378 477 1515 509 Matlhteo,
1532 477 1596 504 vidit
1614 476 1748 504 Simonem

961 525 1080 558 Petrum,
1101 529 1125 552 et
1142 524 1275 551 Andream
1291 523 1401 558 fratrem
1417 522 1474 557 ejus
1496 523 1628 548 mittentes
1649 521 1716 548 retia
1725 522 1746 547 ⁸,

960 571 1029 599 Tum
1047 571 1180 599 Jacohum
1198 576 1225 598 et
1241 570 1374 598 Joannem
1398 569 1469 596 ﬁlios
1491 567 1624 599 Zebedaei,
1641 575 1673 594 ac
1687 574 1749 601 per-

962 618 1032 645 fecte
1052 617 1162 645 demum
1187 617 1250 644 illos
1272 616 1407 644 evocavit.
1425 615 1476 648 Qui
1503 615 1609 642 retibus
1635 613 1749 648 abiectis

961 664 1047 692 secuti
1065 669 1128 691 sunt
1143 664 1233 698 ipsmn
1246 663 1268 690 ⁸.
1283 663 1369 696 Quam
1389 670 1446 689 rem
1467 660 1674 689 accuratissime
1693 659 1748 686 Lu-

960 718 1007 738 cas
1020 710 1167 745 expressit,
1184 717 1234 736 cur
1248 709 1285 736 ita
1301 708 1388 736 secuti
1404 708 1470 740 sint.
1489 715 1630 742 nunquam
1647 711 1678 733 ut
1691 714 1749 733 am-

961 757 1033 792 plius
1045 756 1239 788 discesserint;
1254 763 1304 782 nec
1315 754 1404 782 vocati
1415 754 1583 782 distulerint.
1598 753 1636 780 Ita
1649 753 1749 788 quippe

961 802 1074 838 scripsit
1090 812 1097 830 :
1113 802 1182 829 Cum
1197 802 1230 828 ad
1247 802 1336 828 lacum
1352 800 1518 829 Genesareth
1533 800 1663 832 venisset,
1681 799 1750 826 vidit

963 848 1101 876 Simonem
1118 851 1145 876 et
1160 848 1297 875 Andream
1313 848 1466 875 reﬁcientes
1480 847 1547 874 retia
1561 855 1569 880 ;
1585 851 1612 873 et
1625 845 1749 872 ascendit

962 895 990 922 in
1011 895 1113 925 navim.
1139 902 1200 929 quae
1224 898 1284 920 erat
1308 893 1429 921 Simonis
1450 892 1534 923 Petri,
1554 896 1582 920 et
1598 891 1713 918 Andrea:
1726 891 1747 918 ⁸.

962 940 1039 974 Quod
1056 940 1164 975 quidem
1181 941 1312 971 declarat,
1326 939 1383 974 jam
1399 940 1470 966 inter
1486 939 1562 974 ipsos
1577 938 1695 973 aliquam
1711 937 1750 964 in—

960 987 1122 1014 tercessisse
1137 987 1274 1014 notitiam.
1290 985 1370 1013 ilunc
1385 985 1470 1020 igitur
1483 989 1594 1020 propter
1606 983 1750 1010 familiari-

962 1036 1043 1060 tatem
1070 1032 1221 1067 accipiunt,
1249 1036 1276 1060 et
1298 1032 1322 1059 is
1348 1039 1501 1060 conscenso
1527 1030 1635 1066 navigio
1668 1030 1749 1057 sedit.

961 1078 1030 1106 Tum
1047 1083 1075 1105 ut
1090 1079 1189 1106 docere
1204 1079 1333 1113 populum
1348 1079 1440 1110 desiit,
1452 1077 1563 1106 Petrum
1579 1077 1616 1104 ita
1630 1077 1750 1111 compel~

962 1126 999 1152 lat
1016 1134 1024 1152 :
1039 1125 1128 1152 Reduc
1147 1126 1174 1152 in
1191 1126 1286 1156 altum,
1302 1129 1326 1152 et
1348 1125 1437 1152 laxate
1461 1125 1540 1151 retia.
1565 1124 1600 1151 At
1618 1123 1659 1150 illi
1673 1124 1749 1150 dixe.-

961 1171 1194 1206 runt:Pra:ceptor
1204 1175 1224 1198 ⁷.
1234 1171 1292 1198 Jam
1305 1171 1377 1199 enim
1390 1172 1424 1198 ob
1436 1170 1549 1198 Joannis
1563 1170 1749 1197 testimonium

961 1222 1156 1253 praeceptorem
1179 1218 1255 1245 illum
1272 1218 1422 1250 vocabant;
1446 1225 1509 1244 cum
1532 1217 1565 1243 ab
1581 1224 1614 1244 eo
1631 1217 1750 1251 primum

961 1265 1135 1292 audiissent:
1157 1263 1225 1291 Ecce
1246 1264 1334 1299 Agnus
1360 1263 1419 1294 Dei.
1447 1264 1493 1298 qui
1521 1262 1590 1290 tollit
1615 1267 1750 1296 peccatum

962 1311 1088 1343 mundi”;
1104 1314 1131 1337 et
1144 1309 1238 1337 eadem
1257 1310 1301 1337 die
1315 1317 1377 1337 cum
1394 1317 1427 1337 eo
1440 1308 1600 1336 commorati
1618 1308 1752 1343 postridie

961 1357 1149 1384 recessissent.

996 1443 1062 1471 Post
1078 1444 1136 1471 haec
1157 1444 1183 1471 in
1206 1444 1310 1479 piscatu
1328 1443 1503 1471 Vehementer
1518 1443 1593 1470 illum
1612 1443 1751 1470 admiran-

961 1490 1045 1521 tibus.
1071 1497 1102 1517 ac
1121 1490 1228 1517 dicente
1245 1490 1324 1517 Petro
1342 1499 1348 1516 ε
1365 1489 1476 1516 Discede
1495 1498 1511 1515 α
1525 1497 1576 1519 me,
1594 1490 1657 1523 quia
1673 1490 1750 1516 homo

118 1534 198 1568 ἀνὴρ
205 1534 377 1569 ἁμαρτωλός
386 1535 454 1570 εὶμι,
478 1535 567 1568 Κύριε
587 1534 668 1569 (τάχα
674 1534 728 1570 γὰρ
737 1535 784 1561 καὶ
799 1543 862 1570 μετε
866 1535 911 1570 μέ-

963 1542 1081 1574 peccator
1105 1538 1185 1563 sum‘
1201 1537 1340 1572 (fortassis
1370 1537 1443 1563 enim
1470 1536 1619 1572 poenitebat
1648 1537 1750 1571 ipsum,

119 1580 180 1607 λετο
191 1581 236 1607 διὰ
262 1580 292 1607 τὸ
314 1577 446 1616 πρότέρον
460 1581 541 1607 αὑτὸν
559 1580 718 1616 κεκλῆσθαι,
734 1581 782 1607 καὶ
799 1580 911 1615 στρέψαι

119 1627 166 1653 ἐπὶ
176 1627 239 1658 τοὺς
249 1625 353 1661 ἰχθύας,
365 1627 412 1653 καὶ
423 1626 471 1662 τὴν
483 1625 650 1662 ὰνεργασίαν
664 1626 713 1661 τῆς
728 1625 831 1660 ἁλείας)
844 1634 849 1640 ·
862 1627 876 1652 ὸ
885 1626 913 1652 δὲ

120 1670 198 1705 εἴποι
210 1671 378 1706 Μὴφοϐοῦ·
395 1671 611 1707 παραθαρσύνων
624 1671 715 1703 αὑτὸν,
733 1672 774 1698 ὅτι
795 1672 844 1698 οὐκ
862 1672 913 1698 ὰπ-

119 1718 267 1755 ηγορεὺοη,
282 1718 339 1745 ἀλλ’
350 1718 506 1745 ὃτιδύναται
520 1718 566 1752 τῆς
585 1717 706 1753 κλήσεως
718 1717 912 1753 ἕχεσθαι.’¹οτι,

120 1765 214 1800 φησὶν,
227 1765 287 1792 ἀπὸ
301 1764 355 1792 τοῦ
372 1764 431 1791 νῦν
447 1764 622 1798 ἀνθρώπους
643 1763 701 1797 ἔσῃ
721 1763 835 1798 ζωγρῶν
845 1771 851 1778 ·
869 1764 913 1789 ὅτε

120 1812 167 1838 καὶ
179 1812 227 1838 σὺν
237 1813 293 1843 τοῖς
310 1811 433 1846 μετόχοις
447 1811 504 1841 τοῖς
514 1810 542 1836 ἐν
558 1809 597 1844 τῷ
607 1810 692 1845 ἑτέρῳ
705 1809 790 1845 πλοίῳ
802 1809 913 1836 ἔνευε-αν

120 1857 160 1888 εἰς
187 1855 318 1890 σύλληψιν
347 1856 425 1890 ἥκειν
455 1854 504 1889 τῆς
520 1854 606 1889 αὐτῆς
628 1854 726 1890 ἄγρας.
745 1852 835 1881 Ἦσαν
859 1855 915 1889 γὰρ

121 1901 302 1935 κοινωνοὶ,ὥς
323 1910 400 1937 φησι,
420 1900 459 1935 τῷ
475 1900 588 1935 Σίμωνι,
610 1900 736 1935 καθάπερ
751 1901 807 1927 ἅνω
828 1901 913 1936 κάμοὶ

121 1947 319 1983 προδεδήλωται
330 1948 361 1973 ἐκ
371 1947 419 1983 τῆς
427 1947 581 1979 ὑποθέσεως
592 1946 694 1982 ταύτης
703 1955 710 1962 ·
724 1945 775 1973 Δύο
787 1947 836 1982 μὲν
848 1947 913 1973 ἀκο-

121 1993 310 2029 λουθησάντων
335 1994 409 2029 αὐτῷ
438 1994 515 2029 παρὰ
531 1994 655 2021 Ἰωάννου
681 1994 850 2029 ἀκηκοότων,
876 1989 914 2020 ὧν

121 2039 168 2066 δύο
185 2037 225 2072 εἷς
255 2037 288 2075 ἦν
306 2041 320 2067 ὁ
348 2040 485 2075 Ἀνδρέας.
507 2041 563 2074 Ἐφ’
585 2041 650 2076 ἡμῖν
667 2040 696 2067 δὲ
714 2040 913 2075 διανενοημένοι

122 2085 272 2118 καλλίστως
286 2085 331 2112 τὸν
342 2085 435 2122 ἕτερον
451 2084 521 2114 εἶναι
536 2087 608 2122 τάχα
618 2087 667 2113 ἕνα
685 2086 739 2113 τῶν
751 2086 816 2112 υἱῶν
832 2085 914 2113 Ζεϐε-

121 2131 207 2165 δαίου,
220 2131 264 2158 διὰ
285 2131 316 2158 τὸ
337 2132 468 2168 συνεργὸν
485 2134 532 2160 καὶ
546 2133 661 2168 μέτοχον
675 2133 723 2159 καὶ
744 2132 912 2159 κοινωνικόν.

122 2178 177 2205 Καὶ
187 2178 280 2205 λοιπὸν
297 2178 366 2214 μετὰ
385 2179 471 2206 ταῦτα
482 2179 571 2206 πάντα
587 2179 801 2213 καταλείψαντες
814 2179 838 2204 οἰ
853 2178 914 2205 τέσ-

963 1584 1036 1618 quod
1053 1583 1151 1610 abillo
1175 1588 1288 1610 vocatus
1313 1583 1392 1609 initio
1411 1582 1445 1609 ad
1469 1583 1635 1618 piscaturam
1659 1582 1752 1609 denu;

964 1630 1113 1666 rediisset).
1131 1629 1166 1656 ita
1184 1628 1316 1656 Dominus
1330 1628 1494 1663 alloquitur:
1509 1627 1574 1654 Noli
1594 1628 1702 1658 timere;
1724 1633 1752 1655 ,ιι

964 1677 1039 1703 illum
1057 1676 1091 1703 ab
1108 1683 1140 1702 eo
1159 1679 1232 1702 metu
1249 1675 1441 1707 conﬁrmaret;
1462 1682 1512 1701 nec
1533 1682 1562 1701 se
1579 1675 1750 1709 repudiatum

963 1723 1076 1749 omnino
1090 1726 1198 1756 putaret
1214 1729 1292 1753 esse;
1308 1721 1354 1748 sed
1374 1721 1496 1756 pristina:
1512 1721 1648 1747 vocationi
1666 1720 1751 1747 inim--

963 1775 1024 1795 rere
1040 1775 1120 1802 posse
1142 1768 1302 1795 conﬁderet.
1325 1767 1425 1800 Quare,
1450 1775 1482 1793 ea:
1503 1766 1560 1796 hac.
1581 1766 1678 1801 inquit.
1699 1766 1752 1792 eris

959 1815 1018 1848 jam
1033 1813 1149 1840 homines
1164 1814 1269 1847 capiens
1281 1813 1312 1839 ¹⁰.
1330 1813 1389 1845 Quo
1409 1818 1530 1846 tempore
1546 1813 1639 1843 sociis,
1661 1815 1706 1846 qui
1724 1814 1751 1839 in

964 1862 1049 1888 altera
1076 1860 1137 1886 navi
1162 1864 1253 1891 erant,
1273 1859 1430 1891 innuerunt,
1449 1863 1477 1885 ut
1497 1858 1530 1885 ad
1546 1859 1750 1886 convellendum

964 1907 1100 1942 piscatum
1117 1906 1170 1933 sibi
1185 1906 1318 1933 auxilium
1337 1905 1449 1932 ferrent.
1465 1904 1548 1931 Erant
1560 1906 1631 1931 enim
1646 1905 1750 1931 Simoni

964 1953 1043 1985 socii,
1060 1952 1290 1987 quemadmodum
1309 1951 1391 1986 paulo
1411 1955 1474 1978 ante
1488 1951 1620 1981 diximus.
1637 1958 1698 1977 cum
1715 1950 1751 1976 ita

964 1999 1167 2034 disputavimus
1183 2008 1189 2025 :
1204 1997 1278 2024 Duos
1290 1998 1352 2025 illos
1366 1996 1480 2024 Joannis
1492 1997 1583 2023 audita
1597 2003 1662 2023 voce
1672 1996 1752 2023 Chri-

965 2051 1038 2074 stum
1055 2051 1181 2078 secutos;
1196 2052 1312 2079 quorum
1327 2052 1397 2070 unus
1410 2048 1469 2071 erat
1483 2042 1615 2070 Andreas.
1629 2043 1752 2069 Alterum

965 2099 1058 2118 verum
1071 2097 1156 2117 unum
1172 2097 1187 2116 e
1200 2089 1324 2117 Zebedmi
1341 2088 1436 2115 liberis
1454 2087 1549 2119 fuisse,
1565 2091 1673 2122 propter
1685 2087 1752 2114 artis

965 2136 1134 2167 societatem,
1151 2142 1184 2161 ac
1203 2134 1424 2162 communionem
1443 2133 1594 2160 rectissima
1612 2132 1753 2167 conjectu-

964 2189 995 2208 ra
1014 2180 1147 2222 suspicati
1163 2187 1270 2207 sumus.
1288 2178 1474 2211 Quamobrem
1501 2177 1605 2204 relictis
1622 2176 1753 2210 deinceps

124 2233 216 2260 σαρες,
229 2225 264 2252 τά
273 2234 303 2251 τε
316 2225 405 2257 πλοῖα,
420 2227 458 2258 εἰς
469 2225 518 2261 τὴν
531 2225 583 2261 γῆν
597 2225 795 2260 ἠκολούθησαν,
807 2224 844 2256 ὡς
859 2224 911 2259 ἔχει

967 2227 1106 2259 omnibus,
1124 2225 1246 2260 adeoque
1265 2224 1382 2259 navigiis
1407 2224 1485 2259 ipsis,
1509 2222 1544 2249 ad
1565 2226 1666 2250 terram
1681 2229 1753 2256 qua-

122 2273 138 2307 ή
156 2271 203 2298 τοῦ
216 2272 308 2298 Λουκᾶ
324 2272 473 2308 μαρτυρία.
486 2272 566 2298 Ὥστε
581 2271 732 2304 ἐξάπαντος
748 2271 914 2304 δείκνυσθαι,

122 2317 162 2344 ὅτι
175 2317 288 2353 οὐδεμία
301 2317 451 2353 σκολιότης,
468 2316 529 2344 οὕτε
543 2318 698 2353 ἐναντιότης
713 2318 742 2343 ὲν
754 2318 810 2349 τοῖς
827 2317 916 2351 ἁγίοις

122 2363 308 2397 Εὑαγγελίοις,
338 2362 400 2390 οὔτε
424 2363 499 2399 παρὰ
528 2365 584 2395 τοῖς
603 2364 691 2397 ἁγίοις
710 2363 915 2398 εὐαγγελισταῖς

123 2409 289 2444 εὑρίσκεται,
304 2408 371 2436 ἀλλὰ
380 2409 468 2436 πάντα
482 2409 566 2444 σαφῆ,
578 2409 681 2444 χρόνων
694 2409 722 2435 δέ
739 2410 792 2436 εισι
806 2409 916 2435 διαστά-

123 2463 188 2486 σεις.
218 2454 357 2481 Ἐντεῦθεν
383 2455 437 2490 γὰρ
457 2455 504 2481 καὶ
532 2454 660 2481 ἐπέκεινα
686 2454 752 2489 (59),
774 2453 827 2481 τῶν
848 2454 913 2489 περὶ

122 2500 224 2535 Πέτρον
250 2500 298 2526 καὶ
320 2499 446 2535 Ἰωάννην
459 2499 552 2526 λοιπὴν
572 2499 772 2534 συναφθέντων,
789 2499 836 2526 καὶ
849 2499 912 2526 ἀκο-

122 2545 295 2578 λουθούντων,
316 2546 424 2580 ἐγένετο
435 2546 567 2572 διδάσκων
582 2547 611 2572 ἐν
639 2546 714 2582 πάσῃ
729 2546 761 2581 τῇ
784 2545 913 2580 Γαλιλαίᾳ

122 2593 167 2619 καὶ
191 2593 220 2619 ἐν
237 2594 270 2628 τῇ
296 2592 422 2627 Ἰουδαίᾳ.
449 2593 505 2619 Καὶ
529 2592 621 2619 λοιπὸν
649 2591 850 2626 πλατυνομένου
865 2591 911 2618 τοῦ

155 2675 162 2690 ¹
179 2674 208 2701 F.
227 2675 260 2701 δι’
274 2675 298 2701 ὅ.
350 2675 360 2691 ³
375 2674 404 2701 F.
423 2675 524 2707 αὐτοῖς.
574 2676 585 2691 ³
602 2675 666 2702 Luc.
684 2684 719 2706 tv,
737 2675 781 2703 ‘23.

122 2709 132 2723 ¹¹
144 2709 224 2737 Joan.
241 2719 259 2742 ι,
280 2709 325 2738 29.
364 2711 374 2725 ³
390 2709 458 2738 Luc.
474 2719 500 2743 ν,
519 2711 546 2738 8.
586 2711 608 2726 ¹⁰
626 2711 691 2738 ibid.
708 2711 750 2738 i0.

157 2767 380 2804 (ξὯἘντ-εῦθεν
387 2768 441 2804 γὰρ
449 2768 499 2795 καὶ
506 2767 654 2795 ἐπέκεινα.
665 2768 701 2795 Ex
714 2769 747 2797 iis
754 2769 907 2804 quaadisse-

125 2803 157 2830 rit
176 2802 354 2837 Epiphanius,
367 2802 482 2830 cilicitur
495 2804 576 2838 paulo
589 2809 650 2838 post
669 2802 770 2831 ultimo
784 2810 905 2835 vocatos,

123 2845 154 2863 ac
169 2838 220 2865 sibi
236 2838 382 2873 adjunctos
396 2838 534 2873 apostolos
544 2861 551 2871 ,
569 2839 690 2871 Petrum,
712 2839 847 2867 Andream
882 2844 908 2866 et

125 2877 235 2901 caeteros
249 2873 280 2901 ad
297 2873 517 2909 prmdicationem
542 2882 712 2910 aggressum,
733 2876 813 2903 etiam
831 2879 908 2902 ante-

835 2676 846 2692 ⁸
862 2676 956 2703 Matth.
976 2684 1013 2709 iV,
1033 2677 1075 2704 18.

965 2278 1026 2300 tuor
1047 2272 1086 2299 illi
1102 2271 1188 2300 secuti
1206 2276 1288 2303 sunt;
1306 2270 1378 2306 quod
1394 2269 1475 2297 Luca:
1492 2272 1609 2296 testatur
1626 2269 1752 2296 historia.

963 2320 1002 2348 Ex
1014 2319 1115 2355 quibus
1129 2317 1259 2345 omnibus
1273 2317 1389 2344 edicitur
1400 2337 1408 2349 ,
1427 2316 1496 2344 nihil
1512 2315 1540 2342 in
1557 2315 1645 2342 sacris
1664 2315 1754 2341 Evan-

963 2365 1053 2400 geliis,
1072 2372 1222 2399 eorumque
1246 2363 1429 2398 scriptoribus
1453 2362 1612 2397 perplexum
1633 2370 1694 2389 esse
1709 2362 1752 2388 vel

963 2418 1138 2445 repugnans;
1163 2410 1210 2437 sed
1236 2409 1316 2444 plana
1338 2412 1366 2435 et
1385 2408 1512 2443 expedita
1529 2415 1590 2435 esse
1607 2409 1709 2440 omnia,
1729 2408 1752 2434 si

966 2460 1119 2491 temporum
1131 2455 1274 2482 intervalla
1286 2454 1450 2489 distinguas.
1468 2453 1517 2481 His
1530 2454 1568 2481 ita
1582 2455 1679 2489 gestis.
1690 2462 1753 2481 cum

963 2502 1020 2537 jam
1037 2501 1134 2530 Petrus
1150 2509 1183 2529 ac
1198 2501 1319 2529 Joannes
1333 2501 1479 2536 exterique
1492 2501 1601 2535 penitus
1622 2501 1755 2528 adhaesis-

966 2552 1037 2580 sent,
1053 2555 1085 2575 ac
1101 2553 1298 2583 sequerentur;
1314 2554 1362 2581 per
1374 2551 1458 2573 totam
1473 2546 1555 2583 439
1568 2545 1707 2573 Galilaeam
1723 2553 1755 2572 ac

965 2593 1086 2622 Judaeum
1098 2594 1198 2622 docere
1212 2594 1304 2628 coepit.
1322 2594 1412 2628 Atque
1429 2593 1466 2620 ita
1482 2593 1560 2628 longe
1577 2593 1684 2628 lateque
1698 2592 1756 2618 dis-

1131 2679 1141 2694 ¹⁵
1156 2677 1279 2706 ibid.,20.
1318 2677 1327 2691 ⁸
1341 2677 1407 2704 Luc.
1424 2684 1453 2710 ν,
1463 2677 1490 2710 Ξ,
1506 2677 1533 2704 5.
1572 2676 1582 2691 ⁷
1599 2675 1666 2703 ibid.
1685 2674 1712 2706 ι,
1727 2673 1752 2700 5.

961 2779 1043 2806 quam
1059 2771 1179 2799 Joannes
1201 2772 1228 2798 in
1259 2772 1368 2799 vincula
1390 2771 1585 2804 conjiceretur.
1604 2769 1640 2806 De
1654 2777 1708 2804 qua
1724 2775 1756 2798 re

962 2808 1134 2841 postmodum
1152 2812 1257 2841 agetur,
1275 2812 1304 2834 ut
1319 2811 1345 2834 et
1369 2808 1402 2834 de
1420 2806 1505 2834 natali
1522 2805 1624 2833 (lhristi
1643 2812 1674 2832 ac
1690 2811 1756 2832 vero

963 2842 1089 2877 baptismi
1101 2846 1126 2869 tl
1141 2843 1277 2877 passionis
1289 2851 1372 2870 anno.
