1964 3047
187 104 242 134 919

877 114 906 141 S.
939 115 1109 144 EPIPHANH

1770 119 1837 148 930

188 167 277 201 sipata
291 166 426 204 Evangelii
441 170 644 206 prtedicatione,
663 178 760 200 caetera
777 174 900 210 prodigia
917 184 978 210 per-

1038 179 1224 214 ιηρύγματος,
1250 178 1284 205 τὰ
1311 178 1374 214 ὲξῖβ,
1400 178 1454 205 τῶν
1485 179 1653 214 θεοσημείων
1679 179 1833 205 ἐπετέλει·

191 213 265 245 ίιψίι,
290 218 319 240 ιιι
344 215 389 242 hic
411 216 555 245 subductis
581 219 712 247 oumibus
729 228 821 247 rerum
838 226 978 256 gestarum

189 260 269 292 or.!o,
287 268 320 287 ac
335 262 422 289 series
440 263 608 291 instituenda
624 265 671 293 sit.

227 305 296 333 XVI.
324 306 351 334 in
368 309 464 342 primis
490 310 644 345 baptizatus
666 316 721 344 est,
739 312 762 340 si
788 312 980 349 [Egyptiorum

193 355 328 380 mensium
345 356 478 382 rationem
494 356 607 389 habeas,
635 357 722 394 Athyr
738 367 786 385 xu.
799 367 824 385 a.
839 359 865 386 d.
880 368 907 387 v1
921 360 980 388 Eid.

193 398 317 431 Novum,
328 401 378 428 hoc
389 407 431 429 est
448 410 482 429 ιιι
496 409 558 430 ante
573 403 674 432 festum
690 405 905 441 Epiphaniorum
924 407 980 441 die,

193 454 247 480 qua
274 447 297 474 is
315 449 465 476 secundum
486 458 597 478 carnem
622 455 704 479 natus
727 456 790 480 est:
813 453 839 479 id
857 453 929 488 quod
947 461 982 481 ex

194 491 342 527 Evangelio
363 493 443 522 Luca:
458 501 585 523 constare
596 500 693 531 potest.
714 497 758 524 Sic
776 499 847 525 enim
864 499 979 526 scribit:

194 536 347 565 EralJesus
364 540 490 574 incipiens
504 549 560 568 esse
576 542 653 575 quasi
670 550 800 570 armorum
817 551 881 577 xxx,
893 544 981 578 ﬁlius,

193 589 221 610 ut
237 586 393 617 putabatur,
407 584 505 620 Joseph
521 587 541 614 ¹,
558 586 624 614 Nam
639 588 661 616 si
675 593 830 616 accuratam
851 590 982 625 temporis

195 631 328 657 rationem
356 631 442 662 ineas,
471 634 582 660 nonnisi
611 642 675 662 xxix
692 643 826 662 annorum
852 640 923 668 erat,
950 644 982 664 ac

194 683 209 701 x
227 677 373 707 mensium,
391 684 452 704 cum
480 677 514 704 ad
531 679 696 714 baptismum
718 688 779 708 sese
804 682 930 714 contulit,
954 687 983 709 ut

194 721 307 755 triginta
327 730 472 756 annorum,
491 729 649 752 nontamen
667 726 821 761 plenorum,
841 727 925 755 fuisse
941 728 984 755 di-

193 772 281 795 catur.
301 767 418 804 ideoque
435 770 566 805 scriptqu
583 776 641 799 est:
661 771 794 807 Incipiens
808 774 884 809 quasi
899 783 983 801 amto-

195 822 252 840 rum
270 823 333 842 xxx.
351 815 483 852 Deinceps
506 825 539 844 ιι.
556 818 714 846 tentationis
730 820 788 846 dies
803 821 888 848 secuti
908 825 980 848 sunt.

1031 223 1100 250 ὥστε
1117 222 1186 251 εἶναι
1200 223 1247 260 τὴν
1262 224 1422 251 ἀκολουθίαν
1434 224 1583 257 egenum;
1598 224 1694 256 οὕτως.

1068 314 1125 347 ις’.
1140 313 1252 349 Πρῶτον
1267 313 1316 349 μὲν
1339 313 1532 347 βαπτισθέντος
1555 313 1638 340 αὑτοῦ
1657 314 1717 340 κατ’
1737 313 1834 346 Αἰγυ-

1031 359 1134 391 πτίους.
1163 360 1201 392 ὡς
1220 360 1336 396 ἔφημεν,
1361 360 1443 396 Ἀθὺρ
1459 360 1596 397 δωδεκάτῃ
1620 361 1673 396 πρὸ
1692 360 1720 394 ἓξ
1736 360 1834 386 mea».

1031 406 1203 442 Νοεμϐρίων,
1219 407 1339 437 τουτέστι
1354 407 1406 443 πρὸ
1418 407 1549 442 ἐξήκοντα
1561 407 1671 442 ἡμερῶν
1691 406 1833 442 (πλήρης)

1031 452 1079 487 τῆς
1107 452 1213 488 ἡμέρας
1239 453 1293 479 τῶν
1324 453 1502 487 Ἐπιφανίων,
1527 453 1544 488 ἦ
1563 453 1636 479 ἐστιν
1661 452 1753 488 ἡμέρα
1773 452 1831 486 τῆς

1032 498 1115 526 αυτοῦ
1132 499 1284 534 γεννήσεως
1304 499 1375 525 κατὰ
1395 499 1494 533 σάρκα,
1518 497 1556 531 ὡς
1573 498 1629 533 ἔχει
1651 499 1667 534 ἡ
1685 497 1831 534 μαρτυρία

1032 545 1079 570 τοῦ
1096 544 1167 570 κατὰ
1184 545 1289 570 Λουκεῖν
1303 544 1466 578 Εὑαγγελίου
1478 566 1487 578 ,
1510 544 1551 571 δτι
1566 542 1621 572 Ἦν
1640 543 1756 578 Ἰησοῦς
1769 544 1831 577 ἀρ-

1033 590 1161 625 χόμενος
1180 588 1258 616 εἶναι
1280 591 1322 622 ὡς
1342 590 1419 618 ἐτῶν
1442 590 1611 624 τριάκοντα,
1631 589 1674 617 ὢν
1692 590 1768 622 υίὸς,
1783 590 1830 622 ὡς

1032 633 1190 668 ἐνομΙζετο,
1207 634 1261 662 τοῦ
1277 633 1453 669 ἸωσήφῘΗν
1468 635 1522 672 γὰρ
1532 635 1571 670 τῷ
1584 636 1633 671 μὲν
1646 635 1701 662 ὖντι
1722 636 1830 662 εἰκοσι-

1033 680 1111 706 εννέα
1137 680 1216 711 ἐτῶν,
1240 681 1287 707 καὶ
1307 681 1400 717 μηνῶν
1413 681 1489 714 δέκα,
1511 681 1554 708 ὅτε
1571 682 1617 707 ἐπὶ
1630 681 1661 707 τὸ
1680 680 1831 715 βάπτισμα

1033 723 1096 761 ἧκε,
1112 727 1258 761 τριάκοντα
1269 727 1318 762 μὲν
1331 727 1410 760 ὲτῶν,
1428 728 1484 754 ἀλλ’
1501 727 1531 754 οὐ
1549 727 1666 762 πλήρης,
1681 726 1727 752 Διὸ
1738 726 1827 759 λέγει·

1040 773 1214 807 Ἀρχόμενος
1235 774 1275 806 ὡς
1302 773 1377 800 ἐτῶν
1403 774 1570 808 τριάκοντα.
1599 771 1775 799 Ἀπεντεῦθεν
1797 771 1830 798 αἱ

1034 817 1238 853 τεσσαράκοντα
1259 817 1307 844 τοῦ
1323 818 1490 854 πειρασμοῦ,
1507 818 1554 845 καὶ
1570 819 1597 844 αἱ
1617 817 1663 844 δύο
1677 817 1830 852 ὲδδομάδες

195 860 263 888 'l‘um
280 862 466 890 hebdomades
486 865 548 898 plus
569 865 660 892 minus
676 866 746 898 duae,
769 874 838 900 quas
858 866 982 894 Nazareti

1038 863 1126 899 μικρῷ
1152 864 1243 891 πλεῖον
1268 865 1296 890 αἱ
1325 865 1354 890 ὲν
1372 864 1500 899 Ναζαρὲτ
1519 864 1572 891 ἀπὸ
1588 864 1642 891 τῶν
1654 863 1765 899 ἡμερῶν
1777 863 1830 889 τοῦ

195 911 255 942 post
273 908 450 935 tentationem
466 911 572 945 exegit;
594 917 662 943 tum,
685 912 756 946 apud
776 911 909 940 Joannem
926 913 982 948 pri-

194 960 238 979 ma
248 954 390 988 alteraque
401 954 476 987 dies;
491 963 532 988 ac,
546 962 690 993 postquam
702 966 716 984 a
727 957 832 985 Joanne
843 958 982 991 discessit.

195 998 319 1032 totidem,
336 1008 398 1027 cum
411 1001 534 1030 Andreas
546 1002 621 1030 illum
637 1011 691 1030 una
705 1011 768 1030 cum
783 1005 859 1031 socio
873 1011 983 1033 secutus

194 1048 248 1077 est,
265 1044 363 1072 deinde
382 1045 477 1074 Simon
504 1046 612 1075 Petrus.
636 1049 728 1076 Altera
744 1058 809 1076 vero
828 1050 882 1082 die,
905 1056 935 1077 ut
957 1056 984 1078 et

195 1098 246 1117 nos
260 1091 392 1125 diximus,
409 1096 435 1119 et
449 1094 613 1129 evangelicae
627 1095 794 1122 narrationis
809 1096 876 1123 ordo
890 1101 984 1131 postu-

195 1135 244 1167 lat,
259 1136 401 1172 Philippus
418 1143 540 1172 vocatus,
557 1148 589 1167 ac
602 1140 765 1169 Nathanael.
779 1140 872 1169 Tertio
888 1148 983 1177 postea

195 1182 240 1209 die
263 1184 361 1217 nuptiae
381 1185 460 1218 facta!
475 1192 537 1212 sunt
555 1188 581 1212 in
602 1187 677 1214 Cana
695 1186 814 1215 Galila‘w
828 1190 848 1219 '.
864 1194 925 1224 post
943 1190 984 1216 bi-

195 1230 280 1256 duum
297 1230 363 1257 illud
380 1240 386 1257 2
403 1231 485 1266 idque
511 1233 628 1267 primutn
651 1234 840 1269 prodigiorum
862 1236 983 1263 omnium

195 1276 321 1309 exstitit;
337 1283 369 1303 ac
386 1281 443 1303 tum
458 1285 592 1305 annorum
606 1288 660 1306 xxx
672 1288 805 1308 numerus
817 1281 851 1308 ab
863 1281 924 1316 ejus
938 1290 985 1308 na-

195 1322 245 1348 tali
261 1324 416 1358 completus
430 1329 483 1352 est.
503 1324 601 1352 Eadem
621 1326 723 1361 quippe
740 1327 794 1359 die,
813 1335 868 1362 qua
882 1335 984 1356 secun-

196 1369 260 1394 dum
279 1375 388 1396 carnem
405 1375 486 1397 natus
503 1369 602 1404 fuerat,
621 1371 738 1406 primum
760 1372 828 1400 illud
845 1381 986 1401 conversae

196 1414 225 1442 in
242 1414 337 1442 vinum
353 1422 431 1450 aqum
451 1416 615 1443 miraculum
631 1417 752 1447 edidisse
768 1418 902 1451 creditur,
923 1427 984 1446 cum

196 1461 307 1495 triginta
321 1462 377 1496 jam
395 1469 483 1489 annos
507 1463 610 1490 solidos
628 1463 663 1490 ab
680 1467 742 1490 ortu
764 1471 815 1491 suo
834 1466 984 1492 secundum

196 1515 321 1540 carnem,
335 1508 509 1544 adventuque
522 1509 668 1536 clausisset
681 1519 687 1536 :
702 1509 814 1544 id-quod
830 1518 902 1545 saepe
911 1518 985 1537 com-

197 1554 420 1586 memoravimus,
442 1559 468 1582 et
488 1558 517 1581 ut
541 1555 574 1582 ad
590 1562 652 1582 eum
674 1555 784 1582 modum
806 1556 984 1591 accipiamus,

197 1600 363 1635 evangeliea:
379 1601 548 1628 narrationis
570 1605 666 1628 exacta
685 1601 772 1629 series
791 1603 930 1636 postulare
945 1603 986 1629 vi-

198 1648 287 1672 detur.
303 1644 363 1672 Jam
380 1651 442 1680 post
467 1646 583 1680 primum
605 1646 672 1673 illud
694 1647 858 1674 miraculum
880 1648 986 1683 reliqua

200 1691 323 1726 prodigia
346 1692 493 1719 subsecuta
514 1701 520 1718 :
538 1700 587 1719 nec
603 1700 656 1719 non
674 1697 702 1720 et
717 1694 839 1721 celestis
855 1694 987 1722 doctrina:

198 1736 366 1773 praedicatio,
382 1742 409 1764 et
428 1736 455 1763 id
471 1745 557 1772 genus
573 1743 682 1770 caetera,
698 1747 758 1773 qua:
772 1739 806 1766 ad
820 1739 986 1775 singularem

200 1792 227 1810 In
248 1791 300 1811 nos
324 1784 532 1816 humanitatem,
549 1784 744 1820 Evangeliique
759 1786 903 1814 miriﬁcam
921 1787 985 1819 vim,

199 1839 231 1858 ac
243 1831 396 1858 doctrinam
414 1831 609 1866 prmstandam,
626 1839 658 1859 ac
673 1832 914 1860 demonstrandam
928 1841 988 1868 per-

197 1877 296 1905 tinent.
315 1877 393 1911 Quod
408 1886 470 1904 cum
484 1885 499 1904 a
516 1885 559 1904 me
574 1884 616 1905 est
632 1885 686 1905 non
701 1879 785 1906 semel
801 1879 915 1912 dictum,
930 1884 986 1907 tum

198 1922 233 1950 ob
250 1930 385 1950 caecorum
402 1922 555 1954 hominum,
571 1922 619 1957 qui
635 1922 804 1950 intidelitatis
822 1925 986 1957 asserendze,

198 1971 280 2002 atque
299 1972 326 1995 et
341 1971 436 1995 saneto
453 1966 578 2002 Spiritui.
593 1971 620 1994 et
633 1967 840 2003 Evangeliorutn
857 1975 987 1997 constan-

197 2015 306 2043 tissimo
321 2015 410 2042 ordini
433 2014 640 2042 contradicendi
665 2016 839 2044 occasionem
865 2017 986 2053 undique

199 2064 321 2096 captant,
339 2068 423 2095 cogor
436 2067 508 2094 saepe
523 2064 655 2094 repetere.

234 2106 316 2134 XVII.
337 2106 442 2133 Etenim
463 2110 519 2133 tam
542 2106 686 2133 enucleata
706 2111 889 2143 accurataque
907 2107 990 2144 M0

199 2155 270 2182 ratio
286 2154 348 2181 illos
363 2161 459 2181 omnes
478 2153 639 2188 occupando
661 2154 813 2186 submovet,
830 2155 876 2190 qui
892 2156 989 2187 adver-

1036 908 1202 943 πειρασμοῦ,
1235 908 1282 935 καὶ
1305 908 1400 944 πρώτη
1423 909 1515 945 ἡμέρα
1545 909 1613 944 πρὸς
1635 908 1762 943 Ἰωάννην
1778 907 1831 934 καὶ

1034 954 1158 990 δευτέρα.
1190 955 1244 981 Καὶ
1264 955 1344 981 πάλιν
1362 955 1417 982 ἀπὸ
1439 956 1562 982 Ἰωάννου
1582 954 1678 990 πρώτη
1703 954 1750 980 καὶ
1768 953 1831 979 δευ-

1034 1002 1111 1037 τέρα,
1134 1002 1179 1028 ὅτε
1215 1001 1401 1036 ἠκολούθησαν
1435 1001 1509 1036 αὐτῷ
1537 1000 1648 1036 οἱπερὶ
1685 998 1829 1034 Ἀνδρέαν,

1036 1048 1130 1075 ἔπειτα
1143 1047 1233 1082 Σίμων
1248 1048 1359 1082 Πέτρος.
1384 1047 1440 1074 Καὶ
1456 1049 1488 1082 τῇ
1502 1047 1569 1083 ἄλλῃ
1583 1047 1684 1082 ἡμέρᾳ,
1701 1046 1738 1078 ὡς
1758 1046 1830 1079 ἔφη·

1037 1102 1096 1128 μεν,
1116 1094 1164 1120 καὶ
1181 1094 1236 1127 ἔχει
1249 1094 1265 1128 ή
1283 1092 1428 1119 ἀκολουθία
1440 1092 1488 1118 τοῦ
1502 1092 1678 1126 Εὑαγγελίου,
1691 1090 1831 1116 Φιλίππου

1037 1140 1141 1175 κλῆσις,
1169 1140 1215 1166 καὶ
1240 1139 1287 1166 τοῦ
1317 1138 1475 1174 Ναθαναὴλ.
1499 1138 1554 1164 Καὶ
1577 1138 1669 1164 λοιπὸν
1689 1138 1723 1172 τῇ
1746 1136 1831 1171 τρίτῃ

1036 1187 1127 1222 ἡμέρᾳ
1138 1186 1229 1222 γάμος
1239 1185 1357 1220 ἐγένετο
1372 1183 1496 1218 ἐσμ-Κανᾷ
1504 1184 1558 1218 τῆς
1571 1184 1746 1215 Γαλιλαίας.
1758 1182 1832 1217 μετὰ

1035 1233 1086 1264 τὰς
1097 1233 1143 1259 δύο
1156 1233 1204 1264 τὰς
1222 1233 1439 1268 προειρημένας·
1453 1232 1522 1268 ὅπερ
1535 1231 1642 1266 πρῶτον
1657 1231 1769 1265 σημεῖον
1780 1229 1830 1255 καὶ

1036 1279 1171 1314 πλήρωμα
1186 1279 1331 1314 τριάκοντα
1347 1278 1416 1305 ὲτῶν
1429 1279 1483 1304 ἀπὸ
1496 1279 1646 1313 γεννήσεως
1664 1276 1714 1311 τῆς
1728 1276 1832 1310 ἐνσὰρ-

1038 1334 1085 1351 κου
1105 1325 1186 1352 αὑτοῦ
1214 1325 1373 1360 παρουσίας.
1398 1325 1441 1350 Ἑν
1461 1324 1529 1359 αὐτῇ
1546 1323 1599 1359 γὰρ
1616 1323 1773 1358 εὑρίσκεται
1793 1322 1830 1356 τῇ

1037 1372 1127 1406 ἡμέρᾳ
1153 1371 1203 1406 τῆς
1228 1371 1310 1397 αὑτοῦ
1333 1371 1403 1398 κατὰ
1434 1370 1522 1406 σάρκα
1539 1371 1691 1404 γεννήσεως
1709 1377 1829 1401 πεποιη-

1038 1417 1092 1449 κὼς
1108 1417 1138 1444 τὸ
1154 1417 1260 1453 πρῶτον
1278 1417 1358 1444 πάλιν
1381 1419 1493 1452 σημεῖον
1505 1416 1552 1443 τοῦ
1567 1416 1662 1447 ὓδατος
1690 1416 1728 1446 είς
1744 1413 1829 1446 οἶνον,

1037 1465 1067 1490 ἐν
1083 1463 1121 1498 τῷ
1138 1463 1281 1499 πληρῶσαι
1309 1463 1390 1490 αὑτὸν
1404 1464 1550 1500 τριάκοντα
1565 1462 1622 1497 ἔτη,
1635 1461 1672 1493 ὡς
1697 1460 1830 1491 πολλάκις

1038 1508 1125 1542 εἷπον,
1148 1510 1203 1536 ἀπὸ
1224 1510 1274 1544 τῆς
1295 1509 1429 1546 ἐνσάρκου
1449 1509 1531 1535 αὑτοῦ
1553 1507 1704 1543 γεννήσεώς
1730 1515 1760 1533 τε
1781 1507 1830 1533 καὶ

1039 1554 1188 1590 παρουσίας
1202 1563 1208 1570 ’
1235 1554 1272 1586 ὡς
1295 1555 1450 1580 ὑποτίθεται
1469 1555 1535 1588 ἡμῖν
1554 1553 1672 1579 συνιέναι
1699 1551 1746 1577 καὶ
1775 1559 1829 1576 κα-

1037 1601 1221 1636 ταλαμϐάνειν
1234 1602 1250 1636 ἡ
1271 1601 1323 1626 τῶν
1337 1599 1510 1634 Εὑαγγεῖάιυν
1522 1598 1650 1634 ἀκρίϐειά
1664 1606 1693 1624 τε
1707 1598 1753 1623 καὶ
1763 1597 1829 1623 ἀκο-

1037 1646 1139 1674 λουθία.
1155 1646 1208 1673 Καὶ
1223 1647 1315 1673 λοιπὸν
1330 1646 1384 1673 ἀπὸ
1402 1646 1448 1672 τοῦ
1470 1646 1577 1680 πρώτου
1597 1644 1710 1680 σημείου
1733 1642 1828 1669 τούτου

1038 1694 1072 1720 τά
1085 1702 1114 1719 τε
1131 1694 1198 1720 ἄλλα
1214 1695 1314 1728 σημεῖα
1328 1713 1335 1724 ,
1355 1693 1401 1720 καὶ
1421 1693 1451 1719 τὸ
1463 1694 1594 1727 κήρυγμα
1610 1690 1712 1717 λοιπον.
1731 1691 1777 1716 καὶ
1795 1689 1831 1715 τὰ

1038 1738 1105 1765 ἄλλα
1128 1739 1216 1765 πάντα
1240 1739 1289 1774 τῆς
1305 1738 1467 1774 θαυμαστῆς
1485 1738 1567 1764 αὐτοῦ
1593 1736 1759 1772 πληρώσεως
1780 1735 1829 1769 τῆς

1038 1784 1254 1819 φιλανθρωπίας,
1271 1785 1317 1811 καὶ
1336 1784 1517 1819 εὐαγγελικῆς
1549 1782 1770 1818 Θαυματουργίας
1798 1789 1829 1806 τε

1039 1831 1085 1857 καὶ
1095 1830 1277 1865 διδασκαλίας,
1295 1831 1332 1863 ὡς
1343 1831 1472 1862 πολλάκις
1484 1831 1561 1865 ἔφην,
1574 1830 1620 1856 καὶ
1639 1827 1830 1862 ἀναγκάζομαι

1039 1875 1196 1908 πλειστάκις
1221 1876 1319 1910 λέγειν,
1335 1877 1345 1891 ³
1361 1876 1405 1903 διὰ
1420 1876 1469 1912 τὴν
1482 1875 1536 1902 τῶν
1560 1874 1758 1909 ἀπατωμένων.
1783 1875 1829 1900 καὶ

1039 1922 1280 1956 προφασιζομένων
1306 1922 1441 1957 θηρᾶσθαι
1460 1922 1566 1952 ἑαυτοῖς
1579 1921 1612 1947 τὰ
1626 1921 1674 1955 τῆς
1689 1918 1828 1949 ἀπιστίας,

1039 1967 1140 1995 καὶτοῦ
1160 1967 1309 2002 ἀντιλέγειν
1323 1968 1360 2003 τῷ
1372 1968 1441 2002 ἁγίῳ
1454 1967 1602 2002 Πνεύματι,
1617 1968 1664 1993 καὶ
1674 1967 1706 2001 τῇ
1722 1965 1828 2000 Θαυμα-

1041 2015 1090 2050 στῇ
1105 2013 1159 2040 τῶν
1172 2015 1345 2049 Εὐαγγελίων
1361 2013 1517 2050 ἀκολουθίᾳ.

1077 2105 1125 2131 1Ζ’.
1154 2104 1245 2139 Πάντη
1275 2104 1330 2139 γὰρ
1359 2104 1422 2135 τοὺς
1445 2102 1668 2137 ἐναντιουμένους
1698 2100 1737 2135 τῷ
1760 2101 1831 2136 ἁγίῳ

1040 2150 1198 2185 Εὐαγγελίῳ
1213 2151 1380 2186 προλήιξιεται
1406 2150 1424 2184 ἡ
1445 2148 1564 2183 τοσαύτη
1581 2147 1767 2183 ἁκριόολογία,
1781 2147 1828 2182 δη-

199 2208 246 2228 sus
258 2199 434 2234 Evangelium
447 2205 568 2234 pugnare
580 2206 634 2225 non
645 2197 782 2231 dubitant,
795 2207 858 2227 cum
871 2200 984 2235 idipsum

1040 2197 1133 2228 λοῦσα,
1154 2197 1194 2223 ὅτι
1209 2197 1264 2223 ἀπὸ
1285 2196 1331 2222 τοῦ
1349 2196 1537 2230 βαπτίσματος
1550 2195 1568 2230 ἡ
1586 2194 1655 2230 ἀρχὴ
1670 2194 1719 2228 τῆς
1733 2192 1830 2228 λοιπῆς

198 2249 389 2277 ueinonstrat;
411 2243 562 2272 secundum
586 2243 753 2278 baptismum
769 2249 928 2272 exterarum
946 2253 989 2273 re-

198 2301 259 2320 rum
273 2297 413 2329 gestarum
428 2292 503 2319 initia
518 2293 592 2320 hunc
603 2294 630 2320 in
644 2292 756 2320 modum
769 2297 873 2319 secuta.
886 2291 989 2318 Deinde

197 2346 259 2373 quae
281 2343 342 2372 post
360 2338 524 2373 baptismum
546 2339 573 2365 in
590 2339 635 2365 illa
652 2345 684 2365 xt.
702 2338 807 2365 dierum
825 2337 987 2368 tentationc,

199 2392 231 2410 ac
245 2383 354 2410 deserto
367 2384 553 2418 contigerunt,
571 2391 625 2412 non
640 2384 700 2411 sine
713 2383 801 2410 sancti
814 2382 934 2417 Spiritus
947 2382 989 2409 af-

198 2430 264 2456 llatu
282 2436 296 2455 a
313 2428 417 2455 Joanne
436 2428 629 2463 praetermissa.
644 2429 717 2464 quod
735 2437 750 2455 a
767 2429 855 2454 tribus
872 2435 988 2463 evange-

199 2476 269 2503 listis
290 2479 371 2502 antea
390 2475 530 2502 memoria:
551 2479 644 2502 essent
669 2475 786 2510 prodita.
806 2473 989 2507 Quemadmo-

199 2522 264 2548 dum
285 2521 338 2548 alia
360 2521 406 2548 alii
433 2521 607 2555 evangelista)
635 2521 822 2556 praetereunda
838 2523 987 2556 iputarunt,

199 2568 271 2602 quod
284 2567 399 2594 alterius
420 2567 488 2594 alter
504 2567 577 2594 velut
595 2567 719 2594 subsidio
738 2567 878 2595 niteretur.
895 2566 933 2594 Ita
947 2573 989 2594 ta-

199 2622 272 2646 men,
296 2617 325 2641 ut
347 2621 400 2640 una
422 2614 457 2640 sit
478 2621 512 2640 ex
532 2614 662 2642 omnibus
678 2614 793 2641 collecta
807 2621 838 2640 ac
854 2614 989 2641 subducta

236 2696 242 2709 '
261 2694 327 2721 Luc.
343 2702 384 2726 ιιι,
402 2694 447 2720 23.
487 2694 497 2708 ²
512 2692 590 2722 Joan.
609 2702 638 2726 ιι,
657 2693 682 2721 1.

203 2730 302 2764 σιράκ.
319 2730 430 2765 ἡμερῶν
446 2729 573 2756 refertur.

741 2694 751 2710 ³
769 2693 846 2722 Deest
865 2694 1000 2721 nonnihil.

1039 2242 1241 2279 πραγματείας,
1260 2243 1297 2274 ὡς
1322 2243 1378 2278 ἔχει
1392 2242 1494 2273 οὕτως·
1517 2242 1557 2268 ὃτι
1577 2241 1672 2267 ἔπειτα
1694 2239 1765 2266 κατὰ
1782 2240 1831 2275 τὴν

1038 2290 1144 2325 ἡμέραν
1157 2289 1204 2316 τοῦ
1223 2288 1414 2324 βαπτίσματος
1427 2289 1455 2315 ὲν
1469 2288 1508 2324 τῷ
1519 2286 1665 2323 πειρασμῷ
1682 2286 1830 2320 γενομένου

1037 2335 1131 2367 αὑτοῦ,
1147 2336 1202 2362 τῶν
1215 2336 1418 2370 τεσσαράκοντα
1435 2334 1545 2370 ἡμερῶν
1561 2335 1589 2360 ὲν
1596 2335 1629 2368 τῇ
1645 2334 1740 2368 ἐρήμῳ
1751 2332 1829 2368 περὶι

1038 2382 1128 2418 (Θεοῦ)
1157 2382 1196 2418 τῷ
1225 2382 1364 2417 Πνεὺματι
1392 2381 1433 2416 τῷ
1457 2382 1532 2416 ἁγίῳ
1550 2379 1671 2416 (40),διὰ
1694 2379 1828 2411 Ἰωάννου,

1038 2430 1069 2457 οὺ
1092 2430 1286 2465 πεφρόντισται
1312 2430 1443 2464 σημᾶναι.
1468 2427 1536 2462 Ἤδη
1558 2427 1612 2462 γὰρ
1631 2425 1665 2462 ἧν
1688 2426 1768 2452 τοῦτο
1788 2425 1830 2452 διὰ

1039 2475 1093 2501 τῶν
1107 2476 1191 2511 τριῶν
1213 2474 1413 2509 εὐαγγελιστῶν
1438 2473 1586 2509 σημανθέν.
1610 2472 1663 2499 Καὶ
1680 2471 1761 2498 πάλιν
1776 2471 1828 2502 τοῖς

1040 2521 1129 2553 ἄλλοις
1152 2521 1360 2555 εὐαγγελισταῐς
1388 2521 1451 2556 περὶ
1468 2520 1521 2546 τῶν
1536 2520 1624 2546 ἄλλων
1643 2518 1673 2544 οὑ
1688 2517 1829 2552 πεφρόντι-

1041 2577 1112 2598 σται,
1137 2568 1180 2594 διὰ.
1205 2567 1235 2594 τὺ
1255 2568 1370 2594 ἕκαστον
1390 2568 1435 2602 ἀφ’
1458 2567 1573 2593 ἑκάστου
1589 2563 1756 2599 βοηθεῖσθαι.
1778 2563 1828 2588 Καὶ

1041 2613 1118 2649 παρὰ
1134 2614 1242 2640 πάντων
1266 2613 1450 2648 συλλεγομένη
1465 2613 1481 2648 ὴ
1499 2611 1613 2646 ἀλήθεια
1625 2609 1762 2636 δείκνυται
1782 2607 1829 2642 μία

1056 2694 1065 2710 ⁸
1084 2693 1115 2720 F.
1133 2694 1196 2730 πέρι
1211 2694 1252 2721 vel
1270 2695 1301 2720 ὲκ
1327 2692 1464 2729 περιττοῦ.
1486 2692 1515 2720 Si
1537 2692 1600 2727 πέρι
1618 2692 1692 2724 legas
1718 2689 1751 2716 ad
1768 2697 1827 2715 τεσ-

239 2820 294 2854 ‹.ί-0)
318 2819 385 2853 ηελλ
402 2818 547 2854 *Θεοῦῖτῷ
571 2819 732 2854 Πνεύματι.
755 2819 856 2848 Praeter
881 2819 984 2854 conject

1042 2826 1067 2846 ιιι
1099 2826 1171 2846 ...σοι
1194 2826 1275 2853 quam
1305 2817 1387 2845 modo
1402 2821 1577 2849 attexuunus,
1601 2818 1720 2843 OtJt'Ul'rll
1748 2812 1827 2841 soribi

203 2851 296 2892 posse,
313 2851 377 2890 περὶ
387 2851 418 2882 οὗ
430 2853 469 2889 τῷ
481 2853 531 2881 Πν.
