1964 3047
177 157 232 186 9‘25

886 163 914 190 S.
945 163 1117 192 El’iPIIANIf

1756 164 1814 194 θεέ

178 215 298 244 Joannes
318 215 439 251 Baptista
455 222 650 250 pronuntiavit.
677 217 728 246 Hic
742 224 782 247 eu
799 220 831 247 de
844 229 895 255 quo
910 221 969 249 dixi

1028 220 1112 256 ὶῦτος
1131 223 1196 250 ἐστι
1206 243 1214 256 ,
1239 224 1305 258 περὶ
1321 221 1358 252 οὗ
1383 221 1469 251 εἷπον
1484 222 1556 259 ὑμῖν
1566 231 1574 239 ·
1600 222 1648 249 καὶ
1664 222 1756 252 πάλιν,
1770 224 1816 250 ὃτι

178 263 250 292 vobis
266 263 293 296 ¹;
311 262 392 291 item:
414 263 475 290 Vidi
491 263 621 299 Spiritum
637 270 759 293 sanctum
773 265 970 294 descendentem

177 309 206 337 in
225 311 309 344 specie
327 310 466 343 columbae,
480 315 505 337 et
521 316 669 338 manentem
685 320 764 346 super
780 313 865 347 ipsum
879 314 889 328 '
902 322 909 346 ;
922 317 968 340 et:

181 356 232 383 llic
247 362 285 384 est
301 357 346 391 qui
370 357 439 384 tollit
453 363 589 392 peccatum
606 359 697 385 mum“
718 359 738 386 ³.
766 359 970 388 Animadvertis

179 402 264 437 igitur
279 403 346 430 nihil
365 403 400 430 ab
416 410 449 430 eo
464 411 512 438 per
530 403 697 431 oblivionem
712 411 774 432 esse
790 405 968 440 praeteritum,

179 448 226 476 sed
245 456 277 475 ea
296 448 429 476 duntaxat
451 449 548 477 relicta
564 469 572 481 ,
587 457 646 485 qua:
658 450 716 485 jam
730 450 872 479 Mattheus
887 459 972 487 expo-

179 499 281 522 suerat.
297 494 402 528 Quibus
419 503 481 522 cum
505 495 574 523 nihil
588 503 657 531 opus
676 500 734 523 erat
757 497 874 532 amplius
888 517 895 529 ,
913 501 971 524 tum

180 540 273 567 divina
291 540 336 567 illa
351 541 507 569 adhibenda
522 549 582 575 vox,
597 549 650 577 qua
665 550 760 570 eorum
773 543 891 578 jugulari
909 551 972 577 pos-

180 591 223 613 sel.
238 594 333 618 error,
349 587 395 622 qui
410 587 550 615 Christum
570 596 585 615 a
601 588 686 616 Maria
706 592 824 621 tantum,
841 593 923 624 atque
938 597 971 617 ex

180 632 228 660 illo
244 633 362 667 primum
379 637 501 669 tempore
514 634 686 661 nominatum
699 634 855 669 crederent,
870 635 973 671 quique

180 679 228 706 Dei
242 679 340 707 Filium
361 679 463 708 nudum
480 680 618 708 hominem
637 680 722 708 fuisse
736 681 879 713 dicerent,
895 689 973 709 eum-

180 725 300 761 demque
325 725 409 753 certis
435 726 646 754 accessionibus
673 731 701 754 et
732 726 911 755 incrementis
940 734 974 754 eo

180 779 356 807 progressum
369 792 377 804 ,
392 777 422 799 ut
436 771 498 799 Filii
525 771 572 800 Dei
599 773 809 808 appellationem
826 773 971 801 obtineret.

181 817 222 846 οδ
250 817 278 846 id
295 817 415 846 Joannes
430 825 490 846 eam
513 819 564 846 sibi
582 824 686 853 partem
703 819 904 854 deposcendam
923 828 974 855 pu-

181 865 259 896 tavit,
272 872 333 900 quae
352 866 509 892 necessaria
528 865 676 893 videretur.
693 864 770 893 Licet
782 866 855 893 enim
875 874 974 901 magna

1024 270 1162 305 Τεθέαμαι
1177 270 1210 297 τὸ
1224 271 1345 305 Πνεῦμα
1362 270 1396 298 τὸ
1409 271 1495 305 ἄτιον
1514 270 1694 297 καταϐαῖνον
1712 270 1747 296 ἐν
1769 271 1815 296 εῖ-

1020 313 1064 340 δει
1082 314 1269 348 περιστερᾶς,
1283 316 1333 342 καὶ
1347 315 1441 350 μένον
1458 315 1504 342 ἐπ’
1521 315 1628 342 αὐτόν·
1647 315 1704 347 καὶ,
1717 313 1816 348 Οὗτός

1020 359 1106 386 ἐστιν
1127 361 1143 386 ὁ
1166 361 1258 394 αῖρων
1279 361 1336 395 τὴν
1360 361 1508 395 ἁμαρτίαν
1531 361 1585 388 τοῦ
1609 363 1734 396 κόσμου.
1756 361 1816 388 Καὶ

1020 405 1098 441 ὁρᾷς.
1110 405 1151 431 ὅτι
1167 405 1243 432 οὐδὲν
1255 407 1327 433 κατὰ
1337 406 1476 442 λησμονὴν
1487 406 1649 441 ὑφηγεῖται·
1664 405 1814 440 παρέλειψε

1021 450 1050 477 δὲ
1064 451 1098 477 τὰ
1113 450 1152 486 τῷ
1165 451 1296 487 Ματθαίῳ
1308 451 1564 488 πραγματευθέντα.
1573 451 1611 478 Οὺ
1624 451 1678 486 γὰρ
1685 449 1719 486 ἦν
1733 452 1816 487 χρεία

1022 497 1134 524 ἐκείνων
1148 497 1260 530 οὐκέτι,
1279 497 1348 524 ἀλλὰ
1365 498 1414 533 τῆς
1432 497 1507 530 Θείας
1530 499 1656 534 φράσεως
1679 497 1745 533 πρὸς
1767 498 1816 524 ἁν-

1021 542 1149 578 τίρῤησιν
1172 543 1228 570 τῶν
1251 543 1418 579 νομιζόντων
1442 543 1497 571 ἀπὸ
1523 544 1633 579 Μαρίας
1661 544 1708 570 καὶ
1734 543 1816 579 δεῦρο

1022 588 1140 624 Χριστὸν
1154 589 1234 615 αὐτὸν
1258 589 1417 619 καλεῖσθαι,
1436 590 1484 616 καὶ
1500 589 1562 616 Υξδν
1585 589 1652 618 Θεοῦ
1673 589 1749 624 ψιλὸν
1765 589 1814 615 ἇν-

1024 634 1142 670 θρωπον,
1160 635 1232 662 κατὰ
1251 635 1394 671 προκοπὴν
1408 635 1436 662 δὲ
1453 635 1550 671 ἡκέναι
1566 637 1606 667 εἰς
1619 636 1650 662 τὸ
1672 635 1816 662 καλεῖσθαι

1023 681 1088 708 Υίὸν
1101 681 1180 710 Θεοῦ,
1198 682 1244 708 Διὸ
1258 682 1312 709 τῶν
1326 682 1483 716 ἀναγκαίων
1501 682 1687 717 ἐπιμελεῖται·
1705 682 1816 708 πάντων

1025 727 1074 764 μὲν
1084 725 1130 755 οὖν
1146 728 1273 764 μεγάλων
1287 728 1372 755 ὅντων
1383 728 1431 756 καὶ
1442 728 1610 762 ἀναγκαίων,
1625 728 1816 763 περιττότερον

1022 772 1052 799 δὲ
1077 773 1238 808 ποιούμενος
1259 773 1313 800 τῶν
1328 774 1498 809 ἐπουρανίων
1517 774 1566 810 τὴν
1588 774 1691 801 ἄνωθεν
1712 775 1817 800 οἰκονο-

1025 817 1103 853 μίαν.
1125 818 1242 853 Λέγουσι
1268 820 1298 846 δὲ
1324 820 1355 846 τὸ
1382 820 1452 847 κατὰ
1480 821 1606 856 Ἰωάννην
1630 820 1815 854 Εὐαγγέλιον,

1024 863 1119 899 ἐπειδὴ
1143 864 1180 900 μὴ
1205 865 1239 892 τὰ
1257 865 1327 892 αὐτὰ
1350 865 1413 901 ἔφη,
1437 866 1576 893 ἀδιάθετον
1596 864 1681 897 εἶναι,
1704 867 1751 892 καὶ
1777 867 1817 902 μὴ

180 910 271 937 omnia
286 910 342 938 sint
360 917 393 937 ac
412 911 580 940 necessaria.
600 915 691 938 tamen
715 911 744 938 in
763 910 865 938 divinis
883 912 970 946 potis-

1028 910 1147 947 δέχεσθαι
1159 910 1258 942 αὐτοὺς
1271 911 1345 942 αὐτὸ,
1359 911 1430 938 κατὰ
1441 911 1530 938 πάντα
1543 911 1755 948 πεπλανημένοι,
1769 912 1818 938 καὶ

181 955 282 984 simum
296 956 475 991 explicandis,
490 964 522 983 ac
539 957 643 984 caelesti
667 956 713 983 illa
731 957 970 985 administratione

1023 957 1226 992 τυφλάπτοντες
1239 957 1288 993 τὴν
1301 957 1430 984 διάνοιαν.

180 1003 288 1031 defixus
304 1007 356 1031 est.
375 1003 454 1036 Quod
469 1003 553 1038 igitur
573 1002 687 1031 Joannis
702 1003 879 1038 Evangelium
911 1003 947 1031 ob
975 1003 1003 1031 id
1025 1011 1040 1031 a
1067 1003 1144 1031 Novo
1173 1003 1351 1031 Testamento
1382 1003 1547 1039 repudiant,
1574 1011 1625 1031 nec
1658 1003 1817 1036 admittunt,

180 1049 254 1078 ouod
268 1057 320 1077 non
338 1058 399 1077 cum
415 1050 476 1076 aliis
493 1049 565 1076 haud
582 1049 651 1077 satis
667 1049 823 1077 consentiat
837 1069 845 1082 ,
866 1057 976 1077 summo
996 1049 1024 1077 in
1038 1057 1143 1081 errore,
1160 1057 1192 1076 ac
1206 1050 1306 1076 mentis
1323 1050 1444 1077 caecimte
1458 1054 1612 1077 versantur.

216 1095 288 1123 XIX.
305 1095 410 1123 Etenim
424 1095 617 1123 sanctissimus
634 1095 679 1122 hic
692 1095 858 1131 evangelista
876 1096 974 1123 ordine

181 1149 214 1170 ac
233 1142 410 1170 successione
428 1146 563 1177 quartus.
581 1149 613 1168 ac
640 1141 749 1169 tametsi
777 1141 882 1176 primus
900 1146 974 1170 esset

181 1189 316 1220 omnium,
337 1187 476 1216 scribendi
488 1192 577 1215 tamen
594 1191 716 1222 tempore
731 1192 895 1222 postremus,
913 1195 974 1223 quae

182 1239 247 1263 ante
265 1242 296 1262 se
322 1235 453 1270 praeclare
466 1237 545 1262 erant
570 1234 685 1261 aliorum
702 1241 785 1269 opera
803 1233 909 1269 digesta
931 1242 975 1262 re-

182 1285 275 1317 petere
287 1281 389 1315 noluit;
407 1281 455 1308 sed
475 1284 539 1308 ante
559 1287 590 1307 t-a
605 1287 666 1315 qua:
679 1279 737 1315 jam
759 1279 832 1306 dicta
853 1280 972 1312 fuerant,

181 1335 243 1363 quae
260 1335 314 1355 non
339 1331 420 1355 erant
438 1327 510 1354 dicta
530 1326 684 1361 proposuit.
706 1325 851 1354 Matthams
863 1326 972 1361 quidem

183 1375 218 1402 ab
236 1374 392 1402 Abrahamo
417 1374 557 1402 scribendi
577 1374 655 1401 initio
671 1373 744 1400 facto
756 1393 763 1406 ,
784 1377 846 1408 post
863 1374 975 1401 incuna-

182 1421 245 1449 hda
257 1420 371 1453 Christi,
390 1425 416 1448 et
430 1421 545 1448 alterum
563 1427 577 1446 a
592 1419 675 1447 natali
692 1419 754 1454 ejus
770 1427 873 1446 annum
891 1418 973 1455 M2

183 1467 370 1495 narrationem
396 1467 525 1502 pertexit.
550 1466 660 1494 Marcus
682 1473 746 1493 vero
763 1466 798 1493 ab
814 1474 859 1493 an.
877 1473 912 1492 xv
927 1465 974 1492 Ti-

183 1512 251 1541 berii
263 1534 270 1545 ,
292 1513 511 1548 circumscriptis
530 1512 610 1540 medii
626 1512 759 1548 temporis
778 1512 862 1540 rebus
878 1511 974 1547 gestis,

183 1567 301 1587 exorsus
317 1563 368 1587 est.
402 1559 436 1586 At
458 1558 547 1586 Lucas
571 1558 652 1586 altius
674 1559 726 1586 ista
747 1563 873 1593 repetens
890 1557 925 1585 ab
942 1564 976 1584 eo
990 1579 1012 1609 c

185 1612 308 1643 tempore
321 1608 405 1642 ctepit
418 1627 426 1639 ,
444 1607 516 1642 quod
537 1607 640 1634 Christi
657 1611 748 1633 ortum
764 1606 928 1638 antecessit;
949 1608 977 1633 et

185 1658 240 1681 tam
260 1653 360 1686 hujus,
389 1661 471 1688 quam
487 1653 601 1681 Joannis
625 1654 652 1680 in
673 1652 765 1680 Maria:
790 1656 872 1687 atque
891 1651 977 1679 Elisa-

184 1698 248 1726 beth
274 1702 352 1725 utcro
377 1702 538 1732 conceptum
568 1697 704 1732 exposuit.
724 1697 845 1724 Joannes
860 1696 976 1731 denique

185 1748 341 1779 postremus
354 1743 488 1770 accedens
505 1743 640 1770 altissime
651 1743 774 1770 omnium
790 1742 976 1769 narrationem

183 1788 312 1820 arcessit,
330 1792 359 1816 et
373 1796 434 1824 qua:
447 1788 549 1816 Christi
563 1787 728 1823 temporaria
744 1787 790 1814 illa
802 1786 977 1823 generatione

184 1834 276 1869 priora
293 1838 369 1867 sunt,
387 1834 511 1862 stabilire
532 1841 564 1860 ac
588 1834 695 1861 munire
718 1833 847 1860 instituit.
865 1832 978 1868 Spirita-

185 1881 221 1908 lia
237 1881 310 1909 enim
332 1880 418 1908 ferme
445 1886 525 1912 sunt,
543 1888 604 1916 qua:
619 1880 665 1907 ille
688 1879 826 1907 memoriae
842 1886 978 1906 commen-

184 1927 277 1959 davit,
301 1934 363 1954 cum
390 1934 451 1961 quae
467 1925 501 1952 ad
524 1933 624 1961 corpus
640 1925 789 1952 attinerent
809 1924 916 1952 abunde
932 1932 978 1952 es-

185 1977 248 2001 sent
280 1973 395 2000 aliorum
429 1973 541 2008 scriptis
574 1972 763 1999 corroborata.
794 1970 978 2004 Quamobrem

185 2020 336 2055 spiritalem
352 2019 386 2047 dc
400 2019 493 2046 divino
513 2019 559 2046 illo
578 2018 652 2046 dono
675 2018 862 2045 narrationem
880 2025 980 2053 aggre-

184 2066 275 2099 ditur,
295 2066 368 2101 quod
390 2065 468 2093 initio
483 2072 582 2092 carens
607 2064 682 2092 omni
710 2064 744 2090 ab
763 2063 868 2091 ctelesti
886 2063 914 2090 in
929 2070 980 2091 nos

184 2111 266 2139 Patre
295 2111 464 2139 transfusum
484 2115 547 2143 est,
576 2114 603 2138 et
621 2111 656 2138 de
686 2108 770 2145 hujus
802 2108 919 2137 consilio
948 2115 981 2136 ac

1061 1096 1111 1123 ΙΘ’.
1134 1095 1270 1131 Τέταρτος
1286 1095 1339 1131 γὰρ
1362 1098 1432 1122 κατὰ.
1448 1095 1573 1130 διαδοχὴν
1594 1095 1679 1122 ἐλθὼν
1695 1096 1709 1122 6
1727 1097 1819 1131 μακά-

1027 1150 1094 1178 ριος,
1109 1141 1216 1177 πρῶτος
1233 1142 1282 1177 μὲν
1298 1141 1346 1173 ὢν,
1361 1140 1474 1176 ὕστερος
1490 1141 1518 1168 δὲ
1534 1143 1590 1173 τοῖς
1604 1141 1690 1168 ἐτεσιν
1702 1143 1822 1176 εὐαγγε-

1025 1187 1170 1222 λισάμενος
1185 1187 1220 1214 τὰ
1233 1187 1286 1223 προ
1300 1186 1382 1213 αὑτοῦ
1402 1186 1494 1218 καλῶς
1505 1187 1670 1222 τεταγμένα,
1688 1188 1737 1213 οὐκ
1752 1189 1819 1222 ἐμε-

1027 1234 1158 1270 ρίμνησεν
1177 1233 1323 1260 ἐκθέσθαι·
1349 1233 1417 1261 ἀλλὰ
1438 1233 1627 1269 προλαμϐάνει
1650 1233 1705 1260 τῶν
1722 1234 1820 1270 ῥηοέν-

1028 1289 1082 1307 των
1104 1279 1139 1306 τὰ
1161 1279 1199 1315 μὴ
1219 1279 1347 1314 ῥηθέντα,
1370 1280 1398 1306 '0
1415 1279 1556 1310 Ματθαῖος
1571 1279 1624 1314 γὰρ
1639 1279 1751 1314 ἄρχεται
1764 1280 1821 1306 ἀπὸ

1035 1325 1173 1361 Ἁϐραάμ·
1192 1325 1262 1360 μετὰ
1281 1325 1310 1352 δὲ
1322 1325 1371 1361 τὴν
1385 1325 1482 1361 ἀρχὴν,
1499 1325 1546 1352 καὶ
1563 1325 1632 1360 μετὰ
1645 1325 1691 1352 δύο
1705 1325 1752 1361 ἐτη
1769 1326 1821 1360 τῆς

1028 1373 1191 1407 γεννήσεως,
1209 1371 1291 1398 πάλιν
1303 1373 1420 1398 ποιεῖται
1435 1372 1485 1407 τὴν
1500 1372 1648 1407 ὑφήγησιν.
1662 1372 1776 1407 Μάρκος
1791 1372 1820 1398 δὲ

1028 1416 1142 1452 ἄρχεται
1157 1417 1211 1443 ἀπὸ
1223 1417 1465 1443 πεντεκαιδεκάτου
1485 1416 1561 1448 ἔτους
1578 1417 1721 1453 Τιϐερίου⁸
1737 1417 1821 1452 p.566—

1027 1472 1097 1498 τητα
1112 1463 1165 1489 τῶν
1182 1463 1251 1498 μετὰ
1263 1463 1311 1498 τὴν
1325 1464 1422 1499 ἀρχήν.
1438 1464 1545 1495 Λουκᾶς
1558 1463 1585 1489 δὲ
1600 1463 1686 1499 ἀρχὴν
1703 1464 1755 1499 πρὸ
1769 1464 1821 1499 τῆς

1029 1509 1116 1546 ἀρχῆς
1130 1510 1266 1545 ἐπήνεγκε
1281 1510 1330 1545 τὴν
1343 1510 1396 1546 πρὸ
1410 1510 1459 1545 τῆς
1471 1511 1624 1545 γεννήσεως
1638 1511 1666 1536 ὲν
1680 1512 1713 1546 τῇ
1724 1511 1822 1548 συλλή-

1028 1556 1074 1592 ψει
1085 1556 1135 1591 τῆς
1145 1556 1263 1592 γαστρὸς
1273 1556 1383 1592 Μαρίας
1397 1557 1444 1582 καὶ
1455 1556 1506 1591 τῆς
1518 1556 1658 1583 Ἐλισάῦετ
1666 1559 1819 1591 γεγονυῖαν.

1036 1603 1164 1639 Ἰωάννης
1186 1603 1214 1630 δὲ
1231 1603 1272 1630 ἔτι
1290 1604 1433 1640 πρότερον,
1454 1604 1566 1640 ὕστερος
1582 1604 1676 1637 ἐλθὼν,
1695 1606 1823 1639 ὲπασφα-

1031 1649 1134 1681 λίζεται
1157 1649 1206 1685 τὴν
1225 1649 1278 1685 πρὸ
1299 1650 1350 1685 τῆς
1368 1651 1501 1686 ὲνσάρκου
1517 1651 1667 1687 παρουσίας
1688 1660 1822 1687 πραγμα-

1030 1695 1115 1722 τείαν.
1143 1695 1320 1731 Πνευματικὰ
1344 1696 1398 1731 γὰρ
1418 1694 1452 1732 ἦν
1474 1697 1508 1723 τὰ
1531 1697 1645 1724 πλεῖστα
1669 1698 1714 1723 ὑπ’
1738 1697 1822 1724 αὑτοῦ

1031 1740 1176 1775 λεγόμενα,
1194 1741 1248 1767 τῶν
1266 1740 1408 1776 σαρκικῶν
1422 1741 1472 1776 ἤδη
1491 1742 1758 1777 ὲπασφαλισθέντων.
1775 1743 1823 1768 At)

1032 1786 1226 1821 πνευματικῶς
1243 1786 1294 1821 τὴν
1311 1787 1448 1822 ὑφήγησιν
1461 1789 1578 1814 ποιεῖται
1591 1788 1640 1823 τῆς
1651 1787 1754 1815 ἄνωθεν
1768 1789 1824 1815 ἀπὸ

1030 1832 1138 1867 Πατρὸς
1152 1833 1271 1868 ἁνάρχου
1291 1833 1397 1869 δωρεᾶς
1412 1835 1479 1868 ἡμῖν
1496 1833 1637 1869 ἐλθούσης,
1655 1834 1727 1861 κατὰ
1749 1834 1823 1860 εὐδο-

1030 1878 1094 1905 κίαν
1113 1878 1219 1914 Πατρὸς
1236 1880 1265 1906 ὲν
1278 1880 1311 1915 τῇ
1325 1879 1392 1915 ἁγίᾳ
1408 1879 1549 1915 Παρθένῳ,
1567 1880 1596 1906 ὲν
1615 1880 1707 1915 μήτρᾳ
1721 1880 1824 1915 παρθε-

1030 1926 1093 1960 νικῇ
1111 1925 1344 1961 οἰκονομηθείσης.
1361 1925 1416 1952 Καὶ
1439 1926 1463 1952 οι
1480 1925 1568 1952 λοιποὶ
1584 1926 1623 1959 δὲ,
1643 1926 1678 1952 τὰ
1697 1927 1743 1953 ἴσα
1760 1925 1824 1952 τοὺ-

1031 1979 1087 2002 τοις
1103 1970 1257 2007 σιρμφώνως
1269 1971 1402 2003 εἰπόντες.
1413 1969 1451 1998 ὧν
1463 1969 1497 2006 ἦν
1513 1972 1591 2008 χρεία
1607 1972 1822 2008 ὲπεμελήσαντο.

1038 2017 1067 2044 '0
1079 2017 1107 2043 δὲ
1130 2018 1256 2052 Ἰωάννης
1274 2018 1321 2044 καὶ
1338 2018 1387 2053 τὴν
1413 2018 1542 2054 πρόθεσιν
1553 2017 1619 2053 (45),
1634 2018 1678 2045 ἴνα
1695 2018 1748 2045 ἀπὸ
1762 2027 1825 2045 τεσ-

1030 2063 1122 2099 σάρων
1136 2063 1338 2098 εὐαγγελιστῶν
1350 2063 1398 2098 τὴν
1420 2065 1511 2091 πᾶσαν
1535 2065 1606 2091 κατά
1618 2073 1649 2091 τε
1666 2065 1716 2100 τὴν
1733 2065 1824 2101 σάρκα

1029 2109 1158 2136 καὶκατὰ
1169 2109 1218 2145 τὴν
1236 2109 1352 2145 θεότητα
1367 2110 1511 2145 ἀκρίϐειαν
1528 2111 1721 2146 κατάσχωμεν.

183 2159 324 2186 voluntate
342 2159 369 2186 in
388 2159 419 2186 Β.
449 2158 589 2194 Virginem
610 2158 738 2194 illapsum
754 2178 762 2191 ,
779 2161 862 2192 atque
880 2157 908 2184 in
939 2157 1064 2193 virgineo
1097 2156 1158 2192 ejus
1177 2158 1283 2193 gremio
1310 2165 1372 2185 cum
1399 2165 1483 2186 carne
1507 2159 1696 2194 conjunctum.
1725 2159 1824 2187 Caatcri

185 2214 268 2242 porro
285 2207 322 2234 ita
338 2207 435 2234 iisdem
451 2206 506 2234 illis
525 2211 712 2234 consentanea
728 2205 874 2238 dixerunt,
900 2209 930 2232 ut
961 2205 998 2237 id,
1029 2205 1102 2240 quod
1129 2209 1189 2233 erat
1205 2211 1333 2237 necesse.
1354 2207 1528 2241 potissimum
1552 2211 1718 2242 spectarent.
1740 2207 1826 2236 Joan-

184 2263 235 2282 nes
250 2262 315 2283 vero
331 2255 406 2290 ejus.
432 2255 504 2290 quod
534 2255 587 2282 sibi
615 2257 814 2290 proposuerat,
841 2254 976 2281 rationem
992 2253 1097 2281 habuit.
1119 2252 1158 2280 Ita
1187 2253 1216 2280 fit
1246 2258 1275 2280 ut
1291 2261 1325 2281 ex
1341 2261 1368 2281 Iv
1397 2253 1552 2289 Evangeliis
1581 2261 1677 2282 eorum
1701 2263 1762 2289 quae
1790 2256 1825 2284 ad

184 2301 287 2328 Christi
305 2308 415 2328 carnem
438 2305 464 2328 et
492 2301 525 2328 ad
545 2301 716 2328 divinitatem
741 2300 879 2334 attinent,
899 2303 1029 2326 accurata
1044 2298 1125 2327 nobis
1141 2299 1244 2327 veritas
1260 2307 1292 2327 ac
1305 2299 1460 2326 certissima
1477 2303 1585 2326 constet

220 2345 278 2373 XX.
300 2345 405 2374 Etenim
435 2351 492 2374 toto
525 2347 570 2374 illo
601 2345 730 2382 baptismi
761 2346 974 2381 tentationisque

1065 2343 1109 2372 ις’.
1129 2344 1333 2371 Τελειωθέντων
1355 2344 1410 2380 γὰρ
1430 2344 1485 2372 τῶν
1504 2346 1612 2372 πάντων
1628 2345 1684 2372 τῶν
1700 2345 1773 2372 κατὰ
1794 2346 1827 2374 τὸ

185 2393 295 2427 negotio
313 2393 474 2427 perfunctus
489 2394 578 2425 venit,
598 2401 630 2420 ac
652 2393 796 2429 discipulis
825 2393 976 2428 adiunctis,

185 2437 303 2473 primum
329 2438 396 2464 illud
423 2438 449 2464 in
472 2438 547 2465 Cana
567 2438 685 2466 Galilaae
711 2439 875 2466 miraculum
904 2439 978 2471 fecit,

185 2484 266 2511 tertia
283 2492 364 2518 quam
380 2485 530 2519 praedicare
543 2490 664 2521 cmperat
680 2485 733 2513 die.
754 2485 815 2513 Non
827 2486 900 2514 enim
916 2491 980 2514 ante

185 2529 364 2557 tentationem
383 2530 508 2558 Christus
537 2530 641 2565 nuptiis
673 2531 831 2558 interfuisse
855 2531 978 2564 dicitur;

185 2582 237 2602 nec
263 2575 348 2601 ullum
373 2575 485 2602 omnino
514 2576 668 2612 prodigium
693 2581 755 2604 ante
782 2577 847 2604 illud
873 2581 981 2611 tempus

185 2620 282 2654 edidit,
300 2621 353 2649 nisi
371 2621 394 2649 si
409 2629 470 2657 qua:
492 2621 586 2650 forsan
605 2622 709 2649 ludicra
726 2622 825 2650 fecisse
843 2623 869 2650 in
885 2623 978 2658 pueri-

185 2668 225 2695 tia
243 2668 356 2701 dicitur,
371 2669 444 2704 quod
463 2676 478 2696 a
494 2669 634 2696 nonnullis
650 2669 777 2696 aﬂirmari
791 2669 881 2697 video.
897 2669 978 2704 Atqui

186 2715 320 2742 nonnulla
342 2715 454 2751 puerilis
474 2715 562 2743 aetatis
580 2719 738 2749 argumenta
760 2715 882 2750 praebere
902 2715 978 2742 illum

1032 2391 1174 2427 βάπτισμα
1204 2391 1252 2418 καὶ¹
1274 2392 1343 2418 κατὰ
1369 2391 1415 2418 τὸν
1437 2391 1589 2427 πειρασμὸν
1616 2392 1716 2424 αὑτοῦ,
1743 2392 1826 2425 εὐθὺς

1032 2437 1156 2469 ἐλθόντος
1172 2438 1220 2464 καὶ¹
1242 2437 1496 2473 συμπαρειληφότος
1513 2438 1577 2469 τοὺς
1595 2438 1730 2474 μαθητὰς,
1746 2438 1827 2465 τοῦτο

1033 2483 1140 2519 πρῶτον
1156 2485 1268 2519 σημεῖον
1283 2483 1417 2518 πεποίηκε
1432 2485 1466 2519 τῇ
1479 2483 1559 2519 τρίτῃ
1572 2484 1665 2519 ήμέρξι
1678 2483 1725 2510 τοῦ
1740 2484 1828 2520 κηρύ-

1032 2539 1136 2566 γματος
1151 2531 1180 2557 ἐν
1200 2530 1278 2565 Κανᾷ
1300 2530 1350 2565 τῆς
1373 2529 1527 2562 Γαλιλαίας.
1545 2529 1614 2557 Οὔτε
1630 2530 1683 2565 γὰρ
1706 2531 1759 2566 πρὸ
1778 2531 1826 2558 τοῦ

1033 2576 1186 2612 πειρασμοῦ
1219 2577 1248 2602 ὲν
1271 2576 1353 2612 γάμῳ
1374 2577 1473 2610 φάσκει
1502 2576 1549 2603 τὸν
1567 2577 1685 2612 Χριστὸν
1711 2577 1825 2612 ηκέναι·

1033 2623 1063 2649 οὺ
1078 2623 1132 2658 γὰρ
1149 2622 1217 2654 ὅλως
1231 2630 1258 2648 τι
1270 2622 1324 2648 τῶν
1340 2622 1508 2657 θεοσημείων
1522 2622 1569 2649 καὶ
1585 2622 1632 2649 τοῦ
1647 2622 1828 2658 κηρύγματος

1034 2669 1087 2704 πρὺ
1103 2669 1150 2695 τοῦ
1168 2667 1322 2704 πειρασμοῦ
1335 2669 1349 2695 ὁ
1370 2668 1485 2705 Χριστὸς
1501 2669 1656 2705 εἰργάσατο,
1674 2670 1698 2696 εί
1714 2670 1752 2705 μή
1767 2678 1794 2695 τι
1810 2669 1830 2697 ἃ.

1033 2715 1124 2751 ᾄδεται
1143 2715 1206 2750 περὶ
1217 2714 1299 2742 αὺτοῦ
1316 2716 1345 2742 ἐν
1360 2715 1436 2744 παιδὶ
1455 2715 1646 2751 πεποιηκέναι,
1661 2714 1700 2746 ὡς
1716 2715 1746 2742 ὲν
1760 2724 1812 2742 παι

223 2805 233 2820 ¹
244 2804 324 2832 Joan.
338 2812 371 2838 tt,
391 2805 435 2832 30.
473 2805 484 2820 ¹
505 2804 570 2832 ibid.
584 2804 627 2832 3‘2.
667 2805 678 2820 ⁸
692 2804 757 2831 ibid.
772 2803 817 2832 29.
858 2804 868 2820 ‘
881 2805 994 2833 Mutilus
1004 2805 1092 2833 locus.

226 2882 283 2918 (ιὸ)
304 2884 329 2910 ’0
356 2884 389 2911 δὲ
420 2885 556 2918 Ἰωάννης
576 2886 624 2912 καὶ
647 2885 703 2920 τὴν
725 2886 878 2920 πρόθεσιν.
915 2887 945 2915 F.
967 2887 1037 2914 κατὰ
1054 2886 1102 2923 τὴν
1123 2887 1260 2923 πρόθεσιν.
