1964 3047
118 182 173 214 923

474 174 660 204 ADVERSUS
679 172 854 202 lli‘ERESES
871 171 934 199 LIB.
956 169 988 197 ll.
1008 168 1090 198 TOM.
1108 167 1127 196 Ι.
1145 183 1179 188 -
1193 165 1332 194 ll/ERES.
1353 164 1398 192 LI.

1703 155 1756 184 926

118 244 198 279 γνίῳ,
211 242 248 274 ῶς
270 249 341 272 τινες
363 239 508 274 φάσκουσι.
527 237 582 264 Καὶ
603 237 656 264 ἔδει
667 236 706 271 τῷ
724 236 772 271 μὲν
788 235 844 261 δντι
869 233 914 259 καὶ

979 230 1088 266 ιρονιυίι
1100 249 1107 262 ,
1125 236 1160 256 ne
1183 235 1237 263 qua
1256 226 1408 254 hmresibus
1431 223 1492 251 aliis
1508 220 1617 249 occasio
1631 218 1755 247 daretur,

1061 276 1084 279 λ·
1114 275 1120 279 ⁸
1251 273 1258 279 “
1292 272 1302 279 ‘
1348 272 1354 279 ι
1472 269 1580 279 [ιγ-»ξηα-
1612 266 1638 279 ε.-
1678 265 1753 279 ut...“

119 287 273 324 παιδαρικὰ
287 286 368 313 αὐτὸν
380 285 462 320 ἔχειν,
478 284 520 310 ἵνα
533 284 570 319 μὴ
584 283 720 318 πρόφασις
731 282 843 316 γένηται
853 281 913 310 ταῖς

121 335 217 366 ἄλλαις
241 332 380 369 αἱρέσεσι,
397 332 457 363 ταῖς
480 329 639 364 λεγούσαις,
658 329 697 355 ὅτι
712 328 765 355 ἀπὸ
782 326 830 353 τοῦ
848 326 914 361 Ἰορ-

121 382 202 409 δάνου
218 378 284 416 ἦλθε
301 377 418 414 Χριστδς
437 379 477 409 εἰς
497 377 589 407 αὐτὸν,
605 377 674 411 ὅπερ
699 373 775 401 ἐστὶν
797 374 814 408 ἡ
836 380 914 407 περι-

123 427 218 463 στερά.
233 427 280 453 Διὸ
293 425 341 452 καὶ
357 425 385 451 ὲν
398 423 437 459 τῷ
450 423 592 458 δωδεκάτῳ
605 422 659 448 ἐτει
672 420 765 455 σαφῶς
780 419 915 446 δείκνυσιν

124 474 265 504 ὸΔουκᾶς,
279 472 321 498 ὅτι
337 469 596 506 προσδιαλεγόμενος
614 469 669 499 τοῖς
685 466 786 503 ἱερεῦσι
798 465 844 492 καὶ
859 465 915 496 τοῖς

124 519 334 557 πρεσϐυτέροις,
350 517 401 553 ἔφη
415 518 449 552 τῇ
464 516 569 552 Μαρίᾳ,
580 516 622 542 ὅτι
631 516 692 542 οὐκ
705 513 811 549 ᾔδειτε,
824 512 869 539 ὅτι
881 512 916 538 ἐν

125 566 187 600 τοῖς
203 565 257 593 τοῦ
282 563 398 598 Πατρός
416 572 475 598 μου
495 562 542 589 δεῖ
562 570 600 597 με
618 559 712 592 cluat;
732 560 776 586 ἵνα
799 559 870 595 πέσῃ
901 558 916 583 6

125 611 204 647 λόγος
217 610 272 638 τῶν
288 609 431 644 λεγόντων,
446 609 487 635 ὅτι
507 608 561 635 ἀπὸ
578 607 625 634 τοῦ
644 606 739 642 χρόνου
756 604 804 632 τοῦ
819 604 915 639 βαπτί-

126 666 230 694 σματος
251 656 353 692 κατέϐη
375 657 415 687 είς
434 654 515 681 αὑτὸν
533 654 565 680 τὸ
587 653 699 688 Πνεῦμα
716 653 747 679 τὸ
764 651 851 685 ἅγιον,
869 650 917 676 καὶ

127 704 221 739 σαφῶς
234 702 355 738 γνωσθῇ.
371 702 411 728 ὅτι
426 701 529 728 ἄνωθεν
543 699 715 735 ἐπεδήμησεν
729 698 743 724 6
757 697 854 731 Λόγος,
870 696 917 722 καὶ

126 748 272 786 ὲσαρκὼθη
287 747 340 774 ἀπὸ
351 746 471 783 Μαρίας,
485 745 533 772 καὶ
546 745 575 771 ὲν
588 744 628 780 τῷ
646 743 766 779 Ἰορδάνῃ
784 741 917 776 κατῆλθεν

126 794 171 821 ἐπ’
188 792 271 820 αὑτὸν
288 792 319 818 τὸ
335 791 448 826 Πνεῦμα
458 798 464 805 ·
480 790 526 817 ἵνα
540 789 649 825 σημανῇ
669 788 711 820 τίς
729 789 802 815 ἐστιν
818 788 832 813 6
846 796 917 823 μαρ-

126 840 294 877 τυρούμενος
316 838 370 865 ἀπὸ
389 836 437 864 τοῦ
463 835 587 872 Πατρός,
612 836 653 862 ὅτι
681 832 775 868 Οὗτός
797 834 883 861 ἐστιν
902 835 918 860 ὁ

132 888 199 920 Υἱός
217 895 276 921 μου
302 886 319 912 ὀ
339 883 509 920 ἀγαπητόςο
530 882 622 910 αὑτοῦ
649 882 786 908 ἀκούετε·
805 881 852 907 καὶ
875 879 919 906 ἵνα

128 932 241 967 ’γένηται
266 930 346 957 τοῦτο
372 929 524 964 ὑπόδειγμα
546 929 603 960 τοῖς
628 927 769 963 μέλλουσιν
789 927 817 952 ὲν
845 925 920 961 αὐτῷ

129 980 305 1016 φωτίζεσθαι,
319 981 361 1007 ὅτι
386 978 636 1014 καταξιωθήσονται
658 974 816 1010 Πνεύματος
841 972 919 1006 ἁγίου

128 1028 160 1054 ὲν
172 1027 212 1063 τῷ
227 1026 332 1063 λουτρῷ
349 1026 399 1061 τῆς
422 1025 538 1060 δωρεᾶς,
556 1024 604 1050 καὶ
623 1022 747 1057 ἀφέσεως
766 1019 920 1057 ἁμαρτιῶν,

129 1073 240 1110 χάριτος
253 1072 303 1108 τῆς
315 1071 361 1099 ὑπ’
375 1071 458 1099 αὐτοῦ
468 1070 601 1105 δοθείσης.

165 1208 231 1236 KA'.
255 1206 370 1241 ’Δφότου
385 1205 414 1232 δὲ
435 1204 470 1231 τὰ
494 1202 584 1231 τέλεια
599 1200 701 1237 ἤρξατο
723 1199 809 1226 ποιεῖν
829 1197 923 1234 θεοσή-

132 1263 198 1292 μεια
212 1255 241 1281 ὲν
258 1253 298 1288 τῷ
315 1251 404 1288 καιρῷ
422 1250 469 1277 τοῦ
489 1248 680 1284 κηρύγματος,
698 1245 787 1273 Τοῦτο
807 1244 924 1278 πρῶτον·

131 1289 258 1336 inuisior
274 1299 425 1332 ἐποίησεν
439 1297 456 1324 ὁ
472 1295 604 1330 Ἰησοῦς,
618 1293 710 1328 φησὶν,
723 1292 759 1318 ἐν
774 1289 856 1324 Κανᾷ
870 1289 924 1323 τῆς

131 1335 300 1378 Γαλιλαίας
309 1353 316 1360 ⁸
328 1343 389 1380 οὐχὶ
405 1342 459 1379 πρὸ
468 1341 516 1368 τοῦ
531 1339 730 1376 βαπτίσματος,
743 1337 781 1369 ὡς
795 1335 924 1366 πολλάκις

132 1393 210 1428 ἔφην,
234 1391 290 1419 ἀλλ’
312 1391 356 1418 ὅτε
372 1387 532 1423 ἀνέκαμψεν
557 1385 612 1413 ἀπὸ
634 1384 681 1411 τοῦ
704 1381 876 1419 πειρασμοῦ,
890 1381 924 1416 τῇ

132 1426 211 1475 τρίτῃ
227 1437 320 1474 ἡμέρᾳ
335 1435 405 1472 μετὰ
415 1435 465 1466 τὰς
474 1433 531 1464 δύο,
543 1432 632 1468 ἇσπερ
647 1431 758 1466 ἔμειναν
772 1428 837 1464 παρ’
852 1426 926 1461 αὐτῷ

131 1473 159 1512 oi
175 1473 221 1512 666
234 1483 356 1520 μαθηταὶ
365 1481 412 1509 τοῦ
429 1481 564 1510 Ἰωάννου,
574 1479 598 1505 οἰ
611 1477 788 1508 ἀκούσαντες,
800 1474 848 1501 καὶ
859 1473 925 1500 ἀκο-

133 1519 316 1567 λουθήσαντες
333 1528 418 1564 αὐτῷ.
436 1528 481 1559 Ὠς
494 1525 576 1557 εὐθὺς
592 1523 662 1560 μετὰ
677 1523 727 1553 τὰς
743 1521 789 1549 δύο
807 1519 924 1556 ἡμέρας,

133 1579 168 1610 ἃς
196 1566 327 1611 ἐποίησαν
353 1575 418 1610 παρ’
456 1572 552 1608 αὐτῷ,
574 1570 715 1604 ἐπεισάγει
740 1569 841 1602 λέγων’
872 1566 926 1593 Καὶ

134 1624 265 1659 ἐξῆλθεν
275 1623 318 1655 είς
332 1621 389 1655 τὴν
400 1619 578 1655 Γαλιλαίαν,
593 1617 643 1645 καὶ
657 1615 754 1650 εὑρὼν
764 1615 926 1644 Φίλιππον,

133 1669 233 1698 εἶπεν·
255 1667 421 1695 Ἀκολούθει
434 1673 494 1700 μοι.
509 1662 575 1691 Εἶτα
591 1663 683 1694 εὐθύς·
703 1661 742 1696 Τῇ
758 1661 841 1696 τρίτῃ
853 1658 927 1694 ὴμέ-

131 1725 172 1751 ρςι
186 1714 279 1751 γάμος
299 1712 418 1748 ἐγένετο
433 1711 469 1738 έν
488 1708 572 1743 Κανᾷ
585 1708 641 1743 τῆς
658 1706 834 1738 Γαλιλαίας.
854 1703 928 1730 Ἔδει

135 1762 190 1798 γὰρ
207 1761 288 1788 αὑτὸν
310 1758 462 1787 ἀπελθόντα
484 1756 565 1787 εὐθὺς
586 1755 684 1790 γάμων
706 1752 874 1787 τελουμένων
888 1751 928 1782 εἰς

135 1809 185 1845 τὴν
204 1808 288 1844 τιμὴν
308 1805 391 1832 αὐτοῦ
406 1804 541 1841 κληθῆναι
566 1803 609 1829 ἐπ’
631 1800 741 1836 εὐλογίᾳ
761 1798 808 1826 τοῦ
827 1798 927 1833 γάμου.

135 1841 191 1882 Kal
201 1841 284 1890 φησιν*
297 1853 399 1888 nam
413 1851 531 1886 ἐγένετο
546 1848 583 1883 τῇ
599 1848 683 1883 τρίτῃ
694 1845 790 1881 ᾑμέρᾳ
799 1845 835 1871 ἐν
845 1841 929 1875 Κανᾷ

135 1901 193 1935 τῆς
207 1888 394 1932 ίαλιλαίας·
409 1897 459 1925 καὶ
470 1893 511 1932 ἦν
525 1896 544 1930 ἠ
555 1894 655 1930 μήτηρ
668 1893 722 1920 τοῦ
748 1890 844 1926 Ἰησοῦ
855 1888 927 1916 ἐκεῖ.

144 1934 275 1980 Ἐκλήθη
288 1945 323 1972 δὲ
337 1944 387 1971 καί
404 1945 421 1971 ό
436 1942 557 1977 Ἰησοῦς
581 1941 631 1968 καὶ
647 1941 674 1967 οἱ
691 1938 821 1974 μαθηταὶ
836 1934 930 1964 αὐτοῦ

137 1994 166 2022 οι
183 1993 247 2028 μετ’
262 1991 356 2020 αὑτοῦ
374 1992 418 2023 εις
438 1989 492 2016 τὸν
507 1987 612 2024 γάμον.
631 1986 687 2013 Καὶ
704 1984 931 2019 ὑστερήσαντος

138 2038 240 2071 οινου,
261 2036 342 2072 λέγει
367 2037 387 2070 ἠ
407 2035 507 2070 μήτηρ
535 2032 589 2060 τοῦ
617 2031 737 2067 Ἰησοῦ·
764 2028 854 2057 Οἶνον
875 2031 931 2057 οὐκ

139 2085 256 2120 ἔχουσι.
281 2083 335 2111 Kal
348 2082 431 2117 λέγει
455 2079 533 2114 αὐτῇ
553 2081 569 2106 ό
589 2077 726 2113 Ἰησοῦς·
755 2077 786 2104 Τί
797 2075 863 2111 ἐμοὶ
881 2074 932 2102 καὶ

140 2131 201 2163 σοι,
216 2131 322 2166 furat;
342 2129 424 2155 οὔπω
437 2128 502 2162 ἣκει
517 2128 536 2161 ἠ
548 2125 608 2160 ὥρα
620 2134 690 2160 μου.

176 2176 254 2204 Μετὰ
275 2175 307 2202 τὺ
330 2174 416 2202 ἐλθεῖν
441 2173 522 2200 αὐτὸν
545 2172 601 2199 ἀπὺ
624 2170 671 2197 τοῦ
689 2168 862 2206 πειρασμοῦ,
886 2167 932 2195 καὶ

141 2223 256 2251 διελθεῖν
279 2221 324 2249 διὰ
344 2221 395 2256 τῆς
418 2219 555 2254 θαλάσσης
578 2218 625 2244 καὶ
649 2216 696 2243 τοῦ
714 2216 859 2251 Ἰορδάνου,
883 2213 933 2249 τὴν

965 265 1027 313 quae
1056 275 1195 304 Christum
1225 273 1260 301 ad
1289 272 1436 299 Jordanem
1470 269 1582 296 ﬂuvium
1612 266 1638 293 in
1678 265 1779 292 illum'

965 323 1142 352 descendisse
1158 320 1291 349 columba
1307 318 1397 353 specie
1411 315 1570 352 pra‘dicant.
1587 313 1676 346 Quare
1688 311 1757 338 duo—

965 370 1072 398 decimo
1088 367 1176 396 :elatis
1196 373 1268 393 anno
1285 363 1430 392 manifeste
1453 361 1541 388 Lucas
1561 359 1587 386 id
1605 357 1755 392 expressit,

965 417 1149 451 disputantem
1166 414 1241 440 illum
1255 419 1317 439 cum
1333 407 1532 439 sacerdotibus,
1556 413 1588 432 ac
1602 403 1757 432 senioribus

966 448 1059 489 Maria:
1073 460 1192 488 dixisse:
1211 456 1376 485 Nesciebatis
1403 453 1472 487 quod
1497 452 1526 478 in
1542 450 1581 477 Itis
1596 457 1654 485 qum
1668 448 1757 475 Patri:

967 509 1018 536 mei
1042 512 1103 535 sunt
1134 508 1235 540 oportet
1261 511 1302 530 me
1320 509 1376 528 esse
1391 499 1426 526 '?
1446 496 1481 525 Ut
1504 504 1598 524 eorum
1622 495 1756 522 rationem

966 553 1136 584 excluderet,
1150 538 1200 586 qui
1220 550 1254 577 ab
1273 556 1305 576 eo
1320 548 1438 583 primum
1455 548 1587 578 tempore,
1602 547 1656 575 quo
1668 538 1758 573 bapti-

969 605 1046 628 zatus
1073 602 1115 626 est
1127 619 1134 630 ,
1153 597 1285 632 Spiritum
1306 598 1431 621 sanctum
1451 591 1480 617 in
1495 589 1571 616 illum
1588 589 1686 623 putant
1699 591 1760 611 esse

968 647 1131 681 delapsum;
1161 647 1273 671 econtra
1302 648 1368 668 vero
1396 638 1521 667 homines
1561 634 1759 668 intelligerent,

971 693 1087 721 Verbum
1102 692 1191 726 ipsum
1212 697 1227 717 e
1246 688 1318 716 ccelo
1333 685 1503 714 descendens
1516 688 1626 710 carnem
1642 687 1657 706 e
1676 677 1761 704 Maria

968 740 1103 770 traxisse;
1117 743 1235 771 cumque
1247 735 1280 762 ad
1296 733 1441 761 Jordanem
1457 729 1620 759 accessisset
1635 728 1760 753 sanctum

969 795 999 814 se
1015 786 1042 814 in
1060 785 1136 812 illum
1152 770 1288 810 infudisse
1304 780 1454 816 Spiritum:
1470 784 1525 812 quo
1541 779 1568 803 et
1583 772 1650 800 illud
1669 770 1758 798 decla-

970 833 1024 860 rari
1039 835 1142 867 posset,
1160 829 1222 865 quis
1241 831 1315 856 esset
1330 827 1375 853 ille
1392 825 1426 852 de
1444 822 1525 860 M3
1540 828 1593 856 quo
1609 819 1689 845 Pater
1705 820 1761 842 tam

970 879 1079 913 insigne
1096 876 1284 904 testimonium
1303 872 1438 900 dedisset:
1457 869 1508 896 llic
1533 871 1571 894 est
1585 865 1673 892 Filius
1689 869 1762 888 meus

971 926 1101 956 dilectus;
1117 923 1202 958 ipsum
1218 921 1307 948 audite
1320 919 1341 946 '.
1360 916 1428 945 Illud
1445 923 1510 943 vero
1525 916 1654 948 praeterea
1670 915 1763 936 exent-

972 972 1017 1008 plo
1035 978 1097 1000 esse
1120 977 1152 997 ac
1167 969 1333 997 documento
1348 963 1435 992 voluit
1449 962 1483 989 iis
1497 981 1504 993 ,
1525 959 1572 995 qui
1600 957 1692 984 divina
1716 960 1765 988 per

972 1019 1049 1047 illum
1068 1017 1130 1045 luce
1143 1013 1393 1052 perfunderentur;
1410 1009 1532 1036 futurum
1547 1003 1675 1034 omnino,
1692 1004 1722 1038 ut
1736 1002 1764 1025 et

973 1065 1026 1100 ipsi
1036 1063 1168 1099 Spiritum
1184 1064 1321 1091 sanetum,
1332 1064 1383 1084 nec
1399 1063 1452 1083 non
1465 1053 1576 1081 cmleste
1589 1047 1762 1077 beneﬁcium,

974 1119 1006 1140 ac
1020 1113 1195 1146 peccatorum
1210 1107 1329 1137 veniam,
1339 1108 1366 1131 et
1380 1100 1607 1130 communicatam
1623 1095 1659 1122 ab
1668 1092 1765 1121 eodem

973 1158 1090 1194 gratiam
1111 1155 1138 1182 in
1151 1153 1289 1189 baptismo
1306 1151 1550 1183 consequerentur.

1009 1202 1081 1230 XXI.
1104 1201 1157 1228 Sed
1185 1198 1231 1226 ubi
1248 1197 1353 1231 majora
1375 1195 1420 1222 illa
1445 1190 1662 1229 perfectioraquc
1683 1191 1766 1212 mira-

975 1250 1035 1278 cula
1046 1245 1247 1284 priedicatinnis
1261 1251 1317 1270 sua:
1332 1246 1454 1276 tempore
1467 1242 1510 1266 est
1520 1241 1666 1271 aggressus
1675 1252 1682 1263 ,
1696 1232 1766 1261 Hoc,

976 1277 1082 1332 inquit,
1102 1294 1217 1329 primum
1243 1291 1346 1326 signant
1367 1287 1430 1322 fecit
1448 1285 1527 1313 Jesus
1547 1285 1574 1310 in
1598 1281 1675 1309 Cana
1696 1277 1769 1305 Gali-

977 1322 1033 1371 ίαιίε
1050 1322 1082 1368 ⁵.,
1099 1322 1157 1367 l'Von
1180 1341 1244 1365 ante
1264 1322 1450 1371 baptismum,
1468 1335 1497 1358 ut
1523 1337 1594 1364 smpe
1620 1325 1676 1354 dixi
1691 1345 1698 1356 .
1719 1322 1768 1350 sed

977 1393 1034 1416 tum
1059 1386 1178 1422 primum
1203 1383 1231 1410 id
1259 1381 1381 1412 accidit,
1408 1382 1553 1414 postquam
1577 1383 1591 1402 a
1620 1371 1769 1400 tentatione

976 1417 1105 1461 reversus
1133 1433 1195 1461 est,
1215 1428 1294 1455 tertia
1313 1426 1358 1454 die
1385 1427 1447 1460 post
1474 1422 1589 1450 biduum
1614 1417 1697 1449 illud,
1714 1421 1770 1450 quo

977 1479 1057 1508 ambo
1079 1477 1150 1513 apud
1175 1477 1265 1511 ipsum
1290 1474 1393 1500 haesere
1418 1469 1533 1497 Joannis
1552 1463 1700 1500 discipuli,
1721 1461 1770 1496 qui

977 1528 1005 1551 et
1022 1508 1167 1550 audierunt
1183 1508 1258 1547 illum
1273 1538 1280 1550 ,
1304 1522 1328 1544 et
1358 1515 1446 1544 secuti
1473 1517 1547 1541 sunt.
1569 1510 1666 1537 Statim
1696 1508 1770 1535 enim

941 1579 962 1608 (ι
979 1574 1041 1604 post
1058 1567 1185 1597 biduum,
1206 1572 1261 1600 quo
1274 1562 1346 1599 apud
1363 1562 1438 1589 illum
1452 1559 1498 1587 isti
1515 1554 1677 1585 commorati
1693 1556 1769 1583 sunt,

980 1599 1108 1649 subjicit:
1131 1612 1163 1639 Et
1176 1599 1241 1639 abiit
1259 1612 1286 1638 iu
1300 1609 1441 1637 Galilwam
1451 1627 1459 1639 ,
1473 1610 1498 1633 et
1514 1604 1647 1631 inveniens
1668 1599 1770 1634 Philip-

978 1645 1040 1695 ρων]
1074 1659 1166 1685 dixit:
1196 1657 1307 1692 Sequere
1336 1663 1376 1681 me
1399 1654 1421 1680 ⁸.
1450 1651 1577 1679 Deinde:
1609 1647 1699 1674 Tertia
1729 1645 1773 1671 die

979 1693 1078 1740 huptia:
1104 1704 1182 1739 facta
1199 1707 1260 1730 sunt
1284 1702 1311 1728 in
1327 1700 1399 1728 Cana
1415 1697 1545 1725 Galila'w.
1563 1693 1702 1729 Siquidem
1723 1699 1773 1726 par

979 1755 1039 1779 erat
1077 1750 1151 1777 illum
1174 1769 1181 1780 ,
1221 1755 1284 1775 cum
1329 1745 1504 1776 discederet,
1529 1740 1774 1770 tcommodttnque

979 1795 1082 1830 nuptiae
1099 1793 1314 1824 celebrarentur,
1331 1789 1445 1818 honoris
1459 1794 1544 1815 causa
1561 1785 1595 1813 ad
1608 1784 1718 1812 easdem
1732 1782 1775 1808 in-

979 1828 1078 1873 vitari,
1097 1840 1136 1867 uti
1156 1838 1261 1874 nuptiis
1286 1837 1470 1865 benediceret.
1491 1833 1582 1866 Quare
1597 1831 1634 1858 ita
1661 1828 1772 1857 scribit:

982 1886 1091 1922 Nuptia’
1106 1886 1184 1920 facta:
1203 1888 1264 1912 sunt
1287 1883 1366 1910 tertia
1387 1882 1430 1909 die
1448 1881 1476 1908 in
1495 1878 1572 1907 Cana
1591 1876 1720 1905 Galiiaaa'.
1740 1874 1775 1901 Et

980 1937 1037 1960 erat
1055 1938 1140 1959 mater
1157 1931 1220 1958 Jestt
1236 1929 1284 1956 ibi.
1305 1928 1419 1956 Vocatus
1434 1932 1473 1954 est
1493 1930 1581 1952 autem
1597 1929 1620 1950 et
1638 1921 1716 1949 Iesus
1727 1940 1734 1952 ,
1750 1924 1775 1947 et

980 1971 1106 2011 discipuli
1129 1975 1186 2010 ejus
1211 1974 1245 2001 ad
1274 1974 1390 2008 nuptias.
1423 1970 1566 2005 Deﬁciente
1591 1972 1680 1994 autem
1704 1967 1774 1998 tina,

981 2010 1054 2050 dicit
1067 2026 1153 2049 muter
1168 2020 1252 2047 Jesu:
1281 2019 1374 2046 Vinum
1398 2025 1449 2044 non
1474 2015 1580 2042 habent.
1602 2013 1674 2040 Dicit
1692 2013 1716 2039 oi
1729 2010 1777 2038 Jeo

981 2077 1045 2098 sus:
1061 2068 1132 2103 Quid
1151 2067 1217 2095 mihi
1233 2070 1259 2094 et
1276 2065 1334 2097 tibi,
1355 2063 1473 2091 mulier?
1493 2060 1610 2089 nondum
1630 2059 1698 2086 cem‘t
1710 2058 1776 2085 liora

982 2124 1041 2144 mea
1060 2116 1081 2142 '.

1019 2163 1085 2195 Quae
1099 2165 1157 2188 tum
1169 2163 1245 2195 gesta
1260 2161 1335 2189 sunt,
1352 2164 1415 2184 cum
1429 2159 1492 2190 post
1502 2156 1692 2183 tentationem,
1707 2149 1777 2177 mari

985 2216 1017 2235 ac
1032 2207 1151 2236 Jordaue
1170 2205 1286 2240 trajectu
1296 2223 1304 2236 ,
1318 2203 1369 2230 iter
1384 2203 1412 2229 in
1426 2200 1543 2237 patriam
1558 2197 1710 2228 convertit,
1725 2195 1779 2222 Na-

141 2269 230 2306 ὸρμὴν
247 2241 394 2304 ἐσχηκότος
414 2267 461 2293 ἐπὶ
482 2265 515 2292 τὰ
531 2241 630 2296 οἰκεῖα,
646 2241 865 2290 austeritate;
887 2241 925 2287 ἀν-

986 2257 1108 2282 zarctum
1122 2252 1238 2284 scilicet,
1253 2251 1299 2278 ubi
1314 2249 1448 2277 educatus
1467 2254 1483 2273 a
1502 2249 1589 2273 matre
1608 2244 1707 2271 fuerat.
1726 2241 1778 2268 Ubi

1068 2299 1093 2306 “”
1106 2299 1112 2306 ·
1198 2298 1204 2306 ·
1230 2305 1235 2306 γ
1257 2297 1321 2306 ’ςα-
1363 2297 1488 2306 nam--.“
1513 2291 1608 2306 ...ιι-ηερ
1624 2289 1715 2306 suumn
1728 2295 1778 2306 ι...-

142 2316 249 2353 ετράφη
267 2315 336 2351 πρὸς
355 2315 404 2349 τὴν
429 2312 534 2348 μητέρα
555 2312 584 2337 ἐν
606 2310 751 2345 Ναζαρὲτ,
769 2307 817 2335 καὶ
844 2316 935 2343 παρα-

145 2363 240 2400 μείνας
260 2361 308 2388 δύο
330 2359 442 2396 ἡμερῶν
457 2359 482 2391 ¹,
498 2357 593 2385 λοιπὸν
619 2355 799 2390 ἐπειγομένου
820 2354 860 2386 είς
885 2353 934 2388 τὴν

145 2409 280 2444 σωτηρίαν
293 2407 348 2433 τῶν
367 2405 528 2441 ἀνθρώπων,
542 2402 590 2430 τοῦ
606 2401 784 2438 κηρύγματος
801 2399 934 2436 ἄρξασθαι

143 2454 342 2491 ἐπιμελεῖσθαι.
357 2453 411 2479 Καὶ
423 2451 514 2486 ἔμεινε
530 2451 579 2486 μὲν
594 2449 640 2477 δύο
654 2449 772 2484 ἡμέρας.
787 2447 830 2474 διὰ
848 2446 879 2473 τὸ
890 2445 935 2472 διὰ

144 2501 241 2537 χρόνου
252 2500 358 2535 ήκέναι,
379 2498 449 2533 ἔχων
468 2496 526 2532 μεθ’
540 2495 636 2522 ἑαυτοῦ
653 2494 700 2526 οὒς
713 2493 763 2529 ἤδη
782 2492 936 2527 παρείληφε

147 2547 271 2584 μαθητὰς
283 2568 290 2578 ,
310 2544 448 2576 ἀπολύσας
471 2544 533 2575 τοὺς
550 2542 596 2569 δύο
612 2542 675 2573 τοὺς
701 2539 937 2575 ἀκολουθήσαντας

145 2582 232 2628 αὐτῷ,
246 2591 327 2623 εὐθὺς
343 2590 389 2616 ἐπὶ
407 2589 456 2624 τὴν
474 2587 618 2614 Γαλιλαίαν
639 2584 756 2619 ἐξελθεῖν
773 2583 817 2610 διὰ
836 2582 866 2609 τὺ
884 2582 936 2618 κὴ-

146 2647 250 2676 ρυγμα,
262 2636 351 2665 καὶτὸ
366 2636 445 2672 ἔργον
457 2635 505 2661 τοῦ
521 2633 692 2669 θεοσημείου,
704 2631 751 2658 τοῦ
763 2631 791 2657 ἐν
801 2629 839 2665 τῷ
854 2629 936 2664 γάμῳ

145 2674 373 2714 ἓπιτελεσθέντος.
403 2681 489 2708 Βλέπε
518 2679 573 2714 γὰρ
603 2677 661 2709 πῶς
687 2675 899 2710 ὲπασφαλίςεται
923 2674 937 2700 6

145 2731 235 2766 λόγος,
252 2728 446 2764 ὡςΊωαννηςδ
459 2725 613 2760 Βαπτιστὴς
632 2723 776 2759 μαρτυρεῖ,
790 2721 887 2755 λέγων,
900 2720 937 2751 ὡς

145 2776 343 2813 παρῳχηκότος
366 2774 416 2810 ἤδη
433 2772 480 2800 τοῦ
499 2772 588 2806 λόγου.
606 2770 648 2797 ὅτι
671 2768 756 2804 Κάγὼ
778 2769 834 2795 οὐκ
854 2766 939 2801 ᾔδειν

145 2812 257 2851 αὐτόν’
275 2821 356 2850 ἀλλὰ
377 2822 394 2847 ό
412 2819 534 2854 πέμψας
556 2825 595 2853 με
609 2814 765 2849 ,ϐαπτίζειν
788 2812 853 2841 εἶπέ
867 2821 936 2847 μοι·

987 2308 1050 2328 cum
1067 2299 1181 2328 biduum
1198 2297 1323 2325 haesisset
1338 2315 1346 2327 ,
1363 2297 1488 2322 humana:
1513 2291 1608 2319 salutis
1624 2289 1715 2318 studio
1728 2295 1779 2315 cu-

988 2353 1074 2382 raque
1098 2352 1250 2374 succensus
1269 2340 1437 2379 praedicandi
1463 2346 1565 2367 munus
1584 2337 1660 2365 obire
1684 2334 1778 2370 cmpit.

989 2392 1105 2420 Biduum
1120 2391 1202 2428 igitur
1218 2390 1317 2418 ibidem
1336 2395 1450 2415 manens
1464 2407 1471 2420 ,
1500 2385 1573 2421 quod
1600 2383 1680 2416 longo
1696 2382 1780 2409 inter-

989 2439 1061 2467 vallo
1087 2427 1224 2468 redierat,
1247 2434 1445 2470 discipulorum
1474 2431 1594 2467 aliquot,
1623 2435 1694 2464 quos
1723 2427 1780 2463 jam

992 2485 1136 2515 asciverat,
1162 2482 1296 2510 comitatu
1323 2485 1438 2515 septus,
1459 2478 1590 2510 duobus,
1617 2475 1664 2510 qui
1693 2472 1781 2501 secuti

992 2535 1092 2564 erant,
1112 2529 1237 2558 remissis
1252 2547 1260 2560 ,
1285 2527 1377 2555 statim
1402 2525 1432 2552 in
1450 2523 1589 2551 Galilmam
1615 2517 1782 2556 przedicandi

990 2585 1073 2606 causa
1090 2575 1230 2612 profectus
1244 2578 1301 2602 est:
1322 2572 1405 2600 simul
1421 2574 1450 2598 ut
1469 2569 1622 2605 prodigium
1637 2566 1704 2594 illud
1719 2572 1782 2592 eue-

991 2629 1032 2653 rct
1046 2644 1053 2657 ,
1070 2610 1143 2659 quod
1169 2623 1197 2650 in
1216 2621 1320 2656 nuptiis
1339 2620 1373 2646 ab
1392 2626 1424 2646 eo
1449 2617 1552 2644 factum
1572 2615 1698 2650 legimus.
1713 2610 1783 2638 Vide

991 2674 1093 2706 quanta
1108 2677 1171 2697 cum
1183 2665 1430 2702 circumspectione
1445 2662 1517 2692 istud
1535 2662 1625 2698 ipsum
1639 2659 1782 2694 Scriptura

991 2717 1182 2747 declaraverit,
1195 2713 1425 2750 quemadmodum
1435 2711 1554 2739 Joannes
1565 2714 1696 2743 tanquam
1709 2706 1782 2732 facto

990 2765 1046 2800 jam
1062 2771 1189 2792 sermone
1205 2765 1322 2789 testetur
1336 2760 1378 2786 his
1394 2758 1501 2786 verbis:
1516 2756 1551 2783 Et
1570 2763 1615 2790 ego
1634 2752 1782 2780 nesciebam

992 2799 1086 2842 illum;
1105 2809 1149 2837 sed
1165 2808 1210 2844 qui
1224 2808 1295 2834 misit
1309 2813 1349 2832 me
1367 2805 1503 2840 baptizare
1519 2802 1588 2829 dixit
1602 2800 1683 2828 mihi:
1700 2799 1784 2832 Super

186 2902 195 2918 ‘
207 2900 238 2929 Ρ.
254 2901 372 2937 ἡμέρας.
411 2901 420 2916 ⁷
437 2899 502 2927 Luc.
521 2906 551 2932 ιι,
567 2897 609 2925 49.
649 2896 658 2912 ³
675 2895 769 2923 Matth.
783 2902 850 2928 γγιι,
864 2894 889 2921 :‘i.

980 2900 1032 2919 tan.
1050 2899 1080 2925 It,
1096 2891 1136 2917 tl.
1177 2892 1185 2906 ⁵
1202 2888 1277 2916 Joan.
1300 2896 1317 2921 ι,
1333 2887 1376 2915 1.5.
1417 2886 1427 2902 θ
1443 2883 1521 2912 Joau.
1540 2891 1570 2916 ιι,
1588 2882 1596 2909 l
1617 2889 1679 2917 sqq.
