1964 3047
185 141 230 171 δΞἸ

885 145 914 175 S.
945 145 1116 175 EPIPHANII

1759 145 1816 174 9’3

186 209 263 235 quem
277 200 374 228 videris
393 200 523 235 Spiritum
540 201 567 228 in
582 201 665 235 specie
677 201 806 230 calumbw
825 202 979 230 descenden-

1037 203 1100 238 Ἐφ’
1115 204 1151 230 ὂν
1175 203 1213 230 ἂν
1235 203 1303 237 ἴδῃς
1314 203 1347 230 τὸ
1363 202 1482 238 Πνεῦμα
1499 203 1534 230 ἐν
1550 202 1622 230 εῖδει
1637 202 1816 237 περιστερᾶς

189 252 258 277 lem.
285 247 326 272 hic
351 251 390 273 est
408 248 429 274 ¹,
444 245 577 274 Joannem
591 247 690 282 quippe
712 247 870 282 baptizandi
889 249 976 282 gratia

188 292 300 319 tnittens
316 291 397 319 Pater
418 292 468 319 hoc
485 292 509 319 ei
528 293 635 327 signum
652 293 804 327 praebuerat
819 302 826 326 ;
844 301 877 321 ett
896 293 978 330 m

189 344 243 371 quo
272 336 440 364 Salvatorem
464 337 539 363 illum
564 337 598 363 de
624 338 723 364 attin-is
750 338 853 365 nostris
876 339 978 372 optimc

189 381 317 408 meritum
344 386 522 416 agnosceret,
538 382 583 416 qui
609 382 643 409 de
662 383 731 409 callo
748 383 848 410 missus
863 385 889 410 itt
906 383 978 411 hunc

189 427 282 454 urbem
300 427 428 454 venisset.
445 427 627 460 Quamobrem
649 435 683 454 ex
699 428 853 455 istiusmodi
865 429 978 456 veritate

191 473 407 507 Scripturarutn,
426 479 607 508 accurataque
629 474 734 500 ratione
751 474 777 500 id
794 482 878 509 genus
894 475 978 502 homi-

191 527 240 546 nes
256 519 382 554 redargui
402 525 537 554 possunt;
555 527 587 547 ac
601 521 752 554 praesertim
769 527 803 547 ex
821 528 846 547 tv
866 527 978 555 cvange-

190 565 316 592 listarum
334 573 482 593 consensu.
502 565 588 592 Nemo
609 567 680 592 ettint
706 566 751 601 qui
779 567 888 601 quidem
906 571 978 594 recte

191 612 301 641 sentiat,
322 611 470 645 rejicienda
487 611 531 637 illa
543 611 596 638 sibi
608 611 793 646 persuadebit,
812 620 871 647 quae
886 620 901 639 a
918 611 980 647 Spi-

192 657 246 683 ritu
271 662 366 684 sancto
382 657 409 685 in
435 658 618 685 sacrosanctis
639 657 791 693 Evangeliis
807 659 978 686 exactissime

193 706 258 729 sunt
274 707 394 736 peracta.

227 747 308 774 XXII.
329 747 463 775 Caeterum
482 756 514 776 ex
530 749 584 775 alio
600 752 730 783 prteterea
747 749 835 784 capite
852 754 977 777 sanctum

193 794 398 829 evangelistam.
420 795 462 822 vel
484 794 571 829 ipsius
590 795 680 830 potius
697 794 872 830 Evangelium
889 803 977 822 accu—

192 844 272 872 sant;
290 841 417 874 quoniam
428 862 435 873 ,
453 841 600 876 inquiunt.
615 841 734 869 Joannes
749 841 802 868 duo
817 842 851 868 ab
870 842 978 868 Christo

192 886 327 913 celebrata
344 885 477 914 Pascltala
502 892 718 920 commemorat,
734 896 795 915 cum
813 888 895 915 unius
911 888 979 915 dun-
995 878 1016 906 Β

193 936 267 958 laxat
279 933 369 960 caeteri
391 934 555 960 mentionem
573 934 696 960 fecerint.
715 933 769 961 Nec
786 935 849 961 illud
866 935 980 969 ineptis-

192 978 254 1004 simi
275 978 398 1005 homines
426 978 665 1010 animadvertunt.
693 987 746 1006 tton
772 980 826 1007 duo
846 980 934 1007 soltttn
952 979 979 1006 itt

192 1023 345 1059 Evangeliis
369 1024 501 1051 Paschata
522 1025 714 1059 comprehendi
730 1047 737 1058 ,
762 1026 809 1053 sed
834 1026 867 1053 ad
888 1026 980 1060 priora

192 1070 237 1096 illa
253 1069 307 1097 duo
323 1071 432 1097 tertium
448 1070 589 1101 accedere,
610 1071 637 1097 in
652 1079 706 1106 quo
721 1071 846 1099 Salvator
862 1075 904 1099 est
918 1079 981 1106 pas-

192 1123 240 1142 sus
254 1136 261 1147 ,
278 1120 307 1143 ul.
323 1116 434 1142 omnino
448 1116 498 1142 tria
513 1116 569 1143 sint
588 1118 634 1143 toti
647 1117 683 1144 illi
697 1117 899 1151 prmdicationis
914 1121 981 1144 tent-

192 1163 250 1196 pori
271 1163 424 1190 tribuenda.
440 1162 545 1189 Etenim
560 1163 651 1190 statim
671 1168 699 1190 ut
714 1171 728 1189 a
743 1162 862 1190 Iordane
877 1163 981 1198 digres-

193 1216 240 1236 sus
255 1213 314 1240 est,
331 1214 406 1240 erat,
429 1213 457 1235 ut
472 1216 486 1235 a
505 1208 578 1235 Luca
594 1210 727 1244 scriptum
744 1215 800 1241 est,
820 1208 899 1236 Jesus
918 1209 981 1236 inci-

191 1255 265 1281 »;icns
280 1262 336 1282 esse
350 1256 425 1290 quasi
448 1264 575 1282 annorum
599 1264 664 1286 xxx.
685 1256 768 1290 ﬁlius,
779 1260 808 1282 ut
824 1254 980 1289 putabatur,

191 1299 303 1335 Jcseplt,
328 1301 372 1336 qui
398 1302 448 1335 fuit
470 1301 515 1328 Eli
530 1302 551 1333 ',
572 1307 625 1329 etc.
646 1302 725 1329 Anno
745 1303 846 1337 quippe
865 1302 980 1337 Augusti

192 1347 365 1381 imperatoris
382 1355 434 1374 ηιι
452 1353 532 1375 natus
545 1353 586 1375 est
606 1348 748 1380 Christus,
765 1349 811 1383 qui
831 1352 890 1374 erat
904 1355 979 1379 xxtx,

191 1401 225 1420 ex
236 1401 290 1427 quo
306 1392 421 1420 Romani
442 1394 495 1421 sibi
508 1393 616 1421 JlltiﬂEOS
633 1394 823 1428 adjunxerant.
842 1394 980 1428 Siquidem

191 1440 332 1472 Augustus
354 1447 402 1466 χιιι
429 1440 510 1467 annis
533 1440 697 1475 imperavit.
726 1444 872 1475 antequam
888 1439 981 1466 Iudam

191 1486 300 1519 penitus
323 1490 396 1512 esset
411 1485 543 1513 Romanis
569 1486 707 1520 adjuncta.
736 1485 899 1520 Quanquam
922 1489 982 1520 post

192 1538 280 1558 annos
295 1530 368 1562 lere,
395 1538 477 1564 quam
498 1529 634 1564 imperare
651 1534 790 1564 cmperat.
814 1531 873 1565 plus
891 1531 981 1558 minus

192 1580 312 1610 quatuor
334 1576 422 1604 [aldus
443 1577 514 1604 inter
530 1576 669 1604 Romanos
690 1584 722 1603 ac
745 1575 855 1603 Iudaeos
881 1576 980 1603 ittitum

193 1623 290 1655 luerat,
309 1623 466 1657 auxiliaque
476 1623 624 1650 submissa.
645 1622 716 1654 Quin
733 1627 760 1649 et
775 1626 937 1656 procurator
953 1622 980 1649 itt

191 1666 285 1695 Iudzea
311 1667 495 1699 constitutus,
522 1675 554 1695 ac
570 1667 695 1695 nonnihil
716 1668 880 1695 tributorum
899 1668 982 1703 qttin-

191 1721 246 1747 que
258 1713 453 1748 propemodum
471 1714 551 1741 annis
576 1713 709 1741 indictum
720 1733 727 1744 .
743 1714 830 1741 donec
844 1713 982 1741 Romano-

193 1767 252 1785 rum
267 1759 363 1786 ditioni
378 1761 459 1786 cessit
471 1760 577 1794 penitus
590 1780 597 1790 ,
615 1764 641 1787 et
657 1760 770 1786 omnino
783 1760 924 1794 vectigalis
940 1765 982 1787 est.

192 1805 275 1835 facta.
291 1811 352 1831 cum
365 1804 422 1838 jam
443 1804 582 1839 principes
597 1812 613 1831 e
629 1805 700 1831 tribu
714 1803 790 1832 Iuda:
804 1805 979 1838 defecissent,

190 1857 220 1878 ct
237 1849 356 1878 llerodes
370 1858 403 1877 ex
417 1851 554 1885 gentibus.
575 1850 623 1877 sed
640 1854 730 1878 tantett
752 1851 917 1886 proselytus.
939 1859 981 1878 re-

190 1903 276 1927 gnum
291 1895 436 1923 obtineret.
462 1895 561 1923 Postea
577 1904 641 1923 vero
665 1896 793 1924 Christus
814 1897 981 1925 Betltlehenti

189 1941 293 1971 Iudam:
301 1946 383 1970 natus
396 1946 448 1975 est,
463 1945 490 1969 et
502 1942 535 1968 ad
552 1942 747 1977 auspicandum
760 1943 980 1978 praedicationem

192 1987 313 2022 prodiit;
347 1995 401 2023 quo
430 1992 551 2023 tempore
576 1988 679 2015 Christi
707 1988 791 2016 duces
825 1990 905 2025 plane
933 1989 982 2017 de-

228 2054 328 2084 'Ioan.
344 2063 364 2088 ι,
377 2055 422 2082 55.
461 2055 472 2071 ³
487 2054 554 2083 Luc.
572 2056 669 2089 tu,25.

227 2123 282 2158 (44)
304 2122 510 2158 Κατηγοροῦσι
531 2122 565 2150 δὲ
581 2123 685 2150 πάλιν.
712 2123 821 2151 Nullum
837 2128 880 2151 est
894 2125 921 2152 in
938 2125 980 2153 his

192 2158 271 2186 libris
298 2163 498 2194 argumentum,
521 2159 548 2194 in
568 2167 623 2192 quo
638 2160 781 2186 tractando
801 2159 862 2193 plus
891 2168 981 2194 operte

193 2202 225 2220 ac
243 2194 323 2234 studii
334 2193 724 2234 nataritEpiphanius,quam
740 2195 766 2221 in
777 2193 978 2234 eaquaestione,

192 2236 246 2261 qua
265 2228 397 2256 Dominici
411 2226 522 2261 natalis,
537 2226 709 2263 etpassionis
721 2226 977 2264 annusi'nquiritur;
996 2226 1018 2253 Ῑ)

194 2264 247 2291 Sed
277 2271 326 2291 nec
352 2263 496 2291 obscurior
512 2271 628 2300 usquam
650 2265 726 2300 locus
747 2269 799 2295 est,
819 2263 866 2293 aut
883 2265 909 2291 in
925 2274 980 2300 quo

193 2300 284 2326 minus
297 2300 437 2333 interpreti
452 2299 636 2333 tergiversari,
653 2307 685 2326 ac
700 2299 874 2327 dissimulare
888 2299 978 2328 liceat.

193 2333 310 2371 Tantum
327 2335 422 2371 abest,
450 2338 479 2371 ut
498 2336 574 2371 inreo
596 2334 760 2362 declarando
774 2343 807 2362 tte
822 2336 858 2362 sit
875 2336 980 2371 longior

190 2369 280 2396 vereri
291 2369 396 2400 debeat,
413 2373 459 2395 aut
474 2369 597 2396 instituta
620 2377 652 2397 se
671 2376 797 2397 notarum
816 2375 842 2398 et
856 2369 980 2398 anittiad-

191 2404 348 2441 versionum
362 2404 494 2441 brevitate
515 2404 669 2432 defendere.
683 2405 771 2440 Atque
785 2412 817 2433 ea
827 2413 895 2433 sane
906 2414 980 2441 quan-

193 2440 245 2466 stio
261 2447 321 2466 cum
348 2447 402 2475 non
420 2440 510 2466 minus
529 2441 579 2467 ltac
594 2445 763 2474 tempestate.
780 2448 861 2475 qttattt
879 2440 978 2475 priscis

192 2474 247 2501 illis
259 2474 439 2507 temporibus.
453 2475 575 2502 eruditos
600 2479 735 2506 exerceat.
747 2483 779 2503 eo
795 2474 912 2510 denique
929 2477 978 2504 ad-

192 2509 273 2546 ducta
287 2517 332 2535 res
344 2513 437 2546 est._ut
451 2510 498 2544 qui
513 2510 649 2546 inscitiam
664 2518 741 2537 suam
761 2509 877 2546 ingenue
889 2512 978 2539 lassus

193 2544 486 2581 fuerit.»pudentiorem
502 2545 604 2581 exitum
620 2550 734 2580 quaerat.
761 2544 842 2581 quam
863 2547 887 2573 si
909 2547 978 2574 certi

192 2579 307 2614 aliquid.
338 2584 365 2606 ct
389 2580 523 2616 explorati
540 2579 635 2608 tenere
655 2589 684 2608 se
699 2579 781 2616 posse
801 2581 929 2609 conﬁdat.
946 2581 979 2609 Ut

191 2615 263 2641 enim
281 2614 508 2651 a_vetttstiltribus
532 2615 640 2642 initium
667 2614 805 2651 repetam;
821 2617 884 2651 quis
907 2622 980 2644 ante-

191 2658 273 2682 quam
294 2649 417 2684 Dionysii
434 2651 553 2686 vulgaris
570 2651 614 2677 illa
630 2649 705 2678 ratio
720 2649 933 2686 percrebuisset.
950 2653 979 2679 in

191 2689 305 2721 certam,
321 2692 352 2712 ac
365 2685 541 2713 constitutam
551 2687 712 2714 sententiam
721 2685 829 2714 includi
842 2695 871 2714 se
881 2695 978 2721 passus

190 2720 256 2746 cst?
278 2721 400 2755 Longum
427 2725 487 2751 est,
510 2726 536 2748 et
564 2723 683 2748 otiOsum
715 2728 834 2749 veterum
865 2720 978 2749 Patrum

191 2755 335 2792 opiniones
349 2763 446 2783 omnes
459 2757 606 2792 persequi;
625 2757 705 2792 idque
712 2758 746 2784 ab
754 2757 816 2784 aliis
833 2757 978 2792 diligenter

192 2795 235 2828 est
252 2790 372 2828 factum;
391 2790 572 2828 prtrsertint’a
588 2790 702 2820 Dekerio
726 2792 872 2828 nostrost]:
885 2790 978 2828 μακαη

195 2825 309 2865 ρίτῃλει
329 2825 433 2865 Joanne
460 2826 807 2865 “Keplero.tnathetnatico;
822 2825 978 2865 inerudita

196 2859 242 2886 illa
250 2859 443 2890 dissertatione
455 2862 492 2890 De
503 2859 572 2890 nmio
585 2861 724 2896 Natali,ct
741 2863 767 2890 itt
784 2862 889 2898 Eclagis
903 2863 978 2890 cltro-

1028 249 1191 284 ἐρχόμενον
1210 249 1255 276 ἐπ’
1273 249 1384 282 αὑτὸν,
1407 247 1496 282 οὗτός
1517 249 1611 276 ἐστιν.
1629 249 1815 276 Ἀποστέλλων

1028 294 1082 330 γὰρ
1097 296 1110 321 ὀ
1124 295 1220 331 Πατὴρ
1234 295 1278 321 τδν
1300 295 1426 329 Ἰωάννην
1441 295 1591 329 βαπτίζειν,
1603 295 1682 321 τοῦτο
1697 295 1770 330 αὐτῷ
1783 295 1816 321 το

1030 342 1141 376 σημεῖον
1153 340 1318 377 ἐδωρήσατό.
1331 342 1375 374 ἶν’,
1392 343 1455 369 ὅταν
1470 342 1523 378 ἴδῃ,
1540 342 1643 377 ἐπιγνῷ
1652 342 1696 368 τὸν
1710 341 1816 369 ἄνωθεν

1028 386 1057 411 ἐν
1074 386 1112 421 τῷ
1131 386 1226 421 κόσμῳ
1251 387 1447 419 ἀποσταλέντα,
1463 387 1577 423 Σωτῆρα
1597 387 1644 414 καὶ
1668 388 1816 423 εὐεργέτην

1027 430 1081 456 τῶν
1094 431 1235 466 ἡμετέρων
1248 431 1350 466 ψυχῶν.
1365 432 1573 467 Ἀνατρέπονται
1585 432 1674 458 τοίνυν
1688 433 1712 458 οί
1725 432 1817 458 τοιοῦ-

1028 484 1068 502 τοι.
1080 476 1134 502 ἀπὸ
1149 476 1198 511 τῆς
1211 476 1340 511 ἀληθείας
1357 477 1410 503 τῶν
1431 477 1558 504 τοιούτων
1577 477 1690 513 Γραφῶν
1702 477 1749 503 καὶ
1764 477 1817 512 τῆς

1028 520 1172 556 ἀκριϐείας
1184 530 1191 537 ·
1205 521 1321 555 μάλιστα
1344 521 1398 547 ἀπὸ
1413 522 1464 556 τῆς
1481 520 1639 556 συμφωνίας
1652 520 1705 547 τῶν
1717 521 1818 547 τεσσά-

1029 575 1084 601 ρων
1104 567 1315 601 εὺαγγελιστῶν.
1340 567 1378 593 Οὐ
1394 568 1449 602 γάρ
1466 575 1507 599 τις
1532 567 1586 593 τῶν
1613 566 1817 602 εὐφρονούντων

1028 612 1173 639 ἁποὸάλλοι
1191 613 1226 639 τὰ
1239 612 1278 647 τῷ
1301 612 1370 648 ἁγίῳ
1382 612 1520 648 Πνεῦματι
1537 613 1565 639 ἐν
1581 614 1638 644 τοῖς
1658 612 1744 646 ἁγίοις
1759 612 1816 639 Εὗ-

1028 658 1164 693 αγγελίοις
1178 659 1299 694 ἀκριϐῶς
1311 659 1400 694 πάντη
1415 659 1696 695 πεπραγματευμένα.

1063 749 1126 774 KB’.
1148 748 1337 784 Κατηγοροῦσι
1348 749 1377 776 δὲ
1388 750 1467 776 πάλιν
1479 750 1533 785 (44)
1547 750 1571 776 οἱ
1586 750 1662 776 αὐτοὶ
1676 749 1722 776 τοῦ
1735 749 1817 783 ἁγίου

1028 795 1231 829 εὐαγγελιστοῦ,
1248 796 1346 830 μᾶλλον
1361 796 1390 823 δὲ
1405 796 1452 823 τοῦ
1463 796 1550 823 αὑτοῦ
1562 795 1742 830 Εὑαγγελίου,
1762 796 1816 827 ὅτι,

1030 841 1121 875 φησιν,
1137 841 1151 867 ὁ
1168 841 1292 877 Ἰωάννης
1306 842 1356 877 ἔφη
1372 843 1436 878 περὶ
1449 843 1494 869 δυο
1505 842 1620 877 Πασχῶν
1634 842 1679 868 τὸν
1701 841 1818 877 Σωτῆρα

1031 887 1208 922 πεποιηκότα.
1225 888 1249 914 οἱ
1272 888 1299 915 δὲ
1319 888 1393 915 ἄλλοι
1419 889 1609 923 εὐαγγελισταὶ
1635 888 1698 923 περὶ
1722 888 1819 923 Πάσχα

1031 933 1099 964 ἑνός.
1118 933 1172 959 Καὶ
1190 933 1241 959 οὐκ
1264 933 1366 960 οἴδασιν
1384 935 1408 960 οἱ
1433 934 1545 965 ἰδιῶται,
1562 934 1602 960 ὅτι
1622 935 1652 960 οὐ
1677 934 1755 968 μόνον
1771 933 1821 959 δύο

1031 979 1126 1013 Πάσχα
1145 979 1271 1014 ὁμολογεῖ
1285 979 1319 1006 τὰ
1338 979 1502 1014 Εὑαγγέλια,
1519 980 1586 1006 ἀλλὰ
1601 979 1647 1006 δύο
1659 979 1707 1014 μὲν
1722 979 1820 1014 πρῶτα

1031 1024 1119 1058 λέγει,
1146 1025 1192 1051 καὶ
1215 1026 1281 1052 αὐτὸ
1298 1026 1327 1052 δὲ
1348 1027 1377 1052 ἐν
1399 1023 1420 1059 ᾧ
1443 1025 1576 1052 πέπονθεν
1592 1026 1605 1052 ὁ
1627 1026 1735 1060 Σωτὴρ,
1755 1024 1821 1060 τρία

1031 1069 1126 1104 Πάσχα
1143 1070 1197 1096 τῶν
1223 1071 1252 1097 ἐν
1274 1071 1313 1107 τῷ
1339 1071 1495 1107 κηρύγματι
1517 1071 1819 1107 πεπραγματευμένων.

1031 1115 1118 1146 Εὐθὺς
1136 1115 1192 1151 γὰρ
1206 1116 1260 1143 ἀπὸ
1276 1116 1322 1143 τοῦ
1347 1117 1491 1151 Ἰορδάνου,
1506 1117 1544 1149 ὼς
1564 1118 1577 1143 ὁ
1600 1117 1706 1148 Λουκᾶς
1725 1124 1820 1151 φησιν,

1030 1159 1070 1197 ἦν
1093 1163 1108 1189 ὁ
1131 1162 1250 1195 Ἰησοῦς
1273 1163 1440 1198 ἀρχόμενος
1476 1161 1553 1190 εἶναι
1576 1163 1616 1196 ὡς
1640 1162 1715 1189 ἐτῶν
1738 1162 1821 1196 τριά-

1031 1217 1132 1240 κοντα,
1154 1209 1196 1235 ὢν
1217 1209 1292 1242 υίὸς,
1314 1209 1354 1242 ὡς
1372 1209 1531 1244 ἐνομίζετο,
1553 1209 1605 1235 τοῦ
1627 1208 1742 1242 Ἰωσὴφ,
1765 1208 1821 1235 τοῦ

1038 1253 1115 1284 Ἠλὶ,
1142 1253 1188 1279 καὶ
1212 1253 1259 1280 ἐπὶ
1283 1254 1318 1280 τὰ
1340 1254 1478 1290 ἀνωτέρω.
1504 1255 1633 1281 Γεννᾶται
1656 1254 1704 1289 μὲν
1729 1253 1782 1289 γὰρ
1805 1254 1821 1279 6

1031 1297 1126 1334 Σωτὴρ
1146 1298 1184 1333 τῷ
1207 1299 1416 1335 τεσσαρακοστῷ
1440 1300 1559 1336 δευτέρῳ
1586 1300 1640 1326 ἔτει
1662 1298 1820 1334 Αὐγούστου

1033 1343 1164 1378 βασιλέως
1185 1344 1239 1371 τῶν
1262 1345 1424 1381 Ῥωμαίων
1440 1347 1508 1382 ὅπερ
1529 1345 1562 1382 ἦν
1587 1346 1729 1381 Ῥωμαίων
1751 1345 1821 1380 πρὸς

1038 1389 1180 1421 Ἰουδαίους
1192 1391 1337 1424 συναφείας
1351 1391 1472 1419 εἰκοστὸν
1490 1390 1582 1417 ἔνατον
1598 1391 1665 1422 ἔτος.
1679 1389 1821 1416 Βασιλεύει

1035 1435 1082 1470 μὲν
1096 1436 1150 1471 γὰρ
1170 1436 1324 1470 Αῠγουστος
1337 1438 1514 1473 τρισκαίδεκα
1530 1438 1577 1472 ἔτη
1594 1437 1676 1473 πρινὴ
1690 1436 1738 1472 τὴν
1756 1436 1822 1462 Ἰου-

1032 1481 1108 1508 δαίαν
1130 1483 1298 1518 συναφθῆναι
1321 1484 1432 1516 τελείως
1460 1484 1614 1518 Ῥωμαίοις.
1642 1481 1696 1509 Ἦν
1722 1482 1750 1508 δὲ
1773 1481 1821 1508 καὶ

1032 1527 1107 1559 ἐξότε
1122 1527 1296 1555 ἐϐασίλευσεν
1311 1528 1465 1563 Αὔγουστος
1485 1529 1554 1564 μετὰ
1571 1529 1617 1563 ἔτη
1635 1529 1756 1563 τέσσαρα
1771 1528 1821 1561 τῆς

1032 1573 1114 1599 αὐτοῦ
1139 1574 1276 1608 βασιλείας
1294 1575 1378 1601 πλείω
1397 1576 1413 1611 ἢ
1436 1576 1552 1608 ἐλάσσω,
1577 1575 1652 1610 φιλία
1678 1574 1727 1610 μὲν
1751 1575 1820 1600 Ῥω-

1034 1619 1120 1653 μαίων
1134 1619 1202 1655 πρὸς
1227 1620 1379 1653 Ἰουδαίους,
1401 1622 1447 1648 καὶ
1474 1621 1617 1657 συμμαχία
1638 1620 1820 1655 πεμπομένη,

1032 1664 1079 1690 καὶ
1103 1665 1249 1701 ἐπίτροπος
1264 1665 1477 1701 καθιστάμενος,
1499 1667 1547 1693 καὶ
1571 1667 1640 1702 μέρη
1660 1666 1750 1701 φόρων
1774 1666 1821 1692 ἐπὶ

1032 1711 1113 1737 πέντε
1126 1711 1197 1738 ἔτεσι
1213 1711 1323 1748 πλείωῆ
1339 1713 1446 1739 ἐλάσσω
1456 1723 1462 1728 ·
1479 1713 1531 1745 ἕως
1559 1713 1620 1739 ὅτου
1633 1712 1722 1739 τέλεον
1748 1721 1820 1746 παρ-

1032 1756 1109 1792 εδόθη
1133 1758 1149 1792 ἡ
1175 1757 1305 1790 Ἰουδαία,
1322 1759 1368 1786 καὶ
1391 1760 1443 1786 ὑπὸ
1459 1760 1540 1795 φόρον
1562 1759 1708 1795 γεγένηται
1718 1759 1820 1785 τελειό-

1031 1811 1116 1830 τατα¹
1145 1802 1284 1839 ληξάντων
1319 1805 1372 1832 τῶν
1401 1807 1455 1833 ἀπὸ
1483 1806 1568 1833 ’ἰούδα
1593 1806 1748 1842 ἀρχόντων,
1773 1806 1821 1832 καὶ

1038 1849 1155 1884 Ἡρώδου
1168 1851 1197 1884 ἐξ
1206 1851 1288 1878 ὲθνῶν
1300 1852 1525 1884 κατασταθέντος,
1536 1852 1705 1888 προσηλύτου
1718 1853 1821 1888 μέντοι·

1031 1903 1073 1929 γε.
1090 1894 1155 1922 Εἶτα
1169 1897 1287 1933 Χριστοῦ
1307 1899 1480 1934 γεννηθέντος
1494 1900 1523 1925 ἐν
1538 1898 1663 1933 Βηθλεὲμ
1682 1899 1731 1932 τῆς
1754 1898 1820 1924 Ἰου-

1031 1942 1122 1974 δαίας,
1138 1942 1259 1975 ἐλθόντος
1284 1952 1313 1970 τε
1336 1944 1382 1970 ὲπὶ
1401 1944 1431 1971 τὸ
1455 1945 1597 1980 κήρυγμα,
1619 1944 1757 1979 ληξάντων
1773 1945 1821 1971 καὶ

1031 1987 1158 2024 Χριστῶν
1172 1989 1342 2025 ἡγουμένων,
1356 1989 1559 2025 διαρκεσάντων
1576 1989 1628 2021 ἕως
1644 1989 1820 2025 Ἀλεξάνδρου

1033 2123 1179 2158 nolagicis;
1205 2127 1235 2150 ttt
1249 2129 1276 2151 ct
1294 2123 1328 2151 de
1341 2123 1519 2151 illustrissimi
1538 2124 1645 2152 Baronii
1659 2123 1819 2158 Annalibus,

1033 2166 1065 2185 ac
1079 2159 1185 2187 caeteris
1199 2159 1415 2194 chronograpltis
1429 2163 1543 2187 taceam.
1561 2159 1683 2192 Quorum
1696 2160 1818 2187 omnium

1031 2198 1093 2228 post
1105 2197 1160 2220 tant
1172 2194 1337 2230 exquisitam
1354 2198 1382 2221 et
1409 2199 1533 2222 exactam
1548 2202 1671 2230 operam.
1693 2203 1821 2229 superva-

1032 2236 1146 2256 caneum
1173 2229 1258 2256 videri
1276 2233 1391 2264 poterat.
1413 2237 1428 2256 a
1447 2230 1527 2256 nobis
1541 2238 1573 2258 ea
1587 2230 1721 2264 disputari
1738 2230 1820 2257 vehe-

1032 2265 1162 2295 mentius.
1178 2272 1238 2299 quae
1254 2265 1335 2292 anxie
1345 2265 1390 2300 rab
1408 2265 1462 2292 illis
1476 2269 1551 2296 sunt,
1569 2271 1749 2300 accurateque
1762 2264 1820 2292 dis-

1031 2306 1124 2331 cussa,
1153 2300 1205 2326 nisi
1240 2307 1290 2327 nos
1320 2299 1394 2327 adid
1422 2301 1503 2328 etiant
1525 2300 1624 2328 ittvitos
1648 2300 1820 2335 Epiphanius

1030 2335 1100 2369 ipse.
1123 2342 1155 2361 ac
1187 2335 1306 2370 suscepti
1329 2336 1450 2363 numeris
1480 2334 1547 2363 ﬁdes
1578 2334 1739 2370 impelleret.
1761 2335 1820 2362 Erit

1031 2373 1121 2396 autent
1136 2369 1198 2397 huic
1209 2370 1331 2400 conatui.
1346 2371 1486 2405 laborique
1499 2374 1594 2398 nostro
1611 2369 1699 2398 facilis
1713 2371 1817 2403 lector,

1031 2405 1053 2432 si
1070 2404 1120 2431 ltoc
1138 2411 1204 2432 ame
1216 2409 1367 2439 spectatum
1377 2404 1527 2440 agnoverit.
1542 2411 1571 2432 ut
1587 2406 1720 2432 infinitam
1733 2413 1820 2440 prope

1031 2440 1258 2476 controversiam,
1289 2441 1466 2476 omniumque
1484 2441 1590 2476 judicio
1618 2441 1817 2472 dillicillimatn.

1030 2482 1119 2509 neque
1139 2475 1255 2511 brevius
1285 2483 1367 2510 quam
1398 2483 1442 2503 res
1461 2480 1533 2503 tanta
1557 2476 1691 2511 disputari
1719 2477 1818 2510 possit.

1030 2518 1119 2544 neque
1138 2510 1246 2545 longius
1261 2518 1342 2544 quant
1363 2518 1477 2538 necesse
1491 2512 1538 2542 sit.
1552 2510 1658 2539 summa
1677 2519 1741 2538 vero
1755 2519 1818 2539 cum

1032 2545 1160 2572 facilitate
1189 2546 1404 2580 complecterer;
1435 2552 1462 2574 et
1483 2555 1515 2574 ea
1529 2555 1590 2581 quae
1617 2547 1651 2573 ab
1667 2546 1819 2580 ingeniosis

1030 2581 1172 2617 doctisque
1191 2580 1258 2617 viris
1282 2581 1316 2607 de
1334 2588 1366 2607 ea
1391 2589 1420 2608 re
1437 2582 1553 2609 solerter
1564 2582 1718 2617 excogitata
1739 2586 1817 2614 sunt,

1030 2616 1200 2652 accessione
1219 2616 1309 2651 aliqua
1340 2621 1439 2652 nostra
1476 2617 1616 2644 cutnulata
1638 2616 1817 2652 ’prol‘errent.

1030 2651 1120 2683 Quare
1137 2650 1236 2686 duplex
1261 2651 1312 2678 erit
1339 2651 1391 2678 hoc
1413 2652 1474 2679 loco
1498 2650 1663 2686 disputanda
1682 2653 1818 2686 quaestio:

1031 2687 1115 2712 altera
1128 2686 1162 2713 de
1175 2693 1247 2713 anno
1264 2686 1397 2721 ipso,quo
1408 2691 1488 2714 natus
1503 2692 1546 2715 est
1560 2687 1705 2720 Christus;
1722 2688 1819 2719 altera.

1030 2721 1064 2756 de
1089 2729 1122 2748 eo
1151 2729 1205 2755 quo
1235 2728 1333 2755 passus
1362 2727 1416 2750 est.
1438 2723 1515 2756 (Qua:
1530 2723 1572 2749 hic
1590 2723 1621 2749 de
1639 2731 1708 2749 amto
1721 2721 1820 2751 Natali

1031 2755 1163 2783 Cltristiet
1179 2765 1209 2783 eo
1224 2765 1273 2791 quo
1287 2765 1381 2791 passus
1396 2762 1434 2784 est
1451 2758 1591 2791 disputavit
1609 2757 1743 2789 Petavius,
1759 2766 1821 2785 cum

1028 2791 1177 2824 prolixiora
1195 2791 1247 2818 sint
1265 2797 1293 2818 ut
1304 2793 1372 2819 inter
1387 2797 1463 2820 notas
1479 2793 1565 2819 locum
1583 2793 1707 2824 habeant.
1732 2802 1763 2820 ea
1784 2793 1821 2820 ad

1029 2827 1441 2864 Appertdt'ccutDissertationum
1454 2827 1654 2864 aptandavimus
1670 2837 1736 2864 quas
1757 2828 1823 2864 Epi-

1030 2862 1120 2897 pltam‘i
1141 2862 1262 2897 operibus
1275 2862 1446 2897 subjecimus.
1463 2863 1552 2899 Ευιτ.)
