  <div class='ocr_page' id='page_1' title='image "/cluster/home/n/w/nwhite01/storage/ocr_20150623/41/njp.32101007805813/491.png"; bbox 0 0 1964 3047; ppageno 0'>
   <div class='ocr_carea' id='block_1_1' title="bbox 180 122 228 151">
    <p class='ocr_par' dir='ltr' id='par_1_1' title="bbox 180 122 228 151">
     <span class='ocr_line' id='line_1_1' title="bbox 180 122 228 151; baseline -0.042 0"><span class='ocrx_word' id='word_1_1' title='bbox 180 122 228 151; x_wconf 50' lang='grc'><strong>[⁸51</strong></span> 
     </span>
    </p>
   </div>
   <div class='ocr_carea' id='block_1_2' title="bbox 885 119 1118 148">
    <p class='ocr_par' dir='ltr' id='par_1_2' title="bbox 885 119 1118 148">
     <span class='ocr_line' id='line_1_2' title="bbox 885 119 1118 148; baseline -0.004 0"><span class='ocrx_word' id='word_1_2' title='bbox 885 121 912 148; x_wconf 85' lang='lat' dir='ltr'><strong>S.</strong></span> <span class='ocrx_word' id='word_1_3' title='bbox 944 119 1118 148; x_wconf 60' lang='lat' dir='ltr'><strong>EPIPIIANII</strong></span> 
     </span>
    </p>
   </div>
   <div class='ocr_carea' id='block_1_3' title="bbox 1765 121 1824 148">
    <p class='ocr_par' dir='ltr' id='par_1_3' title="bbox 1765 121 1824 148">
     <span class='ocr_line' id='line_1_3' title="bbox 1765 121 1824 148; baseline 0 -1"><span class='ocrx_word' id='word_1_4' title='bbox 1765 121 1824 148; x_wconf 67' lang='lat'><strong>932</strong></span> 
     </span>
    </p>
   </div>
   <div class='ocr_carea' id='block_1_4' title="bbox 181 181 977 219">
    <p class='ocr_par' dir='ltr' id='par_1_4' title="bbox 181 182 969 219">
     <span class='ocr_line' id='line_1_4' title="bbox 181 182 969 219; baseline -0.001 -9"><span class='ocrx_word' id='word_1_5' title='bbox 181 188 294 219; x_wconf 85' lang='lat' dir='ltr'><strong>patuum</strong></span> <span class='ocrx_word' id='word_1_6' title='bbox 329 191 416 218; x_wconf 75' lang='lat' dir='ltr'><strong>nugas</strong></span> <span class='ocrx_word' id='word_1_7' title='bbox 453 183 514 210; x_wconf 91' lang='lat' dir='ltr'><strong>illas</strong></span> <span class='ocrx_word' id='word_1_8' title='bbox 551 182 745 210; x_wconf 85' lang='lat' dir='ltr'><strong>describendas</strong></span> <span class='ocrx_word' id='word_1_9' title='bbox 781 183 969 210; x_wconf 88' lang='lat' dir='ltr'><strong>abuterentur.</strong></span> 
     </span>
    </p>
   </div>
   <div class='ocr_carea' id='block_1_5' title="bbox 1028 181 1824 219">
    <p class='ocr_par' dir='ltr' id='par_1_5' title="bbox 1028 181 1824 218">
     <span class='ocr_line' id='line_1_5' title="bbox 1028 181 1824 218; baseline 0 -10"><span class='ocrx_word' id='word_1_10' title='bbox 1028 182 1170 217; x_wconf 74' lang='grc' dir='ltr'>καὶὰρχῶν</span> <span class='ocrx_word' id='word_1_11' title='bbox 1181 182 1347 218; x_wconf 72' lang='grc' dir='ltr'>ἀναγράφειν</span> <span class='ocrx_word' id='word_1_12' title='bbox 1355 182 1404 218; x_wconf 69' lang='grc' dir='ltr'>τὴν</span> <span class='ocrx_word' id='word_1_13' title='bbox 1415 182 1584 218; x_wconf 81' lang='grc' dir='ltr'>μυθοποιίαν.</span> <span class='ocrx_word' id='word_1_14' title='bbox 1593 181 1756 218; x_wconf 80' lang='grc' dir='ltr'>Εὑρίσκεται</span> <span class='ocrx_word' id='word_1_15' title='bbox 1764 183 1824 217; x_wconf 72' lang='grc' dir='ltr'><strong>γὲρ</strong></span> 
     </span>
    </p>
   </div>
   <div class='ocr_carea' id='block_1_6' title="bbox 182 229 975 264">
    <p class='ocr_par' dir='ltr' id='par_1_6' title="bbox 182 229 975 264">
     <span class='ocr_line' id='line_1_6' title="bbox 182 229 975 264; baseline -0.003 -7"><span class='ocrx_word' id='word_1_16' title='bbox 182 231 260 257; x_wconf 86' lang='lat' dir='ltr'><strong>Anno</strong></span> <span class='ocrx_word' id='word_1_17' title='bbox 271 230 371 264; x_wconf 85' lang='lat' dir='ltr'><strong>quippe</strong></span> <span class='ocrx_word' id='word_1_18' title='bbox 384 230 417 256; x_wconf 90' lang='lat' dir='ltr'><strong>ab</strong></span> <span class='ocrx_word' id='word_1_19' title='bbox 429 229 620 256; x_wconf 88' lang='lat' dir='ltr'><strong>lncarnatione</strong></span> <span class='ocrx_word' id='word_1_20' title='bbox 635 229 808 264; x_wconf 69' lang='lat' dir='ltr'><strong>adventuque</strong></span> <span class='ocrx_word' id='word_1_21' title='bbox 824 237 874 256; x_wconf 91' lang='lat' dir='ltr'><strong>suo</strong></span> <span class='ocrx_word' id='word_1_22' title='bbox 888 237 975 256; x_wconf 80' lang='lat' dir='ltr'><strong>xxxur</strong></span> 
     </span>
    </p>
   </div>
   <div class='ocr_carea' id='block_1_7' title="bbox 181 275 974 312">
    <p class='ocr_par' dir='ltr' id='par_1_7' title="bbox 181 275 974 312">
     <span class='ocr_line' id='line_1_7' title="bbox 181 275 974 312; baseline -0.001 -9"><span class='ocrx_word' id='word_1_23' title='bbox 181 280 290 304; x_wconf 84' lang='lat' dir='ltr'><strong>constat</strong></span> <span class='ocrx_word' id='word_1_24' title='bbox 311 277 457 312; x_wconf 79' lang='lat' dir='ltr'><strong>unigenam</strong></span> <span class='ocrx_word' id='word_1_25' title='bbox 488 275 535 303; x_wconf 91' lang='lat' dir='ltr'><strong>Dei</strong></span> <span class='ocrx_word' id='word_1_26' title='bbox 561 276 661 303; x_wconf 85' lang='lat' dir='ltr'><strong>Filium</strong></span> <span class='ocrx_word' id='word_1_27' title='bbox 687 283 749 303; x_wconf 87' lang='lat' dir='ltr'><strong>esse</strong></span> <span class='ocrx_word' id='word_1_28' title='bbox 773 283 896 311; x_wconf 88' lang='lat' dir='ltr'><strong>passum.</strong></span> <span class='ocrx_word' id='word_1_29' title='bbox 923 275 974 309; x_wconf 85' lang='lat' dir='ltr'><strong>Qui</strong></span> 
     </span>
    </p>
   </div>
   <div class='ocr_carea' id='block_1_8' title="bbox 182 320 974 356">
    <p class='ocr_par' dir='ltr' id='par_1_8' title="bbox 182 320 974 356">
     <span class='ocr_line' id='line_1_8' title="bbox 182 320 974 356; baseline -0.001 -8"><span class='ocrx_word' id='word_1_30' title='bbox 182 321 288 348; x_wconf 88' lang='lat' dir='ltr'><strong>tametsi</strong></span> <span class='ocrx_word' id='word_1_31' title='bbox 314 322 369 356; x_wconf 86' lang='lat' dir='ltr'><strong>pati</strong></span> <span class='ocrx_word' id='word_1_32' title='bbox 385 329 433 356; x_wconf 83' lang='lat' dir='ltr'><strong>per</strong></span> <span class='ocrx_word' id='word_1_33' title='bbox 448 328 508 348; x_wconf 89' lang='lat' dir='ltr'><strong>sese</strong></span> <span class='ocrx_word' id='word_1_34' title='bbox 530 321 598 348; x_wconf 86' lang='lat' dir='ltr'><strong>nihil</strong></span> <span class='ocrx_word' id='word_1_35' title='bbox 622 325 833 356; x_wconf 81' lang='lat' dir='ltr'><strong>posset.utpote</strong></span> <span class='ocrx_word' id='word_1_36' title='bbox 856 320 974 348; x_wconf 79' lang='lat' dir='ltr'><strong>Verbum</strong></span> 
     </span>
    </p>
   </div>
   <div class='ocr_carea' id='block_1_9' title="bbox 182 367 975 402">
    <p class='ocr_par' dir='ltr' id='par_1_9' title="bbox 182 367 975 402">
     <span class='ocr_line' id='line_1_9' title="bbox 182 367 975 402; baseline -0.001 -8"><span class='ocrx_word' id='word_1_37' title='bbox 182 367 229 394; x_wconf 88' lang='lat' dir='ltr'><strong>Dei</strong></span> <span class='ocrx_word' id='word_1_38' title='bbox 244 367 277 394; x_wconf 83' lang='lat' dir='ltr'><strong>de</strong></span> <span class='ocrx_word' id='word_1_39' title='bbox 297 368 367 394; x_wconf 68' lang='lat' dir='ltr'><strong>caelo</strong></span> <span class='ocrx_word' id='word_1_40' title='bbox 385 367 525 402; x_wconf 84' lang='lat' dir='ltr'><strong>delapsum</strong></span> <span class='ocrx_word' id='word_1_41' title='bbox 541 386 549 398; x_wconf 89' lang='lat'><strong>,</strong></span> <span class='ocrx_word' id='word_1_42' title='bbox 571 367 751 395; x_wconf 91' lang='lat' dir='ltr'><strong>nihilominus</strong></span> <span class='ocrx_word' id='word_1_43' title='bbox 775 370 903 401; x_wconf 85' lang='lat' dir='ltr'><strong>suscepta</strong></span> <span class='ocrx_word' id='word_1_44' title='bbox 926 374 975 401; x_wconf 91' lang='lat' dir='ltr'><strong>pro</strong></span> 
     </span>
    </p>
   </div>
   <div class='ocr_carea' id='block_1_10' title="bbox 183 412 975 448">
    <p class='ocr_par' dir='ltr' id='par_1_10' title="bbox 183 412 975 448">
     <span class='ocr_line' id='line_1_10' title="bbox 183 412 975 448; baseline -0.001 -8"><span class='ocrx_word' id='word_1_45' title='bbox 183 413 262 440; x_wconf 88' lang='lat' dir='ltr'><strong>nobis</strong></span> <span class='ocrx_word' id='word_1_46' title='bbox 276 421 359 440; x_wconf 87' lang='lat' dir='ltr'><strong>carne</strong></span> <span class='ocrx_word' id='word_1_47' title='bbox 374 418 491 440; x_wconf 89' lang='lat' dir='ltr'><strong>mortem</strong></span> <span class='ocrx_word' id='word_1_48' title='bbox 516 413 620 448; x_wconf 80' lang='lat' dir='ltr'><strong>perpeti</strong></span> <span class='ocrx_word' id='word_1_49' title='bbox 636 414 739 446; x_wconf 90' lang='lat' dir='ltr'><strong>voluit,</strong></span> <span class='ocrx_word' id='word_1_50' title='bbox 763 417 793 440; x_wconf 90' lang='lat' dir='ltr'><strong>ut</strong></span> <span class='ocrx_word' id='word_1_51' title='bbox 810 414 907 440; x_wconf 84' lang='lat' dir='ltr'><strong>mortis</strong></span> <span class='ocrx_word' id='word_1_52' title='bbox 927 412 975 439; x_wconf 70' lang='lat' dir='ltr'><strong>anl-</strong></span> 
     </span>
    </p>
   </div>
   <div class='ocr_carea' id='block_1_11' title="bbox 183 458 974 494">
    <p class='ocr_par' dir='ltr' id='par_1_11' title="bbox 183 458 974 494">
     <span class='ocr_line' id='line_1_11' title="bbox 183 458 974 494; baseline -0.001 -9"><span class='ocrx_word' id='word_1_53' title='bbox 183 466 293 486; x_wconf 90' lang='lat' dir='ltr'><strong>versum</strong></span> <span class='ocrx_word' id='word_1_54' title='bbox 327 466 378 486; x_wconf 87' lang='lat' dir='ltr'><strong>nos</strong></span> <span class='ocrx_word' id='word_1_55' title='bbox 411 458 622 494; x_wconf 74' lang='lat' dir='ltr'><strong>chirographum</strong></span> <span class='ocrx_word' id='word_1_56' title='bbox 653 459 770 486; x_wconf 83' lang='lat' dir='ltr'><strong>solveret</strong></span> <span class='ocrx_word' id='word_1_57' title='bbox 792 459 811 486; x_wconf 92' lang='grc'>¹.</span> <span class='ocrx_word' id='word_1_58' title='bbox 839 459 974 492; x_wconf 88' lang='lat' dir='ltr'><strong>Quocirca</strong></span> 
     </span>
    </p>
   </div>
   <div class='ocr_carea' id='block_1_12' title="bbox 183 503 972 539">
    <p class='ocr_par' dir='ltr' id='par_1_12' title="bbox 183 503 972 539">
     <span class='ocr_line' id='line_1_12' title="bbox 183 503 972 539; baseline 0 -9"><span class='ocrx_word' id='word_1_59' title='bbox 183 508 244 539; x_wconf 92' lang='lat' dir='ltr'><strong>post</strong></span> <span class='ocrx_word' id='word_1_60' title='bbox 265 511 312 531; x_wconf 92' lang='lat' dir='ltr'><strong>eos</strong></span> <span class='ocrx_word' id='word_1_61' title='bbox 328 511 400 531; x_wconf 86' lang='lat' dir='ltr'><strong>coss.</strong></span> <span class='ocrx_word' id='word_1_62' title='bbox 423 503 470 538; x_wconf 89' lang='lat' dir='ltr'><strong>qui</strong></span> <span class='ocrx_word' id='word_1_63' title='bbox 491 504 518 530; x_wconf 94' lang='lat' dir='ltr'><strong>in</strong></span> <span class='ocrx_word' id='word_1_64' title='bbox 533 511 634 530; x_wconf 91' lang='lat' dir='ltr'><strong>annum</strong></span> <span class='ocrx_word' id='word_1_65' title='bbox 659 504 732 532; x_wconf 88' lang='lat' dir='ltr'><strong>illius</strong></span> <span class='ocrx_word' id='word_1_66' title='bbox 753 512 807 530; x_wconf 86' lang='lat' dir='ltr'><strong>xxx</strong></span> <span class='ocrx_word' id='word_1_67' title='bbox 828 504 972 535; x_wconf 82' lang='lat' dir='ltr'><strong>incidunt,</strong></span> 
     </span>
    </p>
   </div>
   <div class='ocr_carea' id='block_1_13' title="bbox 183 548 972 584">
    <p class='ocr_par' dir='ltr' id='par_1_13' title="bbox 183 548 972 584">
     <span class='ocr_line' id='line_1_13' title="bbox 183 548 972 584; baseline -0.001 -8"><span class='ocrx_word' id='word_1_68' title='bbox 183 557 233 584; x_wconf 89' lang='lat' dir='ltr'><strong>par</strong></span> <span class='ocrx_word' id='word_1_69' title='bbox 255 548 330 576; x_wconf 86' lang='lat' dir='ltr'><strong>aliud</strong></span> <span class='ocrx_word' id='word_1_70' title='bbox 361 556 432 576; x_wconf 86' lang='lat' dir='ltr'><strong>coss.</strong></span> <span class='ocrx_word' id='word_1_71' title='bbox 461 549 602 583; x_wconf 86' lang='lat' dir='ltr'><strong>sequitur,</strong></span> <span class='ocrx_word' id='word_1_72' title='bbox 627 548 808 576; x_wconf 85' lang='lat' dir='ltr'><strong>Geminorum</strong></span> <span class='ocrx_word' id='word_1_73' title='bbox 835 549 972 581; x_wconf 89' lang='lat' dir='ltr'><strong>duorum,</strong></span> 
     </span>
    </p>
   </div>
   <div class='ocr_carea' id='block_1_14' title="bbox 183 594 975 628">
    <p class='ocr_par' dir='ltr' id='par_1_14' title="bbox 183 594 975 628">
     <span class='ocr_line' id='line_1_14' title="bbox 183 594 975 628; baseline 0 -6"><span class='ocrx_word' id='word_1_74' title='bbox 183 595 282 622; x_wconf 85' lang='lat' dir='ltr'><strong>deinde</strong></span> <span class='ocrx_word' id='word_1_75' title='bbox 309 594 369 622; x_wconf 76' lang='lat' dir='ltr'><strong>Ruﬁ</strong></span> <span class='ocrx_word' id='word_1_76' title='bbox 402 602 434 621; x_wconf 82' lang='lat' dir='ltr'><strong>ac</strong></span> <span class='ocrx_word' id='word_1_77' title='bbox 463 594 644 622; x_wconf 81' lang='lat' dir='ltr'><strong>Rubellionis.</strong></span> <span class='ocrx_word' id='word_1_78' title='bbox 676 595 782 628; x_wconf 86' lang='lat' dir='ltr'><strong>Quibus</strong></span> <span class='ocrx_word' id='word_1_79' title='bbox 814 602 975 623; x_wconf 84' lang='lat' dir='ltr'><strong>successere</strong></span> 
     </span>
    </p>
   </div>
   <div class='ocr_carea' id='block_1_15' title="bbox 183 640 974 676">
    <p class='ocr_par' dir='ltr' id='par_1_15' title="bbox 183 640 974 676">
     <span class='ocr_line' id='line_1_15' title="bbox 183 640 974 676; baseline 0 -8"><span class='ocrx_word' id='word_1_80' title='bbox 183 649 258 668; x_wconf 83' lang='lat' dir='ltr'><strong>coss.</strong></span> <span class='ocrx_word' id='word_1_81' title='bbox 281 640 422 673; x_wconf 76' lang='lat' dir='ltr'><strong>Vinicius,</strong></span> <span class='ocrx_word' id='word_1_82' title='bbox 445 649 476 667; x_wconf 89' lang='lat' dir='ltr'><strong>ac</strong></span> <span class='ocrx_word' id='word_1_83' title='bbox 496 640 636 675; x_wconf 81' lang='lat' dir='ltr'><strong>Longinus</strong></span> <span class='ocrx_word' id='word_1_84' title='bbox 654 641 784 674; x_wconf 80' lang='lat' dir='ltr'><strong>Cassius;</strong></span> <span class='ocrx_word' id='word_1_85' title='bbox 801 641 853 669; x_wconf 91' lang='lat' dir='ltr'><strong>sub</strong></span> <span class='ocrx_word' id='word_1_86' title='bbox 873 641 974 676; x_wconf 84' lang='lat' dir='ltr'><strong>quibus</strong></span> 
     </span>
    </p>
   </div>
   <div class='ocr_carea' id='block_1_16' title="bbox 184 685 974 721">
    <p class='ocr_par' dir='ltr' id='par_1_16' title="bbox 184 685 974 721">
     <span class='ocr_line' id='line_1_16' title="bbox 184 685 974 721; baseline -0.001 -8"><span class='ocrx_word' id='word_1_87' title='bbox 184 685 310 713; x_wconf 83' lang='lat' dir='ltr'><strong>Salvator</strong></span> <span class='ocrx_word' id='word_1_88' title='bbox 330 693 428 721; x_wconf 81' lang='lat' dir='ltr'><strong>passus</strong></span> <span class='ocrx_word' id='word_1_89' title='bbox 453 690 494 712; x_wconf 89' lang='lat' dir='ltr'><strong>est</strong></span> <span class='ocrx_word' id='word_1_90' title='bbox 516 693 542 712; x_wconf 92' lang='lat' dir='ltr'><strong>a.</strong></span> <span class='ocrx_word' id='word_1_91' title='bbox 568 685 595 712; x_wconf 93' lang='lat' dir='ltr'><strong>d.</strong></span> <span class='ocrx_word' id='word_1_92' title='bbox 620 693 669 712; x_wconf 81' lang='lat' dir='ltr'><strong>xui</strong></span> <span class='ocrx_word' id='word_1_93' title='bbox 687 685 748 712; x_wconf 81' lang='lat' dir='ltr'><strong>Kal.</strong></span> <span class='ocrx_word' id='word_1_94' title='bbox 769 686 835 721; x_wconf 86' lang='lat' dir='ltr'><strong>Apr.</strong></span> <span class='ocrx_word' id='word_1_95' title='bbox 855 685 892 712; x_wconf 86' lang='lat' dir='ltr'><strong>Ex</strong></span> <span class='ocrx_word' id='word_1_96' title='bbox 919 693 974 721; x_wconf 88' lang='lat' dir='ltr'><strong>quo</strong></span> 
     </span>
    </p>
   </div>
   <div class='ocr_carea' id='block_1_17' title="bbox 184 731 974 764">
    <p class='ocr_par' dir='ltr' id='par_1_17' title="bbox 184 731 974 764">
     <span class='ocr_line' id='line_1_17' title="bbox 184 731 974 764; baseline -0.004 -4"><span class='ocrx_word' id='word_1_97' title='bbox 184 733 293 760; x_wconf 79' lang='lat' dir='ltr'><strong>illorum</strong></span> <span class='ocrx_word' id='word_1_98' title='bbox 315 732 438 759; x_wconf 91' lang='lat' dir='ltr'><strong>omnium</strong></span> <span class='ocrx_word' id='word_1_99' title='bbox 462 731 638 759; x_wconf 86' lang='lat' dir='ltr'><strong>convincitur</strong></span> <span class='ocrx_word' id='word_1_100' title='bbox 659 739 751 764; x_wconf 86' lang='lat' dir='ltr'><strong>error,</strong></span> <span class='ocrx_word' id='word_1_101' title='bbox 765 735 793 759; x_wconf 85' lang='lat' dir='ltr'><strong>et</strong></span> <span class='ocrx_word' id='word_1_102' title='bbox 818 732 974 759; x_wconf 83' lang='lat' dir='ltr'><strong>certissima</strong></span> 
     </span>
    </p>
   </div>
   <div class='ocr_carea' id='block_1_18' title="bbox 183 775 973 807">
    <p class='ocr_par' dir='ltr' id='par_1_18' title="bbox 183 775 973 807">
     <span class='ocr_line' id='line_1_18' title="bbox 183 775 973 807; baseline -0.003 -3"><span class='ocrx_word' id='word_1_103' title='bbox 183 777 308 804; x_wconf 73' lang='lat' dir='ltr'><strong>veritatis</strong></span> <span class='ocrx_word' id='word_1_104' title='bbox 333 776 459 803; x_wconf 75' lang='lat' dir='ltr'><strong>doctrina</strong></span> <span class='ocrx_word' id='word_1_105' title='bbox 482 780 667 807; x_wconf 87' lang='lat' dir='ltr'><strong>monstratur,</strong></span> <span class='ocrx_word' id='word_1_106' title='bbox 686 784 740 803; x_wconf 87' lang='lat' dir='ltr'><strong>non</strong></span> <span class='ocrx_word' id='word_1_107' title='bbox 756 776 811 803; x_wconf 90' lang='lat' dir='ltr'><strong>duo</strong></span> <span class='ocrx_word' id='word_1_108' title='bbox 834 777 922 804; x_wconf 87' lang='lat' dir='ltr'><strong>solum</strong></span> <span class='ocrx_word' id='word_1_109' title='bbox 946 775 973 802; x_wconf 92' lang='lat' dir='ltr'><strong>in</strong></span> 
     </span>
    </p>
   </div>
   <div class='ocr_carea' id='block_1_19' title="bbox 185 821 815 859">
    <p class='ocr_par' dir='ltr' id='par_1_19' title="bbox 185 821 815 859">
     <span class='ocr_line' id='line_1_19' title="bbox 185 821 815 859; baseline -0.003 -9"><span class='ocrx_word' id='word_1_110' title='bbox 185 823 334 859; x_wconf 87' lang='lat' dir='ltr'><strong>Scripturis</strong></span> <span class='ocrx_word' id='word_1_111' title='bbox 352 822 485 850; x_wconf 82' lang='lat' dir='ltr'><strong>Paschata</strong></span> <span class='ocrx_word' id='word_1_112' title='bbox 495 841 503 855; x_wconf 85' lang='grc'><em>.</em></span> <span class='ocrx_word' id='word_1_113' title='bbox 517 821 567 849; x_wconf 83' lang='lat' dir='ltr'><strong>sed</strong></span> <span class='ocrx_word' id='word_1_114' title='bbox 584 825 610 849; x_wconf 79' lang='lat' dir='ltr'><strong>ei</strong></span> <span class='ocrx_word' id='word_1_115' title='bbox 625 822 677 848; x_wconf 87' lang='lat' dir='ltr'><strong>tria</strong></span> <span class='ocrx_word' id='word_1_116' title='bbox 689 822 815 856; x_wconf 88' lang='lat' dir='ltr'><strong>reperiri.</strong></span> 
     </span>
    </p>
   </div>
   <div class='ocr_carea' id='block_1_20' title="bbox 217 955 972 986">
    <p class='ocr_par' dir='ltr' id='par_1_20' title="bbox 217 955 972 986">
     <span class='ocr_line' id='line_1_20' title="bbox 217 955 972 986; baseline -0.005 -1"><span class='ocrx_word' id='word_1_117' title='bbox 217 956 314 985; x_wconf 71' lang='lat' dir='ltr'><strong>XXIV.</strong></span> <span class='ocrx_word' id='word_1_118' title='bbox 343 957 412 985; x_wconf 84' lang='lat' dir='ltr'><strong>Cum</strong></span> <span class='ocrx_word' id='word_1_119' title='bbox 434 956 507 984; x_wconf 91' lang='lat' dir='ltr'><strong>enim</strong></span> <span class='ocrx_word' id='word_1_120' title='bbox 524 955 656 983; x_wconf 77' lang='lat' dir='ltr'><strong>Januario</strong></span> <span class='ocrx_word' id='word_1_121' title='bbox 679 962 772 982; x_wconf 80' lang='lat' dir='ltr'><strong>mense</strong></span> <span class='ocrx_word' id='word_1_122' title='bbox 793 959 873 982; x_wconf 90' lang='lat' dir='ltr'><strong>natus</strong></span> <span class='ocrx_word' id='word_1_123' title='bbox 889 959 972 986; x_wconf 84' lang='lat' dir='ltr'><strong>esset,</strong></span> 
     </span>
    </p>
   </div>
   <div class='ocr_carea' id='block_1_21' title="bbox 184 1000 974 1038">
    <p class='ocr_par' dir='ltr' id='par_1_21' title="bbox 184 1000 974 1038">
     <span class='ocr_line' id='line_1_21' title="bbox 184 1000 974 1038; baseline -0.004 -7"><span class='ocrx_word' id='word_1_124' title='bbox 184 1012 232 1031; x_wconf 82' lang='lat' dir='ltr'><strong>Vill</strong></span> <span class='ocrx_word' id='word_1_125' title='bbox 257 1003 295 1030; x_wconf 90' lang='lat' dir='ltr'><strong>Id.</strong></span> <span class='ocrx_word' id='word_1_126' title='bbox 319 1002 380 1030; x_wconf 87' lang='lat' dir='ltr'><strong>Jan.</strong></span> <span class='ocrx_word' id='word_1_127' title='bbox 399 1002 445 1038; x_wconf 89' lang='lat' dir='ltr'><strong>qui</strong></span> <span class='ocrx_word' id='word_1_128' title='bbox 462 1007 504 1029; x_wconf 85' lang='lat' dir='ltr'><strong>est</strong></span> <span class='ocrx_word' id='word_1_129' title='bbox 519 1002 591 1037; x_wconf 88' lang='lat' dir='ltr'><strong>apud</strong></span> <span class='ocrx_word' id='word_1_130' title='bbox 613 1001 752 1028; x_wconf 79' lang='lat' dir='ltr'><strong>Romanos</strong></span> <span class='ocrx_word' id='word_1_131' title='bbox 776 1000 898 1027; x_wconf 81' lang='lat' dir='ltr'><strong>Januarii</strong></span> <span class='ocrx_word' id='word_1_132' title='bbox 915 1001 974 1028; x_wconf 61' lang='lat' dir='ltr'><strong>dies</strong></span> 
     </span>
    </p>
   </div>
   <div class='ocr_carea' id='block_1_22' title="bbox 183 1048 974 1086">
    <p class='ocr_par' dir='ltr' id='par_1_22' title="bbox 183 1048 974 1086">
     <span class='ocr_line' id='line_1_22' title="bbox 183 1048 974 1086; baseline -0.004 -9"><span class='ocrx_word' id='word_1_133' title='bbox 183 1059 198 1077; x_wconf 79' lang='grc' dir='ltr'>ν</span> <span class='ocrx_word' id='word_1_134' title='bbox 213 1060 220 1084; x_wconf 87' lang='lat'><strong>;</strong></span> <span class='ocrx_word' id='word_1_135' title='bbox 234 1050 369 1086; x_wconf 65' lang='lat' dir='ltr'><strong>[Egyptiis</strong></span> <span class='ocrx_word' id='word_1_136' title='bbox 386 1057 468 1085; x_wconf 85' lang='lat' dir='ltr'><strong>porro</strong></span> <span class='ocrx_word' id='word_1_137' title='bbox 485 1048 553 1085; x_wconf 87' lang='lat' dir='ltr'><strong>Tybi</strong></span> <span class='ocrx_word' id='word_1_138' title='bbox 566 1056 610 1081; x_wconf 87' lang='lat' dir='ltr'><strong>xl;</strong></span> <span class='ocrx_word' id='word_1_139' title='bbox 632 1048 710 1084; x_wconf 75' lang='lat' dir='ltr'><strong>Syris</strong></span> <span class='ocrx_word' id='word_1_140' title='bbox 726 1048 783 1075; x_wconf 86' lang='lat' dir='ltr'><strong>sive</strong></span> <span class='ocrx_word' id='word_1_141' title='bbox 803 1048 905 1075; x_wconf 64' lang='lat' dir='ltr'><strong>Graecis</strong></span> <span class='ocrx_word' id='word_1_142' title='bbox 919 1048 974 1074; x_wconf 84' lang='lat' dir='ltr'><strong>Au-</strong></span> 
     </span>
    </p>
   </div>
   <div class='ocr_carea' id='block_1_23' title="bbox 183 1094 975 1134">
    <p class='ocr_par' dir='ltr' id='par_1_23' title="bbox 183 1094 975 1134">
     <span class='ocr_line' id='line_1_23' title="bbox 183 1094 975 1134; baseline -0.005 -9"><span class='ocrx_word' id='word_1_143' title='bbox 183 1098 271 1134; x_wconf 71' lang='lat' dir='ltr'><strong>dyntei</strong></span> <span class='ocrx_word' id='word_1_144' title='bbox 284 1095 438 1132; x_wconf 75' lang='lat' dir='ltr'><strong>vr,Cypriis</strong></span> <span class='ocrx_word' id='word_1_145' title='bbox 452 1095 510 1122; x_wconf 81' lang='lat' dir='ltr'><strong>sive</strong></span> <span class='ocrx_word' id='word_1_146' title='bbox 527 1094 684 1121; x_wconf 74' lang='lat' dir='ltr'><strong>Salaminiis</strong></span> <span class='ocrx_word' id='word_1_147' title='bbox 695 1094 783 1129; x_wconf 90' lang='lat' dir='ltr'><strong>quinti</strong></span> <span class='ocrx_word' id='word_1_148' title='bbox 797 1094 899 1121; x_wconf 83' lang='lat' dir='ltr'><strong>mensis</strong></span> <span class='ocrx_word' id='word_1_149' title='bbox 915 1094 975 1122; x_wconf 82' lang='lat' dir='ltr'><strong>dies</strong></span> 
     </span>
    </p>
   </div>
   <div class='ocr_carea' id='block_1_24' title="bbox 183 1141 972 1179">
    <p class='ocr_par' dir='ltr' id='par_1_24' title="bbox 183 1141 972 1179">
     <span class='ocr_line' id='line_1_24' title="bbox 183 1141 972 1179; baseline -0.003 -9"><span class='ocrx_word' id='word_1_150' title='bbox 183 1153 214 1178; x_wconf 83' lang='lat' dir='ltr'><strong>v;</strong></span> <span class='ocrx_word' id='word_1_151' title='bbox 233 1144 343 1179; x_wconf 74' lang='lat' dir='ltr'><strong>Paphirs</strong></span> <span class='ocrx_word' id='word_1_152' title='bbox 357 1143 420 1170; x_wconf 82' lang='lat' dir='ltr'><strong>Juli&#39;</strong></span> <span class='ocrx_word' id='word_1_153' title='bbox 436 1151 498 1175; x_wconf 82' lang='lat' dir='ltr'><strong>xiv;</strong></span> <span class='ocrx_word' id='word_1_154' title='bbox 513 1142 583 1177; x_wconf 89' lang='lat' dir='ltr'><strong>apud</strong></span> <span class='ocrx_word' id='word_1_155' title='bbox 597 1141 701 1168; x_wconf 81' lang='lat' dir='ltr'><strong>Arabes</strong></span> <span class='ocrx_word' id='word_1_156' title='bbox 713 1148 778 1168; x_wconf 82' lang='lat' dir='ltr'><strong>vero</strong></span> <span class='ocrx_word' id='word_1_157' title='bbox 798 1141 892 1168; x_wconf 81' lang='lat' dir='ltr'><strong>Aleum</strong></span> <span class='ocrx_word' id='word_1_158' title='bbox 909 1149 972 1174; x_wconf 82' lang='lat' dir='ltr'><strong>xxi;</strong></span> 
     </span>
    </p>
   </div>
   <div class='ocr_carea' id='block_1_25' title="bbox 183 1186 974 1226">
    <p class='ocr_par' dir='ltr' id='par_1_25' title="bbox 183 1186 974 1226">
     <span class='ocr_line' id='line_1_25' title="bbox 183 1186 974 1226; baseline -0.005 -9"><span class='ocrx_word' id='word_1_159' title='bbox 183 1190 394 1226; x_wconf 87' lang='lat' dir='ltr'><strong>Cappadocibus</strong></span> <span class='ocrx_word' id='word_1_160' title='bbox 421 1188 525 1215; x_wconf 69' lang='lat' dir='ltr'><strong>Atartre</strong></span> <span class='ocrx_word' id='word_1_161' title='bbox 549 1195 618 1220; x_wconf 81' lang='lat' dir='ltr'><strong>xui;</strong></span> <span class='ocrx_word' id='word_1_162' title='bbox 635 1186 755 1214; x_wconf 62' lang='lat' dir='ltr'><strong>Hebraeis</strong></span> <span class='ocrx_word' id='word_1_163' title='bbox 778 1186 881 1214; x_wconf 85' lang='lat' dir='ltr'><strong>&#39;I&#39;cbeth</strong></span> <span class='ocrx_word' id='word_1_164' title='bbox 909 1195 974 1219; x_wconf 82' lang='lat' dir='ltr'><strong>xlu;</strong></span> 
     </span>
    </p>
   </div>
   <div class='ocr_carea' id='block_1_26' title="bbox 184 1233 977 1268">
    <p class='ocr_par' dir='ltr' id='par_1_26' title="bbox 184 1233 977 1268">
     <span class='ocr_line' id='line_1_26' title="bbox 184 1233 977 1268; baseline -0.005 -4"><span class='ocrx_word' id='word_1_165' title='bbox 184 1236 399 1264; x_wconf 84' lang='lat' dir='ltr'><strong>Atheniensibus</strong></span> <span class='ocrx_word' id='word_1_166' title='bbox 415 1234 641 1262; x_wconf 46' lang='lat' dir='ltr'><strong>Maemacterionis</strong></span> <span class='ocrx_word' id='word_1_167' title='bbox 657 1241 701 1266; x_wconf 82' lang='lat' dir='ltr'><strong>vi;</strong></span> <span class='ocrx_word' id='word_1_168' title='bbox 720 1241 816 1260; x_wconf 91' lang='lat' dir='ltr'><strong>oumes</strong></span> <span class='ocrx_word' id='word_1_169' title='bbox 830 1233 891 1260; x_wconf 90' lang='lat' dir='ltr'><strong>illos</strong></span> <span class='ocrx_word' id='word_1_170' title='bbox 907 1240 977 1268; x_wconf 83' lang='lat' dir='ltr'><strong>quos</strong></span> 
     </span>
    </p>
   </div>
   <div class='ocr_carea' id='block_1_27' title="bbox 184 1279 976 1318">
    <p class='ocr_par' dir='ltr' id='par_1_27' title="bbox 184 1279 976 1318">
     <span class='ocr_line' id='line_1_27' title="bbox 184 1279 976 1318; baseline -0.006 -8"><span class='ocrx_word' id='word_1_171' title='bbox 184 1291 268 1318; x_wconf 70' lang='lat' dir='ltr'><strong>supra</strong></span> <span class='ocrx_word' id='word_1_172' title='bbox 286 1282 477 1309; x_wconf 87' lang='lat' dir='ltr'><strong>recensuimus</strong></span> <span class='ocrx_word' id='word_1_173' title='bbox 504 1288 567 1307; x_wconf 81' lang='lat' dir='ltr'><strong>xxix</strong></span> <span class='ocrx_word' id='word_1_174' title='bbox 583 1280 705 1315; x_wconf 81' lang='lat' dir='ltr'><strong>integros</strong></span> <span class='ocrx_word' id='word_1_175' title='bbox 726 1279 888 1306; x_wconf 89' lang='lat' dir='ltr'><strong>consulatus</strong></span> <span class='ocrx_word' id='word_1_176' title='bbox 912 1287 976 1314; x_wconf 87' lang='lat' dir='ltr'><strong>per-</strong></span> 
     </span>
    </p>
   </div>
   <div class='ocr_carea' id='block_1_28' title="bbox 183 1326 977 1358">
    <p class='ocr_par' dir='ltr' id='par_1_28' title="bbox 183 1326 977 1358">
     <span class='ocr_line' id='line_1_28' title="bbox 183 1326 977 1358; baseline -0.005 -2"><span class='ocrx_word' id='word_1_177' title='bbox 183 1330 282 1356; x_wconf 90' lang='lat' dir='ltr'><strong>currit.</strong></span> <span class='ocrx_word' id='word_1_178' title='bbox 305 1327 362 1356; x_wconf 89' lang='lat' dir='ltr'><strong>Sub</strong></span> <span class='ocrx_word' id='word_1_179' title='bbox 383 1327 524 1354; x_wconf 86' lang='lat' dir='ltr'><strong>tricesimo</strong></span> <span class='ocrx_word' id='word_1_180' title='bbox 542 1326 641 1353; x_wconf 91' lang='lat' dir='ltr'><strong>deinde</strong></span> <span class='ocrx_word' id='word_1_181' title='bbox 661 1327 824 1358; x_wconf 87' lang='lat' dir='ltr'><strong>consulatu,</strong></span> <span class='ocrx_word' id='word_1_182' title='bbox 845 1333 941 1354; x_wconf 82' lang='lat' dir='ltr'><strong>mense</strong></span> <span class='ocrx_word' id='word_1_183' title='bbox 960 1334 977 1352; x_wconf 85' lang='lat' dir='ltr'><strong>x</strong></span> 
     </span>
    </p>
   </div>
   <div class='ocr_carea' id='block_1_29' title="bbox 184 1373 978 1409">
    <p class='ocr_par' dir='ltr' id='par_1_29' title="bbox 184 1373 978 1409">
     <span class='ocr_line' id='line_1_29' title="bbox 184 1373 978 1409; baseline -0.004 -7"><span class='ocrx_word' id='word_1_184' title='bbox 184 1376 218 1403; x_wconf 91' lang='lat' dir='ltr'><strong>ad</strong></span> <span class='ocrx_word' id='word_1_185' title='bbox 240 1375 373 1402; x_wconf 84' lang='lat' dir='ltr'><strong>Joannem</strong></span> <span class='ocrx_word' id='word_1_186' title='bbox 393 1374 528 1406; x_wconf 85' lang='lat' dir='ltr'><strong>accessit,</strong></span> <span class='ocrx_word' id='word_1_187' title='bbox 553 1373 634 1409; x_wconf 67' lang='grc'>447</span> <span class='ocrx_word' id='word_1_188' title='bbox 659 1373 692 1400; x_wconf 92' lang='lat' dir='ltr'><strong>ab</strong></span> <span class='ocrx_word' id='word_1_189' title='bbox 717 1381 803 1408; x_wconf 90' lang='lat' dir='ltr'><strong>eoque</strong></span> <span class='ocrx_word' id='word_1_190' title='bbox 823 1373 978 1408; x_wconf 77' lang='lat' dir='ltr'><strong>baptizatus</strong></span> 
     </span>
    </p>
   </div>
   <div class='ocr_carea' id='block_1_30' title="bbox 183 1417 978 1453">
    <p class='ocr_par' dir='ltr' id='par_1_30' title="bbox 183 1417 978 1453">
     <span class='ocr_line' id='line_1_30' title="bbox 183 1417 978 1453; baseline -0.005 -5"><span class='ocrx_word' id='word_1_191' title='bbox 183 1424 236 1451; x_wconf 85' lang='lat' dir='ltr'><strong>est,</strong></span> <span class='ocrx_word' id='word_1_192' title='bbox 255 1427 351 1446; x_wconf 79' lang='lat' dir='ltr'><strong>annon</strong></span> <span class='ocrx_word' id='word_1_193' title='bbox 367 1419 450 1446; x_wconf 86' lang='lat' dir='ltr'><strong>natali</strong></span> <span class='ocrx_word' id='word_1_194' title='bbox 467 1425 517 1446; x_wconf 92' lang='lat' dir='ltr'><strong>suo</strong></span> <span class='ocrx_word' id='word_1_195' title='bbox 532 1426 596 1449; x_wconf 81' lang='lat' dir='ltr'><strong>xxx,</strong></span> <span class='ocrx_word' id='word_1_196' title='bbox 613 1418 700 1453; x_wconf 85' lang='lat' dir='ltr'><strong>Athyr</strong></span> <span class='ocrx_word' id='word_1_197' title='bbox 716 1418 867 1445; x_wconf 91' lang='lat' dir='ltr'><strong>secundum</strong></span> <span class='ocrx_word' id='word_1_198' title='bbox 891 1417 978 1453; x_wconf 67' lang='lat' dir='ltr'><strong>Egy-</strong></span> 
     </span>
    </p>
   </div>
   <div class='ocr_carea' id='block_1_31' title="bbox 184 1463 978 1501">
    <p class='ocr_par' dir='ltr' id='par_1_31' title="bbox 184 1463 978 1501">
     <span class='ocr_line' id='line_1_31' title="bbox 184 1463 978 1501; baseline -0.003 -8"><span class='ocrx_word' id='word_1_199' title='bbox 184 1467 254 1501; x_wconf 85' lang='lat' dir='ltr'><strong>ptios</strong></span> <span class='ocrx_word' id='word_1_200' title='bbox 268 1474 324 1499; x_wconf 80' lang='lat' dir='ltr'><strong>xu,</strong></span> <span class='ocrx_word' id='word_1_201' title='bbox 346 1474 370 1492; x_wconf 84' lang='lat' dir='ltr'><strong>vr</strong></span> <span class='ocrx_word' id='word_1_202' title='bbox 385 1465 424 1492; x_wconf 84' lang='lat' dir='ltr'><strong>Id.</strong></span> <span class='ocrx_word' id='word_1_203' title='bbox 445 1464 569 1496; x_wconf 81' lang='lat' dir='ltr'><strong>Novem;</strong></span> <span class='ocrx_word' id='word_1_204' title='bbox 585 1464 686 1491; x_wconf 63' lang='lat' dir='ltr'><strong>Graecis</strong></span> <span class='ocrx_word' id='word_1_205' title='bbox 709 1472 774 1492; x_wconf 90' lang='lat' dir='ltr'><strong>vero</strong></span> <span class='ocrx_word' id='word_1_206' title='bbox 789 1465 830 1491; x_wconf 92' lang='lat' dir='ltr'><strong>Dii</strong></span> <span class='ocrx_word' id='word_1_207' title='bbox 846 1472 908 1497; x_wconf 90' lang='lat' dir='ltr'><strong>vtu;</strong></span> <span class='ocrx_word' id='word_1_208' title='bbox 929 1463 978 1491; x_wconf 79' lang='lat' dir='ltr'><strong>Sa-</strong></span> 
     </span>
    </p>
   </div>
   <div class='ocr_carea' id='block_1_32' title="bbox 185 1509 976 1543">
    <p class='ocr_par' dir='ltr' id='par_1_32' title="bbox 185 1509 976 1543">
     <span class='ocr_line' id='line_1_32' title="bbox 185 1509 976 1543; baseline -0.003 -5"><span class='ocrx_word' id='word_1_209' title='bbox 185 1511 322 1543; x_wconf 80' lang='lat' dir='ltr'><strong>laminiis,</strong></span> <span class='ocrx_word' id='word_1_210' title='bbox 351 1512 409 1539; x_wconf 90' lang='lat' dir='ltr'><strong>sive</strong></span> <span class='ocrx_word' id='word_1_211' title='bbox 430 1509 707 1543; x_wconf 83' lang='lat' dir='ltr'><strong>Constantiensibus,</strong></span> <span class='ocrx_word' id='word_1_212' title='bbox 724 1511 796 1538; x_wconf 91' lang='lat' dir='ltr'><strong>tertii</strong></span> <span class='ocrx_word' id='word_1_213' title='bbox 817 1511 920 1537; x_wconf 71' lang='lat' dir='ltr'><strong>Cinnae</strong></span> <span class='ocrx_word' id='word_1_214' title='bbox 933 1517 976 1543; x_wconf 82' lang='lat' dir='ltr'><strong>vi;</strong></span> 
     </span>
    </p>
   </div>
   <div class='ocr_carea' id='block_1_33' title="bbox 184 1557 975 1594">
    <p class='ocr_par' dir='ltr' id='par_1_33' title="bbox 184 1557 975 1594">
     <span class='ocr_line' id='line_1_33' title="bbox 184 1557 975 1594; baseline -0.004 -8"><span class='ocrx_word' id='word_1_215' title='bbox 184 1558 313 1594; x_wconf 83' lang='lat' dir='ltr'><strong>Paphiis,</strong></span> <span class='ocrx_word' id='word_1_216' title='bbox 335 1558 486 1593; x_wconf 77' lang='lat' dir='ltr'><strong>Apogonici</strong></span> <span class='ocrx_word' id='word_1_217' title='bbox 511 1565 573 1590; x_wconf 85' lang='lat' dir='ltr'><strong>va;</strong></span> <span class='ocrx_word' id='word_1_218' title='bbox 602 1557 738 1584; x_wconf 85' lang='lat' dir='ltr'><strong>Arabibus</strong></span> <span class='ocrx_word' id='word_1_219' title='bbox 762 1557 975 1592; x_wconf 82' lang='lat' dir='ltr'><strong>Angalthabaith</strong></span> 
     </span>
    </p>
   </div>
   <div class='ocr_carea' id='block_1_34' title="bbox 185 1603 977 1638">
    <p class='ocr_par' dir='ltr' id='par_1_34' title="bbox 185 1603 977 1638">
     <span class='ocr_line' id='line_1_34' title="bbox 185 1603 977 1638; baseline 0 -7"><span class='ocrx_word' id='word_1_220' title='bbox 185 1612 266 1638; x_wconf 86' lang='lat' dir='ltr'><strong>xxn;</strong></span> <span class='ocrx_word' id='word_1_221' title='bbox 301 1603 496 1631; x_wconf 78' lang='lat' dir='ltr'><strong>Macedonibus</strong></span> <span class='ocrx_word' id='word_1_222' title='bbox 529 1603 639 1638; x_wconf 64' lang='lat' dir='ltr'><strong>Apellaai</strong></span> <span class='ocrx_word' id='word_1_223' title='bbox 674 1611 740 1636; x_wconf 83' lang='lat' dir='ltr'><strong>xvr;</strong></span> <span class='ocrx_word' id='word_1_224' title='bbox 767 1603 977 1638; x_wconf 84' lang='lat' dir='ltr'><strong>Cappadocibus</strong></span> 
     </span>
    </p>
   </div>
   <div class='ocr_carea' id='block_1_35' title="bbox 184 1648 977 1684">
    <p class='ocr_par' dir='ltr' id='par_1_35' title="bbox 184 1648 977 1684">
     <span class='ocr_line' id='line_1_35' title="bbox 184 1648 977 1684; baseline -0.001 -8"><span class='ocrx_word' id='word_1_225' title='bbox 184 1652 304 1677; x_wconf 73' lang='lat' dir='ltr'><strong>Aratatze</strong></span> <span class='ocrx_word' id='word_1_226' title='bbox 323 1658 373 1682; x_wconf 87' lang='lat' dir='ltr'><strong>xv;</strong></span> <span class='ocrx_word' id='word_1_227' title='bbox 394 1649 608 1676; x_wconf 77' lang='lat' dir='ltr'><strong>Atheniensibus</strong></span> <span class='ocrx_word' id='word_1_228' title='bbox 625 1648 830 1684; x_wconf 79' lang='lat' dir='ltr'><strong>Metagitnionis</strong></span> <span class='ocrx_word' id='word_1_229' title='bbox 853 1657 907 1682; x_wconf 86' lang='lat' dir='ltr'><strong>vn;</strong></span> <span class='ocrx_word' id='word_1_230' title='bbox 922 1648 977 1676; x_wconf 85' lang='lat' dir='ltr'><strong>IIe-</strong></span> 
     </span>
    </p>
   </div>
   <div class='ocr_carea' id='block_1_36' title="bbox 185 1693 979 1729">
    <p class='ocr_par' dir='ltr' id='par_1_36' title="bbox 185 1693 979 1729">
     <span class='ocr_line' id='line_1_36' title="bbox 185 1693 979 1729; baseline -0.001 -6"><span class='ocrx_word' id='word_1_231' title='bbox 185 1696 266 1723; x_wconf 68' lang='lat' dir='ltr'><strong>hmis</strong></span> <span class='ocrx_word' id='word_1_232' title='bbox 282 1695 479 1722; x_wconf 83' lang='lat' dir='ltr'><strong>Marchesuvan</strong></span> <span class='ocrx_word' id='word_1_233' title='bbox 498 1703 544 1721; x_wconf 93' lang='lat' dir='ltr'><strong>vu.</strong></span> <span class='ocrx_word' id='word_1_234' title='bbox 554 1695 603 1721; x_wconf 88' lang='lat' dir='ltr'><strong>Cui</strong></span> <span class='ocrx_word' id='word_1_235' title='bbox 620 1693 730 1729; x_wconf 86' lang='lat' dir='ltr'><strong>quidem</strong></span> <span class='ocrx_word' id='word_1_236' title='bbox 743 1695 886 1722; x_wconf 73' lang='lat' dir='ltr'><strong>sententia:</strong></span> <span class='ocrx_word' id='word_1_237' title='bbox 898 1695 979 1722; x_wconf 69' lang='lat' dir='ltr'><strong>Lucae</strong></span> 
     </span>
    </p>
   </div>
   <div class='ocr_carea' id='block_1_37' title="bbox 185 1741 979 1779">
    <p class='ocr_par' dir='ltr' id='par_1_37' title="bbox 185 1741 979 1779">
     <span class='ocr_line' id='line_1_37' title="bbox 185 1741 979 1779; baseline -0.001 -9"><span class='ocrx_word' id='word_1_238' title='bbox 185 1750 295 1779; x_wconf 89' lang='lat' dir='ltr'><strong>quoque</strong></span> <span class='ocrx_word' id='word_1_239' title='bbox 325 1742 493 1777; x_wconf 75' lang='lat' dir='ltr'><strong>sum-agatur</strong></span> <span class='ocrx_word' id='word_1_240' title='bbox 520 1741 718 1776; x_wconf 75' lang='lat' dir='ltr'><strong>Evangelium,</strong></span> <span class='ocrx_word' id='word_1_241' title='bbox 741 1741 770 1768; x_wconf 88' lang='lat' dir='ltr'><strong>in</strong></span> <span class='ocrx_word' id='word_1_242' title='bbox 795 1749 850 1776; x_wconf 90' lang='lat' dir='ltr'><strong>quo</strong></span> <span class='ocrx_word' id='word_1_243' title='bbox 868 1742 920 1769; x_wconf 82' lang='lat' dir='ltr'><strong>ista</strong></span> <span class='ocrx_word' id='word_1_244' title='bbox 940 1742 979 1769; x_wconf 95' lang='lat' dir='ltr'><strong>le-</strong></span> 
     </span>
    </p>
   </div>
   <div class='ocr_carea' id='block_1_38' title="bbox 184 1787 978 1824">
    <p class='ocr_par' dir='ltr' id='par_1_38' title="bbox 184 1787 978 1824">
     <span class='ocr_line' id='line_1_38' title="bbox 184 1787 978 1824; baseline -0.003 -7"><span class='ocrx_word' id='word_1_245' title='bbox 184 1794 288 1824; x_wconf 72' lang='lat' dir='ltr'><strong>guntur</strong></span> <span class='ocrx_word' id='word_1_246' title='bbox 302 1798 308 1816; x_wconf 93' lang='lat'>:</span> <span class='ocrx_word' id='word_1_247' title='bbox 328 1788 392 1815; x_wconf 85' lang='lat' dir='ltr'><strong>Erut</strong></span> <span class='ocrx_word' id='word_1_248' title='bbox 409 1795 497 1815; x_wconf 84' lang='lat' dir='ltr'><strong>autem</strong></span> <span class='ocrx_word' id='word_1_249' title='bbox 508 1787 587 1814; x_wconf 74' lang='lat' dir='ltr'><strong>Iesus</strong></span> <span class='ocrx_word' id='word_1_250' title='bbox 604 1788 731 1822; x_wconf 68' lang='lat' dir='ltr'><strong>incipiens</strong></span> <span class='ocrx_word' id='word_1_251' title='bbox 750 1788 829 1822; x_wconf 81' lang='lat' dir='ltr'><strong>quasi</strong></span> <span class='ocrx_word' id='word_1_252' title='bbox 848 1796 978 1815; x_wconf 83' lang='lat' dir='ltr'><strong>annorum</strong></span> 
     </span>
    </p>
   </div>
   <div class='ocr_carea' id='block_1_39' title="bbox 186 1833 977 1870">
    <p class='ocr_par' dir='ltr' id='par_1_39' title="bbox 186 1833 977 1870">
     <span class='ocr_line' id='line_1_39' title="bbox 186 1833 977 1870; baseline 0 -8"><span class='ocrx_word' id='word_1_253' title='bbox 186 1844 251 1869; x_wconf 80' lang='lat' dir='ltr'><strong>xxx,</strong></span> <span class='ocrx_word' id='word_1_254' title='bbox 266 1835 336 1870; x_wconf 75' lang='lat' dir='ltr'><strong>ﬁlius</strong></span> <span class='ocrx_word' id='word_1_255' title='bbox 347 1855 354 1867; x_wconf 89' lang='lat'><strong>,</strong></span> <span class='ocrx_word' id='word_1_256' title='bbox 383 1839 412 1861; x_wconf 88' lang='lat' dir='ltr'><strong>ut</strong></span> <span class='ocrx_word' id='word_1_257' title='bbox 426 1835 585 1868; x_wconf 82' lang='lat' dir='ltr'><strong>putabatur,</strong></span> <span class='ocrx_word' id='word_1_258' title='bbox 596 1833 693 1868; x_wconf 75' lang='lat' dir='ltr'><strong>Joseph</strong></span> <span class='ocrx_word' id='word_1_259' title='bbox 708 1835 728 1860; x_wconf 83' lang='lat'><strong>&#39;.</strong></span> <span class='ocrx_word' id='word_1_260' title='bbox 749 1834 814 1861; x_wconf 88' lang='lat' dir='ltr'><strong>Post</strong></span> <span class='ocrx_word' id='word_1_261' title='bbox 829 1834 886 1862; x_wconf 76' lang='lat' dir='ltr'><strong>haec</strong></span> <span class='ocrx_word' id='word_1_262' title='bbox 905 1843 921 1862; x_wconf 88' lang='lat' dir='ltr'><strong>a</strong></span> <span class='ocrx_word' id='word_1_263' title='bbox 939 1843 977 1862; x_wconf 82' lang='lat' dir='ltr'><strong>xu</strong></span> 
     </span>
    </p>
   </div>
   <div class='ocr_carea' id='block_1_40' title="bbox 185 1880 977 1917">
    <p class='ocr_par' dir='ltr' id='par_1_40' title="bbox 185 1880 977 1917">
     <span class='ocr_line' id='line_1_40' title="bbox 185 1880 977 1917; baseline -0.001 -7"><span class='ocrx_word' id='word_1_264' title='bbox 185 1883 230 1910; x_wconf 86' lang='lat' dir='ltr'><strong>die</strong></span> <span class='ocrx_word' id='word_1_265' title='bbox 249 1882 336 1917; x_wconf 86' lang='lat' dir='ltr'><strong>Athyr</strong></span> <span class='ocrx_word' id='word_1_266' title='bbox 349 1881 507 1915; x_wconf 64' lang='lat' dir='ltr'><strong>praedicavit</strong></span> <span class='ocrx_word' id='word_1_267' title='bbox 522 1888 623 1907; x_wconf 86' lang='lat' dir='ltr'><strong>annum</strong></span> <span class='ocrx_word' id='word_1_268' title='bbox 641 1881 836 1915; x_wconf 87' lang='lat' dir='ltr'><strong>acceptabilem</strong></span> <span class='ocrx_word' id='word_1_269' title='bbox 853 1880 977 1914; x_wconf 89' lang='lat' dir='ltr'><strong>Domini,</strong></span> 
     </span>
    </p>
   </div>
   <div class='ocr_carea' id='block_1_41' title="bbox 185 1926 977 1964">
    <p class='ocr_par' dir='ltr' id='par_1_41' title="bbox 185 1926 977 1964">
     <span class='ocr_line' id='line_1_41' title="bbox 185 1926 977 1964; baseline -0.001 -9"><span class='ocrx_word' id='word_1_270' title='bbox 185 1928 414 1964; x_wconf 88' lang='lat' dir='ltr'><strong>quemadmodum</strong></span> <span class='ocrx_word' id='word_1_271' title='bbox 465 1926 549 1954; x_wconf 88' lang='lat' dir='ltr'><strong>Isaias</strong></span> <span class='ocrx_word' id='word_1_272' title='bbox 594 1926 727 1961; x_wconf 70' lang='lat' dir='ltr'><strong>propheta</strong></span> <span class='ocrx_word' id='word_1_273' title='bbox 778 1927 977 1962; x_wconf 67' lang='lat' dir='ltr'><strong>praedixerat:</strong></span> 
     </span>
    </p>
   </div>
   <div class='ocr_carea' id='block_1_42' title="bbox 186 1972 976 2009">
    <p class='ocr_par' dir='ltr' id='par_1_42' title="bbox 186 1972 976 2009">
     <span class='ocr_line' id='line_1_42' title="bbox 186 1972 976 2009; baseline -0.004 -7"><span class='ocrx_word' id='word_1_274' title='bbox 186 1975 304 2009; x_wconf 78' lang='lat' dir='ltr'><strong>Spiritus</strong></span> <span class='ocrx_word' id='word_1_275' title='bbox 323 1973 430 2000; x_wconf 85' lang='lat' dir='ltr'><strong>Domini</strong></span> <span class='ocrx_word' id='word_1_276' title='bbox 450 1981 529 2007; x_wconf 80' lang='lat' dir='ltr'><strong>super</strong></span> <span class='ocrx_word' id='word_1_277' title='bbox 545 1980 603 2004; x_wconf 87' lang='lat' dir='ltr'><strong>me;</strong></span> <span class='ocrx_word' id='word_1_278' title='bbox 624 1980 671 2006; x_wconf 87' lang='lat' dir='ltr'><strong>pro</strong></span> <span class='ocrx_word' id='word_1_279' title='bbox 687 1980 716 1998; x_wconf 83' lang='lat' dir='ltr'><strong>eo</strong></span> <span class='ocrx_word' id='word_1_280' title='bbox 737 1972 807 2007; x_wconf 84' lang='lat' dir='ltr'><strong>quod</strong></span> <span class='ocrx_word' id='word_1_281' title='bbox 826 1973 902 1999; x_wconf 71' lang='lat' dir='ltr'><strong>unxit</strong></span> <span class='ocrx_word' id='word_1_282' title='bbox 921 1981 976 2004; x_wconf 86' lang='lat' dir='ltr'><strong>me,</strong></span> 
     </span>
    </p>
   </div>
   <div class='ocr_carea' id='block_1_43' title="bbox 185 2018 979 2055">
    <p class='ocr_par' dir='ltr' id='par_1_43' title="bbox 185 2018 979 2055">
     <span class='ocr_line' id='line_1_43' title="bbox 185 2018 979 2055; baseline -0.003 -7"><span class='ocrx_word' id='word_1_283' title='bbox 185 2021 366 2055; x_wconf 70' lang='lat' dir='ltr'><strong>evangelium</strong></span> <span class='ocrx_word' id='word_1_284' title='bbox 387 2019 546 2054; x_wconf 76' lang='lat' dir='ltr'><strong>pauperibus</strong></span> <span class='ocrx_word' id='word_1_285' title='bbox 562 2018 635 2045; x_wconf 78' lang='lat' dir='ltr'><strong>misit</strong></span> <span class='ocrx_word' id='word_1_286' title='bbox 650 2025 713 2050; x_wconf 81' lang='lat' dir='ltr'><strong>me;</strong></span> <span class='ocrx_word' id='word_1_287' title='bbox 730 2019 876 2052; x_wconf 59' lang='lat' dir='ltr'><strong>praedicare</strong></span> <span class='ocrx_word' id='word_1_288' title='bbox 895 2020 979 2053; x_wconf 81' lang='lat' dir='ltr'><strong>capti-</strong></span> 
     </span>
    </p>
   </div>
   <div class='ocr_carea' id='block_1_44' title="bbox 187 2065 980 2100">
    <p class='ocr_par' dir='ltr' id='par_1_44' title="bbox 187 2065 980 2100">
     <span class='ocr_line' id='line_1_44' title="bbox 187 2065 980 2100; baseline -0.003 -6"><span class='ocrx_word' id='word_1_289' title='bbox 187 2069 226 2094; x_wconf 75' lang='lat' dir='ltr'><strong>uis</strong></span> <span class='ocrx_word' id='word_1_290' title='bbox 243 2067 423 2094; x_wconf 80' lang='lat' dir='ltr'><strong>remissionem</strong></span> <span class='ocrx_word' id='word_1_291' title='bbox 451 2070 618 2100; x_wconf 79' lang='lat' dir='ltr'><strong>peccatorum</strong></span> <span class='ocrx_word' id='word_1_292' title='bbox 631 2085 637 2095; x_wconf 84' lang='lat'><strong>.</strong></span> <span class='ocrx_word' id='word_1_293' title='bbox 655 2070 679 2091; x_wconf 87' lang='lat' dir='ltr'><strong>et</strong></span> <span class='ocrx_word' id='word_1_294' title='bbox 691 2065 767 2091; x_wconf 71' lang='lat' dir='ltr'><strong>cu&#39;cis</strong></span> <span class='ocrx_word' id='word_1_295' title='bbox 788 2065 889 2096; x_wconf 79' lang='lat' dir='ltr'><strong>risum;</strong></span> <span class='ocrx_word' id='word_1_296' title='bbox 912 2073 980 2099; x_wconf 78' lang='lat' dir='ltr'><strong>pra:-</strong></span> 
     </span>
    </p>
   </div>
   <div class='ocr_carea' id='block_1_45' title="bbox 186 2111 981 2146">
    <p class='ocr_par' dir='ltr' id='par_1_45' title="bbox 186 2111 981 2146">
     <span class='ocr_line' id='line_1_45' title="bbox 186 2111 981 2146; baseline -0.003 -6"><span class='ocrx_word' id='word_1_297' title='bbox 186 2115 277 2141; x_wconf 82' lang='lat' dir='ltr'><strong>dicare</strong></span> <span class='ocrx_word' id='word_1_298' title='bbox 293 2121 391 2140; x_wconf 85' lang='lat' dir='ltr'><strong>annum</strong></span> <span class='ocrx_word' id='word_1_299' title='bbox 415 2111 525 2139; x_wconf 79' lang='lat' dir='ltr'><strong>Domini</strong></span> <span class='ocrx_word' id='word_1_300' title='bbox 544 2111 745 2146; x_wconf 75' lang='lat' dir='ltr'><strong>uccuptubilem,</strong></span> <span class='ocrx_word' id='word_1_301' title='bbox 769 2116 794 2138; x_wconf 83' lang='lat' dir='ltr'><strong>et</strong></span> <span class='ocrx_word' id='word_1_302' title='bbox 818 2112 887 2138; x_wconf 82' lang='lat' dir='ltr'><strong>diem</strong></span> <span class='ocrx_word' id='word_1_303' title='bbox 906 2112 981 2138; x_wconf 81' lang='lat' dir='ltr'><strong>retri-</strong></span> 
     </span>
    </p>
   </div>
   <div class='ocr_carea' id='block_1_46' title="bbox 186 2159 334 2187">
    <p class='ocr_par' dir='ltr' id='par_1_46' title="bbox 186 2159 334 2187">
     <span class='ocr_line' id='line_1_46' title="bbox 186 2159 334 2187; baseline 0 0"><span class='ocrx_word' id='word_1_304' title='bbox 186 2160 301 2187; x_wconf 77' lang='lat' dir='ltr'><strong>butionis</strong></span> <span class='ocrx_word' id='word_1_305' title='bbox 314 2159 334 2187; x_wconf 83' lang='lat'><strong>&#39;.</strong></span> 
     </span>
    </p>
   </div>
   <div class='ocr_carea' id='block_1_47' title="bbox 1026 227 1824 265">
    <p class='ocr_par' dir='ltr' id='par_1_47' title="bbox 1026 227 1824 265">
     <span class='ocr_line' id='line_1_47' title="bbox 1026 227 1824 265; baseline -0.001 -10"><span class='ocrx_word' id='word_1_306' title='bbox 1026 231 1055 256; x_wconf 77' lang='grc' dir='ltr'>ἐν</span> <span class='ocrx_word' id='word_1_307' title='bbox 1065 229 1104 264; x_wconf 90' lang='grc' dir='ltr'><strong>τῷ</strong></span> <span class='ocrx_word' id='word_1_308' title='bbox 1115 229 1270 265; x_wconf 79' lang='grc' dir='ltr'><strong>τριακοστῷ</strong></span> <span class='ocrx_word' id='word_1_309' title='bbox 1279 229 1364 264; x_wconf 80' lang='grc' dir='ltr'>τρίτῳ</span> <span class='ocrx_word' id='word_1_310' title='bbox 1375 229 1430 255; x_wconf 76' lang='grc' dir='ltr'>ἔτει</span> <span class='ocrx_word' id='word_1_311' title='bbox 1443 229 1492 264; x_wconf 83' lang='grc' dir='ltr'>τῆς</span> <span class='ocrx_word' id='word_1_312' title='bbox 1506 228 1588 256; x_wconf 74' lang='grc' dir='ltr'>αὑτοῦ</span> <span class='ocrx_word' id='word_1_313' title='bbox 1601 228 1798 264; x_wconf 78' lang='grc' dir='ltr'>ὲνσαρκώσεως</span> <span class='ocrx_word' id='word_1_314' title='bbox 1808 227 1824 244; x_wconf 71' lang='grc'><strong><em>⁵</em></strong></span> 
     </span>
    </p>
   </div>
   <div class='ocr_carea' id='block_1_48' title="bbox 1026 272 1824 310">
    <p class='ocr_par' dir='ltr' id='par_1_48' title="bbox 1026 272 1824 310">
     <span class='ocr_line' id='line_1_48' title="bbox 1026 272 1824 310; baseline -0.003 -10"><span class='ocrx_word' id='word_1_315' title='bbox 1026 275 1178 310; x_wconf 74' lang='grc' dir='ltr'>παρουσίας</span> <span class='ocrx_word' id='word_1_316' title='bbox 1194 274 1307 309; x_wconf 79' lang='grc' dir='ltr'><strong>πάσχων</strong></span> <span class='ocrx_word' id='word_1_317' title='bbox 1321 275 1335 300; x_wconf 87' lang='grc' dir='ltr'><strong>ὀ</strong></span> <span class='ocrx_word' id='word_1_318' title='bbox 1355 274 1517 309; x_wconf 82' lang='grc' dir='ltr'>Μονογενὴς,</span> <span class='ocrx_word' id='word_1_319' title='bbox 1535 272 1643 309; x_wconf 81' lang='grc' dir='ltr'>ἀπαθὴς</span> <span class='ocrx_word' id='word_1_320' title='bbox 1657 272 1696 299; x_wconf 84' lang='grc' dir='ltr'><strong>ὢν</strong></span> <span class='ocrx_word' id='word_1_321' title='bbox 1715 272 1824 299; x_wconf 79' lang='grc' dir='ltr'>ἄνωθεν</span> 
     </span>
    </p>
   </div>
   <div class='ocr_carea' id='block_1_49' title="bbox 1024 319 1822 356">
    <p class='ocr_par' dir='ltr' id='par_1_49' title="bbox 1024 319 1822 356">
     <span class='ocr_line' id='line_1_49' title="bbox 1024 319 1822 356; baseline -0.003 -10"><span class='ocrx_word' id='word_1_322' title='bbox 1024 319 1090 352; x_wconf 81' lang='grc' dir='ltr'>Θεὸς</span> <span class='ocrx_word' id='word_1_323' title='bbox 1105 320 1201 354; x_wconf 82' lang='grc' dir='ltr'><strong>Λόγος,</strong></span> <span class='ocrx_word' id='word_1_324' title='bbox 1220 320 1309 356; x_wconf 80' lang='grc' dir='ltr'>σάρκα</span> <span class='ocrx_word' id='word_1_325' title='bbox 1322 320 1351 346; x_wconf 78' lang='grc' dir='ltr'>δὲ</span> <span class='ocrx_word' id='word_1_326' title='bbox 1364 319 1563 354; x_wconf 80' lang='grc' dir='ltr'><strong>ἀναδεξάμενος</strong></span> <span class='ocrx_word' id='word_1_327' title='bbox 1575 319 1645 355; x_wconf 81' lang='grc' dir='ltr'>ὑπὲρ</span> <span class='ocrx_word' id='word_1_328' title='bbox 1666 319 1744 353; x_wconf 81' lang='grc' dir='ltr'><strong>ὴμῶν</strong></span> <span class='ocrx_word' id='word_1_329' title='bbox 1765 327 1822 344; x_wconf 79' lang='grc' dir='ltr'>πα-</span> 
     </span>
    </p>
   </div>
   <div class='ocr_carea' id='block_1_50' title="bbox 1025 364 1823 399">
    <p class='ocr_par' dir='ltr' id='par_1_50' title="bbox 1025 364 1823 399">
     <span class='ocr_line' id='line_1_50' title="bbox 1025 364 1823 399; baseline -0.003 -7"><span class='ocrx_word' id='word_1_330' title='bbox 1025 365 1081 392; x_wconf 87' lang='grc' dir='ltr'><strong>οεῖν</strong></span> <span class='ocrx_word' id='word_1_331' title='bbox 1092 365 1263 399; x_wconf 77' lang='grc' dir='ltr'><strong>κατεδέξατο,</strong></span> <span class='ocrx_word' id='word_1_332' title='bbox 1274 366 1316 392; x_wconf 79' lang='grc' dir='ltr'><strong>ἵνα</strong></span> <span class='ocrx_word' id='word_1_333' title='bbox 1333 365 1380 392; x_wconf 72' lang='grc' dir='ltr'>τοῦ</span> <span class='ocrx_word' id='word_1_334' title='bbox 1395 365 1510 392; x_wconf 81' lang='grc' dir='ltr'>θανάτου</span> <span class='ocrx_word' id='word_1_335' title='bbox 1535 365 1566 391; x_wconf 80' lang='grc' dir='ltr'>τὸ</span> <span class='ocrx_word' id='word_1_336' title='bbox 1594 364 1656 391; x_wconf 80' lang='grc' dir='ltr'>καθ’</span> <span class='ocrx_word' id='word_1_337' title='bbox 1668 364 1748 399; x_wconf 81' lang='grc' dir='ltr'>ἡμῶν</span> <span class='ocrx_word' id='word_1_338' title='bbox 1761 372 1823 399; x_wconf 84' lang='grc' dir='ltr'>χει-</span> 
     </span>
    </p>
   </div>
   <div class='ocr_carea' id='block_1_51' title="bbox 1026 404 1822 448">
    <p class='ocr_par' dir='ltr' id='par_1_51' title="bbox 1026 404 1822 448">
     <span class='ocr_line' id='line_1_51' title="bbox 1026 404 1822 448; baseline -0.004 -9"><span class='ocrx_word' id='word_1_339' title='bbox 1026 413 1162 448; x_wconf 78' lang='grc' dir='ltr'>ρόγραφον</span> <span class='ocrx_word' id='word_1_340' title='bbox 1186 412 1266 447; x_wconf 81' lang='grc' dir='ltr'>λύσῃ.</span> <span class='ocrx_word' id='word_1_341' title='bbox 1295 412 1362 438; x_wconf 73' lang='grc' dir='ltr'>Μετ’</span> <span class='ocrx_word' id='word_1_342' title='bbox 1375 404 1484 446; x_wconf 70' lang='grc' dir='ltr'>ἐκείνην</span> <span class='ocrx_word' id='word_1_343' title='bbox 1500 411 1555 448; x_wconf 79' lang='grc' dir='ltr'><strong>γὰρ</strong></span> <span class='ocrx_word' id='word_1_344' title='bbox 1574 411 1624 446; x_wconf 80' lang='grc' dir='ltr'>τὴν</span> <span class='ocrx_word' id='word_1_345' title='bbox 1643 409 1776 437; x_wconf 77' lang='grc' dir='ltr'><strong>ὑπατείαν</strong></span> <span class='ocrx_word' id='word_1_346' title='bbox 1790 411 1822 436; x_wconf 80' lang='grc' dir='ltr'>ὲν</span> 
     </span>
    </p>
   </div>
   <div class='ocr_carea' id='block_1_52' title="bbox 1023 457 1821 495">
    <p class='ocr_par' dir='ltr' id='par_1_52' title="bbox 1023 457 1821 495">
     <span class='ocr_line' id='line_1_52' title="bbox 1023 457 1821 495; baseline -0.005 -9"><span class='ocrx_word' id='word_1_347' title='bbox 1023 459 1063 495; x_wconf 82' lang='grc' dir='ltr'><strong>τῷ</strong></span> <span class='ocrx_word' id='word_1_348' title='bbox 1082 459 1236 495; x_wconf 72' lang='grc' dir='ltr'><strong>τριακοστῷ</strong></span> <span class='ocrx_word' id='word_1_349' title='bbox 1260 458 1315 485; x_wconf 76' lang='grc' dir='ltr'>ἔτει</span> <span class='ocrx_word' id='word_1_350' title='bbox 1337 459 1419 486; x_wconf 78' lang='grc' dir='ltr'>αὑτοῦ</span> <span class='ocrx_word' id='word_1_351' title='bbox 1435 458 1638 494; x_wconf 83' lang='grc' dir='ltr'><strong>σημαινομένην</strong></span> <span class='ocrx_word' id='word_1_352' title='bbox 1659 457 1727 492; x_wconf 79' lang='grc' dir='ltr'>ἄλλη</span> <span class='ocrx_word' id='word_1_353' title='bbox 1747 458 1821 484; x_wconf 84' lang='grc' dir='ltr'>ὐπα-</span> 
     </span>
    </p>
   </div>
   <div class='ocr_carea' id='block_1_53' title="bbox 1024 502 1820 540">
    <p class='ocr_par' dir='ltr' id='par_1_53' title="bbox 1024 502 1820 540">
     <span class='ocr_line' id='line_1_53' title="bbox 1024 502 1820 540; baseline -0.003 -9"><span class='ocrx_word' id='word_1_354' title='bbox 1024 505 1083 532; x_wconf 84' lang='grc' dir='ltr'>τεία</span> <span class='ocrx_word' id='word_1_355' title='bbox 1096 505 1203 539; x_wconf 86' lang='grc' dir='ltr'>γέγονε,</span> <span class='ocrx_word' id='word_1_356' title='bbox 1222 504 1355 540; x_wconf 79' lang='grc' dir='ltr'><strong>λεγομένη</strong></span> <span class='ocrx_word' id='word_1_357' title='bbox 1375 505 1430 531; x_wconf 83' lang='grc' dir='ltr'>τῶν</span> <span class='ocrx_word' id='word_1_358' title='bbox 1447 504 1493 530; x_wconf 79' lang='grc' dir='ltr'>δύο</span> <span class='ocrx_word' id='word_1_359' title='bbox 1509 503 1639 540; x_wconf 85' lang='grc' dir='ltr'>Γεμηνῶν</span> <span class='ocrx_word' id='word_1_360' title='bbox 1649 511 1656 519; x_wconf 81' lang='lat'><strong><em>°</em></strong></span> <span class='ocrx_word' id='word_1_361' title='bbox 1669 502 1729 529; x_wconf 81' lang='grc' dir='ltr'>εἶτα</span> <span class='ocrx_word' id='word_1_362' title='bbox 1750 502 1820 538; x_wconf 58' lang='grc' dir='ltr'>ἄλλη</span> 
     </span>
    </p>
   </div>
   <div class='ocr_carea' id='block_1_54' title="bbox 1024 548 1821 584">
    <p class='ocr_par' dir='ltr' id='par_1_54' title="bbox 1024 548 1821 584">
     <span class='ocr_line' id='line_1_54' title="bbox 1024 548 1821 584; baseline -0.004 -7"><span class='ocrx_word' id='word_1_363' title='bbox 1024 551 1141 578; x_wconf 76' lang='grc' dir='ltr'>ὑπατεία</span> <span class='ocrx_word' id='word_1_364' title='bbox 1165 549 1279 584; x_wconf 70' lang='grc' dir='ltr'>Ῥούφου</span> <span class='ocrx_word' id='word_1_365' title='bbox 1294 551 1340 577; x_wconf 71' lang='grc' dir='ltr'><strong>καὶ</strong></span> <span class='ocrx_word' id='word_1_366' title='bbox 1363 550 1579 582; x_wconf 79' lang='grc' dir='ltr'>Ῥουδελλίωνος.</span> <span class='ocrx_word' id='word_1_367' title='bbox 1596 550 1651 576; x_wconf 70' lang='grc' dir='ltr'><strong>Καὶ</strong></span> <span class='ocrx_word' id='word_1_368' title='bbox 1666 548 1752 580; x_wconf 76' lang='grc' dir='ltr'>οὕτως</span> <span class='ocrx_word' id='word_1_369' title='bbox 1770 557 1821 584; x_wconf 86' lang='grc' dir='ltr'>με-</span> 
     </span>
    </p>
   </div>
   <div class='ocr_carea' id='block_1_55' title="bbox 1023 596 1821 633">
    <p class='ocr_par' dir='ltr' id='par_1_55' title="bbox 1023 596 1821 633">
     <span class='ocr_line' id='line_1_55' title="bbox 1023 596 1821 633; baseline -0.003 -9"><span class='ocrx_word' id='word_1_370' title='bbox 1023 597 1159 632; x_wconf 81' lang='grc' dir='ltr'>ταζοὺσης</span> <span class='ocrx_word' id='word_1_371' title='bbox 1178 596 1228 632; x_wconf 84' lang='grc' dir='ltr'>τῆς</span> <span class='ocrx_word' id='word_1_372' title='bbox 1255 597 1386 629; x_wconf 81' lang='grc' dir='ltr'><strong>ὑπατείας</strong></span> <span class='ocrx_word' id='word_1_373' title='bbox 1397 597 1446 632; x_wconf 87' lang='grc' dir='ltr'><strong>τῆς</strong></span> <span class='ocrx_word' id='word_1_374' title='bbox 1460 597 1527 633; x_wconf 84' lang='grc' dir='ltr'>μετὰ</span> <span class='ocrx_word' id='word_1_375' title='bbox 1537 596 1585 632; x_wconf 82' lang='grc' dir='ltr'>τὴν</span> <span class='ocrx_word' id='word_1_376' title='bbox 1596 596 1727 623; x_wconf 86' lang='grc' dir='ltr'>ὑπατείαν</span> <span class='ocrx_word' id='word_1_377' title='bbox 1745 596 1821 621; x_wconf 85' lang='grc' dir='ltr'>Ῥου-</span> 
     </span>
    </p>
   </div>
   <div class='ocr_carea' id='block_1_56' title="bbox 1025 641 1818 679">
    <p class='ocr_par' dir='ltr' id='par_1_56' title="bbox 1025 641 1818 679">
     <span class='ocr_line' id='line_1_56' title="bbox 1025 641 1818 679; baseline -0.003 -9"><span class='ocrx_word' id='word_1_378' title='bbox 1025 643 1179 674; x_wconf 81' lang='grc' dir='ltr'>6ελλίωνος,</span> <span class='ocrx_word' id='word_1_379' title='bbox 1189 643 1251 678; x_wconf 77' lang='grc' dir='ltr'>ἥτις</span> <span class='ocrx_word' id='word_1_380' title='bbox 1267 643 1380 679; x_wconf 80' lang='grc' dir='ltr'>ὓστερον</span> <span class='ocrx_word' id='word_1_381' title='bbox 1397 641 1478 679; x_wconf 76' lang='grc' dir='ltr'>ἦλθεν</span> <span class='ocrx_word' id='word_1_382' title='bbox 1490 643 1642 670; x_wconf 77' lang='grc' dir='ltr'>Οὑῖννικίου</span> <span class='ocrx_word' id='word_1_383' title='bbox 1653 642 1818 678; x_wconf 77' lang='grc' dir='ltr'><strong>καλουμένη,</strong></span> 
     </span>
    </p>
   </div>
   <div class='ocr_carea' id='block_1_57' title="bbox 1024 687 1820 724">
    <p class='ocr_par' dir='ltr' id='par_1_57' title="bbox 1024 687 1820 724">
     <span class='ocr_line' id='line_1_57' title="bbox 1024 687 1820 724; baseline -0.003 -9"><span class='ocrx_word' id='word_1_384' title='bbox 1024 689 1071 715; x_wconf 59' lang='grc' dir='ltr'><strong>καί¹</strong></span> <span class='ocrx_word' id='word_1_385' title='bbox 1086 689 1219 722; x_wconf 84' lang='grc' dir='ltr'>Λογγίνου</span> <span class='ocrx_word' id='word_1_386' title='bbox 1232 689 1365 721; x_wconf 80' lang='grc' dir='ltr'>Κασσίου,</span> <span class='ocrx_word' id='word_1_387' title='bbox 1380 689 1480 724; x_wconf 78' lang='grc' dir='ltr'>πάσχει</span> <span class='ocrx_word' id='word_1_388' title='bbox 1490 689 1504 714; x_wconf 87' lang='grc' dir='ltr'>ὁ</span> <span class='ocrx_word' id='word_1_389' title='bbox 1517 688 1613 724; x_wconf 83' lang='grc' dir='ltr'>Σωτὴρ</span> <span class='ocrx_word' id='word_1_390' title='bbox 1627 689 1654 714; x_wconf 80' lang='grc' dir='ltr'><strong>ὲν</strong></span> <span class='ocrx_word' id='word_1_391' title='bbox 1667 689 1701 724; x_wconf 82' lang='grc' dir='ltr'>τῇ</span> <span class='ocrx_word' id='word_1_392' title='bbox 1716 687 1768 723; x_wconf 76' lang='grc' dir='ltr'><strong>πρὸ</strong></span> <span class='ocrx_word' id='word_1_393' title='bbox 1784 690 1820 722; x_wconf 87' lang='grc' dir='ltr'><strong>ιγ’</strong></span> 
     </span>
    </p>
   </div>
   <div class='ocr_carea' id='block_1_58' title="bbox 1024 734 1821 771">
    <p class='ocr_par' dir='ltr' id='par_1_58' title="bbox 1024 734 1821 771">
     <span class='ocr_line' id='line_1_58' title="bbox 1024 734 1821 771; baseline -0.003 -9"><span class='ocrx_word' id='word_1_394' title='bbox 1024 735 1171 762; x_wconf 80' lang='grc' dir='ltr'><strong>Καλανδῶν</strong></span> <span class='ocrx_word' id='word_1_395' title='bbox 1180 735 1353 770; x_wconf 74' lang='grc' dir='ltr'>Ἀπριλλίων.</span> <span class='ocrx_word' id='word_1_396' title='bbox 1367 736 1423 762; x_wconf 74' lang='grc' dir='ltr'>Καὶ</span> <span class='ocrx_word' id='word_1_397' title='bbox 1441 735 1601 771; x_wconf 84' lang='grc' dir='ltr'>ὲλήλεγκται</span> <span class='ocrx_word' id='word_1_398' title='bbox 1616 735 1717 761; x_wconf 82' lang='grc' dir='ltr'>τούτων</span> <span class='ocrx_word' id='word_1_399' title='bbox 1731 734 1821 761; x_wconf 64' lang='grc' dir='ltr'>ἁπάνν</span> 
     </span>
    </p>
   </div>
   <div class='ocr_carea' id='block_1_59' title="bbox 1023 779 1821 817">
    <p class='ocr_par' dir='ltr' id='par_1_59' title="bbox 1023 779 1821 817">
     <span class='ocr_line' id='line_1_59' title="bbox 1023 779 1821 817; baseline -0.003 -9"><span class='ocrx_word' id='word_1_400' title='bbox 1023 790 1077 808; x_wconf 87' lang='grc' dir='ltr'>των</span> <span class='ocrx_word' id='word_1_401' title='bbox 1088 782 1104 816; x_wconf 88' lang='grc' dir='ltr'>ὴ</span> <span class='ocrx_word' id='word_1_402' title='bbox 1121 780 1221 814; x_wconf 78' lang='grc' dir='ltr'>πλάνη,</span> <span class='ocrx_word' id='word_1_403' title='bbox 1236 780 1436 817; x_wconf 79' lang='grc' dir='ltr'>εὐριοκομένης</span> <span class='ocrx_word' id='word_1_404' title='bbox 1448 781 1540 815; x_wconf 77' lang='grc' dir='ltr'>σαφῶς</span> <span class='ocrx_word' id='word_1_405' title='bbox 1553 780 1602 816; x_wconf 78' lang='grc' dir='ltr'>τῆς</span> <span class='ocrx_word' id='word_1_406' title='bbox 1613 780 1684 807; x_wconf 75' lang='grc' dir='ltr'>κατὰ</span> <span class='ocrx_word' id='word_1_407' title='bbox 1696 780 1745 816; x_wconf 78' lang='grc' dir='ltr'><strong>τὴν</strong></span> <span class='ocrx_word' id='word_1_408' title='bbox 1755 779 1821 814; x_wconf 71' lang='grc' dir='ltr'><strong>ἀλή-</strong></span> 
     </span>
    </p>
   </div>
   <div class='ocr_carea' id='block_1_60' title="bbox 1025 826 1822 862">
    <p class='ocr_par' dir='ltr' id='par_1_60' title="bbox 1025 826 1822 862">
     <span class='ocr_line' id='line_1_60' title="bbox 1025 826 1822 862; baseline -0.006 -6"><span class='ocrx_word' id='word_1_409' title='bbox 1025 829 1102 856; x_wconf 83' lang='grc' dir='ltr'>θειαν</span> <span class='ocrx_word' id='word_1_410' title='bbox 1116 829 1302 860; x_wconf 87' lang='grc' dir='ltr'>διδασκαλίας,</span> <span class='ocrx_word' id='word_1_411' title='bbox 1315 828 1351 859; x_wconf 84' lang='grc' dir='ltr'>ὡς</span> <span class='ocrx_word' id='word_1_412' title='bbox 1369 827 1400 853; x_wconf 78' lang='grc' dir='ltr'>οὺ</span> <span class='ocrx_word' id='word_1_413' title='bbox 1415 827 1493 862; x_wconf 81' lang='grc' dir='ltr'>μόνον</span> <span class='ocrx_word' id='word_1_414' title='bbox 1508 827 1554 853; x_wconf 72' lang='grc' dir='ltr'>δύο</span> <span class='ocrx_word' id='word_1_415' title='bbox 1570 826 1674 862; x_wconf 82' lang='grc' dir='ltr'>χρόνων</span> <span class='ocrx_word' id='word_1_416' title='bbox 1695 826 1822 861; x_wconf 77' lang='grc' dir='ltr'>περίοδος</span> 
     </span>
    </p>
   </div>
   <div class='ocr_carea' id='block_1_61' title="bbox 991 869 1822 910">
    <p class='ocr_par' dir='ltr' id='par_1_61' title="bbox 991 869 1822 910">
     <span class='ocr_line' id='line_1_61' title="bbox 991 869 1822 910; baseline -0.006 -8"><span class='ocrx_word' id='word_1_417' title='bbox 991 869 1011 898; x_wconf 79' lang='grc' dir='ltr'><strong><em>Β</em></strong></span> <span class='ocrx_word' id='word_1_418' title='bbox 1026 875 1141 910; x_wconf 85' lang='grc' dir='ltr'>Πασχῶν</span> <span class='ocrx_word' id='word_1_419' title='bbox 1165 875 1194 901; x_wconf 84' lang='grc' dir='ltr'><strong>ὲν</strong></span> <span class='ocrx_word' id='word_1_420' title='bbox 1216 875 1272 905; x_wconf 85' lang='grc' dir='ltr'>τοῖς</span> <span class='ocrx_word' id='word_1_421' title='bbox 1296 871 1474 906; x_wconf 83' lang='grc' dir='ltr'>Εὑαγγελίοις</span> <span class='ocrx_word' id='word_1_422' title='bbox 1497 871 1658 907; x_wconf 74' lang='grc' dir='ltr'>ἐμφέρεται,</span> <span class='ocrx_word' id='word_1_423' title='bbox 1679 871 1747 898; x_wconf 82' lang='grc' dir='ltr'>ἀλλὰ</span> <span class='ocrx_word' id='word_1_424' title='bbox 1771 871 1822 897; x_wconf 69' lang='grc' dir='ltr'><strong>καὶ</strong></span> 
     </span>
    </p>
   </div>
   <div class='ocr_carea' id='block_1_62' title="bbox 1024 930 1117 948">
    <p class='ocr_par' dir='ltr' id='par_1_62' title="bbox 1024 930 1117 948">
     <span class='ocr_line' id='line_1_62' title="bbox 1024 930 1117 948; baseline 0.011 -1"><span class='ocrx_word' id='word_1_425' title='bbox 1024 930 1117 948; x_wconf 79' lang='grc' dir='ltr'>τοιων.</span> 
     </span>
    </p>
   </div>
   <div class='ocr_carea' id='block_1_63' title="bbox 1042 931 1823 1001">
    <p class='ocr_par' dir='ltr' id='par_1_63' title="bbox 1042 931 1823 1001">
     <span class='ocr_line' id='line_1_63' title="bbox 1061 931 1117 948; baseline 0.018 -1"><span class='ocrx_word' id='word_1_426' title='bbox 1061 931 1117 948; x_wconf 86' lang='grc' dir='ltr'>ιων.</span> 
     </span>
     <span class='ocr_line' id='line_1_64' title="bbox 1042 931 1823 1001; baseline -0.006 -7"><span class='ocrx_word' id='word_1_427' title='bbox 1042 931 1123 994; x_wconf 73' lang='grc' dir='ltr'>ρΚΔ¹.</span> <span class='ocrx_word' id='word_1_428' title='bbox 1145 965 1325 1001; x_wconf 83' lang='grc' dir='ltr'>Γεννηθέντος</span> <span class='ocrx_word' id='word_1_429' title='bbox 1336 965 1391 1000; x_wconf 77' lang='grc' dir='ltr'><strong>γὰρ</strong></span> <span class='ocrx_word' id='word_1_430' title='bbox 1403 963 1486 991; x_wconf 78' lang='grc' dir='ltr'>αὑτοῦ</span> <span class='ocrx_word' id='word_1_431' title='bbox 1504 964 1569 1000; x_wconf 72' lang='grc' dir='ltr'>περὶ</span> <span class='ocrx_word' id='word_1_432' title='bbox 1580 963 1626 990; x_wconf 81' lang='grc' dir='ltr'><strong>τὸν</strong></span> <span class='ocrx_word' id='word_1_433' title='bbox 1640 963 1823 998; x_wconf 74' lang='grc' dir='ltr'>Ἰαννουάριον</span> 
     </span>
    </p>
   </div>
   <div class='ocr_carea' id='block_1_64' title="bbox 1027 1009 1823 1050">
    <p class='ocr_par' dir='ltr' id='par_1_64' title="bbox 1027 1009 1823 1050">
     <span class='ocr_line' id='line_1_65' title="bbox 1027 1009 1823 1050; baseline -0.008 -10"><span class='ocrx_word' id='word_1_434' title='bbox 1027 1013 1110 1050; x_wconf 79' lang='grc' dir='ltr'>μῆνα,</span> <span class='ocrx_word' id='word_1_435' title='bbox 1132 1012 1255 1039; x_wconf 75' lang='grc' dir='ltr'>τουτέστι</span> <span class='ocrx_word' id='word_1_436' title='bbox 1271 1011 1325 1046; x_wconf 79' lang='grc' dir='ltr'><strong>πρὸ</strong></span> <span class='ocrx_word' id='word_1_437' title='bbox 1355 1010 1428 1036; x_wconf 81' lang='grc' dir='ltr'>ὀκτὼ</span> <span class='ocrx_word' id='word_1_438' title='bbox 1443 1009 1527 1036; x_wconf 79' lang='grc' dir='ltr'>Είόὦν</span> <span class='ocrx_word' id='word_1_439' title='bbox 1547 1009 1745 1044; x_wconf 82' lang='grc' dir='ltr'>Ἰαννουαρίων,</span> <span class='ocrx_word' id='word_1_440' title='bbox 1759 1009 1823 1043; x_wconf 68' lang='grc' dir='ltr'>ἣτις</span> 
     </span>
    </p>
   </div>
   <div class='ocr_carea' id='block_1_65' title="bbox 1026 1054 1821 1093">
    <p class='ocr_par' dir='ltr' id='par_1_65' title="bbox 1026 1054 1821 1093">
     <span class='ocr_line' id='line_1_66' title="bbox 1026 1054 1821 1093; baseline -0.009 -7"><span class='ocrx_word' id='word_1_441' title='bbox 1026 1060 1084 1086; x_wconf 73' lang='grc' dir='ltr'>ἐστὶ</span> <span class='ocrx_word' id='word_1_442' title='bbox 1095 1057 1326 1093; x_wconf 85' lang='grc' dir='ltr'>κατὰῬωμαίους</span> <span class='ocrx_word' id='word_1_443' title='bbox 1338 1056 1451 1092; x_wconf 81' lang='grc' dir='ltr'>πέμπτη</span> <span class='ocrx_word' id='word_1_444' title='bbox 1463 1054 1510 1081; x_wconf 74' lang='grc' dir='ltr'>τοῦ</span> <span class='ocrx_word' id='word_1_445' title='bbox 1530 1054 1709 1090; x_wconf 77' lang='grc' dir='ltr'><strong>Ἰαννουαρίου</strong></span> <span class='ocrx_word' id='word_1_446' title='bbox 1723 1054 1821 1089; x_wconf 76' lang='grc' dir='ltr'>μηνὸς,</span> 
     </span>
    </p>
   </div>
   <div class='ocr_carea' id='block_1_66' title="bbox 1026 1099 1823 1139">
    <p class='ocr_par' dir='ltr' id='par_1_66' title="bbox 1026 1099 1823 1139">
     <span class='ocr_line' id='line_1_67' title="bbox 1026 1099 1823 1139; baseline -0.01 -7"><span class='ocrx_word' id='word_1_447' title='bbox 1026 1105 1096 1132; x_wconf 85' lang='grc' dir='ltr'>κατὰ</span> <span class='ocrx_word' id='word_1_448' title='bbox 1110 1104 1275 1139; x_wconf 85' lang='grc' dir='ltr'>Αἰγυπτίους</span> <span class='ocrx_word' id='word_1_449' title='bbox 1288 1102 1356 1128; x_wconf 76' lang='grc' dir='ltr'><strong>Τυϐὶ</strong></span> <span class='ocrx_word' id='word_1_450' title='bbox 1369 1101 1510 1136; x_wconf 73' lang='grc' dir='ltr'>ἑνδεκάτη·</span> <span class='ocrx_word' id='word_1_451' title='bbox 1524 1100 1595 1127; x_wconf 79' lang='grc' dir='ltr'>κατὰ</span> <span class='ocrx_word' id='word_1_452' title='bbox 1607 1099 1719 1135; x_wconf 83' lang='grc' dir='ltr'>Σύρους,</span> <span class='ocrx_word' id='word_1_453' title='bbox 1732 1100 1823 1125; x_wconf 72' lang='grc' dir='ltr'>εῐτουν</span> 
     </span>
    </p>
   </div>
   <div class='ocr_carea' id='block_1_67' title="bbox 1028 1145 1823 1187">
    <p class='ocr_par' dir='ltr' id='par_1_67' title="bbox 1028 1145 1823 1187">
     <span class='ocr_line' id='line_1_68' title="bbox 1028 1145 1823 1187; baseline -0.009 -9"><span class='ocrx_word' id='word_1_454' title='bbox 1028 1151 1171 1187; x_wconf 84' lang='grc' dir='ltr'>Ἕλληνας,</span> <span class='ocrx_word' id='word_1_455' title='bbox 1190 1149 1325 1176; x_wconf 81' lang='grc' dir='ltr'>Αὺδυνέου</span> <span class='ocrx_word' id='word_1_456' title='bbox 1343 1149 1434 1175; x_wconf 74' lang='grc' dir='ltr'>ἕκτου·</span> <span class='ocrx_word' id='word_1_457' title='bbox 1459 1147 1530 1174; x_wconf 80' lang='grc' dir='ltr'>κατὰ</span> <span class='ocrx_word' id='word_1_458' title='bbox 1555 1146 1706 1182; x_wconf 86' lang='grc' dir='ltr'>Κυπρίους,</span> <span class='ocrx_word' id='word_1_459' title='bbox 1731 1145 1823 1172; x_wconf 59' lang='lat' dir='ltr'><strong>show</strong></span> 
     </span>
    </p>
   </div>
   <div class='ocr_carea' id='block_1_68' title="bbox 1027 1191 1823 1232">
    <p class='ocr_par' dir='ltr' id='par_1_68' title="bbox 1027 1191 1823 1232">
     <span class='ocr_line' id='line_1_69' title="bbox 1027 1191 1823 1232; baseline -0.009 -8"><span class='ocrx_word' id='word_1_460' title='bbox 1027 1196 1216 1232; x_wconf 82' lang='grc' dir='ltr'><strong>Σαλαμινίους,</strong></span> <span class='ocrx_word' id='word_1_461' title='bbox 1237 1195 1363 1230; x_wconf 81' lang='grc' dir='ltr'>πέμπτου</span> <span class='ocrx_word' id='word_1_462' title='bbox 1380 1194 1510 1229; x_wconf 79' lang='grc' dir='ltr'>πέμπτη·</span> <span class='ocrx_word' id='word_1_463' title='bbox 1531 1192 1601 1219; x_wconf 81' lang='grc' dir='ltr'>κατὰ</span> <span class='ocrx_word' id='word_1_464' title='bbox 1614 1192 1735 1226; x_wconf 81' lang='grc' dir='ltr'>Παφίους</span> <span class='ocrx_word' id='word_1_465' title='bbox 1754 1191 1823 1218; x_wconf 73' lang='grc' dir='ltr'><strong>Ὶούο</strong></span> 
     </span>
    </p>
   </div>
   <div class='ocr_carea' id='block_1_69' title="bbox 1027 1237 1820 1277">
    <p class='ocr_par' dir='ltr' id='par_1_69' title="bbox 1027 1237 1820 1277">
     <span class='ocr_line' id='line_1_70' title="bbox 1027 1237 1820 1277; baseline -0.009 -8"><span class='ocrx_word' id='word_1_466' title='bbox 1027 1243 1073 1269; x_wconf 77' lang='grc' dir='ltr'><strong>λου</strong></span> <span class='ocrx_word' id='word_1_467' title='bbox 1089 1240 1384 1277; x_wconf 79' lang='grc' dir='ltr'>τεσσαρεσκαιδεκάτη·</span> <span class='ocrx_word' id='word_1_468' title='bbox 1408 1239 1477 1265; x_wconf 82' lang='grc' dir='ltr'>κατὰ</span> <span class='ocrx_word' id='word_1_469' title='bbox 1493 1237 1616 1274; x_wconf 71' lang='grc' dir='ltr'>Ἄραϐας</span> <span class='ocrx_word' id='word_1_470' title='bbox 1636 1237 1742 1272; x_wconf 80' lang='grc' dir='ltr'>’Λλεὼμ</span> <span class='ocrx_word' id='word_1_471' title='bbox 1763 1239 1820 1263; x_wconf 88' lang='grc' dir='ltr'>κα¹·</span> 
     </span>
    </p>
   </div>
   <div class='ocr_carea' id='block_1_70' title="bbox 1028 1283 1821 1320">
    <p class='ocr_par' dir='ltr' id='par_1_70' title="bbox 1028 1283 1821 1320">
     <span class='ocr_line' id='line_1_71' title="bbox 1028 1283 1821 1320; baseline -0.008 -6"><span class='ocrx_word' id='word_1_472' title='bbox 1028 1287 1099 1314; x_wconf 82' lang='grc' dir='ltr'>κατὰ</span> <span class='ocrx_word' id='word_1_473' title='bbox 1112 1287 1299 1318; x_wconf 82' lang='grc' dir='ltr'>Καππαδόκας</span> <span class='ocrx_word' id='word_1_474' title='bbox 1324 1285 1443 1320; x_wconf 73' lang='grc' dir='ltr'>Ἀταρτᾱ</span> <span class='ocrx_word' id='word_1_475' title='bbox 1463 1288 1507 1319; x_wconf 64' lang='grc' dir='ltr'>ιγ’·</span> <span class='ocrx_word' id='word_1_476' title='bbox 1525 1284 1596 1311; x_wconf 81' lang='grc' dir='ltr'>κατὰ</span> <span class='ocrx_word' id='word_1_477' title='bbox 1614 1283 1755 1320; x_wconf 75' lang='grc' dir='ltr'>Ἐϐραίους</span> <span class='ocrx_word' id='word_1_478' title='bbox 1773 1283 1821 1308; x_wconf 73' lang='grc' dir='ltr'><strong>τι-</strong></span> 
     </span>
    </p>
   </div>
   <div class='ocr_carea' id='block_1_71' title="bbox 1028 1330 1822 1370">
    <p class='ocr_par' dir='ltr' id='par_1_71' title="bbox 1028 1330 1822 1370">
     <span class='ocr_line' id='line_1_72' title="bbox 1028 1330 1822 1370; baseline -0.006 -9"><span class='ocrx_word' id='word_1_479' title='bbox 1028 1334 1090 1370; x_wconf 80' lang='grc' dir='ltr'>ϐιὴθ</span> <span class='ocrx_word' id='word_1_480' title='bbox 1107 1337 1150 1368; x_wconf 87' lang='grc' dir='ltr'>ιγ’·</span> <span class='ocrx_word' id='word_1_481' title='bbox 1168 1333 1238 1360; x_wconf 78' lang='grc' dir='ltr'>κατὰ</span> <span class='ocrx_word' id='word_1_482' title='bbox 1261 1332 1419 1367; x_wconf 82' lang='grc' dir='ltr'>Ἀθηναίους</span> <span class='ocrx_word' id='word_1_483' title='bbox 1429 1330 1679 1367; x_wconf 84' lang='grc' dir='ltr'>Μαιμακτηριῶνος</span> <span class='ocrx_word' id='word_1_484' title='bbox 1697 1333 1738 1362; x_wconf 86' lang='grc' dir='ltr'>ς’·</span> <span class='ocrx_word' id='word_1_485' title='bbox 1755 1338 1822 1365; x_wconf 70' lang='grc' dir='ltr'>παρ-</span> 
     </span>
    </p>
   </div>
   <div class='ocr_carea' id='block_1_72' title="bbox 1028 1375 1812 1417">
    <p class='ocr_par' dir='ltr' id='par_1_72' title="bbox 1028 1375 1812 1417">
     <span class='ocr_line' id='line_1_73' title="bbox 1028 1375 1812 1417; baseline -0.006 -11"><span class='ocrx_word' id='word_1_486' title='bbox 1028 1380 1093 1417; x_wconf 76' lang='grc' dir='ltr'>ῆλθε</span> <span class='ocrx_word' id='word_1_487' title='bbox 1116 1380 1166 1411; x_wconf 79' lang='grc' dir='ltr'>τὰς</span> <span class='ocrx_word' id='word_1_488' title='bbox 1189 1379 1394 1415; x_wconf 80' lang='grc' dir='ltr'>προειρημένας</span> <span class='ocrx_word' id='word_1_489' title='bbox 1413 1377 1545 1408; x_wconf 84' lang='grc' dir='ltr'>ὑπατείας</span> <span class='ocrx_word' id='word_1_490' title='bbox 1566 1375 1731 1403; x_wconf 83' lang='grc' dir='ltr'>είκοσιεννέα</span> <span class='ocrx_word' id='word_1_491' title='bbox 1756 1375 1812 1410; x_wconf 81' lang='grc' dir='ltr'>πλή</span> 
     </span>
    </p>
   </div>
   <div class='ocr_carea' id='block_1_73' title="bbox 1030 1421 1822 1462">
    <p class='ocr_par' dir='ltr' id='par_1_73' title="bbox 1030 1421 1822 1462">
     <span class='ocr_line' id='line_1_74' title="bbox 1030 1421 1822 1462; baseline -0.008 -9"><span class='ocrx_word' id='word_1_492' title='bbox 1030 1435 1101 1462; x_wconf 86' lang='grc' dir='ltr'>ρεις·</span> <span class='ocrx_word' id='word_1_493' title='bbox 1118 1427 1156 1458; x_wconf 77' lang='grc' dir='ltr'><strong>εἰς</strong></span> <span class='ocrx_word' id='word_1_494' title='bbox 1175 1425 1204 1452; x_wconf 82' lang='grc' dir='ltr'>δὲ</span> <span class='ocrx_word' id='word_1_495' title='bbox 1217 1425 1266 1460; x_wconf 87' lang='grc' dir='ltr'>τὴν</span> <span class='ocrx_word' id='word_1_496' title='bbox 1286 1424 1450 1460; x_wconf 83' lang='grc' dir='ltr'>τριακοστὴν</span> <span class='ocrx_word' id='word_1_497' title='bbox 1463 1422 1605 1454; x_wconf 75' lang='grc' dir='ltr'>ὑπατείαν,</span> <span class='ocrx_word' id='word_1_498' title='bbox 1622 1422 1693 1457; x_wconf 77' lang='grc' dir='ltr'>φημὶ</span> <span class='ocrx_word' id='word_1_499' title='bbox 1710 1421 1740 1448; x_wconf 83' lang='grc' dir='ltr'>δὲ</span> <span class='ocrx_word' id='word_1_500' title='bbox 1758 1422 1822 1456; x_wconf 63' lang='grc' dir='ltr'>περὶ</span> 
     </span>
    </p>
   </div>
   <div class='ocr_carea' id='block_1_74' title="bbox 1028 1465 1820 1504">
    <p class='ocr_par' dir='ltr' id='par_1_74' title="bbox 1028 1465 1820 1504">
     <span class='ocr_line' id='line_1_75' title="bbox 1028 1465 1820 1504; baseline -0.005 -8"><span class='ocrx_word' id='word_1_501' title='bbox 1028 1470 1075 1496; x_wconf 84' lang='grc' dir='ltr'><strong>τὸν</strong></span> <span class='ocrx_word' id='word_1_502' title='bbox 1090 1470 1202 1496; x_wconf 86' lang='grc' dir='ltr'>δέκατον</span> <span class='ocrx_word' id='word_1_503' title='bbox 1214 1469 1296 1504; x_wconf 83' lang='grc' dir='ltr'>μῆνα,</span> <span class='ocrx_word' id='word_1_504' title='bbox 1311 1466 1377 1504; x_wconf 74' lang='grc' dir='ltr'>ἦλθε</span> <span class='ocrx_word' id='word_1_505' title='bbox 1392 1468 1460 1503; x_wconf 78' lang='grc' dir='ltr'>πρὸς</span> <span class='ocrx_word' id='word_1_506' title='bbox 1475 1468 1520 1495; x_wconf 81' lang='grc' dir='ltr'>τὸν</span> <span class='ocrx_word' id='word_1_507' title='bbox 1537 1467 1672 1502; x_wconf 81' lang='grc' dir='ltr'><strong>Ἰωάννην,</strong></span> <span class='ocrx_word' id='word_1_508' title='bbox 1691 1467 1738 1493; x_wconf 82' lang='grc' dir='ltr'><strong>καὶ</strong></span> <span class='ocrx_word' id='word_1_509' title='bbox 1756 1465 1820 1492; x_wconf 77' lang='grc' dir='ltr'><strong>ἐϐα-</strong></span> 
     </span>
    </p>
   </div>
   <div class='ocr_carea' id='block_1_75' title="bbox 1030 1513 1822 1552">
    <p class='ocr_par' dir='ltr' id='par_1_75' title="bbox 1030 1513 1822 1552">
     <span class='ocr_line' id='line_1_76' title="bbox 1030 1513 1822 1552; baseline -0.005 -9"><span class='ocrx_word' id='word_1_510' title='bbox 1030 1517 1129 1552; x_wconf 83' lang='grc' dir='ltr'>πτίσθη</span> <span class='ocrx_word' id='word_1_511' title='bbox 1145 1518 1174 1542; x_wconf 78' lang='grc' dir='ltr'><strong>έν</strong></span> <span class='ocrx_word' id='word_1_512' title='bbox 1195 1516 1314 1551; x_wconf 81' lang='grc' dir='ltr'>Ἰορδάνῃ</span> <span class='ocrx_word' id='word_1_513' title='bbox 1326 1514 1440 1551; x_wconf 81' lang='grc' dir='ltr'>ποταμῷ</span> <span class='ocrx_word' id='word_1_514' title='bbox 1452 1514 1499 1541; x_wconf 79' lang='grc' dir='ltr'>τοῦ</span> <span class='ocrx_word' id='word_1_515' title='bbox 1510 1514 1671 1550; x_wconf 82' lang='grc' dir='ltr'>τριακοστοῦ</span> <span class='ocrx_word' id='word_1_516' title='bbox 1683 1513 1760 1545; x_wconf 75' lang='grc' dir='ltr'>ἔτους</span> <span class='ocrx_word' id='word_1_517' title='bbox 1773 1513 1822 1549; x_wconf 75' lang='grc' dir='ltr'>τῆς</span> 
     </span>
    </p>
   </div>
   <div class='ocr_carea' id='block_1_76' title="bbox 1029 1560 1821 1598">
    <p class='ocr_par' dir='ltr' id='par_1_76' title="bbox 1029 1560 1821 1598">
     <span class='ocr_line' id='line_1_77' title="bbox 1029 1560 1821 1598; baseline -0.005 -9"><span class='ocrx_word' id='word_1_518' title='bbox 1029 1563 1162 1598; x_wconf 75' lang='grc' dir='ltr'>ὲνσάρκου</span> <span class='ocrx_word' id='word_1_519' title='bbox 1170 1562 1333 1597; x_wconf 81' lang='grc' dir='ltr'>γεννήσεως,</span> <span class='ocrx_word' id='word_1_520' title='bbox 1343 1562 1465 1588; x_wconf 77' lang='grc' dir='ltr'>τουτέστι</span> <span class='ocrx_word' id='word_1_521' title='bbox 1477 1561 1547 1588; x_wconf 80' lang='grc' dir='ltr'>κατὰ</span> <span class='ocrx_word' id='word_1_522' title='bbox 1557 1560 1722 1594; x_wconf 73' lang='grc' dir='ltr'>Αἰγυπτίους</span> <span class='ocrx_word' id='word_1_523' title='bbox 1741 1560 1821 1594; x_wconf 65' lang='grc' dir='ltr'><strong>’Δθὺτ</strong></span> 
     </span>
    </p>
   </div>
   <div class='ocr_carea' id='block_1_77' title="bbox 1027 1605 1821 1645">
    <p class='ocr_par' dir='ltr' id='par_1_77' title="bbox 1027 1605 1821 1645">
     <span class='ocr_line' id='line_1_78' title="bbox 1027 1605 1821 1645; baseline -0.006 -10"><span class='ocrx_word' id='word_1_524' title='bbox 1027 1608 1175 1645; x_wconf 79' lang='grc' dir='ltr'>δωδεκάτῃ,</span> <span class='ocrx_word' id='word_1_525' title='bbox 1192 1608 1244 1644; x_wconf 72' lang='grc' dir='ltr'><strong>πρὸ</strong></span> <span class='ocrx_word' id='word_1_526' title='bbox 1263 1607 1292 1640; x_wconf 83' lang='grc' dir='ltr'>ἓξ</span> <span class='ocrx_word' id='word_1_527' title='bbox 1321 1607 1407 1634; x_wconf 83' lang='grc' dir='ltr'><strong>Εἱδῶν</strong></span> <span class='ocrx_word' id='word_1_528' title='bbox 1420 1606 1592 1643; x_wconf 79' lang='grc' dir='ltr'>Νοεμϐριων·</span> <span class='ocrx_word' id='word_1_529' title='bbox 1603 1605 1674 1632; x_wconf 66' lang='grc' dir='ltr'>κατὰ</span> <span class='ocrx_word' id='word_1_530' title='bbox 1688 1605 1821 1640; x_wconf 69' lang='grc' dir='ltr'>’Έλληνας</span> 
     </span>
    </p>
   </div>
   <div class='ocr_carea' id='block_1_78' title="bbox 1028 1653 1821 1690">
    <p class='ocr_par' dir='ltr' id='par_1_78' title="bbox 1028 1653 1821 1690">
     <span class='ocr_line' id='line_1_79' title="bbox 1028 1653 1821 1690; baseline -0.004 -9"><span class='ocrx_word' id='word_1_531' title='bbox 1028 1655 1089 1681; x_wconf 85' lang='grc' dir='ltr'>Δίου</span> <span class='ocrx_word' id='word_1_532' title='bbox 1104 1659 1128 1690; x_wconf 88' lang='grc' dir='ltr'>η’</span> <span class='ocrx_word' id='word_1_533' title='bbox 1137 1664 1144 1670; x_wconf 78' lang='grc'><strong><em>⁸</em></strong></span> <span class='ocrx_word' id='word_1_534' title='bbox 1158 1655 1230 1682; x_wconf 83' lang='grc' dir='ltr'>κατὰ</span> <span class='ocrx_word' id='word_1_535' title='bbox 1243 1654 1434 1690; x_wconf 85' lang='grc' dir='ltr'>Σαλαμινίους,</span> <span class='ocrx_word' id='word_1_536' title='bbox 1451 1654 1515 1685; x_wconf 78' lang='grc' dir='ltr'>τοὺς</span> <span class='ocrx_word' id='word_1_537' title='bbox 1529 1653 1577 1680; x_wconf 78' lang='grc' dir='ltr'>καὶ</span> <span class='ocrx_word' id='word_1_538' title='bbox 1590 1653 1821 1684; x_wconf 83' lang='grc' dir='ltr'>Κωσταντιαίους,</span> 
     </span>
    </p>
   </div>
   <div class='ocr_carea' id='block_1_79' title="bbox 1027 1698 1805 1736">
    <p class='ocr_par' dir='ltr' id='par_1_79' title="bbox 1027 1698 1805 1736">
     <span class='ocr_line' id='line_1_80' title="bbox 1027 1698 1805 1736; baseline -0.003 -9"><span class='ocrx_word' id='word_1_539' title='bbox 1027 1701 1120 1736; x_wconf 84' lang='grc' dir='ltr'>τρίτου</span> <span class='ocrx_word' id='word_1_540' title='bbox 1137 1700 1224 1727; x_wconf 79' lang='grc' dir='ltr'>Χοιὰκ</span> <span class='ocrx_word' id='word_1_541' title='bbox 1254 1704 1295 1733; x_wconf 82' lang='grc' dir='ltr'>ς’·</span> <span class='ocrx_word' id='word_1_542' title='bbox 1322 1699 1393 1727; x_wconf 82' lang='grc' dir='ltr'>κατὰ</span> <span class='ocrx_word' id='word_1_543' title='bbox 1415 1699 1536 1733; x_wconf 80' lang='grc' dir='ltr'>Παφίους</span> <span class='ocrx_word' id='word_1_544' title='bbox 1554 1698 1744 1733; x_wconf 78' lang='grc' dir='ltr'>’Δπογονιοτοῦ</span> <span class='ocrx_word' id='word_1_545' title='bbox 1767 1699 1805 1731; x_wconf 83' lang='grc' dir='ltr'>ις’</span> 
     </span>
    </p>
   </div>
   <div class='ocr_carea' id='block_1_80' title="bbox 1029 1745 1825 1782">
    <p class='ocr_par' dir='ltr' id='par_1_80' title="bbox 1029 1745 1825 1782">
     <span class='ocr_line' id='line_1_81' title="bbox 1029 1745 1825 1782; baseline -0.003 -9"><span class='ocrx_word' id='word_1_546' title='bbox 1029 1747 1099 1774; x_wconf 85' lang='grc' dir='ltr'>κατὰ</span> <span class='ocrx_word' id='word_1_547' title='bbox 1110 1746 1233 1782; x_wconf 75' lang='grc' dir='ltr'>’Λραϐας</span> <span class='ocrx_word' id='word_1_548' title='bbox 1247 1746 1462 1781; x_wconf 74' lang='grc' dir='ltr'>’Δγγαλθαϐαεὶθ</span> <span class='ocrx_word' id='word_1_549' title='bbox 1470 1746 1513 1781; x_wconf 77' lang='grc' dir='ltr'><strong>κβ¹</strong></span> <span class='ocrx_word' id='word_1_550' title='bbox 1521 1745 1605 1772; x_wconf 80' lang='grc' dir='ltr'>’κατὰ</span> <span class='ocrx_word' id='word_1_551' title='bbox 1611 1745 1772 1776; x_wconf 81' lang='grc' dir='ltr'>Μακεδόνας</span> <span class='ocrx_word' id='word_1_552' title='bbox 1784 1745 1825 1771; x_wconf 80' lang='grc' dir='ltr'><strong>’Λ-</strong></span> 
     </span>
    </p>
   </div>
   <div class='ocr_carea' id='block_1_81' title="bbox 1029 1791 1824 1827">
    <p class='ocr_par' dir='ltr' id='par_1_81' title="bbox 1029 1791 1824 1827">
     <span class='ocr_line' id='line_1_82' title="bbox 1029 1791 1824 1827; baseline -0.003 -8"><span class='ocrx_word' id='word_1_553' title='bbox 1029 1792 1157 1820; x_wconf 78' lang='grc' dir='ltr'>πελλαίου</span> <span class='ocrx_word' id='word_1_554' title='bbox 1173 1796 1220 1825; x_wconf 83' lang='grc' dir='ltr'>ις’·</span> <span class='ocrx_word' id='word_1_555' title='bbox 1233 1792 1303 1819; x_wconf 82' lang='grc' dir='ltr'>κατὰ</span> <span class='ocrx_word' id='word_1_556' title='bbox 1324 1792 1513 1824; x_wconf 75' lang='grc' dir='ltr'>Καππαδόκας</span> <span class='ocrx_word' id='word_1_557' title='bbox 1531 1792 1667 1827; x_wconf 80' lang='grc' dir='ltr'>Ἀρατατᾶ</span> <span class='ocrx_word' id='word_1_558' title='bbox 1691 1794 1734 1817; x_wconf 86' lang='grc' dir='ltr'>ιε’·</span> <span class='ocrx_word' id='word_1_559' title='bbox 1753 1791 1824 1818; x_wconf 79' lang='grc' dir='ltr'>κατὰ</span> 
     </span>
    </p>
   </div>
   <div class='ocr_carea' id='block_1_82' title="bbox 1035 1837 1824 1874">
    <p class='ocr_par' dir='ltr' id='par_1_82' title="bbox 1035 1837 1824 1874">
     <span class='ocr_line' id='line_1_83' title="bbox 1035 1837 1824 1874; baseline -0.004 -8"><span class='ocrx_word' id='word_1_560' title='bbox 1035 1839 1194 1874; x_wconf 83' lang='grc' dir='ltr'>Ἀθηναίους</span> <span class='ocrx_word' id='word_1_561' title='bbox 1207 1839 1441 1873; x_wconf 82' lang='grc' dir='ltr'>Μεταγειτνιῶνος</span> <span class='ocrx_word' id='word_1_562' title='bbox 1455 1838 1572 1874; x_wconf 76' lang='grc' dir='ltr'>ἑϐδόμῃ·</span> <span class='ocrx_word' id='word_1_563' title='bbox 1591 1838 1662 1865; x_wconf 82' lang='grc' dir='ltr'>κατὰ</span> <span class='ocrx_word' id='word_1_564' title='bbox 1681 1837 1824 1872; x_wconf 73' lang='grc' dir='ltr'>Ἐϐραίους</span> 
     </span>
    </p>
   </div>
   <div class='ocr_carea' id='block_1_83' title="bbox 1029 1883 1824 1922">
    <p class='ocr_par' dir='ltr' id='par_1_83' title="bbox 1029 1883 1824 1922">
     <span class='ocr_line' id='line_1_84' title="bbox 1029 1883 1824 1922; baseline -0.004 -10"><span class='ocrx_word' id='word_1_565' title='bbox 1029 1884 1194 1921; x_wconf 82' lang='grc' dir='ltr'>Μαρεσουὰν</span> <span class='ocrx_word' id='word_1_566' title='bbox 1209 1886 1325 1922; x_wconf 74' lang='grc' dir='ltr'>ἑϐδόμῃ·</span> <span class='ocrx_word' id='word_1_567' title='bbox 1344 1885 1382 1916; x_wconf 86' lang='grc' dir='ltr'>ὡς</span> <span class='ocrx_word' id='word_1_568' title='bbox 1396 1885 1580 1920; x_wconf 78' lang='grc' dir='ltr'>ἐπιμαρτυρεῖ</span> <span class='ocrx_word' id='word_1_569' title='bbox 1591 1892 1641 1920; x_wconf 86' lang='grc' dir='ltr'><strong>μου</strong></span> <span class='ocrx_word' id='word_1_570' title='bbox 1653 1883 1692 1919; x_wconf 85' lang='grc' dir='ltr'><strong>τῷ</strong></span> <span class='ocrx_word' id='word_1_571' title='bbox 1707 1883 1778 1918; x_wconf 84' lang='grc' dir='ltr'><strong>λόγῳ</strong></span> <span class='ocrx_word' id='word_1_572' title='bbox 1793 1885 1824 1909; x_wconf 81' lang='grc' dir='ltr'>τὸ</span> 
     </span>
    </p>
   </div>
   <div class='ocr_carea' id='block_1_84' title="bbox 1029 1927 1820 1965">
    <p class='ocr_par' dir='ltr' id='par_1_84' title="bbox 1029 1927 1820 1965">
     <span class='ocr_line' id='line_1_85' title="bbox 1029 1927 1820 1965; baseline -0.003 -7"><span class='ocrx_word' id='word_1_573' title='bbox 1029 1931 1108 1965; x_wconf 81' lang='grc' dir='ltr'>ἆγιον</span> <span class='ocrx_word' id='word_1_574' title='bbox 1126 1931 1197 1958; x_wconf 81' lang='grc' dir='ltr'>κατὰ</span> <span class='ocrx_word' id='word_1_575' title='bbox 1213 1932 1321 1958; x_wconf 79' lang='grc' dir='ltr'>Λουκᾶν</span> <span class='ocrx_word' id='word_1_576' title='bbox 1332 1931 1507 1965; x_wconf 79' lang='grc' dir='ltr'>Εὐαγγέλιιον,</span> <span class='ocrx_word' id='word_1_577' title='bbox 1520 1927 1572 1957; x_wconf 82' lang='grc' dir='ltr'>ὧδέ</span> <span class='ocrx_word' id='word_1_578' title='bbox 1585 1938 1643 1961; x_wconf 89' lang='grc' dir='ltr'>πως</span> <span class='ocrx_word' id='word_1_579' title='bbox 1658 1929 1749 1963; x_wconf 82' lang='grc' dir='ltr'>λέγον·</span> <span class='ocrx_word' id='word_1_580' title='bbox 1763 1927 1820 1956; x_wconf 71' lang='grc' dir='ltr'><strong>Ἦν</strong></span> 
     </span>
    </p>
   </div>
   <div class='ocr_carea' id='block_1_85' title="bbox 1029 1975 1825 2012">
    <p class='ocr_par' dir='ltr' id='par_1_85' title="bbox 1029 1975 1825 2012">
     <span class='ocr_line' id='line_1_86' title="bbox 1029 1975 1825 2012; baseline -0.003 -8"><span class='ocrx_word' id='word_1_581' title='bbox 1029 1977 1063 2004; x_wconf 78' lang='grc' dir='ltr'>δὲ</span> <span class='ocrx_word' id='word_1_582' title='bbox 1088 1977 1205 2011; x_wconf 81' lang='grc' dir='ltr'>Ἰησοῦς</span> <span class='ocrx_word' id='word_1_583' title='bbox 1223 1977 1389 2012; x_wconf 77' lang='grc' dir='ltr'>ἀρχόμενος</span> <span class='ocrx_word' id='word_1_584' title='bbox 1405 1977 1476 2003; x_wconf 79' lang='grc' dir='ltr'>ὡσεί</span> <span class='ocrx_word' id='word_1_585' title='bbox 1498 1976 1574 2003; x_wconf 80' lang='grc' dir='ltr'><strong>ἑτῶν</strong></span> <span class='ocrx_word' id='word_1_586' title='bbox 1597 1976 1767 2010; x_wconf 69' lang='grc' dir='ltr'>τριάκοντα,</span> <span class='ocrx_word' id='word_1_587' title='bbox 1782 1975 1825 2002; x_wconf 70' lang='grc' dir='ltr'><strong>ὢν</strong></span> 
     </span>
    </p>
   </div>
   <div class='ocr_carea' id='block_1_86' title="bbox 1029 2021 1824 2057">
    <p class='ocr_par' dir='ltr' id='par_1_86' title="bbox 1029 2021 1824 2057">
     <span class='ocr_line' id='line_1_87' title="bbox 1029 2021 1824 2057; baseline -0.003 -7"><span class='ocrx_word' id='word_1_588' title='bbox 1029 2023 1105 2056; x_wconf 77' lang='grc' dir='ltr'>υίὸς,</span> <span class='ocrx_word' id='word_1_589' title='bbox 1135 2023 1175 2056; x_wconf 84' lang='grc' dir='ltr'>ὡς</span> <span class='ocrx_word' id='word_1_590' title='bbox 1197 2023 1346 2057; x_wconf 56' lang='grc' dir='ltr'>ἐνομίζετο</span> <span class='ocrx_word' id='word_1_591' title='bbox 1371 2021 1457 2054; x_wconf 75' lang='grc' dir='ltr'>εἶναι,</span> <span class='ocrx_word' id='word_1_592' title='bbox 1475 2022 1529 2049; x_wconf 88' lang='grc' dir='ltr'>τοῦ</span> <span class='ocrx_word' id='word_1_593' title='bbox 1551 2022 1672 2057; x_wconf 70' lang='grc' dir='ltr'><strong>Ἰωσήφ.</strong></span> <span class='ocrx_word' id='word_1_594' title='bbox 1692 2022 1746 2049; x_wconf 77' lang='grc' dir='ltr'>Καὶ</span> <span class='ocrx_word' id='word_1_595' title='bbox 1769 2022 1824 2048; x_wconf 79' lang='grc' dir='ltr'><strong>ἁπ-</strong></span> 
     </span>
    </p>
   </div>
   <div class='ocr_carea' id='block_1_87' title="bbox 1030 2066 1824 2104">
    <p class='ocr_par' dir='ltr' id='par_1_87' title="bbox 1030 2066 1824 2104">
     <span class='ocr_line' id='line_1_88' title="bbox 1030 2066 1824 2104; baseline -0.001 -10"><span class='ocrx_word' id='word_1_596' title='bbox 1030 2068 1153 2095; x_wconf 81' lang='grc' dir='ltr'>εντεῦθεν</span> <span class='ocrx_word' id='word_1_597' title='bbox 1167 2068 1220 2095; x_wconf 87' lang='grc' dir='ltr'>ὑπὸ</span> <span class='ocrx_word' id='word_1_598' title='bbox 1237 2068 1317 2104; x_wconf 74' lang='grc' dir='ltr'>Ἀθὺρ</span> <span class='ocrx_word' id='word_1_599' title='bbox 1325 2068 1463 2103; x_wconf 87' lang='grc' dir='ltr'>δωδεκάτη</span> <span class='ocrx_word' id='word_1_600' title='bbox 1473 2069 1483 2084; x_wconf 78' lang='grc'>³</span> <span class='ocrx_word' id='word_1_601' title='bbox 1498 2067 1679 2104; x_wconf 87' lang='grc' dir='ltr'>κηρύττοντος</span> <span class='ocrx_word' id='word_1_602' title='bbox 1688 2067 1770 2095; x_wconf 79' lang='grc' dir='ltr'>αὐτοῦ</span> <span class='ocrx_word' id='word_1_603' title='bbox 1779 2066 1824 2093; x_wconf 77' lang='grc' dir='ltr'><strong>τὸν</strong></span> 
     </span>
    </p>
   </div>
   <div class='ocr_carea' id='block_1_88' title="bbox 1030 2113 1824 2149">
    <p class='ocr_par' dir='ltr' id='par_1_88' title="bbox 1030 2113 1824 2149">
     <span class='ocr_line' id='line_1_89' title="bbox 1030 2113 1824 2149; baseline -0.001 -9"><span class='ocrx_word' id='word_1_604' title='bbox 1030 2114 1123 2140; x_wconf 84' lang='grc' dir='ltr'>δεκτδν</span> <span class='ocrx_word' id='word_1_605' title='bbox 1150 2114 1271 2141; x_wconf 76' lang='grc' dir='ltr'>ἐνιαυτὸν</span> <span class='ocrx_word' id='word_1_606' title='bbox 1296 2114 1411 2149; x_wconf 87' lang='grc' dir='ltr'>Κυρίου,</span> <span class='ocrx_word' id='word_1_607' title='bbox 1434 2114 1504 2141; x_wconf 79' lang='grc' dir='ltr'>κατὰ</span> <span class='ocrx_word' id='word_1_608' title='bbox 1529 2114 1563 2141; x_wconf 83' lang='grc' dir='ltr'>τὰ</span> <span class='ocrx_word' id='word_1_609' title='bbox 1588 2114 1617 2140; x_wconf 79' lang='grc' dir='ltr'><strong>ὲν</strong></span> <span class='ocrx_word' id='word_1_610' title='bbox 1641 2113 1681 2149; x_wconf 85' lang='grc' dir='ltr'><strong>τῷ</strong></span> <span class='ocrx_word' id='word_1_611' title='bbox 1697 2114 1824 2149; x_wconf 81' lang='grc' dir='ltr'>προφήτῃ</span> 
     </span>
    </p>
   </div>
   <div class='ocr_carea' id='block_1_89' title="bbox 1037 2159 1824 2196">
    <p class='ocr_par' dir='ltr' id='par_1_89' title="bbox 1037 2159 1824 2196">
     <span class='ocr_line' id='line_1_90' title="bbox 1037 2159 1824 2196; baseline -0.001 -10"><span class='ocrx_word' id='word_1_612' title='bbox 1037 2161 1137 2196; x_wconf 81' lang='grc' dir='ltr'>Ἡσαΐᾳ.</span> <span class='ocrx_word' id='word_1_613' title='bbox 1151 2160 1338 2196; x_wconf 80' lang='grc' dir='ltr'>προειρημένα</span> <span class='ocrx_word' id='word_1_614' title='bbox 1348 2169 1355 2175; x_wconf 89' lang='grc'><strong>·</strong></span> <span class='ocrx_word' id='word_1_615' title='bbox 1371 2161 1412 2187; x_wconf 82' lang='grc' dir='ltr'>ὃτι</span> <span class='ocrx_word' id='word_1_616' title='bbox 1426 2160 1549 2195; x_wconf 78' lang='grc' dir='ltr'>Πνεῦμα</span> <span class='ocrx_word' id='word_1_617' title='bbox 1567 2160 1677 2194; x_wconf 84' lang='grc' dir='ltr'>Κυρίου</span> <span class='ocrx_word' id='word_1_618' title='bbox 1702 2159 1748 2186; x_wconf 74' lang='grc' dir='ltr'><strong>ἐπ’</strong></span> <span class='ocrx_word' id='word_1_619' title='bbox 1760 2159 1824 2194; x_wconf 71' lang='grc' dir='ltr'><strong>ἐμὲ,</strong></span> 
     </span>
    </p>
   </div>
   <div class='ocr_carea' id='block_1_90' title="bbox 186 2204 1824 2244">
    <p class='ocr_par' dir='ltr' id='par_1_90' title="bbox 186 2204 1824 2244">
     <span class='ocr_line' id='line_1_91' title="bbox 186 2204 1824 2244; baseline 0 -10"><span class='ocrx_word' id='word_1_620' title='bbox 186 2205 222 2235; x_wconf 82' lang='grc' dir='ltr'>οὗ</span> <span class='ocrx_word' id='word_1_621' title='bbox 244 2207 361 2233; x_wconf 79' lang='grc' dir='ltr'>εἵνεκεν</span> <span class='ocrx_word' id='word_1_622' title='bbox 384 2204 490 2240; x_wconf 82' lang='grc' dir='ltr'>ἔχρισέ</span> <span class='ocrx_word' id='word_1_623' title='bbox 505 2212 557 2239; x_wconf 80' lang='grc' dir='ltr'><strong>με·</strong></span> <span class='ocrx_word' id='word_1_624' title='bbox 575 2205 828 2239; x_wconf 75' lang='grc' dir='ltr'>εὐαγγελίσασθαι</span> <span class='ocrx_word' id='word_1_625' title='bbox 852 2205 982 2240; x_wconf 84' lang='grc' dir='ltr'>πτωχοῖς</span> <span class='ocrx_word' id='word_1_626' title='bbox 1001 2208 1176 2235; x_wconf 74' lang='grc' dir='ltr'>ἀπέσταλκέ</span> <span class='ocrx_word' id='word_1_627' title='bbox 1187 2217 1237 2244; x_wconf 82' lang='grc' dir='ltr'><strong>με,</strong></span> <span class='ocrx_word' id='word_1_628' title='bbox 1253 2209 1379 2242; x_wconf 77' lang='grc' dir='ltr'>κηρύξαι</span> <span class='ocrx_word' id='word_1_629' title='bbox 1404 2208 1602 2243; x_wconf 74' lang='grc' dir='ltr'>αἰχμαλώτοις</span> <span class='ocrx_word' id='word_1_630' title='bbox 1629 2208 1748 2243; x_wconf 63' lang='grc' dir='ltr'>ἀφεῖσιν,</span> <span class='ocrx_word' id='word_1_631' title='bbox 1774 2216 1824 2234; x_wconf 80' lang='grc' dir='ltr'><strong>και</strong></span> 
     </span>
    </p>
   </div>
   <div class='ocr_carea' id='block_1_91' title="bbox 186 2251 1569 2290">
    <p class='ocr_par' dir='ltr' id='par_1_91' title="bbox 186 2251 1569 2290">
     <span class='ocr_line' id='line_1_92' title="bbox 186 2251 1569 2290; baseline 0 -9"><span class='ocrx_word' id='word_1_632' title='bbox 186 2253 312 2288; x_wconf 68' lang='grc' dir='ltr'>τυφλοῖς</span> <span class='ocrx_word' id='word_1_633' title='bbox 339 2253 518 2286; x_wconf 72' lang='grc' dir='ltr'><strong>ἀνάϐλεψιν,</strong></span> <span class='ocrx_word' id='word_1_634' title='bbox 546 2251 673 2285; x_wconf 78' lang='grc' dir='ltr'>κηρύξαι</span> <span class='ocrx_word' id='word_1_635' title='bbox 704 2252 845 2278; x_wconf 80' lang='grc' dir='ltr'>ἐνιαυτὸν</span> <span class='ocrx_word' id='word_1_636' title='bbox 871 2253 982 2286; x_wconf 78' lang='grc' dir='ltr'>Κυρίου</span> <span class='ocrx_word' id='word_1_637' title='bbox 998 2254 1116 2287; x_wconf 70' lang='grc' dir='ltr'>δεκτόν,</span> <span class='ocrx_word' id='word_1_638' title='bbox 1133 2255 1182 2282; x_wconf 78' lang='grc' dir='ltr'>καὶ</span> <span class='ocrx_word' id='word_1_639' title='bbox 1196 2255 1311 2290; x_wconf 78' lang='grc' dir='ltr'>ἡμέραν</span> <span class='ocrx_word' id='word_1_640' title='bbox 1325 2255 1569 2288; x_wconf 78' lang='grc' dir='ltr'>ἀνταποδόσεως.</span> 
     </span>
    </p>
   </div>
   <div class='ocr_carea' id='block_1_92' title="bbox 222 2297 977 2344">
    <p class='ocr_par' dir='ltr' id='par_1_92' title="bbox 222 2297 977 2333">
     <span class='ocr_line' id='line_1_93' title="bbox 222 2297 977 2333; baseline -0.003 -8"><span class='ocrx_word' id='word_1_641' title='bbox 222 2298 305 2326; x_wconf 67' lang='lat' dir='ltr'><strong>XXV.</strong></span> <span class='ocrx_word' id='word_1_642' title='bbox 319 2298 404 2326; x_wconf 85' lang='lat' dir='ltr'><strong>Plane</strong></span> <span class='ocrx_word' id='word_1_643' title='bbox 419 2298 529 2333; x_wconf 83' lang='lat' dir='ltr'><strong>quidem</strong></span> <span class='ocrx_word' id='word_1_644' title='bbox 551 2305 654 2324; x_wconf 90' lang='lat' dir='ltr'><strong>annum</strong></span> <span class='ocrx_word' id='word_1_645' title='bbox 672 2297 831 2331; x_wconf 75' lang='lat' dir='ltr'><strong>prredicavit</strong></span> <span class='ocrx_word' id='word_1_646' title='bbox 853 2301 977 2332; x_wconf 74' lang='lat' dir='ltr'><strong>accepta-</strong></span> 
     </span>
    </p>
   </div>
   <div class='ocr_carea' id='block_1_93' title="bbox 1028 2297 1824 2344">
    <p class='ocr_par' dir='ltr' id='par_1_93' title="bbox 1068 2299 1824 2336">
     <span class='ocr_line' id='line_1_94' title="bbox 1068 2299 1824 2336; baseline -0.001 -10"><span class='ocrx_word' id='word_1_647' title='bbox 1068 2300 1131 2327; x_wconf 87' lang='lat' dir='ltr'><strong>KE&#39;.</strong></span> <span class='ocrx_word' id='word_1_648' title='bbox 1157 2301 1200 2332; x_wconf 84' lang='grc' dir='ltr'>Ὡς</span> <span class='ocrx_word' id='word_1_649' title='bbox 1214 2299 1321 2336; x_wconf 76' lang='grc' dir='ltr'>ἀληθῶς</span> <span class='ocrx_word' id='word_1_650' title='bbox 1343 2300 1396 2335; x_wconf 81' lang='grc' dir='ltr'>γὰρ</span> <span class='ocrx_word' id='word_1_651' title='bbox 1423 2299 1555 2335; x_wconf 80' lang='grc' dir='ltr'>ἐκήρυξεν</span> <span class='ocrx_word' id='word_1_652' title='bbox 1571 2299 1693 2326; x_wconf 72' lang='grc' dir='ltr'>ἐνιαυτδν</span> <span class='ocrx_word' id='word_1_653' title='bbox 1719 2299 1824 2330; x_wconf 83' lang='grc' dir='ltr'>δεκτὸν,</span> 
     </span>
    </p>
   </div>
   <div class='ocr_carea' id='block_1_94' title="bbox 187 2342 979 2379">
    <p class='ocr_par' dir='ltr' id='par_1_94' title="bbox 187 2342 979 2379">
     <span class='ocr_line' id='line_1_95' title="bbox 187 2342 979 2379; baseline -0.004 -7"><span class='ocrx_word' id='word_1_654' title='bbox 187 2345 285 2374; x_wconf 80' lang='lat' dir='ltr'><strong>bilem,</strong></span> <span class='ocrx_word' id='word_1_655' title='bbox 318 2345 345 2372; x_wconf 89' lang='lat' dir='ltr'><strong>in</strong></span> <span class='ocrx_word' id='word_1_656' title='bbox 371 2352 426 2379; x_wconf 85' lang='lat' dir='ltr'><strong>quo</strong></span> <span class='ocrx_word' id='word_1_657' title='bbox 455 2351 537 2371; x_wconf 88' lang='lat' dir='ltr'><strong>nemo</strong></span> <span class='ocrx_word' id='word_1_658' title='bbox 565 2343 589 2370; x_wconf 88' lang='lat' dir='ltr'><strong>ei</strong></span> <span class='ocrx_word' id='word_1_659' title='bbox 617 2343 827 2370; x_wconf 89' lang='lat' dir='ltr'><strong>contradixerit.</strong></span> <span class='ocrx_word' id='word_1_660' title='bbox 855 2342 979 2370; x_wconf 89' lang='lat' dir='ltr'><strong>Primum</strong></span> 
     </span>
    </p>
   </div>
   <div class='ocr_carea' id='block_1_95' title="bbox 186 2390 981 2425">
    <p class='ocr_par' dir='ltr' id='par_1_95' title="bbox 186 2390 981 2425">
     <span class='ocr_line' id='line_1_96' title="bbox 186 2390 981 2425; baseline 0 -7"><span class='ocrx_word' id='word_1_661' title='bbox 186 2392 260 2419; x_wconf 88' lang='lat' dir='ltr'><strong>enim</strong></span> <span class='ocrx_word' id='word_1_662' title='bbox 286 2391 360 2418; x_wconf 90' lang='lat' dir='ltr'><strong>hunc</strong></span> <span class='ocrx_word' id='word_1_663' title='bbox 379 2399 481 2417; x_wconf 88' lang='lat' dir='ltr'><strong>annum</strong></span> <span class='ocrx_word' id='word_1_664' title='bbox 498 2395 559 2425; x_wconf 86' lang='lat' dir='ltr'><strong>post</strong></span> <span class='ocrx_word' id='word_1_665' title='bbox 578 2398 632 2417; x_wconf 80' lang='lat' dir='ltr'><strong>xxx</strong></span> <span class='ocrx_word' id='word_1_666' title='bbox 651 2398 666 2416; x_wconf 87' lang='lat' dir='ltr'><strong>a</strong></span> <span class='ocrx_word' id='word_1_667' title='bbox 688 2390 831 2417; x_wconf 86' lang='lat' dir='ltr'><strong>nativitate</strong></span> <span class='ocrx_word' id='word_1_668' title='bbox 849 2398 898 2417; x_wconf 84' lang='lat' dir='ltr'><strong>sua</strong></span> <span class='ocrx_word' id='word_1_669' title='bbox 915 2398 981 2425; x_wconf 63' lang='lat' dir='ltr'><strong>prae-</strong></span> 
     </span>
    </p>
   </div>
   <div class='ocr_carea' id='block_1_96' title="bbox 188 2437 979 2472">
    <p class='ocr_par' dir='ltr' id='par_1_96' title="bbox 188 2437 979 2472">
     <span class='ocr_line' id='line_1_97' title="bbox 188 2437 979 2472; baseline -0.001 -7"><span class='ocrx_word' id='word_1_670' title='bbox 188 2437 306 2465; x_wconf 86' lang='lat' dir='ltr'><strong>dicando</strong></span> <span class='ocrx_word' id='word_1_671' title='bbox 326 2437 475 2472; x_wconf 83' lang='lat' dir='ltr'><strong>transegit,</strong></span> <span class='ocrx_word' id='word_1_672' title='bbox 503 2437 720 2472; x_wconf 85' lang='lat' dir='ltr'><strong>approbantibus</strong></span> <span class='ocrx_word' id='word_1_673' title='bbox 744 2437 899 2470; x_wconf 87' lang='lat' dir='ltr'><strong>universis;</strong></span> <span class='ocrx_word' id='word_1_674' title='bbox 916 2445 979 2465; x_wconf 87' lang='lat' dir='ltr'><strong>cum</strong></span> 
     </span>
    </p>
   </div>
   <div class='ocr_carea' id='block_1_97' title="bbox 188 2483 982 2519">
    <p class='ocr_par' dir='ltr' id='par_1_97' title="bbox 188 2483 982 2519">
     <span class='ocr_line' id='line_1_98' title="bbox 188 2483 982 2519; baseline -0.001 -8"><span class='ocrx_word' id='word_1_675' title='bbox 188 2491 240 2511; x_wconf 84' lang='lat' dir='ltr'><strong>nec</strong></span> <span class='ocrx_word' id='word_1_676' title='bbox 263 2483 349 2510; x_wconf 65' lang='lat' dir='ltr'><strong>Judmi</strong></span> <span class='ocrx_word' id='word_1_677' title='bbox 371 2484 542 2515; x_wconf 87' lang='lat' dir='ltr'><strong>resisterent,</strong></span> <span class='ocrx_word' id='word_1_678' title='bbox 561 2491 611 2510; x_wconf 88' lang='lat' dir='ltr'><strong>nec</strong></span> <span class='ocrx_word' id='word_1_679' title='bbox 636 2483 770 2519; x_wconf 79' lang='lat' dir='ltr'><strong>gentiles,</strong></span> <span class='ocrx_word' id='word_1_680' title='bbox 793 2491 845 2511; x_wconf 91' lang='lat' dir='ltr'><strong>nec</strong></span> <span class='ocrx_word' id='word_1_681' title='bbox 859 2483 982 2510; x_wconf 89' lang='lat' dir='ltr'><strong>Samari-</strong></span> 
     </span>
    </p>
   </div>
   <div class='ocr_carea' id='block_1_98' title="bbox 187 2527 980 2563">
    <p class='ocr_par' dir='ltr' id='par_1_98' title="bbox 187 2527 980 2563">
     <span class='ocr_line' id='line_1_99' title="bbox 187 2527 980 2563; baseline 0 -8"><span class='ocrx_word' id='word_1_682' title='bbox 187 2528 256 2559; x_wconf 81' lang='lat' dir='ltr'><strong>tani,</strong></span> <span class='ocrx_word' id='word_1_683' title='bbox 268 2528 316 2556; x_wconf 87' lang='lat' dir='ltr'><strong>sed</strong></span> <span class='ocrx_word' id='word_1_684' title='bbox 330 2527 465 2555; x_wconf 87' lang='lat' dir='ltr'><strong>dicentem</strong></span> <span class='ocrx_word' id='word_1_685' title='bbox 478 2535 574 2555; x_wconf 89' lang='lat' dir='ltr'><strong>omnes</strong></span> <span class='ocrx_word' id='word_1_686' title='bbox 591 2528 756 2563; x_wconf 85' lang='lat' dir='ltr'><strong>perlibenter</strong></span> <span class='ocrx_word' id='word_1_687' title='bbox 771 2528 907 2555; x_wconf 90' lang='lat' dir='ltr'><strong>audirent.</strong></span> <span class='ocrx_word' id='word_1_688' title='bbox 919 2528 980 2561; x_wconf 86' lang='lat' dir='ltr'><strong>Quo</strong></span> 
     </span>
    </p>
   </div>
   <div class='ocr_carea' id='block_1_99' title="bbox 186 2573 979 2609">
    <p class='ocr_par' dir='ltr' id='par_1_99' title="bbox 186 2573 979 2609">
     <span class='ocr_line' id='line_1_100' title="bbox 186 2573 979 2609; baseline -0.003 -6"><span class='ocrx_word' id='word_1_689' title='bbox 186 2576 282 2603; x_wconf 86' lang='lat' dir='ltr'><strong>eodem</strong></span> <span class='ocrx_word' id='word_1_690' title='bbox 310 2581 383 2601; x_wconf 86' lang='lat' dir='ltr'><strong>anno</strong></span> <span class='ocrx_word' id='word_1_691' title='bbox 399 2573 617 2609; x_wconf 77' lang='lat' dir='ltr'><strong>Hierosolymam</strong></span> <span class='ocrx_word' id='word_1_692' title='bbox 642 2574 781 2605; x_wconf 77' lang='lat' dir='ltr'><strong>ascendit,</strong></span> <span class='ocrx_word' id='word_1_693' title='bbox 799 2578 979 2609; x_wconf 85' lang='lat' dir='ltr'><strong>posteaquam</strong></span> 
     </span>
    </p>
   </div>
   <div class='ocr_carea' id='block_1_100' title="bbox 187 2619 981 2656">
    <p class='ocr_par' dir='ltr' id='par_1_100' title="bbox 187 2619 981 2656">
     <span class='ocr_line' id='line_1_101' title="bbox 187 2619 981 2656; baseline 0 -9"><span class='ocrx_word' id='word_1_694' title='bbox 187 2621 342 2655; x_wconf 85' lang='lat' dir='ltr'><strong>baptizatus</strong></span> <span class='ocrx_word' id='word_1_695' title='bbox 361 2623 460 2652; x_wconf 86' lang='lat' dir='ltr'><strong>est,et</strong></span> <span class='ocrx_word' id='word_1_696' title='bbox 487 2619 546 2647; x_wconf 87' lang='lat' dir='ltr'><strong>dies</strong></span> <span class='ocrx_word' id='word_1_697' title='bbox 565 2627 600 2646; x_wconf 75' lang='grc' dir='ltr'><strong>ιιι</strong></span> <span class='ocrx_word' id='word_1_698' title='bbox 627 2620 787 2647; x_wconf 81' lang='lat' dir='ltr'><strong>tentationis</strong></span> <span class='ocrx_word' id='word_1_699' title='bbox 813 2620 921 2656; x_wconf 80' lang='lat' dir='ltr'><strong>exegit,</strong></span> <span class='ocrx_word' id='word_1_700' title='bbox 948 2628 981 2647; x_wconf 89' lang='lat' dir='ltr'><strong>ac</strong></span> 
     </span>
    </p>
   </div>
   <div class='ocr_carea' id='block_1_101' title="bbox 187 2666 981 2702">
    <p class='ocr_par' dir='ltr' id='par_1_101' title="bbox 187 2666 981 2702">
     <span class='ocr_line' id='line_1_102' title="bbox 187 2666 981 2702; baseline -0.003 -8"><span class='ocrx_word' id='word_1_701' title='bbox 187 2667 384 2702; x_wconf 88' lang='lat' dir='ltr'><strong>discipulorum</strong></span> <span class='ocrx_word' id='word_1_702' title='bbox 403 2666 541 2694; x_wconf 85' lang='lat' dir='ltr'><strong>delectum</strong></span> <span class='ocrx_word' id='word_1_703' title='bbox 560 2666 675 2696; x_wconf 86' lang='lat' dir='ltr'><strong>habuit.</strong></span> <span class='ocrx_word' id='word_1_704' title='bbox 687 2674 750 2693; x_wconf 91' lang='lat' dir='ltr'><strong>cum</strong></span> <span class='ocrx_word' id='word_1_705' title='bbox 777 2666 811 2693; x_wconf 83' lang='lat' dir='ltr'><strong>ab</strong></span> <span class='ocrx_word' id='word_1_706' title='bbox 828 2666 981 2695; x_wconf 83' lang='lat' dir='ltr'><strong>tentatione</strong></span> 
     </span>
    </p>
   </div>
   <div class='ocr_carea' id='block_1_102' title="bbox 186 2712 981 2747">
    <p class='ocr_par' dir='ltr' id='par_1_102' title="bbox 186 2712 981 2747">
     <span class='ocr_line' id='line_1_103' title="bbox 186 2712 981 2747; baseline -0.001 -6"><span class='ocrx_word' id='word_1_707' title='bbox 186 2714 219 2741; x_wconf 90' lang='lat' dir='ltr'><strong>ad</strong></span> <span class='ocrx_word' id='word_1_708' title='bbox 239 2713 386 2741; x_wconf 83' lang='lat' dir='ltr'><strong>Jordanem</strong></span> <span class='ocrx_word' id='word_1_709' title='bbox 410 2713 507 2745; x_wconf 83' lang='lat' dir='ltr'><strong>rediit,</strong></span> <span class='ocrx_word' id='word_1_710' title='bbox 531 2720 563 2740; x_wconf 84' lang='lat' dir='ltr'><strong>ac</strong></span> <span class='ocrx_word' id='word_1_711' title='bbox 587 2712 704 2747; x_wconf 71' lang='lat' dir='ltr'><strong>traiecto</strong></span> <span class='ocrx_word' id='word_1_712' title='bbox 731 2712 797 2739; x_wconf 91' lang='lat' dir='ltr'><strong>mari</strong></span> <span class='ocrx_word' id='word_1_713' title='bbox 825 2712 981 2740; x_wconf 85' lang='lat' dir='ltr'><strong>Tiberiadis</strong></span> 
     </span>
    </p>
   </div>
   <div class='ocr_carea' id='block_1_103' title="bbox 187 2757 979 2795">
    <p class='ocr_par' dir='ltr' id='par_1_103' title="bbox 187 2757 979 2795">
     <span class='ocr_line' id='line_1_104' title="bbox 187 2757 979 2795; baseline -0.001 -9"><span class='ocrx_word' id='word_1_714' title='bbox 187 2759 352 2787; x_wconf 72' lang='lat' dir='ltr'><strong>Nazaretum</strong></span> <span class='ocrx_word' id='word_1_715' title='bbox 380 2758 569 2792; x_wconf 85' lang='lat' dir='ltr'><strong>contendens,</strong></span> <span class='ocrx_word' id='word_1_716' title='bbox 592 2757 811 2795; x_wconf 83' lang='lat' dir='ltr'><strong>Hierosolymam</strong></span> <span class='ocrx_word' id='word_1_717' title='bbox 841 2759 979 2793; x_wconf 81' lang='lat' dir='ltr'><strong>pervenit.</strong></span> 
     </span>
    </p>
   </div>
   <div class='ocr_carea' id='block_1_104' title="bbox 225 2845 1011 2882">
    <p class='ocr_par' dir='ltr' id='par_1_104' title="bbox 225 2845 1011 2882">
     <span class='ocr_line' id='line_1_105' title="bbox 225 2845 1011 2882; baseline -0.001 -8"><span class='ocrx_word' id='word_1_718' title='bbox 225 2846 233 2861; x_wconf 83' lang='grc'>¹</span> <span class='ocrx_word' id='word_1_719' title='bbox 246 2845 351 2874; x_wconf 83' lang='lat' dir='ltr'><strong>Coloss.</strong></span> <span class='ocrx_word' id='word_1_720' title='bbox 370 2854 399 2880; x_wconf 88' lang='grc' dir='ltr'><strong>ιι,</strong></span> <span class='ocrx_word' id='word_1_721' title='bbox 418 2846 461 2875; x_wconf 77' lang='grc'><strong>14.</strong></span> <span class='ocrx_word' id='word_1_722' title='bbox 500 2847 509 2863; x_wconf 84' lang='grc'>²</span> <span class='ocrx_word' id='word_1_723' title='bbox 523 2845 589 2874; x_wconf 85' lang='lat' dir='ltr'><strong>Luc.</strong></span> <span class='ocrx_word' id='word_1_724' title='bbox 607 2853 649 2880; x_wconf 92' lang='lat' dir='ltr'><strong>lll,</strong></span> <span class='ocrx_word' id='word_1_725' title='bbox 663 2847 708 2875; x_wconf 73' lang='grc'><strong>23.</strong></span> <span class='ocrx_word' id='word_1_726' title='bbox 749 2847 759 2863; x_wconf 83' lang='grc'>³</span> <span class='ocrx_word' id='word_1_727' title='bbox 774 2846 827 2875; x_wconf 88' lang='lat' dir='ltr'><strong>lsa.</strong></span> <span class='ocrx_word' id='word_1_728' title='bbox 845 2853 901 2880; x_wconf 79' lang='lat' dir='ltr'><strong>Lxl,</strong></span> <span class='ocrx_word' id='word_1_729' title='bbox 917 2847 929 2874; x_wconf 88' lang='grc' dir='ltr'><strong>ι</strong></span> <span class='ocrx_word' id='word_1_730' title='bbox 950 2854 1011 2882; x_wconf 90' lang='lat' dir='ltr'><strong>sqq.</strong></span> 
     </span>
    </p>
   </div>
   <div class='ocr_carea' id='block_1_105' title="bbox 1033 2345 1825 2381">
    <p class='ocr_par' dir='ltr' id='par_1_105' title="bbox 1033 2345 1825 2381">
     <span class='ocr_line' id='line_1_106' title="bbox 1033 2345 1825 2381; baseline 0.001 -10"><span class='ocrx_word' id='word_1_731' title='bbox 1033 2346 1156 2372; x_wconf 82' lang='grc' dir='ltr'>τουτέστι</span> <span class='ocrx_word' id='word_1_732' title='bbox 1173 2346 1210 2381; x_wconf 86' lang='grc' dir='ltr'><strong>μὴ</strong></span> <span class='ocrx_word' id='word_1_733' title='bbox 1225 2345 1502 2381; x_wconf 80' lang='grc' dir='ltr'>ἀντιλεγόμενον.Τὸν</span> <span class='ocrx_word' id='word_1_734' title='bbox 1518 2345 1572 2380; x_wconf 82' lang='grc' dir='ltr'><strong>γὰρ</strong></span> <span class='ocrx_word' id='word_1_735' title='bbox 1583 2345 1690 2381; x_wconf 85' lang='grc' dir='ltr'>πρῶτον</span> <span class='ocrx_word' id='word_1_736' title='bbox 1703 2346 1825 2372; x_wconf 76' lang='grc' dir='ltr'>ἐνιαυτὸν</span> 
     </span>
    </p>
   </div>
   <div class='ocr_carea' id='block_1_106' title="bbox 1035 2390 1826 2428">
    <p class='ocr_par' dir='ltr' id='par_1_106' title="bbox 1035 2390 1826 2428">
     <span class='ocr_line' id='line_1_107' title="bbox 1035 2390 1826 2428; baseline 0.001 -11"><span class='ocrx_word' id='word_1_737' title='bbox 1035 2391 1105 2426; x_wconf 84' lang='grc' dir='ltr'>μετὰ</span> <span class='ocrx_word' id='word_1_738' title='bbox 1118 2391 1276 2428; x_wconf 71' lang='grc' dir='ltr'>τριακοστὸν</span> <span class='ocrx_word' id='word_1_739' title='bbox 1292 2392 1351 2423; x_wconf 73' lang='grc' dir='ltr'>ἔτος</span> <span class='ocrx_word' id='word_1_740' title='bbox 1366 2392 1415 2426; x_wconf 82' lang='grc' dir='ltr'>τῆς</span> <span class='ocrx_word' id='word_1_741' title='bbox 1431 2391 1513 2418; x_wconf 88' lang='grc' dir='ltr'><strong>αὐτοῦ</strong></span> <span class='ocrx_word' id='word_1_742' title='bbox 1527 2390 1660 2427; x_wconf 75' lang='grc' dir='ltr'>ἐνσάρκου</span> <span class='ocrx_word' id='word_1_743' title='bbox 1674 2392 1826 2427; x_wconf 81' lang='grc' dir='ltr'>παρουσίας</span> 
     </span>
    </p>
   </div>
   <div class='ocr_carea' id='block_1_107' title="bbox 1034 2436 1824 2473">
    <p class='ocr_par' dir='ltr' id='par_1_107' title="bbox 1034 2436 1824 2473">
     <span class='ocr_line' id='line_1_108' title="bbox 1034 2436 1824 2473; baseline 0.003 -11"><span class='ocrx_word' id='word_1_744' title='bbox 1034 2437 1179 2473; x_wconf 78' lang='grc' dir='ltr'>ἐκήρυσσε,</span> <span class='ocrx_word' id='word_1_745' title='bbox 1194 2437 1241 2464; x_wconf 71' lang='grc' dir='ltr'><strong>καὶ</strong></span> <span class='ocrx_word' id='word_1_746' title='bbox 1253 2437 1353 2469; x_wconf 76' lang='grc' dir='ltr'>πάντες</span> <span class='ocrx_word' id='word_1_747' title='bbox 1364 2437 1553 2472; x_wconf 80' lang='grc' dir='ltr'>κατεδέχοντο·</span> <span class='ocrx_word' id='word_1_748' title='bbox 1569 2437 1616 2463; x_wconf 82' lang='grc' dir='ltr'>καὶ</span> <span class='ocrx_word' id='word_1_749' title='bbox 1626 2436 1687 2463; x_wconf 72' lang='grc' dir='ltr'>οὔτε</span> <span class='ocrx_word' id='word_1_750' title='bbox 1706 2437 1824 2464; x_wconf 86' lang='grc' dir='ltr'>Ἰουδαῖοι</span> 
     </span>
    </p>
   </div>
   <div class='ocr_carea' id='block_1_108' title="bbox 1034 2482 1826 2519">
    <p class='ocr_par' dir='ltr' id='par_1_108' title="bbox 1034 2482 1826 2519">
     <span class='ocr_line' id='line_1_109' title="bbox 1034 2482 1826 2519; baseline 0.001 -10"><span class='ocrx_word' id='word_1_751' title='bbox 1034 2483 1186 2517; x_wconf 81' lang='grc' dir='ltr'>ἀντέλεγον,</span> <span class='ocrx_word' id='word_1_752' title='bbox 1207 2482 1269 2510; x_wconf 81' lang='grc' dir='ltr'>οὔτε</span> <span class='ocrx_word' id='word_1_753' title='bbox 1280 2483 1353 2519; x_wconf 73' lang='grc' dir='ltr'>ἔθνη,</span> <span class='ocrx_word' id='word_1_754' title='bbox 1367 2483 1429 2510; x_wconf 82' lang='grc' dir='ltr'>οὗτε</span> <span class='ocrx_word' id='word_1_755' title='bbox 1445 2483 1627 2519; x_wconf 85' lang='grc' dir='ltr'>Σαμαρεῖται·</span> <span class='ocrx_word' id='word_1_756' title='bbox 1643 2483 1712 2510; x_wconf 82' lang='grc' dir='ltr'>ἀλλὰ</span> <span class='ocrx_word' id='word_1_757' title='bbox 1726 2483 1826 2516; x_wconf 78' lang='grc' dir='ltr'>πάντες</span> 
     </span>
    </p>
   </div>
   <div class='ocr_carea' id='block_1_109' title="bbox 1034 2526 1827 2565">
    <p class='ocr_par' dir='ltr' id='par_1_109' title="bbox 1034 2526 1827 2565">
     <span class='ocr_line' id='line_1_110' title="bbox 1034 2526 1827 2565; baseline 0.001 -10"><span class='ocrx_word' id='word_1_758' title='bbox 1034 2529 1120 2565; x_wconf 86' lang='grc' dir='ltr'>ἡδέως</span> <span class='ocrx_word' id='word_1_759' title='bbox 1136 2529 1233 2564; x_wconf 71' lang='grc' dir='ltr'>ἤκουον</span> <span class='ocrx_word' id='word_1_760' title='bbox 1255 2529 1348 2555; x_wconf 83' lang='grc' dir='ltr'>αὑτοῦ.</span> <span class='ocrx_word' id='word_1_761' title='bbox 1371 2529 1415 2556; x_wconf 83' lang='grc' dir='ltr'>Ἐν</span> <span class='ocrx_word' id='word_1_762' title='bbox 1428 2526 1450 2563; x_wconf 84' lang='grc' dir='ltr'>ᾦ</span> <span class='ocrx_word' id='word_1_763' title='bbox 1467 2529 1582 2564; x_wconf 71' lang='grc' dir='ltr'>ἐνιαυτῷ</span> <span class='ocrx_word' id='word_1_764' title='bbox 1599 2529 1702 2556; x_wconf 79' lang='grc' dir='ltr'>ἄνεισιν</span> <span class='ocrx_word' id='word_1_765' title='bbox 1718 2530 1759 2561; x_wconf 88' lang='grc' dir='ltr'>εἰς</span> <span class='ocrx_word' id='word_1_766' title='bbox 1780 2530 1827 2556; x_wconf 83' lang='grc' dir='ltr'><strong>Ἰε-</strong></span> 
     </span>
    </p>
   </div>
   <div class='ocr_carea' id='block_1_110' title="bbox 1034 2572 1826 2610">
    <p class='ocr_par' dir='ltr' id='par_1_110' title="bbox 1034 2572 1826 2610">
     <span class='ocr_line' id='line_1_111' title="bbox 1034 2572 1826 2610; baseline 0.001 -9"><span class='ocrx_word' id='word_1_767' title='bbox 1034 2575 1182 2610; x_wconf 85' lang='grc' dir='ltr'>ροσόλυμα,</span> <span class='ocrx_word' id='word_1_768' title='bbox 1213 2576 1281 2610; x_wconf 83' lang='grc' dir='ltr'>μετὰ</span> <span class='ocrx_word' id='word_1_769' title='bbox 1306 2576 1336 2602; x_wconf 83' lang='grc' dir='ltr'><strong>τὸ</strong></span> <span class='ocrx_word' id='word_1_770' title='bbox 1357 2575 1550 2610; x_wconf 84' lang='grc' dir='ltr'>βαπτισθῆναι,</span> <span class='ocrx_word' id='word_1_771' title='bbox 1573 2576 1620 2602; x_wconf 68' lang='grc' dir='ltr'>καὶ</span> <span class='ocrx_word' id='word_1_772' title='bbox 1640 2572 1755 2602; x_wconf 69' lang='grc' dir='ltr'>δῐέλθεῖν</span> <span class='ocrx_word' id='word_1_773' title='bbox 1777 2576 1826 2607; x_wconf 80' lang='grc' dir='ltr'>τὰς</span> 
     </span>
    </p>
   </div>
   <div class='ocr_carea' id='block_1_111' title="bbox 1031 2621 1826 2657">
    <p class='ocr_par' dir='ltr' id='par_1_111' title="bbox 1031 2621 1826 2657">
     <span class='ocr_line' id='line_1_112' title="bbox 1031 2621 1826 2657; baseline 0.001 -10"><span class='ocrx_word' id='word_1_774' title='bbox 1031 2621 1235 2656; x_wconf 77' lang='grc' dir='ltr'>τεσσαράκοντα</span> <span class='ocrx_word' id='word_1_775' title='bbox 1248 2622 1354 2657; x_wconf 78' lang='grc' dir='ltr'>ἡμέρας</span> <span class='ocrx_word' id='word_1_776' title='bbox 1367 2621 1414 2648; x_wconf 82' lang='grc' dir='ltr'>τοῦ</span> <span class='ocrx_word' id='word_1_777' title='bbox 1428 2621 1593 2657; x_wconf 86' lang='grc' dir='ltr'>πειρασμοῦ,</span> <span class='ocrx_word' id='word_1_778' title='bbox 1608 2622 1654 2648; x_wconf 76' lang='grc' dir='ltr'>καὶ</span> <span class='ocrx_word' id='word_1_779' title='bbox 1665 2621 1826 2654; x_wconf 72' lang='grc' dir='ltr'>ἐκλέξασθαι</span> 
     </span>
    </p>
   </div>
   <div class='ocr_carea' id='block_1_112' title="bbox 1031 2666 1824 2703">
    <p class='ocr_par' dir='ltr' id='par_1_112' title="bbox 1031 2666 1824 2703">
     <span class='ocr_line' id='line_1_113' title="bbox 1031 2666 1824 2703; baseline 0.001 -11"><span class='ocrx_word' id='word_1_780' title='bbox 1031 2667 1094 2698; x_wconf 72' lang='grc' dir='ltr'>τοὺς</span> <span class='ocrx_word' id='word_1_781' title='bbox 1108 2666 1204 2693; x_wconf 84' lang='grc' dir='ltr'>ἑαυτοῦ</span> <span class='ocrx_word' id='word_1_782' title='bbox 1220 2666 1354 2703; x_wconf 83' lang='grc' dir='ltr'>μαθητὰς,</span> <span class='ocrx_word' id='word_1_783' title='bbox 1373 2667 1538 2701; x_wconf 78' lang='grc' dir='ltr'>ἀνακάμψας</span> <span class='ocrx_word' id='word_1_784' title='bbox 1549 2666 1604 2693; x_wconf 77' lang='grc' dir='ltr'>ἀπὸ</span> <span class='ocrx_word' id='word_1_785' title='bbox 1614 2667 1661 2693; x_wconf 82' lang='grc' dir='ltr'>τοῦ</span> <span class='ocrx_word' id='word_1_786' title='bbox 1672 2667 1824 2703; x_wconf 71' lang='grc' dir='ltr'>πειρασμοῦ</span> 
     </span>
    </p>
   </div>
   <div class='ocr_carea' id='block_1_113' title="bbox 1033 2712 1826 2748">
    <p class='ocr_par' dir='ltr' id='par_1_113' title="bbox 1033 2712 1826 2748">
     <span class='ocr_line' id='line_1_114' title="bbox 1033 2712 1826 2748; baseline 0.001 -9"><span class='ocrx_word' id='word_1_787' title='bbox 1033 2713 1080 2739; x_wconf 75' lang='grc' dir='ltr'>ἐπὶ</span> <span class='ocrx_word' id='word_1_788' title='bbox 1095 2712 1140 2739; x_wconf 85' lang='grc' dir='ltr'>τὸν</span> <span class='ocrx_word' id='word_1_789' title='bbox 1160 2713 1305 2748; x_wconf 83' lang='grc' dir='ltr'>Ἰορδάνην,</span> <span class='ocrx_word' id='word_1_790' title='bbox 1319 2713 1366 2739; x_wconf 75' lang='grc' dir='ltr'><strong>καὶ</strong></span> <span class='ocrx_word' id='word_1_791' title='bbox 1379 2712 1490 2740; x_wconf 84' lang='grc' dir='ltr'>διελθὼν</span> <span class='ocrx_word' id='word_1_792' title='bbox 1502 2713 1549 2739; x_wconf 78' lang='grc' dir='ltr'>ἐπὶ</span> <span class='ocrx_word' id='word_1_793' title='bbox 1560 2713 1610 2748; x_wconf 80' lang='grc' dir='ltr'>τῆς</span> <span class='ocrx_word' id='word_1_794' title='bbox 1628 2712 1767 2747; x_wconf 70' lang='grc' dir='ltr'>θαλάσσης</span> <span class='ocrx_word' id='word_1_795' title='bbox 1776 2712 1826 2748; x_wconf 85' lang='grc' dir='ltr'>τῆς</span> 
     </span>
    </p>
   </div>
   <div class='ocr_carea' id='block_1_114' title="bbox 1033 2758 1825 2795">
    <p class='ocr_par' dir='ltr' id='par_1_114' title="bbox 1033 2758 1825 2795">
     <span class='ocr_line' id='line_1_115' title="bbox 1033 2758 1825 2795; baseline 0 -11"><span class='ocrx_word' id='word_1_796' title='bbox 1033 2758 1202 2794; x_wconf 74' lang='grc' dir='ltr'>Τιϐεριάδος,</span> <span class='ocrx_word' id='word_1_797' title='bbox 1217 2758 1264 2784; x_wconf 79' lang='grc' dir='ltr'>ἐπὶ</span> <span class='ocrx_word' id='word_1_798' title='bbox 1277 2758 1326 2794; x_wconf 82' lang='grc' dir='ltr'><strong>τὴν</strong></span> <span class='ocrx_word' id='word_1_799' title='bbox 1338 2758 1465 2794; x_wconf 75' lang='grc' dir='ltr'>Ναζαρὲτ</span> <span class='ocrx_word' id='word_1_800' title='bbox 1483 2758 1675 2794; x_wconf 85' lang='grc' dir='ltr'>πορευόμενος,</span> <span class='ocrx_word' id='word_1_801' title='bbox 1687 2758 1772 2794; x_wconf 76' lang='grc' dir='ltr'>ἀνέϐη</span> <span class='ocrx_word' id='word_1_802' title='bbox 1785 2758 1825 2795; x_wconf 81' lang='grc' dir='ltr'>δη-</span> 
     </span>
    </p>
   </div>
   <div class='ocr_carea' id='block_1_115' title="bbox 1051 2846 1539 2885">
    <p class='ocr_par' dir='ltr' id='par_1_115' title="bbox 1051 2846 1539 2885">
     <span class='ocr_line' id='line_1_116' title="bbox 1051 2846 1539 2885; baseline 0.006 -12"><span class='ocrx_word' id='word_1_803' title='bbox 1051 2846 1100 2875; x_wconf 77' lang='lat' dir='ltr'><strong>l&#39;F.</strong></span> <span class='ocrx_word' id='word_1_804' title='bbox 1119 2846 1263 2875; x_wconf 79' lang='grc' dir='ltr'>ὲνσάοκου.</span> <span class='ocrx_word' id='word_1_805' title='bbox 1301 2849 1311 2864; x_wconf 78' lang='grc'><strong><em>⁵</em></strong></span> <span class='ocrx_word' id='word_1_806' title='bbox 1329 2847 1360 2875; x_wconf 82' lang='lat' dir='ltr'><strong>F.</strong></span> <span class='ocrx_word' id='word_1_807' title='bbox 1373 2847 1539 2885; x_wconf 78' lang='grc' dir='ltr'>δωδεκάτης.</span> 
     </span>
    </p>
   </div>
  </div>
