1964 3047
111 113 162 141 937

482 109 667 139 ADVERSUS
686 107 859 137 HERESES
872 107 904 135 ιι

958 106 991 135 ll.
1012 107 1094 135 ΤΟΜ.
1115 107 1173 134 1.-
1182 101 1383 135 ΗᾹΞΒΕ5.ἺΛ.

1685 106 1739 133 958

110 173 189 200 ταδύο
202 172 264 208 ἐτη,
285 172 333 198 καὶ
354 171 388 198 οδ¹
402 170 508 206 ἡμέρας
519 179 525 185 ·
541 170 596 197 ἀπὸ
610 170 640 196 δὲ
658 170 746 205 ἀρχῆς
769 168 898 200 ὑπατείας

956 171 977 194 ιι
994 153 1083 194 totum
1103 167 1163 202 ejus
1183 168 1245 196 vitae
1267 172 1375 204 tempus
1392 167 1426 194 ab
1443 171 1507 194 ortu
1528 165 1560 194 ad
1584 165 1740 201 passionum

110 216 252 244 Σιλουανοῦ
267 216 315 243 καὶ
329 215 439 252 Νερούα
451 215 497 241 δύο
511 215 559 251 ἔτη
580 215 629 242 καὶ
645 214 696 250 ρλδ¹
710 214 827 250 ἡμέρας.
846 213 901 240 Καὶ

110 263 270 298 ὲλήλεγκται
286 262 335 297 μὲν
350 261 467 288 ἐνταῦθα
479 261 493 288 ό
501 260 701 296 προειρημένος
713 259 900 291 Οὐαλεντῖνος,

110 307 156 333 καὶ
169 307 194 332 ol.
210 306 301 333 πολλοὶ
319 307 343 332 οἱ
359 306 419 333 κατ’
436 305 516 332 αὐτόν
538 305 727 341 ἀφραίνοντες.
750 304 900 340 Ὴλὲγχθη-

112 360 159 378 σαν
172 352 218 378 καὶ
233 352 256 377 ai
273 350 488 386 ἀποϐαλλόμενοι
505 349 535 376 τὸ
548 349 619 377 κατὰ
640 349 766 384 Ἰωάννην
780 347 902 382 Εὐαγγέ-

110 397 175 429 λιον,
203 396 249 428 οὓς
272 396 383 428 δικαίως
405 396 519 430 ἀλόγους
547 394 709 430 καλέσομαι,
735 393 829 430 ἐπειδὴ
855 393 901 420 τὸν
931 396 934 399 ’

111 444 196 477 Λόγον
208 444 255 470 τοῦ
269 443 337 470 Θεοῦ
357 442 566 474 ἀποϐάλλονται,
584 442 631 469 τὸν
648 442 692 469 διὰ
712 442 838 477 Ἰωάννην
851 450 902 478 κηο

112 489 256 525 ρυχθὲντα,
280 489 413 525 πατρικὸν
436 489 502 515 Θεὸν
520 489 617 523 Λόγον,
634 489 682 515 ἀπ’
698 488 813 524 οὐρανοῦ
836 497 902 515 κατ-

111 535 269 570 εληλυθότα,
295 537 344 562 καὶ
371 535 508 571 σωτηρίαν
531 536 598 571 ἡμῖν
628 534 825 571 ἐργασάμενον,
852 534 902 570 τῆς

112 581 201 617 πάσης
217 581 300 608 αὑτοῦ
315 581 449 617 ὲνσάρκου
474 581 636 616 παρουσίας.
653 581 713 607 ’Ὁτι
728 580 782 607 ἀπό
798 589 828 606 τε
848 579 902 606 τῶν

112 628 258 660 ὑπατειῶν,
274 628 321 655 καὶ
333 628 387 654 ἀπὸ
398 627 452 654 τῶν
467 627 546 660 ἐτῶν,
560 627 607 654 καὶ
618 626 671 653 ἀπὸ
683 627 733 662 τῆς
745 626 902 658 συστάσεως

111 673 158 701 τοῦ
175 673 315 709 προφήτου
339 672 462 703 Ἡσαΐου,
488 672 535 699 καὶ¹
552 671 606 698 ἀπὸ
626 671 673 697 τοῦ
700 670 770 698 κατὰ
795 671 902 698 Λουκᾶν

112 718 289 752 Εὑαγγελίου.
300 718 347 744 καὶ
363 717 417 744 ἀπὸ
429 717 475 744 τοῦ
490 716 562 744 κατὰ
578 717 714 752 Ἰωάννην,
730 717 777 743 καὶ
787 717 842 744 ἀπὸ
855 715 902 743 τοῦ

112 764 182 793 κατὰ
196 763 345 794 Ματθαῖον,
358 763 404 791 καὶ
414 763 468 790 ἀπὸ
481 763 527 789 τοῦ
539 762 610 789 κατὰ
623 763 748 798 Μάρκον,
760 762 806 789 καὶ
818 762 903 796 ἁπαξ-

111 810 205 842 απλῶς
237 809 405 845 πανταχόθεν
428 808 598 844 ὴλέγχθησαν
623 809 648 835 οἱ
682 808 900 844 πεπλανημένοι·

112 857 152 884 ὅτι
167 857 198 883 οὐ
215 856 296 892 μόνον
317 855 346 882 ἓν
363 856 460 890 Πάσχα.
477 854 547 890 μετὰ
566 854 616 890 τὴν
639 854 728 890 ἀρχὴν
747 853 793 880 τοῦ
819 853 904 889 κηρύ-

111 911 215 938 γματος
228 902 299 929 κατὰ
311 901 435 936 περίοδον
458 900 553 936 χρόνον
574 899 697 927 ἐνιαυτοῦ
719 899 898 926 ἀπετέλεσεν-

111 948 180 976 arma:
202 948 342 984 περιόδους
365 947 450 983 τριῶν
469 946 604 973 ὑπατειῶν
625 945 701 981 παρά
718 955 744 972 τι
758 946 900 981 ἐπλήρωσε

114 994 182 1031 μετὰ
207 994 238 1021 τὸ
258 993 382 1021 Ἰωάννου
410 992 562 1028 βάπτισμα.
587 991 642 1018 Καὶ
664 991 792 1024 ἐξέπεσεν
811 991 827 1017 ό
847 991 902 1018 τῶν

112 1039 378 1077 ἀπαρακολουθήτων
394 1039 472 1073 λόγος
493 1038 648 1065 παντάπασι
662 1039 711 1073 τῆς
726 1038 841 1073 πλάνης,
855 1038 902 1065 καὶ

112 1087 215 1118 ἀνοίας,
235 1087 282 1114 καὶ
301 1086 432 1121 ἀμαθίας,
448 1085 480 1112 οὐ
502 1085 581 1120 μόνον
597 1084 634 1120 μὴ
653 1084 840 1120 γινωσκούσης
853 1085 902 1121 τὴν

113 1131 210 1158 ἑαυτοῦ
232 1130 314 1166 ζωὴν,
335 1129 404 1157 ἀλλὰ
423 1130 469 1156 καὶ
484 1129 590 1164 ψευδῶς
614 1130 684 1156 κατὰ
700 1130 749 1165 τῆς
774 1129 903 1165 ἀληθείας

116 1176 202 1212 μάτην
217 1175 492 1212 ἐπιστρατευομένης-.

148 1309 213 1336 KG’.
228 1307 399 1344 Εὖρίσκομεν
418 1306 473 1343 γὰρ
497 1307 544 1334 καὶ
564 1307 750 1343 ὲμφερόμενόν
774 1315 824 1333 που
846 1308 902 1342 (45)

113 1356 170 1387 τοῖς
200 1355 290 1389 λόγοις
312 1353 418 1385 τούτοις
445 1352 649 1388 γεγραμμένον,
667 1353 708 1378 ὅτι
732 1353 746 1379 ὁ
767 1352 813 1380 τοῦ
836 1353 904 1379 Θεοῦ

114 1401 262 1435 ἁγέννητος
276 1399 362 1434 Λόγος
373 1400 405 1426 ἐκ
421 1398 468 1425 τοῦ
481 1398 549 1425 Θεοῦ
566 1398 629 1434 περὶ
644 1398 673 1424 τὸ
686 1399 905 1433 τεσσαρακοστὸν

116 1448 174 1480 Ero;
189 1446 343 1481 Αὐγούστου
354 1446 388 1478 ,ί-
403 1446 471 1480 6περ
485 1444 580 1479 λέληθε
592 1443 638 1471 τὸν
650 1445 803 1480 γράψαντα,
820 1444 837 1480 ἢ
857 1445 906 1480 τῆς

114 1492 160 1519 διὰ
177 1491 224 1519 τοῦ
243 1491 312 1526 βῆτα
327 1491 417 1526 ψήφου
433 1489 658 1525 ἀπαλειφθείσης,
672 1490 718 1517 καὶ
733 1490 780 1517 τοῦ
799 1490 835 1525 μῦ
858 1491 906 1526 μό-

115 1547 160 1566 νον
176 1537 447 1574 παραμεμενηκότος,
462 1539 486 1572 μ’
500 1536 632 1571 ἐποίησαν
645 1536 714 1571 μόνα
725 1536 783 1572 ἐτη.
795 1537 840 1572 Τῷ
853 1537 908 1572 γὰρ

115 1583 325 1620 τεσσαρακοστῷ
335 1583 454 1618 δευτέρῳ
465 1582 521 1608 ἔτει
537 1582 692 1618 Αὐγούστου
707 1583 848 1618 ἐγεννήθη.
858 1583 909 1610 Φά-

116 1630 221 1662 σκειδὲ,
231 1631 271 1657 ὃτι
282 1630 335 1666 πρὸ
345 1629 457 1656 δεκαδύο
470 1627 677 1664 (Ᾱϋ)Καλανδῶν
685 1628 800 1655 Ἰουλίων
812 1628 828 1665 ἦ
843 1630 909 1657 Ἰου-

153 1692 161 1708 ¹
181 1691 259 1719 Deest
276 1691 398 1719 verbum.

157 1753 212 1786 (ιδ)
224 1753 412 1787 εὑρίσκομεν
419 1752 474 1786 γὰρ
485 1751 533 1778 καὶ
545 1751 747 1787 ἐμφερόμενόν
761 1758 830 1778 που.
843 1751 907 1784 Qui-

118 1790 171 1817 bus
184 1785 210 1815 iu
229 1785 305 1815 libris
320 1785 701 1823 reperissedicatgioirsatis
717 1785 849 1823 declarat.
864 1787 905 1814 An

118 1825 152 1852 de
168 1825 218 1850 hoc
236 1831 286 1850 suo
305 1821 388 1858 opere
411 1822 532 1857 l0quitur
551 1821 732 1858 Epiphanius,
752 1822 779 1848 in
798 1829 855 1858 quo
873 1823 906 1850 li-

119 1860 272 1887 brariorum
291 1855 464 1887 oscitantiam
483 1855 611 1884 accuset?
632 1855 732 1883 Verum
744 1864 775 1883 ex
797 1856 832 1884 iis
845 1865 906 1892 quae

119 1899 291 1929 sequuntur,
317 1894 424 1921 videtur
452 1892 821 1929 anékounchrouologicos.
849 1892 906 1929 sive

120 1927 269 1957 historicos
280 1929 491 1958 commentarios
504 1927 665 1962 intelligere.
677 1927 706 1954 In
721 1927 823 1962 quibus
836 1928 859 1954 si
873 1936 905 1954 ιιι.

119 1965 236 1999 Augusti
259 1972 331 1992 anno
359 1969 451 1991 natum
481 1962 651 1999 Salvatorem
674 1970 736 1999 esse
765 1962 904 1999 proditum

121 1996 184 2031 fuit,
198 2007 253 2026 non
267 1999 334 2027 adeo
347 2006 443 2026 recens
459 2003 501 2026 est
517 1998 563 2025 illa
578 1996 702 2025 Deekerii
716 1997 833 2024 assertio
847 2005 909 2032 quae

119 2043 183 2063 eum
202 2035 290 2069 ipsum
309 2042 410 2061 annum
423 2038 526 2061 ιιιειιιιν.

158 2067 219 2105 (46)⁷
234 2069 344 2096 «Ptiast
379 2069 423 2101 δὲ,
446 2068 491 2095 ὅτι
513 2068 570 2103 πρὸ
589 2068 748 2105 ῥεκαδύο..
764 2067 910 2105 Mendosus

122 2103 219 2140 procul
234 2105 317 2131 dubio
341 2105 392 2131 iste
410 2105 487 2140 locus
512 2108 564 2132 est.
589 2103 682 2138 Neque
707 2103 779 2140 enim
798 2103 907 2140 opinor,

123 2138 284 2167 asserebant
305 2140 354 2178 illi,
368 2139 446 2178 apud
469 2146 538 2173 quos
556 2139 768 2178 quadragesimo
791 2138 908 2178 Augusti

123 2183 197 2202 anno
217 2179 309 2201 natum
331 2173 499 2209 Salvatorem
522 2175 632 2209 reperit,
649 2173 773 2200 Natalem
787 2173 847 2206 ejus
868 2181 907 2199 xu

123 2209 184 2237 Kal.
198 2209 304 2240 Junias,
318 2209 359 2236 vel
372 2208 459 2235 Julias
474 2208 625 2241 accidisse;
649 2209 696 2237 sed
713 2211 743 2235 ut
763 2209 907 2242 sequentia

124 2246 323 2275 demonstrant.
337 2245 371 2272 de
383 2245 569 2278 conceptionis
580 2244 624 2271 die
635 2243 719 2271 locuti
734 2247 809 2274 sunt,
820 2242 907 2270 Julias

124 2281 275 2313 accidisse;
293 2280 339 2307 sed
360 2283 390 2306 ut
411 2280 553 2313 sequentia
570 2279 771 2308 demonstrant.
790 2278 824 2305 de
839 2286 906 2304 con-

124 2315 260 2351 ceptionis
277 2315 324 2351 die
335 2314 418 2351 locuti
438 2318 512 2351 sunt.
527 2313 840 2351 Quam‘restituendunl
849 2321 908 2351 ver-

125 2347 190 2386 bum
201 2355 243 2378 est
257 2350 421 2386 συνελήφθη,
433 2350 506 2386 quod
514 2351 599 2386 culpa
613 2349 786 2386 librariorum
802 2347 905 2384 eﬂ‘ugit.

124 2385 235 2413 Utinam
255 2389 354 2413 cetera
375 2390 430 2412 tam
458 2385 538 2411 facile
559 2385 693 2411 extricare
709 2391 829 2419 possem,
846 2391 907 2418 quae

126 2425 191 2448 sunt
209 2420 435 2455 impeditissima!
452 2419 480 2446 ln
492 2419 587 2455 primis
598 2420 671 2446 enim
687 2427 736 2455 par
748 2419 812 2445 illud
831 2426 904 2455 coss:

125 2454 284 2483 Σουλπικίου
311 2454 512 2490 Καμμαρίνουγ,
541 2460 568 2482 et
595 2454 704 2490 Βηττέω
731 2454 907 2488 Πομπηϊανοῦ

126 2491 237 2518 ὑπάτων
252 2491 334 2518 nullis
349 2491 375 2517 iu
398 2491 475 2518 fastis
496 2490 603 2524 reperio
622 2490 708 2524 (quos
725 2490 810 2516 fuisse
826 2490 908 2516 sulTe-

125 2532 186 2554 ctos
202 2531 323 2561 oportet,
337 2533 385 2561 per
404 2526 585 2561 illaitempora
595 2525 614 2559 ).
630 2525 699 2552 Cum
719 2524 908 2561 igiturauctm

126 2570 171 2589 res
193 2559 242 2593 illi,
261 2559 425 2596 quos—citat
448 2560 636 2595 Epiphanius,
665 2563 758 2586 natum
787 2559 908 2596 dixerint

124 2593 354 2625 Christum—anno
372 2593 487 2631 Augusti
500 2593 546 2631 ιιι,
561 2599 724 2629 conceptum
747 2601 811 2631 vero
825 2593 908 2620 Junio

126 2633 167 2659 vel
182 2631 254 2659 Julio
272 2639 379 2663 mense,
397 2629 429 2658 ac
443 2638 478 2657 vu
500 2630 633 2657 duntaxat
657 2636 766 2656 menses
786 2629 813 2655 in
830 2634 908 2656 utero

144 2671 281 2698 estatum.
306 2667 329 2694 si
350 2666 452 2693 Natalis
475 2665 602 2693 eumdem
629 2672 691 2692 cum
720 2664 855 2699 Egyptiis
881 2668 908 2690 et

141 2703 280 2738 Epiphanio
294 2702 365 2738 diem
388 2701 550 2738 statueript,‘
561 2701 726 2738 convenient
749 2700 774 2725 hi
788 2708 861 2726 coss.
880 2699 906 2725 in

125 2735 229 2765 ann—um
252 2737 365 2772 Augusti
386 2744 480 2763 xxxlx.
498 2735 552 2772 sed
575 2735 690 2772 Augusti
713 2735 909 2772 ir_nper.__anno—

82 2804 85 2806 ,
126 2781 187 2800 rum
205 2769 310 2799 diversa
323 2776 386 2799 sunt
407 2772 495 2800 initia.
512 2771 545 2797 de
558 2769 658 2806 quibus
675 2769 786 2806 copiose
802 2769 907 2806 dictum

126 2813 179 2836 est.
196 2807 263 2834 Nam
279 2811 325 2833 aut
337 2807 372 2834 ab
390 2806 448 2841 ipsa
463 2805 526 2833 Julii
540 2802 657 2841 caesaris
673 2802 749 2841 nece,
761 2802 874 2841 Juliano
888 2811 907 2830 ιι

126 2840 316 2872 numerantur,
333 2845 379 2868 :lut
396 2838 411 2868 ἐ
425 2844 564 2875 sequente,
579 2840 633 2867 Jul.
651 2847 690 2866 Ill.
708 2838 786 2866 Unde
804 2847 837 2866 χι,
854 2838 908 2865 An-

287 2901 423 2931 ΡΑτιιοι..
441 2900 499 2930 Gn.
518 2899 598 2930 XLI.

952 220 1041 251 usque
1068 221 1155 241 annos
1181 222 1277 246 xxxu,
1303 221 1335 241 ac
1359 213 1419 241 dies
1448 220 1526 240 Lxxlv
1559 212 1741 248 colligatzab

952 259 1064 287 ineunte
1086 267 1152 287 vero
1173 259 1259 287 Silani
1275 267 1307 287 ac
1325 259 1421 287 Nervae
1434 259 1579 287 consulatu
1593 259 1656 286 anni
1672 258 1739 289 duo.

952 311 984 331 ac
1000 304 1058 332 dies
1066 311 1168 331 cxxxiv
1181 303 1320 332 ﬂuxerint.
1342 305 1380 331 lta
1400 311 1454 331 non
1471 304 1551 331 modo
1569 302 1740 335 Valentinus.

951 349 1001 378 sed
1016 353 1044 377 et
1057 349 1156 385 reliqui
1171 349 1294 385 ejusdem
1320 353 1472 377 sectatores
1492 350 1616 381 insaniae,
1637 350 1741 377 erroris

951 400 1117 432 arguuntur.
1149 395 1202 423 Sed
1224 399 1252 424 et
1275 395 1315 423 illi
1336 396 1388 431 ipsi
1410 403 1531 431 quoque,
1556 396 1603 431 qui
1626 395 1740 424 Joannis

951 441 1128 477 Evangelium
1141 442 1287 477 abjiciunt,
1301 449 1370 477 quos
1379 442 1491 476 ἀλόγους
1506 442 1604 470 merito
1618 442 1742 470 nomina-

951 495 1024 520 mus,
1040 488 1170 522 quoniam
1194 487 1289 522 Λόγον,
1311 487 1364 515 hoc
1387 492 1429 515 est
1445 487 1492 514 Dei
1511 487 1629 515 Verbum
1645 487 1743 522 pracdi-

951 537 1042 561 catum
1064 540 1080 560 a
1094 532 1200 561 Joanne
1222 533 1385 569 repudiarit;
1407 532 1508 566 Patris,
1530 533 1654 568 inquam,
1680 532 1742 561 Ver-

951 577 1016 606 bum
1035 578 1112 610 illud,
1127 586 1159 606 ac
1175 577 1271 610 Deum,
1288 579 1335 616 qui
1349 579 1383 607 de
1399 580 1470 606 malo
1484 579 1614 614 delapsus
1627 579 1742 606 salutem

950 624 1032 652 nobis
1057 627 1116 652 toto
1140 624 1197 656 illo,
1216 632 1272 660 quo
1296 625 1366 652 inter
1392 625 1518 652 homines
1542 629 1668 653 versatus
1689 630 1741 655 est.

951 675 1075 708 tempore
1088 672 1258 700 conciliavit.
1276 671 1344 699 Nam
1369 677 1396 700 et
1413 672 1573 699 consulares
1588 672 1649 700 illos
1666 671 1740 703 fasti.

952 721 979 744 et
995 725 1130 745 annorum
1153 718 1239 749 series
1253 718 1322 753 ipsa,
1348 723 1374 745 et
1392 717 1468 746 Isaiae
1485 718 1622 753 prophetae
1641 717 1743 745 ﬁrmis-

952 763 1022 791 sima
1038 764 1175 799 probatio,
1191 768 1218 791 et
1234 764 1324 796 Lucae,
1340 763 1466 797 Joannis,
1480 763 1598 791 Matthaei
1612 771 1644 791 ac
1658 763 1742 791 Marci

952 808 1111 846 Evangelia,
1126 813 1164 840 et,
1179 813 1210 836 ut
1225 816 1280 837 uno
1295 809 1376 837 verbo
1393 810 1493 843 dicam,
1513 810 1606 837 omnia
1625 810 1686 837 illos
1699 817 1743 837 ra-

920 849 1063 882 Btionum
1085 855 1205 890 pondera
1231 862 1263 882 ac
1290 860 1427 884 momenta
1452 855 1630 887 convincunt,
1660 855 1743 890 idque

952 901 1042 938 ipsum
1066 900 1139 936 quod
1152 901 1280 929 volumus
1300 901 1419 928 elliciunt
1438 909 1511 928 :non
1528 909 1612 928 unum
1635 901 1743 928 Pascha

951 947 1087 974 duntaxat
1102 954 1116 973 a
1133 947 1336 982 praedicationis
1350 946 1463 975 exordio
1481 954 1572 974 annuo
1590 947 1744 975 celebrasse

952 991 1082 1025 circuitu,
1096 992 1144 1020 sed
1159 1000 1221 1020 cum
1235 993 1318 1019 tertio
1332 993 1443 1027 insuper
1453 992 1599 1020 consulatu
1615 992 1675 1019 vita:
1686 1000 1743 1020 sua:

952 1046 985 1066 ex
1011 1039 1104 1074 aliqua
1129 1038 1226 1067 saltem
1247 1042 1324 1074 parte
1353 1042 1459 1073 lempus
1481 1037 1649 1073 adaequasse,
1669 1041 1744 1072 post-

952 1091 1060 1118 quama
1076 1083 1182 1111 Joanne
1203 1084 1358 1119 baptizatus
1376 1087 1429 1111 est.
1454 1082 1530 1111 Unde
1553 1083 1742 1118 imperitorum

957 1127 1099 1155 hominum
1117 1129 1188 1156 ratio
1202 1130 1294 1157 omnis
1308 1129 1420 1160 excidit,
1436 1136 1552 1164 quorum
1569 1133 1661 1157 tantus
1671 1136 1745 1165 gras-

953 1178 1030 1201 satur
1044 1181 1132 1206 error,
1150 1182 1211 1201 cum
1225 1176 1344 1202 amentia
1354 1174 1518 1209 inscitiaque
1525 1173 1701 1209 conjunctus,
1716 1177 1744 1201 ιιι

954 1227 1044 1255 neque
1057 1221 1141 1248 vitam
1157 1220 1209 1256 ipsi
1224 1229 1301 1248 suam
1316 1224 1478 1256 agnoscant,
1492 1224 1520 1248 et
1537 1220 1571 1247 ad
1584 1227 1744 1256 oppugnan-

954 1265 1015 1293 d‘am
1033 1267 1175 1294 veritatem
1189 1266 1291 1294 frustra
1308 1268 1365 1295 suis
1380 1275 1409 1294 se
1422 1266 1573 1294 mendaciis
1587 1267 1742 1302 accingam.

989 1311 1086 1339 XXIX.
1109 1312 1162 1341 Sed
1181 1313 1234 1340 hoc
1251 1313 1278 1341 in
1297 1313 1373 1341 hisce
1388 1312 1467 1340 libris
1484 1313 1617 1348 scriptum
1638 1313 1745 1340 inveni-

956 1365 1029 1389 mus,
1043 1363 1176 1386 teternum
1195 1359 1240 1387 Dei
1257 1359 1376 1387 Verbum
1390 1366 1462 1386 anno
1475 1359 1590 1394 Augusti
1602 1367 1635 1386 XL
1649 1363 1743 1387 natum

955 1411 1027 1431 csse.
1043 1403 1109 1437 Quae
1124 1409 1166 1432 est
1181 1405 1326 1440 scriptoris
1345 1405 1534 1437 hallucinatio,
1549 1405 1602 1432 nisi
1621 1405 1690 1432 forte
1703 1405 1744 1432 bi-

955 1451 1052 1479 narius
1067 1452 1166 1480 extrita
1182 1453 1272 1481 littera
1289 1453 1311 1488 β¹
1328 1454 1364 1480 sit
1380 1457 1544 1488 expunctus.
1561 1457 1587 1479 et
1600 1453 1636 1479 ita
1653 1461 1685 1479 xr.
1700 1461 1745 1479 se-

959 1497 1014 1524 lum
1028 1498 1098 1537 anni
1112 1500 1302 1526 remanserint.
1325 1498 1423 1526 Natum
1440 1499 1547 1533 quidem
1562 1503 1670 1526 constat
1684 1506 1745 1525 esse

961 1541 1100 1569 Christum
1114 1550 1185 1570 anno
1195 1543 1274 1579 45],
1290 1543 1406 1578 Augusti
1425 1551 1492 1571 xLu.
1508 1543 1616 1570 Addunt
1628 1551 1665 1570 xu
1684 1543 1742 1570 Kal.

959 1586 1047 1616 Julias
1072 1588 1130 1616 sive
1148 1588 1255 1622 Junias,
1278 1596 1367 1624 neque
1392 1589 1466 1617 enim
1494 1593 1568 1616 certo
1585 1589 1652 1620 scio,
1671 1589 1745 1616 istud

962 1634 1105 1667 accidisse,
1119 1635 1236 1670 Sulpltio
1251 1635 1396 1662 Camerino
1410 1639 1437 1662 et
1449 1635 1567 1662 Buteone
1582 1634 1746 1670 Pompeiano

959 1753 1033 1788 gusti
1056 1753 1183 1789 Julianus
1208 1758 1250 1780 est
1268 1754 1310 1789 vel
1335 1761 1378 1781 xu
1406 1754 1447 1781 vel
1472 1761 1546 1785 xui;
1573 1754 1600 1780 in
1627 1762 1744 1789 quorum:

960 1789 1122 1816 alterutrum
1138 1788 1261 1816 Natalem
1279 1788 1381 1816 Christi
1402 1789 1550 1824 scriptores
1566 1789 1604 1815 illi
1617 1788 1744 1824 conjece-

960 1828 1039 1850 rant:
1053 1828 1215 1859 conceptum
1229 1827 1319 1859 autem
1335 1824 1495 1851 asserebant
1509 1823 1563 1850 Jul.
1580 1832 1613 1851 τι,
1625 1823 1743 1851 νείμῃ

959 1866 1077 1894 quorum
1093 1858 1193 1893 aliquis
1215 1858 1343 1886 sull'ectos
1361 1859 1507 1894 illoswross.
1523 1859 1627 1885 habuit.
1647 1859 1744 1887 Verum

959 1893 1090 1928 quoniam
1119 1894 1235 1929 Augusti
1258 1901 1344 1921 annos
1367 1895 1401 1921 ab
1419 1893 1571 1929 Epiphanio
1590 1894 1660 1921 κατὰ
1678 1895 1744 1929 πρό-

959 1902 1090 1928 quoniam
1119 1902 1235 1929 Augusti
1258 1902 1344 1921 annos
1367 1902 1401 1921 ao
1419 1902 1439 1920 ιε.
1461 1902 1571 1929 Ipnamo
1590 1902 1660 1921 κατα
1678 1902 1744 1929 προ-

959 1929 1041 1965 ληψιν
1068 1929 1215 1965 numerarii
1230 1929 1374 1965 docuimus
1399 1936 1419 1965 a_
1439 1902 1584 1965 lialJanq
1607 1933 1637 1956 ιιι
1657 1937 1745 1956 annus

960 1963 1036 1991 illius
1050 1972 1106 1991 XLII
1118 1965 1153 1991 sit
1163 1963 1360 1999 Julianusiille,
1376 1963 1456 1998 cujus
1471 1963 1505 1990 ab
1517 1964 1640 1999 Augusto
1653 1972 1746 1992 mense

962 2007 1016 2026 χιιι
1034 1999 1149 2034 Augusti
1169 1999 1271 2026 inierit.
1291 1998 1367 2025 Unde
1386 2006 1420 2026 ex
1445 1998 1569 2034 ejusdem
1586 2007 1669 2034 sensu
1690 2007 1745 2027 xui

962 2033 1173 2070 Augusti’coss.
1187 2034 1240 2070 sibi
1259 2034 1378 2070 vindicat
1396 2033 1465 2070 Aug.
1483 2041 1532 2060 xui
1544 2038 1575 2070 _et
1592 2033 1744 2070 Silvanum,

963 2068 1016 2096 hac
1028 2070 1134 2096 ratione
1148 2077 1182 2096 χι
1195 2069 1310 2104 Augusti
1323 2068 1396 2097 cadit
1411 2069 1439 2095 in
1455 2068 1627 2096 consulatum
1639 2069 1670 2104 ς.
1684 2069 1747 2104 Cal-

962 2105 1037 2137 visii,
1052 2108 1079 2132 et
1091 2104 1121 2130 L.
1131 2104 1267 2137 Passieni,
1281 2112 1365 2131 xxxix
1379 2111 1444 2139 vero
1457 2104 1528 2139 Aug.
1545 2111 1582 2131 xu
1601 2108 1628 2131 et
1644 2103 1673 2131 L.
1687 2103 1747 2133 Sul-

963 2139 1016 2166 lam
1041 2147 1115 2166 coss.
1143 2139 1235 2174 habet,
1261 2139 1361 2174 quibus
1385 2138 1490 2174 suffecti
1507 2138 1581 2166 sunt
1607 2139 1746 2174 Sulpicius

961 2173 1138 2213 Clamet-inus.
1162 2177 1188 2201 et
1208 2173 1392 2213 Pompeianus
1409 2174 1454 2213 ille
1473 2173 1578 2213 Buteo:
1599 2173 1632 2213 de
1645 2174 1746 2213 opibus

962 2209 1034 2236 circa
1051 2210 1102 2237 hos
1123 2216 1211 2237 annos
1230 2208 1305 2236 nulla
1326 2209 1352 2235 in
1375 2209 1455 2236 fastis
1472 2210 1584 2236 mentio.
1602 2208 1746 2236 Sed'anno

958 2245 1070 2285 delirum
1098 2243 1207 2285 Juliano
1235 2252 1280 2271 LIV
1310 2244 1343 2276 Q.
1370 2243 1508 2285 Sulpicius
1531 2244 1691 2285 Camerinus
1716 2248 1747 2285 et

959 2279 1092 2314 Poppaeus
1116 2279 1235 2306 Sabinus
1259 2287 1333 2306 coss.
1359 2278 1544 2306 ascribuntur.
1575 2278 1613 2306 De
1637 2278 1747 2314 Βηττέῳ

959 2314 1128 2350 Πομπηῖανῷ
1141 2314 1208 2341 nihil
1222 2315 1336 2349 reperio.
1358 2314 1437 2350 Quod
1456 2321 1555 2350 nomen
1574 2315 1705 2350 mendose
1716 2314 1746 2350 in

957 2348 1137 2377 dandi'cas'u
1163 2348 1294 2384 scriptum
1314 2352 1367 2376 est.
1390 2349 1502 2384 Corrige
1523 2350 1614 2383 itaque
1636 2348 1747 2383 Βηττέω

958 2384 1136 2420 Πομπηῖανοῦ
1146 2392 1152 2398 ·
1169 2383 1242 2418 quod
1253 2384 1386 2420 orationis
1397 2383 1482 2412 series
1497 2384 1626 2418 postulat.
1637 2383 1745 2418 Alioqui

959 2418 1015 2446 non
1028 2418 1089 2447 sum
1104 2420 1309 2456 nesciustquin
1325 2418 1424 2446 Latino
1447 2426 1523 2456 more
1542 2426 1617 2456 coss_._
1633 2420 1745 2456 nomina

958 2463 1007 2495 per
1018 2453 1290 2495 dativumlinterdupi
1304 2462 1434 2494 expressa
1447 2454 1581 2495 legantur.
1597 2453 1630 2480 Ut
1646 2454 1672 2480 in
1689 2457 1744 2495 νει.

959 2488 1095 2525 inscript.,
1113 2489 1243 2516 Alexand.
1258 2489 1417 2516 Chronico".
1433 2488 1493 2524 pag.
1518 2488 1581 2521 497,
1599 2496 1671 2516 anno
1694 2488 1747 2516 Au-

958 2525 1030 2560 gusti
1047 2524 1090 2552 ’xt.
1109 2530 1206 2560 uatum
1235 2532 1296 2552 esse
1315 2524 1456 2560 Christum
1472 2528 1614 2554 memorat,
1636 2531 1745 2550 monar-

958 2560 1028 2587 chiae
1052 2568 1145 2587 xxvui.
1175 2559 1228 2586 Sed
1260 2559 1419 2586 mendosum
1437 2567 1498 2586 esse
1523 2559 1613 2586 locum
1632 2565 1745 2586 necesse

958 2600 1010 2622 est.
1026 2594 1095 2628 Quia
1107 2603 1168 2630 pag.
1181 2594 1233 2622 455
1247 2602 1334 2622 annos
1351 2594 1472 2630 Augusto
1489 2594 1584 2630 tribuit
1598 2601 1654 2630 tvl,
1671 2601 1745 2630 men—

959 2637 1002 2657 ses
1013 2638 1039 2656 νι
1053 2639 1060 2658 :
1085 2628 1118 2658 ex
1140 2628 1242 2663 Quibus
1255 2637 1301 2656 xiv
1327 2633 1387 2664 post
1398 2628 1507 2656 Christi
1526 2628 1649 2655 Natalem
1664 2629 1742 2654 vixit.

960 2664 1038 2692 Unde
1063 2673 1116 2693 xui
1140 2672 1220 2700 agere
1242 2664 1355 2700 debuit,
1376 2671 1430 2698 quo
1451 2667 1574 2700 tempore
1597 2667 1692 2700 nutus_
1702 2667 1744 2690 est

959 2700 1093 2727 Christus.
1117 2697 1251 2727 Caeterum
1277 2697 1427 2726 Carnarius
1453 2706 1502 2733 pro
1531 2697 1640 2733 Βητῖέω
1668 2697 1745 2732 Πομ-

944 2735 1086 2770 -πηῑανοῦ,
1105 2734 1154 2762 Cn.
1173 2734 1334 2767 Pompeiano
1362 2731 1488 2770 reddidit.
1515 2731 1572 2760 Nos
1595 2731 1743 2759 Buteonem

960 2767 1099 2831 iriteunque
1128 2770 1293 2801 maluimus,
1317 2769 1391 2804 quod
1421 2767 1566 2795 Fabiorum
1592 2774 1745 2801 cognomen

972 2808 1020 2831 ιιιι.

972 2808 1020 2832 uit.

1551 2892 1591 2921 30
