1964 3047
294 122 355 150 ’939

1009 117 1039 146 S.
1059 118 1227 146 EPIPllANIl
1875 115 1914 141 9w

301 186 375 207 coss.
389 177 459 211 Quin
479 177 543 205 illud
559 177 641 205 etiam
659 176 849 209 animadverti,
871 183 918 203 eos
930 176 975 210 qui
992 183 1090 204 conce-

1145 176 1215 207 νίων,
1233 176 1282 202 οὐκ
1297 175 1351 211 ἔχω
1369 175 1468 209 λέγειν,
1485 175 1514 201 ἐν
1535 173 1651 209 ὑπατείᾳ
1669 172 1828 199 Σουλπικίου
1849 173 1918 206 Καμ-

302 225 403 260 ptionis
419 225 489 252 diem
504 224 617 251 deﬁnire
634 224 724 250 conati
741 227 814 255 sunt,
838 230 892 258 quo
908 227 1020 250 sanctus
1035 221 1089 250 Ga-

302 271 371 298 briel
392 271 530 298 ccelestem
553 270 656 305 Virgini
679 270 804 297 nuntium
829 269 930 300 attulit,
948 269 1091 296 nonnullo-

303 325 364 344 rum
383 317 524 345 inhazsisse
544 317 695 347 sententiae,
711 316 757 350 qui
776 316 892 351 septimo
906 323 998 342 mense
1013 315 1091 342 Chri-

305 369 377 390 stum
392 364 420 390 in
436 363 524 390 lucem
541 363 642 390 editum
665 363 788 389 arbitrati
803 366 876 389 sunt.
899 361 1039 397 Siquidem
1054 362 1090 388 ab

303 408 350 436 illo
367 412 490 443 tempore
500 408 535 435 ad
548 416 575 434 xi
591 407 669 443 Tybi,
685 408 743 435 sive
756 415 806 434 vni
820 406 859 434 ld.
875 406 948 439 Jan.,
960 406 1032 441 quod
1046 406 1090 433 die

303 461 367 481 vere
393 452 586 488 Theophania,
612 453 664 480 hoc
682 457 726 479 est
745 452 876 487 apparitio
898 451 957 483 Dei,
979 455 1091 486 propter

305 499 455 527 Salvatoris
478 503 578 532 ortum,
601 498 671 525 facta
692 502 767 531 sunt,
795 498 928 525 mensium
951 498 1088 524 lunarium

305 549 421 580 septem,
450 545 472 573 si
490 544 549 571 dies
564 552 590 571 tv
613 544 745 579 excipias,
770 543 887 578 spatium
909 543 1088 570 intercedere.

304 591 486 624 Quamobrem
503 591 526 618 si
544 590 602 617 haec
618 590 717 616 alicubi
736 590 851 617 forsitan
867 589 996 616 adnotata
1016 589 1089 624 lege-

304 638 355 668 ris.
370 644 435 664 cave
448 644 482 663 ne
498 636 526 662 in
542 643 662 663 errorem
686 635 801 662 incidas.
819 635 891 661 Sane
907 634 1019 669 quidem
1041 642 1089 661 na-

271 687 277 722 ς
305 683 351 709 tali
374 681 476 710 Christi
501 682 553 708 fixa
574 682 633 708 dies
661 685 703 708 est
719 689 745 708 x1
769 681 847 716 Tybi‘.
876 680 928 708 Sed
947 681 1087 708 nonnullis

305 729 393 764 placet
410 737 426 755 x
443 735 551 755 menses
574 728 601 754 in
619 732 697 754 utero
719 727 804 755 fuis'se
819 730 966 762 gestatum,
991 730 1090 761 praeter

304 774 363 801 dies
376 782 422 800 xiv
437 778 463 801 et
479 774 560 801 horas
573 780 645 806 octo,
659 773 705 808 qui
718 777 782 801 sunt
799 780 907 800 menses
918 780 956 806 ix,
969 772 1029 800 dies
1042 781 1087 805 xv,

305 820 379 847 liora!
391 828 427 847 iv.
441 819 469 846 ln
484 827 538 854 quo
550 819 583 846 ad
600 818 755 847 Salomonis
768 819 871 846 dictum
883 819 948 846 illud
960 818 1088 846 allusisse

1141 221 1251 257 μαρίου,
1268 220 1377 256 Βηττὲῳ
1388 219 1557 256 Πομπηῖανῷ
1572 219 1695 250 ὑπάτοις.
1707 218 1791 245 Τοῦτο
1804 217 1832 244 δὲ
1850 218 1918 244 5nd-

1140 276 1226 303 πησα,
1236 268 1277 293 ὄτι
1292 267 1338 294 καὶ
1353 267 1378 292 oi.
1392 265 1514 296 εἰπόντες
1523 265 1572 300 τὴν
1581 264 1687 299 ἡμέραν
1700 264 1749 298 τῆς
1761 263 1919 298 συλλήοζνςως,

1139 314 1187 339 καὶ
1199 313 1237 344 ὡς
1253 312 1446 348 εὐηγγελίσατο
1463 312 1477 337 ὁ
1491 310 1611 345 Γαϐριὴλ
1625 311 1673 345 τὴν
1691 309 1840 345 Παρθένον,
1854 307 1920 335 εἶπον

1139 359 1187 394 τὴν
1204 359 1331 385 ὑπόνοιαν
1349 358 1403 384 τῶν
1419 357 1500 383 τινῶν
1519 357 1651 390 λεγόντων
1674 357 1702 382 ἑν
1719 355 1879 390 παραδόσει,
1893 355 1922 386 ὡς

1139 404 1180 430 ὅτι
1196 403 1238 430 διὰ
1253 403 1322 430 ἑπτὰ
1339 403 1430 438 μηνῶν
1453 401 1595 437 ἐγεννήθη.
1618 402 1782 437 Εὑρήκαμεν
1799 401 1854 436 γὰρ
1877 401 1924 427 ἀπὸ

1139 449 1233 476 τούτου
1249 449 1295 476 τοῦ
1309 449 1488 484 Προπόσωνος
1505 448 1514 463 ⁸
1530 448 1597 482 (47),
1615 447 1667 478 ἓως
1689 447 1836 482 ἑνδεκάτης
1852 447 1924 477 Tuo”;

1139 496 1186 521 aut
1207 494 1260 530 πρὸ
1275 494 1347 521 ὀκτὼ
1372 493 1459 520 Είδῶν
1498 492 1680 528 Ἰανουαρίων,
1706 492 1750 518 ὅτε
1772 491 1884 527 ἀληθῶς
1901 494 1927 518 τὰ

1139 540 1273 574 Θεοφάνια
1288 540 1407 574 ἐγένετο,
1421 539 1468 566 καὶ
1482 538 1625 574 ἐγεννήθη,
1641 537 1710 564 ἑπτὰ
1727 537 1820 573 μηνῶν
1836 538 1928 572 χρόνον

1139 586 1210 613 κατὰ
1224 586 1270 612 τὸν
1287 585 1446 620 σεληνιακὸν
1462 585 1559 621 δρόμον
1573 584 1649 620 παρὰ
1663 584 1769 619 ἡμέρας
1781 583 1866 610 τέσσσ
1873 592 1929 618 ρας.

1141 632 1222 658 Ὥστε
1236 629 1292 663 οὖν,
1303 632 1327 657 εἰ
1337 631 1427 666 εὕροις
1440 631 1468 656 ἐν
1480 628 1719 665 παρασημειώσεσί
1736 637 1787 654 που
1804 637 1930 664 γεγραμ-

1141 675 1219 711 μένα,
1234 675 1271 711 μὴ
1285 676 1403 710 σφάλλου
1419 675 1484 710 περὶ
1499 675 1548 709 τὴν
1562 674 1672 710 εἴδησιν.
1685 673 1730 707 Τῷ
1745 673 1794 709 μὲν
1808 673 1866 709 γὰρ
1877 674 1933 699 Evn

1139 722 1156 756 ἡ
1187 721 1313 756 γέννησις
1337 721 1384 747 τοῦ
1409 720 1558 756 Χριστοῦή
1585 719 1681 755 βεϐαία
1705 719 1773 745 Τυϐὶ
1800 718 1933 752 ἑνδεκάτη

1139 767 1209 794 ἐστι·
1227 767 1299 799 τινὲς
1320 767 1348 793 δέ
1373 774 1464 801 φασιν,
1480 766 1517 797 ὡς
1534 766 1601 792 δέκα
1619 765 1707 800 μῆνας
1725 764 1781 800 (48)
1800 765 1933 800 ἐνεκυμοε

1139 812 1207 848 νήθη
1235 811 1310 846 παρὰ
1335 811 1440 847 ἡμέρας
1466 810 1496 836 ιδ’
1525 810 1572 836 καὶ
1593 809 1665 844 ὧρας
1689 810 1779 836 ὀκτώ’
1804 809 1843 842 ὡς
1865 808 1933 836 εἶναι

304 865 450 892 videntur:
469 864 563 892 Decem
585 865 714 891 mensium
733 865 819 898 spatio
835 869 970 892 concretus
986 865 1013 890 in
1028 872 1091 891 san-

1145 859 1220 885 ὲννέα
1236 858 1325 893 μῆνας
1340 857 1387 883 καὶ
1402 856 1508 891 ἡμέρας
1523 854 1671 882 δεκαπέντε
1687 856 1734 881 καὶ
1745 855 1821 891 ὥρας
1834 856 1933 882 τέσςα·

304 911 383 945 guine
394 911 413 938 ι.
434 910 570 945 Quidquid
586 911 632 942 sit,
648 918 703 938 non
724 910 836 938 dubium
855 915 898 938 est
912 918 938 937 iv
954 911 998 938 die
1009 910 1089 946 Tybi.

305 955 456 983 secundum
475 955 629 990 Egyptios,
655 955 806 982 Salvatoris
833 959 924 982 ortum
945 955 1089 982 accidisse.

305 1001 363 1029 Sub
386 1002 457 1029 idem
483 1009 549 1029 vero
577 1005 669 1037 postea
688 1005 814 1036 tempus,
845 1001 985 1029 tricesimo
1018 1008 1091 1028 anno

305 1051 438 1079 vertente,
450 1047 568 1082 primum
585 1048 612 1074 in
627 1047 702 1074 Cana
719 1046 837 1074 Galilaea:
850 1047 1012 1074 miraculum
1033 1046 1091 1074 edi-

307 1093 356 1124 dit,
371 1097 427 1119 tum
442 1100 504 1120 cum
517 1101 550 1120 ex
566 1100 637 1128 aqua
650 1093 743 1119 vinum
758 1097 799 1120 est
815 1092 930 1120 factum.

344 1245 351 1258 ¹
367 1243 430 1278 Sap.
444 1250 493 1275 vn,
510 1233 550 1265 ἐ·
575 1242 586 1258 ¹
605 1241 755 1276 Suspectus
773 1241 817 1268 hic
832 1241 898 1268 mihi
914 1242 991 1269 locus
1003 1248 1054 1269 est.

343 1320 397 1354 (47)
418 1319 595 1354 Εὑρήκαμεν
619 1318 673 1353 γὰρ
696 1318 755 1345 ἀπὸ
773 1318 880 1354 τούτου
902 1317 957 1354 τοῦ
975 1318 1090 1351 Προπό-

306 1363 413 1387 (Tm-oc.
432 1353 621 1382 Foedissimum
641 1354 686 1380 hic
706 1353 834 1380 mendum
850 1355 902 1386 est,
919 1353 953 1379 de
973 1361 1027 1387 quo
1047 1361 1092 1381 ea-

307 1391 401 1424 pillum
417 1397 469 1417 non
485 1389 651 1424 promittam,
666 1396 753 1424 neque
769 1387 901 1424 occipiam
917 1387 1088 1424 hariolarier.

307 1423 468 1459 Quanquam
486 1423 526 1451 fex
552 1423 783 1459 consequentibus
814 1423 880 1459 quid
911 1423 1088 1450 scribendum

308 1457 463 1487 fuerit-elici
490 1463 590 1494 potest.
612 1457 718 1494 Etenim
734 1458 768 1494 ab
794 1465 827 1485 eo
849 1457 915 1494 _die,_
934 1465 1015 1492 quem
1045 1459 1090 1486 isti

307 1495 396 1522 Natali
415 1492 601 1529 praefiierant,
630 1493 664 1520 ad
690 1493 722 1520 A.
741 1493 770 1519 υ.
788 1500 834 1529 vni
849 1492 888 1529 ld.
902 1492 964 1520 Jan.
975 1501 1090 1529 menses

308 1531 347 1556 ait
365 1522 497 1557 interesse
514 1537 550 1556 vn
567 1522 685 1560 lunares,
702 1529 792 1555 minus
805 1527 901 1555 diebus
915 1536 949 1555 iv.
966 1528 1047 1562 Atqui
1063 1537 1088 1555 v1
1104 1522 1125 1552 C

310 1566 420 1592 lunares
450 1572 558 1591 Ilienses
584 1564 643 1590 dies
667 1563 800 1597 colligunt
824 1570 931 1590 cuxvu
952 1573 959 1590 :
989 1564 1089 1597 quibus

304 1600 392 1626 additi
412 1606 473 1625 xxvi
488 1598 608 1626 ellieiunt
624 1597 683 1625 dies
699 1605 780 1630 ccni;
799 1598 846 1632 qui
863 1598 896 1625 de
918 1605 1029 1625 cchxxi
1046 1599 1092 1625 de-

309 1634 401 1664 tracti,
421 1634 576 1668 relinquunt
589 1633 648 1660 dies
659 1640 776 1668 chvin.
798 1632 893 1667 Itaque
912 1641 993 1660 cunt
1012 1633 1057 1660 die
1075 1641 1090 1660 a

309 1669 369 1696 Kal.
382 1668 456 1699 Jan.,
472 1666 523 1695 huc
535 1673 577 1696 est
598 1675 643 1695 xtv
659 1667 718 1694 Kal.
732 1666 829 1699 Julias,
849 1666 1011 1702 conceptum
1031 1676 1092 1696 esse

310 1704 464 1736 Christum,
484 1707 512 1730 et
528 1710 592 1730 ccni
610 1706 703 1737 postea
719 1702 852 1737 dietsive
867 1710 892 1728 vi
912 1701 973 1729 Jan.
997 1708 1091 1730 natum

302 1742 505 1765 asseverarunt
527 1738 577 1770 illi,
593 1736 626 1765 de
650 1737 751 1771 quibus
769 1736 938 1771 Epiphanius
958 1737 1090 1772 loquitur.

311 1773 440 1807 Adeoque
468 1773 508 1800 sic
523 1772 720 1807 concipiendus
736 1772 780 1798 hic
792 1773 867 1800 locus
882 1772 933 1799 fuit
946 1782 952 1799 :
969 1772 1024 1799 ἀπὸ
1039 1773 1092 1799 τῶν

311 1808 364 1843 πρὸ
376 1808 440 1834 δέκα
454 1807 501 1834 δύο
517 1807 664 1843 Καλανδῶν
688 1807 813 1843 Ἰουλίων.
828 1807 874 1843 νει
896 1807 959 1841 quia
977 1808 1035 1834 dies
1051 1812 1093 1835 est

307 1841 406 1878 .l‘lpiphi
424 1850 498 1874 xxiv,
518 1843 572 1870 ἀπὸ
589 1842 637 1876 τῆς
655 1841 702 1878 τοῦ
719 1842 814 1878 Ἐπιιρὶ
827 1842 874 1869 κδ’.
893 1843 922 1869 AI
944 1843 1093 1870 Cornarius

311 1876 369 1913 πρδ
382 1878 509 1913 Πίσωνος,
524 1878 622 1913 legisse
638 1877 756 1913 videtur.
774 1876 852 1910 Quod
868 1885 922 1913 non
941 1881 982 1904 est
997 1878 1094 1913 impro-

311 1913 443 1944 bandum,
461 1916 491 1939 ut
505 1912 543 1939 ita
555 1912 694 1940 fortassis
718 1912 953 1945 interpretandum
973 1913 1008 1939 sit
1022 1912 1042 1938 z’
1055 1913 1094 1939 Ab

312 1955 384 1983 anno
398 1947 559 1983 consulatus
572 1947 641 1983 Aug.
659 1954 710 1974 xlii
726 1952 759 1983 et
774 1947 889 1980 Plautii,
914 1952 995 1983 atque
1018 1955 1033 1974 ιι
1050 1955 1094 1974 xiv

310 1982 374 2010 Kal.
394 1982 449 2010 Jul.
469 1983 530 2017 ejus
550 1981 627 2010 annir
638 1983 672 2009 ad
689 1991 716 2010 xt
739 1982 818 2018 Tybi,
843 1990 896 2017 quo
920 1981 1052 2009 Lentulus
1069 1987 1095 2009 et

312 2018 377 2058 Piso
395 2025 467 2046 coss.
497 2017 616 2050 fuerunt,
634 2025 671 2044 vn
697 2017 808 2045 lunares
831 2025 940 2045 menses
968 2018 1096 2045 interces-

311 2061 390 2080 SISBC.

349 2087 405 2124 (48)
420 2087 504 2124 Τινὲς
515 2088 548 2115 δέ
560 2087 712 2124 pacand);-
726 2087 798 2114 δέκα
806 2087 915 2124 μῆνας.
930 2086 958 2124 Si
974 2086 1095 2124 Natalem

315 2122 424 2150 Domini
440 2131 466 2150 ιι
484 2123 563 2158 Tybi,
584 2123 641 2149 sive
656 2122 716 2150 Jan.
735 2131 760 2150 νι
780 2122 1097 2158 constituerintiopinio-

314 2159 358 2185 nis
375 2158 448 2185 illius
469 2157 601 2190 vindices,
621 2162 784 2193 conceptum
809 2157 961 2193 ejusﬂipsis
977 2157 1092 2193 Kalend.

1143 912 1209 941 ρας·
1228 903 1405 938 αἰνιττόμενοι
1431 902 1461 928 τὸ
1486 901 1563 936 παρὰ
1588 900 1744 936 Σαλομῶντι
1765 902 1933 937 εἰρημένων

1141 950 1342 984 Δεκαμηνιαίῳ
1357 949 1454 983 χρόνῳ
1480 948 1584 983 παγεὶς
1605 947 1640 974 ἐν
1655 948 1764 982 αἵματι.
1782 948 1881 983 Ὅμως
1909 950 1933 975 ὲι

1144 994 1312 1029 πανταχόθεν
1327 993 1458 1029 ἑνδεκάτῃ
1472 993 1540 1019 Τυϐὶ
1555 993 1614 1019 κατ’
1629 992 1792 1026 Αἰγυπτίους
1802 993 1819 1028 ἡ
1839 1001 1931 1029 προει

1142 1040 1248 1076 ρημένη
1267 1039 1315 1066 τοῦ
1337 1039 1440 1075 Κυρίου
1455 1039 1483 1064 ὲν
1498 1039 1579 1074 σαρκὶ
1600 1038 1722 1074 γέννησις
1742 1038 1861 1072 ἐγένετο.
1879 1039 1933 1076 Κα

1219 1072 1303 1120 αὑτὴν
1323 1083 1371 1120 τὴν
1383 1072 1610 1118 ἕνδεκάτην-(Ᾱῦ),
1627 1072 1694 1118 μεέὰ
1709 1082 1755 1118 ἐτη
1780 1072 1933 1118 τριάκοντῖ

1140 1130 1235 1164 γέγονε
1246 1130 1277 1156 τὸ
1290 1130 1398 1165 πρῶτον
1407 1130 1519 1164 σημεῖον
1529 1129 1558 1155 ἐν
1568 1129 1644 1164 Κανᾷ
1657 1128 1703 1163 τῆς
1716 1127 1874 1160 Γαλιλαίας,
1892 1128 1920 1155 δ’

1139 1177 1171 1204 τὸ
1185 1176 1258 1211 ὕδωρ
1273 1174 1343 1208 οἶνος
1358 1175 1476 1210 ἐγένετο.

1143 1326 1251 1357 recepta
1264 1322 1375 1349 traditio
1387 1326 1438 1357 est,
1452 1320 1593 1348 Christum
1606 1320 1672 1357 Dec.
1681 1328 1735 1357 xxv
1746 1323 1930 1357 natumnesse

1141 1354 1222 1393 quam
1233 1364 1324 1393 _nemo
1345 1356 1475 1393 prudens
1485 1360 1588 1393 temere
1614 1355 1816 1393 sollicitaverit.
1828 1354 1933 1393 _Quan

1141 1390 1268 1422 ridicula,
1284 1395 1311 1418 et
1325 1390 1494 1425 explodenda
1511 1396 1555 1418 est
1567 1390 1699 1425 Scaligeri
1716 1390 1866 1421 divinatio,
1886 1398 1929 1424 qu

1142 1429 1170 1455 in
1182 1426 1305 1462 Append.
1321 1427 1413 1461 operis
1422 1426 1459 1453 De
1468 1425 1571 1453 emend.
1588 1430 1676 1462 tentp.,
1692 1428 1719 1452 et
1735 1425 1810 1462 Isag.
1825 1433 1891 1462 can.
1912 1426 1933 1451 5η

1142 1471 1174 1490 ex
1197 1460 1433 1496 ephemeriarum,
1459 1465 1487 1488 et
1515 1460 1724 1496 sacerdotalium
1753 1460 1933 1496 l'unctioAnun.

1143 1494 1344 1525 orbe—Natalem
1356 1496 1458 1523 Christi
1476 1495 1680 1529 conjiciendum
1695 1495 1796 1522 asserit
1813 1495 1841 1521 in
1856 1494 1930 1529 Sept

1142 1535 1300 1560 exeuntem.
1315 1531 1393 1564 Quod
1415 1539 1519 1558 merum
1539 1531 1676 1557 somnium
1691 1533 1751 1559 est;
1771 1537 1864 1564 neque
1881 1531 1933 1556 ulla

1143 1567 1386 1597 demonstratione,
1410 1570 1457 1592 aut
1473 1571 1548 1592 certo
1567 1565 1659 1599 aliquo
1677 1565 1853 1591 ﬁrmamento
1877 1566 1930 1591 niti

1143 1607 1211 1630 tur:
1234 1602 1352 1637 primum
1377 1601 1442 1663 quia
1463 1601 1583 1627 nondum
1604 1600 1672 1627 satis
1686 1600 1860 1634 exploratum
1885 1604 1933 1626 est.

1143 1645 1203 1663 (tum
1225 1636 1306 1663 fuerit
1323 1644 1375 1663 anu
1417 1635 1526 1663 Judaaos
1545 1635 1620 1663 anni.
1642 1642 1673 1661 ac
1692 1634 1826 1661 mensium
1845 1634 1931 1663 dispo

1142 1645 1203 1672 quae
1225 1634 1306 1664 fuerit
1315 1634 1395 1672 apud
1417 1635 1526 1672 Judaaos
1545 1635 1620 1666 anni,
1642 1642 1673 1661 ac
1692 1634 1826 1661 mensium
1845 1634 1931 1672 dispo

1144 1668 1225 1704 sitio;
1241 1668 1413 1698 deinde'nec
1442 1670 1508 1697 illud
1529 1675 1633 1698 certum
1655 1674 1706 1700 est,
1728 1673 1819 1696 utrum
1847 1668 1933 1695 ludas

1145 1703 1322 1735 Machabaaus
1341 1714 1403 1733 cum
1421 1706 1566 1737 sacriﬁcia,
1580 1710 1607 1732 et
1625 1704 1795 1732 sacerdotum
1819 1703 1933 1731 funclio

1144 1751 1194 1770 nes
1209 1740 1498 1771 iiistaUI'aret.&vw05v
1514 1742 1560 1768 καὶ
1573 1739 1699 1775 ὰπαρχῆς
1713 1740 1933 1775 ephemeriarnm

1144 1778 1238 1805 orbem
1250 1777 1403 1811 repetierit;
1415 1783 1450 1802 an
1463 1782 1525 1810 post
1538 1776 1717 1809 interruptum
1726 1774 1933 1811 AEV§SXEXLGybﬁ

1145 1809 1299 1847 ἐφημερίαν
1322 1811 1395 1847 illam
1413 1809 1595 1847 subStituerit,
1611 1817 1671 1843 qua:
1692 1809 1787 1844 priori.
1813 1811 1874 1836 sub
1887 1818 1933 1844 qua

1146 1845 1277 1880 templum
1303 1847 1337 1872 ab
1363 1845 1496 1880 Antiocho
1519 1846 1649 1872 violatum
1676 1848 1736 1875 est,
1767 1851 1933 1880 successum

1147 1879 1245 1909 fuerat.
1262 1881 1303 1907 Ad
1328 1880 1385 1906 hac
1399 1879 1523 1906 Machab.
1541 1880 1560 1912 I,
1571 1887 1630 1914 cap.
1645 1887 1680 1912 iv,
1696 1887 1767 1906 com.
1781 1879 1828 1910 4'2,
1848 1887 1933 1906 sacer-

1147 1917 1241 1944 dotum
1264 1915 1398 1942 delectum
1419 1915 1546 1942 habuisse
1560 1915 1672 1946 dicitur,
1692 1921 1787 1941 eorum
1811 1915 1931 1944 scilicet.

1167 1952 1193 1978 ui
1216 1950 1314 1984 integri
1333 1950 1553 1984 immaculatique
1576 1948 1675 1980 forent,
1694 1949 1930 1984 qualesinondum

1159 1983 1372 2013 ’ortassis’erant
1396 1984 1491 2018 prima:
1502 1983 1570 2011 vicis
1596 1984 1763 2011 sacerdotes.
1787 1983 1931 2011 Postremo

1147 2021 1315 2056 baptizatum
1331 2026 1391 2046 esse
1407 2018 1546 2046 Christum
1566 2018 1675 2056 Juliano
1692 2027 1766 2052 xxtv,
1781 2019 1930 2056 νει-δειρῆς

1147 2054 1272 2084 absoluto
1286 2062 1350 2086 xxx,
1375 2059 1513 2088 sumptum
1537 2062 1552 2080 a
1569 2054 1724 2089 Scaligero,
1743 2061 1797 2080 non
1820 2054 1930 2082 demon-

1148 2095 1264 2119 stratum
1278 2093 1332 2121 est,
1343 2094 1373 2116 ut
1385 2096 1434 2116 suo
1447 2090 1507 2117 loco
1526 2090 1710 2124 probavimus.
1726 2089 1804 2121 Quod
1822 2090 1849 2117 si
1865 2090 1928 2125 quod

1149 2127 1176 2153 in
1195 2126 1240 2152 illo
1255 2125 1363 2156 vitium,
1376 2129 1403 2152 et
1420 2125 1637 2159 ephemeriarum
1659 2125 1776 2151 circuitu
1799 2126 1927 2152 ιιιοηιιιυιι

1150 2161 1184 2188 ad
1198 2159 1350 2187 eruendum
1374 2160 1477 2187 Christi
1498 2167 1598 2186 annum
1617 2167 1677 2195 esse
1694 2159 1819 2191 videtur,
1847 2165 1927 2195 potest

314 2193 416 2227 Aprilis
443 2194 584 2228 posuerint
608 2191 726 2231 oportet.
742 2193 766 2219 Α
784 2191 838 2227 quo
861 2192 905 2231 die
924 2191 958 2229 at!
983 2199 1009 2231 γε
1028 2192 1090 2231 ἔειῐι-
1110 2195 1130 2223 D
1145 2195 1260 2231 quilibet
1277 2195 1416 2231 nonnullis
1429 2195 1535 2226 eodem,
1555 2194 1760 2231 quo‘Scaliger,
1776 2191 1927 2231 jure-usur-

315 2226 424 2255 mcnses
444 2226 667 2254 iiunierantur’ix
689 2227 748 2255 dies
763 2226 807 2260 xv,
828 2226 873 2261 qui
899 2226 963 2253 sun't
984 2227 1042 2255 dies
1064 2228 1091 2254 in

316 2268 402 2289 totum
415 2270 540 2290 ccuxxt.
557 2262 635 2295 Quod
655 2263 678 2290 si
695 2271 729 2290 cx
747 2262 884 2290 communi
907 2262 1041 2289 sententia
1065 2263 1091 2289 in

316 2305 369 2324 xxv
391 2298 454 2325 Dee.
477 2297 598 2324 Natalem
614 2298 797 2329 contulerint,
817 2301 967 2331 conceptus
990 2296 1092 2324 Christi

316 2332 389 2368 cadit
404 2332 430 2359 in
445 2333 533 2359 Martii
550 2340 594 2359 xx.
617 2332 785 2368 Epiphanius
798 2339 865 2368 vero
882 2339 932 2366 pro
952 2337 1093 2368 comperto

317 2367 412 2394 habuit
424 2368 561 2395 Christum
572 2367 741 2395 natum’esse
754 2375 778 2394 v1
792 2367 865 2399 Jan.,
876 2375 936 2401 quae
953 2367 1004 2393 fuit
1014 2367 1094 2402 Μεγ-

318 2403 435 2438 ptiorum
452 2402 554 2438 opinio.
566 2402 726 2436 Quanquam
742 2407 832 2429 utrum
849 2410 880 2438 ea
897 2403 941 2429 die
963 2403 998 2429 sit
1013 2409 1093 2438 natus

317 2437 457 2465 dubitasse
470 2435 604 2470 ridentur,
619 2435 812 2464 ut’Cassianus
825 2445 839 2464 x
855 2435 936 2469 σοιι.,
946 2445 1005 2472 cap.
1019 2437 1046 2468 2,
1061 2438 1094 2465 si-

318 2471 439 2505 gniﬁcat.
453 2472 578 2499 Clemens
594 2473 794 2500 Alexandrinus
810 2481 817 2499 ι
839 2471 937 2498 Stram.
955 2471 1045 2499 varias
1061 2480 1094 2500 ea

265 2521 270 2526 -
318 2508 352 2532 de
368 2514 395 2533 re
410 2507 557 2534 sententias
570 2509 652 2535 refert
668 2517 674 2533 :
691 2512 720 2534 ut
732 2515 836 2539 eorum,
854 2508 900 2541 qui
919 2515 969 2533 xxv
984 2506 1094 2535 Paehon

319 2546 412 2567 natum
430 2542 560 2574 dicerent,
579 2543 630 2569 hoc
642 2547 683 2570 est
699 2542 761 2568 Maii
787 2550 832 2568 xx.
855 2542 1092 2574 Basilldianorum,

319 2577 364 2609 qui
383 2584 416 2602 xv
430 2575 507 2611 Tybi,
523 2577 579 2603 sive
594 2577 653 2604 Jan.
671 2586 685 2604 x
699 2586 706 2610 ;
727 2579 841 2603 aliorum
855 2577 974 2610 denique
989 2579 1046 2611 qui,
1066 2581 1095 2604 ut

320 2612 498 2647 Epiphanius,
514 2619 539 2638 tu
560 2611 638 2646 Tybi.
656 2611 715 2647 Ipse
739 2619 802 2639 vero
817 2611 942 2639 (lleniens
968 2619 983 2638 a
1004 2612 1094 2639 Natali

320 2645 427 2672 Domini
444 2646 477 2672 ad
492 2645 595 2673 obitum
611 2645 751 2673 Conimodi
768 2654 855 2673 annos
869 2651 1092 2679 ntimeratcxcw,

319 2689 440 2708 niensem
455 2689 474 2712 ι,
490 2681 547 2708 dies
565 2688 625 2708 xm.
640 2680 717 2714 Quod
735 2683 756 2708 si
781 2689 875 2707 verum
892 2685 976 2713 esset,
991 2681 1095 2709 Natalis

319 2716 421 2751 Christi
437 2717 593 2743 conveniret
615 2718 700 2751 Athyr
716 2723 784 2746 χχιι,
799 2716 845 2751 qui
864 2721 905 2742 est
926 2715 993 2744 Nov.
1016 2724 1093 2745 xvut.

319 2750 484 2778 Commodus
496 2759 567 2778 enim
586 2751 653 2778 obiit
669 2750 742 2778 anno
755 2758 814 2778 aera:
833 2750 1005 2785 Dionysiame
1025 2759 1094 2778 cxcu

321 2786 390 2820 prid.
409 2785 466 2821 Kal.
488 2785 550 2813 Jan.
569 2785 653 2821 Natus
673 2786 757 2821 igitur
771 2786 821 2812 erit
837 2785 962 2814 Christus
985 2786 1095 2813 Juliano

320 2827 397 2854 smn,
414 2820 481 2848 Nov.
503 2828 578 2849 M‘Ill.
600 2820 653 2849 Sed
672 2820 759 2852 vetus,
776 2825 802 2848 ct
818 2821 852 2847 ab
869 2822 943 2849 Ouini
972 2822 1094 2849 Ecclesia

1145 2229 1216 2266 palis
1240 2237 1275 2266 acr
1296 2230 1404 2266 positis,
1425 2237 1590 2264 quocunque
1615 2229 1726 2266 libuerit
1743 2229 1839 2256 orbem
1860 2231 1925 2257 illum

1146 2264 1178 2293 ac
1193 2264 1339 2293 circuitum
1355 2265 1506 2297 deducere;
1523 2272 1585 2291 nam
1599 2269 1625 2291 et
1641 2264 1773 2299 Keplerus
1788 2271 1821 2291 ex
1838 2266 1925 2292 eadem

1145 2301 1191 2328 illa
1207 2301 1279 2328 serie
1305 2300 1430 2328 Natalem
1451 2299 1559 2327 Domini
1580 2299 1608 2326 in
1625 2307 1678 2326 xxv
1703 2300 1747 2327 die
1772 2299 1924 2328 Decembris

1145 2336 1268 2364 retinuit.

1182 2371 1234 2398 Sed
1252 2373 1282 2396 ut
1304 2368 1337 2396 ad
1356 2369 1431 2396 illam
1453 2373 1585 2401 revertar,
1601 2376 1682 2403 quam
1699 2369 1875 2404 Epiphanius
1887 2369 1923 2396 ad—

1144 2406 1232 2436 duxit,
1248 2405 1442 2432 nonnullorum
1462 2404 1606 2436 rationem,
1625 2405 1670 2439 qui
1684 2412 1716 2431 ex
1733 2413 1749 2431 κ
1765 2412 1865 2431 mense
1880 2406 1923 2431 dies

1145 2441 1249 2476 aliquot
1264 2441 1365 2476 libasse
1380 2439 1519 2476 Christum
1536 2439 1568 2476 in
1580 2445 1658 2466 utero
1676 2439 1772 2476 matris
1788 2439 1922 2466 existinm-

1145 2473 1220 2508 runt,
1239 2474 1312 2510 quod
1329 2474 1393 2509 Sap.
1407 2481 1456 2506 vn,
1467 2474 1495 2505 2,
1517 2474 1650 2508 scriptum
1667 2474 1721 2501 sit:
1748 2473 1847 2500 Decem
1867 2483 1922 2501 nmi-

1145 2510 1216 2538 sibus
1233 2514 1368 2536 carica-etus
1390 2509 1417 2535 in
1440 2510 1578 2544 sanguine,
1594 2510 1688 2536 eodem
1705 2514 1875 2544 argumento
1889 2511 1922 2535 (Ja-

1145 2546 1263 2572 tholicus
1282 2544 1418 2571 Armeniae
1434 2551 1501 2571 usus
1518 2549 1559 2571 est
1579 2544 1606 2570 in
1621 2544 1749 2579 epistola,
1767 2552 1856 2579 quam
1872 2545 1921 2572 citat

1147 2580 1219 2608 Scal.
1238 2581 1265 2606 in
1282 2579 1354 2614 lsag.
1370 2587 1429 2605 cun.
1447 2587 1509 2614 pag.
1523 2579 1586 2606 501.
1926 2579 1928 2614 l

1181 2615 1237 2649 (49)
1255 2614 1311 2640 Καὶ
1330 2612 1398 2648 Coepi
1415 2612 1512 2648 αὗτῆν
1526 2614 1584 2648 τὴν
1603 2613 1777 2647 ἑνδεκάτην.
1797 2612 1928 2647 Quoniam‘

1145 2654 1240 2677 natum
1259 2657 1321 2677 esse
1332 2649 1474 2677 Christum
1492 2657 1516 2676 ri
1531 2649 1591 2677 Jan.
1605 2651 1755 2676 arbitratus
1776 2655 1832 2680 est,
1855 2653 1921 2684 bapll'

1147 2689 1237 2720 satum
1256 2692 1321 2711 vero
1335 2692 1383 2712 vin
1397 2684 1476 2717 Nov.,
1493 2685 1571 2711 facile
1584 2684 1635 2712 fuit
1649 2685 1801 2720 Epiphanio
1817 2688 1919 2719 primum

1146 2719 1212 2746 illud
1235 2724 1345 2755 mutatae
1370 2728 1447 2755 aqua!
1466 2721 1628 2747 miraculum
1656 2721 1765 2750 eodem,
1783 2728 1840 2754 quo
1858 2727 1919 2748 nam:

1146 2758 1214 2786 erat,
1229 2754 1274 2782 die
1290 2754 1548 2782 l'actum’asserere.
1572 2755 1673 2783 Verum
1694 2763 1756 2782 cum
1782 2759 1873 2783 veteri
1892 2755 1920 2780 ιλι-

1147 2789 1236 2816 clesite
1257 2790 1439 2818 consensione
1463 2798 1516 2816 non
1529 2789 1591 2817 Jan.
1611 2799 1649 2821 vi,
1667 2791 1715 2818 sed
1735 2789 1871 2818 Decemb.
1885 2796 1917 2816 ιιι

1147 2824 1248 2854 Christi
1265 2824 1369 2854 Natalis
1386 2826 1536 2853 attributus
1553 2827 1598 2858 sit,
1616 2826 1773 2858 baptismus
1793 2834 1863 2854 vero
1879 2825 1918 2853 ln-
