1964 3047
127 170 178 196 N5
502 171 687 201 ADVEllSUS
704 173 876 202 HIEliESES
894 173 960 202 LIB.
980 175 1003 203 ll
1023 175 1106 203 TUM.
1127 175 1148 203 1.
1169 191 1204 196 ——
1224 175 1360 204 llAﬂﬂES.
1379 175 1422 203 LI.
1706 174 1770 204 966-

161 226 304 262 Σημαίνων
319 227 384 263 περὶ
405 229 604 265 Πεντηκοστῆς.
624 232 701 258 Μετὰ
720 232 775 268 γὰρ
789 233 819 259 τὸ
839 232 936 269 θῦσαιη

1009 233 1114 267 Quibus
1129 235 1221 262 verbis
1235 234 1418 263 PentecOSten
1442 234 1554 262 lndicat.
1574 233 1679 261 Etenim
1697 231 1759 269 post

125 273 155 298 τὸ
171 272 279 308 Πάσχα,
296 272 362 300 εἵσω
378 273 461 309 τριῶν
474 275 596 310 ἡμερῶν,
617 277 740 304 τουτέστι
758 277 826 313 μετὰ
843 280 900 312 τρεῖ

994 281 1139 307 nmolatum
1163 280 1286 314 Pascha,
1313 281 1384 308 intra
1411 281 1522 308 tertiuut
1559 280 1642 312 diem,
1667 279 1769 307 ollérri.

125 318 232 354 ἡμέρας
246 319 293 345 τοῦ
307 319 454 355 προϐάτου,
469 321 635 356 προσέταττε
655 323 686 349 τὸ
705 323 816 359 δράγμα
829 325 900 358 simpl

984 326 1141 361 nanipulum
1165 325 1279 361 iubebat
1297 336 1304 353 :
1320 330 1350 354 ut
1370 326 1508 354 benedicti
1529 326 1602 353 illius
1627 324 1759 360 manipuli

127 365 232 399 ρεσθαυ
250 365 293 391 ἵνα
311 366 422 402 σημάνῃ
442 366 472 393 τὸ
487 367 666 403 εὐλογημένον
687 369 796 405 δράγμα
817 370 902 405 ὲγειρὲ

989 373 1147 400 dumbraret
1166 373 1324 407 imaginem,
1338 373 1384 407 qui
1400 380 1416 399 a
1438 373 1555 400 mortuis
1568 372 1718 403 excitatus,
1733 374 1760 398 et

128 419 208 446 μενον
222 411 254 438 ὲκ
268 411 322 438 τῶν
337 412 444 448 νεκρῶν
461 413 529 448 μετὰ
551 414 647 449 τρίτην
663 415 780 450 ἡμέραν,
802 416 852 451 τῆς
867 416 903 450 γῆ

984 421 1073 446 terra
1088 418 1290 452 quodammodo
1313 418 1357 446 die
1384 418 1465 445 tertia
1484 423 1526 446 est
1549 417 1667 450 oblatus,
1687 415 1759 444 unde

126 456 193 483 αὐτὸ
212 457 436 494 προσφερούσης,
459 460 507 486 καὶ
524 460 606 486 αὑτοῦ
629 460 695 487 αὐτὸ
715 461 795 488 πάλιν
811 461 901 497 κομιζι

983 472 1032 491 ium
1048 464 1076 491 in
1092 464 1138 491 illa
1151 464 1185 492 de
1200 464 1329 499 sepulcro
1350 463 1554 491 resurrectione
1577 464 1758 498 recuperavit.

129 502 210 537 μένου
224 503 271 529 ἀπ’
286 504 372 539 αὐτῆς
383 505 412 531 ὲν
427 506 460 540 τῇ
478 506 627 532 ἀναστάσει
642 507 688 533 τοῦ
705 508 856 542 μνήματος,
873 517 904 534 κα

986 509 1035 537 nde
1049 517 1084 536 xi.
1098 509 1196 537 diebus
1220 517 1283 536 cum
1302 509 1444 544 discipulis
1463 512 1598 541 moratus,
1620 511 1761 543 postremo

129 548 254 583 μένοντος
272 550 320 576 σὺν
338 552 395 582 τοῖς
419 551 553 587 μαθηταῖς
575 553 781 588 τεσσαράκοντα
803 553 904 589 ἡμέρας

988 556 1024 582 ub
1039 555 1120 583 linem
1146 555 1334 588 Pentecostes,
1355 555 1481 583 eumdem
1503 554 1578 581 Patri
1603 552 1761 581 coelestibus

129 594 175 621 καὶ
188 595 234 621 ἐπὶ
248 595 287 631 τῷ
300 595 371 623 τέλει
383 596 434 631 τῆς
448 597 639 634 Πεντηκοστῆς
663 599 835 634 είσφέροντος
856 600 904 626 αὐτ

987 609 1001 628 n
1014 601 1161 629 domiciliis
1172 601 1271 630 obtulit
1281 611 1288 629 :
1297 602 1344 637 qui
1357 605 1400 629 est
1421 600 1619 636 pritnogenitus
1633 607 1648 627 e
1660 599 1762 634 primo-

129 640 168 672 είς
180 639 215 667 τά
229 641 378 676 ἐπουράνια
390 641 430 678 τῷ
444 643 532 678 Πατρὶ
546 643 577 670 τὸ
590 644 761 679 πρωτότοκον
775 645 829 671 τῶν
844 653 904 681 πρω

990 648 1083 680 enitis,
1110 647 1240 683 primitiae
1267 652 1380 680 sanctae,
1401 647 1559 682 manipulus
1581 653 1596 673 e
1617 645 1702 672 Maria
1719 643 1764 672 de-

133 686 257 719 τοτόκων,
274 688 290 722 ἡ
307 688 418 723 ἀπαρχὴ
434 688 450 724 ἡ
472 688 555 723 ἁγία,
569 689 600 715 τὸ
622 689 746 725 δράγμα,
763 690 777 716 ὃ
793 690 907 726 ὲδράξατ

988 697 1076 724 eclus,
1086 693 1170 720 fascis
1184 692 1212 720 in
1226 692 1282 720 Deo
1293 692 1521 727 comprehensus,
1532 690 1637 718 fructus
1648 690 1761 720 ventris,

130 732 183 759 ἀπὺ
197 733 307 769 Μαρίας
319 754 326 764 .
341 733 358 768 ἡ
374 734 570 768 ἀγκαλισθεῖσα
589 736 618 762 ὲν
633 734 693 771 Θεῷ
703 756 711 769 ,
725 736 739 762 ὁ
752 736 856 772 καρπὸς
873 737 905 772 τῆ

992 745 1044 765 νοω
1060 738 1196 773 primitiae.
1214 737 1306 771 Neque
1318 738 1391 765 enim
1411 741 1473 772 pust
1488 736 1668 764 Peutecosten
1682 735 1764 770 depu-

130 778 245 810 κοιλίας,
259 780 276 814 ή
293 779 405 815 ἀπαρχὴ
417 780 470 816 τῆς
491 780 557 808 ἀλω.
575 781 674 808 Οὐκέτι
693 784 747 817 γάρ
765 782 835 817 μετά
852 783 905 809 Πεν

988 788 1036 811 atat
1049 783 1118 812 falce
1130 784 1257 819 primitiae
1272 783 1422 811 offeruntur
1434 782 1561 817 amplius.
1577 781 1669 815 Quare
1681 789 1763 816 neque

129 823 263 860 τηκοστὴν
278 824 308 850 τὸ
320 824 452 860 δρέπανον
464 825 591 861 ἀπαρχὴν
603 825 662 860 Θεῷ
679 827 838 862 προσφέρει.
851 828 904 854 οὐδ

985 827 1095 856 Ihrlslus
1105 829 1163 863 jam
1175 829 1300 860 moritur,
1309 836 1380 855 mors
1390 828 1414 854 ei
1425 828 1497 854 ultra
1508 836 1560 854 non
1571 825 1760 857 dominabitur,

128 868 172 896 ἐτι
185 871 239 904 γὰρ
254 870 380 904 Χριστὸς
392 871 588 905 ἀποθνήσκει,
605 870 733 904 θάνατος
745 871 840 899 αὐτοῦ
855 872 903 898 οὐκ

987 878 1005 900 tt
1023 874 1153 908 scriptum
1169 873 1242 901 est’.
1254 873 1350 901 Jamne
1364 873 1442 901 vides
1459 877 1526 908 quot
1537 873 1564 900 in
1577 874 1636 907 lege
1660 875 1762 907 myste-

129 913 173 941 έτι
189 915 330 948 κυριεύει,
346 915 416 942 κατὰ
430 915 461 942 τὸ
478 915 681 951 γεγραμμένον.
699 916 754 943 Καὶ
772 916 838 952 ὁρᾷς
851 916 904 943 πόσ-

989 920 1014 946 ia
1030 919 1182 955 significata
1200 919 1267 951 sint,
1284 920 1311 946 in
1331 918 1478 954 Evangelio
1499 917 1641 953 perfecta?
1655 916 1763 949 Quanta

129 959 197 986 Θεοῦ
224 962 362 997 μυστήρια
385 961 540 996 προετύπου
564 962 663 998 νόμος,
686 962 734 989 καὶ
756 963 876 999 ἐπλήρου
893 971 904 990 1

988 972 1058 992 μοτῐο
1075 964 1109 992 ad
1130 972 1189 992 eam
1215 972 1271 992 rem
1299 964 1445 999 perspicue
1472 962 1665 991 declarandam
1687 969 1763 995 argu-

130 1005 313 1040 Εὑαγγέλιονς
331 1006 418 1034 Πόθεν
431 1007 460 1033 δὲ
474 1007 524 1034 οὐκ
543 1007 641 1043 ἔχομεν
658 1007 761 1034 τούτων
773 1007 858 1042 δεῖξαι
874 1008 905 1044 τὴ

989 1015 1129 1038 uentorum
1142 1010 1220 1045 copia
1232 1009 1372 1045 suppetit?
1388 1009 1441 1037 Sed
1462 1017 1496 1036 ne
1511 1009 1621 1043 longius
1635 1010 1764 1035 excurrat

131 1052 279 1088 σαφήνειαν
290 1061 297 1083 ;
307 1052 356 1079 Διά
368 1053 398 1079 τὸ
415 1053 452 1089 μὴ
466 1054 506 1085 εἰς
521 1053 619 1084 πλάτος
633 1053 689 1089 (55)
708 1053 802 1089 φέρειν
813 1054 859 1081 τὸν
875 1054 905 1081 λό

989 1058 1074 1089 ratio,
1092 1056 1125 1083 ad
1140 1057 1167 1084 id
1185 1056 1258 1091 quod
1279 1056 1358 1083 initio
1374 1055 1544 1092 propositutn
1567 1058 1626 1082 erat
1648 1053 1764 1081 redeun-

129 1106 188 1132 γον,
206 1098 266 1125 ²διὺ
283 1098 330 1125 ὲπὶ
354 1099 403 1135 τὴν
427 1099 587 1126 ἀκολουθίαν
610 1099 690 1126 πάλιν
716 1101 904 1136 ἐπιστρεπτέοι

995 1111 1041 1130 um
1066 1102 1145 1130 nobis
1168 1106 1220 1130 est.
1244 1101 1329 1137 Igitur
1350 1105 1482 1137 quantum
1499 1108 1532 1128 ex
1551 1100 1636 1136 spicis
1653 1099 1719 1131 illis,
1738 1101 1765 1126 et

129 1143 256 1170 Φαίνεται
270 1143 299 1170 δὲ
313 1144 367 1170 ἀπό
388 1153 419 1170 τε
440 1144 493 1171 τῶν
518 1144 642 1180 σταχύων
660 1145 706 1171 καὶ
722 1145 775 1171 ἀπὸ
790 1145 837 1171 τοῦ
852 1146 904 1180 ἀμη

990 1157 1077 1183 messe,
1095 1157 1127 1177 ac
1153 1149 1297 1184 discipulis
1318 1148 1459 1183 conjicere
1476 1154 1635 1183 possumus,
1654 1148 1765 1181 apparet

130 1190 189 1224 τοῦ,
211 1191 258 1218 καὶ
276 1191 331 1219 τῶν
347 1191 487 1228 μαθητῶν.
506 1192 544 1224 ὡς
565 1193 633 1227 μετά
647 1192 701 1220 τῶν
719 1193 904 1229 τεσσαράκοντ

989 1197 1050 1223 llam
1063 1194 1190 1228 Joannis,
1205 1195 1287 1223 Luca:
1302 1198 1519 1229 caaterorumque
1530 1192 1715 1220 narrationem
1731 1190 1764 1218 ad

129 1237 242 1273 ἡμερῶν
258 1238 411 1274 πειρασμὸν
428 1238 515 1265 ταῦτα
531 1238 621 1265 πάντα
641 1238 775 1274 διηγεῖται
795 1241 809 1265 ό
830 1240 904 1267 Ίωάν

999 1240 1002 1266 l
1025 1243 1144 1275 tempus,
1164 1239 1237 1275 quod
1258 1239 1365 1267 dierum
1381 1247 1416 1266 ιι.
1440 1239 1617 1266 tentationem
1641 1241 1774 1265 secutum.

130 1291 189 1318 νης,
206 1283 253 1309 καὶ
267 1283 385 1314 Λουκᾶς,
401 1284 448 1309 καὶ
464 1284 488 1309 οἱ
499 1283 610 1315 πάντες.

527 1283 610 1315 ίντες.
974 1290 1027 1316 est.
1044 1293 1105 1313 esse
1120 1285 1302 1313 referendam.

165 1328 227 1355 AB'.
246 1329 302 1355 Οὐκ
314 1328 451 1355 αἰδοῦνται
468 1328 497 1354 δὲ
513 1329 594 1355 πάλιν
615 1329 641 1355 οι
654 1327 770 1355 τοιοῦτοι
786 1329 857 1356 κατὰ
871 1328 933 1356 τῶν

1009 1329 1092 1365 454
1108 1329 1215 1358 XXXII.
1236 1330 1344 1357 Atenim
1374 1329 1457 1357 iidem
1480 1329 1520 1355 illi
1543 1328 1614 1356 citra
1633 1327 1775 1363 pudorem-

130 1374 184 1401 ὑπὸ
207 1374 254 1400 τοῦ
281 1374 359 1408 ἁγίου
387 1374 511 1401 Ἰωάννου
533 1374 687 1409 εἰρημένων
709 1373 902 1409 ὲξοπλιζόμενο

989 1375 1060 1401 llllllll
1069 1382 1130 1402 sese
1138 1375 1269 1402 adversus
1278 1373 1392 1402 Joannis
1404 1374 1595 1401 auctoritatem
1607 1373 1764 1408 accingunt,

130 1419 287 1455 νομίζοντες
310 1421 346 1455 μή
364 1427 402 1456 πη
420 1420 473 1455 ἄρα
493 1419 619 1447 δύνανται
642 1419 691 1455 τὴν
712 1419 840 1455 ἀλήθειαν
861 1420 905 1446 ἀνα

988 1424 1002 1447 :t
1017 1420 1044 1447 id
1059 1428 1144 1447 unum
1158 1421 1292 1456 cogitant,
1311 1425 1340 1448 ut
1357 1420 1449 1455 aliqua
1466 1428 1498 1447 ex
1511 1424 1598 1454 parte,
1610 1419 1633 1446 si
1645 1419 1763 1454 possint.

129 1465 242 1500 τρέπειν
252 1474 259 1481 ·
273 1465 323 1492 οὐκ
339 1465 455 1498 εἰδότες,
476 1465 517 1492 ὅτι
537 1464 597 1492 καθ’
613 1465 718 1491 ἑαυτῶν
734 1465 833 1500 μᾶλλον
850 1465 900 1492 ὁπλ

992 1465 1118 1493 eritatem
1147 1471 1290 1499 evertant;
1322 1473 1375 1493 nec
1407 1465 1564 1500 intelligunt
1595 1468 1692 1492 contra
1723 1471 1765 1491 se-

131 1509 234 1544 ζονται,
251 1511 323 1547 ἤπερ
338 1512 409 1538 κατά
422 1512 472 1547 τῆς
483 1510 576 1545 ὑγιοῦς
589 1511 773 1543 διδασκαλίας.
790 1511 906 1538 Φάσκουε

989 1511 1109 1547 netipsos
1121 1511 1214 1547 potius
1238 1519 1321 1546 quam
1336 1515 1433 1539 contra
1449 1511 1584 1538 sinceram
1598 1509 1764 1543 doctrinam,

130 1556 161 1583 δὲ
178 1556 248 1583 κατά
261 1557 310 1592 τῆς
332 1557 542 1592 ’Δποκαλύψεως
554 1556 618 1583 τάδε
631 1556 817 1592 χλευάζοντες’
830 1557 862 1584 Τί
880 1566 905 1592 με

991 1565 1036 1585 am
1064 1565 1094 1586 se
1123 1558 1356 1594 oppugnationem
1382 1557 1534 1592 suscipere.
1560 1556 1664 1584 Contra
1692 1555 1766 1591 Δροε

131 1602 224 1638 φησὶν,
239 1587 367 1638 ὠφελεῖή
388 1587 572 1638 Ἀποκάλυιξιις
593 1587 728 1635 ’ῐωάννουξ
740 1587 859 1637 λέγουσά

992 1603 1098 1639 alypsiu
1119 1587 1214 1638 itaque
1237 1611 1269 1631 ea
1292 1603 1398 1638 jactare
1416 1587 1469 1639 per
1486 1602 1635 1630 ludibrium
1652 1587 1764 1631 solent:

130 1648 198 1681 περὶ
220 1648 295 1675 ἑπτὰ
315 1649 462 1683 ἀγγέλων,
483 1648 532 1675 καὶ
556 1648 631 1675 ἐπτά
656 1649 849 1684 σαλπίγγων;
875 1650 905 1676 οὺ

1002 1650 1046 1677 uid
1063 1658 1117 1682 me,
1131 1650 1269 1685 inquiunt,
1283 1649 1398 1678 Joannis
1408 1649 1587 1685 Apocalypsis
1600 1649 1688 1684 juvat,
1702 1656 1777 1676 cuml

130 1694 239 1726 εἰδότες.
254 1694 314 1726 πῶς
325 1694 463 1728 ἀναγκαία
477 1695 524 1721 καὶ
541 1694 667 1730 ὠφέλιμα
681 1695 793 1722 τοιαῦτα
806 1696 905 1732 ὑπῆρξε

1005 1696 1042 1724 ibi
1054 1701 1151 1730 septem
1162 1697 1268 1732 angelos
1282 1697 1523 1732 totidemquetubas
1532 1699 1729 1724 commemorat
1740 1695 1768 1722 ’ἲ

130 1742 159 1767 ὲν
175 1742 206 1776 τῇ
226 1740 352 1777 ὀρθότητι
367 1740 414 1767 τοῦ
440 1740 626 1776 κηρύγματος.
641 1741 711 1768 Ὅσα
726 1741 780 1777 γὰρ
795 1738 829 1777 ἦν
850 1742 905 1777 νόμ‹

989 1742 1030 1771 led
1049 1750 1131 1778 quam
1154 1742 1212 1770 haec
1235 1743 1393 1771 necessaria
1421 1742 1487 1774 sint,
1515 1746 1704 1778 quantumque
1730 1741 1764 1769 ad

131 1787 178 1813 καὶ
191 1788 220 1813 ὲν
233 1787 388 1823 προφήταις
410 1786 535 1813 σκοτεινά
558 1787 605 1813 καὶ
625 1787 824 1823 αἰνιγματώδη,
839 1787 906 1814 ταῦτ

994 1790 1126 1817 ihristiani
1142 1789 1280 1825 dogmatis
1294 1790 1481 1818 sinceritatem
1504 1788 1656 1820 conferant,
1672 1788 1765 1815 miseri

130 1832 146 1858 ὁ
162 1832 262 1868 Κύριος
285 1833 444 1868 ᾡκονόμησε
467 1832 511 1859 διὰ
535 1832 582 1859 τοῦ
605 1833 683 1867 ἁγίου
704 1833 866 1869 Πνεύματος
884 1833 905 1860 ei

990 1835 1102 1863 iomines
1115 1834 1252 1870 ignorant.
1269 1834 1337 1862 Nant
1352 1842 1523 1870 quaecunque
1536 1834 1565 1861 in
1578 1834 1637 1869 lege
1651 1841 1683 1860 ac
1701 1841 1765 1869 pr0<

130 1878 210 1913 ἡμῶν
222 1878 359 1914 σωτηρίαν
370 1879 409 1914 τῷ
420 1878 504 1913 δούλῳ
517 1878 600 1905 αὐτοῦ
619 1879 728 1916 Ἰωάννῃ
739 1879 901 1915 ἀποκαλύψει

990 1880 1065 1909 ιιιειίε
1088 1885 1167 1908 erant
1194 1879 1390 1914 obscura,‘vel
1415 1880 1591 1915 aenigmatum
1616 1879 1765 1907 involucris

130 1925 166 1951 τὰ
180 1926 268 1951 ὲκεῖσε
284 1925 409 1952 σκοτεινά
423 1922 475 1952 ὧδε
499 1926 539 1957 εις
561 1926 735 1960 πνευματικά
756 1926 804 1952 καὶ
824 1925 905 1961 ἑκδηλ

990 1925 1104 1958 Μαρια,
1131 1925 1189 1953 ι)ωο
1220 1926 1254 1952 ad
1284 1933 1459 1953 communem
1487 1928 1612 1952 nostrum
1643 1925 1765 1952 omniutn

131 1970 286 2005 κηρύττων.
307 1970 503 2006 Πνευματικῶς
517 1970 545 1997 δὲ
566 1971 631 2006 ἡμῖν
645 1971 680 1997 τὰ
695 1971 765 1998 αὐτὰ
779 1971 906 2007 ᾠκονόμει

999 1972 1092 1999 tlutem
1110 1971 1182 1999 Deus
1196 1979 1277 1999 servo
1291 1979 1340 1999 suo
1359 1970 1480 1998 Joanni‘
1502 1970 1634 2006 singulari
1647 1970 1774 2005 quadam.

132 2017 188 2043 Kal.
202 2018 234 2043 ὲκ
249 2017 392 2052 δερμάτων
407 2017 455 2053 μὲν
477 2017 538 2044 τότε
552 2017 752 2049 κατασκευάζει
774 2017 833 2051 τὴν
853 2026 907 2045 om

990 2017 1151 2044 irovidentia
1166 2017 1292 2051 detegere
1311 2016 1408 2047 voluit,
1430 2019 1461 2042 ut
1475 2023 1537 2050 quae
1550 2015 1694 2042 tenebrosa
1707 2014 1765 2041 illic

131 2062 202 2095 γὴν,
216 2061 276 2089 τῶν
289 2062 442 2097 δερμάτων
452 2063 753 2098 ἠρυθροδανωμένων,
765 2064 815 2090 καὶ
826 2064 906 2090 imam

989 2066 1054 2088 :rant
1085 2065 1113 2088 et
1141 2061 1245 2093 abdita,
1272 2060 1318 2087 hic
1344 2059 1496 2094 spiritalem
1515 2066 1548 2086 ac
1572 2059 1716 2086 clariorem
1736 2059 1764 2086 in

133 2108 233 2139 θίνων,
243 2107 290 2134 καὶ
299 2109 334 2134 τὰ
349 2108 422 2143 ἑξῆς,
432 2109 476 2135 ἵνα
488 2109 562 2145 δείξῃ
577 2109 626 2144 τὴν
642 2109 744 2144 σκηνὴν
755 2109 844 2136 ἐκεῖσε
861 2117 908 2145 σκη

990 2107 1088 2134 nodum
1108 2107 1278 2134 conformata
1302 2109 1479 2141 proponeret.
1504 2104 1644 2140 Siquidem
1659 2109 1765 2133 veteres

133 2153 182 2188 νὴν
208 2153 257 2187 μὲν
279 2151 379 2185 οὖσαν,
398 2154 602 2191 ἁποδεχομένην
628 2155 658 2182 δὲ
681 2154 729 2190 τὴν
753 2155 908 2191 τελειοτάτη

990 2153 1030 2180 Ila;
1055 2161 1152 2180 omnes
1175 2153 1309 2188 imagines
1338 2155 1451 2187 propter
1480 2159 1531 2179 nos
1554 2151 1669 2186 spiritali
1686 2151 1765 2186 plane

133 2197 236 2233 σκηνὴν
248 2198 295 2224 τοῦ
312 2198 442 2234 Χριστοῦ.
463 2200 556 2235 Δέρμα
576 2200 633 2236 γὰρ
644 2199 699 2227 άπὸ
715 2199 839 2235 σώματος
858 2200 908 2234 γίυε

992 2203 1041 2225 unt
1062 2199 1170 2226 ratione
1199 2198 1349 2233 dispositae.
1370 2197 1451 2226 Velut
1471 2197 1544 2233 quod
1566 2197 1765 2224 tabernaculum

132 2253 177 2270 ται
198 2244 293 2279 νεκρὸν
314 2244 355 2274 ὃν,
377 2244 415 2276 ὡς
438 2245 503 2272 σκιά
521 2245 644 2281 σώματος
661 2244 773 2278 ζῶντος,
792 2246 834 2273 ἵνα
851 2246 905 2280 δείξ

990 2253 1008 2272 :t:
1023 2245 1165 2272 rubricam
1181 2249 1206 2271 et
1218 2244 1398 2280 hyacinthinls
1414 2243 1528 2278 pellibus
1545 2247 1765 2278 coagmentatum

134 2290 248 2325 σώματα
262 2288 331 2317 εἶναι
351 2290 401 2325 τὴν
420 2291 523 2327 σκηνὴν
535 2292 582 2319 τοῦ
604 2291 681 2318 Θεοῦ.
701 2292 809 2328 Ἐπειδὴ
825 2293 879 2328 γὰρ
895 2294 907 2319 ὲ

991 2291 1093 2326 egimus
1107 2291 1129 2324 ⁵,
1143 2298 1175 2318 ac
1187 2290 1211 2318 si
1227 2298 1281 2326 qua
1296 2293 1362 2318 sunt
1376 2290 1437 2325 ejus
1455 2290 1564 2325 generis
1577 2289 1641 2322 alia,
1657 2297 1690 2317 eo
1704 2297 1766 2324 per-

134 2336 257 2371 αώμασιν
274 2336 360 2370 ἁγίοις
375 2340 541 2373 κατασκηνοί
553 2339 568 2364 ὁ
581 2337 656 2371 Θεὸς,
670 2339 859 2375 πληρουμένου
875 2347 909 2365 τοη

990 2338 1075 2368 inent,
1100 2340 1132 2363 ut
1157 2336 1186 2363 in
1212 2336 1295 2371 hujus
1314 2335 1521 2364 tabernaculum
1543 2339 1688 2364 venturum
1703 2342 1765 2363 esse

133 2383 228 2418 ῥητοῦ,
251 2383 292 2409 ὅτι
312 2381 542 2416 Κατασκηνώσω
560 2384 597 2411 ἐν
609 2385 724 2418 αὐτοῖς,
741 2384 790 2411 καὶ
805 2384 908 2419 ἐμπερι

992 2386 1153 2410 monstraret.
1174 2381 1259 2410 Pellis
1276 2382 1379 2418 quippe
1391 2382 1509 2410 mortuis
1531 2382 1695 2418 corporibus
1722 2381 1767 2409 de-

132 2428 266 2460 πατιῐσω.
978 2429 1108 2462 trahitur,
1127 2436 1160 2456 ac
1186 2429 1228 2456 sic
1253 2432 1383 2464 tanquam
1410 2428 1535 2457 vivorqu
1560 2428 1658 2456 umbra
1672 2435 1766 2456 comes

133 2479 185 2502 est.
203 2473 230 2501 ln
247 2482 302 2509 quo
321 2481 437 2509 corpora
467 2479 560 2502 nostra
587 2476 633 2503 Dei
655 2484 717 2503 esse
751 2476 960 2503 tabernaculum
979 2475 1110 2502 declarat.
1137 2474 1207 2502 Cum
1227 2474 1356 2502 nimirum
1378 2475 1407 2501 in
1425 2478 1585 2502 sanctorum
1602 2473 1765 2509 corporibus

133 2521 238 2548 habitet
263 2520 344 2551 Deus.
368 2529 400 2548 ac
424 2521 530 2548 dictum
550 2522 616 2549 illttd
641 2523 731 2557 reipsa
758 2527 924 2558 przestctur:
943 2521 1078 2549 Ilabt’labo
1094 2522 1121 2548 in
1137 2522 1203 2553 illis,
1221 2526 1246 2549 et
1265 2521 1437 2548 inambulabo
1453 2521 1473 2547 ⁸.

170 2568 301 2603 Ἐμελλεν
317 2566 363 2595 οὖν
381 2569 467 2604 πλάνη
481 2578 522 2601 τις
539 2570 661 2605 γίνεσθαι
675 2571 704 2596 ὲν
720 2572 835 2603 πιστοῖς,
851 2572 874 2597 εί
887 2571 929 2608 μὴ

1014 2571 1113 2598 Verum
1140 2570 1213 2598 haud
1242 2570 1325 2598 dubie
1348 2569 1469 2597 fidelium
1495 2570 1633 2597 mentibus
1654 2569 1764 2605 quidam

132 2616 149 2650 ή
169 2614 258 2650 βίϐλος
275 2615 468 2650 πνευματικῶς
481 2616 547 2651 ἡμῖν
561 2616 758 2653 ἀπεκαλύφθη,
775 2617 819 2644 ἴνα
838 2617 907 2653 μάθοι

991 2617 1147 2652 brepsisset
1162 2624 1249 2649 error,
1265 2616 1320 2644 nisi
1337 2612 1470 2651 spiritalis
1486 2616 1567 2644 nobis
1581 2623 1680 2644 sensus
1693 2618 1766 2643 esset

135 2669 185 2696 μεν
205 2660 242 2695 μὴ
264 2660 422 2694 σαλπίγγων
445 2658 514 2687 εἶναι
538 2662 648 2697 χρείαν,
666 2662 734 2689 ἀλλὰ
753 2662 865 2695 εἰδέναι,
883 2663 910 2689 ὅτ

990 2662 1051 2689 llius
1075 2662 1138 2690 libri
1163 2662 1380 2698 patefactuszut
1401 2662 1466 2690 inde
1491 2662 1673 2693 disceremus,
1697 2661 1765 2688 nihil

132 2705 304 2741 πνευματική
319 2706 392 2732 ἐστιν
405 2706 421 2741 ὴ
435 2706 509 2733 πᾶσα
523 2706 569 2732 τοῦ
589 2706 657 2733 Θεοῦ
675 2707 863 2743 πραγματεία·
880 2707 907 2734 ἴνη

990 2709 1050 2736 ubis
1064 2708 1126 2737 istis
1139 2717 1208 2744 optts
1217 2716 1289 2741 esse,
1298 2709 1346 2738 sed
1359 2708 1493 2745 quidquid
1501 2708 1547 2736 hic
1558 2708 1668 2736 molitur
1682 2707 1765 2740 Deus.

133 2818 157 2848 ll
171 2784 404 2853 Egﬁeiti’al'ianid.
444 2787 453 2801 '
470 2785 548 2812 llum.
565 2794 601 2819 Vl,
621 2787 647 2814 9.
685 2786 695 2802 ³
710 2787 794 2822 Apoc.
810 2795 870 2820 vm,
888 2787 916 2815 2.
955 2788 967 2804 δ
980 2788 1065 2823 Apoc.
1081 2796 1101 2820 ι.
1117 2789 1143 2816 l.
1181 2789 1192 2805 '
1210 2788 1296 2817 Exod.
1315 2796 1379 2823 xxv,
1394 2788 1420 2815 5.
1496 2789 1506 2804 ⁶
1520 2788 1608 2816 Levit.
1621 2795 1696 2818 xxvt.
1715 2786 1768 2821 l2;

169 2899 225 2938 (ἒξὸ)
246 2900 296 2927 Διὰ
320 2899 351 2927 τὸ
371 2899 414 2936 μὴ
438 2901 482 2934 εἰς
498 2900 624 2935 πλάτος.
650 2901 765 2930 Scribe:
785 2901 835 2929 Διὰ
850 2901 878 2929 δὲ
898 2901 928 2928 τὸ
944 2901 981 2937 μὴ
997 2901 1036 2933 ei;
1053 2899 1153 2932 πλάτος
1170 2899 1264 2935 φέρειν
1279 2900 1324 2926 τὸν
1338 2899 1427 2933 λόγον,
1440 2898 1485 2929 ἐπὶ
1497 2897 1546 2935 τὴν
1560 2897 1743 2928 ἀκολουθίαν..
