1964 3047
212 109 267 141 αἳ

931 115 960 144 S.
982 116 1153 144 EPIPHANII

1798 115 1849 144 956

214 171 321 204 bemus,
348 169 446 199 haeresi
474 171 620 200 dicentium
649 172 776 205 Videtur,
800 181 860 208 qua
883 175 1008 202 excaecati

1064 174 1234 210 ἀνοηταίνει-
1256 174 1372 210 ἐρημίαν
1396 174 1425 202 δὲ
1451 175 1534 210 ἑαυτῇ
1560 173 1716 210 ἐργάζεται,
1737 173 1784 199 καὶ
1804 172 1850 207 τὴν

213 217 305 245 cordis
319 222 373 250 est,
392 225 425 245 ac
441 218 559 254 desipit;
585 219 637 246 sibi
655 227 721 246 vero
735 219 890 247 vastitatem
906 220 1002 254 aﬂ‘ert;

211 267 239 291 et
252 263 380 298 idipsum,
392 271 426 291 ex
437 272 492 299 quo
503 269 620 297 constat,
638 265 768 293 radicitus
799 266 912 295 excidit.
932 267 1003 300 Quin

213 310 298 337 ctiam
314 311 455 338 radicibus
471 312 692 347 quamplurimls,
718 313 772 341 illis
792 313 898 341 scilicet
918 313 1000 341 homi-

213 356 307 389 nibus,
322 357 369 392 qui
387 356 420 384 ad
437 365 467 385 se
480 358 664 393 confugerint,
679 360 829 394 perniciem
844 361 1003 388 consciscit.

212 402 235 429 E
246 404 385 431 contrario
400 411 466 431 vero
479 405 668 439 prudentibus,
682 405 705 433 si
717 406 745 433 in
760 411 937 441 conspectum
953 407 1004 433 ali-

212 448 323 484 quando
339 449 464 481 venerit,‘
479 458 533 476 non
549 450 714 478 mediocrem
736 451 770 478 de
789 459 818 479 se
837 452 924 479 risum
938 459 1006 479 con-

212 495 290 522 citat.
317 494 552 528 Quemadmodum
578 497 655 529 illud,
675 497 708 524 de
725 505 781 532 quo
799 497 931 529 diximus,
946 498 1014 536 ani-.

213 541 280 573 mal,
295 541 380 576 quod,
395 542 458 576 quia
473 549 576 568 (meum
591 546 644 574 est,
661 549 711 569 nec
727 546 865 576 receptant
883 542 1006 569 invenire

212 587 299 613 ullum
318 591 416 622 potest,
439 588 473 614 ab
492 588 620 615 omnibus
635 588 769 619 illuditur,
797 596 850 615 non
874 588 1006 616 absimilis

212 636 256 659 est
280 632 355 660 illius
377 633 490 661 haeresis
511 634 642 661 conditio.
671 634 758 667 Quam
777 634 824 669 qui
842 638 1005 668 sequuntur,

211 677 312 708 Adami
326 686 425 706 nomen
440 683 621 714 usurparunt.
633 677 691 705 Hoc
703 682 806 711 autem,
825 678 898 713 quod
911 685 926 705 a
937 679 1007 706 mul-

1061 221 1189 247 σύστασιν
1215 221 1314 256 ἑαυτῆς
1337 221 1459 248 κάτωθεν
1481 220 1617 255 ἐκτέμνει.
1636 218 1731 250 Ῥιζῶν
1744 227 1773 244 τε
1789 218 1851 244 πολ-

1056 267 1120 299 λῶν,
1152 266 1206 293 τῶν
1242 268 1283 298 είς
1305 267 1390 302 αὐτὴν
1411 265 1626 293 ἐκπεπτωκότων
1654 264 1775 300 ἀνδρῶν,
1803 263 1850 299 τὴν

1056 313 1146 349 λύμην
1167 313 1362 349 ἀπεργάζεται.
1387 312 1450 344 Τοῖς
1470 312 1498 339 δὲ
1525 313 1644 342 συνετοῖς
1667 311 1694 337 ετ
1714 318 1780 337 ποτε
1806 309 1851 344 τέ.

1056 368 1128 386 νοιτο
1160 359 1376 394 κατοπτευθῆναι
1404 359 1510 395 αὐτὴν,
1532 357 1640 392 γέλωτα
1669 357 1700 384 οὗ
1733 357 1779 384 τὸν
1805 365 1852 383 τυ-

1057 406 1140 442 χόντα
1158 405 1362 442 παρασκευάζει
1372 414 1378 422 ·
1396 406 1434 438 ὡς
1449 405 1496 432 καὶ
1510 405 1540 431 τὸ
1557 403 1755 440 προειρημένον
1770 402 1851 435 ζῶον,

1056 451 1100 478 διὰ
1128 452 1178 487 τὴν
1206 452 1302 479 ἑαυτοῦ
1335 451 1470 487 τύφλωσιν
1498 449 1702 486 ὲμπαιζόμενον
1732 449 1776 476 διὰ
1801 449 1852 484 τὴν

1057 498 1190 533 ἀκρασίαν
1215 499 1235 530 ³,
1263 497 1310 524 καὶ
1331 497 1368 533 μὴ
1395 497 1521 533 εὑρίσκον
1547 496 1598 523 ποῦ
1625 495 1675 530 τὴν
1698 494 1852 529 εἰσαγωγὴν

1058 543 1233 578 ποιήσασθαι,
1246 542 1284 574 ὡς
1306 543 1354 569 καὶ
1375 543 1444 578 αὐτὴ
1461 543 1478 578 ἡ
1498 542 1613 578 αἵρεσις.
1635 541 1779 568 Ἐπέθεντο
1796 539 1852 574 γὰρ

1058 589 1165 620 ἑαυτοῖς
1181 588 1228 614 τοῦ
1249 588 1336 623 ’Δδὰμ
1355 588 1386 615 τὸ
1408 587 1503 623 ΰνομα.
1529 587 1615 614 Τοῦτο
1639 586 1667 613 δὲ
1689 586 1744 613 ἀπὸ
1766 584 1853 619 ἀκοῆς

1058 633 1162 669 ἀνδρῶν
1179 633 1285 660 πολλῶν
1305 633 1453 668 ἀκηκοότες
1472 632 1577 667 φαμέν·
1602 632 1633 658 ού
1655 631 1709 666 γὰρ
1737 632 1765 656 ὲν
1788 637 1855 663 συγ-

1058 679 1219 715 γράμμασιν
1235 679 1363 714 εὖρομεν,
1382 679 1399 713 ἢ
1420 677 1616 714 περιετύχομεν
1637 675 1768 707 τοιούτοις
1784 675 1855 703 τισίε

211 726 248 753 tis
259 726 400 754 auditione
411 726 567 760 didicimus,
580 726 614 754 de
628 733 661 753 eo
674 726 817 753 hominum
832 733 930 761 genere
956 729 1144 762 proponimus,
1170 735 1223 753 non
1243 727 1307 754 ullis
1336 726 1500 761 scriptorum
1524 724 1700 752 monimentis
1729 730 1854 758 comper—

212 777 283 805 tum,
298 779 348 801 aut
363 774 528 809 cujusquam
550 782 584 801 ex
609 774 655 801 illo
667 782 748 810 grege
764 782 815 801 usu
843 781 875 801 ac
891 774 1091 802 consuetudine
1106 778 1274 809 perceptum.

249 820 434 854 Quamobrem
453 829 515 848 cum
535 829 567 848 ea
586 830 647 856 quae
665 821 791 849 dicturus
809 830 869 849 sum
884 822 1007 857 plerique

1094 822 1203 848 Πολλῶν
1220 819 1267 848 οὖν
1283 821 1442 857 εἰρηκότων,
1461 820 1535 853 ἄξιον
1559 820 1606 846 καὶ
1628 818 1714 854 αὐτῆς
1730 817 1854 853 μνησθῆ-

213 867 398 899 narraverint,
406 868 504 895 merito
517 867 600 902 hujus
610 872 692 895 sectae
705 867 871 895 mentionem
885 868 1003 902 aliquam

214 910 368 939 faciendam
384 919 445 938 esse
456 911 596 944 duximus,
608 919 640 939 ac
651 911 713 946 jure
724 914 846 939 eamdem
859 920 921 940 cum
933 921 1005 940 caeco

214 954 261 982 illo
274 955 438 983 animalculo
457 956 686 991 comparavimus.
712 957 784 992 quod
804 957 838 984 ad
862 958 1003 985 hominum

214 1005 356 1037 aspectum
381 1001 454 1029 haud
476 1002 512 1029 ita
533 1002 691 1037 frequenter
712 1004 840 1038 erumpit,
860 1008 1002 1038 propterea

213 1047 288 1082 quod
316 1046 369 1075 sub
394 1051 468 1075 terra
491 1048 647 1082 delitescit;
673 1048 848 1085 indidemque
873 1050 1005 1085 stirpibus

213 1096 318 1128 pestem
332 1095 414 1128 atque
430 1092 544 1121 exitium
557 1094 678 1121 molitur.
707 1093 759 1121 Sed
776 1094 889 1121 ridicula
905 1095 932 1122 in
950 1096 1005 1130 pri-

213 1136 267 1165 mis
283 1137 396 1165 haaresis
413 1137 458 1164 illa
473 1141 525 1165 est.
547 1137 586 1166 Ac
599 1138 643 1165 diu
661 1146 727 1166 sane
742 1139 874 1170 dubitavi,
896 1148 960 1167 num
973 1148 1005 1168 ea

213 1181 250 1209 ab
267 1186 427 1210 caeterarum
454 1190 569 1210 numero
591 1182 759 1210 excludenda
783 1190 895 1217 prorsus
919 1187 1002 1211 esset.

213 1227 328 1261 Verum,
342 1229 416 1263 quod
427 1229 487 1263 ejus
506 1229 534 1256 in
549 1229 651 1255 mundo
667 1233 805 1263 utcunque
821 1237 906 1256 sonus
919 1236 1004 1256 exau-

213 1274 299 1307 ditur,
323 1282 378 1302 non
396 1274 448 1301 erit
462 1274 580 1301 auditori
597 1274 713 1309 sapienti
732 1274 886 1305 molestum,
904 1275 926 1302 si
945 1275 1003 1302 lolii

214 1327 314 1355 genera
331 1320 422 1347 omnia
436 1319 606 1355 cognoverit,
629 1327 689 1355 qua:
712 1320 741 1346 in
755 1320 821 1347 orbe
838 1324 974 1348 terrarum
990 1329 1006 1348 a

215 1365 325 1394 diabolo
340 1365 423 1402 559
447 1365 626 1396 disseminata
646 1370 720 1393 sunt.
751 1365 814 1392 Sive
832 1366 905 1393 enim
933 1367 1007 1401 ejus-

214 1411 289 1438 modi
310 1415 362 1443 est,
383 1410 490 1446 qualem
507 1411 669 1446 accepimus,
695 1411 754 1438 sive
771 1419 826 1438 non
840 1416 891 1443 est,
915 1416 1007 1440 tamen

214 1464 276 1484 cum
294 1456 332 1484 ita
347 1457 493 1493 plerosque
507 1461 652 1485 narrantes
667 1457 847 1490 audierimus,
859 1458 948 1486 visum
965 1462 1007 1486 est

215 1503 372 1531 securitatis
390 1510 475 1531 causa
489 1511 545 1530 non
562 1503 723 1535 absurdum,
747 1504 770 1531 si
789 1504 822 1531 de
839 1512 871 1531 ea
884 1504 1008 1532 nonnihil
1022 1500 1043 1529 C

215 1555 370 1583 ageremus,
382 1556 471 1584 neque
481 1549 752 1584 praetermitteremus
764 1550 884 1584 penitus,
899 1550 1008 1577 tametsi

213 1593 271 1629 jam
283 1602 380 1622 eversa
392 1595 473 1627 foret,
489 1603 539 1623 nec
551 1596 656 1630 uspiam
668 1596 816 1623 resideret:
830 1601 921 1623 utrum
934 1597 1007 1624 enim

217 1640 338 1674 supersit
360 1648 463 1674 necne,
492 1642 614 1668 nondum
646 1643 818 1677 exploratum
850 1643 1005 1670 habuimus.

217 1686 289 1719 Quid
303 1691 394 1714 autem
407 1688 504 1715 attinet
518 1687 545 1714 in
558 1687 633 1715 illius
644 1689 814 1716 narrationis
824 1689 938 1716 exordio
951 1689 1009 1716 diu-

217 1731 275 1758 tius
289 1731 454 1759 immorari?
470 1733 527 1768 Age
548 1733 695 1760 ridiculam
716 1734 790 1760 illam
809 1734 1005 1767 narrationem,

1059 877 1102 895 ναι
1123 867 1332 903 ὲδικαιώσαμεν.
1349 867 1395 894 Διὸ
1411 867 1458 894 καὶ
1472 865 1584 897 δικαίως
1601 864 1702 900 ταύτην
1718 863 1853 899 παρεικά-

1057 923 1143 950 σαμεν
1158 914 1197 949 τῷ
1219 914 1409 950 προειρημένῳ
1428 912 1520 948 τυφλῷ
1534 911 1603 944 ζῶον
1619 913 1641 943 ¹,
1659 911 1705 938 καὶ
1724 910 1854 945 ἀνδράσιν

1056 963 1086 989 οὐ
1100 963 1194 997 τάχιον
1209 962 1375 997 φαινόμενοι,
1392 960 1436 987 διὰ
1449 959 1479 986 τὸ
1492 959 1612 995 κρύϐδην
1627 959 1656 985 ὲν
1672 959 1705 993 τῇ
1721 959 1757 993 γῇ
1772 953 1853 988 εἶναι,

1056 1009 1102 1035 καὶ
1120 1007 1241 1034 κάτωθεν
1259 1008 1307 1043 τὴν
1329 1007 1418 1043 λύμην
1445 1005 1620 1042 ἐργάζεσθαι.
1651 1003 1855 1039 Περιγέλαστος

1055 1053 1084 1080 δέ
1098 1055 1172 1080 ἐστι·
1191 1053 1238 1079 καὶ
1255 1053 1428 1088 ὲσκεπτὸμην
1447 1052 1507 1087 μηδ’
1520 1051 1588 1083 ὅλως
1607 1050 1648 1081 εἰς
1672 1047 1786 1083 ἀριθμὸν
1804 1047 1855 1073 αὺ-

1055 1098 1105 1134 τὴν
1119 1098 1220 1134 φέρειν.
1237 1098 1286 1124 Διὰ
1303 1097 1332 1124 δὲ
1348 1098 1378 1124 τὸ
1399 1097 1467 1128 ὅλως
1481 1095 1547 1132 ἦχον
1567 1095 1652 1130 αὐτῆς
1669 1092 1738 1120 εἶναι
1758 1094 1787 1119 ὲν
1808 1092 1857 1118 κός

1057 1153 1128 1180 σμῳ,
1155 1144 1230 1170 οὐδὲν
1253 1144 1384 1178 λυπήσειε
1417 1143 1464 1169 τὸν
1489 1141 1597 1169 συνετὸν
1625 1139 1762 1176 ἀκροατὴν
1791 1137 1858 1173 περὶ

1059 1191 1168 1218 πάντων
1181 1191 1280 1218 εἰδέναι
1292 1191 1395 1218 τῶν-ὲν
1413 1190 1453 1225 τῷ
1474 1190 1569 1224 κόσμῳ
1590 1188 1643 1215 ὑπὸ
1661 1187 1707 1214 τοῦ
1731 1186 1856 1213 διαϐόλου

1058 1236 1223 1269 ζιζανιωδῶς
1237 1237 1427 1272 ὲσπαρμένων.
1446 1236 1510 1263 Εἴτε
1531 1235 1585 1269 γάρ
1607 1234 1711 1276 εστινὴ
1731 1231 1855 1266 τοιαύτη,

1057 1283 1112 1309 εἴτε
1131 1283 1168 1319 μὴ
1183 1283 1250 1316 ἐστι,
1266 1282 1370 1310 πολλῶν
1384 1282 1517 1317 λεγόντων
1535 1279 1694 1316 ἀκηκοότες,
1706 1278 1857 1313 ἀσφαλείας

1058 1328 1138 1363 χάριν
1165 1327 1211 1355 καὶ
1237 1328 1301 1364 περὶ
1320 1328 1405 1363 αὐτῆς
1428 1328 1514 1354 εἰπεῖν
1538 1325 1648 1360 εὔλογόν
1672 1333 1718 1361 μοι
1738 1324 1864 1358 πέφηνε..

1057 1374 1104 1399 καὶ
1121 1373 1157 1408 μὴ
1175 1373 1351 1408 παραλείψαι,
1370 1372 1420 1399 κᾶν
1437 1381 1467 1398 τε
1484 1371 1672 1407 καταλύηται,
1690 1369 1739 1396 καὶ
1761 1368 1857 1394 οὐκέτι

1058 1419 1179 1455 ὑπάρχῃ.
1193 1420 1231 1446 Οὐ
1248 1419 1302 1454 γὰρ
1317 1418 1447 1453 ἀσφαλῶς
1462 1418 1623 1453 ἐπίσταμαι,
1638 1417 1662 1443 εί
1677 1415 1717 1442 ἔτι
1733 1414 1826 1447 ἔστιν,
1837 1413 1855 1449 ἦ

1061 1466 1098 1501 μὴ
1123 1466 1191 1492 ἔστι.
1212 1465 1245 1491 Τί
1263 1465 1291 1491 δὲ
1310 1466 1350 1496 εἰς
1373 1464 1476 1499 μακρὸν
1500 1462 1678 1497 ἀποτείνομαι
1702 1460 1797 1496 χρόνον
1815 1458 1857 1493 τῷ

1060 1511 1194 1547 προοιμίῳ
1210 1510 1350 1546 χρώμενος
1360 1510 1427 1545 πρὸς
1443 1509 1586 1545 διήγησιν;
1603 1506 1740 1543 Ἀρξομαι
1759 1504 1791 1531 τὸ
1808 1503 1857 1538 γέ-

1061 1557 1130 1584 λοιον
1152 1556 1314 1592 διηγεῖσθαι,
1341 1556 1441 1591 μᾶλλον
1458 1555 1486 1581 δὲ
1505 1555 1537 1581 τὺ
1556 1553 1663 1585 πένθος.
1684 1550 1794 1583 Πένθος,
1814 1549 1857 1576 ὅτι

1061 1610 1120 1632 πως
1137 1601 1151 1627 ὁ
1164 1600 1285 1632 διάϐολος
1300 1600 1440 1635 ὲνοίκησεν
1462 1600 1490 1626 ὲν
1512 1600 1546 1635 τῇ
1564 1598 1619 1625 τῶν
1634 1596 1784 1633 ἀνθρώπων
1798 1594 1856 1629 διι-

1061 1645 1130 1681 νοὶᾳ,
1145 1646 1275 1681 χλευάσαι
1290 1645 1319 1672 τὸ
1339 1645 1451 1680 πλάσμα
1466 1645 1497 1671 τὺ
1513 1646 1546 1671 ὲκ
1568 1643 1635 1671 Θεοῦ
1649 1640 1838 1675 πεπλασμένον
1848 1647 1855 1653 ·

1061 1691 1167 1725 γέλοιον
1178 1691 1216 1723 δὲ,
1233 1692 1297 1727 περὶ
1315 1691 1370 1718 τῶν
1384 1691 1452 1727 μήτε
1463 1689 1599 1726 ὁρώντων,
1615 1688 1682 1724 μήτε
1698 1687 1727 1713 τὸ
1747 1685 1858 1712 συνετὸν

1063 1736 1185 1772 διανενοη
1189 1737 1288 1772 μένων.

216 1776 261 1804 vel
273 1777 425 1804 luctuosam
441 1778 533 1813 potius
559 1779 759 1814 aggrediamur.
775 1778 942 1807 Luctuosam
972 1780 1092 1822 quidem,
1126 1782 1200 1817 quod
1223 1781 1350 1810 diabolus
1368 1783 1396 1809 in
1418 1781 1560 1809 hominum
1584 1778 1723 1808 mentibus
1756 1776 1850 1804 sedem

215 1822 404 1854 constituerit,
423 1821 469 1850 Dei
489 1827 518 1851 ut
535 1824 643 1859 opilicio
663 1827 756 1859 posset
773 1824 896 1852 illudere.
929 1821 1083 1854 Ridiculam
1111 1836 1187 1861 vero,
1199 1833 1335 1864 quatenus
1355 1828 1430 1855 nihil,
1448 1828 1493 1855 isti
1524 1834 1613 1861 neque
1636 1823 1740 1856 vident,
1765 1830 1858 1856 neque

216 1868 367 1905 prudenter
379 1868 544 1904 intelligunt.

255 1917 288 1945 ll.
305 1917 333 1945 In
345 1918 443 1953 primis
456 1918 529 1946 enim
541 1918 685 1946 haereticos
698 1919 766 1946 istos
778 1918 869 1946 ferunt
879 1919 1011 1947 ecclesias

218 1963 360 1995 suas,sive
373 1963 486 1996 latibula
500 1963 601 1999 potius,
614 1967 641 1990 et
656 1971 789 1992 cavernas
802 1964 854 1998 (sic
866 1964 939 1992 enim
953 1964 1010 1991 ha:-

219 2009 368 2037 reticorum
394 2009 459 2037 libet
485 2010 622 2045 appellare
640 2011 853 2045 conventicula),
873 2011 902 2037 in
925 2011 1011 2047 hypo-

219 2055 324 2083 caustis
334 2061 487 2083 exstruere.
503 2056 609 2092 Quippe
623 2057 718 2084 subter
728 2057 819 2092 ignem
831 2057 963 2088 excitant,
976 2056 1011 2084 ad

219 2109 268 2129 eos
287 2102 460 2138 vaporandos
481 2110 513 2130 ac
538 2103 669 2132 fovendos
689 2104 735 2139 qui
761 2104 789 2131 in
816 2103 882 2130 illud
900 2103 1012 2130 cubicu-

1099 1917 1137 1945 B'.
1155 1917 1266 1953 Πρῶτον
1289 1917 1343 1953 γάρ
1360 1925 1425 1951 φασι
1444 1916 1506 1948 τοὺς
1532 1915 1669 1946 τοιούτους
1691 1914 1742 1945 τὰς
1767 1914 1859 1941 αὐτῶν

1064 1965 1230 2000 ἐκκλησίας,
1258 1965 1317 1998 ἦτοι
1354 1963 1473 1999 φωλεοὺς
1507 1962 1554 1990 καὶ
1582 1961 1741 1997 σπήλυγγας
1768 1960 1859 1996 (οὓτω

1064 2011 1119 2047 γὰρ
1131 2010 1237 2046 εἴποιμι
1255 2010 1305 2041 τὰς
1317 2009 1372 2037 τῶν
1385 2009 1517 2045 αἱρέσεων
1533 2005 1729 2041 συνελεύσεις),
1745 2007 1774 2032 ὲν
1791 2007 1859 2032 ὑπιο-

1065 2056 1194 2088 καύστοις
1208 2055 1419 2092 οἰκοδομεῖσθαι.
1441 2054 1600 2082 Ὑποκαίειν
1611 2053 1640 2080 δὲ
1661 2053 1751 2085 κάτω,
1772 2052 1815 2078 διὰ
1829 2052 1859 2078 τὺ

1066 2101 1135 2132 εἶναι
1149 2101 1236 2137 ἕθμην
1251 2101 1305 2137 (64)
1325 2103 1363 2132 εἰς
1377 2101 1474 2136 θάλψιν
1491 2100 1544 2126 τῶν
1561 2099 1634 2126 ἔνδον
1649 2099 1678 2125 ὲν
1692 2098 1731 2133 τῷ
1745 2097 1860 2132 οἰκίσκῳ

220 2147 277 2175 lum
292 2149 470 2176 conveniunt.
487 2149 519 2176 ln‘
532 2149 658 2184 ingressu
675 2150 901 2177 vestimentorum
918 2154 1008 2176 custo-

1067 2148 1270 2184 συναγομένων.
1291 2148 1334 2174 ‘Ev
1351 2147 1380 2174 δὲ
1396 2147 1435 2182 τῷ
1450 2146 1560 2173 εἰσιέναι
1581 2144 1792 2181 ἱματιοφύλακές
1806 2144 1860 2170 εἰσί

220 2194 270 2221 des
285 2202 334 2230 pro
354 2194 460 2222 foribus
483 2196 672 2230 capsariorum
695 2195 784 2222 instar
804 2195 922 2230 appositi
938 2199 1012 2222 sunt.

221 2239 292 2268 Tum
315 2241 477 2268 intrantium
502 2241 620 2276 quisque
637 2245 692 2268 tam
717 2241 769 2274 vir,
793 2248 876 2276 quam
902 2241 1013 2274 femina,

222 2288 290 2316 foris
313 2289 437 2316 vestibus
453 2296 558 2316 exuens
579 2296 649 2320 sese,
674 2292 731 2315 toto
753 2295 878 2323 corpore,
900 2288 1014 2323 perinde

223 2339 253 2360 ut
269 2341 302 2361 ex
317 2337 396 2361 utero
409 2334 504 2361 matris
519 2334 595 2365 exiit,
614 2334 704 2362 nudus
720 2334 882 2370 ingreditur.
900 2333 952 2362 Sed
965 2334 1013 2369 qui

224 2379 363 2415 principes
377 2380 448 2407 inter
459 2380 522 2407 illos
536 2380 681 2411 habentur,
696 2384 722 2408 et
734 2380 870 2415 magistri,
886 2387 1013 2415 paratque

223 2423 290 2451 nudi
309 2425 464 2456 consident,
490 2425 535 2451 alii
553 2425 579 2452 in
596 2425 737 2459 superiore
753 2424 823 2457 loco,
844 2424 890 2451 alii
905 2425 933 2451 in
945 2424 1015 2453 infe-

223 2469 309 2502 riore,
335 2470 493 2504 promiscue
519 2478 550 2497 ac
571 2471 684 2505 passim.
705 2470 746 2498 Ad
759 2470 817 2498 hac
837 2471 961 2498 nonnulli
982 2479 1016 2498 ex

224 2524 319 2544 eorum
334 2525 449 2544 numero
461 2522 536 2548 sunt,
553 2518 598 2552 qui
615 2517 718 2544 scilicet
729 2516 907 2545 Continentes
924 2517 1017 2552 appel-

225 2563 328 2596 lantur,
348 2563 430 2598 idque
447 2571 504 2599 pra:
518 2558 548 2591 se
564 2563 668 2595 ferunt,
683 2570 716 2590 ac
731 2563 852 2598 virgines
870 2563 1016 2596 habentur,

263 2641 349 2670 ‘Cor-
376 2640 517 2677 ἀορασίαν.
556 2640 639 2668 'Cor.
672 2639 745 2676 ζώῳ,
760 2644 787 2667 et
800 2640 964 2676 φαινομένῳ.

261 2700 317 2733 (liii
342 2699 392 2728 Διὰ
406 2699 441 2726 τὸ
459 2697 533 2727 εἶναι
553 2699 658 2734 ἕθμην.
677 2698 742 2727 Hes.
761 2708 767 2726 :
786 2697 890 2732 Ἐθμὴ,
917 2698 1013 2734 ἀτμὸς,

225 2736 331 2767 καπνὸς
347 2735 445 2766 λεπτὸς
455 2755 462 2767 ,
479 2735 565 2770 ἀτμή.

265 2772 319 2803 lii-'3)
332 2771 422 2805 Δίκην
432 2768 619 2805 καμψὶιρίων.
633 2769 705 2797 Idem
724 2768 930 2804 Ηεε.;,Χάμψα,
944 2768 1015 2805 θήκη

226 2807 458 2842 τὶωςσοκομεῖον,
471 2804 503 2833 et
519 2806 645 2842 gzapd‘t’a,
657 2805 885 2842 κανᾶ,κανίσκια.
905 2804 1014 2842 Suitlas:

227 2843 348 2878 Ειὶμψιιι,
363 2840 444 2877 κίστη
455 2862 462 2875 ,
480 2841 497 2876 ἦ
516 2841 597 2875 θήκη.
613 2841 696 2876 Igitur
722 2841 847 2875 Capsarii
863 2844 929 2868 sunt
955 2840 1015 2874 ἱμα-

1066 2204 1138 2227 τινες
1154 2195 1222 2231 πρὸς
1242 2196 1301 2227 ταῖς
1318 2194 1430 2230 θύραις,
1446 2194 1524 2230 δίκην
1548 2192 1711 2228 καμψαρίων
1725 2191 1796 2227 (65),
1812 2191 1859 2217 ὑπ’

1065 2241 1155 2268 αὐτῶν
1165 2240 1383 2276 ἐπιτεταγμένοι,
1395 2240 1442 2268 xui.
1454 2240 1568 2271 ἕκαστος
1585 2238 1687 2271 εἰσιὼν,
1703 2238 1762 2273 ἦτοι
1776 2237 1858 2272 ἀνὴρ,

1066 2289 1126 2324 ἦτοι
1142 2288 1228 2324 γυνὴ,
1248 2287 1409 2322 ἐκδυόμενος
1432 2286 1485 2320 ἔξω
1503 2286 1598 2312 εἴσεισι
1615 2284 1734 2320 γυμνὸς,
1754 2284 1791 2315 ὼς
1805 2284 1860 2310 ἀπὸ

1065 2333 1179 2369 μητρὸς.
1206 2333 1259 2368 ὂλῳ
1284 2333 1323 2369 τῷ
1343 2332 1466 2369 σώματι·
1499 2332 1526 2359 οῐ
1546 2339 1576 2358 τε
1603 2330 1744 2361 δοκοῦντες
1768 2329 1859 2356 αὐτῶν

1063 2378 1179 2413 ἀρχηγοὶ
1191 2378 1237 2405 καὶ
1250 2379 1414 2409 διδάσκαλοι,
1428 2378 1528 2409 πάντες
1536 2377 1573 2408 ὡς
1579 2378 1611 2403 ἐκ
1627 2375 1738 2412 μητρὸς,
1749 2374 1860 2406 καθεζόο

1065 2432 1142 2459 μενοι
1152 2443 1158 2454 ,
1171 2424 1196 2450 ot
1212 2424 1262 2459 μὲν
1279 2424 1345 2455 ἄνω,
1359 2424 1383 2450 οἱ
1398 2423 1427 2450 δὲ
1442 2423 1517 2450 κάτω
1533 2423 1633 2458 ἀναμὶξ
1645 2422 1692 2448 καὶ
1708 2421 1856 2456 σποράδην.

1066 2470 1126 2496 Εἰσὶ
1141 2470 1169 2497 δὲ
1183 2470 1249 2506 παρ’
1265 2471 1356 2502 αὐτοῖς
1381 2470 1541 2505 Ἐγκρατεῖς
1563 2468 1642 2504 δῆθεν
1658 2467 1799 2502 λεγόμενοξ
1827 2475 1856 2492 τε

1066 2517 1113 2543 καὶ
1135 2516 1340 2551 κομπάζοντες,
1361 2516 1408 2542 καὶ
1432 2514 1584 2550 παρθένοι,
1604 2514 1641 2545 ὼς
1656 2513 1769 2543 ἑαυτοὺς
1786 2512 1858 2538 ἁπα-

1067 2563 1143 2590 τῶσι.
1161 2563 1217 2594 Τάς
1231 2571 1260 2588 τε
1274 2562 1457 2596 ἀναγνώσεις,
1470 2562 1516 2588 καὶ
1535 2561 1568 2587 τὰ
1582 2560 1648 2588 ἄλλα
1665 2559 1753 2586 αὐτῶν
1770 2558 1856 2584 πάντα

1066 2698 1245 2734 τιοφύλακες,
1260 2699 1314 2726 hoc
1328 2701 1390 2734 est,
1411 2700 1441 2734 ut
1456 2695 1561 2734 Glossae
1579 2692 1713 2734 reddunt,
1727 2691 1854 2734 vestiarii.

1068 2727 1155 2770 Supra
1173 2727 1339 2770 injHebion.
1353 2727 1609 2770 oleario_s__vocahat.
1627 2728 1728 2755 Paulus
1754 2727 1856 2770 tiburti

1068 2770 1081 2805 §
1100 2765 1187 2797 u'ltim.
1204 2769 1241 2796 De
1265 2770 1337 2804 ofﬁc.
1353 2773 1430 2803 prwt.
1449 2767 1509 2802 Vig.
1523 2765 1616 2794 eadem
1630 2771 1697 2792 voce
1718 2765 1857 2798 eapsaric-

1071 2814 1129 2833 l'lllll
1147 2805 1274 2841 appellat.
