1964 3047
110 164 165 195 957

445 165 630 194 ADVERSUS
649 166 820 195 IIIERESE'S
834 165 899 194 LIB.
921 165 953 194 fl.
975 165 1058 194 ΤΟΜ.
1080 166 1099 194 l.
1119 166 1300 195 ——H:ERES.
1316 167 1371 194 LII.

1692 161 1748 190 958

111 221 210 257 γυμνοὶ
234 220 310 253 ὅντες
326 221 460 248 τελοῦσιν.
486 223 518 248 El
541 222 570 249 δὲ
586 222 670 255 δόξειε
695 223 774 255 τινὰ,
792 223 830 254 ὡς
857 222 904 248 καὶ

968 229 1042 257 νεουθ
1058 222 1133 257 ipsos
1154 222 1227 249 hunc
1251 223 1278 249 in
1300 221 1411 249 tllodmll
1432 219 1582 255 decipiunt;
1605 218 1665 246 Jam
1681 226 1748 246 vero

111 267 193 294 τοῦτο
205 267 346 301 λέγουσιν,
372 267 401 294 ἐν
424 268 627 304 παραπτώματι
652 268 778 303 γενέσθαι
790 289 797 302 ,
813 268 905 295 οὐκέτι

112 313 208 340 τοῦτον
235 313 389 348 συνάγουσι.
415 314 550 342 Φάσκουσι
578 315 633 351 γὰρ
657 316 738 342 αὐτὸν
753 316 799 342 τὸν
821 315 906 350 Ἀδὰμ.

113 359 159 386 τὸν
176 358 334 395 βεὸρωκότα
353 360 407 386 ἀπὸ
426 360 473 387 τοῦ
490 361 570 394 ξύλου
583 381 590 393 ,
607 361 653 388 καὶ
671 361 809 397 κρίνουσιν
826 360 906 394 ὲξεῶ-

115 405 177 433 σθαι
192 405 230 438 ὡς
255 405 309 433 ἀπὸ
335 405 382 432 τοῦ
404 407 568 442 παραδείσου
581 427 588 438 ,
603 407 726 434 τουτέστι
742 407 791 442 τῆς
815 406 905 434 αὐτῶν

121 451 294 487 Ἑκκλησίας.
318 451 462 486 Ἡγοῦνται
475 452 529 488 γὰρ
548 453 597 487 τὴν
611 452 716 480 ἑαυτῶν
743 451 905 488 Ἐκκλησίαν

115 496 185 524 εἶναι
209 497 256 523 τὸν
283 497 465 533 παράδεισον,
484 498 530 524 καὶ
553 499 651 530 αὐτοὺς
670 496 739 525 εἶναι
762 499 825 530 τοὺς
843 498 906 534 περὶ

121 541 207 578 ’Λδὰμ
224 542 270 569 καὶ
287 542 368 570 Εὕαν.
390 543 450 570 Τίνι
473 541 520 570 οὖν
537 543 576 578 τῷ
592 543 663 579 λόγῳ
682 544 844 570 ὑποκαίουσι
861 543 906 570 τὸν

115 587 250 619 οἰκίσκον,
267 587 310 614 ἵνα
329 588 366 624 μὴ
386 587 417 615 τὺ
436 588 519 623 κρύος
535 588 624 615 αὐτῶν
640 588 798 624 ὲφάψηταις
822 588 907 624 Ἀδὰμ

114 631 170 668 γὰρ
188 633 235 660 καὶ
250 632 306 660 Εὕα
320 633 370 660 οὐκ
382 634 411 660 ὲν
429 634 592 670 ὐποκαύστῳ
605 635 672 670 οἴκῳ
687 635 736 670 τὴν
749 635 853 662 δίαιταν
867 633 907 661 εἷ-

115 690 179 717 χον,
195 681 256 708 οὔτε
272 682 300 709 ὲν
315 681 428 717 φλογμῷ
444 692 496 709 τινι
514 683 692 714 ὑπεπιέζοντο
705 703 712 713 ,
737 682 799 708 οὔτε
825 682 908 718 κρύος

115 727 214 759 αὐτοὺς
228 727 356 762 ἑφόρτου·
372 725 406 762 ἦν
421 727 449 754 δὲ
466 728 557 759 αὐτοῖς
573 728 627 763 ἀὴρ
638 727 830 763 καθαρώτατος
840 747 847 758 ,
861 727 907 754 καὶ

116 771 207 807 πάσης
222 772 371 807 εὐκρασίας
395 773 534 804 εὐτάκτως
556 773 588 799 ἐκ
613 772 681 799 Θεοῦ
700 772 906 808 μεμερημένος,

114 817 177 846 οὔτε
209 819 359 854 ἀπηνότητι
375 819 494 855 ψυχρίας
514 820 696 855 τετονωμὲνος
709 839 716 851 ,
742 819 803 846 οὔτε
829 820 908 855 ἀηδε-

116 863 203 900 στάτῃ
215 863 368 899 ἐκπυρώσει
381 863 520 895 καύσωνος
540 864 744 900 ὲπηρτημένοςο
755 864 863 900 διαίταη
880 864 909 891 δὲ

957 267 1087 294 lectiones
1104 274 1136 294 ac
1161 267 1266 302 reliqua
1285 266 1311 293 id
1330 273 1416 302 genus
1439 265 1541 292 obeunt
1565 263 1641 292 nudi.
1669 263 1747 296 Quod

956 313 980 340 si
996 312 1070 347 quis,
1087 318 1116 339 ιιι
1132 312 1225 340 dicere
1239 312 1338 343 solent,
1354 312 1381 338 in
1400 312 1508 346 culpam
1525 311 1620 347 lapsus
1636 319 1698 338 esse
1711 310 1750 338 vi-

955 358 1062 392 deatur,
1084 358 1158 385 hunc
1180 359 1208 385 in
1226 362 1390 386 conventum
1406 366 1486 385 suum
1504 359 1615 385 minime
1631 357 1749 392 amplius

956 403 1100 438 recipiunt.
1123 402 1256 429 Adamum
1271 403 1343 430 enim
1361 403 1437 430 illum
1453 411 1515 431 esse
1531 404 1636 434 dicunt.
1653 403 1700 437 qui
1716 403 1750 430 de

957 449 1031 484 ligno
1043 449 1220 481 comederit‘,
1242 454 1324 484 atque
1337 457 1352 477 e
1367 449 1505 485 paradiso,
1530 450 1583 476 hoc
1598 453 1638 476 est
1652 449 1746 476 Eccle-

958 496 999 523 sia
1014 502 1075 528 sua,
1089 495 1327 523 exterminandum
1343 495 1478 530 judicant.
1512 495 1579 522 Nam
1588 495 1750 532 |Ecclesiam

957 549 1035 570 suam
1055 542 1213 577 paradisum
1233 549 1295 570 esse
1308 545 1434 570 statuunt
1446 551 1462 576 ;_
1482 542 1588 577 seipsos
1601 548 1665 568 vero
1679 540 1753 567 Ada-

958 596 1032 615 mum
1049 592 1076 615 et
1090 588 1184 616 Evam.
1207 588 1265 616 Cur
1285 589 1369 624 igitur
1393 589 1489 616 subter
1510 587 1668 616 cubiculum
1685 586 1752 614 illud

959 635 1048 670 ignem
1064 636 1196 666 excitant.
1207 643 1241 662 ne
1253 635 1356 671 frigore
1367 635 1551 663 infestentur?
1569 633 1754 662 Etenim‘Ada—

959 689 1020 708 mus
1036 686 1063 709 et
1077 681 1132 708 Eva
1151 690 1240 717 neque
1256 682 1282 709 in
1307 682 1478 718 hypocausto
1491 681 1636 717 degebant.
1665 686 1754 714 neque

959 729 1055 756 ardore
1070 729 1135 761 ullo.
1148 734 1230 764 atque
1243 733 1312 758 astu
1327 729 1536 764 premebantur;
1550 735 1600 756 nec
1615 727 1701 754 ullum
1713 726 1755 753 eis

959 775 1047 811 frigus
1061 780 1120 803 erat
1137 776 1300 805 molestum:
1325 776 1371 803 sed
1389 776 1538 811 purissimo
1552 782 1614 802 aere
1625 773 1753 801 frueban-

960 826 1015 854 tur,
1033 829 1065 849 ac
1080 822 1195 850 mirifice
1210 831 1225 849 a
1251 821 1304 849 Deo
1321 825 1481 857 temperato.
1503 821 1549 855 qui
1575 827 1627 848 nec
1644 819 1755 855 frigoris

960 868 1105 896 atrocitate
1121 868 1319 899 vehementior,
1345 875 1397 896 nec
1413 867 1609 895 molestissimo
1633 866 1753 894 incendii

115 909 254 945 ἀμϐροσία
275 909 347 945 μάλα
363 910 395 936 ὲκ
420 911 487 937 Θεοῦ
503 911 692 946 πεποιημένη·
711 912 725 938 ὁ
739 911 828 947 χῶρος
849 911 909 938 ὲτέ-

968 914 1063 942 :irdore
1078 914 1216 942 violentus
1235 914 1398 941 immineret.
1421 913 1515 941 Victus
1532 913 1628 941 iisdem
1643 912 1754 939 ambro-

115 964 210 987 τακτο,
226 955 357 992 θυμηδίας
371 957 418 983 καὶ
435 957 552 989 εὐζωῖας
567 957 762 993 πεποιημένος.
780 958 835 984 Kal
848 958 910 984 οὔτε

117 1001 189 1037 ῥίγει
208 1002 362 1029 ὑπέπιπτον
384 1002 445 1029 οὕτε
460 1003 590 1034 καύσωνι,
612 1003 650 1035 ὡς
664 1004 743 1040 ἔφην.
761 1003 870 1030 Τούτων
882 1004 911 1030 δὲ

117 1048 245 1075 τοιούτων
260 1049 459 1085 ὲπιδεομένων,
488 1050 560 1085 μάλα
579 1049 643 1086 παρ’
667 1051 759 1082 αὺτοῖς
783 1051 800 1086 ἡ
829 1050 911 1086 χλεύη

118 1094 233 1128 γίνεται.

154 1193 193 1221 l".
209 1191 276 1221 Εἶτα
291 1193 319 1220 δὲ
346 1193 394 1221 καὶ
414 1193 445 1221 τὸ
464 1193 558 1231 ἕτερον
583 1195 765 1230 σκοπήσωμεν
777 1216 784 1228 ,
813 1195 870 1228 πῶς
896 1197 913 1232 ή

120 1241 196 1268 πᾶσα
221 1240 310 1276 πλάνη
329 1240 497 1276 διελέγχεται
509 1261 516 1273 ,
533 1241 574 1268 ὄτι
590 1242 621 1268 οὐ
646 1241 711 1276 μίαν
723 1241 798 1277 ὥραν
815 1243 914 1269 ἐκεῖνοι

119 1287 219 1322 γυμνοὶ
238 1284 309 1322 ἦσαν
322 1285 420 1325 [ἀλλὰ
445 1285 590 1321 διηνεκῶς,
607 1286 654 1313 καὶ
677 1286 727 1313 οὐκ
755 1286 912 1322 ᾐσχύνοντο.

119 1333 231 1365 τούτοις
246 1333 276 1359 δὲ
295 1332 326 1359 οὺ
346 1332 390 1359 διὰ
405 1332 437 1359 τὸ
464 1332 501 1368 μὴ
517 1332 694 1368 αίσχύνεσθαι
712 1333 729 1368 ἡ
757 1332 914 1376 γύμνωσις,

120 1381 172 1409 κᾶν
184 1390 215 1408 τε
232 1381 317 1413 οὕτως
332 1381 408 1407 αὐτοὶ
420 1380 577 1416 νομίσωσιν,
594 1380 651 1407 ἀλλ’
669 1380 750 1407 ἕνεκα
766 1381 915 1416 ἀκορέστου

120 1428 237 1464 ἡδονῆς,
257 1428 351 1466 κόραις
378 1427 527 1463 ὀφθαλμῶν
554 1427 723 1462 ἐμποιούσης
740 1426 789 1463 τὴν
816 1427 915 1459 θέλειν.

127 1473 279 1511 ’Δφῄρηται
304 1474 360 1510 γὰρ
377 1474 424 1500 ἀπ’
442 1473 533 1500 αὐτῶν
558 1474 575 1509 ἡ
603 1472 690 1504 αῑδὼ,
710 1473 726 1508 ἠ
756 1473 786 1499 ὲν
815 1473 917 1505 πάσαις

120 1521 213 1555 ἁγίαις
229 1521 350 1556 Γραφαϊς
368 1519 565 1556 ὲπαινουμένη⁵
583 1519 632 1546 καὶ
650 1518 758 1554 ἀληθῶς
772 1518 917 1554 πεπλήρω-

966 961 1006 988 sia
1019 963 1078 988 erat
1092 968 1108 988 a
1122 959 1176 988 Deo
1191 963 1295 996 parata.
1313 959 1404 987 Locus
1418 960 1477 995 ipse
1491 959 1574 996 5.60
1585 958 1702 993 denique
1719 957 1753 985 ad

965 1015 1074 1034 omnem
1098 1013 1157 1035 erat
1181 1007 1348 1042 voluptatem
1374 1006 1630 1042 iucunditatemque
1653 1005 1753 1032 factus.

963 1052 1002 1079 Ita
1027 1057 1057 1079 ut
1070 1060 1158 1086 neque
1179 1052 1265 1087 algori
1291 1059 1380 1087 neque
1411 1051 1498 1084 aestui,
1526 1049 1755 1086 quemadmodum

964 1099 1196 1131 diximus,essent
1205 1098 1331 1126 obnoxii.
1346 1099 1381 1124 At
1395 1097 1433 1125 illi
1448 1105 1510 1125 cum
1526 1096 1679 1125 istiusmodi
1695 1096 1758 1123 vita:

963 1144 1178 1172 necessitatibus
1195 1144 1313 1180 expositi
1327 1143 1393 1176 sint.
1419 1143 1532 1171 omnino
1555 1142 1665 1170 ridiculi
1681 1147 1756 1169 sunt.

1001 1201 1045 1229 lll.
1064 1201 1136 1235 Quin
1152 1201 1220 1229 illud
1237 1209 1290 1229 una
1306 1200 1538 1229 considerandum
1555 1204 1608 1231 est.
1624 1197 1757 1234 quemad-

966 1248 1077 1275 modum
1098 1256 1130 1276 ex
1148 1256 1181 1275 eo
1208 1247 1294 1275 refelli
1319 1247 1408 1275 omnis
1431 1247 1546 1274 istorum
1566 1253 1645 1273 error
1660 1246 1758 1280 possit.

966 1291 1034 1320 Nam
1052 1293 1131 1328 primi
1144 1293 1230 1321 nostri
1248 1296 1375 1328 parentes
1393 1300 1446 1319 non
1463 1299 1516 1319 una
1534 1291 1666 1318 duntaxat
1681 1290 1758 1321 liora.

967 1340 1014 1367 sed
1027 1343 1158 1374 perpetuo
1175 1338 1239 1365 nudi
1258 1338 1317 1366 sine
1333 1338 1388 1365 ullo
1401 1338 1504 1373 pudore
1517 1336 1758 1372 perseverabant‘.

967 1384 1002 1411 At
1014 1384 1058 1412 isti
1073 1392 1127 1412 non
1144 1383 1217 1418 quod
1233 1384 1338 1418 pudore
1352 1386 1474 1413 careant.
1491 1386 1634 1417 propterea
1650 1381 1759 1408 mutan—

969 1434 1025 1462 tur,
1044 1430 1154 1457 tametsi
1173 1430 1210 1456 ita
1231 1430 1284 1457 sibi
1307 1429 1501 1465 persuadeant,
1523 1429 1569 1456 sed
1586 1428 1613 1455 id
1627 1428 1761 1455 insatiatm

969 1475 1074 1503 libidini
1087 1475 1222 1508 tribuunt,
1235 1483 1295 1510 quae
1305 1474 1440 1510 ejusmodi
1453 1474 1541 1501 oculis
1559 1473 1701 1500 illecebras
1712 1477 1762 1499 ου-

967 1521 1039 1556 jicit.
1075 1521 1216 1556 Siquidem
1233 1529 1341 1548 omnem
1361 1521 1399 1547 illi
1417 1519 1610 1548 verecundiam
1626 1518 1761 1553 deposue—

120 1574 165 1592 ται
179 1566 210 1592 τὸ
226 1565 302 1602 παρὰ
316 1566 354 1601 τῷ
377 1566 504 1602 προφήτῃ
520 1565 664 1601 εἰρημένον
684 1564 725 1597 ca,
742 1565 832 1599 Ὀψις
845 1566 914 1599 πόρ-

970 1571 1044 1598 runt.
1062 1575 1123 1602 qua:
1138 1566 1165 1593 in
1181 1567 1309 1594 omnibus
1327 1567 1413 1594 sacris
1432 1566 1583 1601 Scripturis
1596 1570 1637 1593 est
1653 1565 1762 1592 laudata

120 1621 178 1646 rm;
190 1611 309 1647 ἐγένετό
321 1620 371 1639 σοι
381 1620 388 1627 ’
403 1612 692 1647 ἀπηναισχύντησας
700 1611 776 1646 πρὸς
788 1610 913 1644 πάντας.

120 1657 199 1684 Μετὰ
213 1657 242 1684 δὲ
256 1657 306 1694 τὴν
325 1657 398 1693 ὤραν
420 1657 528 1692 ἐκείνην
541 1657 594 1690 ἔξω
618 1658 736 1693 ἱματίοις
754 1657 916 1693 ἀμφιέννυν-

120 1711 182 1736 ται,
204 1703 251 1730 καὶ
267 1703 358 1730 οὐκέτι
373 1704 440 1730 εἰσὶν
455 1705 469 1730 ὁ
491 1703 586 1738 Ἀδάμ.
603 1703 672 1730 Οὔτε
683 1703 737 1739 γὰρ
749 1703 829 1734 εὐθὺς
844 1704 916 1730 ἐκεῖ·

121 1757 166 1781 νος
183 1749 301 1785 ἱματίοις
327 1749 484 1786 ηὐπόρησεν
501 1757 508 1764 ·
529 1749 598 1776 ἀλλὰ
623 1749 731 1785 πρῶτον
759 1749 808 1784 μὲν
829 1748 916 1783 φύλλα

122 1795 208 1831 συκῆς
218 1815 226 1828 ,
239 1795 333 1822 ἔπειτα
349 1795 377 1822 δὲ
391 1795 507 1831 χιτῶνας
520 1795 699 1831 δερματίνους
709 1815 717 1827 ,
733 1795 780 1822 καὶ
793 1794 832 1827 ὡς
847 1794 917 1830 μετὰ

122 1841 207 1868 πολὺν
230 1841 326 1877 χρόνον
352 1842 401 1877 τῆς
418 1841 508 1868 αὐτῶν
528 1841 601 1877 ζωῆς
623 1842 640 1876 ὴ
662 1840 847 1876 παμποίκιλος
868 1839 916 1866 τοῦ

121 1883 190 1912 Θεοῦ
206 1885 286 1920 σοφία
300 1885 350 1920 τὴν
362 1886 465 1922 εἴδησιν
483 1886 577 1917 αὐτοῖς
598 1886 710 1912 ὲνέὄαλε
725 1885 779 1912 τῶν
794 1885 915 1921 ἀμφίων.

123 1930 176 1958 Καὶ
192 1931 263 1958 κατὰ
280 1932 370 1959 πάντα
388 1932 489 1967 τρόπον
507 1931 584 1958 αὐτοὶ
600 1931 832 1967 χλευασθήοονται
844 1951 851 1963 ,
871 1931 917 1958 λέ-

123 1985 219 2011 γοντες
233 1977 346 2009 ἑαυτοὺς
363 1975 433 2004 εἶναι
454 1978 519 2010 τοὺς
545 1977 610 2013 περὶ
633 1977 734 2013 Ἀδὰμ,
749 1977 917 2012 καταψευδό-

127 2030 202 2058 μενοι
220 2021 324 2049 ἑαυτῶν
336 2043 344 2054 ,
367 2023 416 2050 καὶ
433 2023 491 2059 ἅμα
513 2022 703 2059 ἀληθεύοντες.
721 2023 783 2050 ὀτι
800 2023 849 2059 μὲν
863 2023 918 2059 γὰρ

125 2062 199 2094 οὗτοι
219 2066 304 2102 Ἀδὰμ
321 2067 369 2103 οὐχ
385 2068 537 2104 ὑπάρχουσι
549 2090 556 2099 ,
576 2067 655 2095 τοῦτο
670 2068 749 2104 δῆλον
763 2069 795 2095 ὲκ
813 2068 919 2095 πολλῶν

125 2113 303 2149 τεκμηρίων,
320 2113 357 2146 ὼς
385 2114 432 2141 καὶ
454 2113 651 2150 ὑπεδείξαμεν·
678 2114 719 2141 ὅτι
743 2114 772 2140 δὲ
798 2114 850 2141 ὑπὸ
872 2113 918 2141 τοῦ

127 2158 223 2194 νοητοῦ
239 2159 326 2194 ὕφεως
351 2160 546 2195 ὲμπαίζονται,
566 2159 645 2187 τοῦτο
670 2160 750 2194 δῆλον
775 2159 851 2195 παρὰ
870 2160 920 2195 τῆς

128 2205 315 2241 πεποιημένης
328 2205 417 2232 αὐτῶν
430 2207 666 2243 σχηματουργίας.
681 2206 727 2233 καὶ
740 2205 918 2242 γυμνώσεως,

127 2250 177 2278 καὶ
189 2249 337 2287 αἰσχύνης,
353 2252 400 2278 καὶ
417 2251 525 2287 χλεύης.

162 2350 220 2378 Οὐκ
233 2350 310 2383 ἄξιον
321 2350 349 2377 δὲ
369 2351 443 2386 ἡμᾶς
463 2351 526 2387 περὶ
542 2351 639 2378 πολλοῦ
667 2351 802 2378 ποιεῖσθαι
816 2350 920 2378 τούτων

128 2395 178 2432 τὴν
202 2396 370 2431 ἀνατροπὴν.
399 2395 468 2423 οὔτε
487 2397 541 2432 γὰρ
566 2397 598 2423 τὸ
621 2397 713 2433 ὅμοιον
741 2397 831 2424 αὐτῶν
853 2396 922 2430 ζῶον

129 2441 235 2470 σκευῶν
250 2442 435 2478 πολεμικῶνῆ
450 2442 575 2478 μεγάλων
591 2443 682 2471 ὃπλων
701 2444 838 2471 ἐπιδέεται
853 2443 922 2478 πρὸς

127 2489 283 2524 ἀναίρεσιν·
297 2488 341 2514 διὰ
356 2487 412 2524 γὰρ
429 2489 530 2524 μικρᾶς
549 2489 647 2524 ράδὸου
661 2489 739 2516 τοῦτο
749 2488 920 2523 ἀφανίζεται.

129 2536 264 2568 Πολλάκις
287 2536 333 2568 δὲ,
351 2535 420 2572 μετὰ
433 2536 464 2562 τὸ
484 2534 661 2570 ἀνενεχθῆναι
680 2535 713 2561 ὲκ
736 2534 783 2561 τοῦ
802 2533 921 2568 φωλεοῦ,

129 2582 367 2618 καταλιμπάνεται
384 2581 479 2618 μόνον,
496 2581 543 2608 καὶ
559 2579 648 2615 ἑαυτῷ
658 2579 860 2615 διαφθείρεται,
877 2587 924 2613 γε-

129 2628 265 2665 λὼμενον,
282 2629 329 2656 καὶ
343 2628 563 2664 ὲμπαιζόμενον,
585 2627 631 2654 καὶ
655 2626 692 2662 μὴ
716 2625 922 2661 εὑρισκόμενον,

128 2674 173 2702 διὰ
191 2675 240 2710 τῆς
256 2674 444 2709 παγγελάστου
469 2674 569 2710 χλεύης
581 2693 589 2705 .
610 2672 659 2700 καὶ
678 2672 796 2708 ἀσέμνου
819 2671 920 2706 διαγω-

128 2720 182 2756 γῆς
193 2741 201 2754 ,
215 2720 262 2747 καὶ
276 2720 432 2752 ὑποθέσεως
445 2720 496 2756 τῆς
512 2719 660 2756 ληρῳδὶας.
672 2719 727 2751 Τὰς
747 2718 776 2746 δὲ
792 2718 856 2754 ἑξῆς
870 2718 929 2745 δια-

130 2766 319 2802 σκοπήσαντες
332 2785 340 2798 ,
355 2765 437 2794 πάλιν
453 2757 597 2801 εὐξώμεθα
617 2764 683 2790 Θεὸν
698 2765 840 2800 συνεργεῖν
861 2763 927 2800 ἡμῖν

167 2863 175 2879 ³
190 2862 260 2892 Gen.
276 2870 319 2898 Ill,
334 2861 361 2891 6.
400 2862 490 2891 'lbid,
507 2861 522 2889 7
573 2861 582 2876 ⁵
595 2859 695 2889 Jerciu.
712 2868 754 2895 ιιι,
770 2859 797 2888 '5.

967 1612 1078 1647 saepius.
1104 1611 1144 1639 Ac
1157 1612 1302 1639 verissime
1316 1612 1343 1638 in
1359 1611 1413 1638 illis
1426 1611 1564 1646 prophetae
1576 1610 1678 1637 dictum
1694 1609 1762 1636 illud

968 1658 1113 1693 impletur:
1142 1656 1230 1684 Frons
1259 1658 1404 1684 meretrici:
1419 1657 1492 1692 facta
1506 1661 1544 1683 est
1565 1655 1622 1687 tibi,
1637 1656 1762 1690 pudorem

968 1704 1038 1738 apud
1060 1712 1148 1731 onmu
1168 1704 1288 1738 abjecisti
1304 1704 1324 1731 ’.
1355 1705 1489 1731 Caeterum
1504 1707 1567 1739 post
1583 1703 1656 1730 illam
1669 1703 1763 1729 horam

969 1751 1036 1778 foris
1051 1757 1161 1778 rursum
1173 1755 1263 1778 vestes
1275 1750 1394 1777 induunt
1404 1754 1430 1777 et
1439 1748 1535 1776 Adami
1549 1757 1609 1776 esse
1621 1748 1762 1776 desinunt.

969 1796 1064 1831 Neque
1078 1797 1151 1824 enim
1167 1797 1192 1824 is
1206 1797 1323 1824 vestium
1338 1796 1454 1824 subinde
1462 1795 1570 1830 copiam
1586 1795 1682 1821 habuit
1695 1802 1702 1826 ;
1717 1792 1765 1821 sed

968 1843 1086 1878 primum
1107 1842 1174 1870 ficus
1197 1843 1274 1874 folia.
1301 1842 1399 1870 deinde
1424 1841 1553 1877 pelliceas
1573 1841 1691 1868 tunicas.
1726 1840 1766 1866 Ita

967 1889 1078 1916 nonnisi
1093 1888 1173 1924 longo
1189 1893 1322 1924 tempore,
1348 1895 1430 1922 quam
1445 1887 1531 1914 creati
1545 1886 1664 1918 fuerant,
1681 1885 1766 1913 vesti-

969 1938 1126 1962 mentorum
1145 1942 1226 1963 usum
1245 1935 1338 1962 divina
1365 1934 1427 1961 illos
1451 1933 1585 1968 sapientia
1611 1931 1765 1968 perdocuit.

969 1979 1153 2013 Quamobrem
1179 1980 1254 2008 omni
1271 1979 1434 2014 explodendi
1452 1979 1571 2006 ludibrio
1595 1977 1766 2006 sunthomi-

969 2034 1018 2054 nes
1033 2026 1090 2059 isti,
1108 2026 1154 2062 qui
1176 2026 1227 2053 sibi
1241 2026 1337 2053 Adami
1357 2025 1542 2052 conditionem
1559 2024 1702 2051 vindicant
1712 2023 1767 2056 {in

969 2080 1024 2108 quo
1035 2072 1134 2108 partim
1146 2073 1329 2104 mentiuntur,
1343 2072 1440 2107 partim
1453 2079 1517 2099 vera
1527 2070 1665 2106 jactitant.
1689 2068 1768 2102 Quod

969 2119 1043 2146 enim
1064 2118 1161 2146 Adami
1180 2126 1234 2146 non
1257 2122 1332 2150 sunt,
1354 2117 1459 2149 multis.
1483 2121 1513 2144 ut
1530 2116 1712 2147 ostendimus,
1727 2118 1770 2142 est

970 2163 1140 2199 argumentis
1151 2163 1341 2199 perspicuum;
1357 2162 1431 2198 quod
1445 2165 1534 2189 autem
1551 2161 1585 2188 ab
1598 2158 1763 2194 iiitclligibili

971 2212 1097 2244 serpente
1121 2208 1304 2238 ludificentur.
1330 2206 1356 2233 id
1375 2213 1439 2233 vero
1456 2213 1489 2232 ex
1509 2204 1637 2231 ail‘cctato
1660 2203 1768 2229 illorum

935 2255 959 2285 ι)
973 2255 1068 2282 habitu
1082 2262 1114 2282 ac
1138 2254 1262 2281 nuditate
1277 2252 1459 2289 pudendoque
1474 2259 1506 2278 ac
1525 2249 1641 2278 ridendo
1666 2248 1713 2276 illo
1727 2248 1769 2275 in-

974 2300 1072 2328 stituto
1087 2303 1208 2328 constat.

1012 2358 1160 2386 Enimvero
1179 2357 1247 2384 tanti
1263 2356 1374 2384 illorum
1397 2354 1590 2383 refutationem
1617 2351 1706 2378 facere
1722 2350 1773 2377 mi-

976 2405 1050 2433 nime
1064 2404 1204 2432 convenit.
1222 2403 1316 2438 Neque
1329 2402 1402 2430 enim
1419 2400 1520 2429 animal
1535 2399 1613 2431 illud.
1628 2397 1674 2426 cui
1693 2397 1772 2424 simi-

974 2450 1014 2478 les
1026 2453 1102 2483 sunt,
1123 2449 1229 2477 bellicis
1244 2448 1380 2476 machinis
1393 2451 1441 2474 aut
1458 2445 1610 2480 majoribus
1627 2443 1711 2470 armis
1726 2450 1773 2469 cx-

974 2494 1091 2531 pugnari
1115 2493 1268 2528 conlicique
1284 2492 1378 2524 debet,
1403 2491 1451 2519 sed
1467 2490 1565 2525 exigua
1591 2489 1683 2524 aliqua
1697 2488 1773 2522 virga

975 2540 1147 2575 proﬂigalur.
1176 2539 1255 2573 Scepe
1271 2537 1354 2566 etiam
1369 2543 1431 2564 cum
1447 2543 1481 2563 ex
1497 2533 1634 2562 foramine
1652 2540 1774 2560 emerse-

977 2586 1023 2616 rit,
1039 2585 1062 2613 si
1081 2584 1181 2612 ibidem
1199 2583 1360 2611 destitutum
1377 2581 1471 2613 fuerit,
1493 2587 1542 2615 per
1552 2586 1614 2606 sese
1625 2576 1775 2611 exstingui-

979 2632 1025 2655 tur
1038 2627 1098 2654 risu
1111 2627 1233 2654 omnium
1248 2634 1280 2653 ac
1298 2624 1416 2653 ludibrio
1432 2627 1570 2654 vexatum,
1588 2628 1639 2649 nec
1654 2619 1773 2654 amplius

980 2671 1129 2708 reperitur,
1140 2676 1318 2707 posteaquam
1332 2669 1372 2697 sic
1384 2668 1496 2695 illusum
1511 2665 1604 2696 fuerit,
1617 2671 1649 2690 ac
1665 2661 1776 2708 ludicrae

982 2706 1174 2754 occupationis
1188 2715 1328 2743 materiem
1343 2712 1502 2750 praebuerit.
1519 2710 1578 2738 1am
1593 2715 1658 2736 vero
1676 2706 1710 2734 ad
1722 2713 1776 2733 cte-

982 2768 1056 2792 tcras
1073 2761 1288 2791 considerandas
1306 2759 1426 2788 haereses
1446 2757 1567 2785 divinam
1579 2759 1659 2789 opem
1678 2758 1778 2781 rursus
