1964 3047
106 129 159 158 9M

414 123 600 153 ADVERSUS
621 121 791 151 HERESES
810 119 874 148 LIB.
892 119 925 147 ll.
941 116 1024 147 ΤΟΜ.
1043 119 1103 148 Ι.-
1122 117 1262 147 ιιιΕιιΕει.
1281 114 1347 145 ων,

1692 115 1747 145 962

109 187 166 220 ξατ,
184 186 232 214 καὶ
243 185 307 217 τοὺς
322 185 369 211 ἀπ’
383 184 482 216 αὑτοῦ,
501 185 531 211 ὲν
547 185 606 215 ταῖς
621 183 714 214 ἄλλαις
728 180 899 218 προδεδηλω-

967 185 1008 205 sm
1030 177 1163 205 adversus
1186 177 1319 209 Elxa‘um,
1338 176 1395 204 sive
1406 173 1494 206 Elxai.
1514 181 1597 210 quam
1617 173 1678 210 eius
1699 183 1746 202 se-

111 233 207 268 μέναις
222 231 356 267 αἱρέσεσι.
372 230 444 256 Πᾶσι
458 229 514 265 γὰρ
528 228 652 263 φωρατδς
672 229 686 254 ὁ
701 227 839 258 τοιοῦτος,
854 226 902 253 καὶ

110 279 128 314 ἡ
146 277 176 310 ἐξ
192 276 277 303 αὑτοῦ
302 276 422 311 αἵρεσις,
442 275 485 302 ὅτι
501 274 683 302 πεπλάνηται.
704 273 749 304 Ὠς
771 270 818 299 οὖν
837 271 902 298 σαῦ-

110 329 162 357 ραν
179 319 294 356 ἡλιακὴν
311 319 477 351 πεπαικότες
496 319 586 354 ῥάϐδῳ
599 318 704 350 ἐλπίδος
716 317 834 353 Χριστοῦ
855 317 903 344 καὶ

110 364 159 392 τοῦ
178 363 307 400 σταυροῦ,
323 365 369 390 ὲπὶ
383 364 431 395 τὰς
449 363 512 398 ἑξῆς
530 363 624 398 ἴωμεν.
640 363 732 396 Ἄξιον
749 362 804 398 γάρ
817 362 902 394 ἐστιν,

110 407 133 444 ᾧ
157 410 269 445 ὀνόματι
286 409 399 441 ἑαυτοὺς
417 410 464 436 καὶ
485 405 559 435 οὗτοι
585 408 730 443 ὠνόμασαν
743 428 750 440 ,
771 407 810 443 τῷ
829 407 904 442 αὐτῷ

112 456 262 493 κεχρῆσθαι
275 455 418 490 αἰνίγματι
437 455 477 486 εις
493 454 593 490 φράσιν
608 454 657 489 τῆς
672 453 761 480 αὐτῶν
778 461 904 488 παραπε-

111 501 264 537 ποιημένης
289 500 457 535 ἐπωνυμίας.
481 499 616 535 Σαμψαῖοι
631 499 686 534 γὰρ
706 497 904 534 ἑρμηνεύονται

117 547 250 574 Ἦλιακοί.
274 546 320 573 Διδ
345 545 453 573 καὶτοῦ
469 545 539 577 ζώου
553 544 774 581 ἐπεμνήσθημεν.
796 545 904 580 Ταύτην

111 592 167 627 γὰρ
188 591 292 627 σαῦραν
321 590 391 617 οὕτω
416 590 610 626 κικλήσκουσιν
628 589 744 625 ἡλιακὴν
759 590 784 616 ol
801 589 905 624 ἀνθρω-

114 646 169 665 ποι.
187 637 293 673 Χείρων
307 636 334 662 δὲ
358 636 461 671 αἵρεσις
484 634 554 670 αὕτη
579 634 630 668 τῆς
654 634 774 670 σαύρας,
791 634 856 669 μηδὲ
874 633 905 660 τὺ

113 683 257 718 ἀκαριαῖον
271 682 320 716 τῆς
332 681 465 716 ὠφελείας
486 681 584 715 ἑαυτῆς
598 680 708 715 ἔχουσα.
731 680 837 718 Ἱξκεινη
851 679 906 715 γὰρ

113 715 340 764 ἁμὸλυωπήσασα
355 715 442 763 χρόνῳ
461 726 618 758 ἀναϐλέπει,
638 726 682 752 διὰ
696 715 810 761 ἡλιακῆς
826 734 905 761 στρο-

114 774 245 810 φάλιγγος
259 774 288 800 ὲν
299 773 395 808 φωλεῷ
407 772 474 808 πρὸς
488 772 621 807 ἀνατολὴν
634 771 793 808 προσέχοντι
807 772 906 807 ἑαυτὴν

114 819 314 855 προσθλίψασα,
334 818 381 844 καὶ
395 817 577 852 νηστεύσασα,
592 815 660 852 πρὸς
677 815 808 852 ἀνατολὴν
823 824 908 843 κατα-

113 863 222 891 νοοῦσα.
238 863 313 898 Λΰτη
328 863 370 896 δὲ,
388 864 470 898 φημὶ,
490 863 507 898 ἡ
525 862 629 898 αἵρεσις
640 882 648 893 ,
663 862 692 887 ὲν
707 861 807 888 ἅπασιν
823 863 908 898 ἀφρο-

115 903 199 947 σύνην
216 910 348 947 κέκτηται
364 909 411 937 ἰοὖ
425 910 510 943 ζώου·
527 909 557 936 οὐ
573 909 625 945 μὴν
641 909 692 935 κᾶν
705 908 736 935 τὸ
752 909 841 943 ὀλίγον
857 909 905 936 τοῦ

114 958 238 986 ἐπαίνου.
259 957 303 989 Ὠς
320 954 365 984 οὖν
388 956 435 983 καὶ
451 956 520 991 αῦτη
540 956 556 991 ἡ
583 956 703 992 αἵρεσις,
723 955 810 991 σαῦρα
839 956 906 991 ἡμῖν

114 1003 241 1039 λεχθεῖσα
253 1003 353 1040 ήλιακὴ
364 1023 371 1036 ,
396 1003 443 1030 καὶ
458 1001 684 1037 καταπατηϐεῖσα
698 1001 751 1028 ὑπὸ
767 1001 817 1037 τῆς
839 1002 907 1037 ἁλη-

116 1049 191 1082 θείας
210 1049 293 1077 αὑτοῦ
310 1050 423 1086 μενέτω,
441 1049 523 1084 μηδὲν
539 1048 724 1084 κατισχύουσα
742 1048 826 1084 περὶί
838 1047 906 1075 Θεοῦ

115 1096 254 1131 ἀληθείας.
279 1095 374 1131 Ἡμεῖς
397 1095 427 1122 δὲ
453 1095 499 1121 ἐπὶ
516 1095 566 1126 τὰς
593 1094 692 1127 ἄλλας,
719 1094 757 1127 ὡς
783 1094 907 1129 εἴπομεν,

116 1141 323 1178 ὲξορμήσωμεν.

953 223 1054 251 ctarios
1077 223 1115 251 sit
1144 223 1253 250 abunde
1277 223 1441 258 pmstitum.
1472 221 1586 249 Accedit
1609 219 1747 248 neminem

953 277 1024 301 esse.
1042 270 1089 304 qui
1105 276 1160 296 non
1175 273 1202 296 et
1214 269 1297 299 hunc.
1315 272 1342 296 et
1356 267 1439 302 hujus
1451 267 1576 295 haeresim
1599 274 1614 294 a
1628 266 1747 294 veritate

953 316 1102 351 plurimum
1121 315 1251 342 aberrare
1266 319 1425 349 cognoscat.
1445 313 1582 346 Quocirca
1595 320 1658 339 cum
1674 312 1748 339 sola-

958 370 1016 390 rem
1030 363 1104 389 illam
1122 362 1252 389 lacertam
1268 361 1326 396 spei
1343 361 1370 388 in
1386 360 1497 387 Christo
1521 363 1548 385 et
1562 357 1654 386 crucis
1670 358 1748 392 virga

953 406 1182 441 percusserimus,
1190 405 1224 433 ad
1233 410 1345 433 caeteras
1351 412 1507 440 pergamus.
1514 403 1562 431 Est
1567 403 1639 430 enim
1646 401 1748 430 rationi

957 455 1184 484 consentaneum,
1194 455 1222 479 ut
1232 459 1287 486 quo
1299 451 1410 478 nomine
1421 451 1527 485 seipsos
1537 448 1747 482 aiiiciunt,idcm

954 498 989 526 ad
1005 498 1066 525 illos
1082 498 1296 530 adumbraudos,
1321 501 1403 532 atque
1425 496 1585 524 ementitam
1606 495 1682 523 illam
1700 501 1749 528 ap-

955 544 1131 580 pellationem
1156 543 1351 572 declarandam
1381 542 1573 570 adhibeamus.
1615 539 1749 575 Sampszei

955 592 1057 626 quippe
1075 591 1148 619 idem
1172 599 1204 618 ac
1223 591 1333 619 Solares
1348 589 1516 625 signiﬁcant.
1535 588 1615 617 Unde
1629 592 1656 616 et
1675 588 1750 615 illius

956 638 1084 665 animalis
1101 637 1287 665 meminimus.
1321 635 1388 663 Nam
1405 635 1540 670 ejusmodi
1560 635 1690 662 lacertam
1704 641 1750 661 so-

956 683 1045 710 iarem
1064 683 1189 710 homines
1209 686 1380 717 nuncupant.
1407 681 1570 717 Quanquam
1593 681 1672 716 longe
1693 680 1751 708 hare

957 729 1071 757 haeresis
1083 729 1184 756 lacerta
1196 729 1318 757 deterior
1331 733 1383 760 est.
1402 737 1463 764 quae
1479 737 1512 755 ne
1526 727 1671 755 minimum
1687 726 1751 761 qui-

957 775 1019 803 dem
1035 775 1145 803 utilitati
1167 783 1224 802 sua‘.
1240 775 1368 803 consulit.
1394 776 1429 802 At
1449 775 1564 807 lacerta,
1586 782 1650 801 cum
1675 772 1750 800 oculi

958 821 1078 856 caligare
1099 821 1242 856 cmperint,
1267 821 1408 856 aliquanto
1435 825 1530 856 postea
1547 820 1636 848 visum
1651 819 1753 847 solaris

959 867 1092 895 circuitus
1108 867 1242 895 beneﬁcio
1260 867 1367 902 recipit.
1388 866 1456 894 Nam
1472 867 1499 894 in
1515 869 1662 902 angustum
1677 865 1754 892 forav

959 919 1033 944 men,
1044 912 1116 947 quod
1129 913 1163 941 ad
1177 913 1308 941 orientem
1321 913 1467 941 obve'rsum
1480 917 1534 946 est,
1549 911 1674 943 subiens,
1689 917 1753 938 sese

959 959 1126 994 comprimit,
1139 959 1231 994 pabuli
1243 967 1351 996 expers.
1361 965 1388 987 et
1400 959 1434 986 ad
1443 960 1576 987 orientem
1586 957 1752 993 respiciens.

959 1003 1061 1031 Contra
1077 1004 1190 1033 haeresis
1205 1005 1257 1033 ista
1280 1005 1457 1033 stoliditatem
1482 1004 1593 1040 quidem
1616 1004 1643 1030 in
1659 1003 1752 1030 omni-

962 1051 1014 1078 lius
1028 1051 1155 1079 animalis
1174 1051 1257 1086 hujus
1270 1052 1414 1088 exprimit:
1435 1051 1508 1086 quod
1521 1050 1548 1079 in
1564 1057 1599 1078 eo
1612 1057 1677 1077 vero
1692 1049 1753 1075 lau-

966 1096 1057 1124 (labile
1070 1101 1124 1130 est.
1136 1105 1169 1126 ne
1181 1098 1293 1125 minima
1308 1097 1418 1133 quidem
1436 1106 1468 1125 ex
1483 1101 1560 1132 parte
1573 1097 1687 1124 obtinet.
1700 1097 1754 1132 lgi-

962 1145 1008 1170 tur
1021 1151 1082 1178 quae
1103 1151 1119 1171 a
1132 1143 1212 1172 nobis
1226 1143 1339 1172 heresis
1356 1144 1460 1172 lacerta
1478 1143 1577 1172 solaris
1588 1144 1751 1179 appellatur,

116 1195 133 1215 a
149 1188 261 1216 veritate
280 1187 438 1223 proculcata
469 1186 551 1214 modo
570 1185 753 1221 relinquatur,
780 1192 845 1214 cum
855 1185 926 1214 nihil
943 1187 1076 1218 adversus
1093 1188 1214 1218 divinam
1234 1189 1378 1218 veritatem
1414 1189 1521 1217 edicere
1538 1190 1668 1225 potuerit.
1699 1189 1756 1217 Nos

118 1233 227 1261 interim
242 1233 276 1260 ad
289 1234 368 1265 alias,
382 1237 411 1260 ut
423 1233 526 1261 dictum
542 1239 594 1263 est.
608 1234 828 1270 progrediamur.

295 1304 390 1330 ΚΑΤΑ
404 1303 645 1331 θεοΔοτιΑΝαΝ
658 1303 733 1338 (67),

123 1372 286 1405 Τριακοστὴ
305 1371 428 1406 τετάρτη
441 1392 448 1404 ,
464 1372 483 1407 ή
500 1372 549 1399 καὶ
568 1371 764 1406 πεντηκοστὴ
776 1370 912 1407 τετάρτη.

156 1441 194 1467 A’.
210 1440 322 1475 Ἀνέστη
338 1440 418 1466 πάλιν
433 1439 560 1471 Θεόδοτός
572 1447 623 1472 τις,
638 1439 808 1475 ἀπόσπασμα
825 1439 913 1475 ὑπάρ-

1138 1305 1279 1334 CONTRA
1293 1305 1575 1339 TIIEODOTIANOS,

1150 1372 1267 1401 Heresis
1278 1372 1377 1400 XXXI
1386 1373 1405 1400 V
1420 1374 1475 1400 sive
1487 1372 1527 1400 LI
1533 1372 1564 1401 V.

998 1439 1018 1466 i.
1045 1438 1203 1468 Theodotus
1224 1441 1323 1468 iterum
1347 1440 1443 1468 nescio
1460 1441 1522 1478 quis
1543 1441 1665 1474 emersit,
1682 1441 1758 1468 velut

120 1495 176 1522 χων
189 1487 220 1513 ἐκ
231 1487 281 1522 τῆς
296 1486 498 1522 προειρημένης
511 1486 609 1520 ἀλόγου
632 1486 765 1521 αἱρέσεως
775 1506 782 1519 ,
796 1486 844 1521 τῆς
861 1486 912 1522 ἀρ-

967 1486 1101 1522 appendix
1117 1486 1242 1522 quaedam
1265 1486 1340 1514 illius
1360 1486 1484 1518 haeresis,
1506 1494 1587 1521 quam
1609 1487 1756 1522 Alogorum

120 1531 253 1567 νουμένης
271 1531 302 1558 τὸ
314 1532 384 1559 κατὰ
404 1532 529 1568 Ἰωάννην
553 1531 718 1566 Εὑαγγέλιον
732 1552 738 1563 ,
754 1532 801 1558 καὶ
823 1531 868 1558 τὺν
882 1533 912 1558 ὲν

121 1577 196 1612 αὐτῷ
221 1578 249 1603 ὲν
264 1577 335 1613 ἀρχῇ
349 1577 414 1605 ὄντα
422 1578 488 1604 Θεὸν
499 1578 594 1612 Λόγον,
612 1578 658 1604 καὶ
671 1578 720 1614 τὴν
735 1577 816 1605 αὑτοῦ
835 1578 914 1605 Ἀπο-

122 1623 249 1658 κάλυψιν,
265 1623 333 1650 ἀλλὰ
353 1625 400 1650 καὶ
415 1626 475 1656 ταῖς
495 1624 589 1656 ἄλλαις
606 1625 728 1661 αἱρέσεσι
743 1627 804 1656 ταῖς
821 1633 915 1661 προει-

124 1670 257 1706 ρημέναις
271 1671 469 1706 συγγενόμενος
483 1680 512 1697 τε
525 1671 572 1698 καὶ
586 1671 769 1706 συνυπὰρξας,
785 1671 831 1697 καὶ
843 1670 913 1697 κατὰ

122 1716 170 1743 τὸν
188 1717 282 1752 χρόνον
307 1717 393 1748 αὐτὰς
411 1716 600 1752 διαδεξάμενος
611 1738 618 1749 ,
637 1717 666 1750 ἐξ
681 1714 765 1752 οὗπερ
779 1718 802 1744 οἱ
819 1717 914 1744 Θεοδο-

123 1764 210 1790 τιανοὶ
229 1762 401 1798 καλούμενοι.
421 1763 477 1790 Καὶ
503 1764 526 1789 εἰ
553 1763 603 1798 μὲν
629 1763 746 1799 ὑπάρχει
771 1765 786 1798 ἡ
810 1765 916 1799 αἵρεσις

123 1807 163 1835 ἔτι
175 1808 244 1844 αὕτη
255 1808 425 1844 ἀγνοουμένη
437 1809 447 1824 ³
458 1816 464 1822 ·
481 1807 516 1834 τὰ
531 1808 559 1835 δὲ
570 1809 610 1840 εἰς
621 1809 694 1844 ἡμᾶς
706 1809 759 1835 ἀπὸ
776 1817 916 1844 συγγραμ-

127 1855 219 1890 μάτων
239 1854 352 1881 ὲλθόντα
363 1854 490 1890 ἐροῦμεν.

163 1995 246 2031 Οὗτος
264 2000 279 2025 ὀ
293 1998 417 2030 Θεόδοτος
429 1998 482 2024 ἀπὸ
500 1997 646 2030 Βυζαντίου
665 1997 713 2032 μὲν
727 1996 850 2033 ὡρμᾶτο,
870 1996 919 2032 τῆς

127 2046 185 2072 νυνὶ
197 2045 366 2080 καλουμένης
385 2045 589 2071 Κωνσταντίνου
606 2043 720 2074 πόλεως,
735 2043 851 2074 σκυτεὺς
870 2043 918 2078 τὴν

127 2093 235 2127 τέχνην,
258 2091 418 2127 πολυμαθὴς
443 2091 472 2117 δὲ
494 2091 533 2126 τῷ
561 2091 643 2126 λόγῳ.
669 2087 752 2122 Οὗτος
779 2090 838 2125 ἅμα
863 2089 919 2116 τισὶ

129 2138 250 2165 πλείοσιν
272 2138 299 2163 ὲν
322 2136 410 2172 καιρῷ
433 2136 552 2172 διωγμοῦ
571 2136 724 2168 ἐνστάντος,
740 2135 790 2162 οὑκ
809 2133 866 2162 οἶδα
880 2136 914 2161 εἰ·

963 1532 1075 1560 nomine
1086 1533 1356 1567 comprehendimus,
1369 1541 1430 1568 quae
1440 1532 1554 1560 Joannis
1568 1533 1759 1568 Evangelium,

963 1583 990 1606 et
1003 1578 1088 1606 Deum
1103 1578 1177 1606 illum
1193 1578 1274 1616 ‘63
1288 1578 1420 1611 Verbum.
1438 1580 1511 1615 quod
1527 1587 1541 1606 a
1558 1580 1693 1615 principio
1707 1579 1763 1607 ibi-

964 1625 1025 1652 dem
1043 1625 1128 1653 fuisse
1140 1625 1252 1658 dicitur,
1279 1633 1385 1653 necnon
1399 1625 1620 1661 etApocaiypsin
1643 1626 1759 1660 respuit.

966 1670 1020 1697 Sed
1041 1674 1068 1697 et
1091 1670 1206 1697 aliarum
1232 1674 1296 1698 ante
1317 1674 1595 1697 commemoratarum
1621 1670 1761 1696 hazreseon

965 1716 1166 1743 consuetudine
1189 1723 1257 1743 usus
1284 1719 1326 1744 est
1343 1715 1514 1747 Theodotus.
1535 1719 1562 1743 et
1579 1716 1674 1743 eodem
1693 1720 1762 1743 lem-

966 1770 1032 1798 pore
1048 1762 1126 1795 vixit,
1145 1766 1227 1798 atque
1240 1762 1295 1790 illis
1309 1767 1403 1798 postea
1417 1763 1563 1795 successit,
1577 1769 1592 1789 a
1607 1770 1662 1797 quo
1673 1761 1763 1789 Theo-

967 1807 1069 1834 dotiaui
1090 1814 1189 1834 nomen
1212 1811 1388 1842 acceperunt.
1416 1805 1477 1834 1am
1500 1814 1566 1835 vero
1586 1808 1658 1834 sitne
1681 1806 1764 1834 hodie

968 1857 1107 1887 superstes
1121 1852 1177 1879 haec
1187 1852 1309 1884 hmresis,
1320 1853 1399 1887 plane
1413 1852 1566 1880 nescimus:
1581 1860 1642 1888 qua:
1652 1852 1764 1888 quidem

968 1899 1100 1926 lilnrorum
1118 1898 1304 1925 monumentis
1322 1898 1356 1925 ad
1372 1903 1495 1925 nostram
1511 1899 1671 1926 memoriam
1687 1907 1764 1926 corn-

968 1945 1095 1972 mendata
1110 1948 1306 1979 pervenerunt,
1320 1952 1353 1972 ea
1367 1944 1555 1972 narrabimus.

1005 1990 1165 2018 Theodotus
1182 1991 1266 2026 igitur
1295 1991 1347 2019 iste
1374 1990 1505 2026 Byzantio
1529 1989 1674 2022 oriundus,
1696 1998 1759 2026 qua:

969 2036 1051 2064 hodie
1070 2035 1324 2070 Constantinopolis
1339 2036 1452 2069 dicitur,
1470 2040 1529 2063 arte
1545 2036 1679 2062 coriarius
1693 2039 1765 2068 erat,

971 2082 1053 2110 homo
1068 2082 1191 2117 apprime
1207 2082 1305 2109 litteris
1328 2081 1463 2110 eruditus.
1484 2082 1537 2115 Qui
1554 2090 1617 2109 cum
1633 2082 1694 2110 aliis
1710 2082 1769 2118 ple~

971 2128 1065 2163 risque
1093 2127 1204 2154 ineunte
1228 2127 1418 2162 persecutione
1440 2127 1655 2163 comprehensus
1682 2128 1767 2164 (quae<

129 2187 190 2212 πεῖν
206 2186 234 2212 ὲν
248 2183 287 2219 τῷ
315 2183 447 2218 τοιούτῳ¹
467 2182 522 2219 (68)
539 2181 661 2218 διωγμῷ,
679 2181 733 2209 ἀπὸ
749 2180 796 2208 τοῦ
812 2182 861 2217 τῆς
874 2181 912 2208 πά

974 2182 1036 2201 nam
1056 2181 1120 2200 vero
1143 2181 1174 2200 ea
1203 2174 1358 2207 persecutio
1373 2172 1464 2204 fuerit,
1483 2173 1604 2200 nondum
1621 2175 1766 2210 comperi),

129 2231 198 2262 λεως
218 2229 346 2266 ἄρχοντος
371 2229 532 2264 συλληφθεὶς
551 2230 619 2264 μετὰ
651 2227 790 2260 πλειόνων,
814 2227 861 2254 καὶ
877 2226 921 2259 ἒξ-

130 2276 254 2308 ετασθεὶς
272 2276 320 2302 σὺν
336 2276 392 2306 τοῖς
404 2274 492 2306 ἄλλοις
508 2274 577 2309 ὑπὲρ
594 2273 762 2310 Χριστοῦίω
780 2275 830 2309 μὲν
847 2273 921 2299 ἄλλοι

131 2323 230 2354 πάντες
254 2321 321 2348 Θεοῦ
344 2321 442 2352 δοῦλοι,
466 2320 496 2347 τὸ
513 2321 586 2352 νῖκος
607 2319 836 2355 ἀπενεγκάμενοι,
855 2319 922 2355 βρα-

131 2369 211 2396 σείων
235 2368 328 2404 ἔτυχον
347 2367 525 2403 ὲπουρανῖων,
547 2367 616 2401 ὐπὲρ
633 2365 751 2402 Χριστοῦ
780 2366 922 2402 μαρτυρή-

132 2420 245 2444 σαντες·
270 2409 348 2443 οὗτος
371 2411 410 2442 δὲ,
426 2411 542 2447 Χριστὸν
558 2411 746 2446 ἀρνησάμενος
771 2411 817 2437 καὶ
833 2419 922 2446 παρα-

132 2457 222 2484 πεσὼν
237 2457 283 2484 τοῦ
300 2456 401 2483 σκοποῦ
418 2457 467 2492 τῆς
483 2456 623 2491 ἀληθείας,
638 2457 666 2482 ὲν
691 2456 861 2492 παρεκϐάσει
876 2464 922 2490 γε-

132 2503 259 2539 γένηται·
282 2504 327 2529 καὶ
345 2502 399 2529 ἀπὸ
411 2501 541 2536 αἰσχύνης
558 2501 657 2537 πολλῆς
668 2500 721 2527 ὑπὸ
736 2500 839 2527 πολλῶν
854 2501 924 2527 ὀνει-

131 2550 280 2585 διζόμενος,
294 2548 432 2583 ἀπέδρασε
447 2549 496 2583 τῆς
513 2546 610 2574 ἑαυτοῦ
626 2546 763 2583 πατρίδος.
788 2546 842 2572 Καὶ
857 2546 924 2573 ἀνα-

132 2596 183 2627 ϐὰς
209 2596 249 2627 εὶς
279 2594 405 2630 Ῥώμην,
431 2594 521 2620 ἐκεῖσε
537 2592 680 2628 διέτριϐεν.
713 2591 781 2618 ’Υπό
805 2599 876 2623 τινος
896 2590 925 2617 δὲ

169 2674 177 2690 ¹
191 2673 265 2700 Adde
279 2671 331 2708 τῆς
346 2672 419 2708 περί.
468 2673 478 2687 ¹
491 2671 520 2698 l".
535 2669 697 2706 ἀγνοοῦμεν.
737 2670 747 2685 ³
763 2668 792 2696 F.
807 2669 904 2704 ὁποίῳ.

168 2753 224 2787 (67)
244 2750 453 2787 Θεοὸοτισνῷκ.
481 2748 615 2787 Theodoti
640 2747 755 2787 coriale
780 2746 923 2787 Byzantini

134 2783 256 2816 meminit
271 2787 404 2814 Eusebius
414 2786 462 2813 lib.
478 2794 494 2812 v
511 2784 625 2814 Πῡειον..
639 2791 701 2818 cap.
720 2783 767 2813 27.
783 2788 809 2810 et
825 2783 870 2809 alii
884 2783 924 2809 ci-

134 2825 180 2851 tati
199 2831 214 2850 a
229 2822 345 2850 Baronio
372 2822 404 2848 Α.
433 2820 494 2848 196.
514 2819 682 2851 Allgustinus
706 2818 922 2845 Thcodotioneut

134 2858 268 2887 nominat.
287 2857 402 2886 Exstant
418 2857 585 2884 collectanea
602 2863 616 2882 a
632 2853 765 2883 Theodoti
781 2853 924 2888 cujusdam

974 2220 1021 2247 sed
1035 2224 1091 2246 tum
1109 2220 1143 2246 ab
1159 2219 1235 2246 urbis
1248 2219 1375 2254 prtefccto
1391 2227 1454 2247 cum
1471 2220 1596 2254 pluribus
1611 2225 1767 2255 correptus.

976 2273 1038 2293 cum
1056 2265 1090 2293 de
1105 2266 1233 2293 omnibus
1253 2266 1369 2302 quaestio
1388 2267 1425 2294 ob
1441 2265 1544 2294 Christi
1563 2274 1664 2293 nomen
1685 2267 1769 2294 habe-

975 2317 1062 2344 retur,
1079 2312 1170 2340 (επιετί
1180 2312 1289 2348 quidem
1306 2312 1354 2340 Dei
1370 2312 1476 2345 famuli,
1488 2317 1625 2348 reportata
1641 2313 1768 2345 victoria,

976 2359 1088 2386 cceleste
1115 2359 1256 2394 pncmium
1286 2360 1428 2386 consecuti
1456 2363 1537 2390 sunt,
1562 2359 1694 2394 martyrio
1720 2366 1770 2394 pro

976 2403 1088 2431 Christo
1110 2403 1259 2438 perfuncti.
1287 2403 1321 2430 At
1347 2403 1391 2431 ille
1414 2403 1554 2431 Christum
1581 2411 1694 2438 negans,
1710 2408 1736 2430 et
1754 2412 1769 2430 a

977 2459 1062 2487 scopo
1088 2451 1212 2478 veritatis
1236 2449 1378 2483 excideris,
1395 2455 1582 2486 transgressor
1600 2453 1641 2477 est
1669 2449 1769 2477 factus.

980 2498 1039 2531 Qua
1054 2505 1088 2525 ex
1102 2505 1141 2529 re,
1156 2504 1219 2523 cum
1237 2497 1338 2531 probro
1349 2497 1470 2524 omnium
1488 2497 1624 2532 appetitus
1638 2496 1770 2531 pudorem

979 2544 1117 2572 sustinere
1130 2551 1182 2570 non
1203 2546 1317 2578 posset.‘
1326 2544 1420 2570 relicta
1446 2543 1544 2578 patria,
1562 2542 1694 2577 profugus
1721 2541 1771 2568 [ιυ-

978 2597 1052 2617 mam
1070 2589 1221 2622 contendit,
1247 2593 1275 2617 et
1290 2590 1345 2617 illic
1366 2589 1507 2616 habitavit.
1527 2587 1580 2617 Sed
1598 2594 1625 2616 et
1643 2588 1738 2616 Roma:
1759 2595 1771 2613 θ

977 2745 1088 2780 scriptis
1097 2744 1166 2779 apud
1177 2743 1263 2780 Clem.
1276 2751 1337 2780 quae
1350 2751 1404 2780 non
1418 2742 1527 2780 sapiunt
1538 2741 1720 2780 Catirolicum.

1014 2776 1070 2815 (68)
1087 2776 1148 2807 οὐκ
1159 2776 1337 2815 οζὸανειδὲεῖν
1350 2779 1385 2805 ἐν
1396 2778 1435 2811 τῷ
1450 2776 1581 2815 τοιούτῳ,
1595 2776 1775 2815 correximus

977 2811 1073 2851 ὸπὸίῳζ
1094 2815 1151 2842 Sub
1225 2814 1327 2840 Auri-lii
1344 2814 1532 2848 persecutione
1551 2812 1626 2840 istud
1645 2811 1774 2846 contigit,

979 2855 1009 2879 ut
1019 2849 1119 2879 Barca.
1139 2849 1238 2878 ibidem
1251 2851 1360 2878 asserit.
