1964 3047
203 97 257 126 965

894 94 925 123 ε.
944 95 1118 124 ΕΡΙΡΠΔΝΙῘ

1784 100 1842 127 964

203 152 322 190 quodam
343 153 452 189 agnitus
478 153 507 180 in
535 152 660 181 eamdem
685 152 862 188 ignominiam
887 153 994 187 incidit,

1051 155 1225 190 ἐπιγνωσθεὶς
1239 156 1293 183 τῶν
1314 157 1344 183 ὲν
1366 156 1470 194 Ῥώμῃ.
1496 157 1543 184 καὶ
1559 157 1640 184 πάλιν
1656 157 1703 185 καὶ
1726 158 1784 185 ἐκεῖ
1797 158 1841 194 τῷ

204 207 266 226 cum
283 198 331 234 qui
349 199 425 226 illum
443 199 478 225 ob
502 198 636 234 insignem
652 198 834 226 eruditionem
853 204 996 231 noverant,

204 245 240 272 ob
266 244 294 271 id
308 252 372 272 eum
390 244 562 277 incusarent,
586 244 659 279 quod
686 244 768 272 homo
791 245 932 272 excellenti
949 245 998 272 do-

204 290 294 317 ctrina
309 290 442 325 praaditus
457 297 472 317 a
489 290 604 317 veritate
620 281 777 317 excidisset.
798 290 887 323 Quare
903 291 937 318 ad
954 291 997 319 sui

202 337 410 363 excusationem
427 344 524 363 vanum
541 335 639 371 dogma
657 339 828 363 commentus
839 340 893 368 est,
909 340 998 371 atque

204 384 241 411 ita
255 383 362 419 jactare
374 384 457 419 cmpit
474 391 480 409 :
507 383 573 418 Ego,
592 382 691 418 inquit,
709 390 764 410 non
786 383 871 410 Deum
888 385 996 418 negavi,

204 429 253 457 sed
280 429 427 457 hominem.
454 429 640 464 Interrogatus
670 437 750 463 quem
776 430 884 457 demum
909 430 998 457 homi-

204 476 287 504 nem?
314 476 465 507 Christum,
492 475 592 510 inquit,
621 474 760 502 hominem
791 476 897 511 negavi.
929 475 998 504 Hinc

204 521 384 558 praedicanda:
403 521 478 548 falsae
496 521 580 555 hujus
597 521 735 556 opinionis
757 522 927 550 occasionem
951 530 998 550 ac-

204 568 287 604 cepit,
305 571 334 595 ut
350 572 377 595 et
404 567 596 598 Theodotiani,
624 575 741 602 quorum
767 568 812 596 ille
838 574 934 596 auctor
948 577 998 597 ex-

205 614 285 642 stitit.
299 614 350 647 Qui
362 614 465 641 nudum
477 613 615 641 hominem
629 621 691 641 esse
703 614 841 642 Christum
859 619 998 648 asserunt,

205 664 288 695 atque
301 668 335 687 ex
357 659 478 686 humano
492 659 598 687 semine
621 660 753 694 genitum.
770 659 873 688 Deinde
887 669 949 696 qua:
965 661 996 688 :od

205 707 311 734 erroris
330 706 373 734 sui
391 705 575 740 patrocinium
593 706 801 733 accommodata
818 708 928 742 reperit,
943 715 998 734 non

205 756 282 779 casto
297 759 329 779 ac
345 752 455 779 sincero
471 752 572 780 mentis
595 752 711 785 judicio,
729 751 777 779 sed
798 756 827 779 ut
850 752 998 788 impietatis

205 806 262 826 suae
278 798 398 834 speciem
423 799 543 834 aliquam
565 802 593 826 et
619 799 738 826 colorem
754 803 898 834 quaereret,
916 800 997 827 undi-

1047 202 1121 237 αὐτῷ
1138 202 1233 229 ὀνείδει
1249 203 1408 234 ὑποπίπτει,
1425 203 1469 230 διὰ
1484 204 1515 232 τὺ
1538 203 1713 231 ἐκκαλεῖσθαι
1729 204 1740 220 ⁸
1755 204 1840 231 αὐτὸν

1048 247 1101 274 ὑπὸ
1114 248 1168 274 τῶν
1183 248 1264 275 αὑτὸν
1280 249 1388 275 εἰδότων
1404 249 1498 275 ἕνεκεν
1515 249 1565 284 τῆς
1582 249 1776 285 πολυμαθείας,
1794 251 1839 277 ὅτι

1048 294 1116 329 ἀνὴρ
1134 294 1292 330 πολυμαθὴς
1318 295 1377 327 πῶς
1400 295 1513 327 ἐξέπεσε
1538 295 1588 331 τῆς
1613 295 1760 331 ἀληθείας;
1788 295 1839 326 Et;

1048 340 1143 366 ἑαυτοῦ
1164 340 1192 366 δὲ
1213 340 1294 375 δῆθεν
1313 341 1401 376 κακὴν
1416 340 1564 374 ἀπολογίαν
1580 341 1737 377 ὲπινενόηκε
1762 341 1839 368 τουτὶ

1048 385 1078 410 τὸ
1094 385 1171 411 ut:va
1186 384 1283 420 δόγμα,
1308 386 1408 421 φήσας,
1436 387 1477 412 ὅτι
1493 386 1559 413 Θεὸν
1581 386 1636 420 ἐγὼ
1649 387 1699 414 οὐκ
1715 387 1839 424 ἠρνησά-

1049 439 1114 466 μην,
1129 431 1198 458 ἀλλὰ
1212 431 1355 467 ἄνθρωπον
1375 431 1549 467 ἠρνησάμην.
1569 430 1636 458 Εἶτα
1660 433 1838 467 ἐρωτώμενος

1048 478 1123 503 ποῖον
1134 476 1287 512 ἄνθρωπον,
1306 477 1482 513 ἀποκρίνεται
1496 477 1599 511 λέγων·
1616 477 1732 512 Χριστὸν
1751 479 1839 514 ἠρνη-

1047 523 1140 558 σάμην
1165 523 1318 559 ἄνθρωπον.
1350 523 1488 550 Ἐντεῦθεν
1511 523 1595 555 οὕτως
1618 524 1706 559 ἑαυτῷ
1720 525 1840 560 ἐδογμά-

1048 577 1106 594 τισε
1122 568 1210 603 δόγμα
1228 569 1274 595 καὶ
1286 569 1312 595 ot
1335 569 1382 595 ἀπ’
1398 568 1479 595 αὐτοῦ
1504 569 1680 601 συσταθέντες
1696 569 1838 596 Θεοδοτια-

1048 615 1098 646 νοὶ,
1123 614 1200 649 ψιλὸν
1216 615 1359 650 ἄνθρωπον
1383 615 1531 649 φάσκοντες
1556 613 1624 642 εἶναι
1646 615 1691 642 τὸν
1707 615 1836 651 Χριστὸν,

1047 661 1096 687 καὶ
1111 661 1143 687 ὲκ
1159 661 1314 696 σπέρματος
1329 661 1425 697 ἀνδρὸς
1441 661 1631 696 γεγεννῆσθαι.
1648 659 1714 688 Εἶτα
1728 662 1767 692 είς
1782 669 1836 688 κα-

1048 706 1099 742 κὴν
1122 706 1219 734 ἑαυτοῦ
1236 702 1383 741 ἀπολογίαν
1405 707 1509 743 ὅσαπερ
1533 708 1655 742 χρήσιμα
1674 704 1761 743 εὗρεν,
1786 707 1837 743 οὐχ

1049 753 1138 787 ἁγνῶς
1163 753 1294 788 οἰόμενος,
1314 753 1381 780 ἀλλὰ
1406 753 1540 788 προφάσει
1566 753 1614 788 τῆς
1644 752 1742 779 ἑαυτοῦ
1765 761 1838 789 παρ-

1049 799 1183 835 εκτροπῆς
1198 798 1284 826 ταῦτα
1292 799 1379 834 ἑαυτῷ
1394 799 1568 834 ὲπισωρεύων
1583 798 1745 834 συνήγαγεν.
1762 798 1835 830 Ὅτι,

204 853 257 880 que
281 845 413 873 arcessita
439 845 559 880 collegit.
580 843 670 872 Veluti
687 844 762 880 quod
786 852 801 871 a
820 844 935 872 Domino
954 845 998 872 di-

1051 845 1144 881 φησὶν,
1168 846 1182 871 ὁ
1205 845 1307 881 Κύριος
1332 844 1403 880 ἔφη·
1421 844 1486 872 Νῦν
1508 844 1542 870 δὲ
1568 843 1677 877 ζητεῖτέ
1698 852 1737 878 με
1759 844 1836 870 ἀπο-

204 895 279 918 ctum
296 895 338 918 est
353 900 359 918 :
378 889 457 917 Nunc
469 895 558 918 autem
572 891 694 926 quaeritis
714 898 754 917 me
771 890 929 925 interﬁcere,
950 891 997 919 Ιιο-

205 939 312 970 minem,
334 938 379 973 qui
398 938 535 964 veritatem
564 937 636 964 vobis
660 936 764 964 locutus
781 945 839 964 sum
857 937 864 952 '
887 946 894 964 :
911 937 995 971 vides,

205 984 303 1018 inquit,
323 983 459 1011 hominem
476 983 552 1010 illum
567 991 640 1011 esse.

240 1029 272 1057 il.
293 1029 395 1057 Verum
417 1028 490 1064 quod
507 1029 535 1056 in
552 1029 649 1056 eodem
666 1029 726 1057 ioco
739 1029 866 1057 Christus
882 1037 998 1065 usurpa-

207 1076 253 1106 vit,
272 1075 368 1103 infelix
383 1076 508 1110 ignorat:
526 1075 670 1102 Veritatem
686 1083 766 1110 quam
778 1076 867 1103 audiri
884 1085 900 1103 a
915 1076 998 1103 Patre

205 1130 262 1149 meo
280 1123 302 1149 ’.
321 1121 427 1154 Quibus
443 1125 547 1156 patrem
564 1120 646 1157 ἀθά.
669 1129 749 1149 suum
765 1122 882 1156 appellat
902 1121 996 1154 Deum,

205 1176 261 1195 non
277 1167 415 1195 hominem
435 1167 539 1202 utique.
560 1167 629 1194 Nam
647 1167 671 1195 si
693 1167 727 1195 ab
743 1167 852 1195 homine
867 1167 934 1195 illud
953 1175 998 1195 au-

205 1214 313 1246 diisset,
338 1220 510 1248 nequaquam
534 1213 660 1240 veritatis
684 1213 842 1240 testimonio
865 1213 996 1249 gloriare-

206 1263 261 1292 tur,
275 1263 304 1285 ut
316 1259 350 1286 ab
366 1258 525 1286 hominibus
538 1258 680 1286 veritatem
698 1266 728 1286 se
743 1259 867 1294 accipere
883 1259 996 1287 diceret.

208 1305 262 1333 Sed
276 1306 338 1333 ideo
353 1305 405 1333 ista
421 1304 499 1334 dixit.
520 1309 549 1331 ut
562 1312 624 1332 esse
645 1312 675 1332 se
700 1303 784 1332 Deum
806 1305 963 1332 ostenderet
982 1313 997 1332 a

206 1352 288 1380 Patre
312 1353 391 1380 initio
418 1352 550 1387 genitum,
579 1351 773 1387 hominemque
800 1356 893 1379 nostra
915 1360 998 1379 causa

208 1397 321 1430 factum,
338 1396 441 1431 itaque,
459 1395 533 1431 quod
557 1395 591 1423 ad
620 1403 731 1423 carnem
754 1397 861 1429 attinet,
884 1397 998 1425 interie-

207 1448 293 1473 ctum,
310 1445 340 1469 ut
352 1441 497 1469 divinitate
510 1446 642 1476 perpetuo
656 1441 769 1468 viveret.

242 1488 366 1516 Addebat
388 1487 494 1514 nullum
511 1495 540 1515 se
560 1487 588 1514 in
618 1495 652 1514 eo
676 1491 818 1522 peccatum
842 1486 998 1520 admisisse,

208 1535 282 1571 quod
306 1533 447 1560 Christum
474 1537 611 1568 negasset,
627 1517 850 1567 quandoquidem
867 1532 904 1559 ita
919 1517 1000 1559 Chri;
1013 1517 1034 1545 δ

208 1585 269 1609 stus
283 1580 342 1615 ipse
358 1580 466 1607 locutus
481 1583 524 1606 est
540 1588 547 1605 :
567 1578 659 1606 Omnis
678 1578 841 1612 btaspltemia
853 1578 1000 1605 remittetur

208 1625 368 1657 hominibus,
385 1629 410 1651 et
423 1626 468 1659 qui
481 1624 580 1651 dixerit
595 1623 701 1651 verbum
715 1625 741 1651 in
759 1623 859 1650 Filium
875 1624 1000 1657 hominis,

209 1673 358 1700 remittetur
373 1671 407 1697 ei.
427 1670 480 1703 Qui
497 1674 584 1696 autem
600 1669 818 1704 blasphemaverit
830 1670 858 1696 in
871 1669 1000 1704 Spiritum

210 1723 346 1751 sanctum,
368 1725 421 1744 non
441 1716 589 1743 remittetur
606 1716 630 1742 ei
648 1716 669 1742 ³.
691 1715 745 1743 Sed
764 1715 892 1743 nimirum
909 1716 1002 1744 miser-

210 1767 296 1793 rimus
307 1765 388 1792 bomo
403 1771 457 1790 non
475 1763 601 1798 intelligit
614 1762 754 1790 Christum
770 1762 925 1794 Dominum,
937 1771 999 1790 cum

209 1818 305 1839 eorum
321 1809 367 1845 qui
385 1809 412 1836 in
430 1817 459 1836 se
476 1809 540 1836 olim
564 1807 758 1835 contumeliosi
781 1807 899 1840 fuerant,
915 1812 943 1835 et
967 1807 1001 1834 ad

211 1855 401 1892 pmnitentiam
419 1862 479 1881 sese
496 1853 686 1885 traduxerant,
704 1853 869 1880 conﬁrmare
884 1853 1000 1881 salutem

211 1906 334 1937 cuperet,
358 1909 392 1928 ne
408 1900 491 1928 ullam
516 1899 648 1927 adversus
665 1907 712 1927 eos
728 1907 837 1934 poenam
853 1900 1002 1927 constitue-

211 1951 263 1980 ret,
290 1955 340 1983 pro
364 1954 412 1974 sua
439 1945 593 1973 incredibili
610 1945 781 1972 humanitate
804 1953 835 1972 ac
857 1945 1001 1972 clementia

210 1993 352 2020 oraculum
380 1991 446 2019 illud
474 1991 605 2019 edidisse.
633 1990 712 2024 Quod
737 1995 827 2018 autem
857 1991 1001 2018 nonnullos

212 2039 273 2067 fore
288 2042 474 2074 cognosceret,
498 2037 545 2072 qui
569 2037 597 2064 in
622 2035 754 2071 Spiritum
771 2040 897 2063 sanctum
914 2037 1003 2063 insur-

212 2090 317 2121 gerent,
335 2092 368 2112 ac
394 2084 571 2119 blasphemiis
596 2087 764 2118 appeterent,
789 2084 892 2118 quique
915 2089 942 2110 et
968 2083 1002 2110 ad

212 2132 336 2160 servilem
351 2131 536 2158 conditionem
559 2129 722 2164 rediget-ent,
738 2133 765 2157 et
780 2133 903 2156 creatum
921 2133 1003 2164 atque

211 2186 227 2204 a
252 2177 298 2206 Dei
318 2181 416 2204 natura
432 2177 550 2203 alienum
568 2183 630 2203 esse
645 2175 778 2208 dicerent,
794 2182 849 2210 quo
866 2175 940 2202 hunc
956 2183 1002 2202 er-
1019 2195 1027 2221 1

212 2231 302 2250 rorem
319 2222 486 2254 excluderet,
510 2222 610 2257 adjecit
626 2231 632 2248 :
651 2222 702 2256 Qui
728 2226 816 2248 autem
833 2221 1001 2255 blasphema-

212 2270 277 2296 nerit
292 2269 322 2295 in
336 2267 466 2302 Spiritum
481 2272 613 2300 sanctum,
631 2276 682 2294 non
699 2267 846 2294 remittetur
868 2267 902 2298 ei,
921 2275 1002 2301 neque

213 2315 265 2346 hic,
281 2322 360 2348 neque
374 2314 400 2340 in
421 2313 511 2348 futuro
526 2313 634 2341 smculo.
657 2313 686 2340 in
703 2321 757 2348 quo
774 2321 827 2340 non
849 2321 897 2341 eos
911 2314 957 2348 qui
973 2321 1002 2341 se

212 2359 434 2394 hlasphemarent
450 2359 561 2386 laudare
592 2359 694 2392 voluit;
726 2359 774 2386 sed
802 2358 1000 2393 prmscientiam

213 2413 290 2433 Suam
320 2405 571 2438 humanitatemque
603 2404 781 2437 monstravit,
808 2412 867 2439 qua:
894 2411 1001 2434 eorum,

213 2450 259 2486 qui
284 2454 347 2486 post
370 2450 565 2485 blasphemiam
592 2450 779 2484 pteniteutiam
804 2450 1002 2484 suscepissent,

214 2496 382 2524 stabilienda:
392 2496 472 2523 saluti
487 2496 655 2523 consuleret.
670 2495 774 2522 Etenim
791 2495 862 2522 idem
875 2496 929 2522 alio
943 2495 1003 2522 loco

213 2542 283 2570 dixit
292 2541 347 2576 (69)
361 2551 366 2569 :
384 2541 435 2575 Qui
450 2542 580 2577 negaverit
593 2549 633 2568 me
648 2549 738 2568 coram
750 2541 910 2574 hominibus,
923 2549 1003 2576 nega-

214 2589 286 2616 bitur
313 2596 404 2616 coram
429 2587 510 2615 Patre
531 2597 587 2615 meo
615 2588 641 2620 ⁸;
673 2589 760 2616 item:
781 2587 890 2623 Negabo
912 2588 1000 2615 illum.

213 2635 315 2662 Contra
331 2645 337 2661 :
354 2633 406 2667 Qui
425 2642 464 2661 me
484 2634 620 2668 confessus
636 2634 727 2669 fuerit,
747 2633 890 2668 conﬁtebor
913 2634 1001 2668 ipsum

214 2688 305 2708 eorum
322 2680 403 2707 Patre
425 2689 489 2707 meo.

1048 891 1169 923 κτεῖναι,
1183 890 1350 925 ἄνθρωπον,
1368 891 1402 924 ὃς
1421 890 1479 925 τὴν
1494 890 1639 923 ἀλήθειαν
1653 889 1724 925 ὑμῖν
1744 890 1835 917 λελά-

1046 940 1143 971 ληκα·
1160 938 1236 973 ὁρᾷς,
1254 938 1347 974 φησιν,
1362 938 1403 965 ὅτι
1418 937 1559 974 ἄνθρωπός
1575 939 1660 965 ἐστιν.

1077 1025 1114 1052 Π.
1133 1025 1213 1053 una
1223 1026 1273 1052 οὐκ
1284 1026 1355 1060 ἔγνω
1366 1027 1379 1053 ὁ
1389 1026 1484 1058 τάλας,
1496 1026 1537 1053 ὄτι
1550 1027 1579 1053 ὲν
1590 1025 1681 1061 ταυτῷ
1691 1026 1704 1052 ὁ
1717 1026 1837 1062 Χριστος

1045 1071 1132 1106 λέγει·
1160 1072 1219 1107 Τὴν
1236 1073 1391 1106 ἀλήθειαν,
1407 1073 1449 1107 ἣν
1470 1073 1591 1107 ἥκουσα
1609 1073 1688 1106 παρὰ
1705 1073 1758 1099 τοῦ
1778 1075 1840 1100 Πα-

1047 1118 1117 1151 τρός
1133 1127 1201 1152 μου.
1225 1117 1334 1152 Πατέρα
1356 1117 1384 1144 δὲ
1409 1116 1506 1145 ἑαυτοῦ
1530 1116 1603 1151 λέγει
1622 1116 1703 1143 Θεόν’
1727 1116 1757 1143 οὐ
1781 1115 1837 1151 γὰρ

1047 1163 1200 1200 ἄνθρωπον.
1225 1165 1258 1190 Εί
1283 1164 1338 1199 γὰρ
1363 1163 1438 1200 παρὰ
1463 1163 1608 1200 ἀνθρώπου
1628 1164 1762 1198 ἀκήκοεν,
1785 1162 1838 1189 οὐκ

1049 1211 1183 1245 ἐκαυχᾶτο
1205 1212 1239 1246 τῇ
1265 1211 1402 1247 μαρτυρίᾳ
1425 1211 1474 1246 τῆς
1491 1210 1629 1246 ἀληθείας,
1644 1209 1731 1244 λέγων
1759 1208 1839 1246 παρὰ

1048 1255 1200 1291 ἀνθρώπων
1225 1256 1274 1291 τὴν
1299 1256 1426 1292 ἀλήθειαν
1453 1257 1617 1292 ἀκηκοέναι·
1647 1256 1704 1282 ἀλλ’
1721 1256 1764 1282 ἵνα
1788 1264 1838 1291 aq-

1051 1302 1122 1338 μάνη
1148 1302 1214 1329 Θεὸν
1231 1303 1312 1329 αὑτὸν
1330 1303 1395 1329 ὄντα
1412 1303 1443 1329 ἐκ
1464 1302 1569 1339 [ἰατρὸς
1589 1301 1693 1328 ἄνωθεν
1709 1309 1840 1336 γεγεννη-

1050 1349 1140 1384 μένον,
1157 1349 1301 1384 ἄνθρωπον
1323 1349 1351 1375 δὲ
1374 1349 1407 1375 δι’
1423 1350 1496 1384 ἡμᾶς
1512 1349 1668 1384 γενόμενον,
1688 1349 1735 1375 καὶ
1756 1348 1840 1384 σαρκὶ

1049 1395 1263 1426 ἁποκτανθέντα,
1281 1394 1388 1430 θεότητι
1406 1394 1434 1421 δὲ
1451 1396 1494 1422 ἀεὶ
1508 1394 1607 1427 ζῶντα.

1086 1485 1155 1515 Εἶτά
1171 1495 1236 1522 φησι
1255 1486 1322 1522 μηδὲ
1344 1486 1479 1522 ἁμαρτίαν
1503 1486 1692 1522 πεποιηκέναι,
1716 1486 1837 1522 ἀρνησά-

1054 1543 1132 1570 μενον
1149 1534 1194 1560 τὸν
1205 1533 1323 1569 Χριστόν
1333 1541 1339 1548 ·
1356 1532 1450 1564 αὑτοῦ,
1468 1534 1544 1568 φησι,
1557 1532 1605 1559 τοῦ
1618 1533 1736 1568 Χριστοῦ
1749 1533 1839 1560 εἰπόν-

1051 1588 1113 1612 τος’
1129 1579 1217 1607 Πᾶσα
1232 1579 1415 1613 ,βλασφημία
1439 1578 1621 1612 ἀφεθήσεται
1643 1578 1705 1611 τοῖς
1730 1577 1840 1612 ἀνθρώ-

1052 1634 1129 1658 ποις,
1147 1625 1196 1652 καὶ
1211 1627 1226 1652 ό
1238 1625 1336 1660 λέγων
1346 1625 1440 1659 λόγον
1454 1625 1496 1657 εὶς
1512 1624 1565 1651 τὸν
1576 1624 1644 1651 Υίὸν
1659 1623 1711 1650 τοῦ
1728 1623 1839 1658 ἀνθρώ-

1051 1680 1110 1698 που
1124 1670 1306 1705 ἀφεθήσεται
1320 1670 1410 1702 αὐτῷ.
1431 1669 1473 1702 Τῷ
1489 1669 1523 1696 δὲ
1542 1668 1776 1704 ,βλασφημοῦντι
1796 1670 1841 1702 εις

1051 1719 1083 1744 τὸ
1111 1718 1198 1752 ἅγιον
1222 1717 1354 1751 Πνεῦμα,
1380 1717 1436 1743 οὐκ
1461 1715 1642 1751 ἀφεθήσεται
1665 1715 1754 1747 αὐτῷ.
1785 1715 1840 1741 Καὶ

1051 1765 1143 1798 ἀγνοεῖ
1161 1764 1176 1789 ό
1193 1762 1308 1794 ἐλεεινὸς
1327 1762 1383 1797 (69)
1409 1761 1565 1798 ἄνθρωπος.
1578 1762 1618 1788 ὅτι
1644 1760 1803 1795 βουλόμενος
1825 1761 1840 1786 ό

1052 1809 1154 1844 Κύριος
1170 1807 1371 1842 ἀσφαλίσασθαι
1395 1808 1443 1843 τὴν
1460 1806 1606 1842 σωτηρίαν,
1623 1806 1672 1842 τὴν
1694 1805 1749 1832 τῶν
1774 1814 1838 1833 ποτε

1052 1856 1133 1882 αὑτὸν
1156 1854 1420 1890 βλασφημησάντων,
1445 1852 1493 1880 καὶ
1508 1852 1779 1888 ὲπανακαμπτόντων
1801 1853 1840 1884 εἰς

1054 1902 1207 1938 μετάνοιαν,
1226 1901 1269 1927 ἵνα
1284 1901 1321 1936 μὴ
1343 1900 1421 1936 ὁρίσῃ
1435 1900 1527 1930 αὐτοῖς
1551 1898 1712 1934 καταδίκην,
1734 1898 1781 1925 τὸν
1798 1898 1840 1925 λό-

1052 1956 1100 1982 γον
1115 1947 1291 1983 προθεσπίζει
1304 1946 1338 1972 δι’
1353 1946 1503 1982 ὑπερῦολὴν
1515 1945 1668 1980 πραότητος
1678 1945 1724 1972 καὶ
1745 1944 1840 1979 φιλαν-

1053 1993 1185 2029 θρωπίας,
1210 1994 1256 2020 καὶ
1276 1992 1321 2019 διὰ
1340 1993 1371 2019 τὸ
1385 1991 1482 2018 εἰδέναι
1499 1991 1579 2018 αὐτὸν
1600 1991 1746 2026 μέλλοντάς
1766 1999 1842 2023 τινας

1053 2039 1259 2072 ἐπανίστασθαι,
1276 2039 1324 2065 καὶ
1339 2038 1509 2073 βλασφημεῖν
1519 2038 1549 2064 τὺ
1562 2038 1638 2071 ἅγιον
1658 2037 1780 2072 Πνεῦμα,
1795 2037 1842 2063 καὶ

1054 2086 1083 2112 ὲν
1098 2085 1173 2118 τάξει
1186 2085 1278 2112 δούλου
1299 2085 1365 2112 αὐτὸ
1381 2084 1530 2120 ὁρίζεσθαι,
1551 2084 1598 2110 καὶ
1615 2084 1723 2110 κτιστὸν
1739 2084 1786 2110 καὶ
1799 2083 1843 2110 ἁλ-

1053 2131 1157 2165 λότριον
1175 2131 1224 2166 τῆς
1242 2130 1288 2158 τοῦ
1314 2130 1382 2157 Θεοῦ
1397 2130 1502 2161 οὐσίας.
1526 2129 1573 2156 Διὸ
1593 2129 1843 2164 ὲπασφαλιζόμενός

1030 2196 1040 2219 )
1055 2185 1136 2212 φησιν
1146 2185 1153 2192 ·
1173 2177 1203 2202 'O
1218 2176 1251 2202 δὲ
1263 2176 1455 2210 ,βλασφημῶν
1468 2176 1511 2208 είς
1528 2175 1562 2202 τὸ
1569 2174 1690 2209 Πνεῦμα
1702 2174 1736 2200 τὸ
1748 2174 1841 2209 ἅγιον,

1055 2223 1110 2249 οὐκ
1126 2221 1307 2256 ἀφεθήσεται
1320 2221 1400 2253 αὐτῷ
1413 2221 1483 2247 οὔτε
1498 2220 1637 2252 ἐνταῦθα,
1655 2220 1724 2247 οὔτε
1746 2220 1781 2247 ὲν
1802 2219 1843 2252 τῷ

1051 2267 1196 2302 μέλλοντι
1211 2267 1304 2295 αἰῶνι.
1326 2268 1384 2293 Οὐκ
1401 2267 1520 2294 ἐπαινῶν
1541 2267 1604 2298 τοὺς
1617 2265 1842 2301 βλασφημοῦντας

1054 2313 1145 2346 αὐτὸν,
1167 2313 1236 2340 ἀλλὰ
1257 2313 1306 2348 τὴν
1326 2312 1408 2339 αὐτοῦ
1435 2312 1599 2348 πρόγνωσιν,
1627 2311 1674 2338 καὶ
1689 2310 1738 2346 τὴν
1759 2310 1842 2337 αὑτοῦ

1055 2358 1259 2394 φιλανθρωπίαν
1283 2359 1404 2386 δείκνυσι
1428 2357 1702 2394 προασφαλιζομένην
1721 2356 1770 2392 τὴν
1795 2365 1844 2383 σω-

1054 2405 1161 2441 τηρίαν,
1188 2405 1242 2432 ἀπὸ
1260 2404 1433 2440 βλασφημίας
1454 2404 1573 2438 (αὐτοὺς)
1591 2404 1602 2420 ⁸
1631 2403 1842 2439 μετανοούντων.

1055 2451 1139 2483 Αὐτὸς
1152 2452 1206 2487 γὰρ
1234 2451 1314 2478 πάλιν
1334 2450 1432 2486 φησιν’
1459 2450 1490 2477 '0
1510 2449 1720 2484 ἀρνησάμενός
1735 2457 1773 2484 με
1795 2448 1844 2484 ἔμ-

1055 2500 1187 2532 προσθεν
1213 2497 1272 2524 τῶν
1299 2496 1472 2531 ἀνθρώπων,
1487 2495 1689 2530 ἀρνηθήσεται
1716 2495 1844 2522 ἐνώπιον

1054 2544 1108 2571 τοῦ
1125 2545 1240 2577 Πατρός
1252 2552 1312 2578 μου
1325 2552 1331 2558 ’
1357 2544 1404 2570 καὶ
1419 2543 1515 2570 πάλιν·
1538 2541 1718 2577 Ἀρνήσομαι
1733 2542 1841 2569 αὐτόν’
1858 2553 1867 2567 ι

1055 2591 1102 2618 καὶ
1119 2590 1216 2617 πάλινο
1242 2590 1273 2616 '0
1294 2588 1448 2624 ὁμολογῶν
1460 2589 1494 2615 ὲν
1509 2589 1584 2623 ἐμοὶ,
1600 2587 1776 2624 ὁμολογήσω
1789 2590 1843 2615 αὺ-

1054 2637 1108 2664 τὸν
1122 2637 1251 2663 ἐνώπιον
1268 2635 1322 2662 τοῦ
1339 2636 1454 2669 Πατρός
1467 2643 1538 2669 μου.

253 2759 261 2774 ‘
275 2758 355 2786 Joan.
368 2765 428 2791 vnt,
441 2759 485 2786 ιο.
519 2760 529 2774 ¹
545 2757 612 2785 ibid.
653 2758 663 2773 ³
676 2757 773 2786 Matth.
784 2765 832 2789 lli,
849 2757 894 2785 5i.
934 2757 945 2773 ⁸
960 2757 998 2785 Lu

1051 2766 1087 2791 :u,
1100 2757 1127 2785 9.
1167 2758 1178 2774 ⁸
1197 2757 1228 2786 F.
1247 2758 1433 2793 ἐγκαλεῖσθαι.
1473 2759 1483 2774 ⁸
1498 2757 1528 2785 F.
1541 2758 1595 2785 τῶν
1611 2766 1656 2794 με.

251 2833 308 2870 169)
329 2835 381 2861 Καὶ
401 2834 505 2870 ἁγνοεῖ
525 2836 540 2862 ὀ
567 2834 708 2867 ἐλεεινός.
730 2832 798 2861 Vide
825 2833 999 2869 interpretes,

1051 2834 1197 2868 primisque
1211 2832 1329 2862 Maldon.
