1964 3047
110 118 175 148 ’965

119 221 188 256 περὶ
201 219 285 246 αὐτοῦ
298 219 350 254 ἔφη
360 225 366 232 ·
382 218 545 252 Προφήτην
559 218 593 244 ἐκ
608 217 668 244 τῶν
685 218 827 253 ἀδελφῶν
835 218 920 251 ὑμῶν

118 267 219 303 ἐγερεῖ
231 269 339 302 Κύριος
351 269 391 301 ὡς
406 267 457 302 ἐμέ
470 276 476 283 ·
502 267 595 294 αὐτοῦ
613 267 770 293 ἀκούσετε.
797 264 917 298 Μωῡσῆς

119 315 149 341 δὲ
168 313 202 350 ἧν
222 314 375 350 ἄνθρωπος.
398 314 427 340 '0
449 313 477 340 δὲ
495 314 527 339 ἐκ
541 312 608 338 Θεοῦ
633 311 816 347 ἐγειρόμενος,
839 309 914 344 φησι,

119 359 239 395 Χριστὸς
252 357 328 391 οὗτος
347 359 397 386 οὐκ
410 356 445 394 ἦν
465 358 543 390 Θεὸς,
558 357 627 384 ἀλλὰ
641 357 782 392 ἄνθρωπος
793 363 799 369 ·
822 354 916 390 ἐπειδὴ

120 405 151 438 ἐξ
186 405 276 432 αὐτῶν
305 403 361 440 ἦν,
392 405 430 436 ὡς
462 405 510 431 καὶ
536 403 656 439 Μωῦσῆς
685 402 828 438 ἄνθρωπος
869 399 913 436 ἢν.

120 451 177 477 Καὶ
213 451 264 477 οὐκ
297 448 367 477 οῒδεν
400 451 427 476 ὲν
461 449 569 484 ἐαυτῷ,
609 450 622 475 ό
652 448 681 474 ὲν
709 447 914 482 παραπτώματι

119 496 241 531 γεγονὼς
259 496 395 527 Θεόδοτος,
410 495 469 526 πῶς
490 495 569 521 πάλιν
584 493 685 529 ἑκάστη
704 492 776 525 λέξις
791 493 847 527 ἔχει
866 491 914 528 τὴν

120 543 220 578 ἑαυτῆς
254 542 413 573 ἀσφάλειαν.
445 541 506 567 Ὅτι
537 541 587 575 μὲν
618 539 647 572 ἐξ
678 539 800 574 ἀδελφῶν
833 537 914 565 αὑτὸν

119 590 216 625 ἤγειρε
239 588 352 624 Κύριος.
376 587 419 613 διὰ
445 586 475 613 τὸ
494 587 527 613 ὲκ
545 586 655 621 Μαρίας
680 585 760 612 αὑτὸν
781 584 912 619 γεγεννῆ-

121 635 195 667 σθαι,
211 634 249 666 ὡς
264 634 356 667 λέγει·
378 631 455 659 Ἰδοὺ
474 632 492 666 ἡ
507 630 655 664 παρθένος
670 631 706 656 ἐν
719 629 826 665 γαστρὶ
839 628 910 661 ἕξει,

120 681 170 708 καὶ
199 680 315 711 τέξεται
340 679 424 705 υἱόν·
448 679 512 709 καὶ,
540 676 691 711 Παρθένος
713 676 850 711 μένουσα
877 675 912 702 ὲν

119 727 227 763 γαστρὶ
241 726 310 759 ἕξει,
327 725 376 751 οὐκ
391 725 423 750 ἐκ
446 724 602 759 σπέρματος
621 723 726 758 ἀνδρὸς,
743 722 791 749 καὶ
804 721 911 754 τέξεται

120 774 188 805 υἱὸν,
204 772 281 807 δῆλον
299 773 328 798 ὲν
344 771 426 806 σαρκὶ
438 770 468 796 τὸ
483 770 607 805 γέννημα
624 769 677 795 ἀπὺ
698 767 831 804 παρθένου
846 776 909 802 γεν-

119 819 251 854 νώμενον.
273 817 353 844 Ἀλλὰ
377 816 544 843 καλέσουσι
568 815 601 842 τὸ
617 815 710 849 ὄνομα
725 813 819 841 αὑτοῦ
842 814 909 848 Ἐμ-

119 863 270 899 μανουὴλ,
286 862 302 889 ὃ
318 862 523 896 ἑρμηνεύεται,
542 860 613 892 Θεὸς
633 860 698 894 μεθ’
716 858 809 894 ἡμῶν.
836 859 914 885 Ἔστι

119 911 175 945 γὰρ
196 909 261 940 Θεὸς
285 908 447 944 ἄνθρωπος,
476 906 531 933 ἀπὸ
560 906 667 941 Πατρός
697 905 747 940 μὲν
774 905 916 940 γεννηθεὶς

120 956 247 991 ἀνάρχως
263 954 311 981 καὶ
326 954 458 990 ἀχρόνως,
471 952 614 988 ἄνθρωπος
629 952 659 979 δὲ
677 951 731 978 ἀπὸ
745 950 856 987 Μαρίας
871 951 916 978 διὰ

119 1001 169 1035 τὴν
184 1000 314 1035 ἔνσαρκον
327 999 490 1035 παρουσίαν.

112 1087 117 1103 ¹
157 1087 233 1121 Εἶτα,
255 1089 331 1124 φησὶ,
350 1088 397 1115 καὶ
419 1087 486 1114 αὐτὸ
505 1087 536 1114 τὸ
553 1086 719 1121 Εὐαγγέλιον
733 1085 790 1122 (70)
808 1085 860 1120 ἔφη
881 1085 916 1120 τῇ

121 1135 216 1172 Μαρίᾳ
231 1143 239 1151 ο
270 1135 391 1170 Πνεῦμα
417 1135 528 1169 Κυρίου
560 1134 757 1161 ἐπελεύσεται
782 1133 832 1159 ἐπὶ
860 1131 914 1158 σέο

121 1182 169 1208 καὶ
183 1182 233 1208 οὐκ
254 1179 331 1208 εἷπεν
349 1180 471 1215 Πνεῦμα
493 1180 605 1214 Κυρίου
624 1179 784 1214 γενήσεται
799 1179 834 1206 ἐν
854 1178 914 1206 σοι.

121 1227 168 1254 Διὸ
182 1228 215 1254 ὲκ
238 1226 408 1262 πανταχόθεν
424 1225 585 1260 φιλονεικῶν
605 1227 619 1251 ὁ
642 1225 754 1260 ἀνόητος
773 1225 916 1261 ἄνθρωπος

121 1273 250 1299 ἐκπίπτει
264 1272 313 1307 τῆς
326 1270 466 1306 ἀληθείας,
485 1270 703 1306 Ἀσφαλιζομένη
719 1270 773 1305 γὰρ
789 1271 806 1306 ἡ
819 1270 917 1307 Γραφὴ

123 1317 289 1353 πανταχόθεν
311 1317 361 1352 τὴν
385 1316 523 1352 ἡμετέραν
545 1316 627 1351 ζωὴν,
655 1316 699 1343 ἵνα
721 1315 824 1351 Τριάδα
842 1314 917 1352 δείξῃ

123 1362 210 1396 πάντη
226 1370 255 1388 τε
266 1362 313 1388 καὶ
327 1362 355 1389 ὲν
372 1361 452 1388 παντὶ
465 1360 531 1387 εῖδει
544 1360 676 1388 συνοῦσαν
692 1361 774 1396 ἑαυτῇ
786 1361 833 1387 καὶ
855 1369 917 1387 συνσ

122 1406 266 1442 εργοῦσαν,
286 1406 327 1432 ἵνα
349 1406 385 1441 μή
404 1414 476 1437 τινες
490 1406 613 1437 εἴπωσιν,
633 1406 670 1437 ὡς
684 1406 731 1432 καὶ
747 1406 840 1433 πολλοὶ¹
854 1415 918 1442 προ-

122 1451 282 1486 φασίζονται
307 1453 414 1483 ἑαυτοῖς
439 1451 527 1483 κακὰ,
559 1451 762 1486 ἁλλοτριοῦντες
786 1452 815 1479 τὸ
840 1452 917 1487 ἅγιον

123 1499 234 1534 Πνεῦμα
252 1499 300 1525 τοῦ
324 1498 441 1534 Χριστοῦ
463 1498 510 1524 καὶ
531 1498 654 1533 Πατρός·
677 1498 771 1525 τούτου
789 1498 883 1525 ἕνεκεν
902 1499 916 1525 ό

121 1545 236 1579 ἄγγελος
252 1545 326 1578 λέγει
341 1546 373 1580 τῇ
389 1544 523 1579 Μαριάμ·
544 1543 666 1579 Πνεῦμα
685 1544 772 1579 ἅγιον
791 1545 916 1573 ἐπελεύ-

121 1599 207 1618 σεται
224 1591 273 1617 ὲπὶ
297 1590 344 1622 σὲ,
363 1591 411 1617 καὶ
434 1590 562 1624 δύναμις
582 1589 729 1624 Ὑψίστου
745 1591 916 1619 ἐπισκιάσει

122 1645 182 1664 σοι.
207 1635 255 1662 Διὸ
272 1635 321 1662 καὶ
342 1635 376 1662 τὸ
400 1635 587 1670 γεννώμενον
607 1635 641 1661 ἐκ
660 1635 722 1662 -σοῦ
739 1635 826 1671 ἅγιον
843 1638 916 1670 κλη-

123 1682 247 1716 θήσεται
271 1681 336 1713 Υἱὸς
351 1680 436 1707 Θεοῦ.
461 1680 516 1707 Καὶ
528 1681 578 1715 οὐκ
600 1678 659 1707 εἷπε
684 1681 775 1716 μόνον,
799 1681 835 1709 Τὸ
849 1691 916 1716 τεν-

122 1728 267 1763 νώμενον,
285 1727 364 1759 ἀλλὰ,
380 1726 430 1754 Διὸ
444 1727 494 1753 καὶ
511 1730 544 1754 τὸ
557 1726 745 1762 γεννώμενον
755 1736 761 1743 ·
779 1727 821 1754 ἵνα
841 1727 916 1764 δείξῃ

123 1774 226 1802 ἄνωθεν
239 1773 306 1799 Θεὸν
325 1773 422 1806 Λόγον,
436 1773 484 1799 καὶ
498 1773 527 1798 ἐν
544 1773 636 1808 μήτρᾳ
651 1772 820 1808 γεννώμενον
845 1773 916 1800 κατὰ

123 1821 172 1855 τὴν
187 1819 284 1846 ἑαυτοῦ
303 1818 520 1854 ἐνανθρὼπησιν,
539 1819 584 1845 καὶ
604 1818 674 1845 κατὰ
690 1818 739 1854 τὴν
759 1819 856 1846 ἑαυτοῦ
871 1820 916 1845 ab-

123 1865 226 1893 δοκίαν.
244 1865 299 1892 Καὶ
312 1865 345 1891 δι’
359 1865 392 1899 ἢν
411 1864 586 1900 ᾠκονόμησεν
601 1865 697 1891 ἑαυτοῦ
711 1865 916 1900 ὲνανθρώπησιν

125 1914 163 1944 εἰς
182 1913 261 1948 ἡμῶν
278 1913 425 1948 σωτηρίαν,
446 1913 626 1948 προστίθησι·
646 1913 696 1940 Διὸ
718 1913 768 1940 καὶ
791 1913 824 1940 τὸ
848 1922 916 1948 γεν-

125 1959 257 1993 νώμενον
282 1959 367 1994 ἄτιον
392 1959 576 1993 κληθήσεται
605 1959 671 1992 Υἱὸς
693 1959 779 1987 Θεοῦ.
804 1960 836 1987 Εἰ
862 1960 916 1996 γὰρ

126 2003 197 2035 εἶπε,
217 2005 337 2038 Πνεῦμα
359 2005 444 2039 ἅγιον
466 2006 672 2033 εἰσελεύσεται
697 2008 740 2039 είς
758 2007 806 2039 σὲ,
824 2007 916 2033 οὐκέτι

127 2050 190 2076 Υἰὺν
202 2049 268 2075 Θεοῦ
282 2047 316 2084 ἧν
332 2050 456 2084 ἡγεῖσθαι
471 2051 499 2077 ἐν
520 2051 602 2086 σαρκὶ
619 2052 836 2087 παραγεγονότα,
849 2052 917 2078 ἀλλὰ

127 2095 238 2130 Πνεῦμα
252 2094 329 2128 ἅγιον
341 2096 370 2121 ὲν
384 2097 467 2130 σαρκὶ
480 2097 706 2131 παραγεγονέναι.
728 2098 788 2123 ’Ὁτι
802 2097 830 2124 δὲ
845 2097 916 2124 ἄνω-

127 2139 172 2166 θέν
188 2140 262 2166 ἔστιν
282 2138 367 2166 ἐλθὼν
383 2140 397 2165 ό
415 2139 510 2171 Λόγος,
532 2140 668 2176 Ἰωάννης,
687 2142 838 2177 σαφηνίσας
867 2143 917 2177 τὴν

455 119 643 149 ADVERSUS
663 118 834 148 HERESES
849 116 915 145 LIB.

968 137 974 144 .
997 113 1080 143 T0151.
1101 115 1160 143 l.—
1177 114 1317 143 HERES.
1334 112 1400 143 LIV.

157 174 195 201 I”.
204 173 258 200 Kal.
268 172 349 200 πάλιν
359 172 387 199 δὲ
396 172 409 198 ό
420 171 501 204 αὐτὸς
510 171 638 203 Θεόδοτός
650 180 717 207 φησι
726 180 732 186 ·
746 172 801 199 Καὶ
814 173 828 199 ό
839 173 920 208 νόμος
932 177 953 204 Α

930 850 952 878 Β
966 865 1037 888 tum.
1053 860 1094 887 Ad
1113 860 1172 887 haec
1194 869 1200 886 ε

929 1523 951 1552 C

1701 111 1753 142 986

1004 171 1049 198 Ill.
1080 169 1182 205 Ohjicit
1207 175 1337 205 pmterea
1365 168 1522 196 Theodotus
1546 177 1552 195 :
1578 166 1632 195 Lex
1657 167 1695 194 ita
1722 167 1756 194 de

969 217 1078 244 Christo
1096 220 1209 243 narrat:
1229 215 1388 250 Prop/ictam
1409 223 1422 242 e
1442 214 1572 248 fratribus
1591 214 1683 241 uestris
1710 221 1756 241 su-

968 262 1074 289 scitabit
1107 262 1236 289 Dominus
1255 266 1380 296 tanquam
1400 269 1457 293 me;
1484 261 1570 294 ipsum
1595 260 1707 287 audietis
1734 260 1754 287 '.

967 309 1050 343 Atqui
1065 307 1174 344 Moyses
1189 308 1271 335 homo
1285 310 1353 335 erat.
1365 306 1456 339 Quare
1470 307 1517 342 qui
1532 314 1547 334 a
1565 305 1620 334 Deo
1636 305 1756 334 suscita-

969 359 1013 380 tus
1031 357 1083 385 est,
1100 352 1228 380 Christus
1257 351 1318 383 iste,
1336 359 1390 378 non
1410 350 1484 378 Deus
1500 354 1570 381 erat,
1586 350 1632 377 sed
1647 350 1729 376 homo
1745 357 1754 375 :

966 398 1186 434 quandoquidem
1229 404 1245 424 a
1273 396 1374 424 Iudaeis
1407 396 1475 431 ipsis
1517 395 1652 423 oriundus
1685 398 1755 426 erat,

966 443 1196 479 quemadmodum
1213 447 1239 470 et
1257 442 1364 478 Moyses
1377 441 1459 468 homo
1475 440 1535 468 fuit.
1551 439 1651 468 Verum
1668 441 1757 468 nescit

966 491 1066 525 impius
1106 490 1152 517 ille
1179 489 1302 516 desertor
1333 487 1508 520 Theodotus,
1535 494 1617 522 quam
1649 487 1758 522 egregie

965 543 1136 571 unaquaeque
1161 535 1245 562 dictio
1271 542 1319 563 sua
1337 534 1464 562 cautione
1487 533 1590 560 munita
1612 532 1658 561 sit.
1689 531 1757 559 Nam

964 582 1038 618 quod
1052 590 1068 610 e
1091 581 1223 610 fratribus
1240 582 1316 609 illum
1331 581 1465 608 Dominus
1480 579 1617 613 excitavit,
1639 586 1672 606 eo
1686 578 1759 606 rete-

963 630 1078 657 vendum
1094 633 1146 662 est,
1170 628 1242 664 quod
1266 636 1281 656 e
1297 628 1383 655 Maria
1404 628 1440 655 sit
1454 627 1562 663 genitus
1578 636 1585 654 :
1601 633 1657 662 quo
1673 633 1757 654 sensu

963 675 1030 703 illud
1052 676 1262 710 accipiendum:
1284 674 1350 701 Ecce
1372 674 1453 710 ms
1477 674 1549 709 virgo
1566 673 1596 700 in
1619 677 1693 700 utero
1710 672 1758 698 Ita-

963 722 1040 754 bebit,
1058 727 1082 749 et
1095 722 1180 756 pariet
1204 722 1291 756 filium
1303 722 1313 736 ¹
1329 730 1336 754 ;
1355 721 1437 756 uirgo,
1455 720 1577 754 inquam,
1595 727 1714 751 manens,
1729 718 1758 745 in

960 773 1036 795 utero
1052 768 1172 800 habebit,
1187 776 1242 794 non
1255 775 1288 795 ex
1305 767 1359 794 viri
1375 767 1490 799 semine,
1502 765 1641 800 liliumque
1655 765 1758 800 pariet,

960 812 1046 841 fetum
1070 813 1164 848 utique
1185 820 1269 840 carne
1297 811 1452 847 praeditum,
1478 815 1506 838 et
1530 818 1545 837 a
1561 810 1666 845 virgine
1686 809 1760 844 geni-

1233 858 1337 885 Nomen
1361 857 1418 892 ejus
1434 856 1563 883 vocabunt
1589 855 1757 887 Emmanuel,

966 905 1035 940 quod
1067 906 1268 940 interpretatur,
1286 902 1433 930 Nobiscum
1461 902 1532 929 Deus
1559 902 1579 928 '.
1610 901 1659 929 Est
1685 901 1758 928 enim

967 950 1050 978 homo
1067 950 1139 978 Deus
1156 957 1172 977 a
1195 949 1285 980 Patre,
1306 948 1382 976 nullo
1398 955 1486 982 neque
1503 947 1647 982 principio,
1669 954 1760 982 neque

967 1000 1090 1032 tempore
1108 997 1279 1032 genitus,.et
1295 1004 1330 1022 ex
1357 995 1443 1022 Maria
1465 995 1554 1022 tactus
1574 993 1666 1025 homo,
1690 1001 1759 1029 qua-

965 1047 1048 1070 tenus
1068 1050 1152 1069 carne
1166 1042 1296 1077 praeditus
1311 1041 1431 1069 advenit.

1005 1087 1060 1115 Sed
1075 1092 1103 1116 et
1117 1087 1185 1114 illud
1201 1087 1325 1123 opponit,
1353 1086 1425 1122 quod
1450 1087 1478 1114 in
1503 1085 1651 1121 Evangelio
1668 1085 1760 1113 Mariae

967 1141 1132 1169 responsum
1153 1134 1253 1169 legitur
1268 1142 1274 1160 :
1293 1132 1410 1168 Spiritus
1425 1132 1535 1159 Domini
1555 1133 1716 1167 superveniet
1732 1132 1760 1158 in

967 1186 991 1207 te
1015 1182 1036 1207 ⁵.
1059 1180 1118 1208 Νοιι
1139 1180 1211 1208 enim
1237 1179 1317 1213 dixit,
1335 1179 1451 1214 Spiritus
1476 1179 1583 1206 Domini
1600 1179 1652 1206 erit
1675 1179 1701 1204 in
1723 1183 1758 1204 te.

971 1226 1048 1254 Hunc
1065 1226 1093 1253 in
1116 1226 1227 1253 modum
1244 1226 1362 1254 stolidus
1380 1225 1528 1252 homuncio
1550 1225 1653 1260 ubique
1667 1224 1760 1251 studio

968 1273 1153 1300 contentionis
1178 1273 1267 1300 elatus
1295 1279 1310 1298 a
1339 1271 1454 1298 veritate
1485 1271 1624 1298 desciscit.
1654 1270 1758 1297 Etenim

969 1317 1110 1352 Scriptura
1133 1324 1223 1349 sacra,
1247 1324 1303 1352 quo
1326 1316 1410 1343 vitam
1434 1320 1557 1343 nostram
1577 1315 1759 1350 undequaque

968 1363 1099 1396 ﬁrmaret,
1118 1367 1201 1398 utque
1230 1367 1433 1390 sacrosanctam
1452 1362 1579 1390 ’l‘riadcm
1602 1362 1714 1396 ubique,
1731 1365 1760 1389 et

968 1409 996 1436 in
1011 1409 1085 1436 onmi
1110 1408 1247 1436 actionum
1264 1416 1364 1443 genere
1378 1409 1526 1436 convenire
1550 1415 1644 1436 secum
1659 1408 1758 1443 ipsam,

968 1463 1001 1483 ac
1016 1455 1199 1483 communiter
1220 1453 1327 1482 edicere
1342 1454 1504 1486 declararet,
1525 1462 1556 1481 ac
1578 1462 1612 1482 ne
1634 1455 1680 1489 qui
1701 1453 1759 1480 tor-

969 1507 1043 1529 tasse
1053 1503 1159 1537 jactare
1173 1501 1278 1537 aliquid
1292 1506 1414 1536 possent,
1427 1501 1499 1536 quod
1514 1509 1529 1527 a
1543 1500 1667 1536 pluribus
1683 1507 1760 1528 usur-

967 1554 1060 1584 patum
1087 1553 1139 1581 est,
1158 1548 1214 1583 qui
1240 1555 1387 1583 pravorum
1413 1547 1572 1583 dogmatum
1598 1547 1760 1575 occasiones

965 1595 1021 1623 sibi
1042 1598 1198 1630 captarum,
1212 1599 1239 1622 et
1254 1602 1269 1621 a
1293 1593 1404 1621 Christo
1421 1594 1503 1621 simul
1516 1601 1560 1628 Lac
1575 1592 1656 1620 Patre
1672 1592 1760 1628 Spiri-

968 1646 1025 1669 tum
1049 1645 1174 1669 sanclum
1193 1641 1394 1673 abalienarunt,
1420 1645 1562 1675 propterea
1588 1639 1628 1667 sic
1645 1639 1758 1666 Mariam

968 1688 1092 1723 angelum
1109 1687 1258 1714 allocutum
1281 1694 1344 1714 esse
1370 1685 1514 1721 Scriptura
1538 1690 1758 1713 commemorat:

968 1735 1085 1770 Spiritus
1108 1738 1216 1760 sanctus
1238 1734 1401 1768 superveniet
1420 1733 1448 1759 in
1472 1738 1506 1765 te,
1523 1737 1548 1759 et
1569 1733 1652 1760 virtus
1676 1732 1760 1760 Altis-
1807 1765 1810 1771 ν

967 1781 1028 1808 simi
1050 1779 1217 1807 obumbrabit
1234 1779 1292 1806 tibi.
1317 1779 1431 1814 Ideoque
1452 1783 1475 1805 et
1496 1778 1564 1813 quod
1586 1783 1709 1806 nascetur
1726 1786 1760 1806 ex

968 1832 992 1853 te
1017 1831 1148 1858 sanctum,
1169 1824 1306 1852 vocabitur
1327 1823 1416 1850 Filius
1431 1823 1480 1850 Dei
1498 1824 1519 1850 '.
1540 1822 1595 1850 Nec
1620 1823 1646 1850 id
1669 1822 1759 1850 solum

967 1872 1046 1903 dixit,
1060 1871 1136 1904 Quod
1163 1875 1295 1902 nascetur,
1318 1869 1377 1901 sed,
1403 1867 1467 1895 Ideo
1491 1874 1515 1896 et
1535 1868 1605 1904 quod
1626 1873 1758 1900 nascetur,

967 1917 1051 1944 Deum
1070 1920 1100 1943 ut
1116 1915 1237 1943 Verbum
1253 1923 1268 1941 a
1284 1914 1418 1950 principio
1433 1914 1519 1941 fuisse
1539 1918 1715 1946 monstraret,
1731 1916 1759 1940 et

969 1962 997 1988 in
1021 1962 1116 1989 matris
1143 1964 1220 1987 utero
1245 1960 1378 1994 genitum,
1404 1966 1466 1986 cum
1487 1964 1612 1986 naturam
1638 1959 1758 1986 hominis

970 2011 1066 2042 sponte
1082 2014 1132 2034 sua
1149 2013 1180 2033 ac
1196 2005 1338 2033 voluntate
1355 2005 1488 2039 suscepit.
1507 2004 1542 2032 Ut
1560 2005 1643 2040 igitur
1660 2005 1759 2033 salutis

969 2056 1069 2080 nostra:
1082 2052 1169 2087 gratia
1190 2055 1277 2078 totum
1301 2050 1368 2078 illud
1391 2055 1496 2077 naturae
1518 2056 1652 2086 suscepta:
1674 2058 1760 2086 nego-

968 2099 1035 2125 tium
1049 2097 1270 2126 administratum
1285 2097 1461 2132 intelliget-es,
1471 2097 1522 2124 ista
1535 2097 1667 2132 subjecit:
1680 2097 1759 2125 Ideo-

967 2154 1015 2180 que
1029 2149 1053 2172 et
1070 2145 1138 2178 quod
1151 2149 1274 2171 nascetur
1287 2148 1420 2176 sanctum,
1438 2144 1574 2171 vocabitur
1594 2143 1681 2171 Filius
1697 2144 1756 2172 Dei.

126 2184 172 2211 τοῦ
189 2184 304 2219 ἀγγέλου
325 2184 504 2220 εὐαγγελικὴν
522 2186 624 2222 φωνὴν,
650 2187 723 2221 λέγει
735 2195 742 2202 ·
766 2188 817 2214 Ἐν
836 2187 915 2222 ἀρχῇ

968 2189 1047 2223 Quod
1063 2189 1084 2217 si
1101 2190 1137 2216 ita
1153 2190 1278 2221 dixisset,
1294 2188 1410 2224 Spiritus
1431 2194 1540 2216 sanctus
1554 2189 1716 2224 ingredietur
1729 2190 1757 2217 in

127 2229 198 2264 ἦνό
214 2230 319 2264 Λόγος,
348 2229 428 2257 καὶό
449 2231 544 2265 Λόγος
571 2229 612 2266 ἦν
639 2233 715 2266 πρὸς
745 2233 799 2259 τὸν
828 2234 912 2264 Θεὸν,

127 2276 175 2302 καὶ
191 2275 263 2308 Θεὸς
287 2273 326 2311 ἦν
347 2277 364 2302 ὀ
392 2277 497 2311 Λόγος.
536 2277 637 2304 Πάντα
667 2278 704 2305 δι’
732 2279 825 2306 αὑτοῦ
851 2280 915 2314 ἐγέ-

127 2330 206 2354 νετο,
230 2321 279 2348 καὶ
294 2321 385 2355 χωρὶς
404 2322 496 2349 αὑτοῦ
521 2322 638 2357 ἐγένετο
661 2324 734 2351 οὐδὲ
765 2326 818 2352 ἓν·
853 2325 914 2353 εἶτα

130 2367 198 2402 μετὰ
225 2367 327 2393 ταῦτα·
352 2367 408 2394 Kal
437 2370 452 2395 ό
469 2370 565 2404 Λόγος
600 2370 678 2404 σὰρξ
703 2370 836 2405 ἐγένετο·
865 2373 914 2399 καὶ

127 2414 175 2440 οὐκ
191 2411 267 2440 εἷπε·
287 2413 324 2439 Τὸ
336 2414 456 2449 Πνεῦμα
481 2415 559 2450 σὰρξ
588 2416 718 2451 ἐγένετο·
747 2417 808 2444 οὐδὲ
833 2416 912 2444 εἷπε·

127 2458 250 2492 Χριστὸς
265 2458 418 2493 ἄνθρωπος
431 2460 588 2496 ἐγεννήθη.
613 2462 704 2498 Πάνιη
726 2463 780 2498 γὰρ
797 2464 914 2498 ἀσφαλι-

127 2503 227 2539 ζομένη
253 2506 269 2540 ὴ
293 2505 353 2532 θεία
376 2505 469 2541 Γραφὴ
493 2506 559 2533 Θεὸν
585 2508 632 2534 καὶ
657 2508 798 2543 ἄνθρωπον
836 2509 914 2536 αὑτὸν

161 2594 171 2609 ι
186 2592 264 2620 Deut.
278 2593 410 2627 “111,15.
448 2594 460 2610 ³
479 2595 530 2623 lsa.
547 2603 596 2628 vn,
617 2596 660 2622 N.
699 2596 710 2612 ³
727 2596 812 2633 1ὺίᾱά
828 2597 910 2626 Matth

161 2684 219 2726 (.70)‘
228 2685 309 2726 Eira,
318 2685 404 2726 mal,
417 2686 546 2726 uuinapzb
554 2689 586 2726 to
595 2688 790 2726 Εὺιιῖιγέλιον⁵
803 2688 849 2717 Vis
858 2689 910 2718 ista

125 2721 341 2747 ratiocinationis
360 2721 440 2755 hujus
459 2721 544 2750 fuisse
560 2721 687 2751 videtur?
699 2723 856 2752 Theodotus
881 2729 911 2752 ut

126 2756 252 2794 probaret
267 2755 406 2794 Christum
419 2764 522 2794 merum
535 2777 542 2790 ,
561 2766 593 2787 ac
608 2759 757 2794 simplicem
773 2760 910 2788 hominem

126 2798 195 2831 esse,
213 2790 291 2818 Lucae
307 2791 397 2818 verbis
407 2793 533 2831 utebatur
543 2814 550 2826 ,
575 2790 676 2831 quibus
691 2795 804 2831 angelus
821 2795 912 2822 Maria:

126 2825 212 2859 dixit,
238 2831 465 2862 superventurum
495 2829 522 2855 in
542 2825 602 2857 eam
629 2825 912 2864 Spiritu'msanctum,

915 2598 1025 2632 .i,25.

970 2242 1004 2269 te,
1018 2244 1072 2263 non
1087 2236 1143 2271 jam
1165 2235 1309 2271 DeijFilius
1321 2243 1405 2262 carne
1417 2235 1558 2271 praeditus,
1571 2236 1619 2263 sed
1637 2235 1757 2271 Spiritus

967 2285 1081 2310 sanctus
1110 2281 1218 2309 venisse
1243 2280 1411 2309 crederetur.
1439 2281 1517 2314 Quod
1544 2286 1635 2308 autem
1657 2282 1757 2310 ecuelo

968 2326 1086 2355 Verbum
1100 2327 1250 2360 advenerit,
1261 2326 1381 2354 Joannes
1391 2327 1576 2362 evangelicam
1589 2327 1661 2354 illam
1675 2336 1757 2356 usur-

968 2379 1058 2409 palam
1080 2374 1114 2401 ab
1135 2374 1230 2410 angelo
1245 2380 1340 2401 vocem
1357 2374 1499 2408 explicans
1525 2374 1563 2400 ita
1585 2378 1700 2401 testatur
1720 2375 1730 2389 '
1747 2384 1754 2402 :

968 2419 1002 2446 In
1025 2420 1152 2454 principio
1177 2425 1236 2447 erat
1259 2419 1390 2453 Verbum,
1415 2424 1439 2446 et
1472 2419 1583 2446 Verbum
1606 2426 1661 2446 erat
1685 2420 1757 2455 apud

967 2465 1063 2497 Deum,
1081 2471 1106 2492 et
1123 2465 1190 2492 Deus
1201 2470 1258 2492 erat
1277 2464 1399 2492 Verbum.
1418 2462 1515 2492 O‘mnia
1524 2472 1569 2500 per
1585 2465 1671 2499 ipsum
1684 2465 1756 2500 facta

967 2516 1040 2541 sunt,
1063 2515 1087 2538 et
1111 2511 1167 2538 sine
1191 2511 1248 2545 ipso
1272 2511 1373 2545 factum
1392 2515 1431 2538 est
1451 2510 1527 2538 nihil.
1548 2509 1651 2538 Deinde
1674 2511 1756 2546 paulo

1066 2598 1156 2627 ‘Luc.
1170 2607 1191 2633 ι,
1207 2599 1253 2626 35.
1293 2600 1304 2615 ⁸
1325 2600 1390 2627 ibid.
1429 2599 1526 2627 ‘Joan.
1544 2608 1563 2632 ι,
1585 2601 1597 2627 1
1621 2607 1682 2636 Sqq.

960 2698 1017 2718 non
1029 2696 1120 2718 autem
1138 2691 1165 2718 in
1179 2699 1211 2719 ea
1228 2691 1362 2724 futurum,
1378 2692 1430 2724 vel,
1452 2697 1481 2719 ut
1493 2693 1575 2727 paulo
1589 2696 1650 2727 post
1667 2692 1756 2727 loqui-

962 2730 1024 2758 tur,
1043 2726 1071 2753 in
1084 2734 1144 2753 eam
1159 2728 1357 2762 ingressurum.
1375 2726 1442 2754 Nam
1463 2726 1509 2754 illa
1525 2726 1620 2758 verba,
1641 2726 1754 2753 ἐπελεύ-

963 2769 1042 2798 σεται
1050 2762 1175 2798 ὂὲπὶνσέ,
1192 2762 1369 2790 adventithun
1393 2763 1494 2798 aliquid
1505 2782 1513 2796 ,
1529 2767 1556 2790 et
1583 2762 1754 2790 extritISecus

963 2797 1095 2826 accedens
1115 2797 1237 2826 indicare
1254 2797 1389 2825 videntur.
