1964 3047
144 159 195 188 969

488 160 674 189 ADVERSUS
693 160 867 189 HERESES
886 160 950 189 LIB.
971 156 1003 190 il.
1028 159 1110 190 ΤῦΜ.
1125 162 1145 190 Ι.
1165 178 1199 182 -
1218 162 1353 191 [Milli-is.
1375 163 1440 192 LIV.

1713 166 1729 193 9
1734 166 1767 194 70

143 206 191 234 καὶ
207 205 280 242 ζωὴν
294 206 350 238 τοῖς
369 206 449 232 αὐτὸν
465 207 592 241 ἀγαπῶσι
617 208 705 240 διδούς
715 217 721 222 ·
741 208 770 240 ἐξ
782 208 931 244 ἀνθρώπιον

984 209 1044 236 dem
1061 209 1117 236 vita
1133 210 1258 243 sublata;
1281 210 1339 245 ipse
1352 214 1441 238 tamen
1463 210 1640 239 nihilominus
1655 215 1697 239 est
1712 213 1767 240 vita

143 252 224 288 μὲνὴ
249 252 305 288 ζωὴ
328 252 402 287 αὐτῷ
419 253 501 288 ἤρθη,
520 254 566 288 ἀφ’
601 253 698 280 ἑαυτοῦ
722 254 779 290 ζωὴ
805 254 852 281 ὧν.
871 255 931 291 Ζωὴ

142 296 197 332 γὰρ
213 298 227 323 ό
242 297 338 331 Λόγος,
353 298 400 323 καὶ
415 298 481 324 πᾶσι
497 296 569 333 ζωὴν
585 297 711 333 παρέχων
724 301 780 331 τοῖς
794 300 837 325 ἐπ’
852 299 932 326 αὐτὸν

143 341 284 368 ἐλπίσασιν
302 342 330 369 ἐν
348 342 470 378 ἀληθείᾳ..
496 343 551 370 Καὶ
573 342 612 375 τὸ,
638 345 696 378 Τὴν
714 346 820 380 γενεὰν
838 346 932 374 αὑτοῦ

142 387 189 420 τίς
203 386 378 422 διηγήσεται
390 396 400 420 ;
423 388 448 414 εἰ
462 386 496 424 ἦν
510 388 651 424 ἄνθρωπος
665 389 743 423 ψιλὸς
757 390 810 416 ἀπὸ
824 391 932 426 Μαρίας

141 433 350 468 γεγεννημένος,
368 433 527 469 εὐδιήγητος
547 435 600 469 ἄρα
618 432 652 470 ἦν
666 435 683 470 ἡ
698 435 780 462 αὐτοῦ
796 438 931 471 γέννησις.

149 476 256 512 Ἐπειδὴ
271 477 299 503 δέ
320 477 377 503 ἐστι
397 477 451 513 πρὸ
472 478 519 505 τοῦ
539 478 631 510 Δαὸὶδ,
646 479 699 514 πρὸ
724 479 770 506 τοῦ
790 480 930 517 Ἀϐραάμ·

149 523 277 557 Ἀϐραὰμ
294 523 348 558 γὰρ
365 525 381 550 ὁ
396 523 497 558 Πατὴρ
520 524 613 559 ὑμῶν,
635 526 728 560 φησὶν,
741 526 933 562 ἐπεθύμησεν

144 568 218 595 ιὸεῑν
241 569 299 602 τὴν
327 569 442 604 ἡμέραν
463 579 531 604 μου.
561 570 616 597 Καὶ
645 569 721 604 εἶδε,
754 572 803 599 ικαὶ
827 573 930 608 ἐχάρη.

142 613 209 641 Εἶτα
237 615 326 641 αὐτῶν
351 615 544 651 θαυμαζόντων
570 617 618 644 καὶ
642 617 792 652 λεγόντων·
819 620 932 653 Πεντή-

142 669 234 687 κοντα
244 661 296 695 ἐτη
310 662 392 689 οὔπω
410 662 501 697 ἔχοις,
517 663 566 690 καὶ
579 663 632 690 τὸν
653 661 774 700 Ἀϐραὰμ
784 665 932 700 ἑώρακας

141 705 261 740 ἐλέγχων
285 706 421 740 Θεόδοτον,
439 707 486 733 καὶ
506 708 571 739 τοὺς
584 709 725 741 ἀπίστους,
748 711 793 737 καὶ
816 712 933 747 ὲπαρνηι

143 750 248 783 σιοέους
267 752 421 785 Ἰουδαίους,
438 753 489 788 ἔφη
501 761 508 768 ·
536 753 639 789 Ἀμὴν,
654 755 746 790 ἀμὴν,
760 756 836 791 λέγω
850 757 931 792 ὑμῖν,

142 796 188 823 ὅτι
208 797 264 831 πρὸ
287 798 414 833 Ἀϐραὰμ
432 797 489 834 ἐγώ
504 800 573 833 ειμι.
591 797 644 826 Ἦν
663 801 718 836 γὰρ
733 802 785 836 πρὸ
808 802 932 838 Ἀϐραὰμ

142 842 260 878 ἀληθῶς,
279 843 326 870 καὶ
347 843 400 879 πρὸ
415 844 487 877 Νῶε,
501 845 549 871 καὶ
564 845 617 881 πρὸ
637 846 732 881 Ἀδὰμ,
749 847 796 874 καὶ
811 848 862 883 πρὸ
883 848 931 874 τοῦ

142 890 258 924 κόσμου,
275 889 323 916 καὶ
345 888 398 925 πρὸ
419 890 466 917 τοῦ
481 891 608 926 οὐρανοῦ,
630 893 677 919 καὶ
698 893 751 928 πρὸ
769 892 816 919 τοῦ
835 894 931 929 χρόνου
949 884 969 912 Β

141 935 189 962 τοῦ
203 935 317 972 κόσμου,
334 936 387 971 πρὸ
404 937 503 968 παντδς
516 937 536 969 ί,
554 937 601 964 καὶ
612 938 778 973 κτισμάτων.
796 939 841 965 Διὸ
854 939 934 976 ἄχρο-

141 990 186 1014 νος
205 981 253 1014 ὢν,
271 982 318 1009 καὶ
342 982 480 1018 ἄφραστος
497 983 711 1018 καταγγέλλεται
726 984 778 1010 ὑπὸ
791 984 837 1011 τοῦ
854 985 932 1018 ἁγίου

143 1026 300 1062 Πνεύματος
316 1027 360 1055 διὰ
379 1028 503 1060 Ἡσαΐου,
529 1029 568 1055 ὃτι
587 1028 646 1063 Τὴν
660 1031 767 1064 γενεὰν
780 1030 871 1058 αὐτοῦ
888 1032 934 1064 τίς

141 1072 335 1108 διηγήσεταιί
363 1074 423 1101 Ὅτι
450 1074 563 1108 αἴρεται
595 1075 630 1101 ἐκ
661 1074 715 1108 τῆς
743 1075 799 1110 γῆς
827 1076 846 1110 ἡ
877 1076 932 1110 ζωὴ

141 1119 246 1147 αὐτοῦ.

187 1165 277 1197 una,
291 1166 383 1201 φησὶν,
397 1165 473 1192 εἶπον
488 1167 512 1192 οι
526 1167 669 1193 ἀπόστολοι
680 1176 687 1182 ·
707 1168 815 1202 ’Ἄνδρα
825 1169 933 1196 ἀποδε-

143 1211 298 1251 ΰςιγμέιὊν
311 1213 355 1244 εἰς
367 1211 445 1247 ὑμᾶς
460 1213 595 1247 σημείοις
618 1213 668 1240 καὶ
680 1213 783 1247 τέρασι
793 1223 800 1229 ·
825 1215 871 1240 καὶ
884 1215 933 1241 οὐκ

143 1255 220 1284 εἷπον
236 1258 301 1284 Θεὸν
314 1258 550 1294 ἀποδεδειγμένον.
581 1258 695 1295 Ἐλέγχῃ
711 1260 739 1286 δὲ
759 1261 849 1294 πάλιν,
867 1261 933 1288 Θεό-

142 1304 280 1339 δοτε(72),
300 1305 341 1331 ὅτι
355 1305 435 1332 πάλιν
457 1305 482 1331 οἱ
503 1304 602 1332 αὐτοῦ’
624 1306 767 1332 ἀπόστολοι
786 1307 815 1334 ἐν
837 1307 933 1339 αὐταῖς

144 1350 278 1386 Πράξεσιν
295 1351 409 1386 ἔφησαν,
432 1351 471 1383 ὡς
492 1353 506 1378 ὁ
526 1353 661 1388 μακάριος
678 1353 814 1387 Στέφανός
833 1362 930 1389 φησιν·

150 1396 222 1423 Ἰδοὺ
235 1396 291 1430 ὁρῶ
304 1396 357 1423 τὸν
372 1396 505 1431 οὐρανὸν
520 1398 718 1433 ἀνεῳγμένον,
735 1400 784 1427 καὶ
799 1400 852 1426 τὸν
865 1400 933 1427 Υιὺν

144 1443 197 1470 τοῦ
212 1443 368 1478 ἀνθρώπου
384 1443 500 1471 ἑστῶτα
513 1444 548 1471 ἐν
561 1444 646 1478 δεξιᾷ
658 1446 710 1472 τοῦ
726 1446 810 1473 Θεοῦ.

173 1491 218 1523 ς’.
231 1490 314 1516 Πάλιν
322 1490 350 1516 δὲ
359 1490 555 1526 προφασίζεται
563 1491 660 1524 λέγων,
667 1492 707 1518 ὁτι
716 1491 768 1527 ἔφη
778 1491 841 1527 περὶ
847 1491 931 1521 αὑτοῦ

983 262 1030 290 per
1045 263 1115 283 sese.
1134 255 1253 283 Verbum
1272 257 1344 284 enim
1360 257 1414 284 vita
1439 261 1491 289 est,
1513 258 1706 293 omnibusque,
1720 261 1768 294 qui

982 308 1045 328 vere
1068 301 1097 328 in
1123 309 1153 329 se
1179 306 1300 337 sperant,
1325 302 1408 329 vitam
1430 303 1551 338 largitur.
1573 304 1650 336 Quod
1677 309 1767 332 autem

983 348 1113 381 scripttttn
1129 351 1172 374 cst
1190 356 1196 373 :
1214 346 1412 374 Generationem
1427 349 1483 383 ejus
1505 350 1562 384 quis
1575 349 1730 377 enarrabit?
1745 351 1767 378 si

982 391 1065 419 homo
1088 392 1179 420 nudus
1202 396 1276 420 esset
1295 400 1309 419 a
1335 393 1418 420 Maria
1439 395 1558 428 genitus.
1585 395 1666 430 46⁵1
1695 396 1768 424 illius

983 440 1077 475 utique
1103 441 1243 475 generatio
1262 445 1392 468 enarratu
1416 441 1504 469 facilis
1522 447 1605 469 esset.
1632 443 1684 470 Sed
1697 451 1768 479 quo-

982 485 1056 512 niam
1072 489 1134 512 ante
1149 485 1278 513 Davidem
1304 489 1346 513 cst
1370 491 1398 513 et
1413 486 1608 520 Abrahamum,
1633 487 1768 515 Abraham

982 531 1052 558 enim
1076 536 1151 565 pater
1175 537 1275 564 uester,
1303 532 1404 567 inquit,
1430 533 1575 567 concupivit
1597 534 1682 560 uidere
1701 535 1769 561 diem

983 585 1079 604 meum.
1107 576 1188 609 Vidit.
1212 581 1236 604 et
1254 579 1361 613 gavisus
1388 583 1427 605 est
1443 578 1463 605 ³.
1484 579 1585 606 Adhtec
1607 580 1769 607 mirantibus

983 623 1036 650 illis
1048 627 1075 650 et
1094 623 1248 652 dicentibus
1262 633 1267 651 :
1284 624 1481 660 Quinquaginta
1498 632 1581 652 annos
1595 625 1710 652 nondum
1722 625 1770 652 ha-

983 667 1036 699 bes,
1052 673 1078 694 et
1092 668 1226 695 Abraham
1251 669 1361 697 vidisti?
1380 669 1414 696 ad
1444 669 1614 698 Theodotum
1630 679 1682 698 una
1706 678 1768 698 cutn

983 714 1132 742 incredulis
1159 713 1300 750 Deumque
1329 716 1492 750 negantibus
1515 715 1616 744 Judaais
1645 717 1770 745 refellen-

983 759 1058 792 dum,
1080 759 1116 787 ita
1135 760 1297 795 respondit:
1318 761 1411 794 Amen,
1424 770 1511 795 amen,
1530 763 1589 789 dico
1601 763 1683 796 vobis,
1704 771 1770 798 quo-

983 807 1055 833 niam
1078 811 1139 833 ante
1153 806 1289 833 Abraham
1309 815 1356 842 ego
1369 816 1437 835 sum.
1455 807 1524 836 Vere
1550 809 1683 844 siquidem
1707 815 1770 838 ante

983 851 1167 878 Abrahamum
1183 852 1288 878 exstitit
1304 851 1375 880 :imo
1405 857 1468 881 ante
1490 853 1621 881 Noemutn
1646 859 1669 882 et
1697 856 1769 883 Ada-

985 904 1074 929 mum,
1104 901 1167 924 ante
1209 897 1339 924 mundum
1369 897 1458 933 ipsum
1501 906 1533 926 ac
1563 900 1674 932 coelum,
1706 907 1770 928 ante

985 941 1079 968 mundi
1102 945 1220 976 tempus,
1242 945 1306 969 ante
1322 942 1493 974 universum.
1518 951 1550 970 ac
1571 944 1703 980 quidquid
1728 951 1770 973 est

984 988 1096 1014 omnino
1108 992 1240 1016 creatum.
1251 987 1385 1020 Quocirca
1398 989 1530 1024 temporis
1542 998 1638 1024 expers
1651 996 1676 1018 et
1694 991 1770 1019 inex-

985 1034 1119 1069 plicabilis
1141 1042 1156 1061 a
1174 1033 1278 1070 Spiritu
1301 1040 1398 1062 sancto
1413 1043 1460 1070 per
1476 1035 1572 1064 Isaiam
1595 1037 1767 1071 praedicatur.

985 1079 1201 1113 Generationem,
1225 1080 1331 1115 inquit,
1360 1080 1418 1115 ejus
1442 1082 1501 1116 quis
1523 1082 1677 1109 enarrabit?
1698 1084 1769 1116 Quo-

984 1127 1056 1153 niam
1069 1126 1174 1154 toliitur
1193 1135 1207 1154 e
1221 1133 1292 1154 terra
1312 1127 1367 1154 vita
1382 1127 1450 1161 ejus.

1019 1173 1053 1199 At
1065 1173 1148 1204 enim,
1167 1173 1266 1207 inquit,
1293 1172 1316 1200 si
1330 1172 1364 1200 de
1385 1173 1431 1200 illo
1457 1173 1573 1208 apostoli
1593 1174 1675 1201 locuti
1694 1170 1768 1206 suni,

990 1216 1081 1244 Virum
1105 1217 1245 1251 probatum
1270 1218 1298 1244 in
1320 1225 1363 1244 vos
1387 1217 1468 1253 signis
1490 1223 1515 1245 et
1539 1219 1667 1254 prodigiis
1682 1219 1701 1251 δ,
1719 1228 1770 1248 nec

984 1262 1068 1290 Deum
1096 1263 1241 1298 probatum
1259 1263 1398 1292 dixerunt.
1429 1263 1482 1291 Sed
1499 1264 1550 1292 hoc
1563 1266 1653 1300 ipsum
1669 1271 1695 1293 te
1711 1274 1770 1293 rur-

984 1316 1043 1340 sus,
1071 1308 1222 1341 Theodote,
1240 1309 1357 1345 jugulat,
1371 1310 1443 1344 quod
1458 1310 1485 1337 in
1501 1310 1596 1338 iisdem
1612 1311 1689 1338 Actis
1705 1319 1770 1347 apo-

983 1354 1047 1381 stoli
1074 1354 1225 1386 dixerunt,
1259 1362 1292 1381 ac
1321 1354 1417 1383 beatus
1450 1355 1585 1390 praecipue
1616 1355 1770 1391 Stephanus

984 1398 1190 1432 usurpat:Ecce
1205 1398 1278 1426 video
1298 1399 1389 1426 coelum
1409 1405 1540 1434 apertum,
1559 1405 1584 1427 et
1603 1399 1627 1426 F
1629 1401 1704 1428 ilium
1720 1402 1770 1430 lio-

984 1445 1062 1471 minis
1075 1449 1187 1471 stantem
1205 1453 1221 1472 η
1232 1445 1332 1472 dextris
1346 1446 1395 1473 Dei
1404 1447 1424 1473 ⁸.

1020 1489 1063 1516 Vl.
1084 1489 1203 1517 Rursum
1219 1491 1302 1518 instat
1316 1491 1470 1524 haereticus,
1487 1495 1515 1519 et
1528 1492 1624 1526 objicit
1637 1502 1643 1519 :
1656 1491 1770 1527 Aposto-

142 1535 157 1561 ὁ
169 1535 339 1567 ’Δπόστολος,
351 1535 391 1562 ὅτι
402 1535 535 1569 Μεσιτης
551 1535 625 1562 Θεοῦ
637 1536 686 1562 καὶ
697 1535 861 1570 ἀνθρώπων
867 1537 931 1570 Χρι-

986 1536 1038 1567 lus,
1057 1535 1105 1566 ait,
1124 1536 1160 1562 ita
1177 1536 1211 1563 de
1227 1535 1338 1564 Christo
1358 1537 1502 1572 loquitur:
1520 1537 1652 1565 Mediator
1674 1539 1722 1566 Dei
1744 1545 1770 1567 et

142 1580 213 1613 στὸς
229 1581 353 1614 Ἰησοῦς.
375 1581 429 1607 Καὶ
451 1581 501 1607 οὐκ
516 1579 569 1607 οἶδε
590 1581 671 1608 πάλιν
687 1582 745 1612 πῶς
761 1582 821 1609 καθ’
834 1582 930 1609 ἑαυτοῦ

985 1581 1121 1608 hominum
1143 1581 1265 1610 Christus
1285 1582 1363 1610 Iesus
1373 1584 1393 1610 ⁵.
1421 1583 1472 1611 Sed
1496 1585 1624 1612 nimirum
1651 1586 1768 1621 ignorat,

143 1626 290 1661 ἐπεγείρει.
312 1626 340 1652 ὐ
352 1627 404 1662 γὰρ
415 1626 508 1658 είπὶυν,
518 1627 648 1660 Μεσίτης
663 1627 737 1653 Θεοῦ
757 1627 805 1654 καὶ
817 1627 930 1661 ἀνθρώ-

142 1676 209 1696 πων
233 1669 361 1703 Χρισϊὸς
382 1670 518 1704 Ἰησοῦς,
549 1671 630 1702 αὐτὸς
657 1671 804 1706 ἑσσςρήνισε
825 1671 929 1706 λέγων·

143 1716 376 1750 Προορισθέντος
382 1716 449 1743 Υίοῦ
459 1716 532 1743 Θεοῦ
543 1717 578 1743 ἐν
586 1716 719 1750 δυνάμει,
731 1717 806 1744 κατὰ
812 1718 932 1753 πνεῦμα

143 1761 323 1797 ἁγιωσύνης,
332 1762 367 1794 ἐξ
373 1761 567 1796 ἀναστάσεως
573 1763 687 1797 νεκρῶν
695 1763 792 1808 Ὶμσοῦ
802 1764 931 1797 Χριστοῦ

143 1809 196 1835 τοῦ
202 1809 313 1842 Κυρίου
323 1808 407 1843 ἡμῶν
415 1817 421 1824 ·
432 1809 478 1835 καὶ
489 1807 578 1834 πάλιψ
586 1807 753 1843 Γενόμενος
760 1809 819 1836 ὑπὸ
827 1810 930 1844 νόμον.

144 1853 252 1881 Τούτων
269 1855 297 1881 δὲ
319 1853 479 1889 ποιούμενος
502 1854 556 1880 τῶν
580 1852 679 1887 λέξεων
697 1855 747 1890 τὴν
771 1855 930 1889 ἀσφάλειαν.

144 1894 245 1936 φησίν·
271 1901 362 1934 Εἴπερ
383 1899 442 1927 εἰσὶ
461 1899 617 1934 λεγόμενοι
641 1900 701 1927 θεοὶ
728 1901 847 1932 πολλοὶ,
882 1903 931 1929 καὶ

145 1948 239 1981 κύριοι
251 1947 370 1978 πολλοὶ,
386 1946 458 1981 ἡμῖν
472 1945 507 1973 δὲ
521 1944 565 1979 εἷς
574 1946 656 1980 Θεὸς,
672 1946 707 1979 ἐξ
720 1946 754 1973 οὗ
771 1947 806 1973 τὰ
823 1946 931 1979 πάντα,

145 1993 194 2019 καὶ
211 1990 254 2025 εἷς
266 1993 373 2026 Κύριος
391 1993 506 2026 Ἰησοῦς
516 1992 652 2026 Χριστὸς,
669 1992 707 2019 δι’
721 1989 758 2020 οὗ
773 1993 809 2019 τὰ
822 1992 930 2019 πάντα.

145 2039 176 2065 Εἰ
190 2038 228 2070 δὲ,
243 2038 280 2064 δι’
291 2037 326 2066 οὗ
340 2038 375 2065 τὰ
386 2039 495 2070 πάντα,
510 2037 556 2063 καὶ
566 2038 646 2073 ἡμεῖς
661 2038 699 2069 εἰς
714 2037 806 2070 αὑτὸν,
820 2039 869 2064 οὐκ
880 2038 933 2073 ἄρα

145 2083 221 2119 ψιλὸς
243 2083 384 2119 ἅνθρωπος
403 2084 445 2119 εἴη
469 2085 483 2110 ὁ
509 2083 664 2119 Μονογενὴς
683 2082 736 2110 ἀπὸ
755 2083 864 2119 Μαρίας
886 2084 933 2110 καὶ

143 2129 233 2164 δεῦρο,
242 2128 302 2156 οὔτε
311 2129 364 2155 ἀπὺ
373 2129 528 2164 σπέρματος
536 2129 637 2165 ἀνδρός.
659 2129 734 2155 Ἐπεὶ
743 2128 800 2160 πῶς
808 2129 841 2155 δι’
850 2128 931 2156 αὑτοῦ

143 2176 178 2203 τὰ
193 2177 282 2203 πάντα
295 2175 409 2210 ἠδύνατο
432 2175 511 2206 εἶναι,
534 2176 586 2211 πρὸ
605 2175 687 2202 αὺτοῦ
703 2175 847 2210 γενόμενα,
862 2175 932 2202 κατὰ

982 1627 1212 1663 quemadmodum
1239 1629 1311 1656 istud
1339 1630 1428 1663 ipsum
1452 1635 1548 1658 contra
1571 1639 1601 1659 se
1625 1632 1768 1666 producat.

983 1673 1034 1706 Qui
1050 1674 1121 1701 enim
1136 1674 1188 1701 hoc
1203 1675 1288 1702 dixit:
1306 1674 1439 1703 Mediator
1450 1676 1496 1704 Dei
1509 1682 1534 1704 et
1547 1677 1680 1704 hominum
1691 1677 1769 1706 Iesus

983 1719 1116 1751 Christus,
1142 1720 1187 1747 ille
1208 1721 1265 1756 ipse
1288 1721 1438 1757 declaravit
1454 1722 1495 1749 his
1506 1723 1619 1750 verbis:
1635 1724 1687 1757 Qui
1700 1733 1769 1759 prte-

982 1766 1130 1793 destinatus
1152 1770 1191 1793 est
1213 1766 1300 1793 Filius
1325 1766 1373 1794 Dei
1387 1768 1414 1794 in
1433 1768 1538 1800 uirtute.
1557 1769 1698 1796 secundum
1712 1772 1769 1805 spi-

983 1811 1065 1837 ritum
1078 1811 1307 1845 sanctiﬁcationis.
1328 1819 1360 1838 ex
1391 1813 1580 1841 resurrectione
1605 1821 1768 1842 mortuorum

982 1855 1048 1883 Iesu
1074 1855 1174 1883 Christi
1201 1856 1308 1884 Domini
1336 1857 1462 1891 nostri";
1479 1858 1567 1886 item:
1592 1857 1693 1887 Fartus
1721 1862 1769 1888 sub

983 1902 1037 1938 tege
1051 1902 1072 1929 ".
1101 1902 1166 1935 Quae
1185 1902 1295 1937 quidem
1319 1905 1400 1931 verba
1417 1903 1456 1931 uti
1471 1903 1576 1932 ﬁrmius
1589 1906 1769 1942 stabiliusque

976 1949 1105 1981 muniret,
1122 1948 1158 1975 ita
1174 1948 1286 1983 scripsit
1301 1957 1307 1975 :
1322 1945 1352 1976 Si
1368 1952 1430 1975 sunt
1450 1948 1495 1984 qui
1508 1949 1635 1976 dicuntur
1646 1950 1684 1975 dii
1699 1950 1767 1976 ntul-

978 1994 1007 2027 ti,
1026 1999 1050 2021 et
1064 1993 1165 2021 domini
1188 1994 1276 2026 multi,
1299 1994 1373 2021 nobis
1395 2003 1455 2022 vero
1471 2003 1539 2022 unus
1562 1995 1641 2028 Deus,
1660 2003 1692 2022 ex
1716 2004 1768 2030 quo

977 2041 1078 2072 omnia.
1089 2045 1112 2067 et
1126 2048 1194 2066 unus
1206 2040 1332 2067 Dominus
1341 2040 1420 2068 Iesus
1427 2040 1561 2071 Christus.
1570 2049 1615 2075 per
1626 2050 1701 2076 quem
1711 2050 1768 2068 om—

983 2090 1028 2110 nia
1039 2087 1060 2111 '.
1076 2084 1161 2118 Igitur
1173 2083 1196 2110 si
1209 2083 1336 2111 Christus
1352 2086 1395 2111 est
1408 2091 1455 2118 per
1465 2092 1543 2119 quem
1560 2085 1660 2117 omnia,
1678 2089 1706 2112 et
1718 2093 1769 2113 nos

983 2130 1016 2156 ad
1049 2130 1137 2164 ipsum
1173 2128 1332 2162 referimur;
1363 2130 1453 2157 nudus
1478 2129 1601 2164 profecto
1634 2138 1688 2157 non
1719 2136 1763 2157 ext

984 2175 1066 2202 homo
1089 2175 1244 2202 censendus
1270 2173 1435 2209 Unigenitus
1455 2175 1501 2203 ille
1517 2176 1550 2203 de
1568 2175 1652 2203 Maria
1675 2181 1768 2209 natus,

144 2220 190 2250 τὸν
204 2222 250 2249 σοῦ
263 2222 352 2256 λόγον,
367 2222 391 2248 εί
406 2222 483 2256 ψιλὸς
495 2220 529 2258 ἦν
543 2222 684 2257 ἅνθρωπος
696 2229 703 2253 ;
722 2221 757 2247 ’Ἡ
770 2220 828 2252 πῶς
841 2220 883 2255 εἴη
897 2221 931 2247 δι’

984 2225 1066 2256 atque
1087 2221 1114 2248 in
1136 2221 1186 2248 hac
1207 2225 1281 2248 terra
1304 2220 1405 2254 editus,
1423 2229 1510 2256 neque
1530 2230 1561 2249 ex
1579 2223 1650 2249 virili
1667 2223 1769 2251 semine

144 2269 226 2296 αὐτοῦ
243 2268 277 2295 τὰ
295 2268 384 2294 πάντα
404 2267 457 2303 πρὸ
477 2267 558 2295 αὑτοῦ
576 2267 779 2302 ἐπιγνωσθέντα
793 2267 839 2294 καὶ
854 2267 931 2301 γενό-

145 2324 228 2351 pavo;
241 2315 296 2342 Καὶ
309 2315 341 2341 ὲκ
357 2313 524 2348 πανταχόθεν
538 2313 651 2346 ἐξέπεσε
662 2313 757 2340 τούτου
771 2314 788 2348 ἡ
801 2312 931 2348 ληρῳδία.

983 2271 1138 2302 susceptus.
1164 2266 1230 2294 Nam
1257 2266 1395 2302 quomodo
1421 2266 1479 2294 ﬁeri
1504 2275 1551 2303 per
1579 2268 1655 2295 illum
1677 2270 1769 2295 omnia

986 2315 1110 2347 potuere.
1122 2319 1182 2346 quae
1198 2312 1257 2346 ipso
1271 2312 1363 2347 priora
1377 2316 1452 2343 sunt,
1468 2312 1502 2344 si,
1516 2318 1545 2339 ut
1560 2313 1671 2346 asseris,
1689 2313 1770 2342 homo

145 2361 190 2389 ille
216 2361 305 2388 nudus
338 2359 491 2387 exstiterit?
520 2358 637 2392 Quinam
659 2366 742 2394 porro
765 2365 812 2393 per
837 2359 926 2392 ipsum
967 2357 1055 2384 omnia
1080 2364 1143 2384 esse
1173 2357 1332 2392 potuerint,
1368 2364 1427 2392 qua;
1456 2362 1518 2384 ante
1542 2358 1631 2392 ipsum
1661 2359 1770 2393 cognita

144 2414 176 2434 ac
191 2406 324 2442 producta
349 2405 486 2433 fuissent?
514 2404 553 2431 Ex
575 2404 618 2431 his
634 2404 717 2439 igitur
738 2403 824 2431 aniles
846 2403 927 2430 istius
943 2410 1021 2437 nugae
1036 2402 1144 2437 penitus
1158 2405 1336 2429 evanescunt.

185 2454 229 2481 Ἐν
247 2452 320 2488 αὐτῷ
342 2452 370 2479 δὲ
390 2451 429 2487 τῷ
442 2450 569 2486 διαλόγῳ,
586 2451 645 2486 ἅμα
658 2451 707 2486 τήν
729 2459 759 2477 τε
773 2450 837 2486 περὶ
849 2449 932 2476 αὑτοῦ

144 2499 243 2534 γνῶσιν
257 2499 378 2530 εἰπόντες
393 2498 440 2525 καὶ
453 2498 503 2533 τὴν
516 2497 671 2532 ἀνατροπὴν
685 2496 746 2523 καθ’
759 2496 877 2530 ἑκάστην
889 2495 933 2521 λέ-

181 2578 189 2593 ¹
221 2576 262 2613 Fs
279 2576 335 2613 [τρὸ
346 2575 449 2613 κόσμου
473 2575 578 2613 ᾼπαντός
623 2575 782 2613 {Fata-379i.
817 2575 902 2613 ’Joap

146 2621 176 2646 ιι,
191 2613 218 2640 5.
252 2612 263 2628 ⁷
279 2608 359 2638 non.
375 2608 432 2642 ul.
472 2611 482 2626 ⁸
497 2611 556 2637 (.‘al.
571 2617 608 2642 tv,
622 2610 648 2636 4.
680 2608 711 2635 ’l
730 2610 792 2635 (lor.
812 2615 871 2639 vui,
888 2608 914 2634 5.

180 2673 234 2709 (ἳ2)
252 2671 380 2709 Ἐλέγχῃ
404 2671 438 2698 δὲ
464 2670 568 2709 nititur,
595 2669 786 2709 Sed-(Soretulix
804 2677 837 2694 eo
856 2667 928 2709 quod

145 2705 283 2736 atl'Patrts
305 2705 443 2744 desieram
462 2707 611 2744 collocatus
634 2706 670 2733 sit
697 2705 794 2735 Filius,
817 2706 874 2744 pari
903 2707 929 2730 et

129 2744 238 2772 eadem
255 2751 316 2770 cum
339 2743 384 2768 illo
403 2741 535 2777 dignitate
558 2749 589 2767 ac
610 2744 743 2777 potestate
759 2748 820 2767 esse
837 2739 930 2777 dicen-

144 2786 196 2807 ous
220 2782 272 2805 est.
297 2773 535 2804 Ambrosfserm.
565 2784 594 2803 Ill
611 2773 663 2802 'De
689 2775 842 2802 Pentet‘oste
862 2781 870 2801 :
890 2773 930 2799 Ne

147 2814 286 2844 miremini,
302 2813 389 2846 inquit
403 2834 409 2844 ,
427 2812 496 2846 quod
511 2811 545 2838 ad
560 2813 695 2838 dexteram
713 2810 802 2848 Putris
819 2809 930 2848 residere

144 2850 202 2875 dixi
223 2847 339 2879 Filium;
361 2847 395 2873 ad
413 2848 550 2874 dexteram
572 2849 641 2873 enim
666 2846 781 2876 residet.
801 2853 850 2871 non
868 2846 931 2878 quia

146 2884 233 2919 major
253 2883 354 2912 Patre.
381 2883 425 2909 sed
453 2891 483 2909 tu:
505 2883 591 2909 minor
616 2881 696 2908 Patre
715 2889 769 2907 esse
794 2880 928 2907 credatur.

327 2931 461 2961 l‘nnOL.
478 2932 535 2961 (in.
555 2930 634 2960 XLI.

1022 2448 1104 2484 468
1119 2449 1179 2476 Iam
1199 2455 1263 2475 vero
1284 2455 1345 2475 cum
1364 2455 1394 2474 ea
1413 2455 1473 2482 qua:
1487 2447 1519 2474 ad
1534 2446 1665 2474 Theodoti
1682 2447 1768 2475 haere-

987 2494 1038 2522 sim
1053 2493 1285 2529 cognoscendam,
1301 2500 1333 2520 ac
1347 2492 1504 2528 singillatim
1517 2493 1692 2520 evertendam
1709 2500 1772 2528 per-

623 2575 632 2590 '
648 2573 678 2601 F.
697 2573 782 2600 αὐτοί.
817 2573 826 2588 ³
839 2572 917 2599 .Ioan.

984 2592 989 2601 .
1009 2571 1043 2598 56
1068 2579 1129 2606 sqq.
1164 2571 1174 2586 ⁸
1191 2571 1252 2598 Act.
1267 2578 1296 2601 ιι.
1311 2570 1356 2597 22.
1395 2571 1406 2585 '
1420 2570 1481 2597 Act.
1502 2578 1548 2601 vu.
1561 2571 1606 2599 55.
1643 2569 1677 2596 ‘l
1697 2570 1769 2599 Tim.

978 2667 1046 2694 sicut
1065 2664 1181 2691 haeretici
1207 2664 1390 2698 btaspltemure
1408 2668 1606 2691 consueverunt.
1623 2662 1694 2690 Idem
1713 2664 1770 2690 col-

979 2703 1036 2737 Iigil.
1060 2701 1092 2726 ad
1117 2701 1212 2737 psalm.
1232 2707 1314 2737 svnt,
1329 2707 1362 2726 ex
1381 2700 1426 2726 illo
1442 2700 1516 2737 μοι..
1534 2707 1588 2732 ctx,
1608 2699 1689 2737 loco:_
1704 2698 1771 2725 Sede

979 2733 1123 2763 a'dextris’
1144 2734 1217 2760 meis.
1235 2733 1340 2766 Quibus
1354 2754 1361 2764 .
1379 2738 1405 2761 ct
1425 2735 1560 2761 similibus
1586 2741 1618 2761 ex
1640 2734 1706 2759 locis
1723 2741 1772 2768 ap-

980 2776 1076 2806 paret,
1095 2770 1192 2806 falsam
1211 2776 1307 2795 eorum
1328 2776 1397 2806 esse
1422 2770 1584 2806 seuit-utinm
1598 2789 1605 2800 ,
1626 2769 1671 2802 qui
1688 2769 1771 2806 _sini-

979 2802 1064 2833 strain
1096 2804 1166 2839 apud
1192 2808 1297 2831 veteres
1327 2804 1530 2830 honoratiorem
1559 2803 1654 2839 dextra
1686 2802 1771 2830 fuisse

979 2840 1158 2867 contendunt.
1178 2839 1262 2872 Cujus
1289 2839 1424 2868 opinionis
1453 2844 1548 2866 auctor
1567 2838 1688 2868 Nebriss.
1708 2845 1768 2874 cap.

981 2877 1015 2903 59
1031 2875 1238 2909 Quinquagena'.

1595 2918 1628 2950 31
