1964 3047
181 113 233 142 οτι)

889 118 917 145 S.
937 118 1104 145 EPIPHAMI

1749 119 1803 147 980

217 172 263 200 IV.
286 173 377 201 Redeo
387 174 443 209 jam
459 175 492 202 ad
509 176 534 202 id
547 176 619 210 quod
635 177 699 204 mihi
714 185 918 212 propesneram,
934 187 963 205 ea

1052 179 1088 203 A’.
1113 176 1343 211 Ἐπανελεύσομαι
1367 176 1395 203 δὲ
1419 175 1498 202 πάλιν
1514 175 1553 206 εις
1568 174 1603 201 τὰ
1622 175 1800 210 προκείμενα,

182 218 319 251 videlicet,
335 227 397 254 qua:
411 221 444 248 de
462 220 658 249 Melchisedeco
679 223 848 257 ineptissime
861 224 966 250 conlin-

182 270 258 299 gunt.
271 264 331 292 Fuit
342 266 414 292 enim
426 266 518 301 justus
531 267 576 294 ille
587 268 706 302 quidem,
720 276 750 295 ac
765 268 810 296 Dei
825 269 963 302 sacerdos,

181 314 209 336 et
223 317 269 337 rex
285 310 373 338 Salein
388 320 395 343 ;
413 312 461 339 sed
480 321 567 347 neque
587 313 614 340 in
631 314 701 341 cwlo
716 314 780 345 fuit,
798 322 847 342 nec
866 323 881 341 e
895 315 965 342 C(elo

183 355 333 383 descendit.
356 356 440 384 Nemo
453 358 523 384 enim
549 359 667 385 ascendit
683 360 709 385 in
730 360 834 392 callum,
853 360 904 386 nisi
921 361 965 395 qui

183 400 214 428 de
230 402 292 428 caelo
306 402 448 434 descendit,
469 403 556 431 Filius
571 405 696 437 hominis,
717 406 755 432 ait
773 407 965 434 sanctissimus

182 447 398 483 verissimusque
415 449 486 477 Deus
506 451 577 478 idem
592 455 620 478 et
642 450 773 478 Verbum’
786 473 793 479 .
806 452 882 479 Illum
901 460 965 479 vero

183 492 374 521 Mclchisedeci
394 495 518 523 ordinem
548 504 609 523 cum
637 496 781 531 Scriptura
800 505 879 524 sacra
899 506 965 524 cun-

185 539 284 570 lirmat,
299 547 331 566 ac
346 545 457 569 sanctus
471 540 589 575 Spiritus
604 543 742 577 expressis
753 543 843 570 verbis
855 544 964 576 asserit,

183 584 330 611 sacerdotii
348 586 555 613 translationem
577 587 708 619 ostendit,
732 587 804 622 quod
826 588 860 614 ab
876 592 966 615 vetere

185 627 327 664 Synagnga
355 631 464 666 rituque
485 632 624 667 egregium
653 640 685 659 ac
705 633 965 667 praestantissimum

183 673 211 700 in
228 674 322 707 ritum,
338 684 425 711 neque
436 678 539 704 carnali
555 678 731 705 successione
744 678 900 706 devinctum
917 687 965 714 po-

184 724 241 746 stea
253 721 371 748 transiit.
383 722 485 749 Etenim
498 728 610 751 sanctus
621 724 665 751 ille
672 723 850 752 Melchisedec
861 725 964 753 nullum

185 773 273 800 neque
288 772 348 801 post
362 775 391 795 se
407 776 595 796 successorem
612 770 717 804 habuit,
735 778 786 797 nec
801 771 825 797 ei
839 770 966 798 sacerdo-

183 812 251 838 tium
269 817 311 840 est
332 814 509 850 abrogatum,
532 816 580 844 sed
605 817 732 844 sacerdos
751 820 807 843 toto
829 815 890 842 vita:
910 823 966 843 suae

184 861 305 893 tempore
328 861 440 888 mansit.
467 860 557 894 Quare
580 861 669 888 adhuc
699 862 726 891 in
750 862 836 889 sacris
854 860 964 888 Litteris

185 905 279 932 eadem
302 906 448 933 sacerdotii
463 907 592 942 dignitate
614 908 785 939 celebratur,
800 915 863 935 cum
884 915 965 934 nemo

185 950 210 976 ei
240 952 425 983 successerit,
446 957 494 979 aut
522 953 594 980 illam
622 953 767 981 sacerdotii
787 953 963 986 iunctionem,

185 1004 238 1030 qua
253 1005 304 1024 suo
317 1001 438 1033 tempore
453 1004 548 1026 nactus
561 1003 613 1032 est,
624 999 759 1026 everterit.
773 999 872 1026 Eodem
886 999 965 1033 plane

183 1042 265 1069 modo
277 1042 408 1071 Dominus
423 1049 517 1072 noster
531 1053 585 1072 non
598 1045 688 1072 nudus
703 1045 794 1077 homo,
806 1045 853 1073 sed
865 1053 896 1072 cx
910 1044 964 1072 Deo

185 1087 256 1115 Deus
268 1088 397 1121 Verbum,
411 1089 513 1125 Deique
528 1090 623 1123 Filius,
638 1091 672 1117 ab
684 1090 778 1118 eodem
794 1091 870 1118 nullo
887 1091 965 1119 initio

183 1138 230 1160 aut
249 1138 370 1168 tempore
387 1135 506 1168 genitus.
519 1136 565 1170 qui
588 1139 630 1163 est
646 1143 707 1162 cum
726 1134 806 1163 Patre
821 1140 962 1171 perpetuo,

185 1178 232 1204 sed
248 1178 329 1205 homo
344 1184 431 1206 tamen
446 1180 479 1206 de
495 1179 578 1206 Maria
595 1184 689 1207 nostra
704 1188 787 1207 causa
802 1180 890 1208 factus
904 1187 962 1216 est;

183 1231 233 1250 nec
248 1232 280 1251 ex
297 1224 367 1250 virili
385 1225 488 1252 semine
505 1230 673 1260 procreatus.
685 1226 737 1259 Qui
750 1227 858 1262 quidem
873 1235 964 1255 sacer-

183 1270 274 1297 dotale
294 1270 367 1298 Patri
394 1279 444 1298 suo
461 1279 560 1299 munus
578 1272 667 1306 oﬂ‘ert,
685 1277 796 1308 accepta
813 1281 845 1301 ex
866 1279 964 1302 natura

183 1314 323 1341 hominum
339 1323 440 1347 massa,
460 1320 488 1345 ut
505 1325 553 1351 pro
568 1317 647 1344 nobis
670 1318 799 1346 sacerdos
813 1319 962 1346 secundum

183 1360 307 1388 ordinem
328 1361 505 1390 Melchisedec
529 1363 704 1391 successione
727 1365 801 1391 omni
826 1369 963 1393 carentem

182 1406 379 1433 constituatur.
396 1407 484 1435 Manet
497 1409 580 1440 enim,
594 1413 621 1436 et
639 1409 749 1437 assidue
761 1409 831 1436 dona
847 1417 897 1443 pro
913 1418 964 1437 no-

182 1451 227 1478 bis
243 1451 330 1479 oﬂert.
349 1453 378 1479 in
394 1453 489 1488 primis
504 1454 604 1490 quippe
622 1456 797 1490 semetipsum
810 1455 918 1488 obtulit,
934 1460 963 1483 ut

1016 221 1053 252 ὡς
1077 219 1147 247 οὗτοι
1173 221 1351 254 φαντάζονται
1373 221 1436 254 περὶ
1454 220 1501 247 τοῦ
1522 219 1698 255 Μελχισεδέκ.
1715 220 1724 235 ⁸
1738 220 1802 247 Ὅτι

1018 267 1066 301 μὲν
1082 266 1135 302 γὰρ
1160 267 1262 297 δίκαιος
1280 266 1398 302 ὑπῆρχε.
1417 266 1464 293 καὶ
1486 266 1576 302 ἱερεὺς
1591 265 1637 292 τοῦ
1658 265 1735 296 Θεοῦ,
1753 267 1801 292 καὶ

1017 313 1141 347 βασιλεὺς
1156 313 1205 348 τῆς
1228 313 1331 348 Σαλήμ,
1353 313 1409 338 ἀλλ’
1422 313 1472 339 οὐκ
1492 313 1520 338 ἐν
1541 311 1646 348 οὐρανῷ
1660 312 1799 348 ὑπάρχων,

1017 359 1062 385 καὶ
1077 359 1124 385 ἀπ’
1147 358 1261 394 οὐρανοῦ
1280 358 1485 393 καταϐεϐηκώς.
1503 358 1606 391 Οὐδεὶς
1628 359 1683 393 τὰρ
1697 358 1801 384 ἀναϐέ-

1017 405 1106 438 ϐηκεν
1119 406 1162 438 εὶς
1179 405 1232 431 τὸν
1247 404 1423 438 περανῶ-,εὶ
1441 404 1484 438 μὴ
1509 406 1526 431 ὁ
1544 404 1578 430 ἐκ
1597 404 1649 431 τοῦ
1670 404 1799 438 οὐρανοῦ

1016 451 1156 484 καταϐὰς,
1173 452 1189 477 ό
1206 450 1270 482 Υἱὸς
1283 448 1336 477 τοῦ
1351 449 1518 484 ἀνθρώπου,
1535 450 1615 485 φησὶν
1635 451 1648 476 ὸ
1662 449 1738 483 ἅγιος
1753 450 1800 476 καὶ

1016 496 1133 531 ἀψευδὴς
1148 496 1214 528 Θεὸς
1232 497 1332 531 Λόγος·
1351 497 1399 531 τὴν
1421 496 1449 522 δὲ
1472 495 1547 528 τάξιν
1564 495 1610 522 τοῦ
1633 495 1799 530 Μελχισεδὲκ

1016 542 1218 577 κρατύνουσαὴ
1240 543 1300 569 Θεία
1321 542 1432 578 Γραφὴ,
1451 542 1498 568 καὶ
1516 541 1547 567 τὸ
1575 541 1686 576 Πνεῦμα
1709 540 1799 576 ῥητῶς

1016 587 1157 620 διδάσκον,
1180 587 1229 622 τὴν
1244 587 1387 622 μετάθεσιν
1404 586 1486 619 ἔδειξε
1510 586 1560 621 τῆς
1575 586 1720 622 ἱερωσύνης
1742 585 1797 614 ἀπὸ

1015 635 1065 669 τῆς
1082 634 1197 665 παλαιᾶς
1210 633 1369 668 συναγωγῆς
1381 633 1427 659 καὶ
1443 632 1490 659 τοῦ
1509 633 1583 664 ἔθους
1598 633 1637 664 εἰς
1656 632 1715 663 Ξοος
1732 632 1797 658 κάλ-

1015 679 1104 705 λιστον
1117 679 1163 705 καὶ
1178 678 1338 714 ὑπέρτατον,
1356 679 1403 705 καὶ
1419 679 1448 704 οὑ
1464 678 1575 713 μέτοχον
1591 677 1723 713 σαρκικῆς
1740 677 1796 703 δια-

1015 724 1096 758 δοχῆς
1118 724 1266 759 ήνωμένον.
1292 724 1320 750 Ὁ
1339 723 1392 757 γὰρ
1407 723 1573 758 Μελχισεδὲκ
1594 723 1608 748 ὁ
1630 723 1706 756 ἆγιος
1721 718 1799 753 οὗτος

1016 770 1106 797 οὐκέτι
1120 771 1178 804 μετ’
1194 770 1274 796 αὑτὸν
1289 769 1412 804 διαδοχὴν
1429 768 1553 804 ἔσχηκεν,
1568 768 1624 794 ἀλλ’
1644 768 1704 794 οὔτε
1718 767 1799 802 ἀφαί-

1019 824 1092 851 ρεσιν
1113 816 1162 851 τῆς
1179 816 1344 850 ἱερωσύνης·
1364 815 1454 850 ἔμεινε
1482 814 1536 850 γὰρ
1556 815 1636 846 αὐτὸς
1652 814 1740 850 ἱερεὺς
1753 814 1799 840 τὸν

1016 861 1103 887 πάντα
1119 861 1213 896 χρόνον
1226 861 1273 895 τῆς
1291 860 1372 888 αὐτοῦ
1385 859 1465 895 ζωῆς.
1485 860 1540 886 Καὶ
1553 859 1592 886 ἔτι
1610 860 1638 886 ὲν
1654 861 1686 895 τῇ
1704 859 1799 894 Γραφῇ

1015 906 1105 942 ᾄδεται
1129 907 1227 942 ἱερεὺς,
1247 905 1359 941 μηδενὸς
1375 905 1464 932 αὐτῶν
1481 905 1712 940 διαδεξαμένου,ἣ
1735 905 1798 931 ἁνα-

1014 952 1163 988 τρέψαντος
1183 952 1232 987 τὴν
1260 952 1330 979 κατὰ
1353 951 1398 978 τὸν
1426 951 1521 987 χρόνον
1543 950 1624 977 αὐτοῦ
1649 950 1799 985 ὑπηρεσίαν

1015 997 1065 1032 τῆς
1089 997 1248 1033 ἱερωσύνης.
1263 997 1340 1024 οὕτω
1363 997 1408 1023 καὶ
1431 997 1445 1023 ὁ
1468 996 1569 1032 Κύριος
1587 995 1674 1031 ἡμῶν,
1690 996 1740 1021 οὐκ
1761 995 1799 1021 ὢν

1015 1042 1173 1078 ἄνθρωπος,
1190 1042 1256 1068 ἀλλὰ
1271 1043 1303 1069 ὲκ
1327 1042 1394 1068 Θεοῦ
1426 1041 1503 1076 ἆγιος
1524 1041 1588 1072 Θεὸς
1610 1041 1713 1075 Λόγος,
1735 1040 1799 1072 Υἱὸς

1015 1087 1081 1114 Θεοῦ
1093 1088 1232 1124 γεννηθεὶς
1248 1088 1373 1123 ἁνάρχως
1384 1088 1430 1114 καὶ
1442 1087 1575 1123 ἀχρόνως,
1589 1086 1631 1113 ἀεὶ
1647 1087 1694 1113 σὺν
1711 1087 1798 1122 Πατρὶ

1015 1133 1062 1165 ὢν,
1087 1134 1231 1170 γενόμενος
1257 1134 1290 1160 δι’
1304 1134 1378 1169 ἡμᾶς
1401 1135 1432 1159 ὲκ
1454 1133 1563 1168 Μαρίας
1581 1133 1733 1168 ἄνθρωπος,
1751 1132 1799 1158 καὶ

1014 1180 1065 1206 οὐκ
1085 1180 1138 1206 ἀπὺ
1161 1180 1316 1215 σπέρματος
1342 1179 1447 1214 ἀνδρὸς.
1464 1179 1520 1214 Τὴν
1539 1179 1567 1206 δὲ
1590 1178 1738 1214 ἱερωσύνην
1759 1177 1799 1213 τῷ

1015 1225 1102 1260 Πατρὶ
1126 1225 1283 1261 προσφέρει,
1297 1225 1326 1258 ἐξ
1347 1224 1553 1261 ἀνθρωπότητος
1572 1225 1602 1252 τὸ
1620 1225 1731 1261 φύραμα
1749 1224 1798 1251 λα-

1015 1271 1080 1304 ϐὼν,
1093 1272 1137 1298 ἵνα
1149 1271 1219 1307 ὑπὲρ
1232 1271 1310 1306 ἡμῶν
1331 1272 1419 1306 ἱερεὺς
1441 1272 1560 1306 καταστῇ
1574 1271 1644 1297 κατὰ
1660 1271 1709 1306 τὴν
1723 1270 1798 1303 τάξιν

1014 1317 1190 1352 Μελχισεδὲκ,
1202 1318 1251 1353 τὴν
1269 1318 1305 1352 μὴ
1321 1317 1433 1352 ἔχουσαν
1450 1317 1584 1352 διαδοχήν.
1599 1316 1681 1344 Μένει
1695 1316 1750 1352 γὰρ
1763 1317 1798 1344 τὰ

1015 1363 1085 1399 ὑπὲρ
1099 1363 1177 1399 ἡμῶν
1191 1364 1231 1395 εἰς
1247 1363 1277 1391 τὸ
1292 1363 1413 1399 διηνεκὲς
1432 1363 1505 1398 δῶρα
1525 1363 1700 1399 προσφέρων·
1724 1363 1799 1399 πρῶ-

1015 1417 1060 1436 τον
1076 1410 1126 1444 μὲν
1149 1410 1242 1436 ἑαυτὸν
1261 1409 1456 1444 προσενέγκας,
1474 1409 1518 1436 ἵνα
1538 1409 1606 1446 λύσῃ
1627 1409 1723 1436 θυσίαν
1746 1417 1799 1435 πα-

1014 1456 1093 1487 λαιᾶς
1106 1455 1246 1491 διαθήκης,
1264 1455 1313 1491 τὴν
1327 1456 1515 1490 ἐντελεστέραν
1531 1455 1620 1487 ζῶσαν
1643 1456 1712 1491 ὑπὲρ
1732 1464 1799 1482 παν-

181 1497 346 1532 peri‘ectiore
367 1499 480 1534 vivaque
503 1499 660 1535 pro‘totius
682 1502 774 1529 mundi
796 1502 883 1530 salute
906 1511 963 1530 ma-

1016 1502 1060 1533 τὸς
1076 1502 1178 1536 κόσμου
1192 1502 1370 1537 ἱερουργήσας
1382 1511 1389 1518 ο
1407 1502 1486 1533 αὐτὸς
1500 1502 1606 1537 ἱερεῖον,
1619 1502 1698 1534 αὐτὸς
1713 1500 1798 1537 θῦμα,

181 1547 254 1570 etata
281 1544 381 1576 hostia.
398 1545 495 1572 veteris
519 1547 674 1573 testamenti
688 1547 852 1576 sacrificium
872 1549 963 1577 abole—

180 1592 232 1616 ret.
248 1589 277 1616 In
289 1597 343 1624 quo
360 1590 431 1617 idem
448 1591 506 1627 ipse
518 1591 628 1618 victima
643 1591 703 1624 fuit,
716 1592 773 1627 ipse
785 1593 961 1626 sacriﬁcium,

182 1635 241 1670 ipse
262 1635 403 1666 sacerdos.
420 1636 479 1670 ipse
495 1637 591 1669 altare.
616 1638 673 1673 ipse
691 1637 772 1669 Deus.
792 1639 850 1673 ipse
870 1639 961 1670 homo.

180 1680 238 1715 ipse
247 1680 314 1713 Rex,
328 1681 408 1717 472
424 1682 482 1716 ipse
493 1681 626 1715 Pontifex,
638 1684 695 1717 ipse
705 1684 775 1714 ovis,
788 1684 846 1718 ipse
857 1692 962 1718 agnus;

181 1726 303 1761 adeoque
315 1728 405 1753 omnia
417 1728 443 1753 in
457 1728 576 1755 omnibus
587 1729 596 1743 ³
615 1733 725 1763 propter
738 1737 788 1756 nos
804 1733 845 1757 est
864 1730 961 1762 lactus,

181 1776 211 1798 ut
227 1773 315 1801 modis
329 1773 456 1801 omnibus
477 1774 554 1802 nobis
567 1775 621 1801 vita
639 1779 811 1810 suppeteret;
826 1783 858 1803 ac
873 1784 964 1804 sacer-

180 1818 247 1844 dotii
264 1819 306 1846 sui
323 1824 504 1851 constantem,
517 1824 544 1847 et
556 1819 752 1848 immutabilem
768 1821 923 1849 lirmitatem
935 1822 965 1850 in

180 1865 376 1899 sempiternum
392 1870 533 1897 statueret,
551 1869 581 1892 ut
607 1874 661 1893 non
683 1866 741 1901 jam
761 1867 854 1902 stirpis
871 1867 962 1895 habita

180 1911 287 1938 ratione
304 1913 494 1939 successiones
509 1912 700 1944 distribueret;
719 1912 766 1940 sed
781 1920 812 1940 ex
826 1913 962 1948 justiﬁca~

179 1958 255 1985 tione
276 1958 433 1985 conservari
463 1959 661 1994 propagarique
685 1959 713 1986 in
739 1959 842 1994 Spiritu
868 1965 963 1988 sancto

182 2005 313 2039 singulari
334 2005 465 2031 benelicio
479 2005 568 2032 vellet.

216 2050 249 2078 ν.
270 2051 350 2077 Aliud
372 2055 500 2086 praeterea
525 2051 647 2078 nonnulli
662 2051 695 2078 de
711 2051 804 2079 eodem
826 2051 965 2079 Melchisc-

181 2098 248 2125 deco
265 2097 412 2126 somniant.
430 2096 569 2132 Ejusmodi
583 2097 656 2124 enim
675 2098 799 2125 homines
814 2098 963 2125 carnaliter

180 2144 329 2172 examinati
347 2147 411 2170 sunt
423 2143 449 2170 δε
471 2151 533 2170 cum
550 2144 709 2178 spiritaliter
723 2152 755 2171 ea
770 2152 831 2179 quae
846 2144 879 2171 ab
891 2144 962 2179 Apo-

180 2191 251 2218 stolo
263 2191 289 2218 in
301 2190 420 2225 Epistola
431 2191 464 2217 ad
478 2189 606 2218 Hebraeos
617 2191 691 2217 dicta
703 2197 778 2222 sunt.
789 2199 961 2226 nequaquam

180 2236 374 2264 intellexerint.
402 2235 586 2268 Quamobrem
612 2235 710 2263 Hierax
735 2236 962 2264 Melehisedecum

182 2283 312 2317 Spiritum
331 2289 392 2308 esse
415 2286 538 2308 sanctum
555 2281 704 2312 existimat,
729 2282 801 2316 quod
823 2282 859 2308 ita
884 2282 917 2309 de
930 2289 964 2310 eo

181 2330 313 2364 scriptum
338 2329 374 2355 sit
391 2328 583 2355 :Assimilatus
607 2327 679 2354 Filia
703 2327 758 2354 Dei.
781 2328 870 2356 Manet
895 2330 966 2356 enim

179 2374 302 2402 sacerdos
333 2374 361 2400 in
386 2377 538 2407 perpetuum
551 2373 572 2399 ⁵.
604 2373 680 2406 Quod
706 2376 733 2400 et
753 2374 814 2401 aliis
841 2374 963 2408 Apostoli

179 2422 271 2449 verbis
285 2421 446 2447 illustratur.
467 2427 529 2446 cum
547 2419 614 2446 dicit
628 2427 634 2445 :
649 2419 764 2454 Spiritus
778 2428 835 2447 vero
851 2428 897 2454 pro
915 2429 964 2447 ηο-

181 2467 220 2494 bis
240 2465 357 2501 postulat
372 2465 511 2500 gemitibus
523 2465 747 2493 inenarrabilibus
759 2465 780 2492 °.
797 2466 832 2493 At
845 2466 891 2501 qui
906 2466 964 2501 Spi-

180 2513 251 2540 ritus
279 2511 366 2539 sancti
385 2511 529 2538 interiores
551 2519 649 2539 sensus
668 2511 753 2544 novit,
778 2520 831 2539 non
856 2513 963 2547 ignorat

180 2560 256 2586 illmn
273 2557 327 2585 Deo
341 2565 389 2592 pro
401 2557 496 2584 electis
512 2557 676 2592 supplicare.
689 2557 741 2584 Sed
756 2563 783 2585 et
800 2559 852 2585 iste
868 2559 963 2585 nihilo-

180 2605 271 2631 minus
288 2611 304 2630 a
332 2603 472 2638 proposito
496 2603 604 2637 penitus
629 2603 775 2630 aberravit.
807 2603 866 2631 Non
889 2604 962 2632 enim

182 2659 300 2686 unquam
317 2649 436 2685 Spiritus
452 2653 565 2676 sanctus
581 2657 690 2677 carnem
707 2650 806 2687 induit.
826 2649 885 2683 Qua
901 2650 962 2684 qui-

181 2695 241 2722 dem
255 2696 277 2722 si
293 2696 392 2728 caruit,
403 2695 459 2722 Rex
470 2703 533 2723 esse
546 2695 647 2728 Salem,
659 2700 706 2721 aut
720 2695 792 2722 illius
807 2696 858 2722 loci
875 2703 963 2723 sacer-

181 2741 230 2770 dos
246 2750 299 2768 non
319 2742 414 2776 potuit.
430 2740 530 2769 Verum
547 2741 735 2776 opportuniori
751 2746 883 2776 tempore,
899 2749 961 2768 cum

1016 1547 1096 1579 αὐτὸς
1108 1548 1205 1583 ἱερεὺς,
1222 1548 1302 1579 αὐτὸς
1320 1547 1518 1583 θυσιαστήριον,
1535 1548 1615 1579 αὐτὸς
1629 1548 1704 1580 Θεὸς,
1719 1549 1799 1579 αὐτὸς

1015 1593 1168 1628 ἄνθρωπος,
1186 1594 1266 1625 αὐτὸς
1287 1593 1421 1629 βασιλεὺς,
1439 1594 1519 1626 αὐτὸς
1547 1594 1699 1630 ἀρχιερεὺς,
1718 1594 1810 1625 αὐτὺςλ

1015 1639 1158 1674 πρόϐατον,
1181 1639 1261 1671 αὐτὸς
1274 1639 1375 1674 ἀρνίον,
1392 1639 1428 1666 τὰ
1445 1638 1544 1666 πάντα
1560 1639 1595 1665 ἐν
1615 1637 1709 1666 πᾶσιν
1725 1638 1795 1673 ὑπὲρ

1015 1683 1091 1718 ἡμῶν
1113 1684 1267 1719 γενόμενος,
1286 1685 1329 1710 ἵνα
1347 1686 1412 1720 ἡμῖν
1433 1685 1488 1719 ζωὴ
1510 1684 1578 1710 κατὰ
1595 1685 1682 1711 πάντα
1699 1684 1799 1718 τρόπον

1016 1729 1137 1763 γένηται⁹
1161 1729 1207 1754 καὶ
1226 1729 1273 1763 τῆς
1295 1728 1443 1763 ἱερωσύνης
1459 1728 1542 1755 αὑτοῦ
1562 1728 1592 1754 τὸ
1613 1728 1798 1762 ἀμετάστατον

1015 1774 1153 1810 ἑδραίωμα
1163 1775 1202 1805 εἰς
1214 1775 1276 1805 τοὺς
1289 1774 1389 1805 αἰῶνας
1404 1773 1604 1809 ἀπεργάσηται,
1623 1773 1711 1798 οὐκέτι
1727 1772 1798 1798 κατὰ

1016 1819 1126 1856 σπέρμα
1150 1820 1198 1852 τὰς
1225 1820 1350 1855 διαδοχὰς
1373 1819 1508 1856 μερίζων,
1530 1819 1596 1845 ἀλλὰ
1616 1814 1686 1845 κατὰ
1705 1818 1735 1844 τὸ
1758 1818 1797 1844 δι-

1015 1865 1124 1900 καίωμα
1149 1864 1330 1900 φυλάττεσθαι
1358 1865 1386 1891 ὲν
1407 1864 1544 1899 Πνεύματι
1569 1863 1638 1898 ἁγίῳ
1660 1863 1798 1898 δωρούμε-

1015 1919 1068 1942 νος.

1049 2054 1087 2080 Ε¹.
1108 2053 1272 2086 Φαντάζουσι
1293 2053 1322 2079 δὲ
1342 2053 1416 2079 ἄλλοι
1436 2052 1500 2087 περὶ
1518 2052 1613 2078 τούτου
1636 2051 1682 2078 τοῦ
1697 2050 1799 2085 Μελχι-

1016 2099 1092 2126 σεδὲκ
1109 2099 1244 2133 λέγοντες.
1256 2099 1398 2135 Σαρκικῶς
1414 2098 1467 2134 γὰρ
1482 2098 1506 2124 οἱ
1527 2096 1642 2124 τοιοῦτοι
1656 2095 1799 2131 ἀνεκρίθη-

1016 2154 1075 2178 σαν,
1091 2144 1283 2181 πνευματικῶς
1303 2145 1340 2180 μὴ
1353 2143 1508 2179 νενοηκότες
1524 2143 1558 2170 τὰ
1582 2143 1634 2169 ὑπὸ
1652 2142 1698 2169 τοῦ
1719 2141 1798 2176 ἁγίου

980 2182 1003 2209 D
1022 2191 1182 2219 Ἀποστόλου
1195 2192 1222 2218 ὲν
1233 2193 1266 2226 τῇ
1283 2190 1426 2225 Ἐπιστολῇ
1440 2191 1473 2225 τῇ
1489 2189 1557 2224 πρὸς
1573 2189 1713 2224 Ἐϐραίους
1723 2189 1799 2223 εἰρη-

1018 2238 1097 2274 μένα.
1113 2238 1167 2264 Καὶ
1183 2238 1196 2263 ὁ
1221 2237 1271 2272 μὲν
1290 2236 1376 2271 Ἰέραξ
1392 2235 1486 2262 τοῦτον
1506 2234 1610 2270 νομίζει
1632 2233 1798 2269 Μελχισεδὲκ

1017 2281 1085 2310 εἶναι
1104 2283 1134 2309 τὸ
1150 2282 1261 2316 Πνεῦμα
1280 2282 1310 2307 τὸ
1327 2282 1412 2315 ἅγιον,
1427 2281 1470 2307 διὰ
1496 2280 1797 2314 τὸ,Ἆφομοιούμεγον,

1016 2328 1094 2363 φησὶ,
1116 2327 1156 2360 τῷ
1175 2327 1229 2360 Υὶῷ
1242 2327 1295 2353 τοῦ
1320 2326 1404 2353 Θεοῦ.
1421 2326 1510 2353 Μένει
1523 2324 1578 2359 γὰρ
1592 2323 1687 2358 ἱερεὺς
1707 2325 1750 2356 εἰς
1765 2323 1798 2350 τὸ

1016 2373 1168 2408 διηνεκές·
1183 2373 1219 2404 ὼς
1241 2372 1295 2399 ἀπὸ
1318 2372 1367 2406 τῆς
1388 2371 1505 2403 λέξεως,
1524 2368 1558 2406 ἦς
1584 2368 1660 2396 εἶπεν
1684 2370 1698 2395 ὁ
1722 2369 1799 2402 ἅγιος

1023 2418 1181 2450 Ἀπόστολος
1193 2427 1199 2432 ·
1218 2417 1253 2445 Τὸ
1270 2417 1303 2444 δὲ
1324 2417 1443 2451 Πνεῦμα
1463 2414 1714 2450 ὑπερεντυγχάνει
1731 2422 1799 2440 στε-
1815 2441 1820 2457 ἰ

1016 2465 1141 2499 ναγμοῑς
1157 2463 1333 2496 ἀλαλήτοις·
1347 2464 1361 2490 ὁ
1376 2462 1403 2489 δὲ
1425 2462 1606 2496 ἐπιστάμενος
1622 2461 1652 2487 τὸ
1671 2459 1798 2495 φρόνημα

1016 2511 1063 2537 τοῦ
1087 2510 1243 2545 Πνεύματος
1257 2507 1336 2540 οἶδεν,
1351 2509 1391 2534 ὅτι
1408 2508 1478 2542 ὑπὲρ
1491 2506 1624 2534 ἐκλεκτῶν
1640 2504 1797 2539 ἐντυγχάνει

1016 2557 1055 2593 τῷ
1069 2556 1138 2591 Θεῷ.
1158 2555 1284 2588 Ἐξέπεσε
1299 2555 1328 2581 δὲ
1347 2555 1393 2581 καὶ
1416 2551 1492 2584 οὗτος
1513 2551 1652 2583 παντελῶς
1664 2551 1711 2577 τοῦ
1732 2558 1798 2585 προ-

1017 2602 1153 2636 κειμένου.
1168 2601 1205 2627 Οὐ
1224 2600 1278 2635 γὰρ
1295 2600 1382 2635 σάρκα
1399 2598 1541 2626 ἐνεδύσατο
1551 2597 1582 2624 τὸ
1596 2595 1709 2631 Πνεῦμά
1721 2603 1796 2622 ποτε.

1017 2649 1110 2682 Σάρκα
1125 2647 1153 2673 δὲ
1172 2647 1209 2682 μὴ
1222 2646 1411 2681 ἑνδυσάμενον,
1431 2645 1481 2671 οὐκ
1499 2642 1570 2679 εἶχεν
1589 2641 1657 2670 εἶναι
1673 2639 1798 2677 βασιλεὺς

1015 2695 1065 2729 τῆς
1078 2693 1189 2728 Σαλὴμ,
1215 2694 1263 2719 καὶ
1286 2693 1373 2727 ἱερεὺς
1390 2692 1472 2718 τόπου
1492 2691 1574 2721 τινός.
1588 2687 1684 2724 Καιρῷ
1703 2688 1731 2713 δὲ
1753 2687 1796 2714 ὅτε

1017 2740 1080 2775 περὶ
1101 2739 1196 2766 τούτου
1217 2739 1262 2765 τοῦ
1286 2739 1405 2774 Ἱέρακος
1424 2736 1535 2770 καὶτῆς
1562 2734 1643 2762 αὐτοῦ
1666 2734 1797 2769 αἱρέσεως

218 2821 226 2838 ι
248 2819 325 2848 Deest
347 2821 467 2848 verbum.
507 2822 516 2837 ²
533 2819 609 2849 Joan.
626 2829 664 2851 ιιι.
684 2822 725 2848 l3.
765 2821 774 2836 ³
791 2821 799 2848 1
816 2821 877 2848 Cor.
895 2822 963 2853 “,5

1037 2821 1045 2836 ⁵
1062 2819 1083 2846 ll
1101 2820 1163 2847 (lor.
1179 2829 1208 2853 ιι,
1229 2820 1267 2846 14.
1307 2820 1317 2835 ³
1330 2818 1411 2846 llehr.
1429 2826 1477 2851 vn,
1493 2817 1518 2845 3.
1557 2817 1567 2832 ⁵
1580 2815 1658 2843 Rom.
1678 2821 1738 2847 vni,
1751 2813 1796 2844 26.
