1964 3047
117 154 170 183 985

468 150 653 179 ADVERSUS
669 149 842 178 HERESES
855 150 919 178 LIB.
938 149 971 177 Il.
987 149 1069 177 T031.
1089 149 1146 177 |.—
1157 149 1296 177 lIJERES.
1316 148 1371 177 LV.

1691 148 1750 176 986

118 211 271 248 νομισθείη.
289 211 341 239 Καὶ
357 212 464 239 διέπεσε
483 211 652 247 πανταχόθεν
667 212 684 247 ή
700 211 756 238 τῶν
771 210 907 247 Σαμαρει-

967 209 1176 238 ilelchisedccus
1192 210 1334 237 habeatur.
1351 209 1443 243 quue
1462 207 1543 236 modo
1562 207 1736 235 Samaritano

118 257 173 283 τῶν
188 256 369 292 χυδαιολογια.

156 303 193 329 Ζ¹.
222 302 342 329 Ἰουδαῖοι
363 303 445 330 πάλιν
459 303 593 338 φάσκουσι
611 302 657 329 τὸν
672 301 792 329 τοιοῦτον
805 302 908 328 δίκαιον

124 348 174 384 μὲν
183 347 262 381 εἶναι,
276 349 322 376 καὶ
333 349 498 383 ἀγαθὸν.καὶ
511 349 586 385 ἱερέα
597 349 645 376 τοῦ
658 348 794 384 Ὑψίστου,
804 349 842 380 ὠς
851 349 908 384 ἔχει

123 394 139 429 ή
151 393 210 421 Θεία
222 395 316 430 Γραφή
326 404 332 410 ·
345 395 389 421 διὰ
402 395 430 422 δὲ
442 395 486 421 τὸν
499 395 557 421 υἱὸν
571 393 639 420 εἶναι
649 394 762 429 πόρνης,
774 394 850 428 φασὶ,
859 394 909 428 τὴν

125 439 230 476 μητέρα
241 440 323 467 αὑτοῦ
339 440 375 476 μὴ
389 441 552 476 γεγράφθαι.
572 440 638 476 μηδὲ
651 440 696 466 τὸν
710 439 815 475 πατέρα
826 439 909 466 αὑτοῦ

123 485 314 519 γινώσκεσθαι.
330 486 457 520 Ἐξέπεσε
471 487 499 513 δὲ
521 486 567 513 καὶ
581 486 682 513 τούτων
697 487 711 513 ὁ
725 485 849 521 ληρώδης
866 485 910 511 λό-

124 540 180 566 γος.
194 532 250 558 Καὶ
265 532 348 559 Ῥαὰὸ
359 532 445 568 πόρνη
460 532 575 568 ὑπῆρχε.
589 532 634 558 καὶ
645 532 702 558 ἐστι
715 532 907 567 γεγραμμένη,

124 577 172 603 καὶ
201 577 315 612 Ζαμὸρὴ
340 577 492 613 πορνεύσας
520 577 684 611 γέγραπται,
711 577 759 604 καὶ
785 576 909 613 Χασδιθὴ

125 621 182 656 μετ’
198 621 292 653 αὐτοῦ,
307 622 407 658 καίπερ
427 622 554 658 ἀλλοτρία
571 620 649 654 οὖσα,
667 623 713 650 καὶ
727 623 777 650 οὐκ
796 623 849 650 ὰπδ
862 624 909 658 γέ-

124 675 184 698 νους
203 667 311 703 Ἰσραὴλ
331 667 496 703 ἀναγομένη.
514 668 568 694 Καὶ
594 669 647 700 πᾶς
668 670 682 695 ό
701 668 738 704 μὴ
760 669 803 695 διὰ
824 668 910 704 θύρας

120 713 322 748 εἰσερχόμενος,
338 713 376 745 ὡς
393 713 444 749 ἔφη
459 714 490 740 τὸ
511 713 587 748 ἆγιον
605 713 781 749 Εὑαγγέλιον,
797 715 908 751 λῃστὴς,

122 758 169 785 καὶ
183 759 234 784 οὐκ
245 758 283 785 ὣν
294 759 395 795 ποιμὴν
410 759 536 795 ὑπάρχει.

161 845 205 872 Ἐν
219 845 247 872 δὲ
260 847 293 882 τῇ
308 846 455 883 Ἐκκλησία
473 847 551 882 φύσει
573 848 646 881 τινὲς
666 848 799 884 διαφόρως
814 848 909 876 τοῦτον

959 264 1019 284 rum
1037 256 1158 291 undique
1171 256 1278 283 vanitas
1290 255 1472 282 convincitur.

993 302 1048 329 VII.
1072 301 1125 329 Sed
1148 301 1234 329 Judmi
1265 301 1371 336 justum
1405 299 1531 328 eumdem
1569 305 1600 326 ac
1629 297 1746 333 probum

959 349 1054 385 (uisse,
1071 354 1099 376 et
1120 348 1290 375 sacerdotem
1309 347 1443 374 Altissimi
1469 346 1600 378 fatentur,
1615 350 1645 372 ut
1660 348 1702 372 est
1717 344 1744 370 iu

959 395 1046 422 sacris
1071 394 1183 422 Litteris
1208 394 1358 428 proditum.
1383 392 1461 425 Quod
1478 396 1569 419 autem
1595 390 1746 419 meretricis

960 443 1033 470 ﬁlius
1050 445 1132 473 esset,
1152 440 1235 477 474
1251 447 1339 474 neque
1355 439 1450 466 matris
1471 445 1569 465 nomen
1595 445 1658 465 esse
1681 435 1747 463 scri-

959 495 1046 524 ptum,
1062 496 1152 523 neque
1168 487 1253 522 patris
1269 486 1326 513 ullo
1339 485 1419 512 modo
1432 484 1583 519 cognitum.
1600 482 1682 517 Atqui
1697 489 1748 509 nec

959 534 1066 560 illorum
1082 531 1271 567 ineptissimus
1286 539 1376 558 sermo
1387 529 1521 565 procedit.
1533 528 1601 556 Nam
1613 532 1640 555 et
1651 527 1747 554 Rahab

960 579 1087 607 meretrix
1106 578 1203 607 fuit.et
1221 578 1281 613 ejus
1298 576 1477 604 nihilominus
1497 575 1639 609 Scriptura
1652 574 1744 600 memi-

960 624 999 650 nit
1007 624 1027 650 ².
1038 622 1089 650 Sed
1099 622 1241 650 etZambri
1251 626 1278 649 et
1288 620 1461 656 Chasbithaaj‘
1472 619 1635 647 adulterium
1646 618 1748 645 ibidem

959 678 1120 705 expressum
1133 689 1140 702 ,
1161 669 1270 696 tametsi
1287 669 1383 695 aliena:
1406 668 1500 702 stirpis
1523 667 1579 694 haec
1593 669 1677 698 esset,
1696 673 1748 693 nec

959 714 1145 742 lsraelitarum
1159 722 1191 741 ex
1203 721 1302 748 genere
1310 713 1443 748 originem
1455 712 1587 740 traheret.
1600 711 1748 738 Enimvero

960 761 1061 793 omnis,
1081 760 1127 794 qui
1145 767 1192 794 per
1216 759 1319 787 ostium
1347 767 1400 786 non
1419 758 1522 790 intrat,
1540 757 1584 785 fur
1607 762 1666 789 est,
1692 765 1749 784 non

961 811 1065 841 pastor,
1080 811 1108 833 ut
1127 806 1154 833 in
1171 805 1317 840 Evangelia
1337 805 1468 840 scriptum
1487 808 1529 831 est
1545 804 1566 831 ⁵.

995 851 1074 886 Quod
1104 852 1137 879 ad
1165 851 1324 879 Catholicos
1344 851 1451 882 attinet,
1470 858 1524 877 non
1541 857 1596 877 uno
1614 849 1696 876 modo
1715 849 1749 876 dc

121 891 168 918 τὸν
193 891 360 927 Μελχισεδὲκ
376 893 520 929 ὁρίζονται.
535 894 566 920 υἱ
584 894 633 929 μὲν
647 894 702 929 γὰρ
718 895 816 921 αὺτοῦ¹
833 894 905 930 νομί-

967 898 1160 926 ilelchisedeco
1183 898 1323 925 statuitur.
1340 896 1456 930 Quidam
1487 896 1560 923 enim
1587 894 1634 922 Dei
1649 894 1749 922 Filium

122 936 199 969 ζουσι
211 937 290 972 φύσει
303 938 348 965 τὸν
361 938 427 965 Υἱὸν
441 938 487 965 τοῦ
498 939 565 966 Θεοῦ
577 940 606 966 ὲν
624 939 680 975 ἰδέᾳ
693 939 837 976 ἀνθρώπου
850 940 910 967 τότε

121 982 160 1018 τῷ
180 983 306 1019 Ἀϐραὰμ
318 985 482 1020 πεφηνέναι·
498 985 662 1011 ἐκπίπτουσι
672 985 701 1011 δὲ
717 986 764 1013 καὶ
776 986 852 1012 αὐτοὶ
864 986 910 1012 τοῦ

122 1029 314 1064 προκειμένου.
335 1030 372 1056 Οὐ
398 1030 453 1065 γάρ
473 1039 514 1062 τις
541 1030 628 1066 ἑαυτῷ
652 1031 745 1066 ὅμοιος
766 1031 911 1067 γενήσεταί

122 1083 206 1101 ποτε·
236 1075 273 1107 ὡς
297 1076 353 1111 ἔχει
374 1076 468 1112 ἠθεια
490 1078 597 1114 Γραφὴ,
613 1078 654 1104 ὃτι
676 1079 912 1113 Ἀφωμοιωμένος

122 1119 163 1153 τῷ
179 1120 234 1154 Υιῷ
255 1122 309 1149 τοῦ
327 1123 401 1149 Θεοῦ
422 1119 505 1158 μένει
526 1124 623 1157 ἱερεὺς
646 1125 690 1156 εἰς
709 1124 742 1151 τὸ
762 1125 911 1159 διηνεκές.

122 1166 169 1202 Τῷ
192 1167 248 1194 ὄντι
268 1167 297 1194 δὲ
325 1169 340 1194 ὀ
365 1167 402 1204 μὴ
429 1169 672 1205 γενεαλογούμενος
698 1169 727 1202 ἐξ
752 1170 841 1196 αὐτῶν
865 1171 911 1197 τὸν

128 1212 252 1248 ’Δὸρσὰμ
279 1213 472 1241 δεδεκάτωκεν.
494 1214 603 1250 Ἐπειδὴ
630 1214 685 1250 γὰρ
704 1216 753 1241 οὐκ
770 1215 799 1248 ἐξ
822 1216 912 1242 αὐτῶν

121 1257 176 1284 τῶν
197 1258 372 1294 Ἰσραηλιτῶν
394 1260 604 1294 γενεαλογεῖ-ται,
619 1260 819 1294 γενεαλογεῖται
837 1261 865 1287 δὲ
883 1261 911 1295 ἐξ

122 1303 210 1330 ἄλλων
235 1304 396 1340 ἀνθρώπων,
419 1306 521 1332 τούτων
542 1306 622 1333 ἕνεκα
643 1307 750 1334 πάντων
773 1308 824 1344 τὴν
847 1309 913 1335 ὑπό-

124 1358 223 1385 μνησιν
256 1350 449 1386 ποιησάμενοι,
471 1352 515 1379 διὰ
535 1352 583 1388 τὴν
606 1352 712 1388 αἵρεσιν
733 1353 835 1390 ταύτην
861 1355 912 1381 ὐπ-

122 1395 306 1431 εμνήσθημεν,
326 1397 372 1423 καὶ
385 1396 423 1428 ὡς
438 1397 467 1424 ὲν
484 1398 651 1434 παρεκϐάσει
669 1399 732 1434 περὶ
749 1399 851 1426 τούτων
866 1400 908 1427 δι-

122 1441 295 1478 ηγησάμεθα.

159 1489 200 1516 H’.
223 1489 268 1521 Εἰς
284 1489 369 1525 δνομα
384 1490 413 1517 δὲ
433 1490 529 1517 τούτου
558 1492 604 1518 τοῦ
625 1491 795 1528 Κελχισεδὲκ
814 1492 913 1528 ἡπρο·

125 1535 257 1570 ειρημένη
274 1536 378 1571 αἵρεσις
395 1536 442 1563 καὶ
462 1537 512 1569 τὰς
534 1538 691 1573 προσφορὰς
711 1538 850 1574 ἀναφέρει,
866 1538 913 1565 καὶ

123 1581 206 1608 αὑτὸν
220 1579 290 1608 εἶναι
302 1582 456 1617 εἰσαγωγέα
467 1583 535 1619 πρὸς
547 1584 593 1610 τὸν
609 1584 674 1611 Θεόν
684 1593 690 1600 ·
707 1584 755 1612 καὶ
771 1584 805 1611 δι’
820 1584 912 1618 αὑτοῦ,

124 1627 202 1662 φησὶ,
218 1627 259 1653 δεῖ
279 1627 318 1662 τῷ
340 1628 399 1663 Θεῷ
415 1628 597 1665 προσφέρειν·
617 1630 658 1657 ὅτι
682 1630 774 1666 ἄρχων
794 1630 852 1656 ἐστὶ
875 1630 914 1657 δι-

124 1672 285 1707 καιοσύνης,
312 1673 354 1699 ἐπ’
379 1673 453 1709 αὐτῷ
475 1673 562 1710 τούτῳ
585 1675 765 1708 κατασταθεὶς
789 1675 842 1702 ὑπὸ
867 1675 914 1702 τοῦ

124 1716 192 1743 Θεοῦ
211 1718 240 1743 ἐν
254 1717 371 1753 οὐρανῷ,
387 1719 569 1754 πνευματικός
583 1728 626 1752 τις
645 1720 693 1753 ὢν,
707 1721 754 1747 καὶ
771 1721 828 1753 uio;
846 1720 914 1747 Θεοῦ

123 1763 299 1798 τεταγμένος.
313 1765 368 1791 Καὶ
380 1764 413 1791 δι’
426 1765 436 1781 ’
449 1766 525 1800 ἡμᾶς
539 1765 613 1801 αὺτῷ
631 1766 807 1802 προσφέρειν,
822 1766 913 1799 φασιν,

125 1807 168 1834 ἵνα
188 1807 221 1834 δι’
238 1808 319 1835 αὐτοῦ
341 1810 508 1846 προσενεχθῇ
529 1811 598 1846 ὑπὲρ
613 1811 708 1847 ἡμῶν,
730 1812 777 1838 καὶ
790 1811 915 1848 εὕρωμεν

123 1852 156 1879 δι’
172 1853 255 1880 αὐτοῦ
276 1854 358 1890 ζωήν.
382 1855 437 1882 Καὶ
461 1856 579 1891 Χριστὸς
602 1856 661 1891 μὲν,
683 1857 774 1892 φησιν,
791 1856 914 1893 ἐξελέγη,

125 1900 168 1927 ἵνα
183 1901 257 1936 ἡμᾶς
276 1900 377 1938 καλέσῃ
399 1901 432 1927 ἐκ
458 1901 563 1928 πολλῶν
583 1902 650 1929 ὁδῶν
669 1903 709 1934 εἰς
733 1902 798 1938 μίαν
813 1902 916 1938 ταύτην

124 1947 175 1982 τὴν
191 1946 309 1981 γνῶσιν,
328 1948 380 1974 ὑπὸ
403 1947 471 1974 Θεοῦ
496 1948 692 1984 κεχρισμένος,
718 1949 767 1975 καὶ
789 1949 915 1981 ἐκλεκτὸς

125 1991 289 2026 γενόμενος·
308 1991 402 2027 ἐπειδὴ
427 1992 598 2028 ἀπέστρεψεν
615 1993 689 2028 ἡμᾶς
712 1993 767 2019 ἀπὸ
787 1992 914 2024 εἰδώλων,

125 2036 173 2063 καὶ
187 2037 323 2072 ὑπέδειξεν
333 2039 399 2073 ἡμῖν
412 2038 462 2074 τὴν
476 2038 545 2065 ὀδόν.
565 2038 608 2071 Ἐξ
623 2034 710 2074 οὗπερ
722 2039 736 2065 ὁ
755 2038 916 2072 Ἀπόστολος

128 2083 293 2115 ἀποσταλεὶς
318 2084 491 2119 ἀπεκάλυψεν
508 2085 589 2120 ἡμῖν,
607 2085 648 2111 ὃτι
669 2081 769 2120 Μέγάς
795 2085 880 2111 ἐστιν
899 2086 916 2112 ὁ

129 2128 330 2163 Μελχισεδὲκ,
345 2130 394 2156 καὶ
408 2130 504 2164 ἱερεὺς
514 2130 598 2164 μένει
612 2132 655 2164 εις
666 2130 720 2157 τὸν
734 2130 840 2158 αἰῶνα·
855 2130 914 2163 καὶ,

130 2175 269 2209 Θεωρεῖτε
284 2175 413 2209 πηλίκος
427 2174 531 2209 οὗτος·
552 2177 599 2203 καὶ
612 2177 653 2204 ὅτι
680 2176 715 2204 Τὸ
730 2177 868 2204 ἔλασσον
882 2177 916 2204 ἐκ

128 2222 182 2250 τοῦ
196 2221 330 2257 μείζονος
346 2221 521 2255 εὐλογεῖται.
542 2222 591 2249 Διὰ
607 2223 695 2254 τοῦτο,
715 2224 791 2258 φησὶ,
808 2224 855 2249 καὶ
871 2222 916 2250 τὸν

135 2269 260 2305 Ἀϐραὰμ
274 2269 320 2296 τὸν
333 2273 505 2306 πατριὰρχην
522 2269 677 2304 εὐλόγησεν,
692 2269 729 2300 ὡς
743 2268 843 2304 μείζων
860 2269 915 2296 ὤν’

131 2313 162 2342 οὗ
176 2316 257 2350 ἡμεῖς
274 2317 357 2351 ἐσμεν
381 2316 497 2352 μύσται,
513 2316 586 2347 ὅπως
604 2315 730 2350 τύχωμεν
752 2315 817 2351 παρ’
834 2315 917 2344 αὑτοῦ

131 2362 182 2396 τῆς
197 2361 331 2396 εὐλογίας.

167 2406 205 2435 8‘.
221 2407 276 2434 Καὶ
289 2408 327 2439 ὡς
342 2407 454 2443 μάταιος
465 2407 538 2434 πᾶσα
546 2406 679 2442 αἱρέσεων
692 2407 709 2441 ἡ
724 2405 841 2432 διάνοιαῖ
852 2404 917 2432 Ἰδοὺ

131 2455 185 2489 γὰρ
206 2455 252 2480 καὶ
268 2454 346 2480 αὐτοὶ
363 2453 515 2489 ἠρνήσαντο
536 2453 581 2479 τὶν
603 2452 692 2480 αὐτῶν
711 2451 859 2486 Δεσπότην,
871 2449 917 2476 τὸν

130 2499 304 2535 ἀγοράσαντα
322 2499 420 2531 αὐτοὺς
438 2498 478 2534 τῷ
504 2498 561 2532 ἰδίῳ
587 2497 669 2526 αὑτοῦ
684 2497 792 2532 αἵματι,
809 2496 854 2523 τὸν
868 2496 917 2522 οὐκ

123 2546 178 2572 ἀπὸ
193 2546 304 2581 Μαρίας
319 2544 512 2580 ἐναρξάμενον,
526 2543 564 2575 ὡς
577 2543 654 2570 αὐτοὶ
673 2543 838 2578 νομίζουσιν,
859 2542 916 2569 ἀλλ’

124 2591 167 2617 ἀεὶ
180 2591 246 2618 ὂντα
260 2591 329 2626 πρὸς
342 2590 387 2617 τὸν
402 2590 511 2625 Πατέρα
523 2590 589 2616 Θεὸν
604 2589 701 2623 Λόγον,
718 2588 918 2624 γεγεννημένον

124 2635 156 2661 ὲκ
165 2634 211 2661 τοῦ
224 2635 329 2670 Πατρδς
340 2634 467 2670 ἀνάρχως
481 2634 528 2660 καὶ
540 2634 674 2669 ἀχρὸνως,
689 2633 726 2665 ὡς
738 2633 813 2660 πᾶσα
823 2632 919 2669 Γραφὴ

126 2680 271 2715 διηγεῖται.
290 2681 359 2715 Φησὶ
383 2681 453 2716 γάρ·
477 2680 654 2714 Ποιήσωμεν
674 2679 831 2714 ἄνθρωπον
854 2673 919 2705 κατ’

127 2727 229 2754 εἰκόνα
256 2726 403 2760 ἡμετέραν
429 2727 477 2754 καὶ
502 2726 565 2753 καθ’
583 2726 736 2760 ὁμοίωσιν,
763 2725 810 2752 καὶ
830 2725 861 2752 οὐ
881 2724 920 2761 τῷ

129 2773 305 2808 Μελχισεδέκ.
315 2773 343 2800 '0
371 2774 419 2808 μὲν
443 2773 498 2809 γὰρ
523 2773 613 2808 ἱερεὺς
628 2771 676 2799 τοῦ
689 2771 758 2799 Θεοῦ
781 2773 856 2799 ἐστιν
872 2772 919 2798 τοῦ

167 2841 176 2856 ⁸
190 2839 221 2868 F.
238 2841 328 2868 αὐτόν.
381 2842 391 2857 ¹
407 2840 435 2867 F.
459 2841 508 2868 δεῖ.

565 2841 576 2856 ³
594 2840 677 2879 .losuc
703 2848 739 2873 ιι,
762 2841 779 2868 5
804 2850 864 2879 sqq.

132 2876 142 2892 ⁷
163 2875 230 2905 ibid.
243 2876 270 2903 4.
307 2876 318 2892 ⁸
332 2877 397 2904 ibid.
414 2876 438 2903 7.

496 2877 506 2891 ’
526 2876 594 2906 Gul.
608 2885 626 2908 ι,
643 2876 689 2904 εις.

924 2840 1029 2870 ‘Num.
1055 2850 1116 2876 xxv,
1143 2842 1186 2870 Η.

962 944 1035 972 hunc
1059 944 1218 971 existimant
1243 943 1400 970 Abrahamo
1417 947 1474 969 tum
1508 942 1627 968 humana
1657 942 1749 978 specie

962 998 1022 1018 sese
1036 990 1184 1018 videndum
1201 990 1344 1017 obtulisse.
1362 988 1464 1017 Verum
1480 988 1518 1015 illi
1541 989 1650 1023 penitus
1669 987 1749 1014 aber-

962 1045 1040 1065 rasse
1056 1037 1194 1065 videntur.
1216 1035 1310 1070 Neque
1325 1035 1397 1062 enim
1414 1034 1465 1062 sibi
1483 1034 1533 1069 ipsi
1552 1033 1650 1062 similis
1662 1032 1751 1067 appel-

962 1084 1010 1110 lari
1026 1083 1164 1118 quispiam
1186 1087 1286 1118 potest,
1302 1089 1365 1109 cum
1393 1081 1426 1108 de
1450 1080 1648 1108 Melchisedeco
1677 1078 1752 1106 Seria

961 1133 1041 1164 ptura
1059 1128 1132 1156 hunc
1151 1129 1178 1155 in
1198 1128 1312 1155 modum
1338 1128 1486 1162 loquatur:
1511 1125 1562 1158 Qui
1585 1125 1750 1153 assimilalua

963 1174 1035 1202 Filio
1060 1174 1108 1201 Dei
1135 1179 1222 1201 manet
1245 1173 1366 1201 sacerdos
1393 1174 1422 1200 in
1440 1172 1599 1200 wteruum‘.
1615 1172 1750 1199 Caeterum

963 1228 1060 1247 verum
1077 1220 1142 1247 illud
1158 1224 1211 1252 est,
1227 1227 1301 1252 eum,
1316 1219 1396 1253 cujus
1411 1226 1443 1245 ex
1462 1218 1530 1253 ipsis
1548 1217 1624 1252 origo
1638 1216 1754 1244 minime

963 1267 1121 1298 duceretur,
1141 1267 1272 1293 decumas
1290 1266 1324 1293 ab
1349 1265 1506 1292 Abrahamo
1531 1264 1658 1298 cepisse:
1683 1270 1752 1298 quo—

964 1312 1038 1339 niam
1064 1320 1096 1339 ex
1126 1311 1188 1338 aliis
1215 1311 1374 1338 hominibus
1403 1317 1483 1345 quam
1509 1308 1639 1336 lsraelitis
1665 1317 1754 1344 genus

964 1358 1039 1384 illius
1052 1357 1214 1392 pertexitur.
1227 1357 1288 1384 Haec
1303 1356 1395 1384 omnia
1407 1360 1519 1390 propter
1535 1356 1658 1383 haeresim
1670 1355 1752 1387 istam

965 1411 980 1430 a
1000 1403 1081 1431 nobis
1103 1407 1319 1430 commemorata
1335 1406 1410 1436 sunt,
1430 1409 1463 1429 ac
1487 1401 1561 1429 velut
1582 1401 1755 1437 digressione

965 1449 1081 1485 quadam
1097 1449 1223 1476 instituta
1240 1449 1374 1475 narratio.

1001 1494 1069 1522 Vlll.
1090 1494 1149 1522 Jam
1163 1502 1227 1522 vero
1244 1494 1271 1521 in
1287 1494 1411 1530 ejusdem
1423 1493 1627 1521 Melchisedecis
1642 1493 1756 1520 nomine

965 1542 1047 1570 etiam
1062 1541 1218 1569 oblationes
1233 1549 1298 1568 suas
1318 1539 1413 1568 eadem
1433 1544 1507 1567 secta
1525 1540 1654 1572 celebrat,
1671 1548 1754 1574 quem

965 1587 1038 1624 apud
1063 1587 1149 1614 Deum
1169 1587 1370 1614 internuntium
1395 1594 1458 1615 esse
1490 1586 1629 1621 pmdicat.
1656 1585 1755 1618 Quam-

965 1635 1060 1662 obrem
1085 1633 1185 1667 hujus,
1211 1634 1309 1665 aiunt,
1324 1632 1480 1660 interventu
1505 1631 1604 1659 oiIerre
1631 1630 1686 1657 Deo
1706 1637 1755 1665 par

965 1685 1017 1712 est,
1033 1687 1065 1708 eo
1081 1678 1154 1714 quod
1172 1678 1287 1713 justitia:
1302 1678 1338 1706 sit
1354 1678 1494 1713 princeps,
1514 1681 1541 1705 et
1562 1676 1596 1704 ad
1613 1676 1639 1704 id
1663 1676 1754 1711 ipsum

966 1733 981 1752 a
995 1725 1050 1753 Dco
1066 1725 1093 1752 in
1110 1725 1180 1752 cmlo
1198 1725 1379 1756 constitutus,
1399 1728 1493 1759 utpote
1507 1723 1641 1759 spiritalis
1660 1730 1692 1750 ac
1706 1722 1757 1750 Dei.

967 1771 1048 1799 ﬁlius.
1065 1770 1158 1806 Itaque
1178 1771 1295 1806 primum
1313 1771 1338 1798 ei
1367 1769 1499 1797 debemus
1521 1769 1630 1801 oﬂ‘crre.
1654 1772 1684 1795 ut
1707 1776 1759 1803 per

965 1817 1092 1845 eumdem
1109 1823 1160 1852 pro
1185 1816 1267 1843 nobis
1294 1819 1537 1850 repracsentcntur,
1553 1822 1585 1841 ac
1608 1815 1691 1841 vitam
1706 1821 1759 1848 per

966 1871 1029 1891 eum
1045 1870 1259 1897 consequamur.
1281 1861 1388 1890 Etenim
1412 1861 1550 1894 Christus,
1572 1860 1661 1892 aiunt,
1678 1860 1714 1888 ob
1727 1860 1757 1890 id.

965 1910 1072 1937 electus
1097 1913 1150 1942 est,
1168 1912 1197 1935 ut
1221 1915 1272 1936 nos
1288 1908 1322 1935 ad
1349 1914 1432 1934 unam
1459 1907 1532 1934 hanc
1555 1906 1700 1934 scientiam
1721 1913 1756 1936 ex

967 1954 1111 1992 multiplici
1125 1955 1234 1981 viarum
1259 1954 1379 1981 divortio
1399 1957 1554 1985 revocaret,
1568 1956 1596 1979 et
1617 1952 1721 1979 idcirco
1740 1960 1754 1978 a

966 1999 1022 2028 Deo
1039 2003 1139 2028 unctus
1154 2005 1181 2027 ct
1206 1999 1325 2030 sdectus
1349 2004 1401 2031 est,
1420 1999 1550 2033 quoniam
1565 2006 1615 2026 vos
1639 2005 1655 2025 a
1679 1998 1756 2025 cultu

966 2045 1180 2073 simulacrorum
1207 2045 1326 2077 avertit,
1344 2048 1371 2072 et
1395 2045 1447 2071 iter
1471 2043 1601 2072 ostendit.
1629 2043 1707 2071 Unde
1728 2048 1756 2071 ct

967 2091 1117 2126 Apostolus
1129 2098 1143 2118 a
1158 2091 1213 2118 Deo
1226 2091 1330 2118 missus
1346 2091 1418 2118 istud
1436 2091 1525 2125 ipsum
1541 2090 1622 2117 nobis
1638 2089 1757 2124 aperuit,

967 2145 1097 2172 magnum
1121 2145 1182 2165 esse
1210 2136 1452 2169 Melchisedccum,
1480 2141 1507 2164 et
1532 2137 1701 2164 sacerdotem
1727 2137 1758 2165 in

966 2187 1099 2210 aternum
1126 2191 1248 2211 manere.
1265 2182 1419 2216 Intuemini,
1444 2183 1562 2218 iuquit',
1584 2187 1697 2218 quantus
1718 2188 1756 2209 ut

933 2237 955 2267 ο
970 2229 1025 2256 ille.
1041 2228 1123 2261 Tum,
1141 2229 1272 2264 quoniam
1281 2229 1358 2262 Quod
1373 2230 1460 2256 minus
1477 2233 1516 2256 est
1535 2237 1551 2256 a
1564 2229 1665 2261 maiore
1680 2228 1757 2256 bene-

968 2274 1067 2301 dicitur
1077 2275 1098 2301 ⁸.
1114 2273 1156 2303 0b
1173 2275 1213 2307 id,
1242 2276 1385 2310 inquiunt.
1410 2275 1566 2302 Abrahamo
1595 2275 1760 2310 patriarchas

969 2321 1131 2354 benedixit,
1160 2325 1257 2356 utpote
1280 2329 1313 2348 eo
1341 2322 1439 2356 major.
1465 2321 1550 2355 Cujus
1579 2329 1630 2348 nos
1662 2327 1758 2356 mystae

969 2374 1075 2398 sumus,
1089 2371 1119 2393 ut
1132 2367 1167 2394 ab
1181 2367 1227 2395 illo
1246 2367 1466 2395 benedictionem
1481 2367 1668 2402 impetremus.

1007 2413 1087 2451 475
1105 2413 1149 2441 IX.
1167 2413 1219 2441 Sed
1229 2422 1310 2449 quam
1323 2414 1413 2442 inanis
1432 2419 1475 2442 est
1485 2415 1622 2441 lunreseou
1636 2414 1759 2441 omnium

971 2461 1084 2488 sensus!
1102 2459 1169 2488 Nam
1194 2465 1222 2488 et
1244 2460 1290 2488 isti
1313 2460 1459 2488 Dominum
1482 2467 1562 2487 suum
1579 2461 1758 2495 abuegaruut,

969 2507 1016 2542 qui
1032 2507 1093 2534 illos
1101 2514 1151 2534 suo
1165 2507 1298 2542 sanguine
1312 2506 1444 2538 redemit;
1456 2506 1620 2541 quiquenon
1631 2514 1645 2532 a
1660 2506 1758 2537 Maria,

970 2557 1000 2580 ut
1016 2552 1054 2580 illi
1089 2556 1196 2588 putant,
1224 2553 1334 2581 initium
1361 2553 1464 2586 traxit;
1486 2552 1535 2580 sed
1557 2551 1629 2587 apud
1652 2551 1759 2578 Patrem

970 2606 1078 2634 semper
1105 2599 1221 2631 exstitit,
1247 2598 1319 2627 Deus
1338 2598 1468 2631 Verbum,
1489 2605 1505 2625 a
1524 2597 1605 2625 Patre
1628 2597 1688 2625 sine
1706 2597 1760 2623 ullo

971 2645 1050 2672 initio
1065 2649 1113 2672 aut
1126 2649 1249 2681 tempore
1266 2646 1399 2682 genitum,
1419 2649 1450 2672 ut
1466 2645 1594 2672 universa
1616 2643 1758 2679 Scriptura

971 2691 1103 2719 declarat.
1120 2690 1165 2719 Sic
1182 2692 1254 2720 enim
1267 2692 1407 2727 loquitur:
1425 2691 1570 2718 Faciamus
1585 2690 1714 2717 hominem
1725 2687 1760 2714 ad

971 2738 1113 2773 imaginem
1132 2743 1157 2765 et
1174 2737 1375 2766 similitudinem
1399 2741 1517 2764 nostram
1527 2736 1549 2763 '.
1565 2734 1625 2762 Non
1647 2733 1761 2761 Melchi-

973 2784 1071 2811 sedeco
1097 2784 1177 2817 dixit,
1205 2784 1251 2820 qui
1282 2782 1392 2810 tametsi
1415 2781 1463 2810 Dei
1485 2780 1611 2810 altissimi
1631 2779 1761 2808 sacerdos

1248 2841 1258 2857 ’
1273 2840 1352 2870 .‘oan.
1376 2848 1392 2867 χ
1429 2839 1456 2866 2.
1520 2839 1531 2854 ⁶
1551 2837 1633 2866 llcbr.
1651 2844 1708 2869 vu,
1731 2835 1758 2864 3.
