1964 3047
191 90 243 117 98¹1

911 96 940 124 S.
958 95 1128 124 EPIPHANII

1763 102 1816 130 988

191 153 270 176 astate
285 157 334 176 sua
353 149 443 181 fuerit,
458 158 507 178 nec
520 151 603 178 ullum
617 156 677 186 post
696 159 725 179 se
735 159 922 180 successorem
937 153 982 180 ba-

1036 156 1146 192 ὑψίστον
1185 157 1213 183 ἐν
1238 159 1271 193 τῇ
1295 157 1348 194 ἰδίᾳ
1372 159 1463 194 γενεᾷ,
1480 159 1526 185 καὶ
1546 159 1595 185 οὐκ
1621 159 1682 194 ἔσχε
1695 159 1816 195 διάδοχον

192 195 290 226 but-rit,
303 196 414 223 minime
425 201 516 224 tamen
536 205 551 224 e
565 199 700 232 supremis
714 203 765 229 est,
784 207 872 234 neque
883 207 898 226 e
910 200 980 228 cmlo

192 240 341 267 descendit.
367 241 485 269 Proinde
513 241 651 276 Scriptum
676 251 729 270 non
752 244 822 271 dixit
838 252 849 276 τ,
866 244 980 272 Demisit

191 285 328 312 Abraham
344 294 442 320 panem
457 292 483 314 et
494 287 670 322 vinum,sed,
685 289 794 327 protulit
806 290 826 322 ί,
844 293 899 316 tam
916 290 978 324 ipsi,

192 339 273 365 quam
290 331 323 358 iis
339 332 385 366 qui
402 340 463 359 cum
488 341 521 360 eo
534 338 627 365 erant,
652 338 681 361 ut
700 342 714 361 a
739 342 832 369 regum
856 335 981 370 profliga-

192 378 266 404 tione
282 379 433 405 venientem
449 380 629 413 patriarcham
646 380 795 414 exciperet.
817 380 885 408 Huic
898 381 981 416 igitur

194 431 244 457 pro
263 431 295 450 ca
310 431 365 458 qua
387 424 516 458 przcditus
541 429 610 457 erat,
630 425 738 460 justitia
752 433 784 452 ac
804 426 865 459 fide,
877 429 904 453 et
916 426 981 453 reli-

193 469 272 504 gione
302 469 451 497 benedixit.
478 470 612 504 Quoniam
640 471 668 498 in
698 472 826 499 omnibus
849 473 980 506 probatus

193 515 266 542 nulla
278 515 357 542 ollicii
376 517 418 545 sui
434 521 509 551 parte
526 517 560 543 ab
576 517 682 551 justitia
696 517 851 552 patriarcha
873 518 982 545 decide-

193 567 243 588 rat.
261 562 332 594 Quin
346 563 428 589 etiam
443 562 527 589 Deum
543 563 570 589 in
587 563 632 590 illa
648 563 818 598 expeditione
835 564 981 599 opitulato-

194 615 251 634 rcm
275 607 405 636 adversus
432 608 526 636 hostes
548 609 650 641 habuit,
665 609 711 644 qui
728 610 755 636 in
779 609 980 637 Sodomitarum

194 659 288 687 agrum
306 658 462 688 eruperant,
492 654 609 689 indeque
638 654 731 682 fratris
748 655 833 682 lilium
854 660 979 683 sanctum

193 696 244 725 Lot
260 699 441 732 abduxerunt,
459 709 538 735 quem
556 709 617 728 cum
643 702 716 728 omni
731 701 821 736 praeda
836 710 868 728 ac
885 702 980 737 spoliis

197 744 361 772 incolumem
378 747 497 774 reduxit.
509 747 542 773 At
561 747 625 774 illud
646 754 727 781 quam
743 747 854 782 copiose
870 748 981 774 deumn-

193 793 274 819 strari
290 796 387 827 potest,
404 793 501 820 Filium
526 801 588 820 cum
612 793 691 820 Patre
710 798 849 829 ,perpetuo
875 794 981 821 fuisse?

195 837 374 874 Inprineipio,
396 840 493 875 inquit,
509 846 565 868 erat
584 841 705 872 Verbum,
726 846 751 868 et
782 840 893 868 Verbum
923 846 981 868 erat

195 885 264 919 apud
289 885 380 917 Deum,
396 891 419 912 et
439 885 506 913 Deus
518 891 575 912 erat
602 886 714 914 Verbum
727 887 748 913 '.
768 885 826 913 Non
843 886 911 912 dixit
928 895 934 913 :
951 886 979 912 In

196 931 328 965 printipio
338 937 394 958 erat
409 931 596 958 Melchisedcc.
615 932 680 959 ltem
698 940 704 957 :
731 920 805 959 Venit
823 932 903 967 igitur
923 931 982 958 Do-

195 976 281 1002 minus
311 976 345 1002 nd
376 976 525 1008 Abraham;
543 981 566 1003 et
584 977 651 1011 pluit
682 977 809 1003 Dominus
829 986 843 1003 α
871 977 981 1004 Domino

196 1023 291 1055 ignem,
302 1027 326 1048 et
342 1022 451 1056 sulphur
463 1029 540 1055 super
557 1021 670 1048 Sodoma
685 1027 708 1048 et
721 1021 867 1048 Gomorrha
879 1023 901 1049 '.
914 1021 983 1049 Prm-

195 1072 279 1098 terea,
304 1066 376 1093 Unus
410 1067 490 1097 Deus,
510 1067 547 1093 ait
559 1068 704 1102 Apostolus
720 1067 741 1098 ⁸,
755 1075 787 1094 ex
803 1075 853 1102 quo
869 1067 958 1093 omnia
972 1075 982 1098 ;

194 1118 219 1139 et
232 1121 299 1140 unus
317 1113 442 1140 Dominus
455 1112 533 1140 Iesus
546 1113 681 1145 Christus,
692 1121 738 1147 per
752 1122 827 1148 quem
846 1114 945 1140 omnia.

230 1159 268 1185 Ac
282 1167 316 1186 ne
328 1159 390 1194 quis
403 1158 551 1193 obiiceret:
570 1159 621 1186 Ubi
641 1164 682 1186 est
697 1159 780 1194 igitur
791 1158 911 1193 Spiritus
922 1167 983 1186 san-

195 1209 266 1234 ctus.
280 1211 342 1231 cum
364 1204 445 1231 unius
465 1209 547 1238 atque
560 1204 642 1231 unius
659 1204 792 1231 duntaxat
816 1205 981 1232 mentionem

196 1249 296 1277 faciat?
314 1249 366 1277 Sed
396 1250 528 1284 Spiritum
549 1253 674 1276 sanctum
695 1250 794 1277 suimet
807 1251 892 1285 ipsius
908 1258 984 1278 com—

195 1295 380 1322 mendatorem
412 1303 443 1321 ac
466 1295 671 1329 praedicatorem
696 1303 757 1323 esse
777 1295 888 1323 minime
916 1303 984 1324 con-

195 1341 319 1376 gruebat.
331 1340 397 1367 Illud
413 1341 486 1367 enim
498 1341 638 1375 Scriptura
652 1348 731 1368 sacra
741 1345 872 1379 perpetuo
881 1346 982 1374 servat,

196 1392 225 1413 ut
241 1395 270 1414 se
287 1387 365 1413 nol-is
392 1386 557 1421 exemplaris
576 1387 664 1414 instar
684 1391 828 1422 proponat.
848 1387 983 1420 Quocirca

196 1433 252 1460 haec
266 1433 292 1459 in
312 1432 415 1467 Spiritu
432 1439 527 1460 sancto
543 1433 706 1468 loquebatur
718 1434 867 1468 Apostolus
883 1444 889 1460 :
910 1433 983 1461 Unus

1033 202 1089 236 μετ’
1106 201 1187 228 αὐτόν
1197 210 1203 216 ⁸
1222 202 1288 229 ἀλλὰ
1303 203 1352 229 οὐκ
1366 203 1438 230 ἔστιν
1452 203 1554 231 ἄνωθεν
1567 205 1615 230 ἀπ’
1631 204 1746 238 οὐρανοῦ
1764 213 1817 231 κα-

1030 246 1125 278 ταϐάς.
1141 247 1178 273 Οὐ
1198 247 1251 283 γὰρ
1268 246 1343 274 εἶπεν
1365 249 1382 283 ἡ
1408 248 1515 284 Γραφὴ,
1537 248 1578 275 ὅτι
1599 249 1758 283 Κατήνεγκε
1776 249 1817 284 τῷ

1037 291 1160 326 Ἀδραὰμ
1179 291 1260 327 ἄρτον
1276 293 1322 318 καὶ
1338 289 1423 319 οἶνον·
1441 292 1691 325 ὰλλὰ,ὲξέ6³αλλεν
1703 293 1775 328 αὑτῴ
1786 302 1817 319 τε

1031 336 1078 362 καὶ
1091 337 1147 367 τοῖς
1161 338 1220 371 μετ’
1234 337 1326 371 αὑτοῦ,
1342 338 1379 370 ὡς
1394 337 1448 364 ἀπὸ
1468 338 1522 365 τῶν
1541 338 1671 372 βασιλέων
1685 338 1818 372 ὑποδεξὰ-

1033 389 1111 416 μενος
1122 381 1167 407 τὸν
1184 382 1328 416 ἐρχόμενον
1340 383 1521 418 πατριάρχην.
1536 383 1590 409 Καὶ
1604 383 1755 418 ηὺλὸγησεν
1766 384 1819 410 αὺ-

1030 426 1075 451 τὸν
1087 425 1132 452 διὰ
1143 426 1192 461 τὴν
1204 426 1356 462 προσοῦσαν
1372 427 1446 461 αὐτῷ
1459 426 1640 462 δικαιοσύνην,
1657 428 1704 454 καὶ
1726 428 1756 454 τὸ
1772 436 1819 454 πι-

1032 473 1104 506 στὸν,
1121 473 1208 500 καὶτὸ
1221 473 1333 504 εὐλαϐὲς
1348 472 1392 499 τοῦ
1409 473 1513 508 ἀνδρὸς,
1531 475 1571 500 ὅτι
1591 474 1620 500 ὲν
1645 473 1730 500 ἅπασι
1743 474 1818 500 δοκι-

1032 519 1156 554 μασθεὶς,
1173 520 1202 545 ὲν
1225 519 1313 546 οὐδενὶ
1332 519 1443 552 ἐξέπεσε
1466 519 1516 554 τῆς
1536 519 1707 555 δικαιοσύνης
1727 521 1741 546 ὁ
1763 529 1817 547 πα-

1031 565 1172 600 τριάρχης,
1182 565 1261 592 Ἀλλὰ
1274 566 1320 592 καὶ
1334 567 1363 592 ὲν
1379 565 1465 601 τούτῳ
1478 566 1605 601 συνεργὸν
1619 566 1681 601 ἔσχε
1695 566 1740 592 τὸν
1750 566 1817 593 Θεὸν

1032 611 1100 638 κατὰ
1115 611 1169 638 τῶν
1187 611 1293 647 ἀληθῶς
1307 611 1473 638 ἐπελθόντων
1486 613 1518 647 τῇ
1532 612 1586 638 τῶν
1599 612 1749 647 Σοδομιτῶν
1763 612 1818 647 χώ-

1032 665 1077 692 ρᾳ,
1093 657 1140 683 καὶ
1161 656 1344 692 ἀφελομένων,
1359 657 1404 683 καὶ
1425 657 1470 683 τὸν
1494 656 1650 692 ἀδελφιδοῦν
1672 658 1754 684 αὐτοῦ
1770 657 1817 684 τὸν

1031 703 1107 736 ἅγιον
1130 702 1200 734 Λὼτ,
1217 701 1246 729 ὃν
1269 703 1316 729 καὶ
1340 703 1495 738 ἀπέστρεψε
1513 703 1561 738 μὲν
1575 703 1643 738 μετὰ
1662 703 1751 738 πάσης
1765 703 1818 737 τῆς

1032 747 1202 779 σκυλεύσεως
1222 747 1269 773 καὶ
1292 747 1514 782 λαφυραγωγίας.
1540 748 1594 774 Καὶ
1621 748 1700 774 πόθεν
1717 748 1771 783 γὰρ
1784 749 1816 774 οὺ

1031 793 1172 828 δείξωμεν,
1188 793 1228 820 ὅτι
1242 791 1275 828 ἦν
1288 794 1332 820 ἀεὶ
1343 794 1406 825 Υἱὸς
1422 794 1468 820 σὺν
1484 793 1587 828 Hirpi;
1613 794 1660 820 Ἐν
1671 793 1748 828 ἀρχῇ
1761 794 1818 828 γὰρ

998 827 1018 854 Β
1033 837 1072 874 ἦν
1085 842 1101 866 ὁ
1114 827 1220 873 λόγος,
1240 827 1289 866 οιαὶ
1310 841 1326 867 ὀ
1342 840 1436 874 Λόγος
1452 837 1490 874 ἦν
1509 827 1583 873 πρὸς
1599 840 1651 866 τὸν
1667 827 1749 871 Θεὸν,
1765 827 1818 867 ira).

1033 885 1104 918 Θεὸς
1129 883 1168 921 ἦν
1190 886 1321 920 όΛόγος.
1345 885 1399 912 Καὶ
1419 886 1468 912 οὑκ
1490 883 1581 912 εἶπεν·
1604 886 1632 911 ’0
1650 886 1818 920 Μελχισεδὲκ

1032 931 1061 957 ἐν
1077 931 1146 966 ἀρχῇ
1163 929 1196 966 ἦν
1207 939 1214 947 ο
1243 931 1289 957 καὶ
1311 931 1409 957 πάλιν·
1431 929 1539 957 τΗλόνενν
1554 928 1610 957 οὖν
1623 931 1728 964 Κύριος
1743 930 1818 964 πρὸς

1039 977 1175 1011 Ἀϐραὰμ,
1189 977 1238 1004 καὶ
1265 977 1365 1009 ἔϐρεξε
1387 977 1494 1010 Κύριος
1516 975 1595 1010 παρὰ
1616 977 1724 1010 Kvplov
1747 977 1817 1010 πῦρ,

1032 1024 1082 1050 καὶ
1104 1023 1184 1050 θεῖον
1207 1023 1256 1049 ἐπὶ
1272 1022 1387 1057 Σόδομα
1401 1022 1450 1048 καὶ
1466 1022 1610 1056 Γόμοῤῥα.
1634 1022 1687 1048 Καὶ
1709 1023 1722 1047 ὁ
1742 1021 1817 1055 ἅγιος

1039 1069 1197 1100 Ἀπόστολός
1214 1077 1295 1104 φησιν
1305 1076 1311 1082 ’
1328 1065 1380 1100 Εἷς
1397 1067 1477 1100 Θεὸς,
1493 1067 1527 1099 ἐξ
1542 1065 1577 1094 οὗ
1590 1067 1624 1094 τὰ
1640 1066 1736 1093 πάντα
1747 1074 1754 1080 ·
1768 1066 1817 1093 καὶ

1032 1113 1075 1148 εἷς
1090 1115 1198 1149 Κύριος
1216 1113 1331 1147 Ἰησοῦς
1345 1113 1480 1148 Χριστὸς,
1494 1113 1530 1140 δι’
1542 1111 1577 1141 οὗ
1591 1112 1627 1139 τὰ
1640 1112 1746 1139 πάντα.

1069 1161 1124 1188 Καὶ
1138 1161 1180 1188 ἵνα
1200 1161 1236 1196 μή
1251 1169 1292 1192 τις
1305 1161 1379 1196 εϊπῃθ
1396 1158 1500 1186 Οὐκοῦν
1514 1158 1564 1185 ποῦ
1580 1158 1636 1184 ἔστι
1652 1157 1682 1183 τὸ
1696 1156 1816 1192 Πνεῦμα,

1033 1208 1126 1244 ἐπειδὴ
1149 1208 1212 1242 περὶ
1235 1207 1292 1238 ἑνός
1315 1207 1361 1232 καὶ
1383 1205 1441 1237 ἐνὸς
1462 1205 1611 1240 διηγεῖται;
1634 1204 1690 1230 Οὐκ
1713 1203 1764 1229 ἔδει
1788 1203 1819 1229 τὺ

1034 1253 1145 1288 Πνεῦμα
1157 1252 1354 1279 αὑτοσύστατον
1370 1250 1434 1277 αὐτὸ
1444 1249 1568 1282 γενέσθαι
1582 1247 1688 1275 ἑαυτοῦ,
1698 1247 1753 1272 Ἀεὶ⁸
1765 1246 1819 1281 γὰρ

1035 1298 1195 1334 φυλάττεται
1207 1298 1225 1332 ἡ
1237 1297 1296 1323 θεία
1307 1296 1402 1332 Γραφὴ
1416 1294 1597 1330 ὑπογραμμὸς
1608 1292 1818 1328 ήμῖν,γίνεσθαι.

1041 1344 1203 1378 Ἐφθέγγετο
1218 1340 1264 1369 οὖν
1281 1344 1308 1369 ἐν
1323 1341 1461 1377 Πνεύματι
1476 1340 1545 1375 ἁγίῳ
1559 1341 1574 1365 ὁ
1589 1338 1760 1369 Ἀπόστολος,
1773 1337 1820 1364 καὶ

1034 1390 1139 1424 ἐλεγεψ
1154 1388 1206 1422 Εἷς
1225 1389 1307 1422 Θεὸς,
1318 1389 1352 1421 ἐξ
1372 1386 1407 1415 οὗ
1421 1387 1456 1414 τὰ
1471 1387 1578 1418 πάντα,
1597 1385 1645 1412 καὶ
1657 1382 1701 1418 εἷς
1714 1385 1821 1418 Κύριοι,-

1041 1436 1155 1470 Ἰησοῦς
1182 1435 1318 1469 Χριστὸς,
1343 1435 1378 1461 δι’
1402 1432 1438 1461 οὗ
1464 1433 1499 1460 τὰ
1522 1430 1696 1460 πάι·τα.⁷Ην
1719 1432 1747 1458 δὲ
1772 1432 1821 1458 σὺν

196 1477 265 1505 Deus
281 1486 314 1505 ea:
327 1486 377 1513 quo
391 1479 491 1507 omnia.
504 1483 528 1505 et
540 1475 607 1505 unus
620 1478 748 1505 Dominus
762 1478 840 1505 Iesus
851 1478 982 1512 Christus,

1036 1481 1174 1517 Πνεύματι
1200 1481 1269 1516 ἁγίῳ
1290 1481 1376 1514 λέγων
1399 1479 1477 1506 τοῦτο
1490 1487 1496 1493 ·
1515 1479 1545 1505 οὑ
1566 1479 1620 1514 γὰρ
1643 1478 1685 1505 ἵνα
1711 1477 1789 1512 λείψῃ
1803 1478 1820 1512 ἡ

195 1531 241 1557 per
266 1531 340 1558 quem
353 1524 452 1550 omnia.
473 1522 509 1550 At
534 1523 580 1557 qui
606 1531 667 1550 cum
695 1522 798 1557 Spiritu
820 1528 916 1551 sancto
931 1524 984 1551 ista

195 1570 317 1602 dicebat,
347 1576 434 1604 neque
462 1575 585 1596 mancam
619 1576 680 1596 esse
707 1568 835 1596 Triadem
866 1570 982 1597 volebat.

196 1615 236 1642 Ad
248 1614 305 1642 haec
316 1614 448 1641 Dominus
463 1614 520 1648 ipse
533 1614 676 1647 perspicue
692 1613 773 1640 dicit:
785 1613 882 1640 Euntes
902 1614 985 1649 bapti-

196 1666 255 1688 zate
263 1669 349 1688 omnes
363 1666 449 1695 gentes
457 1661 482 1687 in
489 1661 591 1686 nomine
601 1660 704 1691 Patris,
712 1665 735 1687 et
743 1659 818 1692 Filii,
827 1666 850 1687 et
868 1660 984 1695 Spiritus

196 1708 281 1734 sancti
292 1707 313 1732 ".
329 1707 477 1741 Apostolus
493 1713 621 1741 quoque:
642 1705 714 1733 Unus
732 1714 790 1733 vero
801 1711 838 1733 est
852 1706 980 1741 Spiritus,

197 1754 285 1788 inquit
299 1754 319 1785 ⁸,
331 1753 449 1780 dividens
468 1752 550 1788 476
563 1753 701 1787 unicuique
711 1758 788 1786 prout
802 1753 866 1786 vult,
882 1753 916 1779 ad
925 1753 981 1787 ejus

198 1799 350 1826 utilitatem.
365 1798 404 1825 En
434 1799 517 1833 igitur
533 1798 623 1830 Pater,
638 1806 671 1825 en
691 1797 787 1829 Filius.
804 1806 837 1826 en
864 1798 982 1834 Spiritus

197 1849 328 1877 sanctus;
349 1852 484 1879 nusquam
517 1843 706 1871 Melchisedec.
738 1843 831 1879 Neque
857 1852 919 1871 cum
948 1845 983 1873 de

196 1891 355 1918 cteleslibus
378 1889 458 1917 donis
483 1890 584 1917 mentio
599 1889 638 1921 ﬁt,
658 1889 791 1924 impertiri
810 1889 866 1917 haec
885 1891 918 1917 ab
936 1891 983 1918 illo

197 1937 280 1968 dixit,
301 1944 388 1970 neque
413 1943 474 1962 cum
493 1935 527 1962 de
552 1935 715 1963 sublimibus
730 1935 871 1963 disseruit.
891 1935 988 1963 Proin-

198 1982 285 2017 deque
300 1983 401 2009 frustra
416 1981 549 2016 ejusmodi
564 1981 664 2008 abillis
678 1981 817 2008 mendacia
834 1981 867 2009 ad
882 1982 986 2009 animo-

199 2035 257 2054 "um
274 2027 448 2055 otfensionem
462 2028 578 2054 conficta
592 2026 783 2061 praedicantur.
794 2025 860 2059 Quae
874 2027 984 2061 quidem

1035 1527 1129 1562 Τριάς.
1153 1527 1238 1558 Αὐτὸς
1254 1527 1282 1553 δὲ
1299 1527 1313 1553 ὁ
1326 1526 1427 1560 Κύριος
1444 1525 1536 1559 σαφῶς
1561 1524 1645 1558 λέγει,
1662 1523 1703 1550 ὅτι
1724 1522 1822 1548 Ἀπελ-

1035 1574 1139 1605 θόντες
1151 1573 1320 1605 βαπτίσατε
1340 1570 1438 1597 πάντα
1455 1571 1490 1596 τὰ
1505 1570 1576 1602 ἔθνη
1596 1569 1639 1601 εις
1656 1567 1748 1601 ὄνομα
1761 1568 1821 1593 Πα-

1034 1618 1112 1652 τρὸς,
1131 1617 1180 1643 καὶ
1205 1615 1284 1647 Υιοῦ,
1305 1615 1353 1642 καὶ
1369 1615 1454 1648 ἁγίου
1474 1614 1653 1648 Πνεύμιῑτος.
1671 1612 1724 1638 Καὶ
1741 1610 1822 1637 πάλιν

1035 1665 1049 1690 ὁ
1070 1662 1230 1694 Ἀπόστολος
1255 1661 1346 1695 λέγει·
1379 1661 1430 1686 Ἓν
1451 1659 1484 1685 δέ
1504 1659 1569 1685 ἐστι
1590 1657 1623 1684 τὸ
1656 1656 1775 1691 Πνεῦμα
1788 1655 1821 1682 τὸ

1038 1709 1172 1743 διαιροῦν
1188 1708 1304 1741 ἑκάστῳ
1319 1707 1358 1740 ὡς
1369 1706 1511 1738 βούλεται
1525 1704 1599 1738 πρὸς
1611 1703 1643 1730 τὸ
1657 1702 1820 1737 σιψφέρον.

1045 1756 1110 1782 Ἰδοὺ
1128 1755 1217 1782 τοίνυν
1233 1753 1338 1789 Πατὴρ,
1355 1753 1408 1779 ἰδοὺ
1430 1752 1504 1784 Υἱὸς,
1521 1751 1574 1778 ἰδοὺ
1599 1750 1710 1784 Πνεῦμα
1734 1749 1820 1782 ἆγιον.

1040 1801 1096 1828 Καὶ
1116 1799 1235 1827 οὐδαμοῦ
1249 1797 1424 1833 Μελχισεδὲκ,
1442 1796 1503 1823 οὒτε
1524 1797 1552 1822 ὲν
1576 1796 1633 1826 τοῖς
1659 1794 1822 1829 χαρίσμασιν

1041 1844 1126 1878 εἶπεν,
1140 1846 1180 1872 ὃτι
1196 1845 1330 1880 δωρεῖται,
1347 1843 1406 1870 οὔτε
1426 1844 1454 1869 ὲν
1472 1843 1527 1873 τοῖς
1547 1840 1684 1876 ὑψώμασι.
1700 1839 1754 1865 Kal
1772 1839 1823 1873 μά-

1041 1901 1090 1927 την
1105 1891 1180 1927 παρὰ
1193 1891 1297 1922 τούτοις
1312 1890 1403 1926 ᾅδεται
1414 1889 1448 1915 τὰ
1468 1888 1551 1923 ψευδῆ
1567 1887 1614 1914 καὶ
1630 1884 1823 1919 ἐπινενοημένα.

1036 1939 1091 1966 τὼν
1108 1937 1339 1974 προσιίομμάτων,
1360 1936 1410 1962 οὐκ
1427 1934 1480 1961 ἀπὸ
1500 1935 1548 1969 τῆς
1569 1932 1706 1968 ἀληθείας,
1722 1930 1780 1957 ἀλλ’
1794 1929 1824 1961 eg

1037 1983 1120 2010 αὑτοῦ
1141 1982 1187 2009 τοῦ
1211 1982 1376 2017 συρίγματος
1395 1979 1442 2006 τοῦ
1463 1979 1624 2014 δράκοντος,
1648 1976 1684 2008 ὡς
1705 1975 1823 2010 ἑκάστην

1036 2029 1154 2065 ἠδυνήθη
1171 2026 1308 2062 ἀπατῆσαί
1323 2035 1352 2052 τε
1364 2025 1411 2052 καὶ
1423 2024 1567 2059 πλανῆσαι.

198 2081 253 2101 non
270 2081 304 2100 ex
321 2073 443 2104 veritate,
457 2073 504 2100 sed
519 2073 648 2100 draconis
665 2073 745 2100 stbilo
760 2072 881 2108 profecta
893 2078 975 2109 sunt;
996 2084 1046 2112 pro
1062 2084 1094 2104 eo
1112 2084 1144 2103 ac
1160 2074 1310 2110 quamlibet
1327 2077 1430 2100 sectam
1458 2071 1594 2106 decipere,
1617 2074 1698 2104 atque
1718 2069 1746 2095 in
1777 2075 1822 2094 er-

198 2127 287 2148 rorem
302 2119 436 2146 abducere
450 2118 548 2153 potuit.

234 2165 301 2191 Cum
318 2168 408 2191 autem
433 2164 540 2191 abunde
561 2164 617 2199 jam
632 2164 666 2192 de
683 2164 738 2192 illis
752 2165 920 2200 disputatum
933 2167 980 2200 sit,

1068 2165 1123 2192 Καὶ
1140 2164 1203 2199 περὶ
1216 2163 1318 2190 τούτων
1340 2162 1368 2188 δὲ
1385 2161 1485 2194 ἱκανῷς
1500 2159 1684 2195 διαλεχθέντες
1698 2160 1823 2187 καταλεί-

199 2211 298 2238 missos
313 2210 420 2237 demum
439 2209 585 2242 iaciamus,
603 2218 671 2245 quos
688 2211 773 2238 muris
789 2213 883 2239 aranei
902 2213 989 2241 instar

197 2256 284 2283 solida
304 2263 336 2283 ac
359 2256 449 2283 stabili
475 2256 526 2283 fide
539 2256 613 2283 velut
628 2256 715 2290 lapide
735 2258 933 2292 percussimus,
956 2266 988 2286 ac

199 2301 334 2328 letiferum
349 2301 424 2328 virus
437 2301 583 2329 evasimus.
601 2301 676 2329 Hanc
697 2302 770 2329 enim
791 2304 877 2330 muris
892 2304 986 2331 aranei

199 2351 323 2374 naturam
341 2355 402 2374 esse
419 2347 518 2377 ferunt.
533 2351 562 2374 ut
573 2355 588 2374 e
604 2348 719 2383 vestigio
749 2349 859 2383 quidem
883 2349 985 2376 nullam

197 2393 233 2424 ei.
252 2392 298 2428 qui
310 2400 418 2420 morsus
438 2397 490 2425 est,
507 2393 654 2428 perniciem
670 2393 768 2421 inferat
783 2403 790 2426 ;
807 2403 901 2421 verum
922 2402 985 2429 pau-

200 2438 276 2466 latim
307 2445 409 2474 corpus
432 2439 598 2474 exstinguat,
624 2445 656 2466 ac
679 2440 799 2467 membra
816 2439 876 2475 ejus
893 2440 985 2468 omnia

1039 2210 1250 2246 ψωμεντῶσπερ
1265 2208 1450 2244 μυογαλλίδιον
1462 2207 1527 2242 λίθῳ
1538 2207 1702 2237 πεπαικότες
1717 2206 1762 2232 διὰ
1773 2206 1823 2241 τῆς

1040 2256 1152 2292 στερεᾶς
1169 2255 1286 2286 πίστεως
1302 2254 1348 2280 καὶ
1364 2253 1559 2289 ἑδραιώματος,
1578 2252 1625 2278 καὶ
1644 2251 1773 2286 φυγόντες
1793 2251 1824 2277 τὸ

1040 2302 1141 2329 ἰοϐόλον
1161 2301 1332 2336 δηλητήριον.
1351 2299 1387 2326 Τὺ
1409 2299 1462 2334 γὰρ
1486 2297 1670 2334 μυογαλλίδιόν
1686 2298 1741 2332 (90)
1758 2305 1824 2332 φασι

1038 2348 1107 2383 πρὸς
1129 2348 1178 2382 μὲν
1199 2346 1247 2382 τὴν
1272 2346 1347 2382 ὥραν
1371 2345 1453 2381 μηδὲν
1475 2345 1576 2371 ἀδικεῖν
1589 2344 1635 2370 τὸν
1650 2343 1822 2378 δακνόμενον,

1037 2393 1125 2429 χρόνῳ
1139 2393 1166 2419 δέ
1182 2402 1234 2419 τινι
1255 2393 1286 2418 τὸ
1308 2392 1386 2427 σῶμα
1408 2392 1559 2426 ἀφανίζειν,
1577 2392 1621 2417 καὶ
1644 2391 1684 2422 εἰς
1705 2389 1823 2425 λώὸησιν

1037 2439 1164 2474 κελεφίας
1178 2438 1232 2473 (9|)
1248 2439 1299 2469 ἓως
1316 2438 1384 2464 ὅλων
1395 2438 1448 2464 τῶν
1467 2437 1553 2472 μελῶν
1569 2437 1646 2471 ἄγειν
1656 2437 1701 2463 τὸν
1714 2435 1823 2462 ὲπιὸου-

236 2539 246 2553 ¹
259 2537 327 2566 Gen.
341 2545 396 2570 xw,
409 2538 451 2566 13.
489 2539 499 2553 ¹
510 2538 588 2566 Joan.
605 2547 625 2572 ι,
641 2540 665 2566 1.
703 2539 713 2555 ³
729 2539 796 2567 Gen.
811 2547 867 2574 XIX,
883 2539 927 2566 24.
966 2539 977 2555 ⁸

1036 2540 1082 2567 lor.
1098 2548 1159 2571 νιιι,
1176 2541 1203 2566 6.
1241 2540 1251 2555 ¹
1267 2538 1361 2566 Matth.
1378 2545 1474 2568 xxvul.
1487 2538 1530 2564 l9.
1568 2538 1579 2553 ‘
1594 2536 1675 2563 lCor.
1693 2543 1744 2567 xu.
1763 2535 1805 2562 ll.

237 2631 293 2663 (90)
316 2631 350 2659 Τὸ
362 2631 417 2666 γὰρ
428 2631 654 2666 μυογτιίλίδιον.
671 2630 807 2658 Nicander
821 2631 897 2658 Ther.
913 2641 922 2657 :

200 2667 312 2702 Τυφλήν
328 2675 369 2697 τε,
391 2667 525 2702 σμερδνήν
539 2675 569 2692 τε
587 2666 692 2701 βροτοῖς
707 2667 753 2692 ἐπὶ
767 2667 856 2702 λοιγδν
869 2666 989 2700 ἄγουσαν

201 2701 348 2737 Μυγαλέην
363 2703 508 2736 τροχοῇσιν
531 2702 570 2728 ἐνὶ
587 2701 757 2736 (θνήσκουσαν
772 2701 901 2736 ἀμάξαις.

202 2736 314 2764 Scholia
341 2737 440 2764 docent
463 2737 490 2763 in
518 2741 638 2764 rotarum
665 2736 763 2764 orbitis
790 2737 990 2771 deprehensum

205 2780 308 2798 murem
325 2779 467 2803 araneum,
484 2772 557 2805 quod
574 2779 662 2799 czccus
679 2772 724 2802 sit,
744 2771 800 2798 illic
816 2770 942 2798 interﬁci.
957 2770 991 2798 At

204 2805 309 2835 Plinius
329 2807 376 2834 lib.
396 2814 434 2839 lx,
448 2814 472 2834 (·.
493 2807 525 2835 l8
543 2816 550 2834 :
571 2806 655 2834 Iidem
675 2806 819 2842 ubicunth
837 2807 900 2839 sint,
922 2806 992 2832 orbi-

1039 2635 1094 2657 tam
1107 2631 1131 2658 si
1143 2630 1280 2661 transiere,
1299 2631 1459 2662 moriuntur,
1471 2629 1549 2663 quasi
1565 2636 1617 2655 non
1631 2629 1731 2655 obtritu
1749 2633 1822 2654 rota-

1039 2674 1110 2698 rum,
1132 2665 1181 2693 sed
1203 2665 1365 2700 vi-quadam
1382 2665 1479 2692 orbitis
1496 2665 1564 2699 ipsis
1579 2664 1663 2691 indita
1677 2664 1823 2691 conﬁciant-

1040 2705 1133 2771 ἻΞΜ)
1152 2737 1204 2771 Εἷς
1217 2733 1350 2768 ,λώϐησιν
1365 2735 1516 2771 κελεφῖας.
1535 2734 1583 2760 Diu
1604 2733 1666 2771 quid
1688 2738 1760 2771 esset
1779 2741 1820 2759 κε-

1041 2768 1135 2804 λεερίαζς
1152 2770 1269 2804 λώϐησις
1288 2770 1470 2804 ignoravimns
1489 2778 1495 2796 :
1518 2772 1624 2798 tametsi
1649 2768 1821 2795 doctissimos

1042 2803 1186 2841 plerosque
1199 2803 1282 2837 viros,
1303 2803 1336 2832 ac
1360 2805 1507 2839 [‘fiCSCI'llIIl
1527 2803 1646 2832 medicos
1665 2803 1697 2831 dc
1711 2811 1741 2831 ea
1759 2811 1822 2830 vote
