1964 3047
172 116 220 144 991

873 112 904 142 S.
923 110 1095 139 EPIPHAMI

1744 105 1797 136 992

175 172 324 201 fortissime
346 175 475 207 suscepto
488 171 626 206 sapienter
647 171 674 198 in
685 170 782 206 primis
794 169 933 204 respondit
945 177 953 202 ;

1021 166 1104 193 ασθαι
1127 166 1157 192 τὸ
1177 165 1339 201 Χριστιανὸν
1354 164 1448 192 ἑαυτὸν
1463 163 1600 198 λέγειν.¹0
1612 162 1641 189 δὲ
1661 162 1752 197 σχεδὸν
1767 163 1798 190 ἐν

175 218 337 254 oegavitque
352 222 464 245 mortem
491 225 520 244 se
540 217 645 248 timere.
664 215 752 250 cujus.
770 215 820 242 etsi
839 215 955 249 impera-

176 265 229 291 tori
245 272 298 290 non
316 263 466 294 resisteret.
481 263 533 290 sibi
545 261 724 289 nihilominus
739 260 888 288 necessitas
904 259 956 286 im-

177 310 301 336 mineret.
318 308 355 335 lta
369 309 409 335 vir
425 309 468 335 ille
483 307 700 343 praeclarissimis
710 306 878 334 ornamentis
892 312 958 339 pra:-

177 354 251 380 ditus
266 354 398 380 hactenus
430 353 490 386 fuit,
504 353 590 381 donec
605 352 707 379 infelici
720 352 776 378 fato
788 358 867 378 suum
881 350 958 377 illum

178 399 206 425 in
229 406 350 425 erroretu
368 398 480 425 incidit:
495 398 619 425 similiter
633 401 714 431 atque
742 395 849 430 egregia
869 394 957 426 navis,

177 452 238 478 quae
256 443 369 471 iulluitis
385 447 483 470 onusta
499 443 647 473 mercibus,
678 441 711 468 ad
741 445 849 475 portum
874 440 957 471 illisa.

179 498 232 516 nou
252 489 331 516 modo
349 489 482 523 iacturam
503 495 593 515 rerum
621 487 743 515 omnium
771 486 847 519 facit,
860 485 907 513 sed
933 489 960 513 et

178 536 332 564 vectoribus
357 535 471 562 exitium
483 534 569 561 aufert.

215 667 247 694 11.
257 667 323 695 Nam
337 675 398 694 cum
414 667 448 694 ad
462 666 620 693 Valentinos
636 666 786 693 miserrime
802 672 861 693 sese
878 663 963 698 appli-

180 718 279 744 casset,
295 722 328 741 ex
342 721 436 740 eorum
452 713 625 747 improbitate
639 711 796 746 pestiferum
811 709 876 737 illud
888 711 963 736 virus

181 768 212 786 ac
227 760 318 786 lolium
335 759 480 786 contraxit.
498 757 581 784 Multa
600 757 642 784 hic
661 756 772 791 perinde
785 760 812 783 et
825 756 877 782 alia
889 755 964 790 prin-

181 805 261 839 cipia.
280 809 306 831 et
330 803 523 838 produt-tiones
549 802 660 828 invexit.
679 801 846 827 Mortuorum
869 807 963 827 resur-

1008 212 1084 245 τάξει
1096 212 1239 247 ὁμολογίας
1251 212 1379 247 κατέστη,
1393 211 1486 245 λόγους
1499 218 1528 236 τε
1542 209 1668 241 συνετοὺς
1683 210 1799 244 ἀπεκρί-

1009 267 1084 289 νατο,
1101 258 1170 293 ὑπὲρ
1184 257 1323 289 εὐσεϐείας
1335 256 1462 292 ἀνδρείως
1476 255 1703 290 ἀπολογούμενος,
1717 255 1799 281 θάνα-

1009 311 1056 329 τον
1073 303 1109 338 μὴ
1124 303 1238 330 δεδιέναι
1254 304 1352 338 φήσας,
1367 303 1397 329 ὃν
1409 303 1514 339 ἀνάγκῃ
1525 301 1643 332 ἔσεσθαι,
1661 300 1711 328 κᾶν
1721 309 1750 327 τε
1759 300 1799 335 τῷ

1012 349 1117 384 βασιλεί
1129 349 1166 384 μὴ
1178 349 1312 376 ἀντείποι.
1328 349 1382 375 Καὶ
1393 348 1479 380 οὕτως
1491 349 1505 374 6
1519 347 1588 382 ἀνὴρ
1601 347 1634 373 τὰ
1646 346 1733 372 πάντα
1750 354 1800 380 με-

1012 394 1102 428 γάλως
1116 392 1150 430 ἦν
1169 395 1384 429 κεκοσμημένος,
1397 395 1449 426 ἓως
1460 394 1504 420 ὅτε
1519 393 1558 428 τῷ
1570 393 1736 428 ἁποχήματι
1748 392 1800 426 τῆς

1012 440 1109 467 ἑαυτοῦ
1126 441 1257 475 αἱρέσεως
1272 440 1427 475 περιέπεσε,
1441 439 1517 473 δίκην
1531 439 1594 474 νηὸς
1607 437 1724 472 γεγονὼς
1734 437 1799 464 καλ-

1013 484 1114 520 λίστης,
1133 485 1230 520 φόρτον
1251 485 1279 511 δὲ
1302 484 1496 511 ἀσυνεικαστον
1511 483 1567 517 (95)
1586 481 1798 517 ἐμϐαλλομένης,

1013 532 1061 558 καὶ
1080 531 1155 566 παρὰ
1179 531 1228 562 τὰς
1254 532 1336 566 ὄχθας
1359 531 1405 558 τοῦ
1422 531 1530 566 λιμένος
1555 529 1739 564 λακισθείσης,
1753 529 1800 555 καὶ

1014 576 1184 612 ἀπολεσάσης
1198 585 1228 603 τε
1242 577 1290 612 τὴν
1308 578 1397 604 πᾶσαν
1417 576 1619 612 πραγματείαν,
1635 575 1681 601 καὶ
1697 575 1800 609 ἑτέροις

1014 623 1070 654 τοίς
1082 622 1225 653 ἐπιϐάταις
1241 622 1355 649 θάνατον
1371 622 1571 657 ἐμποιησάσης.

1054 668 1092 694 B’.
1114 668 1329 704 Προσφθείρεται
1342 667 1396 704 γὰρ
1410 665 1488 699 οὗτος
1497 666 1691 698 Οὐαλεντίνοις,
1707 666 1753 693 καὶ
1769 666 1800 691 ὲκ

1015 714 1065 748 τῆς
1074 713 1162 740 αὐτῶν
1174 713 1323 748 μοχθηρίας
1338 714 1468 749 ἀνιμᾶται
1483 713 1512 740 τὸ
1525 713 1687 748 δηλητήριον
1700 712 1802 738 τούτων

1017 759 1064 786 καὶ
1075 758 1240 791 ζιζανιῶδες.
1254 759 1356 790 Πολλὰς
1366 768 1396 786 τε
1410 761 1456 786 καὶ
1467 760 1550 790 ἄλλαις
1562 759 1610 786 καὶ
1622 758 1702 790 αὐτὸς
1715 756 1801 792 ἀρχὰς

1017 806 1064 832 καὶ
1080 805 1230 840 προσϐολὰς
1239 806 1246 820 ¹
1258 806 1415 840 διηγήσατο.
1429 805 1483 832 Kal.
1496 805 1544 840 τὴν
1553 805 1608 831 τῶν
1620 804 1722 839 νεκρῶν
1735 804 1802 830 ἀνά.-

182 851 327 877 rectionem
343 849 463 880 sustulit,
482 849 573 882 itaque
600 848 732 881 privatam
753 846 876 873 lta‘resim
899 853 965 872 con-

1021 859 1109 878 rrae'tv
1122 852 1319 887 ἀρνησάμενος,
1336 851 1495 886 ἐδογμάτισε
1509 851 1611 886 ταύτην
1625 851 1674 886 τὴν
1686 850 1801 885 αἵρεσιν.

183 895 260 923 didit.
275 895 360 922 Porro
376 895 441 929 legis
466 902 496 920 ac
516 894 707 928 prophetarum
726 892 820 924 libros,
844 891 966 925 adeoque

185 939 266 967 Vetus
279 948 310 967 ac
326 939 429 966 Novum
441 939 654 969 Testamentum.
673 945 778 965 necnon
796 937 965 972 apocryphos

182 987 315 1021 quosdam
341 986 460 1013 adhibet.
486 984 586 1011 Verqu
613 985 675 1016 iste,
696 991 758 1011 cum
779 983 812 1010 iis
826 983 965 1016 omnibus,

184 1033 231 1067 qui
246 1040 306 1059 eum
321 1035 537 1064 antecesserunt,
559 1035 605 1058 aut.
623 1034 715 1066 postea
729 1030 815 1057 secuti
830 1034 904 1060 sunt.
925 1029 966 1056 fa-

183 1079 234 1105 cile
248 1077 442 1108 confutabitur,
463 1081 492 1104 ut
515 1077 559 1111 qui
594 1084 610 1103 a
637 1076 752 1103 veritate
773 1076 893 1110 seipsutn
917 1076 965 1103 ab-

182 1123 350 1155 alienaverit,
367 1130 398 1149 ac
409 1122 482 1149 velut.
499 1129 532 1148 ex
547 1122 623 1156 ignea
643 1120 849 1156 splendentique
869 1120 926 1148 face
938 1121 965 1148 in

184 1167 322 1202 fuliginem
339 1174 489 1194 conversus
505 1167 550 1193 sit.

219 1211 296 1244 Quod
310 1212 383 1238 enim
401 1211 434 1237 ad
462 1215 631 1238 mortuorum
650 1210 840 1237 excitationem
858 1211 965 1243 attinet,

185 1257 246 1284 licet
257 1256 290 1284 de
302 1264 333 1284 ea
349 1257 449 1292 saepius
463 1257 488 1283 in
498 1257 558 1283 aliis
574 1256 723 1284 hrercsibus
736 1257 904 1291 disputatum
919 1257 965 1290 sit,

185 1311 238 1330 non
253 1303 386 1338 gravabor
417 1303 515 1330 iterum
533 1303 628 1336 paucis
651 1303 683 1330 ad
705 1310 766 1329 eum
785 1302 963 1330 refellendum

183 1349 278 1376 eadem
297 1348 330 1376 de
345 1356 373 1376 re
385 1348 530 1376 disserere.
547 1347 612 1374 Nam
632 1348 655 1375 si
669 1347 751 1375 Vetus
761 1347 965 1375 Testamentum

185 1403 217 1422 ac
232 1394 336 1422 Novum
364 1394 495 1425 admittis.
519 1402 609 1421 nonne
627 1399 654 1422 et
673 1394 830 1429 corrupisse
843 1395 967 1423 veritatis

185 1440 268 1470 viam.
284 1445 309 1467 et
323 1447 338 1466 a
357 1440 499 1467 verissima
530 1438 635 1466 Domini
659 1439 714 1466 vita
734 1440 883 1467 abhorrere
906 1447 966 1467 ma-

185 1483 285 1511 nifeste
300 1484 490 1512 convinceris?
505 1484 643 1519 Siquidem
662 1484 789 1519 princeps
808 1485 865 1518 ipse
876 1484 964 1511 Domi-

185 1537 249 1560 nus,
269 1529 307 1556 uti
326 1529 403 1556 nobis
417 1527 628 1556 resurrectionis
642 1527 758 1554 arrhabo
774 1527 882 1562 quidem
899 1531 970 1554 esset
984 1529 1005 1555 C

185 1581 218 1601 ac
235 1573 431 1608 primogenitus
447 1581 462 1600 e
478 1573 605 1604 mortuis,
627 1575 720 1599 nostra
736 1579 819 1599 causa
845 1576 968 1599 mortuus

185 1625 227 1647 est
247 1628 279 1647 ac
292 1619 482 1651 resurrexit’;
498 1627 586 1654 neque
603 1619 693 1653 specie
708 1622 788 1645 tenus
800 1622 843 1645 est
859 1625 968 1651 passus,

186 1669 279 1700 utpote
288 1664 371 1701 578
385 1665 430 1699 qui
449 1664 485 1691 sit
503 1664 638 1700 sepultus,
658 1665 772 1698 ejusque
787 1671 887 1699 corpus
902 1672 970 1692 non-

186 1711 254 1737 nulli
269 1710 443 1745 gestaverint.
461 1709 550 1737 Testis
565 1713 607 1737 est
625 1709 760 1744 Josephus
776 1709 970 1737 Arimathmen-

187 1757 226 1783 sis
238 1756 258 1782 ³.
277 1755 372 1783 Testes
398 1755 449 1782 illa:
466 1755 595 1782 mulieres
618 1762 678 1789 quae
705 1754 739 1781 ad
764 1760 970 1782 monumentum

187 1806 324 1837 unguenta
349 1802 506 1829 detulerunt
524 1801 546 1828 ⁵.
569 1801 665 1828 Testes
686 1805 793 1828 centum
818 1801 871 1828 illae
896 1802 969 1829 aloes

187 1848 291 1880 librte',
305 1855 358 1874 non
367 1855 427 1874 eam
438 1847 545 1874 inanetn
563 1847 718 1882 opinionem
729 1851 812 1882 atque
825 1847 970 1882 imaginem

189 1893 284 1922 fuisse.
315 1891 411 1920 Testes
433 1892 550 1927 denique
581 1892 680 1927 angeli,
697 1893 743 1926 qui
765 1892 792 1919 id
810 1891 970 1919 mulieribus

187 1939 363 1967 declararint.
388 1938 520 1970 Surrexit,
545 1938 680 1973 inquiunt,
702 1946 754 1964 non
768 1943 806 1965 est
820 1938 872 1964 hic.
900 1937 970 1970 Quid

187 1986 306 2021 qutcrt'tis
321 1985 443 2012 viventem
458 1992 516 2011 cum
532 1984 642 2011 mortuis
657 1985 688 2010 ’Ἰ
699 1984 792 2019 Neque
809 1991 873 2011 vero
891 1984 969 2017 dixit,

188 2031 246 2058 Non
260 2035 303 2058 est
311 2034 453 2061 mortuus;
463 2029 521 2062 sed,
530 2030 662 2062 Surrexit,
672 2031 718 2064 qui
733 2030 759 2057 iu
770 2038 852 2057 carne
862 2039 970 2065 passus,

188 2077 285 2112 spiritu
293 2081 421 2112 perpetuo
429 2076 505 2108 vivit,
514 2083 546 2102 ac
558 2076 706 2104 secundum
716 2077 884 2104 divinitatem
894 2085 970 2104 suam

189 2123 372 2159 perpessionis
379 2123 469 2150 omnis
476 2127 518 2149 est
529 2130 636 2158 expers.
651 2122 702 2155 Qui
713 2131 729 2151 e
740 2124 874 2158 supremis
882 2128 969 2157 ortus,

189 2175 215 2196 ει
226 2177 241 2196 a
257 2169 335 2195 Patre
353 2168 461 2203 genitus
471 2171 600 2203 perpetuo
608 2168 725 2195 exsistit.
737 2169 807 2196 Idem
821 2173 911 2196 tamen
926 2177 971 2197 no-

189 2214 311 2242 vissimis
326 2214 494 2248 temporibus
517 2221 550 2241 ex
578 2213 663 2241 Maria
681 2213 794 2249 Virgine
810 2215 892 2242 homo
913 2215 970 2242 fieri

189 2260 286 2291 voluit,
314 2264 342 2287 ut
358 2259 460 2286 Paulus
486 2265 601 2287 testatur
618 2260 659 2287 his
681 2260 773 2288 verbis
791 2270 797 2287 :
816 2259 916 2287 Factus
939 2269 972 2288 ea:

190 2306 307 2336 muliere,
333 2305 419 2340 {actus
435 2305 482 2332 sub
505 2306 557 2340 lege
572 2306 595 2333 '.
612 2305 793 2340 Nunquamne
809 2306 882 2333 illam
899 2306 972 2333 Scri-

191 2355 277 2384 ptura:
301 2351 464 2378 sententiam
490 2351 625 2377 exaudisti
645 2360 651 2377 :
669 2350 775 2385 Oportet
799 2351 972 2385 corruptibile

191 2395 297 2423 induere
320 2395 551 2429 incorruptionem,
571 2400 595 2421 et
618 2395 729 2422 mortale
739 2397 785 2422 hoc
799 2395 906 2422 induere
921 2397 967 2422 im-

192 2441 381 2468 mortalitatem
394 2441 424 2467 ”?
459 2440 556 2468 Annon
595 2440 644 2467 tibi
658 2441 742 2468 Isaias
760 2441 890 2476 propheta
915 2449 972 2476 per-

192 2488 290 2519 suasit.
315 2494 376 2514 cum
392 2487 429 2513 ita
453 2486 590 2520 loquitur:
609 2486 642 2513 Et
668 2487 765 2513 mortui
787 2492 933 2519 resurgent,
947 2492 970 2514 et

191 2533 374 2562 excitabuntur
392 2532 470 2566 quiin
485 2532 648 2558 monimentis
660 2537 721 2558 sunt
729 2532 757 2559 ’2
766 2530 805 2559 Ad
815 2531 873 2559 hate
881 2532 973 2559 Domi-

193 2587 244 2606 nus
255 2579 311 2613 ipse
321 2587 328 2604 :
340 2577 494 2611 Resurgettt.
509 2577 606 2612 inquit,
620 2577 646 2602 lii
665 2577 691 2602 in
705 2578 784 2603 vitam
797 2581 934 2609 (uernam,
947 2583 971 2605 et

230 2656 238 2671 ¹
258 2655 320 2689 ch.
331 2653 484 2690 7119060}5t;.
531 2654 542 2668 "
557 2653 614 2680 Col.
631 2661 652 2690 l»,
668 2653 712 2690 28.

193 2698 268 2718 .‘xtv.
284 2688 311 2718 5}
326 2688 367 2718 ϐξ
389 2689 398 2705 ⁷
414 2688 473 2716 Gal.
495 2697 532 2721 tv,
547 2690 572 2716 4.
611 2689 622 2704 ⁸
637 2688 646 2714 Ι
659 2689 722 2716 Cor.
743 2695 787 2720 xv,
805 2689 848 2716 55.

229 2748 285 2781 (95)
302 2747 414 2780 Φιφτον
421 2745 454 2772 δὲ
461 2745 693 2781 ἀσυνείκαστον,
705 2743 760 2771 lloe
768 2745 888 2779 estquod
899 2745 973 2781 nulla

193 2779 352 2814 conjectura
378 2789 432 2815 prae
460 2780 538 2814 copia
566 2787 598 2815 ac
623 2779 710 2814 pretio
741 2784 828 2813 potest
853 2780 973 2815 assequi.

195 2816 274 2850 Quod
290 2814 440 2853 simplicius
455 2816 520 2845 Inibi
534 2814 650 2848 videtur,
665 2822 747 2849 quam
762 2815 835 2849 quod
851 2814 971 2843 Casaub.

765 2653 775 2668 ³
790 2653 884 2680 Matth.
910 2661 1000 2684 xxvu,
1016 2654 1059 2681 57.

1023 896 1130 932 Χρῆται
1146 896 1174 922 δὲ
1191 896 1264 931 νόμῳ
1281 896 1328 922 καὶ
1347 896 1509 932 προφήταις.
1521 895 1626 930 Παλαιᾷ
1639 903 1669 921 τε
1683 895 1729 921 καὶ
1740 894 1793 920 Kal.

1019 943 1052 977 νῇ
1074 942 1204 977 Διαθήκῃ,
1225 941 1272 968 καὶ
1297 941 1466 975 ἁποκρύςεοις
1488 941 1558 967 τισὶν
1578 939 1804 971 ὠσαύτως.⁴Δνα-

1018 988 1188 1022 τραπήσεται
1205 986 1233 1013 δὲ
1251 986 1296 1012 καὶ
1313 986 1392 1018 αὐτὸς
1421 985 1489 1020 μετὰ
1509 986 1616 1012 πάντων
1628 985 1682 1011 τῶν
1695 984 1747 1019 πρὸ
1757 984 1807 1011 αὑ-

1019 1032 1065 1059 τοῦ
1091 1041 1120 1058 τε
1144 1032 1190 1058 καὶ
1212 1031 1266 1057 τῶν
1285 1030 1343 1064 μετ’
1356 1031 1447 1062 αὑτὸν,
1465 1029 1688 1066 ἀπαλλοτριῶσας
1709 1029 1804 1056 ἑαυτὸν

1018 1077 1069 1110 τῆς
1083 1076 1222 1112 ἀληθείας,
1238 1077 1284 1103 καὶ
1301 1076 1338 1108 ὡς
1350 1076 1404 1103 ἀπὸ
1418 1077 1556 1111 λαμπάδος
1571 1075 1655 1111 πυρὸς
1673 1075 1804 1110 φωτεινῆς

1019 1125 1059 1156 είς
1073 1125 1191 1160 ἀσεόλην
1210 1124 1361 1160 μεταϐεωη
1366 1124 1455 1159 μένος.

1055 1212 1121 1248 Περὶ
1136 1212 1184 1247 μὲν
1198 1211 1252 1247 γὰρ
1264 1211 1367 1246 νεκρῶν
1376 1211 1548 1243 ἀναστάσεως
1562 1210 1612 1246 ἤδη
1623 1211 1689 1245 ἡμῖν
1703 1210 1731 1236 ὲν
1743 1208 1806 1236 πυλ-

1019 1257 1079 1289 λαῖς
1098 1258 1234 1293 αἱρέσεσιν
1257 1258 1379 1293 εἴρηταιθ
1400 1257 1429 1284 οὺ
1447 1257 1559 1291 λυπήσει
1573 1256 1601 1282 δὲ
1618 1256 1664 1282 καὶ
1680 1253 1756 1286 αὖθις
1776 1256 1806 1282 ὲν

1019 1305 1052 1339 τῇ
1067 1303 1135 1339 πρὸς
1149 1303 1243 1330 τοῦτον
1259 1303 1397 1338 ἀνατροπῇ
1423 1302 1575 1338 χρήσασθαι
1592 1301 1691 1335 ὀλίγοις
1706 1301 1805 1335 λόγοις.

1019 1349 1051 1376 El
1067 1349 1116 1384 μὲν
1129 1349 1183 1386 γὰρ
1195 1349 1244 1385 τὴν
1257 1349 1377 1375 Παλαιὰν
1392 1348 1528 1383 Διαθήκην
1539 1347 1613 1383 δέχῃ,
1626 1344 1648 1373 ὧ
1660 1344 1746 1378 οὗτος,
1759 1347 1806 1374 καὶ

1019 1393 1068 1429 τὴν
1091 1394 1195 1430 Καινὴν
1220 1394 1360 1426 ὡσαύτως,
1374 1393 1455 1420 πόθεν
1478 1393 1527 1420 οὐκ
1550 1392 1701 1429 ἑλεγχθήσῃ
1720 1401 1806 1428 παρα-

1021 1439 1138 1475 φθείρων
1149 1440 1199 1475 τὴν
1215 1441 1264 1475 τῆς
1276 1439 1405 1475 ἀληθείας
1416 1439 1484 1471 ὁδὸν,
1501 1439 1546 1466 καὶ
1561 1439 1655 1466 ἑαυτὸν
1671 1438 1807 1470 ἀποξενῶν

1020 1488 1070 1522 τῆς
1081 1486 1129 1512 τοῦ
1143 1485 1246 1521 Κυρίου
1266 1486 1295 1512 ὲν
1311 1485 1426 1521 ἀληθείᾳ
1446 1485 1534 1520 ζωῆς;
1552 1485 1613 1511 Ὀτι
1631 1484 1679 1519 μὲν
1693 1483 1747 1518 γὰρ
1759 1483 1807 1509 αὖ·

1021 1532 1067 1564 τὸς
1079 1534 1093 1559 6
1108 1531 1209 1568 Κύριος
1224 1531 1339 1567 πρῶτος,
1355 1531 1397 1557 ἵνα
1412 1531 1522 1566 γένηται
1537 1531 1602 1565 ἡμῖν
1618 1529 1744 1565 ἀρραϐὼν
1758 1529 1807 1563 τῆς

1022 1578 1206 1608 ἀναστάσεως,
1225 1577 1270 1603 καὶ
1296 1577 1467 1612 πρωτότοκος
1489 1577 1521 1602 ὲκ
1544 1575 1598 1602 τῶν
1623 1574 1738 1610 νεκρῶν,
1761 1574 1806 1600 καὶ

1023 1624 1156 1652 ἀπέθανεν
1173 1623 1242 1658 ὑπὲρ
1254 1623 1270 1658 ἡ
1275 1622 1343 1658 μῶν,
1357 1622 1403 1648 καὶ
1418 1621 1528 1655 ἀνέστη.
1545 1621 1599 1646 Kal.
1611 1620 1659 1654 οὐχ
1675 1619 1767 1650 ἁπλῶς
1781 1619 1807 1644 εν

1023 1670 1133 1704 δοκήσει
1159 1666 1412 1701 πέπονθεν.Ἐτάφη
1435 1666 1498 1702 γὰρ,
1512 1666 1558 1693 καὶ
1579 1665 1609 1691 τὸ
1633 1664 1712 1698 σῶμα
1726 1661 1807 1690 αὐτοῦ

1024 1716 1215 1751 βεόαστάχασι.
1232 1714 1287 1740 Kal.
1313 1714 1447 1749 μαρτυρεί
1470 1713 1518 1748 μὲν
1533 1712 1631 1747 Ἰωσὴφ
1644 1712 1657 1738 6
1669 1711 1724 1737 ἀπὸ
1735 1710 1807 1744 ’Δριε

1025 1760 1152 1796 μαθαίας,
1169 1757 1335 1794 μαρτυροῦσι
1360 1757 1407 1784 καὶ
1432 1758 1459 1784 αἱ
1485 1758 1613 1792 φέρουσαι
1640 1755 1713 1790 μῦρα
1727 1755 1764 1785 είς
1778 1753 1807 1779 τὸ

1025 1807 1129 1841 μνῆμα,
1143 1806 1189 1832 καὶ
1203 1806 1219 1840 ἡ
1236 1804 1289 1830 τῶν
1302 1803 1398 1829 ἑκατὸν
1413 1802 1509 1837 λιτρῶν
1521 1802 1603 1837 ἀλόης
1616 1800 1691 1835 ὁλκὴ,
1708 1800 1748 1826 ὅτι
1759 1799 1807 1825 οὐκ

1022 1850 1056 1888 ἦν
1072 1852 1190 1887 δόκησις,
1204 1850 1262 1877 οὐδὲ
1275 1848 1418 1883 φαντασία.
1433 1847 1606 1883 Ἀιαρτυροῦσι
1620 1846 1648 1872 δὲ
1660 1846 1706 1872 καὶ
1720 1846 1744 1872 οἱ
1759 1845 1806 1878 ἆγ-

1024 1898 1096 1932 γελοι
1122 1899 1181 1929 ταῖς
1204 1897 1312 1931 γυναιξὶ
1338 1896 1503 1932 πεφηνότες,
1529 1894 1571 1920 ὃτι
1595 1892 1727 1925 Ἀνέστη,
1753 1892 1808 1918 οὐκ

1023 1945 1107 1970 ἐστιν
1125 1940 1191 1970 ὦδεῖ
1216 1943 1246 1969 Τί
1254 1942 1362 1977 ζητεῖτε
1371 1943 1424 1969 τὸν
1432 1941 1524 1971 ζῶντα
1533 1939 1606 1974 μετὰ
1614 1937 1672 1965 τῶν
1679 1937 1808 1971 νεκρῶν;

1024 1989 1078 2015 Καὶ
1091 1988 1140 2014 οὐκ
1159 1986 1244 2020 εἶπεν,
1263 1988 1303 2014 ὅτι
1320 1988 1376 2014 Οὐκ
1391 1986 1540 2013 ἀπέθανεν·
1559 1983 1781 2017 ἀλλὰ.Ἀνέστη,
1795 1983 1809 2009 6

1024 2034 1165 2065 πεπονθὼς
1188 2035 1216 2060 ἐν
1240 2034 1331 2070 σαρκὶ,
1348 2034 1401 2066 ζῶν
1423 2032 1452 2059 δὲ
1478 2032 1521 2058 ἀεὶ
1546 2032 1574 2057 ὲν
1599 2030 1742 2064 πνεύματι,
1762 2028 1810 2055 καὶ

1024 2078 1132 2113 ἀπαθὴς
1144 2077 1181 2104 ὼν
1193 2079 1222 2104 ὲν
1235 2079 1267 2113 τῇ
1286 2078 1338 2113 ἰδίᾳ
1353 2077 1468 2111 Θεότητι,
1485 2077 1500 2101 ὁ
1512 2073 1614 2102 ἄνωθεν
1635 2073 1679 2099 ἀεὶ
1698 2073 1730 2098 ὲκ
1753 2071 1810 2109 Πατ

1024 2122 1088 2157 τρδς
1099 2122 1294 2157 γεγεννημένος
1305 2122 1444 2157 ὑπάρχων,
1458 2121 1472 2147 6
1485 2121 1527 2146 ἐπ’
1539 2119 1659 2154 ἐσχάτων
1673 2117 1728 2143 τῶν
1741 2117 1810 2151 ἡμε-

1026 2168 1080 2202 ρῶν
1096 2168 1245 2203 εὑδοκήσας
1261 2168 1314 2194 ἀπὸ
1330 2167 1438 2203 Μαρίας
1458 2167 1509 2202 τῆς
1530 2165 1670 2201 Παρθένου
1685 2163 1810 2198 γενέσθαι

988 2206 1009 2233 D
1024 2213 1174 2249 ἄνθρωπος,
1187 2213 1224 2245 ὡς
1241 2214 1374 2249 μαρτυρεῖ
1391 2212 1496 2243 Παῦλος
1510 2213 1524 2238 6
1536 2210 1695 2245 ἁγιώτατος,
1712 2209 1809 2243 λέγων’

1026 2261 1190 2295 Γενόμενος
1214 2260 1248 2287 ἑκ
1271 2260 1421 2294 γυναικὸς,
1438 2259 1597 2294 γενόμενος
1621 2257 1680 2284 ὑπὸ
1706 2257 1809 2290 νόμον.

1024 2303 1097 2341 Ἀρά
1109 2315 1141 2340 γε
1152 2305 1226 2332 οὔπω
1238 2306 1357 2341 ἠκουσας
1367 2305 1413 2331 τοῦ
1424 2303 1505 2340 ῥητοῦ
1514 2303 1560 2330 τοῦ
1571 2302 1752 2337 λέγοντος,ὅτι
1764 2301 1810 2328 Δεῖ

1024 2351 1057 2377 τὸ
1070 2351 1201 2385 φθαρτὸν
1219 2351 1306 2378 τοῦτο
1320 2351 1504 2377 ἐνδύσασθαι
1520 2348 1700 2383 ἀφθαρσίαν,
1716 2347 1764 2378 καὶ
1777 2347 1810 2373 τὸ

1025 2396 1134 2429 θνητὸν
1164 2395 1252 2423 τοῦτο
1281 2395 1466 2422 ἐνδύσασθαι
1492 2394 1676 2424 ἁθανασίαν;
1700 2390 1737 2418 Ἦ
1761 2392 1810 2418 οὐκ

1024 2441 1116 2468 ἐπεισέ
1129 2450 1158 2468 σε
1175 2442 1286 2474 Ἡσαΐας
1302 2443 1316 2468 6
1331 2442 1482 2478 προφήτης,
1496 2441 1584 2474 λέγων
1595 2449 1601 2455 ·
1618 2440 1671 2467 Καὶ
1683 2439 1812 2472 ἀναστή-

1024 2496 1129 2514 σονται
1154 2489 1182 2514 οἱ
1203 2488 1314 2521 νεκροὶ,
1341 2487 1390 2514 καὶ
1413 2486 1625 2521 ἐγερθήσονται
1647 2487 1673 2512 οἱ
1696 2485 1730 2511 ὲν
1750 2484 1810 2518 τοῖς

1021 2532 1175 2567 μνημείοις
1184 2541 1193 2564 ;
1201 2533 1297 2564 Ἀὐτὸς
1309 2533 1337 2559 δὲ
1349 2533 1364 2559 ὁ
1377 2532 1478 2567 Κύριος
1493 2532 1580 2566 λέγων
1592 2532 1612 2562 .“
1621 2532 1661 2558 ὃτι
1683 2531 1813 2566 Ἐγερθή-

1024 2586 1129 2605 σονται
1145 2576 1227 2606 οὗτοι
1245 2579 1289 2611 εὶς
1311 2579 1384 2613 ζωὴν
1403 2577 1533 2609 αἰώνιον,
1547 2577 1596 2604 καὶ
1613 2575 1694 2604 οὗτοι
1709 2578 1753 2609 εὶς
1767 2577 1813 2604 κό-

1112 2655 1123 2670 ⁸
1138 2654 1232 2682 Matth.
1251 2663 1347 2687 xxrttt,
1365 2655 1389 2682 1.
1437 2655 1448 2670 ⁵
1464 2654 1543 2682 Joan.
1560 2663 1615 2684 xtx.
1629 2653 1672 2681 59.
1718 2653 1729 2669 ⁸
1743 2652 1812 2681 Luc.

1437 2655 1448 2670 "
1464 2654 1543 2682 Joan.
1560 2663 1615 2684 xix.
1629 2653 1672 2681 59.

896 2690 906 2705 ⁹
923 2689 974 2716 lsa.
991 2697 1065 2721 xxvt,
1084 2690 1127 2718 19.

1028 2746 1152 2786 placebat
1165 2740 1335 2776 ἂνείκαςτον,
1350 2745 1390 2773 sic
1400 2746 1472 2773 enim
1490 2745 1555 2781 legit
1569 2745 1639 2773 idem
1648 2752 1719 2777 esse,
1731 2748 1812 2782 atque

1029 2788 1134 2809 mmmte
1149 2786 1341 2817 congruentem.
