1964 3047
182 108 236 136 995

892 107 920 134 S.
943 106 1114 134 EPIPHANII

1767 104 1820 134 996

182 168 234 196 hos
255 167 311 195 fere
331 170 440 194 centum
457 173 489 193 ac
506 165 648 201 triuginta,
673 166 702 193 in
732 165 797 193 Asia
822 165 968 198 oriundus,

1027 166 1075 192 τῶν
1100 165 1203 192 τούτων
1231 165 1329 191 ἑκατὸν
1357 155 1516 199 τριάκοντα,
1545 163 1631 190 πλείω
1661 162 1678 198 ἦ
1702 164 1821 197 ἐλάσσω,

182 215 251 242 urbe
264 213 382 249 Epheso.
398 212 451 246 Qui
463 213 552 239 alieno
575 211 673 246 spiritu
699 211 804 239 amatus
828 219 860 238 ea
886 211 977 239 dicere

182 267 216 287 ac
242 259 340 286 docere
368 265 453 285 ausus
488 261 540 286 cst.
572 264 633 292 quae
664 264 714 284 nec
738 257 894 292 prophetae,
927 265 976 284 nec

161 300 167 310 ⁶
183 304 310 339 apostoli,
325 311 375 330 nec
388 302 509 330 Ecclesia
527 301 562 328 ab
587 302 666 329 initio
691 302 788 334 tenuit,
807 309 839 328 ac
853 309 887 329 ne
901 302 977 337 cogi-

183 351 250 377 tavit
262 350 383 385 quidem.

217 437 302 473 Igitur
316 437 391 464 velut
412 436 530 472 quadam
543 436 632 463 elatus
658 435 766 463 insania
784 443 897 471 passum
913 444 975 464 esse

187 484 294 512 Patrem
307 491 362 510 non
380 482 518 509 dubitavit
530 489 665 510 asserere.
683 481 735 508 Sed
751 485 779 509 et
794 481 891 516 majori
908 490 976 518 qua-

184 529 246 556 dam
262 528 420 563 arrogantia
448 535 480 555 ae
497 527 623 554 vecordia
651 527 739 555 elatus
765 535 826 555 sese
843 526 973 563 Moysem,

184 575 296 602 fratrem
312 582 377 601 vero
388 581 468 601 suum
484 573 619 601 Aaroncm
632 581 694 600 esse
704 572 782 600 dixit.
800 573 874 600 Inter
889 573 975 609 480

185 622 244 649 hate
257 622 344 648 beate
359 620 497 648 memoriae
508 619 661 655 presbyteri
687 619 747 654 ejus
764 619 803 646 rei
829 618 900 646 fama
918 627 976 653 per-

185 667 252 694 moti
268 667 405 695 hominem
422 666 575 693 advocant:
589 665 677 700 deque
693 665 736 692 his
751 665 879 692 omnibus
892 665 975 692 inter-

185 718 294 748 rogant,
310 717 465 740 utrumnam
489 716 542 738 tam
570 711 798 739 contumeliosum
819 711 846 738 in
862 710 972 738 Patrem

183 758 281 793 dogma
303 757 504 792 proposuisset.
519 757 554 783 At
577 757 622 784 ille
641 764 734 784 coram
750 756 973 791 presbyterorum

182 811 315 831 consessu
330 803 479 838 productus
490 803 603 830 inficiari
616 803 715 838 primo,
725 801 799 837 quod
811 805 873 829 ante
884 802 973 836 ipsum

182 857 264 877 nemo
281 854 357 877 atrox
379 849 445 876 illud
465 853 547 883 atque
575 848 685 876 exitiale
700 847 776 874 virus
795 847 972 874 evomuisset.
991 841 1011 869 Β

183 896 279 924 Postea
298 903 374 923 vero.
389 903 450 922 cum
477 895 581 922 rabiem
610 901 687 922 suam
718 893 868 924 nonnullis,
889 897 919 919 ut
938 893 975 918 ita

182 943 284 974 dicam,
302 942 476 976 aspcrsisset,
498 948 529 967 ac
541 941 634 968 decem
650 940 708 967 fere
723 940 847 967 homines
862 939 914 966 sibi
929 939 976 966 ad-

181 989 331 1024 junxisset,
358 987 488 1022 majorem
517 988 544 1014 in
564 987 720 1021 superbiam
753 990 835 1020 atque
859 985 977 1012 insolen-

183 1036 250 1062 tiam
264 1035 363 1067 elatus,
382 1039 465 1069 atque
478 1033 607 1061 audacior
626 1032 726 1064 factus,
742 1033 830 1068 palam
850 1032 974 1059 lizeresim

183 1089 262 1109 suam
272 1079 598 1109 disseminavit.Proinde
610 1087 721 1107 rursum
730 1079 801 1106 idem
813 1079 852 1106 illi
862 1079 976 1114 presby-

185 1127 247 1160 teri,
259 1131 314 1154 tam
328 1127 427 1162 ipsum,
444 1134 525 1161 quam
538 1126 584 1161 qui
601 1134 631 1154 se
645 1125 678 1153 ad
693 1134 754 1153 eum
769 1125 917 1153 infeliciter
929 1133 976 1161 a3—

183 1177 336 1208 gregarent,
350 1178 503 1204 arcessunt,
520 1177 602 1207 atque
616 1172 711 1200 iisdem
724 1171 758 1199 de
773 1172 856 1199 rebus
880 1172 976 1200 scisci-

183 1222 288 1246 tantur.
303 1219 351 1246 llle
361 1226 423 1245 cum
441 1226 523 1253 grege
547 1226 598 1246 suo
625 1217 742 1245 frontem
761 1217 914 1252 perfricans
927 1224 975 1244 au-

183 1264 278 1291 dacter
305 1264 492 1292 contradicere
511 1263 612 1298 cmpit;
629 1270 672 1295 ac,
687 1262 769 1296 Quid,
796 1263 894 1298 inquit,
909 1263 973 1290 mali

184 1309 259 1337 feci?
276 1309 365 1337 Unum
381 1309 464 1337 Deum
481 1317 606 1342 veneror,
619 1317 703 1336 unum
714 1309 796 1342 novi;
813 1317 863 1336 nec
877 1315 974 1344 praeter

183 1357 273 1391 ipsum
284 1358 399 1384 alterum
416 1359 521 1387 natum,
536 1363 658 1390 passum,
669 1360 817 1383 mortuum.

219 1439 258 1467 Ad
277 1447 360 1475 quam
374 1441 531 1476 opinionem
545 1449 607 1468 cum
621 1445 779 1469 constanter
807 1442 976 1470 adhmrcsce-

185 1490 237 1517 ret,
252 1494 316 1513 eum
338 1487 440 1522 pariter
455 1492 536 1522 atque
551 1487 612 1522 ejus
632 1487 785 1522 discipulos
801 1488 836 1515 ab
851 1488 974 1516 Ecclesia

184 1531 300 1565 pellunt.
314 1531 429 1558 Moritur
447 1531 545 1558 deinde
562 1532 643 1566 paulo
655 1537 716 1566 post
733 1540 795 1559 cum
813 1532 898 1560 fratre
912 1540 974 1565 suo;

185 1584 274 1611 neque
292 1580 383 1604 tamen
395 1581 441 1603 aut
460 1577 505 1604 ille
517 1578 576 1612 pari
590 1585 621 1604 ac
638 1577 745 1613 Moyses
758 1578 834 1609 olim,
856 1582 904 1605 aut
915 1579 975 1613 ejus

186 1622 271 1649 frater
288 1622 393 1656 eadem,
403 1630 456 1658 qua
471 1623 563 1650 Aaron
573 1623 779 1651 honorificentia
789 1624 887 1659 sepulti
900 1630 973 1652 sunt:

186 1674 318 1704 tanquam
335 1669 408 1696 enim
432 1669 587 1697 desertores
601 1669 699 1704 abjecti
717 1674 792 1701 sunt,
808 1677 859 1697 nec
871 1671 906 1697 ab
920 1671 975 1698 ullo

185 1716 390 1743 Catholicorum
407 1716 554 1751 sepultum
566 1716 695 1743 mandati.
707 1715 772 1743 Post
784 1715 841 1743 haec
856 1717 902 1751 qui
918 1724 976 1744 cor-

186 1765 296 1796 ruptam
323 1761 357 1787 ab
380 1768 413 1788 eo
429 1762 580 1788 doctrinam
607 1761 756 1788 hauserant.
784 1761 857 1788 istud
885 1762 974 1797 ipsum

186 1807 285 1842 dogma
301 1807 526 1839 corroborarnnt,
542 1807 649 1840 iisdem,
663 1807 763 1842 quibus
779 1808 901 1842 ipsorum
918 1816 976 1834 ma-

187 1854 273 1888 gister
290 1853 379 1885 initio,
391 1853 482 1880 verbis
493 1853 621 1886 adducti;
637 1861 699 1880 nam
723 1861 785 1881 cum
804 1854 976 1890 presbytero-

187 1907 249 1927 rum
261 1899 378 1926 concilio
396 1899 567 1934 percontanti
594 1900 716 1933 dixisset,
738 1908 823 1926 unum
840 1908 870 1927 se
890 1900 974 1928 Deum

186 1945 287 1976 colere,
305 1953 368 1972 vere
393 1945 445 1971 hoc
463 1945 497 1971 ab
510 1944 563 1972 illis
577 1952 738 1979 responsum
756 1946 842 1972 audiit
856 1956 862 1972 :
878 1945 910 1972 Et
925 1954 975 1973 nos

187 1999 272 2019 unum
296 1985 403 2025 quoque
425 1989 509 2018 Deum
526 1990 652 2022 colimus,
679 1991 725 2017 sed
745 1991 974 2025 quemadmodum

188 2036 308 2072 legitime
326 2035 401 2062 illum
420 2035 509 2062 colere
522 2035 656 2062 novimus.
674 2034 822 2070 Itidemque
835 2036 974 2064 Christum

187 2081 319 2109 habemus
332 2089 430 2111 unum,
443 2081 490 2107 sed
504 2080 732 2115 quemadmodum
744 2082 881 2114 novimus,
891 2090 974 2109 unum

185 2128 324 2155 Christum
340 2126 387 2153 Dei
399 2126 513 2159 Filium;
531 2133 651 2161 passum,
667 2127 804 2161 quomodo
815 2135 913 2162 passus
921 2134 973 2162 est;

187 2178 336 2201 mortuum.
350 2173 489 2207 quomodo
498 2176 623 2199 mortuus
638 2177 695 2206 est;
713 2173 759 2207 qui
774 2177 801 2200 et
811 2174 970 2207 resurrexit,
988 2183 1010 2210 ι)

185 2223 213 2246 et
229 2219 255 2246 in
271 2219 370 2246 ccelum
386 2219 520 2251 ascendit,
534 2222 561 2245 et
573 2218 607 2245 ad
617 2217 706 2245 Patris
718 2218 857 2246 dexteram
870 2225 971 2253 manet,

186 2270 213 2292 cl.
226 2270 358 2293 venturus
374 2268 416 2293 est
431 2265 556 2300 judicare
570 2265 647 2292 vivos
658 2269 685 2292 et
701 2269 834 2293 mortuos.
864 2265 925 2294 Haec
953 2275 1003 2295 nos

187 2312 321 2339 novimus.

223 2357 257 2385 ll.
273 2356 343 2384 llinc
362 2355 498 2388 Noetiani,
514 2356 587 2383 velut
618 2356 651 2383 ab
673 2364 705 2384 eo
721 2358 808 2385 avulsi
826 2366 858 2386 ac
874 2366 974 2394 proya-

186 2404 252 2439 gati,
271 2407 352 2438 atque
366 2403 488 2430 universi
504 2402 564 2437 ejus
580 2401 692 2428 asscclm
711 2402 781 2429 idem
799 2403 896 2439 dogma
915 2413 975 2439 pro-

187 2450 308 2481 fitentur,
336 2457 368 2476 ac
389 2449 536 2476 fanaticam
565 2447 639 2474 illam
660 2447 812 2475 doctrinam
839 2450 974 2484 ejusmodi

188 2497 278 2524 verbis
303 2495 436 2523 aﬂirmare
459 2498 605 2526 conantur,
637 2494 737 2528 quibus
766 2495 884 2531 Moysem
903 2496 974 2526 Deus

187 2543 285 2569 aII-atus
296 2546 337 2570 est
351 2550 357 2567 :
375 2540 430 2576 Ego
441 2548 499 2567 sum
519 2540 588 2567 Deus
600 2543 706 2574 patrum
721 2546 876 2568 vestrorum.
891 2541 971 2577 48],

226 2631 234 2647 ¹
250 2631 314 2660 Cor.
342 2633 495 2669 ὲπάρμασι.

222 2711 277 2747 (96)
297 2710 365 2747 Τῆς,
381 2710 506 2746 Ἐφέσου
528 2711 654 2742 πόλεως.
677 2708 865 2736 Theodorctns
881 2708 970 2744 Smyr-

188 2754 299 2774 nenscm
317 2746 390 2773 facit.

222 2780 278 2817 (07)
296 2781 346 2817 Δίὰ
358 2781 391 2807 τὸ
404 2781 519 2815 μηδένα
534 2781 589 2815 πρὸ
602 2779 774 2817 αὑτοῆῇειε.
793 2779 848 2805 Iulo
864 2779 907 2804 diu
926 2786 972 2805 an-

187 2821 295 2846 tcuuaut
310 2816 412 2844 Noetus
427 2821 589 2850 emergeret,
601 2816 670 2842 idem
688 2815 732 2842 ille
748 2822 824 2842 error
840 2820 969 2848 patronos

1035 212 1168 243 Ἀσιανῦς,
1188 211 1238 246 τῆς
1269 210 1382 245 Ἐφέσου
1403 210 1506 241 πόλεως
1524 209 1580 244 (96)
1593 209 1735 245 ὑπάρχων.
1761 211 1821 242 Ὃς,

1028 256 1160 292 ἀλλοτρίῳ
1176 255 1311 291 πνεύματι
1330 255 1490 291 φερόμενος,
1508 255 1640 290 ἠθέλησεν
1657 255 1704 290 ἀφ’
1724 255 1821 282 ἑαυτοῦ

1027 300 1045 327 ἃ
1060 301 1129 336 μήτε
1142 301 1290 336 προφῆται,
1308 301 1377 336 μήτε
1393 300 1547 333 ἀπόστολοι,
1565 302 1633 336 μήτε
1649 300 1679 333 ἐξ
1695 301 1822 337 ὑπαρχῆς

1027 345 1158 381 κατέσχεν
1173 347 1190 381 ὴ
1214 345 1372 381 Ἐκκλησία,
1392 347 1460 381 μήτε
1474 346 1612 382 ὲνενοήθη,
1627 346 1717 380 λέγειν
1732 355 1761 373 τε
1775 347 1821 373 καὶ

1026 392 1172 419 διδάσκειν.
1505 412 1508 415 .

1059 435 1156 469 Οὗτος,
1178 437 1224 472 ἀφ’
1240 436 1337 464 ἑαυτοῦ
1362 437 1405 464 ἐπ’
1421 437 1525 472 ἅρμασι
1546 437 1554 452 ¹
1569 438 1668 472 μανίας
1680 438 1823 473 ἐπαρθξὶς,

1026 483 1159 520 ἐτόλμησε
1185 484 1275 518 λέγειν
1303 483 1349 511 τὸν
1378 483 1489 519 Πατέρα
1516 483 1689 510 πεπονθέναι.
1708 484 1769 510 Ἔτι
1793 484 1823 510 δὲ

1027 529 1130 564 μείζονί
1144 539 1197 556 τινι
1212 530 1290 565 τύφῳ
1304 530 1350 556 καὶ
1366 529 1563 566 παραφροσύνῃ
1579 529 1708 564 ἐνεχθεὶς,
1725 530 1824 556 ἑαυτὸν

1026 575 1102 610 ἔλεγε
1113 575 1241 606 Μωῡσέα,
1258 576 1305 602 καὶ
1317 575 1361 601 τὸν
1368 575 1482 609 ἀδελφὸν
1495 574 1578 602 αὑτοῦ
1601 575 1716 610 Ἀαρών.
1739 575 1823 602 Ἀλλὰ

1027 621 1126 656 μεταξὺ
1151 621 1252 648 τούτων
1274 621 1328 648 ἀπὸ
1344 621 1397 656 τῆς
1424 621 1488 656 περὶ
1510 621 1591 648 αὐτὸν
1614 622 1780 657 ἐνηχήσεως,
1794 622 1820 648 οἱ

1027 668 1157 704 μακάριοι
1174 668 1354 703 πρεσϐύτεροι
1374 668 1424 702 τῆς
1446 667 1609 703 Ἐκκλησίας
1633 667 1823 703 προσκαλεσά-

1026 723 1101 749 μενοι
1115 713 1206 747 αὺτδν,
1222 713 1353 750 ἐξήταζον
1378 713 1442 749 περὶ
1460 713 1563 740 τούτων
1580 713 1718 745 ἁπάντων,
1735 714 1782 739 καὶ
1796 714 1820 739 εἰ

1024 759 1125 795 ταύτην
1135 760 1185 795 τὴν
1197 759 1371 795 βλασφημίαν
1382 759 1443 794 περὶ
1450 759 1557 794 Πατρὸς
1563 759 1744 794 προηγάγετο.
1754 759 1782 786 '0
1791 759 1822 785 δὲ

1023 805 1059 832 τά
1072 805 1167 841 πρῶτα
1184 806 1233 841 μὲν
1248 807 1365 841 ἠρνεῖτο,
1382 806 1428 832 ἐπὶ
1441 805 1487 832 τοῦ
1509 804 1705 840 πρεσϐυτερίου
1720 805 1822 840 ἀγόμε-

1026 860 1080 883 νος,
1096 851 1139 878 διὰ
1154 851 1184 878 τὸ
1208 851 1308 887 μηδένα
1328 852 1381 887 πρὸ
1398 851 1480 878 αὐτοῦ
1493 852 1548 886 (97)
1561 851 1689 886 ἐξεμέσαι
1705 852 1820 887 ταυτηνὶ

1025 897 1074 932 τὴν
1086 896 1175 930 δεινὴν
1193 896 1240 922 καὶ
1252 896 1391 932 ὀλετήριον
1403 897 1515 932 πικρίαν
1528 904 1534 910 ⁸
1554 895 1667 931 ὕστερον
1684 895 1713 922 δὲ
1725 897 1772 930 ἀφ’
1786 893 1821 932 ἧς

1026 941 1082 977 εἶχε
1109 942 1211 977 λύσσης
1231 942 1270 974 εἴς
1298 951 1375 973 τινας
1392 942 1488 974 ἄλλους
1509 941 1645 977 ἐμϐαλὼν,
1666 942 1703 974 ὡς
1719 942 1818 974 εἰπεῖν,

1026 987 1073 1013 καὶ
1091 987 1138 1013 σὺν
1165 987 1239 1021 αὐτῷ
1268 986 1361 1022 ὥσπερ
1383 987 1450 1013 δέκα
1465 987 1564 1023 ἄνδρας
1580 987 1758 1021 ἐπαγόμενος,
1779 988 1820 1018 εἰς

1025 1033 1108 1067 τύφον
1127 1033 1236 1068 μείζονα
1248 1033 1295 1059 καὶ
1310 1033 1410 1068 θράσος
1434 1033 1574 1068 ἐπαρθεὶς,
1591 1033 1726 1068 τολμηρὸς
1743 1041 1820 1067 γεγο-

1026 1079 1088 1112 νὼς,
1101 1080 1243 1115 παρρησίᾳ
1253 1079 1346 1106 λοιπὸν
1367 1079 1416 1114 τὴν
1428 1080 1535 1116 αἵρεσιν
1546 1079 1715 1114 ὲδογμάτιζε.
1734 1079 1818 1106 Πάλιν

1025 1125 1048 1152 δ’
1064 1122 1099 1152 αὖ
1110 1126 1134 1152 of
1160 1126 1237 1152 αὐτοὶ
1253 1125 1443 1161 πρεσϐύτεροι,
1465 1125 1715 1160 προσκαλεσάμενοι
1737 1125 1819 1152 αὐτόν

1025 1179 1054 1196 τε
1069 1170 1116 1197 καὶ
1136 1171 1198 1202 τοὺς
1219 1170 1444 1206 προσφθαρέντας
1463 1170 1537 1205 αὐτῷ
1562 1170 1731 1205 ἀνθρώπους,
1753 1171 1818 1206 περὶ

1024 1216 1079 1243 τῶν
1092 1216 1181 1243 αὐτῶν
1198 1216 1278 1243 πάλιν
1297 1215 1420 1252 ἠρώτων.
1443 1217 1471 1243 Ὁ
1489 1217 1518 1243 δὲ
1532 1216 1590 1252 ἅμα
1603 1218 1659 1247 τοῖς
1674 1217 1719 1242 ὑπ’
1735 1217 1817 1244 αὐτοῦ

1026 1263 1242 1298 πεπλανημένοις
1268 1263 1420 1298 ὑποτρίψας
1438 1262 1468 1289 τὸ
1485 1263 1620 1298 μέτωπον,
1643 1263 1735 1289 λοιπὸν
1748 1263 1819 1299 παρ-

1027 1309 1109 1345 ρησίᾳ
1126 1308 1262 1343 ἀντέλεγε,
1290 1309 1419 1343 φάσκων·
1438 1309 1470 1335 Τί
1487 1308 1540 1344 γὰρ
1555 1309 1640 1336 κακὸν
1661 1309 1816 1344 πεποίηκα;

1027 1355 1095 1381 Ἕνα
1125 1355 1190 1382 Θεὸν
1216 1354 1330 1388 δοξάζω,
1347 1355 1395 1382 ἕνα
1413 1355 1574 1390 ἐπίσταμαι,
1597 1355 1644 1381 καὶ
1665 1354 1716 1381 οὐκ
1737 1354 1818 1381 ἄλλον

1026 1401 1096 1436 πλὴν
1109 1400 1202 1433 αὑτοῦ,
1218 1401 1393 1436 γεννηθέντα,
1406 1400 1569 1431 πεπονθότα,
1585 1400 1762 1427 ἀποθανόντα.

1067 1447 1111 1479 Ὡς
1140 1445 1186 1474 οὖν
1216 1447 1244 1473 ὲν
1270 1446 1373 1478 τούτοις
1404 1446 1509 1482 ἔμενεν.
1532 1446 1651 1478 ἐξέωσαν
1667 1446 1747 1472 αὐτὸν
1767 1445 1819 1481 τῆς

1033 1491 1196 1528 Ἐκκλησίας
1213 1492 1271 1527 ἅμα
1296 1493 1353 1523 τοῖς
1378 1491 1423 1518 ὑπ’
1438 1491 1519 1518 αὑτοῦ
1536 1491 1623 1526 δόγμα
1647 1492 1820 1527 μεμαθητευι

1029 1539 1128 1574 μένοις.
1149 1538 1267 1573 Τελευτᾷ
1299 1537 1326 1564 δὲ
1349 1538 1363 1563 ὁ
1383 1537 1462 1569 αὐτὸς
1488 1537 1601 1572 ἔναγχος
1622 1538 1680 1573 διμα
1701 1537 1740 1572 τῷ
1761 1537 1818 1572 ἰδίῳ

1026 1584 1143 1620 ἀδελφῷ,
1170 1584 1219 1620 οὐχ
1241 1584 1278 1615 ὡς
1292 1585 1305 1610 ὁ
1330 1585 1450 1619 Μωΰσῆς
1473 1584 1502 1610 ἐν
1523 1583 1598 1620 δόξῃ,
1615 1584 1675 1610 οὐδὲ
1697 1585 1712 1610 ὁ
1736 1583 1818 1610 αὐτοῦ

1025 1631 1161 1666 ἀδελφὺςὸ
1182 1630 1286 1665 Ἀαρὼν
1300 1629 1387 1665 ἐτάφη
1402 1631 1430 1656 ὲν
1449 1631 1530 1665 τιμῇ·
1548 1630 1699 1665 ἐρρίφησαν
1714 1629 1767 1664 γὰρ
1780 1629 1819 1662 ὡς

1026 1677 1193 1712 παραὸάται,
1220 1676 1268 1702 καὶ
1283 1676 1370 1706 οὐδεὶς
1396 1675 1494 1706 αὐτοὺς
1510 1674 1564 1701 τῶν
1587 1674 1720 1701 θεοσεόὦν
1741 1683 1818 1710 περι-

1025 1722 1138 1749 έστειλε.
1155 1721 1232 1749 Μετὰ
1243 1721 1321 1748 τοῦτο
1334 1721 1358 1747 οἰ
1376 1721 1422 1747 ὑπ’
1435 1721 1516 1748 αὐτοῦ
1530 1721 1575 1747 τὸν
1589 1721 1652 1747 νοῦν
1670 1720 1818 1756 φθαρέντις

1026 1768 1178 1803 ὲκράτυναν
1205 1767 1279 1793 τουτὶ
1300 1767 1330 1793 τὸ
1347 1767 1445 1802 δόγμα,
1463 1767 1568 1798 τούτοις
1583 1767 1639 1797 τοῖς
1658 1767 1748 1801 ῥητοῖς
1764 1766 1815 1792 ὺπ-

1025 1813 1162 1848 αχθὲντες,
1180 1809 1221 1843 οἷς
1233 1812 1279 1838 καὶ
1293 1813 1308 1838 ὁ
1318 1811 1405 1837 αὐτῶν
1420 1811 1576 1842 διδάσκαλος
1596 1811 1626 1842 ἐξ
1641 1810 1737 1846 ἀρχῆς.
1754 1811 1816 1837 Ὅτε

1025 1859 1079 1893 γὰρ
1091 1857 1267 1893 ἐρωτώμενος
1282 1858 1334 1884 ἀπὸ
1347 1857 1392 1884 τοῦ
1406 1857 1602 1892 πρεσϐυτερίου
1620 1856 1671 1892 ἔφη
1688 1857 1737 1883 ἕνα
1750 1856 1816 1883 Θεὸν

1025 1902 1156 1936 δοξάζειν,
1169 1903 1252 1938 ἤκουε
1266 1903 1331 1937 παρ’
1351 1901 1441 1929 αὐτῶν
1454 1901 1617 1936 φιλαλήθως,
1633 1901 1674 1927 ὅτι
1690 1902 1737 1927 ἕνα
1750 1900 1816 1928 Θεὸν

1025 1948 1172 1983 δοξάζομεν
1188 1948 1234 1974 καὶ
1255 1948 1342 1980 αὐτοὶ,
1367 1947 1423 1974 ἀλλ’
1439 1947 1476 1978 ὡς
1491 1947 1601 1982 οἴδαμεν
1614 1946 1724 1978 δικαίως
1737 1946 1815 1979 δοξά-

1026 1994 1093 2026 ζειν.
1114 1993 1169 2019 Καὶ
1184 1993 1233 2019 ἕνα
1250 1993 1366 2028 Χριστὸν
1390 1992 1499 2027 ἔχομεν,
1519 1991 1576 2018 ἀλλ’
1595 1992 1632 2023 ὡς
1646 1991 1756 2026 οἴδαμεν
1768 1991 1816 2017 ἕνα

1026 2039 1143 2074 Χριστὸν
1161 2039 1224 2066 Υίὺν
1238 2039 1315 2071 Θεοῦ,
1336 2038 1455 2065 παθόντα
1477 2037 1566 2069 καθὼς
1585 2037 1695 2070 ἔπαθεν,
1713 2037 1817 2064 ἀποθα-

1026 2085 1105 2112 νόντα
1119 2085 1209 2117 καθὼς
1224 2085 1369 2116 ἀπέθανεν,
1382 2084 1545 2117 ἀναστάντα,
1560 2083 1703 2110 ἀνελθόντα
1717 2083 1756 2114 εἰς
1769 2082 1816 2110 τὸν

1026 2131 1149 2167 οὐρανὸν,
1165 2131 1230 2158 ὂντα
1247 2132 1275 2158 ἐν
1286 2131 1359 2166 δεξιᾷ
1372 2130 1418 2156 τοῦ
1437 2130 1552 2165 Πατρὺς.
1569 2130 1714 2165 ἐρχόμενον
1725 2129 1816 2164 κρῖναι

1024 2175 1127 2208 ζῶντας
1153 2176 1199 2202 καὶ
1222 2175 1344 2211 νεκρούς,
1366 2175 1459 2202 Ταῦτα
1490 2175 1603 2210 λέγομεν
1628 2173 1816 2209 μεμαθηκότες

1026 2222 1080 2247 ἀπὸ
1096 2221 1149 2248 τῶν
1164 2222 1243 2248 θείων
1260 2221 1386 2256 Γραφῶν,
1408 2221 1425 2247 ἃ
1442 2221 1489 2247 καὶ
1501 2219 1680 2255 ἐπιστάμεθα.

1023 2268 1057 2296 ab
1085 2269 1236 2303 Scripturis
1260 2269 1348 2295 Sacris
1374 2272 1484 2302 accepta
1511 2267 1679 2302 profitemur,
1703 2272 1764 2300 qua:
1788 2268 1817 2291 et

1059 2359 1096 2384 B'.
1126 2358 1173 2384 Ἐκ
1199 2357 1293 2384 τούτου
1318 2357 1342 2383 οἱ
1365 2356 1527 2392 Νοητιανοὶ,
1552 2355 1724 2391 ἀπόσπασμα
1740 2356 1817 2390 ὅντες

1023 2404 1116 2435 αὑτοῦ,
1137 2405 1186 2430 καὶ
1201 2404 1225 2429 οἱ
1246 2403 1276 2435 ἐξ
1300 2403 1383 2429 αὑτοῦ
1399 2403 1472 2428 τουτὶ
1489 2401 1519 2427 τὺ
1539 2402 1626 2437 δόγμα
1648 2401 1815 2435 δοξάζουσιν,

1024 2451 1055 2476 ὲκ
1074 2449 1127 2475 τῶν
1144 2448 1234 2484 ρητῶν
1247 2448 1350 2475 τούτων
1368 2447 1532 2483 πειρώμενοι
1548 2448 1674 2482 συνιστᾷν
1688 2447 1737 2482 ⁵τὴν
1755 2449 1815 2474 κατ’

1024 2495 1122 2526 αὐτοὺς
1150 2494 1258 2529 ἐμμανῆ
1285 2493 1468 2524 διδασκαλίαν,
1494 2492 1541 2527 ἀφ’
1569 2490 1603 2528 ἧς
1619 2491 1695 2519 εἶπεν
1715 2494 1729 2519 ὁ
1748 2492 1816 2524 Θεὸς

1024 2541 1092 2575 πρὸς
1123 2540 1262 2574 Μωῦσῆν·
1285 2537 1359 2573 Ἐγώ
1384 2539 1441 2573 εἰμι
1461 2539 1476 2565 0'
1498 2538 1570 2570 Θεὸς
1592 2537 1652 2564 τῶν
1680 2536 1815 2571 πατέρων

1023 2707 1168 2737 habuerat,
1193 2711 1222 2732 ut
1246 2715 1279 2734 cx
1295 2706 1400 2734 Tcrtul.
1421 2707 1560 2741 Cypriano
1577 2715 1619 2742 cp.
1643 2707 1686 2735 75.
1708 2707 1812 2741 lgnatio

1026 2742 1110 2775 Epist.
1125 2743 1158 2767 ml
1177 2742 1289 2776 Philipp.
1312 2743 1415 2776 colligit
1431 2742 1604 2773 Pammelius.
1621 2747 1648 2769 et
1666 2742 1811 2769 Baronius.

1026 2777 1081 2804 Hos
1096 2786 1160 2804 vero
1172 2776 1392 2811 Patripassianos
1403 2777 1521 2811 appellat
1535 2778 1702 2812 Cyprianus,
1718 2783 1745 2805 ct
1761 2777 1814 2804 Ma-

1026 2813 1083 2840 rius
1104 2812 1258 2840 Victorinus
1273 2813 1282 2839 l
1299 2818 1386 2839 contr.
1402 2812 1505 2839 Arium.
