1964 3047
120 147 173 176 997

456 147 641 177 ADVERSUS
656 147 830 175 HAERESES
853 147 916 174 LIB.
938 147 970 175 ll.
992 148 1075 176 TOM.
1095 150 1115 177 I.
1136 166 1170 171 —
1185 150 1320 179 ΗᾸΞΠΕΞ.
1342 152 1421 180 LVll.

1705 152 1756 182 998

120 205 214 241 ὑμῶν.
249 206 322 241 Ἐγὼ
350 205 475 240 πρῶτος,
497 206 546 234 καὶ
562 205 620 240 ἐγὼ
632 209 707 241 μετὰ
725 207 818 234 ταῦτα
830 216 836 223 ·
855 209 911 234 οὐκ

974 207 1020 244 Ego
1036 209 1136 244 primus
1165 214 1190 237 et
1215 219 1260 245 ego
1289 213 1427 246 posterior.
1455 211 1517 239 Non
1542 217 1619 240 erunt
1646 213 1695 240 tibi
1719 215 1757 241 dit

121 252 245 280 ἔσονταί
259 260 309 279 σοι
324 253 384 280 θεοὶ
400 252 503 287 ἕτεροι,
515 253 561 280 καὶ
575 256 608 279 τὰ
629 253 703 288 ἑξῆς.
721 254 833 287 Ἔλεγον
846 252 893 280 οὖν
904 262 911 268 ·

126 299 222 335 Ἡμεῖς
238 299 326 326 τοίνυν
347 299 429 326 αὐτὸν
446 300 555 335 οἴδαμεν
573 300 662 335 μόνον.
681 301 712 327 Εἰ
729 300 818 327 τοίνυν
830 300 914 327 nos»,

121 343 239 379 Χριστὸς
268 344 411 379 ἐγεννήθη,
434 345 515 376 αὐτός
539 346 597 371 ἐστι
618 345 722 381 Πατὴρ,
740 346 820 376 αὐτὸς
839 346 912 378 Υἱὸς,

119 389 174 425 ἄρα
187 390 269 422 αὑτός
287 391 345 416 ἐστι
358 390 425 421 Θεὸς
440 391 454 417 ὁ
473 391 526 423 ἀεὶ,
541 391 588 417 καὶ
600 390 648 417 νῦν
667 391 762 425 ἐλθὼν,
784 391 822 422 ὡς
841 390 914 425 λέγει

120 435 138 470 ἡ
154 435 266 471 Γραφή·
286 433 380 468 Οὗτος
405 437 421 463 ό
442 437 515 468 Θεός
542 444 600 462 σου
615 445 621 452 ·
640 437 675 463 οὺ
699 436 915 471 λογισθήσεται

120 481 222 515 ἕτερος
235 481 310 515 πρὸς
326 482 428 509 αὐτόν.
459 482 577 516 Ἐξεῦρε
588 482 692 510 πᾶσαν
707 482 780 509 ὁδὸν
793 481 915 516 ἐπιστή-

121 535 192 561 μης,
211 528 260 555 καὶ
278 527 390 554 ἔδωκεν
415 527 514 562 αὐτὴν
534 528 634 555 Ἰακὼϐ
646 528 686 561 τῷ
707 528 791 555 παιδὶ
808 529 914 560 αὐτοῦ,

123 576 173 603 καὶ
196 576 321 611 Ἰσραὴλ
338 576 379 609 τῷ
403 576 586 612 ἠγαπημένῳ
605 577 709 604 αὑτοῦ.
729 577 810 604 Μετὰ
823 577 916 604 ταῦτα

122 623 171 649 ἐπὶ
186 622 241 656 τῆς
258 622 315 658 τῆς
339 622 431 657 ὤφθη,
451 623 500 650 καὶ
524 624 586 656 τοῖς
613 623 775 657 ἀνθρώποις
804 632 916 650 συναν-

123 669 268 703 εστράφη.
306 670 396 704 Ὁρᾷς,
421 670 498 704 φησὶ,
526 670 606 696 πάλιν
623 669 713 705 πῶςὴ
735 669 793 696 θεία
820 670 840 695 Γ
843 670 916 706 ραφὴ

123 715 198 750 ἡμᾶς
212 714 356 747 συνεθίζει,
374 715 422 742 τοῦ
441 715 477 751 μὴ
495 715 572 743 ἄλλον
588 716 635 743 καὶ
652 715 731 743 ἄλλον
754 716 820 742 Θεὸν
839 717 916 752 ἠγεῖ-

125 761 200 793 σθαι,
235 761 388 795 φάσκουσα,
409 761 450 788 ὅτι
466 761 548 793 αὐτὸς
572 761 637 793 Θεός
653 761 711 788 ἐστι
727 761 806 796 μόνος
820 761 915 793 ἐλθὼν,

123 807 173 833 καὶ
199 807 278 838 αὐτὸς
303 807 384 833 πάλιν
408 806 520 842 ὕστερον
545 806 656 841 ὀφθείςς
682 806 765 833 Πάλιν
797 806 825 833 δὲ
845 806 917 841 ἄλλῳ

125 851 200 888 ῥητῷ
227 852 374 888 κέχρηνται
388 852 483 886 τούτῳ,
500 852 538 884 ὡς
551 852 625 887 λέγει
635 861 641 867 ·
669 852 847 879 Ἐκοπίασεν
860 852 913 879 Αι-

124 907 248 934 γυπτος,
272 899 322 926 καὶ
345 899 470 933 ἐμπορία
495 900 653 931 Αὶθιόπων,
671 899 719 926 καὶ
737 900 763 926 οι
786 899 916 933 Σαὸαεὶμ

125 945 232 980 ἄνδρες
246 946 359 979 ὑψηλοὶ
369 945 418 972 ἐπὶ
427 945 465 972 σὲ
472 945 678 979 διαϐήσονται,
692 946 740 972 καὶ
752 945 801 972 σοὶ
812 945 915 972 δοῦλοι

124 993 258 1019 ἐὸνονται.
278 991 333 1018 Καὶ
360 993 560 1026 πορεύσονται
575 993 672 1020 ὀπίσω
689 999 747 1019 σου
766 991 917 1026 δεδεμένοι

126 1037 324 1073 χειροπέὸιιις,
336 1038 394 1065 nul
416 1039 451 1065 ἐν
468 1039 517 1066 σοὶ
534 1038 799 1073 προσκυνήσουσι,
817 1038 865 1065 καὶ
884 1038 919 1064 ἐν

126 1084 176 1110 σοὶ
195 1084 431 1118 προσεύξονται·
447 1084 492 1110 ὅτι
506 1085 540 1111 ἐν
558 1084 606 1111 σο)
621 1085 693 1117 Θεός
711 1085 786 1116 ἐστι,
803 1084 851 1111 καὶ
862 1085 918 1111 οὐκ

125 1130 193 1156 ἐστι
225 1131 297 1163 Θεὸς
319 1129 403 1164 πλὴν
426 1130 495 1157 σοῦ.
510 1130 552 1157 Σὺ
569 1130 624 1165 γὰρ
644 1128 673 1157 εἴ
701 1130 783 1164 Θεὸς,
799 1130 847 1157 καὶ
864 1131 919 1157 οὐκ

127 1176 261 1210 ᾔδειμεν,
277 1178 292 1203 ό
308 1176 379 1209 Θεὸς
392 1175 444 1202 τοῦ
463 1176 584 1210 Ἰσραὴλ
603 1176 715 1211 Σωτήρ.
734 1177 829 1212 Ὁρᾷς,
842 1177 918 1212 φησὶ,

128 1221 188 1252 πῶς
214 1221 242 1247 αἱ
270 1220 339 1247 θεῖαι
370 1221 477 1256 Γραιραὶ
500 1221 548 1247 ἕνα
573 1221 639 1247 Θεὸν
664 1221 849 1256 σημαίνουσι,
874 1223 921 1248 καὶ

129 1267 359 1302 καταγγέλλουσιν
384 1267 465 1294 αὑτὸν
485 1268 611 1303 ἐμφανῆ;
629 1267 684 1294 Καὶ
699 1268 921 1302 ὁμολογουμένως

128 1311 170 1344 εἷς
192 1314 278 1344 ἐστιν,
291 1315 305 1339 ὁ
319 1313 399 1344 αὐτὸς
416 1314 459 1340 ἀεὶ
480 1312 526 1341 ὧν.
545 1313 598 1339 Καὶ
615 1313 707 1340 τούτου
719 1314 800 1340 ἕνεκα
817 1313 847 1339 οὐ
859 1313 923 1340 πολ-

129 1359 192 1391 λοὺς
208 1359 286 1391 θεοὺς
304 1359 429 1395 λέγομεν,
442 1359 500 1386 ἀλλ’
517 1360 565 1386 ’ἐνα
581 1360 647 1386 Θεὸν
662 1359 707 1386 τὸν
721 1359 801 1386 αὐτὸν
817 1359 921 1394 ἀπαθῆ,

130 1407 212 1434 αὑτὸν
224 1406 335 1442 Πατέρα
347 1406 394 1433 τοῦ
410 1406 487 1437 Υἱοῦ,
510 1405 591 1432 αὐτὸν
607 1405 681 1436 Υἰὸν,
697 1406 743 1432 καὶ
759 1406 923 1438 πεπονθότα,

132 1452 178 1479 ἵνα
192 1452 267 1488 σώσῃ
281 1453 355 1488 ἡμᾶς
373 1452 402 1478 ἐν
419 1451 458 1487 τῷ
476 1451 533 1487 ἰδίῳ
559 1451 650 1483 πάθει,
668 1451 715 1478 καὶ
736 1451 767 1477 οὐ
787 1450 925 1486 δυνάμεθα

131 1497 211 1525 ἄλλον
224 1497 313 1533 λέγειν
322 1506 329 1513 ⁶
342 1497 422 1533 δῆθεν
439 1497 493 1524 ἀπὸ
510 1497 558 1525 τοῦ
572 1497 717 1524 ἐπιστάτου
732 1497 822 1524 αὐτῶν
839 1505 926 1532 μεμα-

133 1543 249 1578 θηκότες
261 1542 363 1578 ταύτην
375 1542 424 1578 τὴν
435 1542 590 1577 ὁμολογίαν,
605 1543 651 1568 καὶ
661 1541 710 1576 τὴν
727 1541 849 1577 πονηρὰν
860 1541 925 1568 ταύ-

133 1597 184 1624 την
197 1588 335 1622 ὑπόνοιαν,
348 1589 395 1615 καὶ
405 1588 573 1624 λυμαντικὴν
587 1588 694 1623 μανίαν.

170 1632 238 1662 Εἶτα
252 1634 319 1661 ἄλλα
341 1634 410 1670 ρητά
435 1642 516 1669 φασιν
532 1635 571 1665 si;
586 1633 714 1660 σύστασιν
730 1633 843 1664 ἑαυτῶν,
860 1633 897 1665 ὼς
912 1635 926 1660 ὁ

135 1679 224 1706 αὐτῶν
235 1679 393 1711 διδάσκαλος
407 1679 510 1713 ἔλεγεν,
527 1679 567 1705 ὅτι
593 1679 640 1705 καὶ
657 1679 672 1704 ὁ
693 1679 852 1710 Ἀπύστολος
864 1678 925 1705 τού-

135 1732 192 1755 τοις
207 1724 341 1759 μαρτυρεί
348 1724 403 1754 τοῖς
415 1723 505 1757 λόγοις
516 1731 523 1737 ”
536 1721 592 1749 Ὧν
605 1724 632 1749 al
647 1723 782 1757 πατέρες,
803 1723 837 1755 ἐξ
850 1721 895 1750 ὧν
908 1726 925 1750 ὁ

136 1769 264 1803 Χριστὸς
286 1769 318 1796 τὸ
335 1768 411 1795 κατὰ
431 1769 541 1802 σάρκα.
557 1770 573 1794 ό
587 1768 628 1794 ὢν
647 1768 696 1795 ἐπὶ
715 1768 836 1795 ,πάντων
854 1769 926 1803 Θεὸς

136 1815 300 1850 εὐλογητὸς
318 1816 362 1848 εὶς
382 1815 452 1848 τοὺς
474 1815 593 1848 αἰῶνας.
615 1814 717 1850 Ἀμήν.
740 1816 884 1842 Βούλονται
898 1817 926 1843 δὲ

135 1861 286 1896 διηγεῖσθαι
302 1861 461 1896 μονοκώλως
475 1861 568 1887 τοῦτον
592 1861 638 1887 τὸν
651 1861 761 1896 τρόπον,
779 1861 816 1893 ὡς
834 1862 926 1888 Θεόδο-

136 1914 198 1938 τος·
231 1907 333 1938 ἐκεῖνος
349 1907 398 1941 μὲν
411 1906 490 1941 φύσει
516 1907 674 1942 ἁκροτάτως
697 1907 839 1942 ἄνθρωπον
849 1907 926 1942 ψιλὸν

135 1952 351 1987 διηγησάμενος·
367 1949 444 1984 οὗτος
456 1953 485 1979 δὲ
501 1953 580 1980 πάλιν
595 1953 677 1988 ἄλλην
693 1953 833 1988 ἀκρότητα
848 1963 925 1988 μονο-

134 1998 227 2029 τύπως
239 1998 284 2024 τὸν
294 1998 374 2025 αὑτὸν
386 1999 495 2034 Πατέρα
507 1999 554 2026 καὶ
570 2000 633 2026 Υἱὸν
649 1999 696 2025 καὶ
713 1999 788 2033 ἅγιον
803 2000 925 2036 Πνεῦμα,

135 2045 165 2070 ὲν
187 2044 270 2077 σαρκὶ
297 2045 449 2072 πεπονθότα
481 2046 527 2072 καὶ
556 2045 720 2080 γεννηθέντα
742 2046 924 2081 ἡγησάμενος.

135 2089 204 2116 Οὔτε
223 2088 269 2117 οὖν
281 2091 379 2118 ἐκεῖνοι
396 2093 419 2118 οἱ
436 2092 489 2118 ἀπὸ
507 2092 634 2118 Θεοδότου
647 2100 673 2117 τι
693 2091 722 2117 ὲν
735 2091 848 2127 ἀληθείᾳ
861 2092 926 2126 ἔφα-

137 2144 197 2167 σαν,
211 2136 274 2162 οὔτε
296 2134 372 2168 οὗτος
394 2138 408 2163 ὁ
421 2137 523 2172 Non-tog
539 2138 585 2164 καὶ
596 2138 621 2164 οἱ
636 2137 684 2164 ἀπ’
701 2137 793 2170 αὐτοῦ,
803 2138 926 2172 Ἀνόητος

134 2181 162 2208 δὲ
194 2181 295 2216 μᾶλλον
324 2183 357 2217 τῇ
381 2182 504 2217 δυνάμει,
527 2182 652 2218 καθάπερ
675 2184 703 2209 αἱ
723 2182 793 2210 θεῖαι
819 2183 926 2219 Γραφαὶ

965 255 1052 287 alteri,
1075 259 1128 282 etc.
1144 255 1182 282 Ex
1202 258 1302 291 quibus
1329 259 1364 285 ita
1389 258 1552 294 colligebant
1567 258 1641 286 :Nos
1666 260 1756 294 ipsum

964 302 1091 328 novimus
1118 302 1216 329 solum.
1244 302 1334 335 Quare
1353 304 1375 331 si
1395 305 1507 332 veniens
1530 305 1654 333 Christus
1678 309 1758 333 natus

965 351 1016 377 est,
1047 346 1117 373 idem
1148 347 1206 382 ipse
1229 347 1310 375 Pater
1324 353 1375 380 est,
1394 354 1420 376 ct
1445 349 1539 382 Filius,
1554 351 1626 378 idem
1641 352 1759 386 denique

967 391 1039 419 Deus
1054 397 1106 424 cst,
1121 394 1166 428 qui
1184 398 1210 420 et
1226 401 1333 429 semper
1353 395 1414 428 fuit,
1427 402 1453 423 et
1468 397 1495 423 in
1511 398 1657 431 praesentia
1674 400 1758 430 venit.

966 441 996 464 ut
1011 437 1152 473 Scriptura
1165 439 1287 466 declarat
1304 450 1310 468 :
1327 440 1377 467 Hic
1389 446 1427 468 est
1442 442 1511 468 Deus
1524 447 1601 475 tuus;
1617 452 1667 470 non
1683 450 1759 478 repu-

967 482 1065 508 tabitur
1079 483 1149 510 alius
1161 483 1195 509 ad
1204 484 1300 518 ipsum.
1311 484 1413 512 invenit
1430 494 1532 513 onmem
1545 488 1614 514 riam
1630 490 1758 520 scientiw,

965 532 990 553 et
999 527 1069 553 dedit
1085 527 1160 554 illam
1173 527 1256 555 Jacob
1269 537 1350 562 puero
1366 538 1425 563 suo,
1449 537 1474 557 et
1496 531 1582 559 Israel
1593 533 1689 560 dilecto
1699 543 1757 561 suo.

972 573 1037 600 Post
1052 573 1107 600 lure
1122 574 1149 600 in
1164 578 1235 601 terra
1246 575 1316 602 uisus
1337 581 1386 607 est,
1409 581 1433 603 et
1448 585 1506 604 cum
1522 579 1671 606 hominibus
1695 588 1759 607 con-

966 625 1084 646 versatus
1096 624 1134 646 est
1143 621 1161 646 '.
1172 619 1210 647 Fx
1221 621 1272 653 his,
1289 621 1423 656 inquiunt,
1433 623 1649 652 animadvertere
1663 630 1753 659 potes.

974 666 1201 700 quemadmodum
1222 666 1364 702 Scriptura
1384 677 1434 696 nos
1459 671 1597 704 sapienter
1619 671 1758 705 informet,

975 719 1008 739 ne
1026 712 1107 739 alium
1121 717 1203 747 atque
1217 713 1299 740 alium
1316 713 1398 741 Deum
1415 715 1588 749 arbitremur,
1602 725 1663 744 cum
1681 718 1758 745 illum

971 757 1056 786 Deum
1068 766 1129 786 esse
1141 760 1230 786 solum
1241 760 1350 793 asserit,
1359 761 1404 795 qui
1420 763 1534 794 venerit,
1547 763 1648 798 quique
1663 768 1759 799 postea

973 804 1008 831 sit
1024 805 1112 832 visus.
1128 804 1188 831 Alia
1206 810 1334 840 praeterea
1357 815 1389 833 ex
1412 807 1499 835 sacris
1515 808 1625 836 Litteris
1644 810 1761 836 auctori-

974 853 1028 876 tate
1054 850 1234 878 contendunt.
1259 850 1412 882 Laboravil.
1440 853 1540 887 inquit,
1566 853 1709 888 {Egi/plus,
1735 860 1760 881 et

967 896 1108 930 negotiatio
1127 895 1284 930 /EtlIiopum
1298 904 1307 928 ,'
1320 903 1343 924 et
1365 897 1466 925 Sabm‘n
1478 900 1526 926 uiri
1540 900 1665 927 sublimes
1685 900 1719 926 ad
1737 907 1761 929 te

968 942 1129 972 transibunt,
1148 947 1172 969 et
1186 943 1253 969 servi
1268 944 1306 969 tui
1321 949 1407 970 erunt.
1426 944 1459 970 Et
1472 946 1644 973 ambulabunt
1662 952 1720 981 post
1737 953 1761 974 ts

968 988 1047 1014 uincti
1059 989 1181 1020 manicis,
1196 993 1221 1016 et
1237 990 1264 1016 in
1283 995 1306 1016 te
1331 990 1491 1022 adorabunt,
1511 997 1533 1018 et
1554 992 1580 1018 in
1597 1000 1620 1019 te
1635 993 1760 1028 depreca-

969 1033 1076 1061 buntur.
1102 1034 1233 1067 Quoniam
1254 1036 1282 1062 in
1311 1040 1334 1062 te
1354 1036 1423 1063 Deus
1438 1042 1487 1068 est,
1514 1043 1607 1065 etnon
1632 1044 1671 1066 est
1693 1040 1760 1067 Deus

969 1084 1065 1114 pra’ter
1085 1085 1119 1107 te.
1142 1080 1181 1107 Tu
1200 1081 1268 1107 enim
1297 1090 1324 1109 es
1348 1082 1431 1114 Deus,
1448 1089 1472 1109 et
1488 1084 1675 1117 nesciebamus,
1690 1085 1759 1112 Deus

969 1123 1057 1151 Israel
1092 1125 1220 1153 Salvator
1246 1128 1266 1153 '.
1284 1126 1377 1160 Vides,
1413 1129 1520 1163 opinor,
1556 1129 1693 1165 inquiunt,
1732 1131 1761 1157 iu

971 1170 1121 1206 Scripturis
1136 1180 1220 1199 unum
1237 1173 1352 1200 indicari
1371 1173 1454 1201 Deum
1467 1183 1499 1202 ac
1511 1176 1652 1204 manifeste
1663 1177 1761 1212 praedi-

971 1219 1038 1244 cari.
1054 1217 1183 1253 Adeoque
1196 1219 1222 1246 in
1236 1219 1364 1248 confesso
1386 1227 1426 1248 est
1448 1229 1532 1249 unum
1547 1223 1623 1249 illum
1641 1231 1712 1254 esse,
1728 1232 1760 1250 ac

972 1270 1078 1298 semper
1093 1264 1236 1292 exsistere.
1253 1264 1294 1292 Oh
1310 1265 1392 1300 idque
1420 1274 1474 1293 non
1499 1268 1592 1302 plures
1613 1268 1678 1295 deos
1694 1268 1762 1295 nilir‘

972 1317 1089 1341 mantus,
1115 1311 1162 1338 sed
1189 1319 1274 1339 unum
1304 1312 1437 1340 duntaxat
1463 1313 1559 1347 Deum,
1589 1315 1680 1349 quiet
1707 1317 1761 1350 pati

972 1356 1041 1382 nihil
1057 1357 1155 1391 possit,
1170 1362 1193 1384 el
1219 1357 1290 1385 idem
1307 1357 1368 1386 Filii
1393 1359 1473 1386 Pater
1494 1361 1528 1387 sit
1553 1368 1584 1388 ac
1600 1360 1700 1395 Filius;
1715 1363 1762 1396 qui

974 1401 1036 1429 ideo
1052 1410 1151 1437 passus
1163 1404 1209 1435 sit,
1218 1407 1248 1430 ut
1262 1412 1311 1432 nos
1322 1412 1370 1432 sua
1383 1406 1557 1440 perpessione
1570 1411 1701 1438 servaret,
1712 1417 1762 1435 nec.

975 1448 1058 1474 alium
1081 1449 1115 1475 ab
1136 1456 1169 1476 eo
1183 1450 1362 1483 pronuntiare
1379 1458 1536 1486 possumus.
1552 1452 1638 1485 Quam
1653 1454 1762 1488 quidem

975 1493 1038 1521 ﬁdei
1055 1494 1266 1530 professionem,
1291 1504 1323 1523 ac
1343 1497 1516 1532 depravatam
1538 1499 1706 1534 opinionem,
1722 1500 1763 1527 vel

975 1540 1133 1576 pestiferam
1150 1542 1240 1576 potius
1255 1543 1390 1570 insaniam
1411 1551 1427 1570 ιι
1442 1544 1571 1579 magistro
1595 1545 1762 1574 didicerunt.

1012 1628 1083 1661 Quin
1095 1630 1176 1657 etiam
1194 1630 1244 1657 alia
1261 1629 1411 1665 Scriptura:
1424 1632 1506 1659 verba
1523 1632 1555 1659 ad
1569 1640 1689 1661 errorem
1706 1638 1764 1662 sta-

976 1675 1125 1703 biliendum
1142 1676 1271 1708 all'erunt,
1287 1677 1388 1712 quibus
1404 1682 1430 1705 et
1441 1679 1598 1706 eorumdem
1614 1685 1764 1716 praceptor

980 1722 1108 1749 utebatur
1123 1731 1129 1749 τ
1145 1721 1274 1749 nimirum
1290 1722 1334 1748 his
1347 1723 1439 1750 verbis
1453 1723 1614 1758 Apostolum
1633 1732 1690 1752 sua:
1707 1727 1763 1760 opi—

976 1769 1051 1795 uioui
1074 1768 1218 1803 suffragari
1235 1777 1241 1794 :
1259 1767 1378 1800 Quorum
1404 1773 1465 1795 sunt
1488 1774 1597 1804 patres;
1616 1777 1648 1797 ea:
1671 1771 1765 1806 quibus

978 1814 1099 1841 Christus
1125 1814 1269 1841 secundum
1298 1822 1423 1846 carnem;
1443 1815 1487 1850 qui
1513 1821 1550 1842 est
1575 1825 1653 1850 super
1677 1818 1765 1844 omnia

977 1859 1047 1886 Deus
1059 1859 1209 1886 benedictus
1221 1861 1248 1886 in
1261 1860 1371 1887 stt-aula.
1389 1861 1472 1887 Amen
1483 1861 1503 1888 ³.
1523 1861 1568 1888 Sic
1594 1862 1676 1897 igitur
1703 1863 1768 1890 siur-

977 1905 1037 1939 plex
1054 1905 1184 1940 quiddam
1207 1905 1273 1938 Deo,
1292 1907 1429 1940 uniusque
1453 1905 1546 1934 formae
1571 1908 1706 1940 tribuunt,
1734 1916 1766 1936 ac

977 1950 1148 1978 Theodotum
1167 1951 1323 1984 imitantur;
1339 1959 1400 1978 nam
1417 1956 1447 1979 ut
1463 1952 1514 1979 iste
1529 1952 1562 1979 ad
1579 1961 1662 1979 unum
1677 1958 1764 1981 extre-
1782 1982 1787 1985 _

976 2005 1050 2024 mum
1066 1998 1216 2030 declinans,
1242 1998 1345 2024 nudum
1372 1998 1510 2025 hominem
1536 1999 1676 2026 Christum
1704 2008 1766 2027 esse

976 2045 1123 2075 disseruit;
1141 2044 1180 2071 sic
1205 2043 1251 2071 ille
1271 2044 1344 2071 aliud
1367 2043 1401 2071 ad
1426 2048 1577 2072 extremum
1597 2045 1764 2078 descisceus,

976 2090 1101 2116 eumdem
1116 2097 1177 2117 esse
1190 2088 1417 2122 Palretn,Filium
1438 2093 1465 2117 et
1479 2090 1612 2125 Spiritum
1627 2095 1765 2123 sanctum,

977 2135 1114 2169 uniusque
1128 2142 1251 2169 personas
1271 2135 1386 2167 statuit;
1406 2139 1433 2162 ct
1447 2136 1520 2162 lumc
1543 2135 1631 2169 ipsum
1653 2143 1765 2170 passutn

977 2189 1009 2208 ac
1025 2186 1118 2208 natum
1135 2181 1311 2208 existimavit.
1337 2180 1390 2208 Sed
1416 2189 1504 2216 neque
1528 2181 1660 2209 Theodoti
1677 2186 1766 2209 secta-

133 2226 305 2261 ᾰμφοτέρους
336 2227 382 2253 καὶ
414 2227 518 2259 πάντας
550 2228 613 2259 τοὺς
638 2227 860 2264 πεπλανημένους
884 2228 920 2255 δι-

976 2231 1052 2255 tores
1068 2229 1123 2254 veri
1141 2227 1242 2262 aliquid
1257 2227 1358 2255 elocuti
1373 2232 1448 2260 sunt,
1476 2235 1565 2263 neque
1590 2227 1702 2260 Nuetus,
1719 2232 1766 2254 aut

135 2271 287 2307 ελέγχουσι.

980 2273 1058 2301 Νοειί
1068 2274 1205 2308 discipuli.
1217 2274 1264 2309 qui
1276 2275 1406 2306 Anoetus,
1417 2274 1469 2302 hoc
1483 2280 1525 2302 est
1540 2275 1677 2309 insipiens,
1691 2275 1765 2309 quod

133 2318 168 2344 ad
183 2318 237 2345 vim
252 2318 352 2353 ingenii
377 2326 409 2345 ac
433 2317 587 2346 facultatem
605 2320 755 2354 pertinent,
772 2319 863 2354 potius
878 2323 921 2346 est
940 2319 1092 2352 dicendus;
1119 2319 1201 2355 482
1229 2327 1291 2346 cum
1314 2324 1444 2354 utrosque
1465 2327 1496 2346 ac
1521 2323 1634 2347 cmteros
1664 2327 1760 2347 omnes

135 2372 150 2391 a
163 2365 276 2392 veritate
290 2365 452 2393 aberrantes
465 2373 551 2394 sat-ne
566 2365 675 2394 Littera:
689 2368 863 2402 redarguunt.

169 2411 204 2437 Γ¹.
223 2411 314 2447 Πάντη
329 2411 357 2438 δὲ
370 2411 409 2447 τῷ
423 2412 468 2438 τὸν
485 2412 548 2439 ν’..ῖν
565 2413 604 2444 εἰς
617 2414 682 2440 Θεὸν
694 2414 866 2449 κεκτημένῳ,
877 2413 924 2440 καὶ

131 2458 159 2482 ἐν
179 2456 239 2492 θείᾳ
266 2457 358 2492 Γραφῇ
373 2458 419 2484 καὶ
429 2459 458 2484 ὲν
472 2457 610 2493 Πνεῦματι
625 2459 695 2493 ἁγίῳ
706 2458 924 2494 κατηυγασμένῳ

131 2501 327 2536 εὐθυέλεγκτος
342 2504 356 2529 ὁ
378 2503 470 2530 αὐτῶν
485 2503 574 2538 λόγος,
595 2505 642 2530 καὶ
657 2505 749 2539 πάσης
763 2505 857 2535 ἀνοίας
873 2504 923 2539 ἐμ-

134 2548 223 2579 πλεως
249 2547 384 2582 φαίνεται.
401 2548 510 2584 Τόλμης
526 2548 580 2584 γὰρ
591 2550 621 2575 τὸ
643 2549 734 2584 ἔργον,
751 2550 798 2576 καὶ
812 2549 926 2584 τυφλώ-

133 2602 203 2626 cem;
217 2595 234 2630 ἡ
250 2595 364 2628 διάνοια,
385 2595 527 2629 φάσκουσα
540 2596 586 2622 τὸν
607 2596 689 2623 αὑτὸν
718 2596 829 2632 Πατέρα
848 2596 924 2628 ὄντα,

133 2641 180 2668 καὶ
196 2641 240 2668 τὸν
270 2641 350 2668 αὑτὸν
374 2642 448 2674 Υῑὸν,
466 2642 568 2669 καὶτὸν
585 2642 665 2669 αὑτὸν
686 2643 838 2669 πεπονθότα
850 2651 856 2657 ·
885 2642 923 2674 ὡς

134 2687 181 2713 καὶ
196 2687 250 2713 ἀπὸ
267 2687 349 2722 ὀρθοῦ
372 2687 504 2724 λογισμοῦ
525 2688 700 2723 κριθήσονται
721 2690 745 2715 ol
768 2688 800 2715 τὰ
812 2689 924 2715 τοιαῦτα

135 2732 293 2766 φάσκοντες.
324 2733 386 2765 Πῶς
402 2733 455 2768 γὰρ
469 2733 511 2769 εἴη
535 2734 629 2768 Πατὴρ
645 2735 658 2760 ό
685 2734 766 2766 αὐτὸς
792 2735 837 2760 καὶ
858 2734 923 2766 Υἱὸς

134 2773 281 2814 ὑπάρχωνξ
294 2779 324 2806 Εἰ
340 2779 393 2815 γὰρ
420 2779 483 2812 Υἱὸς
506 2779 634 2815 ὑπάρχει,
655 2780 764 2812 πάντως
779 2780 826 2806 τοῦ
851 2789 922 2812 τινος

173 2859 179 2873 ¹
195 2857 302 2886 Baruch
318 2866 360 2891 tu,
375 2858 471 2887 56-38.
521 2861 531 2876 ¹
545 2858 597 2887 lsa.
613 2867 674 2887 XLV.
693 2860 736 2894 ill,
754 2859 795 2887 15.

1011 2411 1055 2439 Ill.
1077 2410 1211 2444 Quocirca
1224 2411 1270 2445 qui
1282 2416 1401 2438 mentem
1417 2411 1444 2438 in
1460 2411 1514 2440 Deo
1527 2412 1640 2440 deﬁxam
1655 2413 1764 2446 habent,

977 2459 1079 2493 quique
1108 2465 1249 2485 sacrarum
1268 2456 1444 2489 Litterarum,
1471 2466 1503 2485 ac
1524 2459 1646 2494 Spiritus
1678 2461 1766 2487 sancti

977 2505 1121 2540 splendore
1133 2504 1303 2532 illuminatus
1315 2504 1406 2536 fuerit,
1415 2504 1438 2532 ei
1453 2498 1508 2531 tota
1523 2505 1631 2533 illorutn
1644 2506 1766 2534 doctrina

977 2558 1039 2577 cum
1069 2550 1157 2577 facilis
1180 2550 1213 2577 ad
1241 2550 1430 2583 refellendum,
1461 2554 1518 2577 tttm
1548 2552 1666 2579 amentia
1692 2554 1766 2580 omni

978 2596 1058 2630 plena
1077 2595 1213 2622 videatur.
1233 2595 1280 2622 Est
1306 2595 1378 2623 enim
1405 2595 1522 2631 insignis
1550 2597 1692 2632 cujusdam
1716 2598 1768 2625 hoc

978 2640 1101 2668 audaciae
1117 2641 1234 2671 facinus,
1256 2648 1288 2668 ac
1318 2648 1482 2676 magnopere
1511 2646 1676 2669 excatcatam
1692 2651 1767 2670 meu—

979 2692 1031 2714 lem
1052 2687 1125 2713 illam
1157 2691 1264 2722 oportet
1297 2695 1358 2715 esse
1376 2708 1383 2719 ,
1416 2692 1443 2716 et
1471 2696 1531 2723 qua:
1558 2689 1682 2716 eumdem
1717 2688 1768 2715 Pa.

979 2737 1046 2758 trem
1083 2739 1143 2759 esse
1170 2732 1242 2759 dicat
1277 2732 1403 2760 eumdem
1444 2732 1542 2760 Filium
1576 2737 1658 2768 atque
1691 2741 1768 2760 eum-

978 2778 1040 2805 dem
1057 2778 1176 2813 denique
1200 2787 1261 2807 esse
1295 2787 1417 2814 passum.
1447 2778 1514 2812 Quae
1541 2779 1588 2814 qui
1624 2779 1767 2814 garriunt,

849 2859 859 2875 ³
869 2858 949 2886 Rom.
967 2866 1005 2892 ix,
1020 2859 1046 2886 5.
