1964 3047
123 147 190 176 «θοι

455 151 637 179 ADVERSUS
657 152 826 180 HERESES
844 151 907 180 LIB.

977 153 1060 182 τον.
1082 153 1102 181 ἰ.
1115 169 1150 174 --
1169 151 1306 180 ΠᾹΞΠΕΞ.
1327 150 1404 178 LVII.

1670 153 1740 178 10:22

122 211 183 245 φαὶ,
197 211 224 237 αἱ
235 210 342 246 Γραφαὶ
353 212 381 238 αί
393 211 481 247 πάντη
498 213 546 248 μὲν
570 213 678 249 Πατέρα
697 213 807 248 Πατέρα
825 214 906 248 γινὼ-

961 215 994 247 vi,
1012 223 1100 251 neque
1115 216 1240 251 prudcnti
1263 215 1484 246 ratiocinatione.
1508 222 1539 242 ac
1568 222 1601 242 ne
1628 209 1740 242 minima

123 265 247 289 σκουσαι,
273 258 320 284 καὶ
342 257 407 284 Υἱὸν
432 258 503 290 Υἱδν,
529 259 575 287 καὶ
597 259 672 293 ἅγιον
697 259 810 294 Πνεῦμα
831 260 908 293 ἀγιον

123 303 247 339 Πνεῦμα.

168 439 248 466 Ἀλλὰ
267 439 294 465 τί
319 439 445 473 φάσκεις,
462 436 485 466 ὧ
498 436 574 471 οὗτος
588 447 595 472 ;
612 439 658 474 Μὴ
677 439 821 465 πολυθεταν
838 439 909 475 ἡγή-

125 493 216 512 σοιντο
237 485 262 511 oi
276 483 307 511 τὺ
329 485 410 517 σέϐας
431 484 565 520 ἀληθινῶς
582 486 615 520 τῇ
635 485 728 520 Τριάδι
744 484 909 520 προσφέρον-

123 538 186 562 τες,
203 530 300 562 οἵτινές
318 531 386 557 εἰσιν
406 531 459 557 υίοὶ
473 531 522 565 τῆς
537 530 679 564 ἀληθείας,
699 530 807 565 καὶτῆς
826 530 910 565 μόνης

126 576 272 611 καθολικῆς
294 576 541 611 Ἐκκλησίας;Καὶ
552 577 601 611 οὐχ
620 576 714 607 οὕτως.
736 576 783 608 Τίς
803 575 857 613 γὰρ
878 577 908 603 οὺ

125 622 216 657 χαίρει
232 623 239 637 ¹
255 623 302 648 ἕνα
317 621 383 648 Θεὸν
401 619 469 648 εἷναι
483 622 532 656 τῆς
546 622 673 657 ἀληθείας
687 622 794 657 Πατέρα
814 630 911 649 παντο-

125 668 269 704 κράτορα,
298 667 327 700 ἐξ
352 665 436 703 οὗπερ
459 669 474 695 ὁ
498 668 642 703 μονογενὴς
664 667 728 699 Υίὸς
752 669 781 694 ὲν
797 667 910 703 ἀληθείᾳ

123 714 192 746 Θεὸς
205 715 290 748 Λόγος
300 733 308 745 ,
333 713 512 745 δνυπόστατος
531 712 617 747 Λόγος
630 713 826 748 γεγεννημένος
841 713 909 748 ἀλη-

123 760 198 792 θινὸς
214 760 244 793 ἐξ
261 760 342 787 αὑτοῦ
357 760 481 795 άνάρχως
498 760 544 786 καὶ
564 759 704 795 ἀχρόνωςς
721 759 766 785 Διὸ
783 760 830 786 ἕνα
844 759 910 786 Θεὸν

125 806 254 841 ἀσφαλῶς
269 806 397 841 κηρύττει
413 806 430 841 ὴ
452 805 616 840 Ἐκκλησία,
643 805 752 840 Πατέρα
768 805 814 831 καὶ¹
834 805 908 832 Υῐόν.

124 853 202 879 Διότι
216 852 272 887 ἐγὼ
287 853 322 879 ὲν
335 851 375 884 τῷ
386 851 488 885 Harp).
509 850 557 878 καί
574 852 590 878 ό
599 849 699 885 Πατὴρ
712 850 747 877 ἐν
765 850 840 885 ἐμοι,
852 851 909 877 καὶ·

958 260 1068 295 quidem
1088 260 1174 294 hujus
1194 260 1392 294 signiﬁcatione
1417 260 1544 295 praedita;
1570 267 1741 294 consequens

957 309 1000 333 est
1009 309 1039 332 nt
1050 312 1146 332 omnes
1159 304 1309 340 Scriptum
1319 305 1506 339 repudientur,
1520 312 1581 340 qua:
1597 304 1698 339 ubique
1712 309 1740 332 et

958 350 1066 377 Patrem
1081 357 1142 378 esse
1153 349 1273 382 Patrem,
1290 354 1316 377 et
1333 350 1431 376 Filium
1448 349 1556 382 Filium,
1570 354 1596 377 et
1610 349 1740 385 Spiritum

959 399 1084 422 sanctum
1101 394 1232 430 Spiritum
1247 398 1371 421 sanctum
1389 399 1550 429 agnoscunt.

994 440 1034 467 Tu
1046 448 1121 473 vero,
1138 441 1173 467 mi
1189 440 1280 473 homo,
1297 440 1361 475 quid
1377 442 1485 467 tandem
1502 439 1603 468 aﬁ'ers?
1618 440 1658 466 An
1676 439 1741 466 illud

959 487 1073 518 vereris,
1087 494 1120 513 ne
1136 487 1247 513 deorum
1267 486 1305 512 illi
1320 485 1519 513 multitudinem
1537 487 1676 516 invcbant.
1694 486 1740 521 qui

960 537 1142 560 sacrosanctae
1172 531 1265 559 Triadi
1295 539 1388 560 vermn
1419 532 1610 567 sincerumque
1638 533 1740 559 cultum

960 578 1106 610 adhibent,
1137 578 1240 613 quique
1277 578 1399 605 veritatis
1433 582 1460 605 et
1494 578 1574 605 unius
1601 578 1742 606 catholicas

960 624 1089 652 Ecclesia;
1110 629 1173 652 sunt
1191 624 1260 650 ﬁlii?
1286 623 1465 651 Vehementer
1478 631 1565 651 erras.
1588 624 1654 657 Quis
1669 625 1741 652 enim

959 679 1014 698 non
1039 675 1145 698 asserat
1174 678 1258 697 unum
1286 669 1369 697 Deum
1397 677 1458 697 esse
1484 671 1606 697 veritatis
1634 669 1741 697 Patrem

959 717 1187 751 omnipotentem,
1209 724 1222 742 a
1240 723 1294 750 quo
1318 716 1471 750 unigenitus
1495 715 1579 743 Filius
1601 723 1663 744 vere
1678 723 1743 750 pro-

960 769 1071 797 gressus
1095 765 1154 792 est,
1182 760 1253 788 Deus
1270 759 1401 792 Verbum.
1423 760 1557 792 Verbum,
1574 761 1742 796 inquam.in

960 807 1070 843 propria
1099 813 1216 841 persona
1245 806 1418 838 consistens,
1449 809 1477 832 et
1502 812 1517 832 a
1542 804 1623 832 Patre
1647 812 1742 832 revera

960 853 1019 881 sine
1037 852 1093 880 ullo
1111 852 1189 879 initio
1206 858 1238 878 ac
1255 852 1376 886 tempore
1392 851 1528 886 genitum?
1546 849 1634 877 Unum
1650 850 1743 885 itaque

122 898 158 924 οι
165 898 220 926 δύο
420 883 542 924 τουτέστι
560 896 608 932 μία
626 883 736 931 θεόιεης,
756 883 802 924 καὶ
820 897 849 924 ἓν
864 897 910 924 Θέ-

962 898 1045 925 Deum
1058 902 1138 925 caute
1149 905 1181 924 ac
1195 883 1342 932 prudenter
1352 883 1471 925 Ecclesia
1483 897 1622 932 przedicat,
1634 883 1742 924 Patrem

123 944 199 980 λημα
211 966 218 976 ,
234 943 282 971 καὶ
303 944 352 979 μία
366 943 505 978 κυριότης.
530 942 574 975 Ἐξ
595 942 677 969 αὑτοῦ
696 942 724 969 δὲ
742 942 787 969 τοῦ
804 943 910 978 Πατρδς

123 991 172 1018 καὶ
197 990 228 1017 τὺ
251 990 361 1025 Πνεῦμα
378 989 555 1025 ἐκπορεύεται
566 1010 573 1020 ,
591 988 770 1016 ἐνυπόστατον
788 989 818 1016 ὃν
831 1008 838 1020 ,
861 988 909 1015 καὶ

125 1037 155 1064 ἒν
174 1037 286 1073 ἀληθείᾳ
301 1037 400 1063 τέλειον
416 1035 527 1071 Πνεῦμα
540 1035 570 1062 τὺ
583 1036 631 1070 τῆς
645 1034 772 1070 ἀληθείας
783 1054 790 1066 ,
806 1035 836 1061 τὸ
851 1043 908 1069 φω-

124 1082 198 1114 τίζον
213 1082 247 1108 τὰ
262 1082 349 1108 πάντα
358 1102 365 1112 ,
379 1080 410 1106 τὸ
421 1081 452 1106 ὲκ
468 1079 514 1107 τοῦ
529 1079 594 1106 Υἱοῦ
607 1078 744 1114 λαμϐάνον
757 1098 765 1111 ,
777 1078 807 1104 τὸ
824 1077 909 1104 Πνεῦ-

125 1136 165 1163 μα
180 1127 230 1163 τῆς
246 1127 372 1162 ἀληθείας
384 1146 390 1158 ,
405 1126 436 1153 τὸ
450 1125 563 1160 Πνεῦμα
579 1125 626 1151 τοῦ
643 1124 748 1160 Πατρός
758 1144 766 1157 ,
783 1124 813 1150 τὸ
824 1123 909 1150 Πνεῦ-

127 1182 166 1210 μα
191 1173 236 1200 τοῦ
254 1172 382 1209 Χριστοῦ.
397 1172 441 1198 Διὸ
452 1171 526 1207 ·μίαν
545 1171 658 1205 θεότητα
674 1168 743 1197 οἶδεν
757 1170 775 1205 ὴ
795 1169 910 1204 Ἐκκλη-

127 1218 172 1245 σία
183 1227 190 1234 ·
211 1215 251 1250 εἷς
261 1217 325 1249 θεδς
334 1218 351 1243 ὁ
365 1217 414 1252 τῆς
429 1215 556 1252 ἀληθείας
572 1215 665 1251 Πατὴρ
675 1235 681 1247 ,
698 1215 794 1250 Πατὴρ
806 1214 909 1246 τέλειος

125 1265 305 1296 ὲνυπόστατος
316 1283 324 1296 ,
347 1263 410 1294 Υἱὸς
428 1262 530 1293 τέλειος
551 1261 748 1292 ἐνυπόστατος,
766 1260 814 1288 καὶ
832 1259 908 1295 ἀγιον

126 1311 238 1346 Πνεῦμα
259 1310 359 1336 τέλειον
384 1309 578 1340 ὲνυπόστατον,
600 1308 648 1343 μία
669 1307 778 1342 θεότης,
796 1306 846 1342 μία
867 1306 909 1332 δε-

127 1356 254 1388 σποτεία,
271 1355 320 1391 μία
344 1354 482 1391 κυριότης.
501 1354 545 1380 Διὸ
564 1353 651 1388 πάντη
673 1352 766 1387 σαφῶς
789 1351 909 1387 κεκηρῦ-

126 1411 206 1439 χασιν
222 1403 250 1428 αἱ
278 1402 349 1428 θεῖαι
368 1400 475 1435 Γραφαὶ
499 1400 548 1426 ἕνα
571 1399 652 1431 Θεδν,
669 1398 791 1425 τουτέστι
807 1397 910 1433 Τριάδα

124 1448 266 1484 όμοούσιον
279 1467 286 1479 ,
312 1447 356 1474 ἀεὶ
380 1444 464 1473 οὖσαν
486 1445 535 1480 τῆς
558 1444 642 1479 αὐτῆς
660 1444 822 1479 ταυτότητος
834 1463 842 1475 ,
861 1443 910 1478 τῆς

124 1495 211 1531 αὐτῆς
222 1493 391 1530 κυριότητος.
402 1492 458 1520 Καὶ
469 1492 591 1518 διέπεσεν
604 1492 636 1517 ὲκ
650 1489 818 1525 πανταχόθεν
834 1490 848 1516 ὸ
860 1490 909 1524 τῆς

125 1541 252 1576 ἀνοησίας
267 1549 313 1566 σου
328 1539 406 1574 λόγος
416 1559 423 1570 ,
440 1535 462 1565 ὦ
485 1538 592 1573 ἀνόητε.
612 1536 708 1563 Τοίνυν
717 1535 819 1562 τούτων
836 1537 910 1571 είρη-

125 1565 465 1623 ῗκαλῗάνέιθέοως
491 1565 558 1619 πρὸς
571 1583 620 1615 τὰς
641 1582 689 1609 τοῦ
709 1565 908 1618 προειρημένον
922 1565 946 1597 c

125 1632 231 1667 Νοητοῦ
252 1631 343 1666 φωνὰς
368 1632 478 1658 σκοπεῖν
497 1630 526 1663 ἐξ
543 1629 669 1665 ὑπαρχῆς
680 1649 687 1661 ,
701 1629 749 1655 καὶ
767 1628 853 1660 οὕτως
875 1627 908 1654 τὰ

125 1679 195 1706 αὐτὰ
210 1677 344 1713 κεφάλαια
359 1677 531 1712 ἀνατρέπειν.

960 943 1086 970 videlicet
1103 947 1129 970 et
1141 942 1250 970 Filium.
1267 942 1398 976 Quoniam
1411 963 1418 975 ,
1435 942 1533 978 inquit,
1547 951 1593 977 ego
1608 942 1636 969 in
1649 941 1740 974 Patre,

959 995 982 1016 et
999 989 1080 1016 Pater
1098 989 1124 1016 in
1140 997 1179 1016 me
1193 994 1233 1016 est
1248 990 1270 1016 '.
1291 988 1322 1016 Et
1335 999 1342 1016 :
1356 989 1439 1015 Ambo
1449 996 1530 1015 unum
1548 996 1638 1016 sumus
1655 988 1676 1020 ',
1691 988 1742 1015 hoc

959 1040 1018 1068 est,
1034 1043 1086 1062 una
1104 1035 1252 1066 divinitas.
1269 1039 1295 1062 ct
1311 1034 1436 1061 voluntas
1458 1042 1522 1067 una,
1543 1039 1569 1061 et
1587 1041 1639 1060 una
1653 1033 1743 1061 domi-

959 1082 1045 1108 natio.
1060 1081 1193 1108 Czeterum
1209 1088 1239 1108 ex
1255 1079 1335 1108 Patre
1349 1080 1466 1115 Spiritus
1478 1088 1586 1116 quoque
1601 1080 1741 1115 procedit,

959 1132 1055 1162 suapte
1079 1131 1211 1154 constans
1241 1127 1398 1162 hypostasi,
1426 1133 1458 1153 ac
1486 1127 1576 1162 reipsa
1607 1125 1742 1161 perfectus

959 1174 1081 1201 veritatis
1099 1172 1229 1208 Spiritus,
1241 1173 1287 1208 qui
1303 1173 1438 1200 illuminat
1458 1173 1566 1206 omnia;
1581 1173 1627 1208 qui
1644 1180 1658 1199 a
1674 1171 1742 1199 Filio

959 1219 1075 1254 accipit;
1094 1220 1232 1251 veritatis,
1256 1219 1385 1254 inquam.
1404 1219 1540 1254 Spiritus.
1563 1219 1681 1253 Spiritus
1695 1217 1743 1245 Pa-

958 1263 1027 1295 tris,
1050 1263 1168 1298 Spiritus
1187 1264 1299 1291 Christi.
1320 1263 1412 1299 Itaque
1431 1271 1513 1291 unam
1538 1263 1658 1291 Ecclesia
1673 1264 1743 1290 divi-

958 1307 1071 1334 nitatem
1084 1308 1222 1342 agnoscit;
1237 1313 1334 1342 estque
1347 1307 1418 1336 Deus
1430 1316 1499 1336 unus
1514 1310 1636 1337 veritatis
1652 1308 1741 1342 Pater,

958 1352 1095 1387 perfectus
1111 1353 1199 1385 Pater,
1219 1353 1358 1388 hypostasi
1375 1362 1424 1381 sua
1440 1355 1587 1389 praeditus;
1604 1355 1742 1390 perfectus

958 1397 1062 1430 Filius,
1081 1405 1158 1425 suam
1176 1406 1301 1434 peraeque
1320 1399 1424 1427 habens
1442 1400 1630 1436 bypostasim;
1657 1401 1743 1437 perfe-

958 1449 1020 1472 ctus
1035 1444 1152 1479 denique
1171 1446 1289 1480 Spiritus
1302 1449 1429 1478 sanctus,
1446 1451 1473 1474 et
1495 1455 1572 1475 suam
1588 1448 1640 1476 sibi
1657 1448 1743 1484 hypo-

959 1490 1053 1517 stasim
1078 1490 1220 1518 vindicans
1237 1499 1244 1518 :
1260 1499 1313 1518 una
1331 1491 1475 1524 divinitas,
1493 1500 1603 1527 unaque
1619 1493 1743 1521 demitta-

960 1535 1008 1562 tio.
1029 1534 1134 1568 Quibus
1158 1535 1191 1564 de
1213 1537 1306 1565 causis
1332 1537 1416 1564 Deum
1432 1545 1515 1565 unum
1537 1546 1620 1566 sacrae
1642 1540 1743 1574 ubique

962 1582 1070 1610 Littera
1101 1584 1292 1618 pronuntiant.
1321 1584 1450 1611 nimirum
1479 1586 1741 1613 consubstantialem

961 1628 1087 1656 Triadem
1098 1649 1105 1661 ,
1121 1637 1153 1656 ac
1171 1637 1279 1665 semper
1290 1631 1482 1663 cxsistentcm,
1499 1632 1542 1658 cui
1560 1632 1653 1660 eadem
1672 1632 1744 1660 iden-

960 1676 1038 1707 titas,
1050 1675 1175 1710 idemque
1186 1675 1342 1704 dominatus
1355 1677 1524 1704 attribuitur.
1541 1677 1624 1714 484
1638 1677 1675 1704 Ex
1689 1685 1743 1712 quo

125 1729 173 1752 tu.
192 1724 248 1757 illa,
266 1722 443 1751 stolidissime
460 1721 630 1753 mortalium,
652 1721 743 1755 inepta
762 1719 833 1747 ratio
859 1721 989 1748 concidit.
1006 1720 1055 1748 llis
1071 1722 1286 1753 animadversis.
1305 1722 1436 1750 adversus
1469 1724 1528 1752 illas
1557 1724 1632 1751 Noeti
1664 1732 1743 1751 voces

125 1771 318 1807 opponendum
343 1770 425 1798 modo
449 1769 568 1804 aliquid.
594 1772 622 1796 et
644 1769 679 1795 ab
698 1769 756 1803 ipso
771 1767 905 1803 principio
919 1769 1093 1804 repetendum
1110 1773 1169 1802 est,
1186 1774 1267 1805 atque
1283 1778 1316 1798 eo
1349 1771 1430 1798 modo
1459 1772 1564 1807 singula
1582 1773 1671 1807 capita
1699 1779 1744 1799 rc-

126 1818 252 1846 fellenda.

162 1863 200 1890 E'.
216 1861 327 1898 Πρῶτον
351 1861 401 1896 μὲν
423 1857 471 1886 οὖν
487 1859 579 1894 ἐπειδὴ
604 1859 748 1894 παρήγαγε
774 1857 805 1884 τὸ
826 1858 910 1892 κεφά-

125 1909 215 1941 λαιον,
237 1909 278 1935 ὅτι
294 1906 346 1941 Εἷς
359 1907 446 1940 Θεὸς.
466 1906 501 1938 ἐξ
518 1903 554 1933 οὗ
573 1905 609 1932 τὰ
629 1904 742 1936 πάντα,
759 1904 808 1931 καί
825 1904 911 1938 ἡμεῖς

126 1957 170 1989 είς
190 1955 299 1987 αὑτὸν,
315 1954 364 1981 καί
380 1951 424 1986 εἴς
446 1953 550 1986 Κύριος
570 1951 688 1985 Ἰησοῦς
705 1952 846 1985 Χριστὸς,
861 1950 911 1977 καὶ

127 2001 212 2036 ἡμεῖς
230 2001 266 2027 δι’
281 2000 373 2027 αὑτοῦ
386 2020 393 2032 ,
409 1999 447 2026 δι’
462 1999 498 2026 ὃν
514 1999 549 2025 τὰ
564 1998 678 2029 πάντα,
699 1998 748 2024 καὶ
771 1997 856 2032 ἡμεῖς
873 1997 910 2023 δι’

127 2047 235 2074 αὐτοῦ’
257 2046 305 2081 οὐχ
320 2046 401 2081 ὁρᾷς,
421 2047 461 2072 ὅτι
481 2043 525 2078 εἷς
543 2044 615 2077 Θεὸς
627 2065 635 2077 ,
653 2044 688 2076 ἐξ
704 2041 739 2071 οὗ
753 2043 790 2070 τὰ
803 2043 910 2075 πάντα,

129 2092 178 2120 καὶ
196 2092 281 2126 ἡμεῖς
301 2092 344 2124 είς
366 2091 475 2123 αὑτὸν,
494 2090 551 2122 πῶς
569 2090 618 2123 τὴν
630 2090 695 2126 μίαν
709 2089 795 2125 ἀρχὴν
812 2089 912 2124 σημαί-

128 2146 188 2171 νεις
204 2138 247 2165 ἴνα
265 2138 302 2173 μὴ
320 2138 360 2169 είς
383 2137 481 2169 πολλάς
497 2136 584 2173 ἀρχὰς
604 2136 691 2172 τρέψῃ
710 2136 758 2171 τὴν
781 2136 909 2165 διάνοιαν,

129 2185 176 2212 καὶ
190 2185 229 2216 είς
244 2183 387 2210 πολυθεΐαν
399 2183 490 2220 ἀγάγῃ
510 2183 591 2210 πάλιν
606 2183 655 2210 τὸν
669 2181 837 2218 πλανηθέντα
849 2181 911 2208 νοῦν

995 1857 1027 1884 ν.
1053 1857 1130 1890 Quod
1148 1858 1231 1893 igitur
1244 1859 1270 1886 in
1287 1859 1382 1894 primis
1397 1859 1463 1887 illud
1481 1860 1574 1895 objicit
1590 1871 1597 1888 :
1617 1861 1690 1888 Unus
1705 1867 1744 1889 ett

961 1903 1030 1931 Deus
1044 1911 1076 1930 ea:
1088 1912 1138 1938 quo
1157 1905 1262 1935 omnia.
1276 1909 1301 1931 el
1323 1913 1370 1932 nos
1390 1905 1417 1932 in
1439 1906 1524 1940 ipsum
1541 1915 1550 1933 .'
1565 1911 1590 1934 et
1607 1915 1674 1934 unus
1691 1907 1745 1934 Dn-

961 1950 1047 1976 mimts
1071 1948 1148 1976 Iesus
1179 1949 1317 1982 Clirislua,
1342 1955 1366 1977 et
1380 1959 1428 1977 nos
1446 1959 1492 1984 per
1514 1952 1599 1986 ipsum
1613 1972 1620 1984 ,
1641 1958 1745 1987 proplrr

960 2002 1035 2029 quem
1047 1995 1145 2025 omnia.
1160 1999 1185 2021 et
1199 2003 1245 2021 nos
1257 2002 1302 2028 per
1315 1995 1399 2029 ipsum
1410 1995 1421 2011 ⁸
1433 2004 1440 2028 ;
1454 2003 1545 2024 nonne
1561 1997 1595 2024 iis
1607 1997 1674 2032 ipsis
1685 2006 1745 2024 ver-

960 2040 1002 2067 bis
1022 2042 1101 2074 (unus
1113 2039 1181 2067 Deus
1205 2048 1238 2067 ea;
1262 2048 1313 2075 quo
1335 2041 1440 2072 omnia,
1468 2046 1494 2068 et
1520 2049 1566 2068 nos
1597 2043 1624 2068 in
1647 2042 1744 2075 ipsum)

960 2094 1044 2114 unum
1072 2086 1220 2121 signiﬁcari
1245 2087 1408 2122 principium
1437 2087 1535 2115 vides?
1557 2087 1596 2115 Ne
1623 2089 1744 2115 animum

960 2135 1083 2158 nostrum
1100 2132 1134 2158 ad
1153 2132 1230 2166 plura
1250 2133 1395 2166 cogitanda
1411 2133 1544 2168 principia
1561 2136 1743 2165 converteret,

959 2185 991 2204 ac
1003 2178 1158 2204 mortalium
1171 2178 1278 2213 ingenia
1293 2179 1441 2205 vanissima
1462 2179 1507 2205 illa
1527 2179 1640 2206 deorum
1656 2179 1744 2206 multi-

128 2230 182 2257 τῶν
208 2229 359 2266 ἀνθρώπων
380 2229 426 2255 ἐπὶ
447 2218 489 2264 ν
505 2229 656 2264 κενοφωνία
681 2228 730 2264 τῆς
755 2227 907 2259 ωλυθεῖας.

961 2223 1055 2250 tudine
1076 2223 1206 2258 decepta,
1235 2231 1331 2251 rursus
1355 2224 1389 2250 ad
1417 2224 1540 2251 eamdem
1569 2225 1744 2252 asserendam

135 2275 216 2310 Ὁρᾷς
231 2274 286 2310 γὰρ
302 2274 361 2305 πῶς
378 2274 419 2300 ἑνὶ
435 2274 546 2309 ὀνόματι
565 2274 711 2309 κέχρηται,
725 2274 771 2300 καὶ
787 2274 837 2308 μιᾷ
853 2274 909 2299 ὀνο-

131 2320 216 2356 μασίᾳ
227 2340 234 2352 ,
252 2320 302 2346 οὐκ
315 2319 480 2355 ἀρνούμενος
493 2320 539 2346 τὸν
554 2320 682 2356 μονογενῆ
695 2320 770 2347 Θεόν.
784 2317 845 2346 Οἵδε
858 2320 912 2356 γὰρ

129 2367 210 2394 αὑτὸν
229 2366 331 2401 Κύριον
341 2386 349 2398 ,
372 2366 419 2392 καὶ
432 2363 502 2392 οἶδεν
515 2366 596 2392 αὑτὸν
617 2366 691 2393 Θεόν.
710 2365 755 2392 Διὸ
769 2365 913 2399 ἀσφαλιζό-

130 2420 209 2448 μενος
223 2411 297 2446 λέγει
310 2419 319 2427 '
336 2411 390 2438 Καὶ
405 2409 448 2444 εἷς
465 2411 572 2445 Κύριος
588 2411 702 2444 Ἰησοῦς
717 2410 858 2445 Χριστὸς,
876 2409 912 2436 δι’

128 2456 164 2485 οὗ
184 2456 220 2483 τὰ
237 2457 344 2484 πάντα.
368 2457 423 2483 Καὶ
449 2457 495 2482 ἀπὶ
515 2456 564 2491 μὲν
586 2455 633 2482 τοῦ
646 2456 753 2489 Κύριος
768 2455 847 2482 τοῦτο
869 2455 913 2481 λέ-

127 2513 184 2538 γων
200 2503 230 2530 οὐ
252 2503 298 2529 τὸν
322 2502 403 2529 αὑτὸν
419 2502 538 2536 ὲσήμανε
555 2501 664 2536 Πατέρα
688 2499 756 2528 εἶναι
769 2522 777 2534 ,
802 2501 849 2528 καὶ
867 2501 912 2528 τὸν

127 2549 209 2576 αὐτὸν
229 2548 292 2574 Υἰόν
306 2555 313 2563 ·
340 2547 408 2574 ἀλλὰ
426 2546 509 2580 ἔδειξε
539 2548 585 2574 τὸν
611 2547 660 2582 μὲν
674 2546 783 2582 Πατέρα
801 2547 912 2582 Πατέρα

127 2593 192 2619 ὄντα
202 2612 209 2624 ,
225 2592 271 2619 τὸν
286 2591 315 2618 δὲ
331 2592 396 2619 Υίὺν
421 2592 485 2618 Υίδν
501 2591 618 2627 ἀληθῶς.
640 2590 748 2626 Ἐπειδὴ
763 2591 792 2617 τὸ
815 2592 912 2623 εἰπεῖν,

129 2635 170 2669 εἷς
191 2638 257 2670 Θεὸς
272 2638 318 2664 ἐπὶ
335 2638 375 2672 τῷ
389 2638 494 2673 Ila-:91.
508 2638 558 2672 οὐχ
575 2637 613 2668 ὡς
628 2637 792 2672 ἀρνούμενος
811 2637 856 2664 ἐπὶ
873 2637 913 2671 τῷ

130 2682 188 2717 Υἱῷ
206 2683 236 2710 τὸ
251 2681 320 2709 εἶναι
344 2682 419 2714 Θεός.
436 2683 468 2709 Et
483 2681 538 2716 γάρ
556 2682 593 2716 μὴ
613 2681 694 2713 Θεὸς,
709 2680 770 2707 οὔτε
792 2681 891 2716 Κύριος
904 2689 910 2696 ·

129 2729 222 2764 ίπειδὴ
244 2728 272 2755 δὲ
287 2728 389 2764 Κύριος
401 2749 408 2762 ,
423 2727 469 2755 καὶ
482 2727 558 2759 Θεός.
579 2726 646 2753 Ἀλλ’
671 2727 710 2758 είς
727 2727 791 2762 μίαν
814 2726 912 2761 ὀνομα-

130 2774 191 2802 σίαν
205 2775 314 2809 ἀνάγειν
327 2773 544 2809 ἀναγκαζόμενος
564 2772 614 2800 ὑπὸ
629 2772 675 2799 τοῦ
692 2773 770 2807 άγίου
786 2773 911 2808 Πνεύμα-

166 2854 177 2871 ι
191 2853 254 2882 Cor.
269 2854 320 2881 οὐκ
334 2854 401 2890 ipsi.
439 2855 450 2869 '
461 2852 540 2884 Joan.
554 2862 610 2886 xu,
627 2855 670 2882 10.
710 2854 720 2870 ³
735 2853 812 2881 Joan.
833 2861 860 2884 ι,
875 2852 918 2880 50.

290 2901 423 2932 ΡΑτιιοι.
440 2901 499 2932 Gn.
515 2899 594 2932 XLI.

963 2269 1070 2304 copiam
1084 2268 1333 2298 adduceretNides
1345 2270 1418 2297 enim
1435 2270 1663 2305 quemadmodum
1689 2278 1744 2297 uno

960 2315 1071 2342 nomine
1087 2315 1122 2342 sit
1137 2318 1252 2346 usus,et
1268 2315 1449 2350 appellatione
1467 2323 1530 2347 una.
1542 2323 1596 2342 non
1613 2319 1643 2342 ut
1654 2315 1736 2350 unige

962 2360 1048 2388 nitum
1080 2360 1164 2388 Deum
1188 2361 1344 2396 abnegaret.
1378 2361 1522 2389 Dominum
1551 2362 1651 2397 quippe
1683 2369 1744 2389 esse

962 2407 1039 2434 illum
1059 2407 1392 2443 intelligit,eumdemque
1419 2408 1514 2436 Deum.
1535 2408 1597 2436 Ideo
1612 2408 1743 2444 singulari

962 2453 1078 2487 quadam
1102 2454 1228 2481 cautione
1252 2454 1318 2481 illud
1345 2453 1506 2488 adjecit,Et
1527 2462 1595 2482 unus
1615 2454 1744 2482 Dominus

962 2497 1041 2526 Iesus
1058 2498 1179 2526 Christus
1203 2507 1247 2534 per
1271 2507 1347 2534 quem
1372 2499 1471 2526 omnia.
1496 2498 1573 2532 Quod
1598 2507 1660 2527 cum
1684 2499 1743 2526 voci

963 2545 1021 2577 illi,
1053 2545 1197 2578 Dominus,
1226 2546 1361 2580 praecipue
1385 2545 1505 2578 aiﬁnxit;
1536 2552 1591 2572 non
1619 2544 1743 2572 eumdem

963 2592 1094 2619 indicavit
1116 2599 1177 2620 esse
1199 2591 1324 2627 Patrem].
1353 2591 1533 2627 eumdemque
1551 2590 1669 2623 Filium;
1696 2591 1743 2619 sed

962 2645 1024 2665 eum
1040 2638 1086 2673 qui
1103 2637 1184 2665 Pater
1202 2642 1254 2668 est.
1272 2646 1332 2666 esse
1349 2637 1456 2666 Patrem
1472 2658 1480 2670 ,
1500 2638 1547 2673 qui
1561 2637 1664 2665 Filius.
1682 2645 1743 2664 vere

964 2683 1061 2710 Filium
1085 2691 1147 2712 esse
1171 2684 1329 2711 declaravit.
1346 2683 1412 2710 Nam
1432 2687 1460 2711 at
1474 2691 1536 2711 cum
1551 2683 1585 2710 de
1607 2682 1687 2709 Patre
1704 2683 1743 2708 Io-

965 2736 1053 2763 quens
1087 2736 1170 2756 unum
1196 2729 1280 2756 Deum
1302 2737 1363 2756 esse
1381 2729 1467 2762 dixit,
1490 2735 1658 2763 nequaquam
1677 2725 1746 2753 Filio

965 2774 1134 2802 divinitatem
1151 2774 1278 2802 detraxit.
1295 2774 1361 2802 Nam
1380 2775 1402 2802 si
1421 2775 1492 2802 Deus
1509 2781 1562 2801 non
1579 2777 1637 2804 est,
1658 2779 1746 2807 neque

958 2851 988 2878 ⁸1
1004 2851 1068 2880 Cor.
1086 2860 1147 2886 vni,
1158 2853 1185 2879 6.

1572 2897 1611 2927 ΞΝ
