1958 3050
162 118 239 147 1007

870 123 898 152 S.
924 124 1095 154 EPIPHANII

1716 135 1788 164 1008

169 176 342 213 Verbumque
360 178 394 206 de
420 177 527 214 Virgine
549 179 702 207 interventu
718 179 836 215 ερὶι·ἰιιιι
859 186 936 210 sanet

999 185 1046 212 ἕνα
1057 186 1185 219 τελέτας,
1201 187 1239 220 ὡς
1252 187 1339 223 λέγει’
1362 188 1390 215 '0
1403 190 1534 223 καταϐὰς
1546 191 1639 225 αὑτός
1653 192 1719 219 ἐστι
1734 195 1787 221 καὶ

166 223 274 258 genitus
290 223 336 250 Dei
351 223 452 256 Filius,
481 225 527 259 qui
548 232 618 251 unus
633 230 713 260 atque
729 226 799 253 idem
816 234 877 255 sese
891 235 953 254 car-

167 276 200 295 ne
214 269 366 304 spirituque
383 269 505 304 perfecit.
518 269 578 303 Quo
592 271 658 298 illud
680 271 799 305 pertinet
816 282 822 299 :
837 272 890 305 Qui
908 273 953 300 de-

165 315 282 346 scendit,
299 315 354 349 ipse
372 320 410 342 est
428 320 453 342 et
463 316 508 350 qui
524 317 641 343 ascendit
654 316 741 345 Filius
767 318 896 350 hominis,
907 319 953 353 qui

157 366 203 388 est
217 361 243 387 in
259 362 322 388 caelo
335 361 355 388 ‘.

200 406 267 433 Vlll.
297 406 367 441 Quid
393 406 425 434 ad
446 407 503 434 haec
517 406 620 434 Noetus
636 415 699 434 cum
725 415 774 435 sua
801 409 950 437 stoliditate

164 456 245 487 atque
262 451 378 479 amentia
404 454 493 486 potest
510 453 647 487 objicere?
663 452 731 480 Num
750 453 777 480 in
793 454 862 481 coelo
884 462 950 482 caro

163 499 225 522 ante
237 495 415 522 versabatur?
432 495 542 523 Minime
557 496 689 531 proiecto.
705 496 846 529 Quomodo
866 499 950 534 igitur

162 541 207 574 qui
216 541 347 568 descendit
361 541 392 568 de
403 542 477 574 cato,
489 542 543 576 ipse
554 547 592 570 est
602 543 647 578 qui
658 543 774 570 ascendit
783 545 795 572 ἵ
804 544 886 580 487
895 545 948 573 nisi

162 586 228 613 illud
244 587 398 621 signiﬁcare
415 588 500 615 voluit
511 607 519 620 .
535 587 652 616 Verbum
679 589 768 624 ipsum
780 610 787 622 ,
807 590 881 624 quod
898 591 946 618 de-

162 631 315 664 scenderat,
340 640 393 659 non
412 641 445 660 ex
462 633 583 660 inferiori
599 635 737 662 esse'loco
751 656 757 668 ,
780 635 828 663 sed
846 643 861 662 e
877 636 947 663 coelo

161 684 221 704 esse
235 677 385 712 delapsum.
407 677 587 712 Posteaquam
611 686 676 706 vero
692 686 802 707 carnem
823 680 945 708 hominis

161 723 323 758 assumpsit.
342 731 396 750 non
414 723 488 750 illam
506 723 615 758 quidem
633 732 648 751 e
663 725 714 751 viri
732 725 836 753 semine
850 733 946 753 susce-

160 772 244 803 ptam.
263 776 278 795 e
292 769 388 803 spiritu
404 769 507 803 pariter
521 777 552 796 ac
570 777 652 798 carne
667 775 753 798 totum
769 772 945 800 administra-

160 815 242 841 tionis
254 822 311 841 sua:
326 815 461 850 negotium
478 815 600 849 perfecit.
614 816 796 849 Quamobrem
813 823 842 845 ut
858 818 941 845 divini

1003 232 1021 257 ό
1044 231 1176 265 ἀναϐὰς,
1196 235 1213 260 d
1235 234 1302 268 Υἱὸς
1327 234 1380 262 τοῦ
1402 235 1558 270 ἀνθρώπου
1570 257 1578 270 ,
1598 239 1616 264 ὀ
1634 237 1677 265 ὢν
1692 239 1727 265 ἐν
1745 239 1786 272 τῷ

1002 277 1128 310 οὐρανῷ.

1035 410 1076 438 H'.
1093 410 1125 437 Τί
1138 408 1184 438 οὖν
1198 411 1256 447 ἐρεῖ
1273 411 1376 446 Νοητὸς
1391 413 1420 439 ὲν
1435 413 1468 448 τῇ
1489 413 1571 440 αὐτοῦ
1590 414 1702 450 ἁνοησίᾳ
1715 423 1722 447 ;
1737 416 1783 451 Μὴ

999 454 1029 479 ἐν
1048 453 1087 489 τῷ
1101 454 1207 489 οὐρανῷ
1223 454 1291 489 σὰρξ
1314 453 1365 490 ἧν;
1387 456 1511 491 Δηλονότι
1533 458 1583 484 οὐκ
1600 456 1644 493 ἦν.
1660 459 1721 491 Πῶς
1736 458 1783 487 οὖν

1004 498 1035 525 '0
1052 500 1181 532 καταϐὰς
1195 500 1230 532 ἐξ
1243 502 1372 535 οὐρανοῦ
1382 521 1389 534 ,
1411 503 1502 536 αὑτός
1519 503 1604 530 ἐστιν
1619 505 1635 530 a’
1653 505 1782 539 ἀναϐάς;

1004 544 1072 570 Ἀλλ’
1087 545 1129 571 ἵνα
1143 546 1187 572 τὸν
1201 546 1363 573 κατελθόντα
1386 547 1471 581 Λόγον
1487 549 1596 586 σημάνῃ
1612 550 1643 576 οὐ
1659 551 1782 577 κάτωθεν

996 588 1070 621 ὄντα,
1083 589 1151 616 ἀλλὰ
1164 589 1265 616 ἄνωθεν
1278 591 1448 618 κατελθόντα.
1474 592 1549 618 Ἐπεὶ
1562 593 1591 618 δὲ
1605 592 1780 629 ὲνηνθρὼπη-

997 642 1042 660 σεν
1059 634 1087 660 ἑν
1100 634 1191 669 σαρκὶ,
1207 635 1257 660 οὐχ
1271 635 1326 661 ἀπὸ
1341 635 1498 671 σπέρματος
1517 637 1613 673 ἀνδρὸς
1624 657 1632 668 ,
1650 639 1682 664 ὲκ
1700 638 1780 665 πνεύ-

997 686 1080 712 ματος
1091 679 1118 705 δὲ
1130 679 1177 705 καὶ
1188 679 1290 714 σαρκὸς
1301 679 1440 707 ἐτελείωσε
1455 681 1504 717 τὴν
1518 682 1600 709 αὐτοῦ
1614 682 1777 718 οἰκονομίαν·

994 723 1038 750 διὰ
1056 723 1150 757 τοῦτο,
1182 723 1246 761 μίαν
1264 726 1375 762 ἑνότητα
1392 728 1532 762 σημαίνων
1553 728 1604 763 τῆς
1630 728 1676 755 τοῦ
1693 729 1780 763 Λόγου

995 769 1167 803 πνενὼσεως
1195 773 1242 798 καὶ
1273 772 1321 808 τῆς
1354 772 1576 808 ἀνθρωπήσεως,
1606 774 1705 808 φάσκει
1732 775 1778 800 τὸν

993 814 1094 841 ἄνωθεν
1113 815 1214 850 ἥκοντα
1231 817 1287 844 ἄνω
1312 817 1414 844 ἀνιέναι
1438 818 1467 844 ἐν
1487 818 1624 844 τελειώσει
1641 818 1775 854 Θεότητος.

160 860 238 887 Verbi
266 860 443 896 humanaeque
475 865 578 889 naturae
607 862 847 897 coniunctionem,
872 870 899 892 et
916 865 933 892 ii

995 862 1048 889 Καὶ
1064 861 1118 897 γὰρ
1134 862 1180 889 νῦν
1193 863 1207 889 ὁ
1226 862 1265 898 μὴ
1274 863 1311 889 ὢν
1325 871 1401 896 ποτε,
1412 863 1479 899 σάρξ
1492 865 1565 890 ἐστιν
1578 865 1609 890 ἐκ
1622 864 1779 899 Πνεύματος

159 913 239 933 unam
256 906 432 942 eamdemque
448 915 505 933 rem
520 908 749 935 consociationem
765 914 943 943 monstraret,

158 951 233 978 illum
247 951 334 987 ipsum
351 952 430 984 dixit,
443 952 516 987 quie
533 953 604 980 coelo
620 959 731 981 venerat
743 973 751 986 ,
768 955 862 982 eodem
879 963 941 983 cum

157 999 282 1025 absoluta
311 998 452 1026 divinitate
479 999 604 1027 rediisse.
632 999 710 1027 Nunc
720 1001 808 1032 enim,
824 1001 849 1027 id
869 1001 944 1036 quod

157 1048 220 1070 ante
248 1051 301 1070 non
319 1047 387 1075 erat.
405 1051 470 1071 caro
481 1049 534 1076 est,
555 1045 588 1072 de
615 1044 717 1080 Spiritu
743 1051 885 1081 susceptus
909 1054 943 1075 ac

157 1088 280 1124 Virgine;
298 1088 446 1123 perlectum
472 1097 568 1124 nempe
584 1089 700 1118 Verbum
722 1091 842 1118 oblatum
868 1091 942 1120 Patri

157 1135 301 1170 Deo,quod
314 1140 393 1162 antea
405 1143 469 1162 caro
482 1136 509 1162 in
517 1136 588 1163 cosio
600 1144 654 1163 non
668 1137 764 1164 luerat.
777 1137 847 1169 Quid
860 1138 942 1173 igitur

158 1181 185 1207 in
201 1182 271 1207 ctelo
291 1180 342 1206 fuit
355 1180 427 1208 aliud
438 1201 444 1213 ,
462 1185 560 1216 praeter
586 1181 703 1209 Verbum
719 1190 735 1209 e
753 1182 823 1210 caelo
838 1182 939 1211 demis-

157 1227 236 1253 sum?
255 1226 305 1253 Cui
327 1226 353 1252 in
371 1234 452 1253 unam
473 1226 639 1254 divinitatem
668 1228 826 1262 coniunctio
842 1236 941 1256 conve-

156 1272 264 1304 niebat,
289 1271 440 1299 secundum
462 1276 602 1306 paternam
622 1272 675 1298 vim
701 1273 828 1306 copulata
859 1278 940 1308 atque

156 1318 280 1346 conﬂata.
311 1317 371 1350 Quo
396 1321 423 1344 et
444 1317 509 1344 illud
538 1325 591 1345 una
616 1317 785 1350 declararet,
811 1319 839 1345 in
867 1322 938 1346 terra

155 1367 278 1398 cteloque
291 1363 416 1391 eumdem
431 1370 491 1390 esse
503 1362 586 1390 Deum
599 1362 733 1395 Verbum,
745 1365 935 1392 conversionis

154 1409 243 1436 omnis
249 1416 280 1436 ac
289 1408 446 1436 mutationis
453 1416 527 1443 expc:
536 1412 599 1436 tem.
613 1408 677 1436 Erat
689 1410 790 1444 quippe
809 1409 936 1441 Verbum.

155 1455 226 1482 Deus
240 1459 297 1482 eral
312 1461 436 1489 semper,
451 1460 509 1481 erat
525 1454 655 1489 Spiritus,
677 1455 717 1482 vis
733 1459 793 1482 erat
807 1455 934 1489 denique.

154 1500 204 1532 Qui
225 1507 370 1527 commune
390 1499 455 1526 illud
479 1507 590 1531 nomen,
605 1499 732 1534 quodque
750 1500 874 1527 homines
889 1508 937 1527 ca-

155 1553 217 1580 pere
240 1550 368 1581 possent,
388 1553 416 1572 in
433 1545 556 1580 seipsum
573 1546 711 1581 suscepit,
728 1553 790 1572 cum
815 1546 934 1573 hominis

154 1590 238 1618 Filius
252 1592 404 1626 appellatus
415 1597 465 1623 est,
481 1592 606 1626 quamvis
618 1591 663 1618 Dei
681 1589 767 1619 Filius
783 1595 866 1619 esset.
883 1592 935 1624 Qui

154 1638 264 1671 insuper
277 1645 291 1663 a
308 1637 447 1671 prophetis
461 1637 487 1663 id
505 1637 593 1671 ipsum
605 1656 612 1668 ,
632 1637 704 1672 quod
725 1637 752 1664 in
770 1645 852 1665 carne
865 1645 935 1664 nou-

153 1683 216 1710 dum
229 1687 365 1714 erat,esse
381 1686 442 1709 ante
457 1682 691 1717 pronuntiabatur,
707 1688 815 1718 propter
824 1683 850 1710 id
863 1683 935 1718 quod

152 1733 211 1754 crat
227 1728 254 1754 in
266 1736 298 1754 eo
311 1727 513 1762 perliciendum.
530 1727 619 1760 Quare
634 1729 670 1754 ila
684 1727 778 1755 Daniel
794 1727 913 1762 loquitur
926 1737 933 1754 :

158 1773 214 1800 Vidi
226 1782 300 1804 quasi
318 1772 418 1800 Filium
441 1773 553 1800 hominis
566 1773 706 1800 venientem
737 1774 764 1800 in
788 1773 898 1800 nubibus
910 1774 930 1800 '.

152 1820 228 1847 Unde
243 1821 340 1847 merito
356 1820 382 1847 in
393 1820 462 1846 uelo
478 1820 528 1847 hoc
543 1819 668 1846 allectum
689 1819 799 1847 nomine
813 1818 932 1847 Verbum

994 909 1041 934 καὶ
1054 908 1193 943 Παρθένου
1202 929 1209 940 ,
1230 909 1244 934 ὀ
1265 909 1454 944 προσενεχθεὶς
1469 910 1555 945 Πατρὶ
1568 909 1668 941 τέλειος
1681 910 1776 943 Λόγος,

992 952 1022 984 ὃς
1043 953 1096 988 πρὸ
1110 951 1204 979 τούτου
1225 953 1253 978 ὲν
1267 952 1374 988 οὐρανῷ
1389 953 1438 980 οὐκ
1456 951 1490 988 ἦν
1506 953 1583 989 σάρξ.
1602 953 1635 980 Τί
1648 951 1694 980 οὖν
1710 951 1743 989 ἦν
1761 955 1778 980 6

992 999 1022 1024 ἐν
1045 998 1151 1034 οὐρανῷ
1167 997 1235 1025 ἀλλὰ
1258 999 1343 1031 Λόγος
1365 999 1379 1024 ὁ
1399 999 1453 1026 ἀπὸ
1473 999 1586 1034 οὐρανοῦ
1603 999 1776 1031 ἀποσταλεὶς,

992 1044 1062 1079 ἔχων
1084 1045 1132 1080 τὴν
1157 1046 1197 1076 εἰς
1224 1046 1287 1080 μίαν
1304 1044 1417 1080 Θεότητα
1441 1045 1538 1071 ἕνωσιν
1550 1065 1557 1077 ,
1576 1045 1646 1072 κατά
1662 1045 1777 1080 δύναμιν

992 1089 1098 1124 Πατρδς
1111 1089 1313 1125 συνηνωμένην,
1329 1090 1371 1116 ῖνα
1381 1088 1454 1124 δείξῃ
1467 1110 1474 1121 ,
1490 1090 1530 1116 ὅτι
1543 1090 1589 1115 ἐπὶ
1603 1090 1652 1125 γῆς
1670 1091 1716 1116 καὶ
1728 1090 1775 1116 οὐ-

993 1135 1073 1172 ρανοῦ
1089 1136 1103 1162 ὁ
1127 1135 1208 1166 αὐτὸς
1229 1135 1294 1167 Θεὸς
1316 1135 1402 1169 Λόγος
1421 1136 1542 1171 ὑπῆρχεν
1555 1155 1562 1166 .
1579 1135 1710 1171 ἄτρεπτος
1724 1135 1774 1167 ὢν,

991 1181 1037 1208 καὶ
1052 1181 1239 1214 ἀναλλοίωτος;
1254 1181 1339 1215 Λόγος
1350 1182 1404 1217 γὰρ
1418 1179 1461 1217 ἦν,
1476 1181 1541 1212 Θεὸς
1550 1179 1584 1216 ἦν
1597 1181 1649 1214 ἀεὶ,
1662 1181 1774 1217 Πνεῦμα

989 1225 1034 1262 ἦν,
1049 1227 1163 1262 δύναμις
1177 1225 1222 1263 ἦν,
1236 1227 1273 1259 ὡς
1288 1227 1299 1242 ⁵
1311 1227 1341 1253 τὺ
1356 1227 1443 1254 κοινὸν
1465 1227 1549 1262 ὄνομα
1567 1227 1614 1253 καὶ
1635 1227 1710 1263 παρὰ
1726 1228 1773 1254 ἀν-

990 1271 1108 1307 θρώποις
1120 1272 1242 1308 χωρητδν
1256 1272 1441 1307 ἀνελάμὸανεν
1459 1273 1498 1304 εἰς
1514 1272 1618 1303 ἑαυτὸν,
1633 1272 1702 1298 οὕτω
1721 1281 1772 1299 κα-

988 1317 1117 1353 λούμενος
1130 1317 1194 1349 Υἱὸς
1206 1316 1347 1353 ἀνθρώπου
1358 1337 1365 1348 ,
1380 1317 1443 1348 Υἱὸς
1457 1316 1494 1343 ὢν
1507 1317 1583 1349 Θεοῦ,
1603 1317 1648 1344 καὶ
1660 1317 1689 1343 ὲν
1703 1325 1771 1350 προ-

989 1365 1087 1399 φήταις
1117 1364 1208 1400 προὼν
1223 1363 1387 1399 ὠνομάζετο,
1404 1363 1472 1399 ὅπερ
1492 1363 1567 1390 οὔπω
1584 1364 1612 1389 ὲν
1633 1364 1713 1399 σαρκὶ
1725 1361 1770 1398 ἦν,

987 1410 1031 1437 διὰ
1050 1410 1080 1436 τὸ
1096 1410 1191 1445 μέλλον
1210 1411 1239 1437 ὲν
1263 1410 1336 1445 αὐτῷ
1353 1409 1534 1437 τελειοῦσθαι·
1557 1409 1594 1441 ὡς
1611 1409 1657 1435 καὶ
1673 1409 1772 1444 Δανιὴλ

987 1453 1054 1488 ἔφη·
1070 1451 1160 1480 Εἶδον
1171 1453 1211 1486 ὡς
1227 1454 1295 1480 Υἱὸν
1310 1454 1466 1488 ἀνθρώπου
1479 1454 1641 1488 ἐρχόμενον
1652 1453 1700 1480 ἐπὶ
1712 1453 1773 1480 τῶν

986 1499 1129 1534 νεφελῶν.
1146 1499 1190 1525 Διὺ
1200 1499 1310 1531 δικαίως
1321 1500 1349 1526 ἐν
1361 1499 1467 1535 οὐρανῷ
1481 1500 1520 1534 τῷ
1532 1500 1643 1535 ὀνόματι
1656 1500 1748 1527 τοῦτον
1758 1501 1771 1516 ²

985 1544 1030 1570 τὸν
1052 1545 1136 1578 Λόγον
1162 1541 1215 1571 εἶδε
1229 1544 1366 1579 Πνεύματι
1391 1545 1460 1580 ἁγίῳ
1483 1545 1497 1571 ὁ
1517 1546 1674 1580 προφήτης,
1701 1545 1772 1572 Υἰὸγ

992 1590 1137 1623 Ὑψίστου
1150 1589 1302 1616 ἀποκαλῶν.
1317 1589 1363 1616 Διὸ
1384 1591 1418 1616 τὰ
1439 1590 1533 1626 πρῶτα
1548 1589 1648 1625 ὕστερα
1669 1591 1770 1626 σημαι-

985 1643 1039 1661 νων
1055 1635 1068 1660 ὁ
1085 1634 1237 1670 Μονογενὴς
1247 1654 1255 1666 ,
1277 1634 1392 1669 φάσκει⁸
1410 1634 1514 1667 Οὐδεὶς
1530 1635 1712 1668 ἀναϐέϐηκεν
1725 1636 1771 1667 εἰς

985 1680 1039 1707 τὸν
1055 1680 1195 1715 οὐρανὸν,
1204 1681 1229 1708 εὶ
1240 1680 1282 1715 μὴ
1296 1682 1312 1707 ό
1322 1680 1356 1707 ἐκ
1372 1681 1426 1707 τοῦ
1441 1680 1569 1714 οὐρανοῦ
1583 1681 1710 1713 καταϐὰς
1721 1701 1728 1713 ,
1751 1680 1770 1707 ὀ

991 1727 1056 1760 Υἱὸς
1072 1726 1125 1753 τοῦ
1144 1727 1316 1761 ἀνθρώπου·
1331 1727 1380 1762 οὐχ
1403 1728 1444 1754 ὅτι
1464 1726 1492 1753 δὲ
1515 1727 1572 1753 ἄνω
1595 1724 1630 1762 ἦν
1652 1728 1668 1761 ἡ
1688 1726 1766 1761 σὰρξ,

985 1773 1052 1800 ἀλλὰ
1065 1772 1167 1800 ἄνωθεν
1179 1774 1344 1809 κατήρχετο,
1357 1773 1444 1810 τούτῳ
1462 1773 1500 1809 τῷ
1511 1773 1581 1808 λόγῳ
1597 1772 1700 1809 μέλλων
1716 1781 1769 1799 χα-

985 1817 1099 1845 λείσθαι.

150 1867 237 1894 sancti
269 1867 386 1901 Spiritus
415 1866 505 1893 alllatu
537 1868 669 1902 propheta
696 1868 848 1901 perspexit;
877 1867 923 1902 qui
943 1865 1045 1893 Filium
1062 1864 1195 1891 ditissimi
1217 1865 1332 1892 vocavit.
1353 1865 1487 1898 Quocirca
1505 1873 1566 1900 quae
1586 1865 1672 1900 prima
1702 1868 1768 1892 sunt

150 1914 292 1947 pos:eri0ri
312 1914 406 1941 oidiue
432 1913 574 1941 declarans
598 1914 753 1948 unigenitus
773 1913 820 1942 Dei
837 1913 941 1942 Filius:
958 1913 1052 1946 Nemo,
1080 1912 1185 1948 inquit,
1212 1913 1329 1940 ascendit
1350 1914 1377 1940 in
1394 1913 1495 1945 certum,
1518 1913 1570 1940 nisi
1590 1914 1634 1948 qui
1651 1913 1682 1940 de
1702 1913 1767 1939 cwlo

147 1958 296 1991 descendit,
318 1958 404 1986 Filius
421 1960 542 1986 hominis.
557 1959 617 1986 Non
636 1962 707 1996 quod
729 1968 794 1988 caro
815 1965 888 1988 esset
905 1961 931 1988 in
946 1961 1030 1992 coelo,
1052 1959 1100 1987 sed
1128 1959 1200 1994 quod
1217 1967 1232 1987 e
1249 1959 1537 1992 ctelo'descenderet,
1561 1960 1609 1994 qui
1629 1958 1764 1994 ejusmodi

147 2012 219 2034 esset
232 2007 362 2034 vocabulo
378 2007 569 2035 nominandus.

182 2053 228 2081 lx.
249 2053 348 2081 Verum
373 2055 438 2089 quid
464 2054 583 2086 tandem,
605 2055 642 2082 mi
668 2055 760 2087 homo,
789 2054 930 2090 proferes?

1017 2051 1054 2078 Θ’.
1080 2051 1160 2078 Ἀλλὰ
1183 2051 1209 2078 τι
1223 2052 1296 2078 ἐστιν
1319 2051 1334 2077 ὃ
1352 2052 1434 2086 ἐρεῖς,
1457 2047 1586 2083 diois-mc;
1609 2051 1710 2087 Φησιν·
1732 2052 1764 2079 '0

148 2100 283 2134 Scriptum
298 2105 350 2131 est,
372 2100 458 2135 inquit
472 2109 478 2127 :
495 2099 549 2127 Iste
571 2100 641 2127 Deus
657 2105 696 2127 est
710 2106 807 2132 noster,
830 2105 854 2128 et
877 2109 928 2127 non

988 2099 1055 2132 θεὸς
1074 2098 1170 2133 ἡμῶν,
1186 2098 1235 2125 καὶ
1251 2099 1287 2125 οὐ
1301 2097 1513 2132 λογισθήσεται
1537 2096 1641 2130 ἄλλος.
1666 2097 1764 2130 Καλῶς

146 2146 320 2173 a'stimabitur
344 2146 442 2173 aliuv’.
459 2146 591 2174 Praeclare
604 2155 679 2179 vero,
699 2147 926 2182 quemadmodum

988 2144 1050 2171 πάνυ
1064 2144 1125 2180 ἔφη,
1139 2144 1177 2176 ὡς
1191 2144 1260 2170 καὶὸ
1275 2143 1432 2175 ’Λπόστολος
1444 2142 1652 2176 διαϐεϐαιοῦται,
1664 2143 1762 2178 λέγων’

145 2196 173 2219 ct
191 2193 337 2227 Apostolus
359 2191 472 2218 allii-mat
485 2202 492 2219 :
507 2192 635 2225 Quorum,
654 2193 752 2228 inquit,
769 2197 856 2227 patres
867 2213 874 2224 ,
894 2200 926 2219 ex

145 2237 238 2271 quibus
261 2236 381 2264 Christus
403 2237 546 2264 secundum
570 2245 693 2268 carnem;
721 2239 765 2272 qui
788 2241 827 2264 est
851 2243 927 2270 super

145 2282 233 2308 omnia
256 2281 324 2308 Deus
337 2282 357 2309 ⁸.
386 2281 451 2314 Quae
479 2282 586 2316 quidem
611 2283 808 2309 admirabiliter
830 2283 864 2309 ab
894 2290 927 2309 eo

143 2327 215 2353 dicta
237 2332 311 2354 sunt.
329 2327 378 2355 Hic
399 2328 483 2360 enim,
508 2329 554 2363 qui
571 2332 622 2360 est,
644 2336 720 2363 super
742 2329 832 2356 omnia
857 2327 927 2355 Deus

141 2378 189 2399 est.
207 2372 273 2400 Nam
296 2381 358 2400 cum
379 2373 412 2400 iis
429 2375 486 2409 ipse
509 2381 561 2401 nos
582 2373 672 2402 verbis
694 2374 812 2402 doceat:
829 2373 926 2402 Omnia

143 2418 206 2444 mihi
230 2418 329 2445 tradita
352 2423 411 2445 sunt
430 2427 445 2444 α
469 2418 549 2446 Patre
567 2419 661 2446 meo“:
683 2423 825 2454 propterea
847 2426 925 2452 super

142 2465 230 2495 omnia
246 2463 315 2490 Deus
330 2469 378 2490 est.
403 2465 490 2499 Atque
515 2465 550 2491 ita
565 2473 672 2500 quoque
691 2464 812 2491 Joannes
833 2468 922 2490 testa-

140 2513 204 2536 tur:
219 2509 295 2542 Quod
309 2509 370 2542 fuit,
388 2509 485 2544 inquit,
507 2509 590 2545 488
603 2510 636 2536 ab
657 2510 742 2539 initio,
756 2509 824 2544 quod
841 2508 918 2535 audi-

139 2556 232 2587 vimus,
248 2558 272 2581 et
285 2555 367 2581 oculis
380 2555 501 2587 uidimus,
519 2561 543 2582 et
559 2564 652 2582 manus
664 2561 762 2582 nostra?
772 2559 920 2581 contrecta-

138 2601 261 2627 oemnt‘.
278 2600 315 2626 Ac
334 2608 431 2628 rursus
450 2601 477 2627 in
495 2602 656 2637 Apocalypsi
675 2611 681 2628 :
699 2601 751 2634 Qui
762 2605 800 2627 est
825 2600 856 2627 ab
869 2600 920 2626 ini-

137 2645 184 2675 lio,
200 2650 224 2672 et
237 2645 281 2679 qui
295 2649 416 2672 uenturus
438 2649 476 2671 est
494 2646 659 2680 Omnipotens
671 2646 692 2673 ⁷.
712 2645 825 2681 Egregie
842 2645 922 2680 plane

136 2691 193 2718 haec
208 2691 242 2718 ab
253 2691 299 2718 illo
313 2691 490 2726 pronuntiata
504 2696 578 2719 sunt.
590 2693 683 2726 Recte,
695 2692 816 2727 inquam,
830 2692 917 2718 dixit:

171 2780 378 2811 'loau.m,15.
416 2781 427 2797 '
443 2780 509 2808 Dan.
525 2789 572 2813 vu,
588 2783 629 2809 l5.
666 2783 676 2798 ³
691 2781 805 2808 Barnch.
819 2789 857 2810 Ill.
871 2781 914 2808 56.

173 2817 199 2843 1.
239 2817 248 2832 ⁷
260 2817 343 2850 Apoc.
366 2825 383 2848 I,
402 2816 425 2843 I.
463 2817 473 2831 ⁵
487 2815 518 2844 F.
534 2817 573 2848 ὃς,
626 2818 636 2833 ’
651 2815 681 2844 l".
697 2817 782 2852 τούτῳ
796 2821 822 2844 et
832 2815 892 2844 εἷπε
907 2824 936 2852 pr

988 2783 1054 2811 tom.
1071 2791 1108 2816 Ix,
1121 2785 1146 2811 5.

988 2817 1032 2845 ῐδε.

134 2817 199 2849 gl.
239 2816 425 2850 ’Apoc.|,l.
463 2815 573 2848 ‘F.6;_

977 2187 1034 2218 τΩν
1044 2192 1071 2217 οἱ
1089 2190 1224 2225 πατέρες,
1239 2191 1273 2223 ἐξ
1285 2187 1328 2216 ὧν
1342 2191 1359 2217 ό
1374 2189 1500 2223 Χριστὸς
1513 2189 1546 2216 τὸ
1559 2189 1632 2216 κατὰ
1651 2189 1761 2224 σάρκα,

975 2238 992 2264 ὀ
1008 2236 1050 2263 ὢν
1067 2237 1115 2263 ἐπὶ
1130 2236 1249 2263 πάντων
1263 2236 1344 2268 Θεός.
1360 2235 1528 2270 Θαυμαστῶς
1550 2235 1690 2270 διηγεῖται.
1713 2234 1762 2263 Οὖ-

975 2291 1020 2314 τος
1033 2282 1087 2318 γὰρ
1101 2283 1116 2308 ὁ
1132 2281 1169 2308 ὣν
1193 2282 1266 2308 ἐστὶν
1286 2281 1332 2307 ἐπὶ
1355 2281 1463 2308 πάντων
1475 2280 1550 2312 Θεός.
1580 2280 1687 2316 Ἐπειδὴ
1705 2281 1761 2315 γὰρ

976 2327 1056 2358 αὐτὸς
1069 2327 1186 2353 διδάσκει
1204 2326 1289 2361 ἡμᾶς,
1305 2325 1391 2360 λέγων
1401 2333 1407 2339 ·
1425 2324 1527 2352 Πάντα
1535 2335 1586 2360 μοι
1610 2326 1758 2360 παρεδόθη

977 2372 1036 2399 ὑπὸ
1049 2372 1102 2399 τοῦ
1116 2372 1230 2406 Πατρός
1244 2380 1304 2406 μου
1314 2380 1321 2387 ·
1339 2371 1382 2398 διὰ
1396 2371 1474 2398 τοῦτο
1495 2371 1545 2398 ἐπὶ
1559 2371 1679 2398 πάντων
1693 2372 1759 2398 ἐστὶ

978 2418 1058 2450 Θεός.
1073 2417 1151 2443 Οὕτω
1165 2417 1212 2443 καὶ
1238 2416 1363 2451 Ἰωάννης
1385 2418 1526 2452 μαρτυρεῖ,
1547 2416 1651 2450 λέγων·
1674 2417 1704 2442 Ὃ
1719 2415 1759 2451 ἦν

975 2462 1026 2489 ἀπ’
1055 2461 1168 2496 ἀρχῆς,
1195 2461 1211 2488 ὅ
1232 2461 1412 2496 ἀκηκόαμεν,
1438 2461 1487 2488 καὶ
1509 2462 1571 2493 τοῖς
1595 2461 1760 2496 ὀφθαλμοῖς

974 2507 1158 2541 ἑωράκαμεν,
1185 2507 1234 2534 καὶ
1258 2509 1288 2534 αἱ
1313 2507 1409 2542 χεῖρες
1433 2506 1518 2541 ἡμῶν
1542 2506 1756 2540 ἐψηλάφησαν.

970 2555 1026 2580 Καὶ
1053 2553 1133 2580 πάλιν
1157 2555 1239 2590 φησὶν
1265 2554 1294 2580 ἐν
1311 2555 1344 2589 τῇ
1368 2553 1567 2587 Ἀποκαλύψει·
1590 2554 1617 2579 ’0
1637 2553 1679 2579 ῶν
1705 2553 1756 2579 ἀπ’

971 2599 1078 2633 ἀρχῆς,
1106 2600 1155 2626 καὶ
1181 2601 1197 2626 ό
1225 2600 1386 2634 ἐρχόμενος
1408 2598 1633 2633 Παντοκράτωρ.
1659 2597 1757 2629 Καλῶς

972 2645 1043 2671 κατὰ
1071 2645 1158 2672 πάντα
1183 2643 1262 2672 εἷπε·
1291 2645 1379 2677 καλῶς
1404 2645 1458 2680 γὰρ
1480 2643 1557 2671 εἷπε·
1583 2644 1682 2671 Πάντα
1705 2652 1757 2678 μοι

973 2690 1120 2725 παρεδόθη
1146 2691 1204 2718 ὑπὸ
1232 2691 1286 2718 τοῦ
1311 2692 1425 2726 Πατρός
1449 2700 1528 2726 μου·
1563 2692 1610 2717 καὶ
1636 2690 1755 2726 ἀκριὸῶς

1186 2781 1305 2813 "Matth.
1321 2785 1497 2819 ιι,27;1.υς.
1511 2793 1538 2819 χ,
1556 2786 1597 2812 12.
1635 2783 1754 2813 'lJoan.
