1958 3050
187 117 252 146 1009

520 126 706 156 ADVERSUS
727 128 895 156 IIA-IRESES
912 128 977 157 LIB.
998 130 1030 157 Il.
1051 130 1133 159 ΤΟΜ.
1154 133 1174 160 I.
1193 133 1382 163 -11ΑΞΠΕ5,
1403 135 1491 164 LVIII.

1742 137 1811 166 II‘IO

182 174 334 230 Ῠπετίθετο.
360 179 421 207 Ἐπὶ
438 181 541 215 πάντας
568 185 619 219 μὲν
637 183 684 212 οὖν
699 186 736 212 ὢν
753 187 829 218 Θεὸς,
851 187 921 222 ἔχων
942 187 959 214 δη

1023 188 1120 217 Omnia
1134 191 1197 218 mihi
1214 192 1313 220 tradita
1334 198 1422 220 sunta
1443 193 1522 221 Patre
1542 201 1608 227 meo,
1626 198 1808 230 accurateque

183 220 248 249 ἴδιον
278 225 361 252 αὑτοῦ
392 227 512 264 Πατέρα,
543 230 572 256 ἐν
600 231 639 265 τῷ
662 231 765 266 λέγειν·
799 220 971 267 Ἁπέδοχομαι

181 267 257 301 πρὸς
272 269 328 296 τὸν
353 273 478 307 Πατέρα.
505 275 535 300 Εἰ
557 275 585 301 δὲ
609 274 642 311 ἦν
666 277 748 309 αὐτὸς
775 277 879 313 Πατὴρ.
903 278 971 313 πρὸς

181 315 257 341 ποῖον
273 315 382 352 Πατέρα
395 318 450 355 ἄρα
465 320 558 357 ἀπῄει,
575 320 598 348 ὦ
625 322 740 359 ἀνόητε;
762 323 845 350 Πάλιν
859 324 913 360 γὰρ
926 324 970 350 λέ-

179 367 236 394 γει·
255 361 322 390 Ἵνα
337 361 413 391 ὦσιν
428 365 473 399 ἐν,
490 367 530 400 ὡς
548 367 606 402 ἐγὼ
623 368 727 396 καὶσὺ
745 369 781 396 ἐν
795 370 896 405 ἐσμεν.

214 507 242 534 I’.
269 507 325 534 Ἀεὶ
341 508 396 545 γὰρ
411 509 427 545 ἡ
443 510 542 546 Τραφὴ
570 511 773 548 ἀσφαλιζομένη
789 511 838 544 τὰς
853 513 922 540 κατὰ
937 513 969 540 τὸ

177 551 260 586 ἄκρον
288 553 407 586 πτώσεις
426 554 481 581 τῶν
502 555 663 592 ἀνθρώπιον,
681 558 713 585 ἐκ
735 559 901 594 πανταχόθεν
921 559 967 586 τὸν

176 596 239 623 νοῦν
257 598 367 632 συνάγει
383 599 429 626 ἐπὶ
448 600 497 636 τὴν
517 600 604 636 μέσην
618 602 667 637 τῆς
686 602 814 639 ἀληθείας
828 604 896 632 ὁδόν.
911 604 967 631 Καὶ

170 643 245 678 ’πρὸς
267 644 380 677 τούτους
407 645 456 681 μὲν
471 647 535 679 τοὺς
558 648 717 682 νομίζοντας
733 650 872 686 ἀλλότριον
896 649 966 678 εἶναι

173 689 222 715 τὸν
240 689 305 717 Υίὸν
325 691 373 718 τοῦ
397 693 513 728 Πατρὸς,
533 694 604 729 φημὶ
622 694 651 721 δὲ
666 695 704 727 ὡς
723 696 830 731 Ἀρειος
850 696 964 732 νομίζει,

168 736 222 763 καὶ
254 737 334 765 ἄλλαι
355 739 485 774 αἱρέσεις,
502 739 593 774 λέγει’
618 740 688 775 Ἐγὼ
702 742 751 768 καὶ
770 743 787 769 ὀ
808 742 909 777 Πατὴρ
930 742 966 770 ἓν

171 782 283 818 ἐσμεν·
302 784 372 820 πρὸς
396 784 425 811 δὲ
449 786 512 817 τοὺς
537 785 697 821 νομίζοντας
721 787 802 814 αὑτὸν
828 785 896 815 εἶναι
918 788 964 815 τὸν

173 827 294 865 Πατέρα,
312 830 358 856 καὶ
371 830 417 857 τὸν
437 830 518 857 αὐτὸν
532 828 601 858 εἶναι
621 831 695 864 Υὶδν,
711 831 756 858 διὰ
770 831 801 858 τὸ
814 832 962 868 εἰρηκέναι,

1022 244 1074 264 nos
1097 236 1201 265 decuit.
1214 238 1261 266 Ille
1277 239 1369 274 itaque
1388 247 1471 275 supra
1483 247 1579 267 omnes
1600 239 1671 267 Deus
1690 241 1805 272 exstitit,

1022 289 1084 308 cum
1111 282 1291 311 nihilominus
1315 284 1425 311 Patrem
1444 286 1543 312 habeat
1570 293 1661 313 suum.
1678 285 1755 318 Quod
1773 286 1807 314 iis

1019 328 1112 355 verbis
1136 330 1294 362 expressit:
1317 329 1388 357 Vada
1408 331 1442 357 ad
1464 330 1600 358 Patrem‘.
1622 330 1656 357 At
1676 332 1698 358 si
1721 330 1803 357 Pater

1019 378 1092 401 esset
1107 374 1174 409 ipse,
1189 383 1268 410 quem
1288 376 1397 403 tandem
1411 376 1445 402 ad
1461 376 1580 408 Patrem,
1597 383 1614 403 ο
1631 376 1723 408 stulte,
1744 376 1802 403 dis-

1020 420 1143 446 cederet?
1155 419 1191 446 Ila
1205 421 1304 456 quippe
1322 429 1419 448 rursus
1436 421 1554 456 loquitur
1570 430 1576 447 :
1593 420 1626 447 Ut
1640 421 1693 448 sint
1709 429 1801 452 unum,

1018 465 1086 491 sicut
1102 473 1147 500 ego
1157 469 1181 492 et
1197 470 1226 492 tu
1238 474 1317 492 unum
1329 475 1419 493 sumus
1431 467 1451 493 ³.

1054 511 1088 539 Χ.
1116 513 1221 540 Etenim
1250 512 1392 548 Scriptura
1418 513 1470 539 hoc
1497 513 1667 547 potissimum
1690 520 1801 546 cavens,

1018 565 1052 585 ne
1066 558 1191 585 homines
1202 557 1236 585 ad
1251 561 1374 585 extrema
1387 564 1501 592 qumque
1511 557 1666 589 deﬂectant,
1683 557 1800 584 medium

1018 603 1045 630 in
1069 604 1194 631 veritatis
1215 604 1267 631 iter
1289 604 1389 638 ubique
1412 611 1523 630 sensum
1542 603 1802 638 intelligentiamque

1017 650 1164 684 compellit.
1182 649 1363 682 Quamobrem
1387 652 1417 675 ut
1441 648 1494 675 illis
1515 652 1652 681 occurrat,
1675 649 1721 683 qui
1740 649 1802 677 alie-

1016 703 1082 722 num
1098 703 1112 722 a
1134 695 1214 723 Patre
1228 695 1326 722 Filium
1341 703 1403 723 esse
1426 695 1586 730 pradicant,
1603 701 1663 729 quae
1677 699 1718 721 est
1731 694 1800 726 Arii.

1015 742 1043 765 et
1068 737 1182 764 aliarum
1203 742 1340 765 sectarum
1357 738 1460 773 opinio,
1484 739 1524 766 sic
1544 738 1684 773 loquitur:
1699 737 1755 773 Ego
1776 743 1801 766 et

1014 784 1098 811 Pater
1116 792 1197 811 unum
1212 785 1333 811 sumus‘.
1357 785 1459 812 Contra
1473 791 1550 816 vero,
1567 788 1597 811 ut
1611 791 1659 812 eos
1682 784 1799 815 refellat,

1014 830 1060 864 qui
1089 829 1215 856 eumdem
1232 837 1295 857 esse
1309 829 1418 857 Patrem
1438 833 1464 857 et
1482 829 1578 856 Filium
1595 833 1732 862 asserunt,
1750 837 1798 864 pro

179 874 253 909 Ἐγὼ
268 875 318 902 καὶ
332 877 348 903 ὀ
366 876 468 910 Πατὴρ
481 876 516 904 ἓν
534 877 638 912 ἐσμεν,
653 877 728 912 λέγει
738 885 744 892 ·
763 877 897 912 Ποίησον
910 879 959 905 αὐ-

1015 883 1047 902 eo
1062 876 1133 911 quod
1153 875 1221 903 dixit
1235 885 1241 902 :
1258 875 1311 911 Ego
1329 879 1353 902 et
1365 875 1446 902 Pater
1469 884 1551 902 unum
1567 883 1668 907 sumus,
1692 876 1729 902 ita
1746 876 1800 903 alio

170 920 254 954 τοὺς,
269 921 320 947 ἵνα
332 918 408 948 ὦσιν
424 921 469 955 ἐν,
484 922 582 956 καθὼς
604 922 662 958 ἐγὼ
680 922 783 950 καὶσὺ
798 923 833 950 ἓν
850 923 959 958 ἐσμεν·

171 965 215 992 ἴνα
229 966 396 1003 καταισχύνῃ
412 967 516 1003 Nonth
531 968 578 995 καὶ
599 968 648 1004 τὴν
662 968 744 995 αὑτοῦ
767 968 873 1004 σχολὴν,
888 977 960 1006 παρ-

164 1011 281 1046 ·αγαγὼν
307 1013 347 1045 εἰς
371 1013 403 1040 τὸ
429 1014 512 1050 μέσον
542 1014 592 1051 τὴν
617 1015 672 1041 τῶν
699 1015 828 1050 μαθητῶν
852 1015 959 1043 ἕνωσιν.

169 1056 233 1088 Πῶς
251 1056 305 1093 γὰρ
324 1058 439 1093 ἠδύνατο
454 1059 557 1096 Πέτρος
573 1060 619 1086 καὶ
640 1060 764 1095 Ἰωάννης
775 1081 781 1092 ,
797 1061 844 1087 καὶ
857 1061 880 1087 οἱ
895 1061 961 1088 καθ-

169 1101 234 1137 εξῆς
248 1101 316 1131 εἶναι
333 1104 362 1131 ἓν
383 1105 421 1137 ὡς
438 1105 509 1132 κατά
519 1105 700 1140 συναλοιφήν;
722 1106 801 1133 Ἀλλὰ
816 1106 860 1133 διὰ
874 1107 904 1134 τὸ
920 1104 960 1133 εἴ-

168 1157 212 1175 ναι
227 1149 256 1176 ἐν
274 1151 323 1186 μιᾷ
338 1151 443 1186 ὲνότητι
459 1151 594 1186 θεότητος,
613 1152 661 1178 καὶ
674 1153 703 1180 ὲν
722 1153 772 1188 μιᾷ
787 1152 894 1189 γνώμῃ,
912 1153 960 1179 καὶ

167 1194 292 1230 δυνάμει,
308 1197 348 1228 εις
361 1196 392 1223 τὸ
403 1197 624 1232 ἀποκρούσασθαι
639 1199 728 1224 πᾶσαν
744 1198 872 1225 ὑπόνοιαν
888 1198 960 1225 κατά

168 1239 283 1276 θάτερον
303 1241 354 1276 τῆς
369 1241 499 1278 ἀληθείας
512 1243 742 1280 ἐπανισταμένην.
756 1244 888 1277 Φίλιππος
901 1245 929 1272 δὲ
945 1246 959 1272 ὁ

166 1285 245 1320 ἆγιος
261 1286 409 1319 ἀπόστολος
429 1288 546 1323 φάσκει·
563 1289 667 1321 Δεῖξον
681 1290 754 1325 ἡμῖν
769 1290 823 1318 τὸν
843 1291 959 1326 Πατέρα

165 1339 236 1359 σου.
259 1332 288 1359 '0
297 1333 324 1360 δὲ
339 1331 430 1361 εἷπεν·
443 1335 475 1361 '0
489 1335 624 1369 ἑωρακὼς
633 1335 696 1371 ἐμὲ,
710 1337 819 1371 ἑώρακε
833 1337 887 1364 τὸν
900 1339 959 1364 Πα-

166 1376 246 1412 τέρα.
269 1378 324 1405 Καὶ
340 1378 391 1405 οὐκ
410 1377 486 1406 εἶπεν
498 1386 504 1394 “
514 1379 588 1415 Ἐγώ
599 1381 657 1414 ειμι
674 1382 690 1407 ὀ
704 1381 822 1416 Πατήρ·
848 1381 915 1408 ἀλλὰ
927 1381 958 1408 τὸ

166 1423 219 1458 ἐμὲ
243 1426 374 1459 σημαῖνον
392 1425 427 1452 τὰ
445 1426 452 1440 ¹
479 1426 574 1452 ἑαυτὸν
596 1426 703 1461 λέγων’
731 1427 761 1453 τὸ
785 1427 825 1460 δὲ,
848 1427 957 1462 ἑώρακε

165 1470 218 1496 τὸν
235 1470 360 1504 Πατέρα,
377 1471 426 1506 οὐχ
443 1472 538 1498 ἑαυτὸν
561 1472 657 1507 λέγων.
675 1472 756 1499 Ἄλλο
766 1473 820 1508 γὰρ
835 1473 876 1506 τὸ,
893 1474 955 1506 τὸν,

165 1516 212 1542 καὶ
231 1516 295 1542 ἄλλο
307 1516 348 1548 τὸ,
360 1517 423 1551 ἐμὲ,
446 1518 494 1544 καὶ
510 1518 574 1545 ἀλλο
587 1518 657 1554 ἐγὼ,
673 1520 720 1546 καὶ
735 1519 827 1554 ἕτερον
840 1519 880 1552 τὸ,
892 1519 955 1553 ἐμέ.

1015 920 1076 948 Ioco
1091 924 1219 956 precatur
1233 931 1238 948 :
1251 920 1308 948 Fac
1322 921 1402 954 ipsos,
1415 927 1444 947 ut
1458 921 1511 948 sint
1528 929 1619 954 unum,
1636 922 1703 949 sicut
1717 930 1762 957 ego
1773 926 1799 948 et

1015 972 1044 994 tu
1062 975 1143 994 unum
1155 975 1257 994 suum.
1274 963 1433 1000 Quo‘Noeto
1457 968 1572 1003 ejusque
1593 968 1693 996 scholae
1709 968 1797 1003 pudo‘

1014 1020 1071 1039 rem
1090 1013 1215 1045 incutiat,
1235 1013 1299 1041 dum
1314 1014 1386 1040 illam
1403 1013 1600 1048 discipulorum
1619 1014 1798 1056 conjunctio-

1014 1065 1075 1086 nem
1091 1059 1117 1086 in
1136 1059 1255 1086 medium
1272 1059 1391 1086 adducit.
1406 1058 1465 1092 Qua
1478 1059 1550 1086 enim
1567 1059 1672 1086 ratione
1688 1058 1796 1091 Petrus,

1013 1108 1041 1132 et
1057 1103 1189 1137 Joannes,
1213 1109 1240 1132 et
1262 1104 1352 1132 caeteri
1373 1112 1457 1132 unum
1483 1111 1553 1137 esse,
1571 1105 1646 1131 velut
1669 1104 1696 1131 in
1713 1113 1798 1132 unum

1013 1151 1198 1179 coalescentes
1217 1150 1389 1186 confusique,
1412 1151 1576 1186 potuerunt?
1593 1150 1645 1178 Sed
1664 1158 1697 1178 eo
1715 1150 1798 1177 nimi-

1012 1203 1073 1223 rum
1088 1197 1133 1224 illa
1153 1197 1225 1224 dicta
1242 1201 1316 1229 sunt,
1334 1197 1406 1232 quod
1422 1197 1450 1224 in
1465 1197 1548 1224 unius
1564 1197 1715 1223 divinitatis
1730 1204 1796 1223 con-

1010 1244 1161 1279 junctione.
1186 1245 1335 1280 eademque
1368 1244 1502 1272 sententia
1530 1251 1561 1270 ac
1583 1244 1685 1270 virtute
1705 1243 1796 1270 consi-

1012 1295 1097 1323 stant,
1113 1294 1142 1318 ut
1160 1298 1238 1318 error
1254 1291 1344 1318 omnis
1365 1290 1524 1317 excludatur
1540 1297 1572 1315 ac
1596 1289 1714 1320 falsitas,
1737 1295 1798 1322 quae

1012 1336 1118 1364 utravis
1135 1345 1166 1364 ex
1185 1340 1262 1372 parte
1276 1341 1371 1363 contra
1387 1336 1530 1363 veritatem
1544 1335 1678 1370 insurgat.
1694 1333 1796 1369 Philip-

1012 1390 1064 1417 pus
1081 1390 1147 1410 vero
1164 1382 1305 1417 apostolus
1321 1382 1395 1409 hunc
1409 1382 1436 1408 in
1450 1381 1560 1408 nlodmn
1575 1380 1713 1408 Christum
1729 1379 1797 1406 allo-

1010 1428 1127 1462 quitur:
1145 1427 1258 1456 Ostende
1281 1427 1356 1454 nobis
1383 1427 1489 1455 Patrem
1511 1431 1594 1452 tuum.
1616 1425 1667 1453 Cui
1693 1425 1731 1452 ita
1752 1433 1797 1452 re.

1010 1474 1120 1509 spondit
1137 1484 1143 1501 :
1160 1473 1212 1507 Qui
1228 1473 1294 1501 videt
1311 1482 1361 1504 me,
1372 1474 1440 1500 videt
1450 1477 1474 1500 et
1485 1472 1590 1499 Patrem
1603 1472 1717 1498 meum'.
1736 1471 1794 1498 Non

1010 1520 1079 1547 dixit
1093 1529 1098 1546 :
1114 1519 1170 1555 Ego
1194 1528 1253 1546 sum
1268 1519 1367 1546 Pater:
1380 1518 1426 1546 sed
1442 1526 1493 1550 me,
1516 1518 1588 1553 quod
1613 1517 1684 1544 idem
1708 1521 1749 1544 est
1764 1525 1795 1543 ac

165 1561 198 1587 Εἰ
220 1561 275 1598 γὰρ
297 1559 331 1597 ἦν
359 1563 374 1588 ὸ
400 1563 482 1595 αὐτὸς
509 1563 614 1599 Πατὴρ,
641 1564 749 1599 ἔλεγεν·
785 1565 854 1599 Ἐγώ
880 1566 955 1600 ειμι·

1015 1566 1141 1600 seipsum,
1166 1565 1276 1600 adjecit.
1298 1565 1372 1597 Item,
1389 1564 1469 1596 videt,
1490 1564 1588 1599 inquit.
1607 1563 1726 1594 Patrem,
1741 1570 1795 1590 non

164 1606 260 1642 ἐπειδὴ
280 1607 308 1633 δὲ
325 1607 375 1634 οὐκ
394 1609 475 1640 αὑτός
497 1610 571 1636 ἐστιν
594 1611 608 1637 ὁ
631 1611 735 1646 Πατὴρ,
754 1611 821 1637 ἀλλὰ
840 1612 855 1638 ό
881 1611 955 1645 Υἱὸς,

162 1653 272 1688 ἀληθῶς
291 1652 382 1687 λέγει·
407 1654 438 1681 '0
453 1655 589 1690 ἑωρακὼς
607 1656 669 1691 ἐμὲ,
693 1657 803 1691 ἑώρακε
818 1656 872 1683 τὸν
897 1658 956 1683 IIu-

164 1698 252 1733 τέρα·
278 1701 322 1728 ἵνα
342 1701 547 1737 ἀποκροὺσηται
572 1702 621 1737 τὴν
641 1702 689 1729 τοῦ
713 1703 817 1738 Ἀρείου
835 1702 957 1738 βλασφη-

165 1745 241 1780 μίαν,
264 1748 313 1782 τὴν
327 1746 373 1774 τὸν
387 1748 450 1774 Υίὸν
465 1748 520 1774 ἀπὸ
537 1748 584 1775 τοῦ
599 1749 706 1784 Πατρὺς
719 1748 919 1784 ἁλλοτριοῦσαν.

1010 1612 1105 1646 urique
1120 1611 1239 1645 seipsum
1259 1615 1464 1638 coinmemnrat.
1483 1611 1562 1637 Aliud
1580 1610 1651 1637 enim
1669 1613 1708 1636 est
1728 1609 1795 1636 arti-

1010 1658 1089 1684 culus
1104 1657 1157 1689 ille,
1175 1656 1230 1688 τόν,
1254 1656 1328 1683 aliud
1358 1664 1518 1691 pronomen.
1538 1656 1605 1691 ἐμέ,
1635 1654 1707 1681 aliud
1728 1652 1793 1688 ἐγώ,

1010 1703 1084 1730 aliud
1103 1701 1164 1737 ἐμέ.
1181 1701 1246 1728 Nam
1269 1702 1291 1729 si
1307 1702 1365 1737 ipse
1377 1702 1458 1729 Pater
1483 1706 1566 1732 esset.
1584 1701 1687 1728 diceret
1705 1698 1796 1734 profe-

1011 1753 1076 1775 cto:
1095 1748 1149 1783 Ego
1166 1757 1235 1775 sum.
1252 1747 1343 1780 Quare
1367 1756 1429 1775 cum
1453 1748 1511 1783 ipse
1524 1747 1604 1774 Pater
1620 1746 1732 1773 minime
1748 1746 1794 1774 sit.

164 1793 211 1820 sed
228 1792 331 1826 Filius,
352 1804 414 1824 vere
437 1796 511 1823 istud
529 1797 670 1831 usurpavit
688 1807 694 1824 :
717 1796 850 1830 Quividet
878 1804 938 1830 me,
970 1796 1037 1824 videt
1057 1801 1082 1823 et
1110 1796 1233 1828 Patrem;
1260 1796 1293 1824 ad
1317 1795 1488 1824 refutandaui
1510 1795 1567 1822 Arii
1587 1793 1793 1830 blasphemiam,

163 1847 226 1874 qua:
236 1841 336 1870 Filium
351 1843 453 1871 alienat
466 1850 480 1869 a
496 1841 586 1870 Patre.

199 1886 245 1912 Διὸ
258 1887 308 1922 τῆς
325 1888 415 1924 πάσης
429 1889 541 1924 Γραφῆς
555 1887 649 1922 σαφῶς
663 1888 726 1923 περὶ
743 1889 871 1924 ἀληθείας
889 1889 955 1925 ἡμῖν

163 1932 214 1966 τὴν
228 1931 287 1958 ὁδὸν
301 1932 512 1968 ὑποτιθεμένης,
536 1933 582 1959 καὶ
603 1932 697 1959 τοῦτον
712 1933 756 1960 τὸν
777 1934 892 1969 Non-rev,
908 1934 956 1960 καὶ

165 1976 214 2011 τὴν
229 1977 311 2004 αὐτοῦ
333 1979 449 2014 αἵρεσιν,
471 1978 628 2014 Νοητιανῶν
653 1987 734 2015 φημι,
759 1980 807 2006 σὺν
825 1980 884 2011 ταῖς
908 1979 955 2006 ἄλ-

1044 1883 1109 1916 ρυω
1124 1891 1185 1910 eum
1201 1883 1236 1909 ita
1258 1883 1322 1913 sint.
1344 1891 1376 1910 ac
1394 1891 1455 1910 cum
1475 1891 1560 1911 sacrae
1576 1891 1671 1911 omnes
1686 1883 1796 1912 Litterae

1008 1929 1081 1956 viam
1098 1929 1176 1955 nobis
1193 1929 1316 1956 veritatis
1336 1929 1491 1956 certissime
1505 1929 1704 1963 demonstrent,
1721 1937 1796 1966 pest-

1009 1982 1090 2010 quam
1108 1974 1223 2002 Noetum
1241 1975 1335 2006 istum,
1345 1975 1380 2002 ab
1393 1982 1481 2010 eoque
1495 1980 1670 2010 propagatam
1683 1976 1794 2004 Noctiu-

165 2021 225 2053 λαις
248 2022 369 2057 αἱρέσεσι
392 2023 596 2059 παρωσάμενοι,
612 2023 705 2059 ὥσπερ
735 2024 899 2060 ὀστρακίτην
910 2024 957 2051 τὸν

1015 2029 1106 2048 norum
1121 2021 1205 2057 489
1220 2025 1334 2054 sectam,
1353 2028 1406 2047 una
1422 2028 1485 2048 cum
1500 2021 1612 2056 reliquis
1635 2023 1795 2056 repulimus,

166 2067 331 2103 καλούμενον
345 2068 488 2104 δράκοντα,
503 2069 549 2096 τὸν
564 2069 601 2105 μὴ
613 2070 761 2105 δυνάμενον
781 2070 955 2105 κάμπτεσθαι

1015 2067 1123 2102 perinde
1151 2075 1183 2095 ac
1205 2068 1351 2094 draconem
1375 2067 1463 2097 illum,
1485 2068 1532 2102 qui
1557 2069 1717 2100 ostracites,
1739 2071 1797 2098 sive

165 2115 194 2140 ὲν
211 2114 250 2149 τῷ
264 2114 444 2142 καταδιώκειν
458 2116 609 2152 ἄνθρωπον,
625 2117 694 2152 μήτε
714 2116 788 2149 δεξιὰ
804 2117 872 2152 μήτε
885 2116 955 2142 εὐώ-

1015 2118 1138 2140 testaceus
1160 2113 1276 2144 dicitur,
1299 2113 1423 2148 quicum
1442 2113 1581 2140 hominem
1608 2116 1794 2149 persequitur,

165 2169 247 2195 νυμα,
273 2160 447 2193 ἐκκλίναντες
473 2162 526 2188 ἀπὸ
549 2162 631 2190 αὐτοῦ
654 2171 683 2189 τε
711 2163 759 2189 καὶ
782 2162 831 2197 τῆς
857 2162 954 2189 ἑαυτοῦ

1015 2167 1097 2194 neque
1114 2159 1142 2186 in
1156 2159 1292 2189 dextram,
1313 2166 1401 2193 neque
1418 2158 1446 2185 in
1468 2158 1609 2186 sinistram
1629 2165 1733 2194 partem
1751 2161 1814 2188 lle-’

165 2206 274 2241 σχολῆς,
294 2207 341 2233 καὶ
369 2207 529 2243 μοχθηρίας,
545 2208 592 2234 ἐπὶ
608 2209 658 2240 τὰς
674 2208 738 2243 ἑξῆς
757 2207 871 2243 δυνάμει
887 2207 953 2234 Θεοῦ

1015 2209 1081 2233 rtere
1097 2213 1127 2232 se
1144 2205 1198 2232 ullo
1214 2205 1295 2232 modo
1315 2209 1419 2239 potest:
1436 2205 1469 2232 ab
1484 2205 1530 2231 illo
1546 2205 1667 2235 demum,
1681 2207 1796 2242 ejusque

163 2250 209 2277 τὸν
225 2251 287 2278 νοῦν
301 2252 486 2287 ἀκοντίσωμεν
498 2253 564 2288 πρὸς
573 2253 697 2289 διήγησιν
712 2254 759 2280 καὶ
778 2252 888 2289 ἔλεγχον
902 2253 955 2279 τῶν

1015 2252 1108 2284 ιειιοιυ,
1124 2256 1151 2279 et
1167 2251 1339 2286 improbitate
1360 2250 1541 2281 declinantes.
1564 2250 1597 2277 ad
1619 2255 1733 2280 ceteras
1750 2253 1795 2279 di-

163 2297 193 2322 ὲν
213 2297 308 2329 αὑταῖς
324 2298 543 2334 ὲπινενοημένων
569 2299 639 2326 κατά
660 2300 710 2335 τῆς
734 2299 862 2335 ἀληθείας
884 2299 956 2333 ξενο-

1015 2300 1069 2326 rina
1084 2307 1134 2333 ope
1149 2299 1210 2326 freti
1221 2299 1341 2326 animum
1353 2299 1525 2333 adjiciamus,
1548 2302 1578 2325 ut
1593 2299 1752 2334 peregrinas
1766 2305 1795 2328 et

161 2341 269 2376 λεξιῶν.
1008 2345 1145 2372 absurdas
1161 2344 1268 2372 dicendi
1281 2345 1403 2372 rationes
1415 2344 1549 2372 adversus
1564 2344 1702 2373 veritatem
1719 2347 1745 2373 in
1762 2347 1794 2373 il-

1009 2391 1043 2418 lis
1056 2392 1223 2426 excogitatas
1241 2395 1382 2426 pertexere
1405 2400 1438 2419 ac
1456 2392 1619 2428 redarguere
1642 2395 1791 2429 possimus.

1225 2447 1365 2475 CONTRA
1387 2448 1563 2481 VALESIOS,

1153 2493 1268 2521 Heresis
1285 2494 1453 2527 XXXVIII,
1468 2496 1521 2522 sive
1539 2495 1654 2523 LVIII.

407 2445 501 2472 ΚΑΤΑ
520 2447 727 2481 (ιγΑΑΗΣιΩΝ,

199 2490 362 2525 Τριακοστὴ
382 2491 482 2526 ὀγδόη,
498 2494 517 2528 ἡ
533 2494 582 2520 καὶ
602 2495 790 2530 πεντηκοστὴ
807 2496 906 2529 ὀγδόη.

197 2534 237 2561 Α’.
252 2534 320 2570 Περὶ
336 2535 496 2571 οὑαλησῑων
510 2537 647 2574 ἀκούομεν
663 2538 803 2571 πολλάκις,
818 2540 848 2566 οὺ
864 2540 958 2574 μέντοι

1044 2541 1065 2567 Ι.
1087 2539 1280 2575 Saepenumero
1298 2541 1332 2568 de
1355 2540 1472 2569 Valesiis
1495 2543 1668 2576 audivimus,
1694 2543 1731 2570 ita
1755 2547 1794 2570 ta-

163 2578 286 2616 ἐγνωμεν
306 2580 369 2612 ποῦ,
392 2581 435 2614 τίς
451 2582 468 2617 ἢ
492 2583 575 2610 πόθεν
597 2584 720 2619 ὡρμᾶτο,
738 2585 755 2620 ἦ
782 2585 808 2611 τί
825 2584 921 2618 λέγων,
939 2585 956 2620 ἢ

1015 2594 1071 2614 men
1086 2591 1116 2613 ut
1129 2586 1163 2614 de
1178 2586 1287 2614 illorum
1303 2592 1416 2616 auctore
1429 2587 1551 2621 Valente,
1567 2589 1677 2616 ubinam
1693 2589 1716 2616 is
1731 2597 1794 2624 gen-

162 2627 340 2664 νουθετῶν,ἢ
368 2629 553 2664 φθεγγόμενος
577 2630 592 2656 ό
618 2631 724 2667 οὒάλης
739 2628 826 2664 οὗτος.
843 2633 879 2659 Τὸ
905 2633 954 2668 μὲν

1020 2632 1076 2659 ium
1102 2632 1196 2664 fuerit,
1219 2637 1266 2659 aut
1286 2632 1423 2659 undenam
1449 2634 1585 2662 excitatus
1610 2634 1708 2665 fuerit.
1734 2642 1794 2669 quae

161 2673 257 2707 ενομα,
283 2674 430 2709 Ἀραϐικὸν
447 2675 485 2709 (1)
509 2675 642 2712 ὑπάρχον.
662 2677 724 2704 τινὰ
739 2678 866 2704 ὑπόνοιαν
888 2678 954 2712 ἡμῖν

1018 2678 1081 2705 llius
1099 2678 1182 2711 dicta,
1197 2685 1258 2713 que
1269 2682 1403 2713 praecepta
1417 2685 1450 2706 ac
1470 2687 1611 2708 sermones
1623 2681 1791 2714 exstiterint.

161 2719 252 2746 δίδωσι
274 2720 449 2757 διανοηθῆναι
477 2721 582 2755 τοῦτον,
612 2723 658 2749 καὶ
679 2725 728 2759 τὴν
743 2723 825 2750 αὑτοῦ
848 2723 954 2758 αἵρεσιν

1018 2724 1128 2751 nondum
1143 2724 1295 2759 comperire
1313 2724 1494 2759 potuerimus.
1510 2724 1671 2761 Quanquam
1687 2733 1720 2754 ex
1735 2726 1796 2761 ejus

198 2790 206 2806 '
222 2789 285 2819 Cor.
303 2794 433 2827 σημαῖνον
448 2793 488 2821 τό.
527 2795 538 2809 ’
556 2793 634 2822 Joan.
654 2802 709 2826 xvi,
728 2794 771 2821 I0.
808 2794 818 2810 ³
833 2793 910 2822 Joan.
930 2803 959 2822 xv

1015 2795 1053 2822 22.
1093 2795 1103 2811 ⁸
1117 2794 1196 2823 Joan.
1211 2795 1294 2828 x,50.
1331 2796 1341 2811 '
1360 2795 1438 2824 Joan.
1458 2805 1513 2829 κεν,
1529 2797 1556 2830 8,
1575 2797 1603 2826 9.

196 2869 236 2906 (I)
259 2869 293 2898 Τὸ
307 2870 365 2906 μὲν
387 2870 480 2906 ὄνομα
501 2871 665 2905 Ἀρασίκόν.
683 2871 738 2899 Ιιιιο
753 2871 882 2899 Latinum
923 2871 1015 2900 Valens
