  <div class='ocr_page' id='page_1' title='image "/cluster/home/n/w/nwhite01/storage/ocr_20150623/41/njp.32101007805813/532.png"; bbox 0 0 1958 3050; ppageno 0'>
   <div class='ocr_carea' id='block_1_1' title="bbox 133 144 204 173">
    <p class='ocr_par' dir='ltr' id='par_1_1' title="bbox 133 144 204 173">
     <span class='ocr_line' id='line_1_1' title="bbox 133 144 204 173; baseline -0.028 0"><span class='ocrx_word' id='word_1_1' title='bbox 133 144 204 173; x_wconf 70' lang='grc'><strong>1015</strong></span> 
     </span>
    </p>
   </div>
   <div class='ocr_carea' id='block_1_2' title="bbox 469 133 1438 170">
    <p class='ocr_par' dir='ltr' id='par_1_2' title="bbox 469 133 1438 170">
     <span class='ocr_line' id='line_1_2' title="bbox 469 133 1438 170; baseline -0.01 0"><span class='ocrx_word' id='word_1_2' title='bbox 469 140 649 170; x_wconf 71' lang='lat' dir='ltr'><strong>ADVERSUS</strong></span> <span class='ocrx_word' id='word_1_3' title='bbox 670 139 840 168; x_wconf 70' lang='lat' dir='ltr'><strong>liASIIESES</strong></span> <span class='ocrx_word' id='word_1_4' title='bbox 858 138 923 167; x_wconf 84' lang='lat' dir='ltr'><strong>LIB.</strong></span> <span class='ocrx_word' id='word_1_5' title='bbox 940 139 974 166; x_wconf 89' lang='lat' dir='ltr'><strong>Il.</strong></span> <span class='ocrx_word' id='word_1_6' title='bbox 996 138 1078 166; x_wconf 79' lang='lat' dir='ltr'><strong>TOM.</strong></span> <span class='ocrx_word' id='word_1_7' title='bbox 1101 137 1121 164; x_wconf 91' lang='grc' dir='ltr'><strong>Ι.</strong></span> <span class='ocrx_word' id='word_1_8' title='bbox 1142 152 1177 157; x_wconf 82' lang='lat'><strong>——</strong></span> <span class='ocrx_word' id='word_1_9' title='bbox 1193 135 1329 164; x_wconf 59' lang='lat' dir='ltr'><strong>HAEIKES.</strong></span> <span class='ocrx_word' id='word_1_10' title='bbox 1346 133 1438 162; x_wconf 74' lang='lat' dir='ltr'><strong>LVIII.</strong></span> 
     </span>
    </p>
   </div>
   <div class='ocr_carea' id='block_1_3' title="bbox 1687 108 1761 156">
    <p class='ocr_par' dir='ltr' id='par_1_3' title="bbox 1687 108 1761 156">
     <span class='ocr_line' id='line_1_3' title="bbox 1687 108 1761 156; baseline -0.014 0"><span class='ocrx_word' id='word_1_11' title='bbox 1687 108 1761 156; x_wconf 74' lang='lat' dir='ltr'><strong>itm</strong></span> 
     </span>
    </p>
   </div>
   <div class='ocr_carea' id='block_1_4' title="bbox 134 186 947 237">
    <p class='ocr_par' dir='ltr' id='par_1_4' title="bbox 134 198 947 237">
     <span class='ocr_line' id='line_1_4' title="bbox 134 198 947 237; baseline -0.006 -8"><span class='ocrx_word' id='word_1_12' title='bbox 134 202 210 237; x_wconf 68' lang='grc' dir='ltr'>παρὰ</span> <span class='ocrx_word' id='word_1_13' title='bbox 232 201 262 228; x_wconf 77' lang='grc' dir='ltr'>ἓν</span> <span class='ocrx_word' id='word_1_14' title='bbox 283 200 363 236; x_wconf 80' lang='grc' dir='ltr'>μέλος</span> <span class='ocrx_word' id='word_1_15' title='bbox 380 200 514 234; x_wconf 69' lang='grc' dir='ltr'>γίνεσθαι,</span> <span class='ocrx_word' id='word_1_16' title='bbox 527 200 582 227; x_wconf 81' lang='grc' dir='ltr'><strong>τῶν</strong></span> <span class='ocrx_word' id='word_1_17' title='bbox 598 199 685 227; x_wconf 73' lang='grc' dir='ltr'>ἄλλων</span> <span class='ocrx_word' id='word_1_18' title='bbox 702 199 739 235; x_wconf 83' lang='grc' dir='ltr'>μὴ</span> <span class='ocrx_word' id='word_1_19' title='bbox 758 199 836 226; x_wconf 77' lang='grc' dir='ltr'>τοῦτο</span> <span class='ocrx_word' id='word_1_20' title='bbox 850 198 919 233; x_wconf 79' lang='grc' dir='ltr'>πλη-</span> <span class='ocrx_word' id='word_1_21' title='bbox 936 205 947 235; x_wconf 64' lang='grc' dir='ltr'><em>Α</em></span> 
     </span>
    </p>
   </div>
   <div class='ocr_carea' id='block_1_5' title="bbox 998 186 1758 237">
    <p class='ocr_par' dir='ltr' id='par_1_5' title="bbox 998 186 1758 231">
     <span class='ocr_line' id='line_1_5' title="bbox 998 186 1758 231; baseline -0.018 -6"><span class='ocrx_word' id='word_1_22' title='bbox 998 197 1067 229; x_wconf 67' lang='lat' dir='ltr'><strong>:l&#39;crt,</strong></span> <span class='ocrx_word' id='word_1_23' title='bbox 1083 195 1157 231; x_wconf 89' lang='lat' dir='ltr'><strong>quod</strong></span> <span class='ocrx_word' id='word_1_24' title='bbox 1174 194 1210 222; x_wconf 88' lang='lat' dir='ltr'><strong>ab</strong></span> <span class='ocrx_word' id='word_1_25' title='bbox 1225 194 1279 222; x_wconf 80' lang='lat' dir='ltr'><strong>illis</strong></span> <span class='ocrx_word' id='word_1_26' title='bbox 1295 192 1450 222; x_wconf 82' lang='lat' dir='ltr'><strong>asseritur?</strong></span> <span class='ocrx_word' id='word_1_27' title='bbox 1464 190 1532 218; x_wconf 85' lang='lat' dir='ltr'><strong>Cum</strong></span> <span class='ocrx_word' id='word_1_28' title='bbox 1547 188 1618 217; x_wconf 80' lang='lat' dir='ltr'><strong>enim</strong></span> <span class='ocrx_word' id='word_1_29' title='bbox 1631 186 1758 214; x_wconf 74' lang='lat' dir='ltr'><strong>universa</strong></span> 
     </span>
    </p>
   </div>
   <div class='ocr_carea' id='block_1_6' title="bbox 136 243 923 282">
    <p class='ocr_par' dir='ltr' id='par_1_6' title="bbox 136 243 923 282">
     <span class='ocr_line' id='line_1_6' title="bbox 136 243 923 282; baseline -0.004 -9"><span class='ocrx_word' id='word_1_30' title='bbox 136 247 274 282; x_wconf 82' lang='grc' dir='ltr'>ρούντων;</span> <span class='ocrx_word' id='word_1_31' title='bbox 289 246 320 272; x_wconf 70' lang='lat' dir='ltr'><strong>Et</strong></span> <span class='ocrx_word' id='word_1_32' title='bbox 338 245 366 272; x_wconf 81' lang='grc' dir='ltr'><strong>δὲ</strong></span> <span class='ocrx_word' id='word_1_33' title='bbox 379 245 515 280; x_wconf 78' lang='grc' dir='ltr'>ἐγείρεται</span> <span class='ocrx_word' id='word_1_34' title='bbox 542 245 573 271; x_wconf 81' lang='grc' dir='ltr'><strong>τὺ</strong></span> <span class='ocrx_word' id='word_1_35' title='bbox 593 245 671 280; x_wconf 82' lang='grc' dir='ltr'>σῶμα</span> <span class='ocrx_word' id='word_1_36' title='bbox 687 244 834 280; x_wconf 76' lang='grc' dir='ltr'>(ἐγείρεται</span> <span class='ocrx_word' id='word_1_37' title='bbox 845 243 923 279; x_wconf 85' lang='grc' dir='ltr'>γὰρ),</span> 
     </span>
    </p>
   </div>
   <div class='ocr_carea' id='block_1_7' title="bbox 136 289 926 327">
    <p class='ocr_par' dir='ltr' id='par_1_7' title="bbox 136 289 926 327">
     <span class='ocr_line' id='line_1_7' title="bbox 136 289 926 327; baseline -0.004 -9"><span class='ocrx_word' id='word_1_38' title='bbox 136 292 194 324; x_wconf 83' lang='grc' dir='ltr'>πῶς</span> <span class='ocrx_word' id='word_1_39' title='bbox 209 292 346 327; x_wconf 77' lang='grc' dir='ltr'>ἐνδέχεται</span> <span class='ocrx_word' id='word_1_40' title='bbox 360 291 401 318; x_wconf 74' lang='grc' dir='ltr'>ἔτι</span> <span class='ocrx_word' id='word_1_41' title='bbox 416 293 445 318; x_wconf 87' lang='grc' dir='ltr'>ὲν</span> <span class='ocrx_word' id='word_1_42' title='bbox 463 291 587 326; x_wconf 81' lang='grc' dir='ltr'><strong>βασιλείᾳ</strong></span> <span class='ocrx_word' id='word_1_43' title='bbox 610 290 733 327; x_wconf 76' lang='grc' dir='ltr'><strong>οὐρανῶν</strong></span> <span class='ocrx_word' id='word_1_44' title='bbox 743 290 862 326; x_wconf 78' lang='grc' dir='ltr'>λώϐησις</span> <span class='ocrx_word' id='word_1_45' title='bbox 883 289 926 323; x_wconf 90' lang='grc' dir='ltr'>γί-</span> 
     </span>
    </p>
   </div>
   <div class='ocr_carea' id='block_1_8' title="bbox 135 335 926 373">
    <p class='ocr_par' dir='ltr' id='par_1_8' title="bbox 135 335 926 373">
     <span class='ocr_line' id='line_1_8' title="bbox 135 335 926 373; baseline -0.004 -8"><span class='ocrx_word' id='word_1_46' title='bbox 135 340 246 371; x_wconf 64' lang='lat' dir='ltr'><strong>vestiat;</strong></span> <span class='ocrx_word' id='word_1_47' title='bbox 263 339 298 364; x_wconf 85' lang='grc' dir='ltr'><em>Ἢ</em></span> <span class='ocrx_word' id='word_1_48' title='bbox 316 337 375 369; x_wconf 81' lang='grc' dir='ltr'>πῶς</span> <span class='ocrx_word' id='word_1_49' title='bbox 391 338 440 364; x_wconf 82' lang='grc' dir='ltr'>οὐκ</span> <span class='ocrx_word' id='word_1_50' title='bbox 455 337 532 364; x_wconf 76' lang='grc' dir='ltr'>ἔσται</span> <span class='ocrx_word' id='word_1_51' title='bbox 549 337 677 373; x_wconf 79' lang='grc' dir='ltr'>ἀπρεπὴς</span> <span class='ocrx_word' id='word_1_52' title='bbox 690 338 707 372; x_wconf 83' lang='grc' dir='ltr'>ἡ</span> <span class='ocrx_word' id='word_1_53' title='bbox 728 336 851 372; x_wconf 81' lang='grc' dir='ltr'>βασιλεία</span> <span class='ocrx_word' id='word_1_54' title='bbox 870 335 926 362; x_wconf 86' lang='grc' dir='ltr'>τῶν</span> 
     </span>
    </p>
   </div>
   <div class='ocr_carea' id='block_1_9' title="bbox 136 381 926 419">
    <p class='ocr_par' dir='ltr' id='par_1_9' title="bbox 136 381 926 419">
     <span class='ocr_line' id='line_1_9' title="bbox 136 381 926 419; baseline -0.004 -9"><span class='ocrx_word' id='word_1_55' title='bbox 136 384 268 419; x_wconf 82' lang='grc' dir='ltr'><strong>οὐρανῶν,</strong></span> <span class='ocrx_word' id='word_1_56' title='bbox 288 383 399 418; x_wconf 83' lang='grc' dir='ltr'>ἐπισινῆ</span> <span class='ocrx_word' id='word_1_57' title='bbox 420 383 534 418; x_wconf 77' lang='grc' dir='ltr'>σώματα</span> <span class='ocrx_word' id='word_1_58' title='bbox 546 383 644 418; x_wconf 75' lang='grc' dir='ltr'>ἔχουσα</span> <span class='ocrx_word' id='word_1_59' title='bbox 658 382 727 418; x_wconf 81' lang='grc' dir='ltr'>πρὸς</span> <span class='ocrx_word' id='word_1_60' title='bbox 742 382 836 416; x_wconf 78' lang='grc' dir='ltr'>δόξαν;</span> <span class='ocrx_word' id='word_1_61' title='bbox 853 382 884 408; x_wconf 73' lang='grc' dir='ltr'><strong>Εἰ</strong></span> <span class='ocrx_word' id='word_1_62' title='bbox 897 381 926 407; x_wconf 78' lang='grc' dir='ltr'><strong>δὲ</strong></span> 
     </span>
    </p>
   </div>
   <div class='ocr_carea' id='block_1_10' title="bbox 137 425 927 463">
    <p class='ocr_par' dir='ltr' id='par_1_10' title="bbox 137 425 927 463">
     <span class='ocr_line' id='line_1_10' title="bbox 137 425 927 463; baseline 0 -11"><span class='ocrx_word' id='word_1_63' title='bbox 137 427 205 458; x_wconf 80' lang='grc' dir='ltr'>ὅλως</span> <span class='ocrx_word' id='word_1_64' title='bbox 218 427 265 453; x_wconf 78' lang='grc' dir='ltr'><strong>καὶ</strong></span> <span class='ocrx_word' id='word_1_65' title='bbox 280 426 403 462; x_wconf 73' lang='grc' dir='ltr'><strong>τμηθείη¹</strong></span> <span class='ocrx_word' id='word_1_66' title='bbox 422 426 454 453; x_wconf 74' lang='grc' dir='ltr'>τδ</span> <span class='ocrx_word' id='word_1_67' title='bbox 475 427 555 462; x_wconf 82' lang='grc' dir='ltr'>μέλος</span> <span class='ocrx_word' id='word_1_68' title='bbox 569 426 601 453; x_wconf 80' lang='grc' dir='ltr'>τὸ</span> <span class='ocrx_word' id='word_1_69' title='bbox 615 426 801 459; x_wconf 75' lang='grc' dir='ltr'>σκανδαλίζον,</span> <span class='ocrx_word' id='word_1_70' title='bbox 818 426 872 463; x_wconf 82' lang='grc' dir='ltr'><strong>ἄρα</strong></span> <span class='ocrx_word' id='word_1_71' title='bbox 887 425 927 452; x_wconf 87' lang='grc' dir='ltr'>τέ-</span> 
     </span>
    </p>
   </div>
   <div class='ocr_carea' id='block_1_11' title="bbox 138 472 930 509">
    <p class='ocr_par' dir='ltr' id='par_1_11' title="bbox 138 472 930 509">
     <span class='ocr_line' id='line_1_11' title="bbox 138 472 930 509; baseline -0.001 -10"><span class='ocrx_word' id='word_1_72' title='bbox 138 482 250 508; x_wconf 84' lang='grc' dir='ltr'>τμηται,</span> <span class='ocrx_word' id='word_1_73' title='bbox 271 473 319 500; x_wconf 75' lang='grc' dir='ltr'>καὶ</span> <span class='ocrx_word' id='word_1_74' title='bbox 338 473 387 509; x_wconf 87' lang='grc' dir='ltr'><strong>οὑχ</strong></span> <span class='ocrx_word' id='word_1_75' title='bbox 400 473 518 508; x_wconf 78' lang='grc' dir='ltr'>ἥμαρτε.</span> <span class='ocrx_word' id='word_1_76' title='bbox 542 472 651 508; x_wconf 82' lang='grc' dir='ltr'>Τμηθὲν</span> <span class='ocrx_word' id='word_1_77' title='bbox 670 473 710 505; x_wconf 80' lang='grc' dir='ltr'><strong>δὲ,</strong></span> <span class='ocrx_word' id='word_1_78' title='bbox 723 473 771 499; x_wconf 79' lang='grc' dir='ltr'>καὶ</span> <span class='ocrx_word' id='word_1_79' title='bbox 793 472 831 508; x_wconf 86' lang='grc' dir='ltr'>μὴ</span> <span class='ocrx_word' id='word_1_80' title='bbox 843 473 930 508; x_wconf 83' lang='grc' dir='ltr'>ἁμαρ-</span> 
     </span>
    </p>
   </div>
   <div class='ocr_carea' id='block_1_12' title="bbox 139 517 932 567">
    <p class='ocr_par' dir='ltr' id='par_1_12' title="bbox 139 517 932 567">
     <span class='ocr_line' id='line_1_12' title="bbox 139 517 932 567; baseline 0.001 -24"><span class='ocrx_word' id='word_1_81' title='bbox 139 518 235 567; x_wconf 55' lang='grc' dir='ltr'>τῇσαν,</span> <span class='ocrx_word' id='word_1_82' title='bbox 252 518 317 545; x_wconf 83' lang='grc' dir='ltr'>αὐτὸ</span> <span class='ocrx_word' id='word_1_83' title='bbox 331 518 372 546; x_wconf 79' lang='grc' dir='ltr'><strong>δεῖ</strong></span> <span class='ocrx_word' id='word_1_84' title='bbox 387 517 496 554; x_wconf 76' lang='grc' dir='ltr'>πρῶτον</span> <span class='ocrx_word' id='word_1_85' title='bbox 509 518 619 545; x_wconf 85' lang='grc' dir='ltr'>πάντων</span> <span class='ocrx_word' id='word_1_86' title='bbox 634 517 781 554; x_wconf 77' lang='grc' dir='ltr'>ἀναστῆναι</span> <span class='ocrx_word' id='word_1_87' title='bbox 793 517 831 553; x_wconf 88' lang='grc' dir='ltr'>μὴ</span> <span class='ocrx_word' id='word_1_88' title='bbox 844 517 932 553; x_wconf 81' lang='grc' dir='ltr'>ἀμαρ-</span> 
     </span>
    </p>
   </div>
   <div class='ocr_carea' id='block_1_13' title="bbox 140 570 237 597">
    <p class='ocr_par' dir='ltr' id='par_1_13' title="bbox 140 570 237 597">
     <span class='ocr_line' id='line_1_13' title="bbox 140 570 237 597; baseline 0.01 -9"><span class='ocrx_word' id='word_1_89' title='bbox 140 570 237 597; x_wconf 86' lang='grc' dir='ltr'>τησαν.</span> 
     </span>
    </p>
   </div>
   <div class='ocr_carea' id='block_1_14' title="bbox 973 231 1758 274">
    <p class='ocr_par' dir='ltr' id='par_1_14' title="bbox 973 231 1758 274">
     <span class='ocr_line' id='line_1_14' title="bbox 973 231 1758 274; baseline -0.017 -4"><span class='ocrx_word' id='word_1_90' title='bbox 973 242 1095 270; x_wconf 87' lang='lat' dir='ltr'><strong>membra</strong></span> <span class='ocrx_word' id='word_1_91' title='bbox 1120 241 1233 269; x_wconf 73' lang='lat' dir='ltr'><strong>caeleste</strong></span> <span class='ocrx_word' id='word_1_92' title='bbox 1248 246 1363 274; x_wconf 77' lang='lat' dir='ltr'><strong>regnum</strong></span> <span class='ocrx_word' id='word_1_93' title='bbox 1386 237 1497 266; x_wconf 90' lang='lat' dir='ltr'><strong>minime</strong></span> <span class='ocrx_word' id='word_1_94' title='bbox 1516 233 1620 270; x_wconf 75' lang='lat' dir='ltr'><strong>ingredi</strong></span> <span class='ocrx_word' id='word_1_95' title='bbox 1640 231 1758 267; x_wconf 83' lang='lat' dir='ltr'><strong>possint,</strong></span> 
     </span>
    </p>
   </div>
   <div class='ocr_carea' id='block_1_15' title="bbox 973 275 1760 323">
    <p class='ocr_par' dir='ltr' id='par_1_15' title="bbox 973 275 1760 323">
     <span class='ocr_line' id='line_1_15' title="bbox 973 275 1760 323; baseline -0.017 -8"><span class='ocrx_word' id='word_1_96' title='bbox 973 287 1040 323; x_wconf 91' lang='lat' dir='ltr'><strong>quid</strong></span> <span class='ocrx_word' id='word_1_97' title='bbox 1057 287 1154 314; x_wconf 85' lang='lat' dir='ltr'><strong>attinet</strong></span> <span class='ocrx_word' id='word_1_98' title='bbox 1168 293 1224 312; x_wconf 92' lang='lat' dir='ltr'><strong>uno</strong></span> <span class='ocrx_word' id='word_1_99' title='bbox 1239 285 1329 313; x_wconf 88' lang='lat' dir='ltr'><strong>solum</strong></span> <span class='ocrx_word' id='word_1_100' title='bbox 1350 282 1471 310; x_wconf 86' lang='lat' dir='ltr'><strong>mutilari</strong></span> <span class='ocrx_word' id='word_1_101' title='bbox 1498 280 1631 312; x_wconf 90' lang='lat' dir='ltr'><strong>membro,</strong></span> <span class='ocrx_word' id='word_1_102' title='bbox 1648 284 1711 304; x_wconf 92' lang='lat' dir='ltr'><strong>cum</strong></span> <span class='ocrx_word' id='word_1_103' title='bbox 1733 275 1760 302; x_wconf 97' lang='lat' dir='ltr'><strong>id</strong></span> 
     </span>
    </p>
   </div>
   <div class='ocr_carea' id='block_1_16' title="bbox 974 322 1761 366">
    <p class='ocr_par' dir='ltr' id='par_1_16' title="bbox 974 322 1761 366">
     <span class='ocr_line' id='line_1_16' title="bbox 974 322 1761 366; baseline -0.015 -7"><span class='ocrx_word' id='word_1_104' title='bbox 974 322 1028 359; x_wconf 85' lang='lat' dir='ltr'><strong>alia</strong></span> <span class='ocrx_word' id='word_1_105' title='bbox 1054 338 1227 366; x_wconf 84' lang='lat' dir='ltr'><strong>nequaquam</strong></span> <span class='ocrx_word' id='word_1_106' title='bbox 1255 327 1418 365; x_wconf 76' lang='lat' dir='ltr'><strong>perﬁciant?</strong></span> <span class='ocrx_word' id='word_1_107' title='bbox 1439 325 1499 353; x_wconf 68' lang='lat' dir='ltr'><strong>iam</strong></span> <span class='ocrx_word' id='word_1_108' title='bbox 1525 331 1590 352; x_wconf 90' lang='lat' dir='ltr'><strong>vero</strong></span> <span class='ocrx_word' id='word_1_109' title='bbox 1613 322 1636 351; x_wconf 89' lang='lat' dir='ltr'><strong>si</strong></span> <span class='ocrx_word' id='word_1_110' title='bbox 1660 328 1761 355; x_wconf 87' lang='lat' dir='ltr'><strong>corpus</strong></span> 
     </span>
    </p>
   </div>
   <div class='ocr_carea' id='block_1_17' title="bbox 974 371 1763 413">
    <p class='ocr_par' dir='ltr' id='par_1_17' title="bbox 974 371 1763 413">
     <span class='ocr_line' id='line_1_17' title="bbox 974 371 1763 413; baseline -0.016 -6"><span class='ocrx_word' id='word_1_111' title='bbox 974 379 1109 406; x_wconf 84' lang='lat' dir='ltr'><strong>excitatur</strong></span> <span class='ocrx_word' id='word_1_112' title='bbox 1124 377 1176 413; x_wconf 88' lang='lat' dir='ltr'><strong>(uti</strong></span> <span class='ocrx_word' id='word_1_113' title='bbox 1194 383 1258 403; x_wconf 83' lang='lat' dir='ltr'><strong>vere</strong></span> <span class='ocrx_word' id='word_1_114' title='bbox 1273 373 1394 409; x_wconf 89' lang='lat' dir='ltr'><strong>accidit),</strong></span> <span class='ocrx_word' id='word_1_115' title='bbox 1415 375 1492 400; x_wconf 86' lang='lat' dir='ltr'><strong>estne</strong></span> <span class='ocrx_word' id='word_1_116' title='bbox 1517 371 1588 398; x_wconf 86' lang='lat' dir='ltr'><strong>utin</strong></span> <span class='ocrx_word' id='word_1_117' title='bbox 1600 376 1685 404; x_wconf 81' lang='lat' dir='ltr'><strong>regno</strong></span> <span class='ocrx_word' id='word_1_118' title='bbox 1707 374 1763 395; x_wconf 74' lang='lat' dir='ltr'><strong>cce-</strong></span> 
     </span>
    </p>
   </div>
   <div class='ocr_carea' id='block_1_18' title="bbox 975 413 1765 455">
    <p class='ocr_par' dir='ltr' id='par_1_18' title="bbox 975 413 1765 455">
     <span class='ocr_line' id='line_1_18' title="bbox 975 413 1765 455; baseline -0.018 -2"><span class='ocrx_word' id='word_1_119' title='bbox 975 426 1064 454; x_wconf 91' lang='lat' dir='ltr'><strong>Iorum</strong></span> <span class='ocrx_word' id='word_1_120' title='bbox 1090 430 1217 450; x_wconf 90' lang='lat' dir='ltr'><strong>mancum</strong></span> <span class='ocrx_word' id='word_1_121' title='bbox 1243 419 1347 455; x_wconf 85' lang='lat' dir='ltr'><strong>aliquid</strong></span> <span class='ocrx_word' id='word_1_122' title='bbox 1371 419 1407 446; x_wconf 88' lang='lat' dir='ltr'><strong>sit</strong></span> <span class='ocrx_word' id='word_1_123' title='bbox 1425 421 1473 445; x_wconf 86' lang='lat' dir='ltr'><strong>aut</strong></span> <span class='ocrx_word' id='word_1_124' title='bbox 1495 415 1642 444; x_wconf 75' lang='lat' dir='ltr'><strong>mutilum?</strong></span> <span class='ocrx_word' id='word_1_125' title='bbox 1669 413 1765 441; x_wconf 82' lang='lat' dir='ltr'><strong>Nonne</strong></span> 
     </span>
    </p>
   </div>
   <div class='ocr_carea' id='block_1_19' title="bbox 976 457 1766 504">
    <p class='ocr_par' dir='ltr' id='par_1_19' title="bbox 976 457 1766 504">
     <span class='ocr_line' id='line_1_19' title="bbox 976 457 1766 504; baseline -0.018 -7"><span class='ocrx_word' id='word_1_126' title='bbox 976 463 1065 504; x_wconf 89' lang='lat' dir='ltr'><strong>turpis</strong></span> <span class='ocrx_word' id='word_1_127' title='bbox 1081 466 1205 502; x_wconf 64' lang='lat' dir='ltr'><strong>quaedam</strong></span> <span class='ocrx_word' id='word_1_128' title='bbox 1218 464 1340 492; x_wconf 72' lang='lat' dir='ltr'><strong>cmlestis</strong></span> <span class='ocrx_word' id='word_1_129' title='bbox 1362 462 1435 490; x_wconf 84' lang='lat' dir='ltr'><strong>illius</strong></span> <span class='ocrx_word' id='word_1_130' title='bbox 1455 462 1530 496; x_wconf 81' lang='lat' dir='ltr'><strong>regni</strong></span> <span class='ocrx_word' id='word_1_131' title='bbox 1546 459 1647 487; x_wconf 80' lang='lat' dir='ltr'><strong>futura&#39;</strong></span> <span class='ocrx_word' id='word_1_132' title='bbox 1658 457 1766 493; x_wconf 82' lang='lat' dir='ltr'><strong>species</strong></span> 
     </span>
    </p>
   </div>
   <div class='ocr_carea' id='block_1_20' title="bbox 978 503 1768 546">
    <p class='ocr_par' dir='ltr' id='par_1_20' title="bbox 978 503 1768 546">
     <span class='ocr_line' id='line_1_20' title="bbox 978 503 1768 546; baseline -0.018 -4"><span class='ocrx_word' id='word_1_133' title='bbox 978 503 1031 546; x_wconf 67' lang='lat' dir='ltr'><strong>est,</strong></span> <span class='ocrx_word' id='word_1_134' title='bbox 1046 514 1070 542; x_wconf 89' lang='lat' dir='ltr'><strong>si</strong></span> <span class='ocrx_word' id='word_1_135' title='bbox 1085 516 1212 540; x_wconf 88' lang='lat' dir='ltr'><strong>truncata</strong></span> <span class='ocrx_word' id='word_1_136' title='bbox 1224 510 1346 538; x_wconf 84' lang='lat' dir='ltr'><strong>membra</strong></span> <span class='ocrx_word' id='word_1_137' title='bbox 1360 508 1394 536; x_wconf 91' lang='lat' dir='ltr'><strong>ad</strong></span> <span class='ocrx_word' id='word_1_138' title='bbox 1412 506 1605 542; x_wconf 74' lang='lat' dir='ltr'><strong>sempiternam</strong></span> <span class='ocrx_word' id='word_1_139' title='bbox 1622 504 1697 531; x_wconf 83' lang='lat' dir='ltr'><strong>illam</strong></span> <span class='ocrx_word' id='word_1_140' title='bbox 1709 503 1768 537; x_wconf 75' lang='lat' dir='ltr'><strong>glo-</strong></span> 
     </span>
    </p>
   </div>
   <div class='ocr_carea' id='block_1_21' title="bbox 979 547 1767 588">
    <p class='ocr_par' dir='ltr' id='par_1_21' title="bbox 979 547 1767 588">
     <span class='ocr_line' id='line_1_21' title="bbox 979 547 1767 588; baseline -0.018 0"><span class='ocrx_word' id='word_1_141' title='bbox 979 561 1048 588; x_wconf 85' lang='lat' dir='ltr'><strong>riam</strong></span> <span class='ocrx_word' id='word_1_142' title='bbox 1070 556 1270 586; x_wconf 80' lang='lat' dir='ltr'><strong>admittantur?</strong></span> <span class='ocrx_word' id='word_1_143' title='bbox 1297 555 1433 582; x_wconf 67' lang='lat' dir='ltr'><strong>Praeterea</strong></span> <span class='ocrx_word' id='word_1_144' title='bbox 1462 552 1486 580; x_wconf 89' lang='lat' dir='ltr'><strong>si</strong></span> <span class='ocrx_word' id='word_1_145' title='bbox 1513 550 1668 579; x_wconf 82' lang='lat' dir='ltr'><strong>membrum</strong></span> <span class='ocrx_word' id='word_1_146' title='bbox 1688 547 1767 580; x_wconf 84' lang='lat' dir='ltr'><strong>illud,</strong></span> 
     </span>
    </p>
   </div>
   <div class='ocr_carea' id='block_1_22' title="bbox 141 595 1768 661">
    <p class='ocr_par' dir='ltr' id='par_1_22' title="bbox 141 595 1768 661">
     <span class='ocr_line' id='line_1_22' title="bbox 141 595 1768 661; baseline -0.01 -23"><span class='ocrx_word' id='word_1_147' title='bbox 141 609 219 661; x_wconf 44' lang='lat' dir='ltr'><strong>quod.</strong></span> <span class='ocrx_word' id='word_1_148' title='bbox 226 610 388 661; x_wconf 73' lang='lat' dir='ltr'><strong>scandalum</strong></span> <span class='ocrx_word' id='word_1_149' title='bbox 404 610 518 661; x_wconf 64' lang='lat' dir='ltr'><strong>prabet.</strong></span> <span class='ocrx_word' id='word_1_150' title='bbox 532 609 685 638; x_wconf 83' lang='lat' dir='ltr'><strong>abscissum</strong></span> <span class='ocrx_word' id='word_1_151' title='bbox 697 608 790 641; x_wconf 81' lang='lat' dir='ltr'><strong>fuerit,</strong></span> <span class='ocrx_word' id='word_1_152' title='bbox 821 611 991 643; x_wconf 81' lang='lat' dir='ltr'><strong>amputatum</strong></span> <span class='ocrx_word' id='word_1_153' title='bbox 1007 607 1101 642; x_wconf 79' lang='lat' dir='ltr'><strong>utique</strong></span> <span class='ocrx_word' id='word_1_154' title='bbox 1112 608 1155 633; x_wconf 90' lang='lat' dir='ltr'><strong>est</strong></span> <span class='ocrx_word' id='word_1_155' title='bbox 1165 624 1173 637; x_wconf 87' lang='lat'><strong>,</strong></span> <span class='ocrx_word' id='word_1_156' title='bbox 1201 611 1234 631; x_wconf 87' lang='lat' dir='ltr'><strong>ac</strong></span> <span class='ocrx_word' id='word_1_157' title='bbox 1246 602 1360 638; x_wconf 85' lang='lat' dir='ltr'><strong>proinde</strong></span> <span class='ocrx_word' id='word_1_158' title='bbox 1373 608 1425 629; x_wconf 89' lang='lat' dir='ltr'><strong>nec</strong></span> <span class='ocrx_word' id='word_1_159' title='bbox 1435 599 1570 635; x_wconf 84' lang='lat' dir='ltr'><strong>peccavit.</strong></span> <span class='ocrx_word' id='word_1_160' title='bbox 1600 595 1680 630; x_wconf 80' lang='lat' dir='ltr'><strong>Quod</strong></span> <span class='ocrx_word' id='word_1_161' title='bbox 1704 601 1768 622; x_wconf 90' lang='lat' dir='ltr'><strong>cum</strong></span> 
     </span>
    </p>
   </div>
   <div class='ocr_carea' id='block_1_23' title="bbox 143 649 1319 692">
    <p class='ocr_par' dir='ltr' id='par_1_23' title="bbox 143 649 1319 692">
     <span class='ocr_line' id='line_1_23' title="bbox 143 649 1319 692; baseline -0.007 -10"><span class='ocrx_word' id='word_1_162' title='bbox 143 656 181 683; x_wconf 87' lang='lat' dir='ltr'><strong>ita</strong></span> <span class='ocrx_word' id='word_1_163' title='bbox 198 656 245 688; x_wconf 88' lang='lat' dir='ltr'><strong>sit,</strong></span> <span class='ocrx_word' id='word_1_164' title='bbox 267 657 387 692; x_wconf 88' lang='lat' dir='ltr'><strong>primum</strong></span> <span class='ocrx_word' id='word_1_165' title='bbox 403 656 527 684; x_wconf 82' lang='lat' dir='ltr'><strong>omnium</strong></span> <span class='ocrx_word' id='word_1_166' title='bbox 544 663 690 691; x_wconf 73' lang='lat' dir='ltr'><strong>resurgere</strong></span> <span class='ocrx_word' id='word_1_167' title='bbox 704 656 793 691; x_wconf 86' lang='lat' dir='ltr'><strong>ipsum</strong></span> <span class='ocrx_word' id='word_1_168' title='bbox 808 659 927 690; x_wconf 87' lang='lat' dir='ltr'><strong>oportet.</strong></span> <span class='ocrx_word' id='word_1_169' title='bbox 941 654 1013 690; x_wconf 81' lang='lat' dir='ltr'><strong>quod</strong></span> <span class='ocrx_word' id='word_1_170' title='bbox 1025 652 1137 680; x_wconf 84' lang='lat' dir='ltr'><strong>minime</strong></span> <span class='ocrx_word' id='word_1_171' title='bbox 1154 649 1319 686; x_wconf 85' lang='lat' dir='ltr'><strong>peccaverit.</strong></span> 
     </span>
    </p>
   </div>
   <div class='ocr_carea' id='block_1_24' title="bbox 179 701 932 739">
    <p class='ocr_par' dir='ltr' id='par_1_24' title="bbox 179 701 932 739">
     <span class='ocr_line' id='line_1_24' title="bbox 179 701 932 739; baseline -0.001 -10"><span class='ocrx_word' id='word_1_172' title='bbox 179 701 217 729; x_wconf 87' lang='lat' dir='ltr'><strong>I&quot;.</strong></span> <span class='ocrx_word' id='word_1_173' title='bbox 237 704 314 730; x_wconf 80' lang='grc' dir='ltr'>Ὅσοι</span> <span class='ocrx_word' id='word_1_174' title='bbox 333 704 361 730; x_wconf 83' lang='grc' dir='ltr'><strong>δὲ</strong></span> <span class='ocrx_word' id='word_1_175' title='bbox 375 704 413 736; x_wconf 85' lang='grc' dir='ltr'><strong>είς</strong></span> <span class='ocrx_word' id='word_1_176' title='bbox 427 704 458 730; x_wconf 80' lang='grc' dir='ltr'>τὸ</span> <span class='ocrx_word' id='word_1_177' title='bbox 473 704 617 739; x_wconf 81' lang='grc' dir='ltr'>πρόχειρον</span> <span class='ocrx_word' id='word_1_178' title='bbox 637 703 675 739; x_wconf 74' lang='grc'><strong>(4)</strong></span> <span class='ocrx_word' id='word_1_179' title='bbox 689 703 768 730; x_wconf 82' lang='grc' dir='ltr'>τοῦτο</span> <span class='ocrx_word' id='word_1_180' title='bbox 790 702 870 738; x_wconf 81' lang='grc' dir='ltr'>ἔργον</span> <span class='ocrx_word' id='word_1_181' title='bbox 893 702 932 729; x_wconf 81' lang='grc' dir='ltr'><strong>ἐν-</strong></span> 
     </span>
    </p>
   </div>
   <div class='ocr_carea' id='block_1_25' title="bbox 143 746 934 784">
    <p class='ocr_par' dir='ltr' id='par_1_25' title="bbox 143 746 934 784">
     <span class='ocr_line' id='line_1_25' title="bbox 143 746 934 784; baseline -0.001 -10"><span class='ocrx_word' id='word_1_182' title='bbox 143 748 249 784; x_wconf 84' lang='grc' dir='ltr'>τολμοι,</span> <span class='ocrx_word' id='word_1_183' title='bbox 265 748 319 775; x_wconf 81' lang='grc' dir='ltr'><strong>ἀπὸ</strong></span> <span class='ocrx_word' id='word_1_184' title='bbox 335 749 443 776; x_wconf 73' lang='grc' dir='ltr'>πάντων</span> <span class='ocrx_word' id='word_1_185' title='bbox 458 749 571 781; x_wconf 82' lang='grc' dir='ltr'>ἑαυτοὺς</span> <span class='ocrx_word' id='word_1_186' title='bbox 588 748 736 783; x_wconf 76' lang='grc' dir='ltr'>ἠθέτησαν,</span> <span class='ocrx_word' id='word_1_187' title='bbox 752 747 801 775; x_wconf 74' lang='grc' dir='ltr'>καὶ</span> <span class='ocrx_word' id='word_1_188' title='bbox 816 746 934 783; x_wconf 80' lang='grc' dir='ltr'>ἀπηλλο-</span> 
     </span>
    </p>
   </div>
   <div class='ocr_carea' id='block_1_26' title="bbox 145 793 933 831">
    <p class='ocr_par' dir='ltr' id='par_1_26' title="bbox 145 793 933 831">
     <span class='ocr_line' id='line_1_26' title="bbox 145 793 933 831; baseline -0.003 -10"><span class='ocrx_word' id='word_1_189' title='bbox 145 794 276 829; x_wconf 75' lang='grc' dir='ltr'>τρίωσαν.</span> <span class='ocrx_word' id='word_1_190' title='bbox 290 794 358 821; x_wconf 85' lang='grc' dir='ltr'>Οῠτε</span> <span class='ocrx_word' id='word_1_191' title='bbox 375 794 429 830; x_wconf 86' lang='grc' dir='ltr'>γὰρ</span> <span class='ocrx_word' id='word_1_192' title='bbox 445 794 540 831; x_wconf 79' lang='grc' dir='ltr'>ἄνδρες</span> <span class='ocrx_word' id='word_1_193' title='bbox 559 795 612 821; x_wconf 72' lang='grc' dir='ltr'>εἰσὶ</span> <span class='ocrx_word' id='word_1_194' title='bbox 634 793 678 820; x_wconf 86' lang='grc' dir='ltr'><strong>διὰ</strong></span> <span class='ocrx_word' id='word_1_195' title='bbox 699 794 731 820; x_wconf 73' lang='grc' dir='ltr'>τὸ</span> <span class='ocrx_word' id='word_1_196' title='bbox 746 793 933 829; x_wconf 79' lang='grc' dir='ltr'><strong>ἀφῃρημένον,</strong></span> 
     </span>
    </p>
   </div>
   <div class='ocr_carea' id='block_1_27' title="bbox 146 838 934 876">
    <p class='ocr_par' dir='ltr' id='par_1_27' title="bbox 146 838 934 876">
     <span class='ocr_line' id='line_1_27' title="bbox 146 838 934 876; baseline -0.003 -9"><span class='ocrx_word' id='word_1_197' title='bbox 146 840 209 867; x_wconf 82' lang='grc' dir='ltr'>οὔτε</span> <span class='ocrx_word' id='word_1_198' title='bbox 231 843 358 876; x_wconf 82' lang='grc' dir='ltr'>γυναῖκες</span> <span class='ocrx_word' id='word_1_199' title='bbox 381 841 510 868; x_wconf 83' lang='grc' dir='ltr'>δύνανται</span> <span class='ocrx_word' id='word_1_200' title='bbox 533 838 603 868; x_wconf 76' lang='grc' dir='ltr'>εῖναι</span> <span class='ocrx_word' id='word_1_201' title='bbox 624 840 668 867; x_wconf 82' lang='grc' dir='ltr'>διὰ</span> <span class='ocrx_word' id='word_1_202' title='bbox 686 840 718 866; x_wconf 81' lang='grc' dir='ltr'>τὸ</span> <span class='ocrx_word' id='word_1_203' title='bbox 742 840 818 875; x_wconf 82' lang='grc' dir='ltr'>παρὰ</span> <span class='ocrx_word' id='word_1_204' title='bbox 842 838 934 874; x_wconf 86' lang='grc' dir='ltr'>φύσιν.</span> 
     </span>
    </p>
   </div>
   <div class='ocr_carea' id='block_1_28' title="bbox 149 883 938 922">
    <p class='ocr_par' dir='ltr' id='par_1_28' title="bbox 149 883 938 922">
     <span class='ocr_line' id='line_1_28' title="bbox 149 883 938 922; baseline -0.001 -10"><span class='ocrx_word' id='word_1_205' title='bbox 149 886 288 922; x_wconf 79' lang='grc' dir='ltr'>Προέλασε</span> <span class='ocrx_word' id='word_1_206' title='bbox 306 887 315 902; x_wconf 79' lang='grc'>¹</span> <span class='ocrx_word' id='word_1_207' title='bbox 329 886 357 912; x_wconf 80' lang='grc' dir='ltr'><strong>δὲ</strong></span> <span class='ocrx_word' id='word_1_208' title='bbox 375 887 421 913; x_wconf 71' lang='grc' dir='ltr'><strong>καὶ</strong></span> <span class='ocrx_word' id='word_1_209' title='bbox 439 888 456 922; x_wconf 81' lang='grc' dir='ltr'>ἡ</span> <span class='ocrx_word' id='word_1_210' title='bbox 472 886 519 913; x_wconf 81' lang='grc' dir='ltr'>τοῦ</span> <span class='ocrx_word' id='word_1_211' title='bbox 537 886 668 920; x_wconf 76' lang='grc' dir='ltr'>στεφάνου</span> <span class='ocrx_word' id='word_1_212' title='bbox 691 884 739 911; x_wconf 77' lang='grc' dir='ltr'><strong>τοῦ</strong></span> <span class='ocrx_word' id='word_1_213' title='bbox 757 884 874 919; x_wconf 75' lang='grc' dir='ltr'>ἀγῶνος,</span> <span class='ocrx_word' id='word_1_214' title='bbox 890 883 938 911; x_wconf 76' lang='grc' dir='ltr'>καὶ</span> 
     </span>
    </p>
   </div>
   <div class='ocr_carea' id='block_1_29' title="bbox 149 929 938 966">
    <p class='ocr_par' dir='ltr' id='par_1_29' title="bbox 149 929 938 966">
     <span class='ocr_line' id='line_1_29' title="bbox 149 929 938 966; baseline -0.003 -9"><span class='ocrx_word' id='word_1_215' title='bbox 149 931 277 966; x_wconf 76' lang='grc' dir='ltr'>βραϐείου</span> <span class='ocrx_word' id='word_1_216' title='bbox 293 930 387 958; x_wconf 71' lang='grc' dir='ltr'>τούτου</span> <span class='ocrx_word' id='word_1_217' title='bbox 402 931 556 966; x_wconf 78' lang='grc' dir='ltr'>ἐπωνυμία.</span> <span class='ocrx_word' id='word_1_218' title='bbox 570 930 636 957; x_wconf 78' lang='grc' dir='ltr'><strong>Οὐδὲ</strong></span> <span class='ocrx_word' id='word_1_219' title='bbox 648 930 772 966; x_wconf 78' lang='grc' dir='ltr'><strong>ὁπότεροι</strong></span> <span class='ocrx_word' id='word_1_220' title='bbox 783 929 838 965; x_wconf 82' lang='grc' dir='ltr'><strong>γὰρ</strong></span> <span class='ocrx_word' id='word_1_221' title='bbox 851 929 938 964; x_wconf 87' lang='grc' dir='ltr'>φανή-</span> 
     </span>
    </p>
   </div>
   <div class='ocr_carea' id='block_1_30' title="bbox 151 972 940 1011">
    <p class='ocr_par' dir='ltr' id='par_1_30' title="bbox 151 972 940 1011">
     <span class='ocr_line' id='line_1_30' title="bbox 151 972 940 1011; baseline -0.003 -9"><span class='ocrx_word' id='word_1_222' title='bbox 151 985 244 1002; x_wconf 79' lang='grc' dir='ltr'>σονται</span> <span class='ocrx_word' id='word_1_223' title='bbox 269 972 342 1002; x_wconf 80' lang='grc' dir='ltr'>οὗτοι</span> <span class='ocrx_word' id='word_1_224' title='bbox 365 976 421 1003; x_wconf 83' lang='grc' dir='ltr'>τῶν</span> <span class='ocrx_word' id='word_1_225' title='bbox 437 975 522 1011; x_wconf 80' lang='grc' dir='ltr'>τριῶν</span> <span class='ocrx_word' id='word_1_226' title='bbox 539 975 643 1007; x_wconf 82' lang='grc' dir='ltr'><strong>τάξεων</strong></span> <span class='ocrx_word' id='word_1_227' title='bbox 656 974 711 1001; x_wconf 82' lang='grc' dir='ltr'>τῶν</span> <span class='ocrx_word' id='word_1_228' title='bbox 733 974 869 1009; x_wconf 80' lang='grc' dir='ltr'>εὐνούχων</span> <span class='ocrx_word' id='word_1_229' title='bbox 884 973 940 1000; x_wconf 85' lang='grc' dir='ltr'><strong>τῶν</strong></span> 
     </span>
    </p>
   </div>
   <div class='ocr_carea' id='block_1_31' title="bbox 149 1018 939 1057">
    <p class='ocr_par' dir='ltr' id='par_1_31' title="bbox 149 1018 939 1057">
     <span class='ocr_line' id='line_1_31' title="bbox 149 1018 939 1057; baseline -0.004 -8"><span class='ocrx_word' id='word_1_230' title='bbox 149 1021 204 1049; x_wconf 77' lang='grc' dir='ltr'><strong>ὑπὸ</strong></span> <span class='ocrx_word' id='word_1_231' title='bbox 219 1021 321 1057; x_wconf 81' lang='grc' dir='ltr'>Κυρίου</span> <span class='ocrx_word' id='word_1_232' title='bbox 335 1021 500 1057; x_wconf 71' lang='grc' dir='ltr'>εἰρημένων.</span> <span class='ocrx_word' id='word_1_233' title='bbox 514 1020 583 1048; x_wconf 78' lang='grc' dir='ltr'><strong>Εἰσὶ</strong></span> <span class='ocrx_word' id='word_1_234' title='bbox 598 1020 664 1056; x_wconf 67' lang='grc' dir='ltr'>γὰρ,</span> <span class='ocrx_word' id='word_1_235' title='bbox 680 1020 773 1055; x_wconf 76' lang='grc' dir='ltr'>φησὶν,</span> <span class='ocrx_word' id='word_1_236' title='bbox 786 1018 939 1054; x_wconf 78' lang='grc' dir='ltr'>εὐνοῦχοι,</span> 
     </span>
    </p>
   </div>
   <div class='ocr_carea' id='block_1_32' title="bbox 149 1066 941 1103">
    <p class='ocr_par' dir='ltr' id='par_1_32' title="bbox 149 1066 941 1103">
     <span class='ocr_line' id='line_1_32' title="bbox 149 1066 941 1103; baseline -0.004 -8"><span class='ocrx_word' id='word_1_237' title='bbox 149 1069 180 1096; x_wconf 79' lang='grc' dir='ltr'>οἳ</span> <span class='ocrx_word' id='word_1_238' title='bbox 193 1069 227 1095; x_wconf 79' lang='grc' dir='ltr'><strong>ὲκ</strong></span> <span class='ocrx_word' id='word_1_239' title='bbox 241 1069 356 1102; x_wconf 72' lang='grc' dir='ltr'>κοιλίας</span> <span class='ocrx_word' id='word_1_240' title='bbox 364 1068 478 1103; x_wconf 79' lang='grc' dir='ltr'>μητρὸς</span> <span class='ocrx_word' id='word_1_241' title='bbox 488 1067 587 1096; x_wconf 78' lang='grc' dir='ltr'>αὐτῶν</span> <span class='ocrx_word' id='word_1_242' title='bbox 593 1066 813 1103; x_wconf 76' lang='grc' dir='ltr'>ἐγεννήθησαν.</span> <span class='ocrx_word' id='word_1_243' title='bbox 826 1066 941 1093; x_wconf 79' lang='grc' dir='ltr'>Ἐκεῖνοι</span> 
     </span>
    </p>
   </div>
   <div class='ocr_carea' id='block_1_33' title="bbox 151 1111 942 1151">
    <p class='ocr_par' dir='ltr' id='par_1_33' title="bbox 151 1111 942 1151">
     <span class='ocr_line' id='line_1_33' title="bbox 151 1111 942 1151; baseline -0.005 -10"><span class='ocrx_word' id='word_1_244' title='bbox 151 1116 206 1151; x_wconf 77' lang='grc' dir='ltr'>γὰρ</span> <span class='ocrx_word' id='word_1_245' title='bbox 230 1114 346 1143; x_wconf 83' lang='grc' dir='ltr'>ἀναίτιοί</span> <span class='ocrx_word' id='word_1_246' title='bbox 361 1115 415 1141; x_wconf 84' lang='grc' dir='ltr'>είσι</span> <span class='ocrx_word' id='word_1_247' title='bbox 439 1115 487 1150; x_wconf 85' lang='grc' dir='ltr'>τῆς</span> <span class='ocrx_word' id='word_1_248' title='bbox 509 1113 601 1141; x_wconf 83' lang='grc' dir='ltr'>αὐτῶν</span> <span class='ocrx_word' id='word_1_249' title='bbox 622 1113 780 1148; x_wconf 75' lang='grc' dir='ltr'>εὐνουχίας·</span> <span class='ocrx_word' id='word_1_250' title='bbox 797 1111 860 1138; x_wconf 76' lang='grc' dir='ltr'>οὔτε</span> <span class='ocrx_word' id='word_1_251' title='bbox 888 1111 942 1147; x_wconf 81' lang='grc' dir='ltr'>μὴν</span> 
     </span>
    </p>
   </div>
   <div class='ocr_carea' id='block_1_34' title="bbox 151 1155 941 1196">
    <p class='ocr_par' dir='ltr' id='par_1_34' title="bbox 151 1155 941 1196">
     <span class='ocr_line' id='line_1_34' title="bbox 151 1155 941 1196; baseline -0.006 -9"><span class='ocrx_word' id='word_1_252' title='bbox 151 1160 293 1196; x_wconf 54' lang='grc' dir='ltr'>ἁμαρτίαν»</span> <span class='ocrx_word' id='word_1_253' title='bbox 307 1159 422 1195; x_wconf 72' lang='grc' dir='ltr'>ἔχοντες,</span> <span class='ocrx_word' id='word_1_254' title='bbox 442 1159 486 1186; x_wconf 81' lang='grc' dir='ltr'>διὰ</span> <span class='ocrx_word' id='word_1_255' title='bbox 508 1158 539 1185; x_wconf 79' lang='grc' dir='ltr'>τὸ</span> <span class='ocrx_word' id='word_1_256' title='bbox 562 1157 648 1190; x_wconf 81' lang='grc' dir='ltr'>οὕτως</span> <span class='ocrx_word' id='word_1_257' title='bbox 670 1157 851 1193; x_wconf 72' lang='grc' dir='ltr'>γεγενῆσθαι·</span> <span class='ocrx_word' id='word_1_258' title='bbox 878 1155 941 1182; x_wconf 77' lang='grc' dir='ltr'>οὔτε</span> 
     </span>
    </p>
   </div>
   <div class='ocr_carea' id='block_1_35' title="bbox 153 1202 943 1240">
    <p class='ocr_par' dir='ltr' id='par_1_35' title="bbox 153 1202 943 1240">
     <span class='ocr_line' id='line_1_35' title="bbox 153 1202 943 1240; baseline -0.005 -8"><span class='ocrx_word' id='word_1_259' title='bbox 153 1205 234 1232; x_wconf 79' lang='grc' dir='ltr'>πάλιν</span> <span class='ocrx_word' id='word_1_260' title='bbox 246 1205 383 1240; x_wconf 83' lang='grc' dir='ltr'><strong>ἁμαρτίαν</strong></span> <span class='ocrx_word' id='word_1_261' title='bbox 398 1204 542 1240; x_wconf 85' lang='grc' dir='ltr'>δυνάμενοι</span> <span class='ocrx_word' id='word_1_262' title='bbox 559 1204 700 1239; x_wconf 82' lang='grc' dir='ltr'>πράττειν,</span> <span class='ocrx_word' id='word_1_263' title='bbox 714 1203 764 1238; x_wconf 80' lang='grc' dir='ltr'>τὴν</span> <span class='ocrx_word' id='word_1_264' title='bbox 778 1202 943 1237; x_wconf 76' lang='grc' dir='ltr'>ἀφροδισίων</span> 
     </span>
    </p>
   </div>
   <div class='ocr_carea' id='block_1_36' title="bbox 154 1248 943 1287">
    <p class='ocr_par' dir='ltr' id='par_1_36' title="bbox 154 1248 943 1287">
     <span class='ocr_line' id='line_1_36' title="bbox 154 1248 943 1287; baseline -0.004 -9"><span class='ocrx_word' id='word_1_265' title='bbox 154 1251 245 1287; x_wconf 79' lang='grc' dir='ltr'>φημί·</span> <span class='ocrx_word' id='word_1_266' title='bbox 269 1251 363 1286; x_wconf 69' lang='grc' dir='ltr'>ἐπειδὴ</span> <span class='ocrx_word' id='word_1_267' title='bbox 382 1251 420 1287; x_wconf 81' lang='grc' dir='ltr'><strong>μὴ</strong></span> <span class='ocrx_word' id='word_1_268' title='bbox 443 1250 549 1285; x_wconf 78' lang='grc' dir='ltr'>πέφυκε</span> <span class='ocrx_word' id='word_1_269' title='bbox 571 1250 664 1282; x_wconf 78' lang='grc' dir='ltr'>αὐτοῖς</span> <span class='ocrx_word' id='word_1_270' title='bbox 683 1249 720 1276; x_wconf 84' lang='grc' dir='ltr'><strong>τὰ</strong></span> <span class='ocrx_word' id='word_1_271' title='bbox 734 1248 880 1276; x_wconf 79' lang='grc' dir='ltr'>παιδοποιὰ</span> <span class='ocrx_word' id='word_1_272' title='bbox 894 1249 943 1284; x_wconf 77' lang='grc' dir='ltr'><strong>δρ-</strong></span> 
     </span>
    </p>
   </div>
   <div class='ocr_carea' id='block_1_37' title="bbox 154 1293 945 1331">
    <p class='ocr_par' dir='ltr' id='par_1_37' title="bbox 154 1293 945 1331">
     <span class='ocr_line' id='line_1_37' title="bbox 154 1293 945 1331; baseline -0.005 -8"><span class='ocrx_word' id='word_1_273' title='bbox 154 1305 236 1331; x_wconf 84' lang='grc' dir='ltr'>γανα,</span> <span class='ocrx_word' id='word_1_274' title='bbox 256 1296 292 1323; x_wconf 81' lang='grc' dir='ltr'><strong>τὰ</strong></span> <span class='ocrx_word' id='word_1_275' title='bbox 314 1297 348 1322; x_wconf 75' lang='grc' dir='ltr'><strong>ὲκ</strong></span> <span class='ocrx_word' id='word_1_276' title='bbox 367 1296 434 1323; x_wconf 77' lang='grc' dir='ltr'>Θεοῦ</span> <span class='ocrx_word' id='word_1_277' title='bbox 458 1295 635 1330; x_wconf 83' lang='grc' dir='ltr'>κεκτισμένα,</span> <span class='ocrx_word' id='word_1_278' title='bbox 664 1294 740 1321; x_wconf 81' lang='grc' dir='ltr'><strong>Ἀλλ’</strong></span> <span class='ocrx_word' id='word_1_279' title='bbox 762 1293 824 1321; x_wconf 77' lang='grc' dir='ltr'>οὔτε</span> <span class='ocrx_word' id='word_1_280' title='bbox 850 1293 945 1330; x_wconf 83' lang='grc' dir='ltr'>μισθὸν</span> 
     </span>
    </p>
   </div>
   <div class='ocr_carea' id='block_1_38' title="bbox 155 1339 946 1378">
    <p class='ocr_par' dir='ltr' id='par_1_38' title="bbox 155 1339 946 1378">
     <span class='ocr_line' id='line_1_38' title="bbox 155 1339 946 1378; baseline -0.003 -9"><span class='ocrx_word' id='word_1_281' title='bbox 155 1342 264 1378; x_wconf 81' lang='grc' dir='ltr'>ἔχουσιν</span> <span class='ocrx_word' id='word_1_282' title='bbox 277 1342 418 1377; x_wconf 86' lang='grc' dir='ltr'>εὐνουχίας</span> <span class='ocrx_word' id='word_1_283' title='bbox 432 1341 570 1377; x_wconf 77' lang='grc' dir='ltr'>βασιλείας</span> <span class='ocrx_word' id='word_1_284' title='bbox 580 1341 714 1377; x_wconf 76' lang='grc' dir='ltr'>οὐρανῶν,</span> <span class='ocrx_word' id='word_1_285' title='bbox 732 1340 777 1368; x_wconf 73' lang='grc' dir='ltr'><strong>διὰ</strong></span> <span class='ocrx_word' id='word_1_286' title='bbox 791 1340 821 1367; x_wconf 76' lang='grc' dir='ltr'>τὸ</span> <span class='ocrx_word' id='word_1_287' title='bbox 839 1339 946 1375; x_wconf 83' lang='grc' dir='ltr'>ἀγῶνος</span> 
     </span>
    </p>
   </div>
   <div class='ocr_carea' id='block_1_39' title="bbox 157 1386 947 1425">
    <p class='ocr_par' dir='ltr' id='par_1_39' title="bbox 157 1386 947 1425">
     <span class='ocr_line' id='line_1_39' title="bbox 157 1386 947 1425; baseline -0.003 -10"><span class='ocrx_word' id='word_1_288' title='bbox 157 1388 382 1425; x_wconf 74' lang='grc' dir='ltr'>μὴ’μεμυῆσθαι</span> <span class='ocrx_word' id='word_1_289' title='bbox 396 1390 418 1415; x_wconf 79' lang='grc'><strong>³.</strong></span> <span class='ocrx_word' id='word_1_290' title='bbox 438 1389 472 1417; x_wconf 78' lang='lat' dir='ltr'><strong>El</strong></span> <span class='ocrx_word' id='word_1_291' title='bbox 493 1388 522 1415; x_wconf 79' lang='grc' dir='ltr'><strong>δὲ</strong></span> <span class='ocrx_word' id='word_1_292' title='bbox 545 1388 593 1415; x_wconf 77' lang='grc' dir='ltr'><strong>καὶ</strong></span> <span class='ocrx_word' id='word_1_293' title='bbox 614 1386 765 1422; x_wconf 75' lang='grc' dir='ltr'>ἐπιθυμιῶν</span> <span class='ocrx_word' id='word_1_294' title='bbox 792 1386 947 1422; x_wconf 81' lang='grc' dir='ltr'>μεμύηνται</span> 
     </span>
    </p>
   </div>
   <div class='ocr_carea' id='block_1_40' title="bbox 156 1431 948 1470">
    <p class='ocr_par' dir='ltr' id='par_1_40' title="bbox 156 1431 948 1470">
     <span class='ocr_line' id='line_1_40' title="bbox 156 1431 948 1470; baseline -0.003 -9"><span class='ocrx_word' id='word_1_295' title='bbox 156 1436 182 1461; x_wconf 79' lang='grc' dir='ltr'>οἱ</span> <span class='ocrx_word' id='word_1_296' title='bbox 201 1433 326 1468; x_wconf 77' lang='grc' dir='ltr'>τοιοῦτοι,</span> <span class='ocrx_word' id='word_1_297' title='bbox 345 1434 383 1470; x_wconf 79' lang='grc' dir='ltr'><strong>μὴ</strong></span> <span class='ocrx_word' id='word_1_298' title='bbox 400 1434 545 1469; x_wconf 77' lang='grc' dir='ltr'>δυνάμενοι</span> <span class='ocrx_word' id='word_1_299' title='bbox 565 1433 706 1469; x_wconf 81' lang='grc' dir='ltr'>πράττειν,</span> <span class='ocrx_word' id='word_1_300' title='bbox 732 1432 780 1460; x_wconf 78' lang='grc' dir='ltr'><strong>καὶ</strong></span> <span class='ocrx_word' id='word_1_301' title='bbox 803 1431 842 1468; x_wconf 85' lang='grc' dir='ltr'>μὴ</span> <span class='ocrx_word' id='word_1_302' title='bbox 860 1432 948 1468; x_wconf 82' lang='grc' dir='ltr'>πράτ-</span> 
     </span>
    </p>
   </div>
   <div class='ocr_carea' id='block_1_41' title="bbox 157 1477 948 1516">
    <p class='ocr_par' dir='ltr' id='par_1_41' title="bbox 157 1477 948 1516">
     <span class='ocr_line' id='line_1_41' title="bbox 157 1477 948 1516; baseline -0.003 -10"><span class='ocrx_word' id='word_1_303' title='bbox 157 1489 261 1512; x_wconf 78' lang='grc' dir='ltr'>τοντες,</span> <span class='ocrx_word' id='word_1_304' title='bbox 280 1480 376 1516; x_wconf 80' lang='grc' dir='ltr'>μισθὸν</span> <span class='ocrx_word' id='word_1_305' title='bbox 390 1480 440 1506; x_wconf 84' lang='grc' dir='ltr'>οὐκ</span> <span class='ocrx_word' id='word_1_306' title='bbox 455 1479 571 1515; x_wconf 73' lang='grc' dir='ltr'>ἔχουσιν.</span> <span class='ocrx_word' id='word_1_307' title='bbox 588 1479 627 1506; x_wconf 89' lang='grc' dir='ltr'><strong>οὺ</strong></span> <span class='ocrx_word' id='word_1_308' title='bbox 648 1478 704 1514; x_wconf 82' lang='grc' dir='ltr'><strong>γὰρ</strong></span> <span class='ocrx_word' id='word_1_309' title='bbox 720 1478 766 1505; x_wconf 80' lang='grc' dir='ltr'><strong>διὰ</strong></span> <span class='ocrx_word' id='word_1_310' title='bbox 780 1477 812 1505; x_wconf 83' lang='grc' dir='ltr'>τὸ</span> <span class='ocrx_word' id='word_1_311' title='bbox 821 1477 863 1514; x_wconf 68' lang='grc' dir='ltr'><strong>«μὴ</strong></span> <span class='ocrx_word' id='word_1_312' title='bbox 887 1477 948 1513; x_wconf 87' lang='grc' dir='ltr'><strong>βού-</strong></span> 
     </span>
    </p>
   </div>
   <div class='ocr_carea' id='block_1_42' title="bbox 158 1523 950 1562">
    <p class='ocr_par' dir='ltr' id='par_1_42' title="bbox 158 1523 950 1562">
     <span class='ocr_line' id='line_1_42' title="bbox 158 1523 950 1562; baseline -0.003 -10"><span class='ocrx_word' id='word_1_313' title='bbox 158 1526 263 1558; x_wconf 83' lang='grc' dir='ltr'>λεσθαι,</span> <span class='ocrx_word' id='word_1_314' title='bbox 286 1526 316 1552; x_wconf 82' lang='grc' dir='ltr'>τὸ</span> <span class='ocrx_word' id='word_1_315' title='bbox 332 1526 413 1562; x_wconf 75' lang='grc' dir='ltr'>ἔργον</span> <span class='ocrx_word' id='word_1_316' title='bbox 438 1526 503 1561; x_wconf 81' lang='grc' dir='ltr'>παρ’</span> <span class='ocrx_word' id='word_1_317' title='bbox 522 1525 614 1557; x_wconf 85' lang='grc' dir='ltr'>αὐτοῖς</span> <span class='ocrx_word' id='word_1_318' title='bbox 635 1525 666 1553; x_wconf 83' lang='grc' dir='ltr'><strong>οὐ</strong></span> <span class='ocrx_word' id='word_1_319' title='bbox 683 1525 858 1559; x_wconf 84' lang='grc' dir='ltr'>πέπρακται,</span> <span class='ocrx_word' id='word_1_320' title='bbox 881 1523 950 1551; x_wconf 80' lang='grc' dir='ltr'><strong>ἀλλὰ</strong></span> 
     </span>
    </p>
   </div>
   <div class='ocr_carea' id='block_1_43' title="bbox 158 1568 951 1607">
    <p class='ocr_par' dir='ltr' id='par_1_43' title="bbox 158 1568 951 1607">
     <span class='ocr_line' id='line_1_43' title="bbox 158 1568 951 1607; baseline -0.005 -8"><span class='ocrx_word' id='word_1_321' title='bbox 158 1572 205 1599; x_wconf 80' lang='grc' dir='ltr'>διὰ</span> <span class='ocrx_word' id='word_1_322' title='bbox 227 1572 258 1598; x_wconf 75' lang='grc' dir='ltr'>τὸ</span> <span class='ocrx_word' id='word_1_323' title='bbox 281 1571 319 1607; x_wconf 83' lang='grc' dir='ltr'>μὴ</span> <span class='ocrx_word' id='word_1_324' title='bbox 342 1571 482 1598; x_wconf 82' lang='grc' dir='ltr'>δύνασθαι.</span> <span class='ocrx_word' id='word_1_325' title='bbox 504 1571 560 1599; x_wconf 78' lang='grc' dir='ltr'><strong>Καὶ</strong></span> <span class='ocrx_word' id='word_1_326' title='bbox 581 1570 651 1605; x_wconf 80' lang='grc' dir='ltr'>αὕτη</span> <span class='ocrx_word' id='word_1_327' title='bbox 671 1569 722 1605; x_wconf 78' lang='grc' dir='ltr'>μὲν</span> <span class='ocrx_word' id='word_1_328' title='bbox 739 1570 757 1605; x_wconf 79' lang='grc' dir='ltr'><strong>ἡ</strong></span> <span class='ocrx_word' id='word_1_329' title='bbox 778 1569 875 1604; x_wconf 85' lang='grc' dir='ltr'>ἀγωγὴ</span> <span class='ocrx_word' id='word_1_330' title='bbox 899 1568 951 1603; x_wconf 83' lang='grc' dir='ltr'>τῆς</span> 
     </span>
    </p>
   </div>
   <div class='ocr_carea' id='block_1_44' title="bbox 161 1613 952 1655">
    <p class='ocr_par' dir='ltr' id='par_1_44' title="bbox 161 1613 952 1655">
     <span class='ocr_line' id='line_1_44' title="bbox 161 1613 952 1655; baseline -0.006 -9"><span class='ocrx_word' id='word_1_331' title='bbox 161 1619 273 1655; x_wconf 81' lang='grc' dir='ltr'><strong>πρώτης</strong></span> <span class='ocrx_word' id='word_1_332' title='bbox 289 1619 342 1645; x_wconf 81' lang='grc' dir='ltr'><strong>ὐπὸ</strong></span> <span class='ocrx_word' id='word_1_333' title='bbox 363 1618 466 1654; x_wconf 79' lang='grc' dir='ltr'><strong>Κυρίου</strong></span> <span class='ocrx_word' id='word_1_334' title='bbox 491 1617 639 1653; x_wconf 83' lang='grc' dir='ltr'>εἰρημένης</span> <span class='ocrx_word' id='word_1_335' title='bbox 662 1615 813 1650; x_wconf 81' lang='grc' dir='ltr'>εὐνουχίας,</span> <span class='ocrx_word' id='word_1_336' title='bbox 837 1614 886 1650; x_wconf 82' lang='grc' dir='ltr'>τῆς</span> <span class='ocrx_word' id='word_1_337' title='bbox 906 1613 952 1641; x_wconf 77' lang='grc' dir='ltr'>διὰ</span> 
     </span>
    </p>
   </div>
   <div class='ocr_carea' id='block_1_45' title="bbox 161 1657 950 1701">
    <p class='ocr_par' dir='ltr' id='par_1_45' title="bbox 161 1657 950 1701">
     <span class='ocr_line' id='line_1_45' title="bbox 161 1657 950 1701; baseline -0.005 -9"><span class='ocrx_word' id='word_1_338' title='bbox 161 1665 216 1696; x_wconf 71' lang='grc' dir='ltr'>τῶν</span> <span class='ocrx_word' id='word_1_339' title='bbox 240 1665 367 1701; x_wconf 82' lang='grc' dir='ltr'>μητέρων</span> <span class='ocrx_word' id='word_1_340' title='bbox 380 1663 564 1699; x_wconf 83' lang='grc' dir='ltr'>γεννωμένης,</span> <span class='ocrx_word' id='word_1_341' title='bbox 579 1662 610 1697; x_wconf 78' lang='grc' dir='ltr'>ἐξ</span> <span class='ocrx_word' id='word_1_342' title='bbox 624 1659 661 1691; x_wconf 80' lang='grc' dir='ltr'><strong>ὧν</strong></span> <span class='ocrx_word' id='word_1_343' title='bbox 680 1663 711 1689; x_wconf 87' lang='grc' dir='ltr'>οὺ</span> <span class='ocrx_word' id='word_1_344' title='bbox 733 1661 862 1690; x_wconf 79' lang='grc' dir='ltr'>δύνανται</span> <span class='ocrx_word' id='word_1_345' title='bbox 876 1657 950 1688; x_wconf 66' lang='grc' dir='ltr'>οὗτοι</span> 
     </span>
    </p>
   </div>
   <div class='ocr_carea' id='block_1_46' title="bbox 162 1712 308 1748">
    <p class='ocr_par' dir='ltr' id='par_1_46' title="bbox 162 1712 308 1748">
     <span class='ocr_line' id='line_1_46' title="bbox 162 1712 308 1748; baseline -0.007 -8"><span class='ocrx_word' id='word_1_346' title='bbox 162 1712 308 1748; x_wconf 82' lang='grc' dir='ltr'>ὑπάρχειν.</span> 
     </span>
    </p>
   </div>
   <div class='ocr_carea' id='block_1_47' title="bbox 1022 681 1772 733">
    <p class='ocr_par' dir='ltr' id='par_1_47' title="bbox 1022 681 1772 733">
     <span class='ocr_line' id='line_1_47' title="bbox 1022 681 1772 733; baseline -0.019 -5"><span class='ocrx_word' id='word_1_347' title='bbox 1022 700 1066 728; x_wconf 92' lang='lat' dir='ltr'><strong>Ill.</strong></span> <span class='ocrx_word' id='word_1_348' title='bbox 1086 681 1186 727; x_wconf 49' lang='lat' dir='ltr'><strong>Veru-tn</strong></span> <span class='ocrx_word' id='word_1_349' title='bbox 1200 697 1358 733; x_wconf 84' lang='lat' dir='ltr'><strong>quicunque</strong></span> <span class='ocrx_word' id='word_1_350' title='bbox 1377 695 1412 722; x_wconf 84' lang='lat' dir='ltr'><strong>ad</strong></span> <span class='ocrx_word' id='word_1_351' title='bbox 1428 693 1482 721; x_wconf 89' lang='lat' dir='ltr'><strong>hoc</strong></span> <span class='ocrx_word' id='word_1_352' title='bbox 1499 689 1711 728; x_wconf 79' lang='lat' dir='ltr'><strong>perpetrandum</strong></span> <span class='ocrx_word' id='word_1_353' title='bbox 1729 681 1772 716; x_wconf 76' lang='lat' dir='ltr'><strong>fa-</strong></span> 
     </span>
    </p>
   </div>
   <div class='ocr_carea' id='block_1_48' title="bbox 985 736 1774 782">
    <p class='ocr_par' dir='ltr' id='par_1_48' title="bbox 985 736 1774 782">
     <span class='ocr_line' id='line_1_48' title="bbox 985 736 1774 782; baseline -0.016 -7"><span class='ocrx_word' id='word_1_354' title='bbox 985 748 1065 775; x_wconf 91' lang='lat' dir='ltr'><strong>cinus</strong></span> <span class='ocrx_word' id='word_1_355' title='bbox 1085 744 1203 782; x_wconf 76' lang='lat' dir='ltr'><strong>prorupti</strong></span> <span class='ocrx_word' id='word_1_356' title='bbox 1231 747 1296 771; x_wconf 88' lang='lat' dir='ltr'><strong>sunt</strong></span> <span class='ocrx_word' id='word_1_357' title='bbox 1321 748 1348 771; x_wconf 89' lang='lat' dir='ltr'><strong>et</strong></span> <span class='ocrx_word' id='word_1_358' title='bbox 1369 741 1497 773; x_wconf 87' lang='lat' dir='ltr'><strong>audaces,</strong></span> <span class='ocrx_word' id='word_1_359' title='bbox 1520 739 1555 766; x_wconf 89' lang='lat' dir='ltr'><strong>ah</strong></span> <span class='ocrx_word' id='word_1_360' title='bbox 1577 736 1651 765; x_wconf 92' lang='lat' dir='ltr'><strong>omni</strong></span> <span class='ocrx_word' id='word_1_361' title='bbox 1673 742 1774 771; x_wconf 74' lang='lat' dir='ltr'><strong>genere</strong></span> 
     </span>
    </p>
   </div>
   <div class='ocr_carea' id='block_1_49' title="bbox 987 781 1775 822">
    <p class='ocr_par' dir='ltr' id='par_1_49' title="bbox 987 781 1775 822">
     <span class='ocr_line' id='line_1_49' title="bbox 987 781 1775 822; baseline -0.018 -2"><span class='ocrx_word' id='word_1_362' title='bbox 987 781 1129 820; x_wconf 82' lang='lat' dir='ltr'><strong>hominum</strong></span> <span class='ocrx_word' id='word_1_363' title='bbox 1143 790 1248 817; x_wconf 88' lang='lat' dir='ltr'><strong>alienos</strong></span> <span class='ocrx_word' id='word_1_364' title='bbox 1260 796 1290 817; x_wconf 88' lang='lat' dir='ltr'><strong>se</strong></span> <span class='ocrx_word' id='word_1_365' title='bbox 1302 792 1481 822; x_wconf 80' lang='lat' dir='ltr'><strong>extorresque</strong></span> <span class='ocrx_word' id='word_1_366' title='bbox 1498 785 1632 813; x_wconf 77' lang='lat' dir='ltr'><strong>fecerunt.</strong></span> <span class='ocrx_word' id='word_1_367' title='bbox 1647 781 1714 809; x_wconf 81' lang='lat' dir='ltr'><strong>Nam</strong></span> <span class='ocrx_word' id='word_1_368' title='bbox 1726 789 1775 808; x_wconf 84' lang='lat' dir='ltr'><strong>nc-</strong></span> 
     </span>
    </p>
   </div>
   <div class='ocr_carea' id='block_1_50' title="bbox 988 826 1776 874">
    <p class='ocr_par' dir='ltr' id='par_1_50' title="bbox 988 826 1776 874">
     <span class='ocr_line' id='line_1_50' title="bbox 988 826 1776 874; baseline -0.018 -8"><span class='ocrx_word' id='word_1_369' title='bbox 988 846 1042 874; x_wconf 92' lang='lat' dir='ltr'><strong>que</strong></span> <span class='ocrx_word' id='word_1_370' title='bbox 1064 837 1114 865; x_wconf 84' lang='lat' dir='ltr'><strong>viri</strong></span> <span class='ocrx_word' id='word_1_371' title='bbox 1134 839 1209 868; x_wconf 84' lang='lat' dir='ltr'><strong>sunt.</strong></span> <span class='ocrx_word' id='word_1_372' title='bbox 1227 840 1337 871; x_wconf 89' lang='lat' dir='ltr'><strong>propter</strong></span> <span class='ocrx_word' id='word_1_373' title='bbox 1359 835 1529 867; x_wconf 77' lang='lat' dir='ltr'><strong>aii-putatam</strong></span> <span class='ocrx_word' id='word_1_374' title='bbox 1556 829 1630 857; x_wconf 90' lang='lat' dir='ltr'><strong>illam</strong></span> <span class='ocrx_word' id='word_1_375' title='bbox 1650 826 1776 862; x_wconf 83' lang='lat' dir='ltr'><strong>corporis</strong></span> 
     </span>
    </p>
   </div>
   <div class='ocr_carea' id='block_1_51' title="bbox 990 871 1774 921">
    <p class='ocr_par' dir='ltr' id='par_1_51' title="bbox 990 871 1774 921">
     <span class='ocr_line' id='line_1_51' title="bbox 990 871 1774 921; baseline -0.017 -9"><span class='ocrx_word' id='word_1_376' title='bbox 990 871 1114 921; x_wconf 76' lang='lat' dir='ltr'><strong>partem;</strong></span> <span class='ocrx_word' id='word_1_377' title='bbox 1132 890 1222 918; x_wconf 86' lang='lat' dir='ltr'><strong>neque</strong></span> <span class='ocrx_word' id='word_1_378' title='bbox 1245 881 1364 912; x_wconf 64' lang='lat' dir='ltr'><strong>feminae.</strong></span> <span class='ocrx_word' id='word_1_379' title='bbox 1384 880 1555 914; x_wconf 74' lang='lat' dir='ltr'><strong>repugnante</strong></span> <span class='ocrx_word' id='word_1_380' title='bbox 1576 874 1681 903; x_wconf 77' lang='lat' dir='ltr'><strong>scilicet</strong></span> <span class='ocrx_word' id='word_1_381' title='bbox 1693 871 1774 908; x_wconf 59' lang='lat'><strong>5,9],</strong></span> 
     </span>
    </p>
   </div>
   <div class='ocr_carea' id='block_1_52' title="bbox 989 920 1777 962">
    <p class='ocr_par' dir='ltr' id='par_1_52' title="bbox 989 920 1777 962">
     <span class='ocr_line' id='line_1_52' title="bbox 989 920 1777 962; baseline -0.016 -3"><span class='ocrx_word' id='word_1_382' title='bbox 989 920 1095 960; x_wconf 65' lang='lat' dir='ltr'><strong>naturae</strong></span> <span class='ocrx_word' id='word_1_383' title='bbox 1107 929 1276 962; x_wconf 86' lang='lat' dir='ltr'><strong>conditione,</strong></span> <span class='ocrx_word' id='word_1_384' title='bbox 1292 935 1354 956; x_wconf 87' lang='lat' dir='ltr'><strong>esse</strong></span> <span class='ocrx_word' id='word_1_385' title='bbox 1370 929 1497 962; x_wconf 89' lang='lat' dir='ltr'><strong>possunt.</strong></span> <span class='ocrx_word' id='word_1_386' title='bbox 1514 922 1567 951; x_wconf 86' lang='lat' dir='ltr'><strong>Sed</strong></span> <span class='ocrx_word' id='word_1_387' title='bbox 1578 926 1606 951; x_wconf 90' lang='lat' dir='ltr'><strong>et</strong></span> <span class='ocrx_word' id='word_1_388' title='bbox 1620 920 1777 949; x_wconf 79' lang='lat' dir='ltr'><strong>istiusmodi</strong></span> 
     </span>
    </p>
   </div>
   <div class='ocr_carea' id='block_1_53' title="bbox 989 963 1777 1007">
    <p class='ocr_par' dir='ltr' id='par_1_53' title="bbox 989 963 1777 1007">
     <span class='ocr_line' id='line_1_53' title="bbox 989 963 1777 1007; baseline -0.02 -2"><span class='ocrx_word' id='word_1_389' title='bbox 989 975 1149 1005; x_wconf 84' lang='lat' dir='ltr'><strong>certaminis</strong></span> <span class='ocrx_word' id='word_1_390' title='bbox 1165 980 1267 1002; x_wconf 87' lang='lat' dir='ltr'><strong>corona</strong></span> <span class='ocrx_word' id='word_1_391' title='bbox 1290 979 1322 999; x_wconf 88' lang='lat' dir='ltr'><strong>ac</strong></span> <span class='ocrx_word' id='word_1_392' title='bbox 1346 970 1485 1007; x_wconf 73' lang='lat' dir='ltr'><strong>pnemium</strong></span> <span class='ocrx_word' id='word_1_393' title='bbox 1506 965 1688 1003; x_wconf 89' lang='lat' dir='ltr'><strong>appellatione</strong></span> <span class='ocrx_word' id='word_1_394' title='bbox 1701 963 1777 991; x_wconf 89' lang='lat' dir='ltr'><strong>nulla</strong></span> 
     </span>
    </p>
   </div>
   <div class='ocr_carea' id='block_1_54' title="bbox 990 1011 1778 1057">
    <p class='ocr_par' dir='ltr' id='par_1_54' title="bbox 990 1011 1778 1057">
     <span class='ocr_line' id='line_1_54' title="bbox 990 1011 1778 1057; baseline -0.02 -6"><span class='ocrx_word' id='word_1_395' title='bbox 990 1022 1099 1057; x_wconf 86' lang='lat' dir='ltr'><strong>concipi</strong></span> <span class='ocrx_word' id='word_1_396' title='bbox 1118 1023 1219 1056; x_wconf 86' lang='lat' dir='ltr'><strong>potest.</strong></span> <span class='ocrx_word' id='word_1_397' title='bbox 1236 1017 1377 1054; x_wconf 88' lang='lat' dir='ltr'><strong>Siquidem</strong></span> <span class='ocrx_word' id='word_1_398' title='bbox 1392 1024 1427 1044; x_wconf 82' lang='lat' dir='ltr'><strong>ex</strong></span> <span class='ocrx_word' id='word_1_399' title='bbox 1449 1014 1539 1042; x_wconf 90' lang='lat' dir='ltr'><strong>tribus</strong></span> <span class='ocrx_word' id='word_1_400' title='bbox 1555 1011 1707 1048; x_wconf 89' lang='lat' dir='ltr'><strong>spadonqu</strong></span> <span class='ocrx_word' id='word_1_401' title='bbox 1729 1016 1778 1036; x_wconf 86' lang='lat' dir='ltr'><strong>or-</strong></span> 
     </span>
    </p>
   </div>
   <div class='ocr_carea' id='block_1_55' title="bbox 991 1056 1778 1103">
    <p class='ocr_par' dir='ltr' id='par_1_55' title="bbox 991 1056 1778 1103">
     <span class='ocr_line' id='line_1_55' title="bbox 991 1056 1778 1103; baseline -0.022 -6"><span class='ocrx_word' id='word_1_402' title='bbox 991 1056 1114 1100; x_wconf 81' lang='lat' dir='ltr'><strong>dinibus,</strong></span> <span class='ocrx_word' id='word_1_403' title='bbox 1130 1073 1200 1103; x_wconf 90' lang='lat' dir='ltr'><strong>quos</strong></span> <span class='ocrx_word' id='word_1_404' title='bbox 1219 1064 1352 1093; x_wconf 85' lang='lat' dir='ltr'><strong>Dominus</strong></span> <span class='ocrx_word' id='word_1_405' title='bbox 1366 1060 1518 1093; x_wconf 86' lang='lat' dir='ltr'><strong>recensuit,</strong></span> <span class='ocrx_word' id='word_1_406' title='bbox 1539 1057 1572 1086; x_wconf 91' lang='lat' dir='ltr'><strong>ad</strong></span> <span class='ocrx_word' id='word_1_407' title='bbox 1590 1056 1695 1084; x_wconf 90' lang='lat' dir='ltr'><strong>nullum</strong></span> <span class='ocrx_word' id='word_1_408' title='bbox 1718 1061 1778 1082; x_wconf 90' lang='lat' dir='ltr'><strong>om-</strong></span> 
     </span>
    </p>
   </div>
   <div class='ocr_carea' id='block_1_56' title="bbox 992 1099 1780 1147">
    <p class='ocr_par' dir='ltr' id='par_1_56' title="bbox 992 1099 1780 1147">
     <span class='ocr_line' id='line_1_56' title="bbox 992 1099 1780 1147; baseline -0.022 -4"><span class='ocrx_word' id='word_1_409' title='bbox 992 1115 1058 1143; x_wconf 84' lang='lat' dir='ltr'><strong>nino</strong></span> <span class='ocrx_word' id='word_1_410' title='bbox 1069 1112 1193 1141; x_wconf 85' lang='lat' dir='ltr'><strong>revocari</strong></span> <span class='ocrx_word' id='word_1_411' title='bbox 1210 1112 1336 1147; x_wconf 86' lang='lat' dir='ltr'><strong>possunt.</strong></span> <span class='ocrx_word' id='word_1_412' title='bbox 1355 1107 1423 1135; x_wconf 83' lang='lat' dir='ltr'><strong>Sunt</strong></span> <span class='ocrx_word' id='word_1_413' title='bbox 1437 1107 1518 1139; x_wconf 81' lang='lat' dir='ltr'><strong>enim,</strong></span> <span class='ocrx_word' id='word_1_414' title='bbox 1537 1102 1638 1139; x_wconf 84' lang='lat' dir='ltr'><strong>inquit,</strong></span> <span class='ocrx_word' id='word_1_415' title='bbox 1655 1099 1780 1132; x_wconf 79' lang='lat' dir='ltr'><strong>eunuchi,</strong></span> 
     </span>
    </p>
   </div>
   <div class='ocr_carea' id='block_1_57' title="bbox 993 1147 1781 1197">
    <p class='ocr_par' dir='ltr' id='par_1_57' title="bbox 993 1147 1781 1197">
     <span class='ocr_line' id='line_1_57' title="bbox 993 1147 1781 1197; baseline -0.022 -8"><span class='ocrx_word' id='word_1_416' title='bbox 993 1162 1037 1197; x_wconf 77' lang='lat' dir='ltr'><strong>qui</strong></span> <span class='ocrx_word' id='word_1_417' title='bbox 1048 1169 1080 1188; x_wconf 78' lang='lat' dir='ltr'><strong>ea:</strong></span> <span class='ocrx_word' id='word_1_418' title='bbox 1092 1163 1179 1187; x_wconf 78' lang='lat' dir='ltr'><strong>ventre</strong></span> <span class='ocrx_word' id='word_1_419' title='bbox 1192 1157 1287 1185; x_wconf 70' lang='lat' dir='ltr'><strong>matris</strong></span> <span class='ocrx_word' id='word_1_420' title='bbox 1300 1163 1355 1183; x_wconf 69' lang='lat' dir='ltr'><strong>sua:</strong></span> <span class='ocrx_word' id='word_1_421' title='bbox 1365 1153 1423 1182; x_wconf 84' lang='lat' dir='ltr'><strong>nati</strong></span> <span class='ocrx_word' id='word_1_422' title='bbox 1434 1156 1496 1180; x_wconf 73' lang='lat' dir='ltr'><strong>sunt</strong></span> <span class='ocrx_word' id='word_1_423' title='bbox 1508 1151 1530 1178; x_wconf 91' lang='grc'><strong><em>³.</em></strong></span> <span class='ocrx_word' id='word_1_424' title='bbox 1544 1149 1585 1177; x_wconf 94' lang='lat' dir='ltr'><strong>Illi</strong></span> <span class='ocrx_word' id='word_1_425' title='bbox 1599 1155 1664 1177; x_wconf 88' lang='lat' dir='ltr'><strong>vero</strong></span> <span class='ocrx_word' id='word_1_426' title='bbox 1678 1147 1781 1175; x_wconf 89' lang='lat' dir='ltr'><strong>nullant</strong></span> 
     </span>
    </p>
   </div>
   <div class='ocr_carea' id='block_1_58' title="bbox 993 1193 1783 1238">
    <p class='ocr_par' dir='ltr' id='par_1_58' title="bbox 993 1193 1783 1238">
     <span class='ocr_line' id='line_1_58' title="bbox 993 1193 1783 1238; baseline -0.02 -3"><span class='ocrx_word' id='word_1_427' title='bbox 993 1206 1172 1236; x_wconf 86' lang='lat' dir='ltr'><strong>castrationis</strong></span> <span class='ocrx_word' id='word_1_428' title='bbox 1187 1211 1244 1233; x_wconf 59' lang='lat' dir='ltr'><strong>suae</strong></span> <span class='ocrx_word' id='word_1_429' title='bbox 1261 1202 1370 1238; x_wconf 88' lang='lat' dir='ltr'><strong>culpam</strong></span> <span class='ocrx_word' id='word_1_430' title='bbox 1390 1199 1546 1231; x_wconf 84' lang='lat' dir='ltr'><strong>sustinent;</strong></span> <span class='ocrx_word' id='word_1_431' title='bbox 1564 1202 1653 1231; x_wconf 88' lang='lat' dir='ltr'><strong>neque</strong></span> <span class='ocrx_word' id='word_1_432' title='bbox 1673 1193 1731 1222; x_wconf 93' lang='lat' dir='ltr'><strong>ullo</strong></span> <span class='ocrx_word' id='word_1_433' title='bbox 1752 1199 1783 1219; x_wconf 86' lang='lat' dir='ltr'><strong>se</strong></span> 
     </span>
    </p>
   </div>
   <div class='ocr_carea' id='block_1_59' title="bbox 995 1238 1784 1282">
    <p class='ocr_par' dir='ltr' id='par_1_59' title="bbox 995 1238 1784 1282">
     <span class='ocr_line' id='line_1_59' title="bbox 995 1238 1784 1282; baseline -0.023 0"><span class='ocrx_word' id='word_1_434' title='bbox 995 1254 1097 1282; x_wconf 81' lang='lat' dir='ltr'><strong>scelere</strong></span> <span class='ocrx_word' id='word_1_435' title='bbox 1109 1251 1326 1280; x_wconf 80' lang='lat' dir='ltr'><strong>obstrinxerunt,</strong></span> <span class='ocrx_word' id='word_1_436' title='bbox 1349 1254 1383 1275; x_wconf 88' lang='lat' dir='ltr'><strong>eo</strong></span> <span class='ocrx_word' id='word_1_437' title='bbox 1394 1244 1467 1282; x_wconf 90' lang='lat' dir='ltr'><strong>quod</strong></span> <span class='ocrx_word' id='word_1_438' title='bbox 1483 1244 1521 1271; x_wconf 86' lang='lat' dir='ltr'><strong>ita</strong></span> <span class='ocrx_word' id='word_1_439' title='bbox 1532 1242 1560 1270; x_wconf 91' lang='lat' dir='ltr'><strong>in</strong></span> <span class='ocrx_word' id='word_1_440' title='bbox 1574 1242 1663 1269; x_wconf 88' lang='lat' dir='ltr'><strong>lucem</strong></span> <span class='ocrx_word' id='word_1_441' title='bbox 1670 1238 1784 1274; x_wconf 83' lang='lat' dir='ltr'><strong>prodie-</strong></span> 
     </span>
    </p>
   </div>
   <div class='ocr_carea' id='block_1_60' title="bbox 995 1287 1783 1331">
    <p class='ocr_par' dir='ltr' id='par_1_60' title="bbox 995 1287 1783 1331">
     <span class='ocr_line' id='line_1_60' title="bbox 995 1287 1783 1331; baseline -0.023 -3"><span class='ocrx_word' id='word_1_442' title='bbox 995 1301 1061 1328; x_wconf 90' lang='lat' dir='ltr'><strong>rint.</strong></span> <span class='ocrx_word' id='word_1_443' title='bbox 1083 1298 1137 1326; x_wconf 86' lang='lat' dir='ltr'><strong>Sed</strong></span> <span class='ocrx_word' id='word_1_444' title='bbox 1159 1304 1248 1331; x_wconf 89' lang='lat' dir='ltr'><strong>neque</strong></span> <span class='ocrx_word' id='word_1_445' title='bbox 1272 1297 1419 1330; x_wconf 90' lang='lat' dir='ltr'><strong>peccatum</strong></span> <span class='ocrx_word' id='word_1_446' title='bbox 1444 1290 1530 1318; x_wconf 89' lang='lat' dir='ltr'><strong>ullum</strong></span> <span class='ocrx_word' id='word_1_447' title='bbox 1555 1287 1702 1316; x_wconf 86' lang='lat' dir='ltr'><strong>admittere</strong></span> <span class='ocrx_word' id='word_1_448' title='bbox 1720 1291 1783 1320; x_wconf 87' lang='lat' dir='ltr'><strong>pos-</strong></span> 
     </span>
    </p>
   </div>
   <div class='ocr_carea' id='block_1_61' title="bbox 997 1332 1785 1379">
    <p class='ocr_par' dir='ltr' id='par_1_61' title="bbox 997 1332 1785 1379">
     <span class='ocr_line' id='line_1_61' title="bbox 997 1332 1785 1379; baseline -0.023 -5"><span class='ocrx_word' id='word_1_449' title='bbox 997 1348 1072 1377; x_wconf 82' lang='lat' dir='ltr'><strong>sunt,</strong></span> <span class='ocrx_word' id='word_1_450' title='bbox 1091 1343 1165 1379; x_wconf 88' lang='lat' dir='ltr'><strong>quod</strong></span> <span class='ocrx_word' id='word_1_451' title='bbox 1179 1342 1215 1370; x_wconf 90' lang='lat' dir='ltr'><strong>ad</strong></span> <span class='ocrx_word' id='word_1_452' title='bbox 1228 1348 1286 1369; x_wconf 90' lang='lat' dir='ltr'><strong>rem</strong></span> <span class='ocrx_word' id='word_1_453' title='bbox 1301 1339 1411 1375; x_wconf 83' lang='lat' dir='ltr'><strong>quidem</strong></span> <span class='ocrx_word' id='word_1_454' title='bbox 1424 1341 1570 1364; x_wconf 82' lang='lat' dir='ltr'><strong>veneream</strong></span> <span class='ocrx_word' id='word_1_455' title='bbox 1590 1332 1706 1364; x_wconf 86' lang='lat' dir='ltr'><strong>attinet;</strong></span> <span class='ocrx_word' id='word_1_456' title='bbox 1721 1337 1785 1358; x_wconf 92' lang='lat' dir='ltr'><strong>cum</strong></span> 
     </span>
    </p>
   </div>
   <div class='ocr_carea' id='block_1_62' title="bbox 997 1376 1787 1419">
    <p class='ocr_par' dir='ltr' id='par_1_62' title="bbox 997 1376 1787 1419">
     <span class='ocr_line' id='line_1_62' title="bbox 997 1376 1787 1419; baseline -0.022 0"><span class='ocrx_word' id='word_1_457' title='bbox 997 1376 1129 1419; x_wconf 47' lang='lat' dir='ltr'><strong>membr-is</strong></span> <span class='ocrx_word' id='word_1_458' title='bbox 1146 1388 1201 1416; x_wconf 86' lang='lat' dir='ltr'><strong>illis</strong></span> <span class='ocrx_word' id='word_1_459' title='bbox 1221 1390 1344 1416; x_wconf 86' lang='lat' dir='ltr'><strong>careant.</strong></span> <span class='ocrx_word' id='word_1_460' title='bbox 1360 1390 1422 1419; x_wconf 72' lang='lat' dir='ltr'><strong>quae</strong></span> <span class='ocrx_word' id='word_1_461' title='bbox 1442 1381 1477 1409; x_wconf 84' lang='lat' dir='ltr'><strong>ad</strong></span> <span class='ocrx_word' id='word_1_462' title='bbox 1491 1379 1596 1409; x_wconf 88' lang='lat' dir='ltr'><strong>sobolis</strong></span> <span class='ocrx_word' id='word_1_463' title='bbox 1613 1376 1787 1414; x_wconf 77' lang='lat' dir='ltr'><strong>propagatio-</strong></span> 
     </span>
    </p>
   </div>
   <div class='ocr_carea' id='block_1_63' title="bbox 998 1425 1787 1464">
    <p class='ocr_par' dir='ltr' id='par_1_63' title="bbox 998 1425 1787 1464">
     <span class='ocr_line' id='line_1_63' title="bbox 998 1425 1787 1464; baseline -0.022 1"><span class='ocrx_word' id='word_1_464' title='bbox 998 1444 1061 1464; x_wconf 86' lang='lat' dir='ltr'><strong>ncm</strong></span> <span class='ocrx_word' id='word_1_465' title='bbox 1078 1442 1094 1462; x_wconf 87' lang='lat' dir='ltr'><strong>a</strong></span> <span class='ocrx_word' id='word_1_466' title='bbox 1108 1435 1163 1462; x_wconf 87' lang='lat' dir='ltr'><strong>Deo</strong></span> <span class='ocrx_word' id='word_1_467' title='bbox 1179 1437 1244 1462; x_wconf 87' lang='lat' dir='ltr'><strong>sunt</strong></span> <span class='ocrx_word' id='word_1_468' title='bbox 1258 1430 1379 1459; x_wconf 86' lang='lat' dir='ltr'><strong>condita.</strong></span> <span class='ocrx_word' id='word_1_469' title='bbox 1394 1429 1510 1463; x_wconf 84' lang='lat' dir='ltr'><strong>Ideoque</strong></span> <span class='ocrx_word' id='word_1_470' title='bbox 1524 1425 1629 1454; x_wconf 90' lang='lat' dir='ltr'><strong>nullum</strong></span> <span class='ocrx_word' id='word_1_471' title='bbox 1647 1431 1679 1452; x_wconf 84' lang='lat' dir='ltr'><strong>ex</strong></span> <span class='ocrx_word' id='word_1_472' title='bbox 1695 1430 1727 1451; x_wconf 88' lang='lat' dir='ltr'><strong>ea</strong></span> <span class='ocrx_word' id='word_1_473' title='bbox 1743 1429 1787 1449; x_wconf 86' lang='lat' dir='ltr'><strong>ca-</strong></span> 
     </span>
    </p>
   </div>
   <div class='ocr_carea' id='block_1_64' title="bbox 999 1467 1787 1514">
    <p class='ocr_par' dir='ltr' id='par_1_64' title="bbox 999 1467 1787 1514">
     <span class='ocr_line' id='line_1_64' title="bbox 999 1467 1787 1514; baseline -0.019 -5"><span class='ocrx_word' id='word_1_474' title='bbox 999 1481 1133 1510; x_wconf 85' lang='lat' dir='ltr'><strong>stratione</strong></span> <span class='ocrx_word' id='word_1_475' title='bbox 1159 1477 1236 1514; x_wconf 77' lang='lat' dir='ltr'><strong>regni</strong></span> <span class='ocrx_word' id='word_1_476' title='bbox 1259 1476 1380 1505; x_wconf 75' lang='lat' dir='ltr'><strong>cmlestis</strong></span> <span class='ocrx_word' id='word_1_477' title='bbox 1398 1473 1539 1510; x_wconf 74' lang='lat' dir='ltr'><strong>praemium</strong></span> <span class='ocrx_word' id='word_1_478' title='bbox 1557 1471 1693 1501; x_wconf 85' lang='lat' dir='ltr'><strong>obtinent.</strong></span> <span class='ocrx_word' id='word_1_479' title='bbox 1713 1467 1787 1504; x_wconf 88' lang='lat' dir='ltr'><strong>quod</strong></span> 
     </span>
    </p>
   </div>
   <div class='ocr_carea' id='block_1_65' title="bbox 1001 1513 1788 1559">
    <p class='ocr_par' dir='ltr' id='par_1_65' title="bbox 1001 1513 1788 1559">
     <span class='ocr_line' id='line_1_65' title="bbox 1001 1513 1788 1559; baseline -0.019 -4"><span class='ocrx_word' id='word_1_480' title='bbox 1001 1525 1161 1555; x_wconf 86' lang='lat' dir='ltr'><strong>certaminis</strong></span> <span class='ocrx_word' id='word_1_481' title='bbox 1181 1513 1270 1559; x_wconf 84' lang='lat' dir='ltr'><strong>ipsius</strong></span> <span class='ocrx_word' id='word_1_482' title='bbox 1284 1529 1319 1549; x_wconf 86' lang='lat' dir='ltr'><strong>ne</strong></span> <span class='ocrx_word' id='word_1_483' title='bbox 1342 1519 1518 1549; x_wconf 84' lang='lat' dir='ltr'><strong>meminerint</strong></span> <span class='ocrx_word' id='word_1_484' title='bbox 1531 1517 1652 1553; x_wconf 84' lang='lat' dir='ltr'><strong>quidem.</strong></span> <span class='ocrx_word' id='word_1_485' title='bbox 1667 1513 1746 1548; x_wconf 83' lang='lat' dir='ltr'><strong>Quod</strong></span> <span class='ocrx_word' id='word_1_486' title='bbox 1763 1513 1788 1541; x_wconf 88' lang='lat' dir='ltr'><strong>si</strong></span> 
     </span>
    </p>
   </div>
   <div class='ocr_carea' id='block_1_66' title="bbox 1002 1561 1788 1608">
    <p class='ocr_par' dir='ltr' id='par_1_66' title="bbox 1002 1561 1788 1608">
     <span class='ocr_line' id='line_1_66' title="bbox 1002 1561 1788 1608; baseline -0.019 -8"><span class='ocrx_word' id='word_1_487' title='bbox 1002 1571 1182 1608; x_wconf 88' lang='lat' dir='ltr'><strong>cupiditatum</strong></span> <span class='ocrx_word' id='word_1_488' title='bbox 1214 1568 1460 1600; x_wconf 82' lang='lat' dir='ltr'><strong>illecebrarumque</strong></span> <span class='ocrx_word' id='word_1_489' title='bbox 1490 1561 1692 1592; x_wconf 86' lang='lat' dir='ltr'><strong>recordentur,</strong></span> <span class='ocrx_word' id='word_1_490' title='bbox 1723 1566 1788 1587; x_wconf 87' lang='lat' dir='ltr'><strong>eum</strong></span> 
     </span>
    </p>
   </div>
   <div class='ocr_carea' id='block_1_67' title="bbox 1001 1603 1790 1653">
    <p class='ocr_par' dir='ltr' id='par_1_67' title="bbox 1001 1603 1790 1653">
     <span class='ocr_line' id='line_1_67' title="bbox 1001 1603 1790 1653; baseline -0.018 -9"><span class='ocrx_word' id='word_1_491' title='bbox 1001 1603 1075 1653; x_wconf 73' lang='lat' dir='ltr'><strong>quod</strong></span> <span class='ocrx_word' id='word_1_492' title='bbox 1097 1615 1172 1642; x_wconf 77' lang='lat' dir='ltr'><strong>factu</strong></span> <span class='ocrx_word' id='word_1_493' title='bbox 1185 1617 1229 1641; x_wconf 86' lang='lat' dir='ltr'><strong>est</strong></span> <span class='ocrx_word' id='word_1_494' title='bbox 1246 1611 1325 1640; x_wconf 76' lang='lat' dir='ltr'><strong>nefas</strong></span> <span class='ocrx_word' id='word_1_495' title='bbox 1340 1611 1448 1638; x_wconf 87' lang='lat' dir='ltr'><strong>ellicere</strong></span> <span class='ocrx_word' id='word_1_496' title='bbox 1467 1608 1543 1636; x_wconf 92' lang='lat' dir='ltr'><strong>nullo</strong></span> <span class='ocrx_word' id='word_1_497' title='bbox 1566 1606 1648 1634; x_wconf 91' lang='lat' dir='ltr'><strong>modo</strong></span> <span class='ocrx_word' id='word_1_498' title='bbox 1671 1603 1790 1641; x_wconf 83' lang='lat' dir='ltr'><strong>possint,</strong></span> 
     </span>
    </p>
   </div>
   <div class='ocr_carea' id='block_1_68' title="bbox 1001 1653 1789 1696">
    <p class='ocr_par' dir='ltr' id='par_1_68' title="bbox 1001 1653 1789 1696">
     <span class='ocr_line' id='line_1_68' title="bbox 1001 1653 1789 1696; baseline -0.019 -5"><span class='ocrx_word' id='word_1_499' title='bbox 1001 1663 1029 1690; x_wconf 87' lang='lat' dir='ltr'><strong>in</strong></span> <span class='ocrx_word' id='word_1_500' title='bbox 1045 1670 1077 1690; x_wconf 84' lang='lat' dir='ltr'><strong>eo</strong></span> <span class='ocrx_word' id='word_1_501' title='bbox 1090 1660 1165 1696; x_wconf 89' lang='lat' dir='ltr'><strong>quod</strong></span> <span class='ocrx_word' id='word_1_502' title='bbox 1181 1659 1331 1690; x_wconf 83' lang='lat' dir='ltr'><strong>abstinent,</strong></span> <span class='ocrx_word' id='word_1_503' title='bbox 1348 1655 1417 1684; x_wconf 87' lang='lat' dir='ltr'><strong>nihil</strong></span> <span class='ocrx_word' id='word_1_504' title='bbox 1440 1653 1574 1682; x_wconf 86' lang='lat' dir='ltr'><strong>mercedis</strong></span> <span class='ocrx_word' id='word_1_505' title='bbox 1589 1655 1789 1688; x_wconf 87' lang='lat' dir='ltr'><strong>protncrentur.</strong></span> 
     </span>
    </p>
   </div>
   <div class='ocr_carea' id='block_1_69' title="bbox 1000 1695 1792 1743">
    <p class='ocr_par' dir='ltr' id='par_1_69' title="bbox 1000 1695 1792 1743">
     <span class='ocr_line' id='line_1_69' title="bbox 1000 1695 1792 1743; baseline -0.016 -7"><span class='ocrx_word' id='word_1_506' title='bbox 1000 1695 1188 1743; x_wconf 20' lang='lat' dir='ltr'><strong>Nequeienim</strong></span> <span class='ocrx_word' id='word_1_507' title='bbox 1210 1713 1245 1733; x_wconf 82' lang='lat' dir='ltr'><strong>ex</strong></span> <span class='ocrx_word' id='word_1_508' title='bbox 1261 1712 1306 1736; x_wconf 91' lang='lat' dir='ltr'><strong>eo,</strong></span> <span class='ocrx_word' id='word_1_509' title='bbox 1321 1702 1394 1739; x_wconf 92' lang='lat' dir='ltr'><strong>quod</strong></span> <span class='ocrx_word' id='word_1_510' title='bbox 1416 1700 1560 1729; x_wconf 84' lang='lat' dir='ltr'><strong>admittere</strong></span> <span class='ocrx_word' id='word_1_511' title='bbox 1578 1697 1728 1728; x_wconf 84' lang='lat' dir='ltr'><strong>noluerint,</strong></span> <span class='ocrx_word' id='word_1_512' title='bbox 1744 1695 1792 1724; x_wconf 88' lang='lat' dir='ltr'><strong>sed</strong></span> 
     </span>
    </p>
   </div>
   <div class='ocr_carea' id='block_1_70' title="bbox 162 1745 1792 1795">
    <p class='ocr_par' dir='ltr' id='par_1_70' title="bbox 162 1745 1792 1795">
     <span class='ocr_line' id='line_1_70' title="bbox 162 1745 1792 1795; baseline -0.01 -8"><span class='ocrx_word' id='word_1_513' title='bbox 162 1745 310 1795; x_wconf 72' lang='lat' dir='ltr'><strong>quodnon</strong></span> <span class='ocrx_word' id='word_1_514' title='bbox 325 1758 473 1794; x_wconf 86' lang='lat' dir='ltr'><strong>potuerint.</strong></span> <span class='ocrx_word' id='word_1_515' title='bbox 491 1764 544 1784; x_wconf 93' lang='lat' dir='ltr'><strong>non</strong></span> <span class='ocrx_word' id='word_1_516' title='bbox 567 1759 610 1784; x_wconf 85' lang='lat' dir='ltr'><strong>est</strong></span> <span class='ocrx_word' id='word_1_517' title='bbox 626 1756 660 1784; x_wconf 90' lang='lat' dir='ltr'><strong>ab</strong></span> <span class='ocrx_word' id='word_1_518' title='bbox 687 1755 742 1784; x_wconf 86' lang='lat' dir='ltr'><strong>illis</strong></span> <span class='ocrx_word' id='word_1_519' title='bbox 755 1754 862 1782; x_wconf 80' lang='lat' dir='ltr'><strong>facinus</strong></span> <span class='ocrx_word' id='word_1_520' title='bbox 875 1753 945 1782; x_wconf 87' lang='lat' dir='ltr'><strong>illud</strong></span> <span class='ocrx_word' id='word_1_521' title='bbox 965 1754 1055 1791; x_wconf 83' lang='lat' dir='ltr'><strong>reipsa</strong></span> <span class='ocrx_word' id='word_1_522' title='bbox 1068 1753 1231 1790; x_wconf 79' lang='lat' dir='ltr'><strong>profectum.</strong></span> <span class='ocrx_word' id='word_1_523' title='bbox 1247 1752 1337 1786; x_wconf 81' lang='lat' dir='ltr'><strong>Atque</strong></span> <span class='ocrx_word' id='word_1_524' title='bbox 1352 1750 1404 1778; x_wconf 90' lang='lat' dir='ltr'><strong>hoc</strong></span> <span class='ocrx_word' id='word_1_525' title='bbox 1418 1749 1535 1784; x_wconf 87' lang='lat' dir='ltr'><strong>primum</strong></span> <span class='ocrx_word' id='word_1_526' title='bbox 1564 1752 1607 1775; x_wconf 86' lang='lat' dir='ltr'><strong>est</strong></span> <span class='ocrx_word' id='word_1_527' title='bbox 1639 1745 1792 1782; x_wconf 88' lang='lat' dir='ltr'><strong>spadonum</strong></span> 
     </span>
    </p>
   </div>
   <div class='ocr_carea' id='block_1_71' title="bbox 162 1792 1794 1841">
    <p class='ocr_par' dir='ltr' id='par_1_71' title="bbox 162 1792 1794 1841">
     <span class='ocr_line' id='line_1_71' title="bbox 162 1792 1794 1841; baseline -0.01 -7"><span class='ocrx_word' id='word_1_528' title='bbox 162 1814 250 1841; x_wconf 72' lang='lat' dir='ltr'><strong>genus</strong></span> <span class='ocrx_word' id='word_1_529' title='bbox 265 1805 372 1833; x_wconf 88' lang='lat' dir='ltr'><strong>Domini</strong></span> <span class='ocrx_word' id='word_1_530' title='bbox 386 1804 511 1832; x_wconf 84' lang='lat' dir='ltr'><strong>oratione</strong></span> <span class='ocrx_word' id='word_1_531' title='bbox 525 1803 705 1836; x_wconf 85' lang='lat' dir='ltr'><strong>declaratum,</strong></span> <span class='ocrx_word' id='word_1_532' title='bbox 729 1801 803 1838; x_wconf 84' lang='lat' dir='ltr'><strong>quod</strong></span> <span class='ocrx_word' id='word_1_533' title='bbox 819 1800 876 1837; x_wconf 87' lang='lat' dir='ltr'><strong>jam</strong></span> <span class='ocrx_word' id='word_1_534' title='bbox 891 1803 949 1828; x_wconf 86' lang='lat' dir='ltr'><strong>tum</strong></span> <span class='ocrx_word' id='word_1_535' title='bbox 968 1801 1066 1841; x_wconf 83' lang='lat' dir='ltr'><strong>matris</strong></span> <span class='ocrx_word' id='word_1_536' title='bbox 1084 1808 1119 1829; x_wconf 76' lang='lat' dir='ltr'><strong>ex</strong></span> <span class='ocrx_word' id='word_1_537' title='bbox 1134 1804 1213 1828; x_wconf 86' lang='lat' dir='ltr'><strong>utero</strong></span> <span class='ocrx_word' id='word_1_538' title='bbox 1228 1797 1341 1834; x_wconf 90' lang='lat' dir='ltr'><strong>prodiit.</strong></span> <span class='ocrx_word' id='word_1_539' title='bbox 1361 1795 1435 1824; x_wconf 87' lang='lat' dir='ltr'><strong>Inter</strong></span> <span class='ocrx_word' id='word_1_540' title='bbox 1467 1801 1538 1830; x_wconf 92' lang='lat' dir='ltr'><strong>quos</strong></span> <span class='ocrx_word' id='word_1_541' title='bbox 1555 1800 1637 1821; x_wconf 84' lang='lat' dir='ltr'><strong>nemo</strong></span> <span class='ocrx_word' id='word_1_542' title='bbox 1655 1792 1718 1819; x_wconf 88' lang='lat' dir='ltr'><strong>illos</strong></span> <span class='ocrx_word' id='word_1_543' title='bbox 1749 1796 1794 1817; x_wconf 85' lang='lat' dir='ltr'><strong>re-</strong></span> 
     </span>
    </p>
   </div>
   <div class='ocr_carea' id='block_1_72' title="bbox 165 1851 268 1878">
    <p class='ocr_par' dir='ltr' id='par_1_72' title="bbox 165 1851 268 1878">
     <span class='ocr_line' id='line_1_72' title="bbox 165 1851 268 1878; baseline -0.01 -1"><span class='ocrx_word' id='word_1_544' title='bbox 165 1851 268 1878; x_wconf 80' lang='lat' dir='ltr'><strong>tulerit.</strong></span> 
     </span>
    </p>
   </div>
   <div class='ocr_carea' id='block_1_73' title="bbox 201 1891 956 1929">
    <p class='ocr_par' dir='ltr' id='par_1_73' title="bbox 201 1891 956 1929">
     <span class='ocr_line' id='line_1_73' title="bbox 201 1891 956 1929; baseline -0.004 -7"><span class='ocrx_word' id='word_1_545' title='bbox 201 1896 238 1923; x_wconf 89' lang='grc' dir='ltr'><strong>Δ’.</strong></span> <span class='ocrx_word' id='word_1_546' title='bbox 261 1894 315 1922; x_wconf 78' lang='grc' dir='ltr'><strong>Καὶ</strong></span> <span class='ocrx_word' id='word_1_547' title='bbox 340 1895 421 1922; x_wconf 72' lang='grc' dir='ltr'>είσὶν</span> <span class='ocrx_word' id='word_1_548' title='bbox 441 1894 593 1929; x_wconf 76' lang='grc' dir='ltr'>εὐνοῦχοι,</span> <span class='ocrx_word' id='word_1_549' title='bbox 608 1893 717 1926; x_wconf 74' lang='grc' dir='ltr'>οἵτινες</span> <span class='ocrx_word' id='word_1_550' title='bbox 735 1892 796 1920; x_wconf 76' lang='grc' dir='ltr'><strong>ὑπὸ</strong></span> <span class='ocrx_word' id='word_1_551' title='bbox 825 1891 885 1920; x_wconf 77' lang='grc' dir='ltr'><strong>τῶν</strong></span> <span class='ocrx_word' id='word_1_552' title='bbox 903 1891 956 1920; x_wconf 76' lang='grc' dir='ltr'><strong>ἀν-</strong></span> 
     </span>
    </p>
   </div>
   <div class='ocr_carea' id='block_1_74' title="bbox 166 1936 955 1975">
    <p class='ocr_par' dir='ltr' id='par_1_74' title="bbox 166 1936 955 1975">
     <span class='ocr_line' id='line_1_74' title="bbox 166 1936 955 1975; baseline -0.005 -7"><span class='ocrx_word' id='word_1_553' title='bbox 166 1941 290 1975; x_wconf 74' lang='grc' dir='ltr'>θρώπων</span> <span class='ocrx_word' id='word_1_554' title='bbox 303 1940 561 1975; x_wconf 73' lang='grc' dir='ltr'>εὐνουχίσθησαν,</span> <span class='ocrx_word' id='word_1_555' title='bbox 576 1940 659 1975; x_wconf 77' lang='grc' dir='ltr'>φησὶν</span> <span class='ocrx_word' id='word_1_556' title='bbox 677 1939 692 1966; x_wconf 80' lang='grc' dir='ltr'>ὁ</span> <span class='ocrx_word' id='word_1_557' title='bbox 706 1939 818 1974; x_wconf 82' lang='grc' dir='ltr'>Σωτήρ·</span> <span class='ocrx_word' id='word_1_558' title='bbox 835 1938 882 1965; x_wconf 74' lang='grc' dir='ltr'>καὶ</span> <span class='ocrx_word' id='word_1_559' title='bbox 892 1936 955 1965; x_wconf 80' lang='grc' dir='ltr'>οὔτε</span> 
     </span>
    </p>
   </div>
   <div class='ocr_carea' id='block_1_75' title="bbox 168 1981 955 2021">
    <p class='ocr_par' dir='ltr' id='par_1_75' title="bbox 168 1981 955 2021">
     <span class='ocr_line' id='line_1_75' title="bbox 168 1981 955 2021; baseline -0.005 -8"><span class='ocrx_word' id='word_1_560' title='bbox 168 1987 222 2014; x_wconf 73' lang='grc' dir='ltr'><strong>ἀπὸ</strong></span> <span class='ocrx_word' id='word_1_561' title='bbox 239 1986 341 2013; x_wconf 81' lang='grc' dir='ltr'>τούτων</span> <span class='ocrx_word' id='word_1_562' title='bbox 359 1987 429 2013; x_wconf 78' lang='grc' dir='ltr'>είσὶν</span> <span class='ocrx_word' id='word_1_563' title='bbox 450 1986 476 2012; x_wconf 78' lang='grc' dir='ltr'>οἱ</span> <span class='ocrx_word' id='word_1_564' title='bbox 501 1985 706 2021; x_wconf 81' lang='grc' dir='ltr'>προειρημένοι.</span> <span class='ocrx_word' id='word_1_565' title='bbox 729 1981 809 2011; x_wconf 73' lang='grc' dir='ltr'>οὗτοι</span> <span class='ocrx_word' id='word_1_566' title='bbox 827 1983 877 2020; x_wconf 83' lang='grc' dir='ltr'>μὲν</span> <span class='ocrx_word' id='word_1_567' title='bbox 900 1982 955 2018; x_wconf 84' lang='grc' dir='ltr'><strong>γὰρ</strong></span> 
     </span>
    </p>
   </div>
   <div class='ocr_carea' id='block_1_76' title="bbox 169 2028 956 2068">
    <p class='ocr_par' dir='ltr' id='par_1_76' title="bbox 169 2028 956 2068">
     <span class='ocr_line' id='line_1_76' title="bbox 169 2028 956 2068; baseline -0.006 -8"><span class='ocrx_word' id='word_1_568' title='bbox 169 2033 333 2068; x_wconf 79' lang='grc' dir='ltr'>γεννῶνται·</span> <span class='ocrx_word' id='word_1_569' title='bbox 343 2034 369 2059; x_wconf 77' lang='lat' dir='ltr'><strong>oi</strong></span> <span class='ocrx_word' id='word_1_570' title='bbox 388 2032 418 2059; x_wconf 79' lang='grc' dir='ltr'><strong>δὲ</strong></span> <span class='ocrx_word' id='word_1_571' title='bbox 432 2032 485 2059; x_wconf 72' lang='grc' dir='ltr'><strong>ὑπὸ</strong></span> <span class='ocrx_word' id='word_1_572' title='bbox 499 2031 651 2068; x_wconf 79' lang='grc' dir='ltr'>ἀνθρώπων</span> <span class='ocrx_word' id='word_1_573' title='bbox 666 2029 885 2066; x_wconf 82' lang='grc' dir='ltr'>εὐνουχισθέντες</span> <span class='ocrx_word' id='word_1_574' title='bbox 896 2028 956 2055; x_wconf 78' lang='grc' dir='ltr'>’ἐνε-</span> 
     </span>
    </p>
   </div>
   <div class='ocr_carea' id='block_1_77' title="bbox 171 2075 957 2115">
    <p class='ocr_par' dir='ltr' id='par_1_77' title="bbox 171 2075 957 2115">
     <span class='ocr_line' id='line_1_77' title="bbox 171 2075 957 2115; baseline -0.006 -9"><span class='ocrx_word' id='word_1_575' title='bbox 171 2088 218 2106; x_wconf 83' lang='grc' dir='ltr'>κεν</span> <span class='ocrx_word' id='word_1_576' title='bbox 234 2080 358 2115; x_wconf 84' lang='grc' dir='ltr'>χρήσεως</span> <span class='ocrx_word' id='word_1_577' title='bbox 371 2079 388 2113; x_wconf 88' lang='grc' dir='ltr'>ἢ</span> <span class='ocrx_word' id='word_1_578' title='bbox 407 2079 548 2114; x_wconf 79' lang='grc' dir='ltr'>βασιλικῆς</span> <span class='ocrx_word' id='word_1_579' title='bbox 563 2078 580 2114; x_wconf 87' lang='grc' dir='ltr'>ἢ</span> <span class='ocrx_word' id='word_1_580' title='bbox 600 2077 774 2114; x_wconf 80' lang='grc' dir='ltr'>ἀρχοντικῆς.</span> <span class='ocrx_word' id='word_1_581' title='bbox 796 2075 957 2111; x_wconf 83' lang='grc' dir='ltr'>Βουλόμενοι</span> 
     </span>
    </p>
   </div>
   <div class='ocr_carea' id='block_1_78' title="bbox 173 2122 956 2162">
    <p class='ocr_par' dir='ltr' id='par_1_78' title="bbox 173 2122 956 2162">
     <span class='ocr_line' id='line_1_78' title="bbox 173 2122 956 2162; baseline -0.006 -10"><span class='ocrx_word' id='word_1_582' title='bbox 173 2127 229 2162; x_wconf 83' lang='grc' dir='ltr'>γάρ</span> <span class='ocrx_word' id='word_1_583' title='bbox 241 2134 313 2158; x_wconf 83' lang='grc' dir='ltr'>τινες</span> <span class='ocrx_word' id='word_1_584' title='bbox 326 2125 382 2152; x_wconf 82' lang='grc' dir='ltr'><strong>τῶν</strong></span> <span class='ocrx_word' id='word_1_585' title='bbox 397 2125 542 2161; x_wconf 76' lang='grc' dir='ltr'>βαρϐάρων</span> <span class='ocrx_word' id='word_1_586' title='bbox 563 2124 695 2160; x_wconf 81' lang='grc' dir='ltr'>βασιλεῖς,</span> <span class='ocrx_word' id='word_1_587' title='bbox 708 2123 726 2159; x_wconf 83' lang='grc' dir='ltr'>ἢ</span> <span class='ocrx_word' id='word_1_588' title='bbox 748 2123 795 2149; x_wconf 75' lang='grc' dir='ltr'><strong>καὶ</strong></span> <span class='ocrx_word' id='word_1_589' title='bbox 818 2122 956 2158; x_wconf 87' lang='grc' dir='ltr'>τύραννοι,</span> 
     </span>
    </p>
   </div>
   <div class='ocr_carea' id='block_1_79' title="bbox 172 2168 957 2207">
    <p class='ocr_par' dir='ltr' id='par_1_79' title="bbox 172 2168 957 2207">
     <span class='ocr_line' id='line_1_79' title="bbox 172 2168 957 2207; baseline -0.005 -9"><span class='ocrx_word' id='word_1_590' title='bbox 172 2172 337 2207; x_wconf 82' lang='grc' dir='ltr'>ζηλοτυπίας</span> <span class='ocrx_word' id='word_1_591' title='bbox 352 2171 434 2207; x_wconf 76' lang='grc' dir='ltr'>χάριν</span> <span class='ocrx_word' id='word_1_592' title='bbox 452 2172 499 2197; x_wconf 74' lang='grc' dir='ltr'>καὶ</span> <span class='ocrx_word' id='word_1_593' title='bbox 516 2170 643 2202; x_wconf 78' lang='grc' dir='ltr'>ὑπονοίας</span> <span class='ocrx_word' id='word_1_594' title='bbox 659 2170 708 2206; x_wconf 80' lang='grc' dir='ltr'>τῆς</span> <span class='ocrx_word' id='word_1_595' title='bbox 723 2169 791 2204; x_wconf 79' lang='grc' dir='ltr'>πρὸς</span> <span class='ocrx_word' id='word_1_596' title='bbox 803 2168 853 2200; x_wconf 87' lang='grc' dir='ltr'><strong>τὰς</strong></span> <span class='ocrx_word' id='word_1_597' title='bbox 869 2175 957 2203; x_wconf 86' lang='grc' dir='ltr'>γαμε-</span> 
     </span>
    </p>
   </div>
   <div class='ocr_carea' id='block_1_80' title="bbox 172 2213 959 2251">
    <p class='ocr_par' dir='ltr' id='par_1_80' title="bbox 172 2213 959 2251">
     <span class='ocr_line' id='line_1_80' title="bbox 172 2213 959 2251; baseline -0.008 -7"><span class='ocrx_word' id='word_1_598' title='bbox 172 2218 222 2249; x_wconf 71' lang='grc' dir='ltr'><strong>τὰς</strong></span> <span class='ocrx_word' id='word_1_599' title='bbox 236 2217 287 2249; x_wconf 78' lang='grc' dir='ltr'><strong>τὰς</strong></span> <span class='ocrx_word' id='word_1_600' title='bbox 300 2217 378 2248; x_wconf 82' lang='grc' dir='ltr'>ἰδίας,</span> <span class='ocrx_word' id='word_1_601' title='bbox 394 2216 434 2243; x_wconf 74' lang='grc' dir='ltr'>ἔτι</span> <span class='ocrx_word' id='word_1_602' title='bbox 448 2216 548 2251; x_wconf 78' lang='grc' dir='ltr'>κομιδῇ</span> <span class='ocrx_word' id='word_1_603' title='bbox 566 2216 644 2248; x_wconf 80' lang='grc' dir='ltr'>νέους</span> <span class='ocrx_word' id='word_1_604' title='bbox 659 2216 723 2247; x_wconf 82' lang='grc' dir='ltr'><strong>τούς</strong></span> <span class='ocrx_word' id='word_1_605' title='bbox 739 2214 837 2246; x_wconf 80' lang='grc' dir='ltr'>παῖδας</span> <span class='ocrx_word' id='word_1_606' title='bbox 851 2213 959 2248; x_wconf 75' lang='grc' dir='ltr'>λαμϐά-</span> 
     </span>
    </p>
   </div>
   <div class='ocr_carea' id='block_1_81' title="bbox 172 2259 960 2297">
    <p class='ocr_par' dir='ltr' id='par_1_81' title="bbox 172 2259 960 2297">
     <span class='ocr_line' id='line_1_81' title="bbox 172 2259 960 2297; baseline -0.005 -8"><span class='ocrx_word' id='word_1_607' title='bbox 172 2271 264 2296; x_wconf 83' lang='grc' dir='ltr'>νουσι,</span> <span class='ocrx_word' id='word_1_608' title='bbox 285 2263 333 2289; x_wconf 77' lang='grc' dir='ltr'>καὶ</span> <span class='ocrx_word' id='word_1_609' title='bbox 355 2261 539 2297; x_wconf 77' lang='grc' dir='ltr'>εὐνουχίζουσι</span> <span class='ocrx_word' id='word_1_610' title='bbox 562 2262 689 2294; x_wconf 82' lang='grc' dir='ltr'>τούτους,</span> <span class='ocrx_word' id='word_1_611' title='bbox 711 2261 780 2296; x_wconf 75' lang='grc' dir='ltr'>πρὸς</span> <span class='ocrx_word' id='word_1_612' title='bbox 795 2260 825 2287; x_wconf 81' lang='grc' dir='ltr'>τὸ</span> <span class='ocrx_word' id='word_1_613' title='bbox 847 2259 960 2295; x_wconf 78' lang='grc' dir='ltr'>ἁνδρυν-</span> 
     </span>
    </p>
   </div>
   <div class='ocr_carea' id='block_1_82' title="bbox 174 2305 961 2339">
    <p class='ocr_par' dir='ltr' id='par_1_82' title="bbox 174 2305 961 2339">
     <span class='ocr_line' id='line_1_82' title="bbox 174 2305 961 2339; baseline -0.005 -5"><span class='ocrx_word' id='word_1_614' title='bbox 174 2308 270 2338; x_wconf 76' lang='grc' dir='ltr'>θέντας</span> <span class='ocrx_word' id='word_1_615' title='bbox 286 2306 462 2334; x_wconf 80' lang='grc' dir='ltr'>πιστεύεσθαι</span> <span class='ocrx_word' id='word_1_616' title='bbox 474 2306 524 2338; x_wconf 83' lang='grc' dir='ltr'><strong>τὰς</strong></span> <span class='ocrx_word' id='word_1_617' title='bbox 537 2306 604 2338; x_wconf 80' lang='grc' dir='ltr'>ἰδίας</span> <span class='ocrx_word' id='word_1_618' title='bbox 616 2305 716 2337; x_wconf 82' lang='grc' dir='ltr'>αὐτῶν,</span> <span class='ocrx_word' id='word_1_619' title='bbox 728 2306 766 2337; x_wconf 86' lang='grc' dir='ltr'><strong>ὡς</strong></span> <span class='ocrx_word' id='word_1_620' title='bbox 780 2305 857 2339; x_wconf 70' lang='grc' dir='ltr'>ἔφην,</span> <span class='ocrx_word' id='word_1_621' title='bbox 874 2312 961 2339; x_wconf 85' lang='grc' dir='ltr'>γαμε-</span> 
     </span>
    </p>
   </div>
   <div class='ocr_carea' id='block_1_83' title="bbox 174 2349 961 2387">
    <p class='ocr_par' dir='ltr' id='par_1_83' title="bbox 174 2349 961 2387">
     <span class='ocr_line' id='line_1_83' title="bbox 174 2349 961 2387; baseline -0.006 -7"><span class='ocrx_word' id='word_1_622' title='bbox 174 2354 233 2385; x_wconf 79' lang='grc' dir='ltr'>τάς.</span> <span class='ocrx_word' id='word_1_623' title='bbox 250 2353 305 2380; x_wconf 78' lang='grc' dir='ltr'><strong>Καὶ</strong></span> <span class='ocrx_word' id='word_1_624' title='bbox 320 2352 406 2384; x_wconf 75' lang='grc' dir='ltr'>οὕτως</span> <span class='ocrx_word' id='word_1_625' title='bbox 421 2353 450 2379; x_wconf 78' lang='grc' dir='ltr'>ἐν</span> <span class='ocrx_word' id='word_1_626' title='bbox 466 2351 505 2387; x_wconf 84' lang='grc' dir='ltr'>τῷ</span> <span class='ocrx_word' id='word_1_627' title='bbox 521 2352 616 2387; x_wconf 82' lang='grc' dir='ltr'>κόσμῳ</span> <span class='ocrx_word' id='word_1_628' title='bbox 631 2352 742 2386; x_wconf 88' lang='grc' dir='ltr'>γέγονεν</span> <span class='ocrx_word' id='word_1_629' title='bbox 755 2352 773 2386; x_wconf 75' lang='grc' dir='ltr'><strong>ἡ</strong></span> <span class='ocrx_word' id='word_1_630' title='bbox 791 2350 855 2386; x_wconf 77' lang='grc' dir='ltr'>περὶ</span> <span class='ocrx_word' id='word_1_631' title='bbox 867 2349 961 2376; x_wconf 81' lang='grc' dir='ltr'>τούτω</span> 
     </span>
    </p>
   </div>
   <div class='ocr_carea' id='block_1_84' title="bbox 175 2395 964 2433">
    <p class='ocr_par' dir='ltr' id='par_1_84' title="bbox 175 2395 964 2433">
     <span class='ocr_line' id='line_1_84' title="bbox 175 2395 964 2433; baseline -0.004 -8"><span class='ocrx_word' id='word_1_632' title='bbox 175 2399 260 2425; x_wconf 75' lang='grc' dir='ltr'>αίτῐει.</span> <span class='ocrx_word' id='word_1_633' title='bbox 271 2398 353 2425; x_wconf 77' lang='grc' dir='ltr'>Ὅθεν</span> <span class='ocrx_word' id='word_1_634' title='bbox 377 2397 449 2433; x_wconf 81' lang='grc' dir='ltr'>τάχα</span> <span class='ocrx_word' id='word_1_635' title='bbox 465 2395 543 2433; x_wconf 81' lang='grc' dir='ltr'>οἶμαι</span> <span class='ocrx_word' id='word_1_636' title='bbox 561 2398 608 2425; x_wconf 73' lang='grc' dir='ltr'>καὶ</span> <span class='ocrx_word' id='word_1_637' title='bbox 624 2398 655 2424; x_wconf 81' lang='grc' dir='ltr'><strong>τὺ</strong></span> <span class='ocrx_word' id='word_1_638' title='bbox 675 2396 803 2433; x_wconf 75' lang='grc' dir='ltr'>εὐνοῦχον</span> <span class='ocrx_word' id='word_1_639' title='bbox 822 2396 964 2424; x_wconf 77' lang='grc' dir='ltr'>καλεῖσθαι</span> 
     </span>
    </p>
   </div>
   <div class='ocr_carea' id='block_1_85' title="bbox 176 2441 962 2478">
    <p class='ocr_par' dir='ltr' id='par_1_85' title="bbox 176 2441 962 2478">
     <span class='ocr_line' id='line_1_85' title="bbox 176 2441 962 2478; baseline -0.004 -7"><span class='ocrx_word' id='word_1_640' title='bbox 176 2445 230 2472; x_wconf 81' lang='grc' dir='ltr'><strong>ἀπὺ</strong></span> <span class='ocrx_word' id='word_1_641' title='bbox 242 2444 289 2470; x_wconf 83' lang='grc' dir='ltr'>τοῦ</span> <span class='ocrx_word' id='word_1_642' title='bbox 304 2443 406 2470; x_wconf 72' lang='grc' dir='ltr'>εὐνοεῖν</span> <span class='ocrx_word' id='word_1_643' title='bbox 419 2443 560 2475; x_wconf 81' lang='grc' dir='ltr'>δύνασθαι,</span> <span class='ocrx_word' id='word_1_644' title='bbox 570 2443 779 2478; x_wconf 80' lang='grc' dir='ltr'>ἀφαιρουμένων</span> <span class='ocrx_word' id='word_1_645' title='bbox 793 2442 849 2469; x_wconf 86' lang='grc' dir='ltr'>τῶν</span> <span class='ocrx_word' id='word_1_646' title='bbox 863 2441 962 2476; x_wconf 83' lang='grc' dir='ltr'>μελῶν,</span> 
     </span>
    </p>
   </div>
   <div class='ocr_carea' id='block_1_86' title="bbox 177 2486 965 2524">
    <p class='ocr_par' dir='ltr' id='par_1_86' title="bbox 177 2486 965 2524">
     <span class='ocr_line' id='line_1_86' title="bbox 177 2486 965 2524; baseline -0.004 -8"><span class='ocrx_word' id='word_1_647' title='bbox 177 2489 225 2516; x_wconf 78' lang='grc' dir='ltr'>καὶ</span> <span class='ocrx_word' id='word_1_648' title='bbox 242 2489 279 2524; x_wconf 81' lang='grc' dir='ltr'>μὴ</span> <span class='ocrx_word' id='word_1_649' title='bbox 296 2488 501 2524; x_wconf 77' lang='grc' dir='ltr'>ἐπεντρίὸεσθαι</span> <span class='ocrx_word' id='word_1_650' title='bbox 522 2487 595 2523; x_wconf 78' lang='grc' dir='ltr'>μίξει</span> <span class='ocrx_word' id='word_1_651' title='bbox 616 2488 671 2514; x_wconf 84' lang='grc' dir='ltr'><strong>τῶν</strong></span> <span class='ocrx_word' id='word_1_652' title='bbox 690 2487 835 2523; x_wconf 81' lang='grc' dir='ltr'>σωμάτων,</span> <span class='ocrx_word' id='word_1_653' title='bbox 850 2486 888 2518; x_wconf 85' lang='grc' dir='ltr'>ὼς</span> <span class='ocrx_word' id='word_1_654' title='bbox 908 2486 965 2513; x_wconf 85' lang='grc' dir='ltr'><strong>τῶν</strong></span> 
     </span>
    </p>
   </div>
   <div class='ocr_carea' id='block_1_87' title="bbox 177 2532 966 2570">
    <p class='ocr_par' dir='ltr' id='par_1_87' title="bbox 177 2532 966 2570">
     <span class='ocr_line' id='line_1_87' title="bbox 177 2532 966 2570; baseline -0.003 -10"><span class='ocrx_word' id='word_1_655' title='bbox 177 2534 300 2570; x_wconf 75' lang='grc' dir='ltr'>ὀργάνων</span> <span class='ocrx_word' id='word_1_656' title='bbox 319 2533 523 2569; x_wconf 81' lang='grc' dir='ltr'>ἀφῃρημένους.</span> <span class='ocrx_word' id='word_1_657' title='bbox 544 2534 642 2570; x_wconf 81' lang='grc' dir='ltr'>Ἑτέρα</span> <span class='ocrx_word' id='word_1_658' title='bbox 661 2533 752 2562; x_wconf 83' lang='grc' dir='ltr'>τοίνυν</span> <span class='ocrx_word' id='word_1_659' title='bbox 766 2532 836 2568; x_wconf 73' lang='grc' dir='ltr'>αὕτη</span> <span class='ocrx_word' id='word_1_660' title='bbox 854 2533 873 2568; x_wconf 78' lang='grc' dir='ltr'>ὴ</span> <span class='ocrx_word' id='word_1_661' title='bbox 889 2532 966 2565; x_wconf 80' lang='grc' dir='ltr'>τάξις</span> 
     </span>
    </p>
   </div>
   <div class='ocr_carea' id='block_1_88' title="bbox 180 2578 966 2615">
    <p class='ocr_par' dir='ltr' id='par_1_88' title="bbox 180 2578 966 2615">
     <span class='ocr_line' id='line_1_88' title="bbox 180 2578 966 2615; baseline -0.003 -9"><span class='ocrx_word' id='word_1_662' title='bbox 180 2581 212 2606; x_wconf 79' lang='grc' dir='ltr'><strong>ἐκ</strong></span> <span class='ocrx_word' id='word_1_663' title='bbox 230 2579 322 2611; x_wconf 77' lang='grc' dir='ltr'>παιδὸς</span> <span class='ocrx_word' id='word_1_664' title='bbox 335 2579 540 2615; x_wconf 74' lang='grc' dir='ltr'>λαμϐανομένη,</span> <span class='ocrx_word' id='word_1_665' title='bbox 555 2580 602 2605; x_wconf 78' lang='grc' dir='ltr'>καὶ</span> <span class='ocrx_word' id='word_1_666' title='bbox 617 2579 827 2614; x_wconf 79' lang='grc' dir='ltr'>εὐνουχιζομὲνη</span> <span class='ocrx_word' id='word_1_667' title='bbox 846 2578 899 2606; x_wconf 83' lang='grc' dir='ltr'><strong>ὐπδ</strong></span> <span class='ocrx_word' id='word_1_668' title='bbox 912 2578 966 2605; x_wconf 85' lang='grc' dir='ltr'>τῶν</span> 
     </span>
    </p>
   </div>
   <div class='ocr_carea' id='block_1_89' title="bbox 179 2623 896 2661">
    <p class='ocr_par' dir='ltr' id='par_1_89' title="bbox 179 2623 896 2661">
     <span class='ocr_line' id='line_1_89' title="bbox 179 2623 896 2661; baseline -0.001 -9"><span class='ocrx_word' id='word_1_669' title='bbox 179 2625 411 2661; x_wconf 53' lang='grc' dir='ltr'>ἁνθρώπωνωύχὶ</span> <span class='ocrx_word' id='word_1_670' title='bbox 425 2624 469 2651; x_wconf 79' lang='grc' dir='ltr'>διὰ</span> <span class='ocrx_word' id='word_1_671' title='bbox 479 2624 528 2660; x_wconf 79' lang='grc' dir='ltr'>τὴν</span> <span class='ocrx_word' id='word_1_672' title='bbox 540 2624 679 2660; x_wconf 81' lang='grc' dir='ltr'>βασιλείαν</span> <span class='ocrx_word' id='word_1_673' title='bbox 694 2624 749 2651; x_wconf 76' lang='grc' dir='ltr'>τῶν</span> <span class='ocrx_word' id='word_1_674' title='bbox 763 2623 896 2660; x_wconf 83' lang='grc' dir='ltr'>οὐρανῶν.</span> 
     </span>
    </p>
   </div>
   <div class='ocr_carea' id='block_1_90' title="bbox 218 2693 947 2738">
    <p class='ocr_par' dir='ltr' id='par_1_90' title="bbox 218 2701 918 2738">
     <span class='ocr_line' id='line_1_90' title="bbox 218 2701 918 2738; baseline -0.004 -8"><span class='ocrx_word' id='word_1_675' title='bbox 218 2705 225 2719; x_wconf 89' lang='grc'>¹</span> <span class='ocrx_word' id='word_1_676' title='bbox 242 2703 361 2731; x_wconf 81' lang='lat' dir='ltr'><strong>Verbum</strong></span> <span class='ocrx_word' id='word_1_677' title='bbox 378 2702 444 2730; x_wconf 89' lang='lat' dir='ltr'><strong>illud</strong></span> <span class='ocrx_word' id='word_1_678' title='bbox 458 2702 593 2738; x_wconf 77' lang='grc' dir='ltr'>προέλαϐε</span> <span class='ocrx_word' id='word_1_679' title='bbox 612 2706 771 2738; x_wconf 90' lang='lat' dir='ltr'><strong>suspectum</strong></span> <span class='ocrx_word' id='word_1_680' title='bbox 783 2701 850 2728; x_wconf 85' lang='lat' dir='ltr'><strong>mihi</strong></span> <span class='ocrx_word' id='word_1_681' title='bbox 866 2704 918 2728; x_wconf 88' lang='lat' dir='ltr'><strong>est.</strong></span> 
     </span>
    </p>
   </div>
   <div class='ocr_carea' id='block_1_91' title="bbox 998 2693 1641 2738">
    <p class='ocr_par' dir='ltr' id='par_1_91' title="bbox 998 2693 1641 2735">
     <span class='ocr_line' id='line_1_91' title="bbox 998 2693 1641 2735; baseline -0.016 -8"><span class='ocrx_word' id='word_1_682' title='bbox 998 2699 1046 2727; x_wconf 64' lang='lat' dir='ltr'><strong>lor.</strong></span> <span class='ocrx_word' id='word_1_683' title='bbox 1066 2698 1239 2735; x_wconf 75' lang='grc' dir='ltr'>μεμνῆσθαι,</span> <span class='ocrx_word' id='word_1_684' title='bbox 1266 2700 1297 2724; x_wconf 85' lang='grc' dir='ltr'><strong>ιιι</strong></span> <span class='ocrx_word' id='word_1_685' title='bbox 1314 2700 1341 2725; x_wconf 81' lang='lat' dir='ltr'><strong>et</strong></span> <span class='ocrx_word' id='word_1_686' title='bbox 1361 2698 1457 2731; x_wconf 87' lang='lat' dir='ltr'><strong>postea</strong></span> <span class='ocrx_word' id='word_1_687' title='bbox 1479 2693 1641 2730; x_wconf 77' lang='grc' dir='ltr'>μέμνηνται.</span> 
     </span>
    </p>
   </div>
   <div class='ocr_carea' id='block_1_92' title="bbox 180 2739 301 2771">
    <p class='ocr_par' dir='ltr' id='par_1_92' title="bbox 180 2739 301 2771">
     <span class='ocr_line' id='line_1_92' title="bbox 180 2739 301 2771; baseline -0.017 -3"><span class='ocrx_word' id='word_1_688' title='bbox 180 2746 240 2771; x_wconf 68' lang='grc' dir='ltr'><strong>ιη,</strong></span> <span class='ocrx_word' id='word_1_689' title='bbox 257 2739 301 2766; x_wconf 76' lang='grc'><strong>12.</strong></span> 
     </span>
    </p>
   </div>
   <div class='ocr_carea' id='block_1_93' title="bbox 220 2788 971 2829">
    <p class='ocr_par' dir='ltr' id='par_1_93' title="bbox 220 2788 971 2829">
     <span class='ocr_line' id='line_1_93' title="bbox 220 2788 971 2829; baseline -0.012 -6"><span class='ocrx_word' id='word_1_690' title='bbox 220 2795 258 2829; x_wconf 77' lang='grc'><strong>(4)</strong></span> <span class='ocrx_word' id='word_1_691' title='bbox 279 2795 365 2822; x_wconf 79' lang='grc' dir='ltr'>Ὅσοι</span> <span class='ocrx_word' id='word_1_692' title='bbox 382 2794 417 2821; x_wconf 80' lang='grc' dir='ltr'><strong>δὲ</strong></span> <span class='ocrx_word' id='word_1_693' title='bbox 432 2795 475 2827; x_wconf 83' lang='grc' dir='ltr'><strong>είς</strong></span> <span class='ocrx_word' id='word_1_694' title='bbox 494 2793 526 2820; x_wconf 88' lang='grc' dir='ltr'>τὸ</span> <span class='ocrx_word' id='word_1_695' title='bbox 539 2792 713 2829; x_wconf 45' lang='grc' dir='ltr'>πρόχειρον..</span> <span class='ocrx_word' id='word_1_696' title='bbox 731 2788 883 2829; x_wconf 69' lang='lat' dir='ltr'><strong>Exscrlpsit</strong></span> <span class='ocrx_word' id='word_1_697' title='bbox 897 2788 971 2815; x_wconf 89' lang='lat' dir='ltr'><strong>hunc</strong></span> 
     </span>
    </p>
   </div>
   <div class='ocr_carea' id='block_1_94' title="bbox 186 2823 969 2864">
    <p class='ocr_par' dir='ltr' id='par_1_94' title="bbox 186 2823 969 2864">
     <span class='ocr_line' id='line_1_94' title="bbox 186 2823 969 2864; baseline -0.008 -8"><span class='ocrx_word' id='word_1_698' title='bbox 186 2823 329 2864; x_wconf 67' lang='lat' dir='ltr'><strong>Epiphanii</strong></span> <span class='ocrx_word' id='word_1_699' title='bbox 359 2831 448 2857; x_wconf 84' lang='lat' dir='ltr'><strong>locum</strong></span> <span class='ocrx_word' id='word_1_700' title='bbox 464 2823 649 2864; x_wconf 51' lang='lat' dir='ltr'><strong>&#39;Anast&#39;asi&#39;us</strong></span> <span class='ocrx_word' id='word_1_701' title='bbox 671 2823 969 2864; x_wconf 48' lang='lat' dir='ltr'><strong>cpiscopus:_l_‘iica2nns</strong></span> 
     </span>
    </p>
   </div>
   <div class='ocr_carea' id='block_1_95' title="bbox 186 2859 969 2900">
    <p class='ocr_par' dir='ltr' id='par_1_95' title="bbox 186 2859 969 2900">
     <span class='ocr_line' id='line_1_95' title="bbox 186 2859 969 2900; baseline -0.008 -8"><span class='ocrx_word' id='word_1_702' title='bbox 186 2859 220 2899; x_wconf 80' lang='grc' dir='ltr'><strong>ρ’.</strong></span> <span class='ocrx_word' id='word_1_703' title='bbox 235 2859 279 2899; x_wconf 66' lang='lat'><strong>‘49,</strong></span> <span class='ocrx_word' id='word_1_704' title='bbox 293 2869 361 2900; x_wconf 71' lang='lat' dir='ltr'><strong>tota.</strong></span> <span class='ocrx_word' id='word_1_705' title='bbox 375 2864 466 2894; x_wconf 78' lang='lat' dir='ltr'><strong>lBibl.</strong></span> <span class='ocrx_word' id='word_1_706' title='bbox 478 2863 535 2892; x_wconf 79' lang='lat' dir='ltr'><strong>PP.</strong></span> <span class='ocrx_word' id='word_1_707' title='bbox 549 2863 595 2891; x_wconf 88' lang='lat' dir='ltr'><strong>ubi</strong></span> <span class='ocrx_word' id='word_1_708' title='bbox 611 2859 704 2888; x_wconf 81' lang='lat' dir='ltr'><strong>Matth.</strong></span> <span class='ocrx_word' id='word_1_709' title='bbox 722 2861 810 2888; x_wconf 86' lang='lat' dir='ltr'><strong>l0cum</strong></span> <span class='ocrx_word' id='word_1_710' title='bbox 827 2859 902 2887; x_wconf 89' lang='lat' dir='ltr'><strong>illum</strong></span> <span class='ocrx_word' id='word_1_711' title='bbox 936 2866 969 2886; x_wconf 80' lang='lat' dir='ltr'><strong>ex</strong></span> 
     </span>
    </p>
   </div>
   <div class='ocr_carea' id='block_1_96' title="bbox 1042 1879 1796 1917">
    <p class='ocr_par' dir='ltr' id='par_1_96' title="bbox 1042 1879 1796 1917">
     <span class='ocr_line' id='line_1_96' title="bbox 1042 1879 1796 1917; baseline -0.015 -1"><span class='ocrx_word' id='word_1_712' title='bbox 1042 1887 1087 1916; x_wconf 80' lang='lat' dir='ltr'><strong>IV.</strong></span> <span class='ocrx_word' id='word_1_713' title='bbox 1108 1887 1144 1915; x_wconf 81' lang='lat' dir='ltr'><strong>Et</strong></span> <span class='ocrx_word' id='word_1_714' title='bbox 1155 1891 1217 1915; x_wconf 81' lang='lat' dir='ltr'><strong>sunt</strong></span> <span class='ocrx_word' id='word_1_715' title='bbox 1233 1889 1357 1917; x_wconf 74' lang='lat' dir='ltr'><strong>eunuchi,</strong></span> <span class='ocrx_word' id='word_1_716' title='bbox 1371 1884 1410 1912; x_wconf 86' lang='lat' dir='ltr'><strong>ait</strong></span> <span class='ocrx_word' id='word_1_717' title='bbox 1432 1883 1558 1911; x_wconf 85' lang='lat' dir='ltr'><strong>Salvator</strong></span> <span class='ocrx_word' id='word_1_718' title='bbox 1569 1901 1578 1914; x_wconf 87' lang='lat'><em>.</em></span> <span class='ocrx_word' id='word_1_719' title='bbox 1607 1881 1653 1916; x_wconf 82' lang='lat' dir='ltr'><strong>qui</strong></span> <span class='ocrx_word' id='word_1_720' title='bbox 1667 1879 1700 1907; x_wconf 75' lang='lat' dir='ltr'><strong>ab</strong></span> <span class='ocrx_word' id='word_1_721' title='bbox 1714 1879 1796 1907; x_wconf 76' lang='lat' dir='ltr'><strong>Itami-</strong></span> 
     </span>
    </p>
   </div>
   <div class='ocr_carea' id='block_1_97' title="bbox 1006 1926 1796 1968">
    <p class='ocr_par' dir='ltr' id='par_1_97' title="bbox 1006 1926 1796 1968">
     <span class='ocr_line' id='line_1_97' title="bbox 1006 1926 1796 1968; baseline -0.015 -4"><span class='ocrx_word' id='word_1_722' title='bbox 1006 1936 1083 1964; x_wconf 73' lang='lat' dir='ltr'><strong>nibus</strong></span> <span class='ocrx_word' id='word_1_723' title='bbox 1101 1934 1214 1962; x_wconf 69' lang='lat' dir='ltr'><strong>eunulti</strong></span> <span class='ocrx_word' id='word_1_724' title='bbox 1231 1933 1298 1968; x_wconf 79' lang='lat' dir='ltr'><strong>[acti</strong></span> <span class='ocrx_word' id='word_1_725' title='bbox 1315 1935 1389 1963; x_wconf 85' lang='lat' dir='ltr'><strong>sunt.</strong></span> <span class='ocrx_word' id='word_1_726' title='bbox 1412 1938 1427 1958; x_wconf 83' lang='lat' dir='ltr'><strong>a</strong></span> <span class='ocrx_word' id='word_1_727' title='bbox 1444 1929 1544 1965; x_wconf 88' lang='lat' dir='ltr'><strong>quibus</strong></span> <span class='ocrx_word' id='word_1_728' title='bbox 1564 1928 1671 1963; x_wconf 87' lang='lat' dir='ltr'><strong>priores</strong></span> <span class='ocrx_word' id='word_1_729' title='bbox 1692 1926 1796 1966; x_wconf 60' lang='lat' dir='ltr'><strong>diyersi</strong></span> 
     </span>
    </p>
   </div>
   <div class='ocr_carea' id='block_1_98' title="bbox 1007 1970 1797 2010">
    <p class='ocr_par' dir='ltr' id='par_1_98' title="bbox 1007 1970 1797 2010">
     <span class='ocr_line' id='line_1_98' title="bbox 1007 1970 1797 2010; baseline -0.014 -1"><span class='ocrx_word' id='word_1_730' title='bbox 1007 1986 1082 2010; x_wconf 82' lang='lat' dir='ltr'><strong>sunt.</strong></span> <span class='ocrx_word' id='word_1_731' title='bbox 1099 1979 1133 2007; x_wconf 81' lang='lat' dir='ltr'><strong>lli</strong></span> <span class='ocrx_word' id='word_1_732' title='bbox 1148 1979 1222 2007; x_wconf 90' lang='lat' dir='ltr'><strong>enim</strong></span> <span class='ocrx_word' id='word_1_733' title='bbox 1242 1985 1305 2006; x_wconf 88' lang='lat' dir='ltr'><strong>cum</strong></span> <span class='ocrx_word' id='word_1_734' title='bbox 1321 1977 1372 2004; x_wconf 89' lang='lat' dir='ltr'><strong>hac</strong></span> <span class='ocrx_word' id='word_1_735' title='bbox 1384 1975 1461 2003; x_wconf 88' lang='lat' dir='ltr'><strong>clade</strong></span> <span class='ocrx_word' id='word_1_736' title='bbox 1477 1976 1646 2005; x_wconf 87' lang='lat' dir='ltr'><strong>nascuntur;</strong></span> <span class='ocrx_word' id='word_1_737' title='bbox 1661 1970 1797 2006; x_wconf 70' lang='lat' dir='ltr'><strong>posterio-</strong></span> 
     </span>
    </p>
   </div>
   <div class='ocr_carea' id='block_1_99' title="bbox 1007 2017 1803 2059">
    <p class='ocr_par' dir='ltr' id='par_1_99' title="bbox 1007 2017 1803 2059">
     <span class='ocr_line' id='line_1_99' title="bbox 1007 2017 1803 2059; baseline -0.016 -4"><span class='ocrx_word' id='word_1_738' title='bbox 1007 2035 1053 2055; x_wconf 86' lang='lat' dir='ltr'><strong>res</strong></span> <span class='ocrx_word' id='word_1_739' title='bbox 1066 2030 1156 2054; x_wconf 83' lang='lat' dir='ltr'><strong>autem</strong></span> <span class='ocrx_word' id='word_1_740' title='bbox 1180 2024 1213 2052; x_wconf 87' lang='lat' dir='ltr'><strong>ad</strong></span> <span class='ocrx_word' id='word_1_741' title='bbox 1233 2025 1349 2059; x_wconf 88' lang='lat' dir='ltr'><strong>aliquetn</strong></span> <span class='ocrx_word' id='word_1_742' title='bbox 1371 2028 1465 2057; x_wconf 73' lang='lat' dir='ltr'><strong>regunt</strong></span> <span class='ocrx_word' id='word_1_743' title='bbox 1481 2023 1528 2047; x_wconf 88' lang='lat' dir='ltr'><strong>aut</strong></span> <span class='ocrx_word' id='word_1_744' title='bbox 1542 2017 1696 2055; x_wconf 87' lang='lat' dir='ltr'><strong>principum</strong></span> <span class='ocrx_word' id='word_1_745' title='bbox 1717 2024 1803 2044; x_wconf 88' lang='lat' dir='ltr'><strong>usum.</strong></span> 
     </span>
    </p>
   </div>
   <div class='ocr_carea' id='block_1_100' title="bbox 1010 2064 1806 2108">
    <p class='ocr_par' dir='ltr' id='par_1_100' title="bbox 1010 2064 1806 2108">
     <span class='ocr_line' id='line_1_100' title="bbox 1010 2064 1806 2108; baseline -0.019 -6"><span class='ocrx_word' id='word_1_746' title='bbox 1010 2075 1133 2102; x_wconf 80' lang='lat' dir='ltr'><strong>castrati.</strong></span> <span class='ocrx_word' id='word_1_747' title='bbox 1147 2072 1253 2108; x_wconf 84' lang='lat' dir='ltr'><strong>Quippe</strong></span> <span class='ocrx_word' id='word_1_748' title='bbox 1270 2070 1380 2098; x_wconf 86' lang='lat' dir='ltr'><strong>barbari</strong></span> <span class='ocrx_word' id='word_1_749' title='bbox 1395 2068 1506 2104; x_wconf 86' lang='lat' dir='ltr'><strong>quidam</strong></span> <span class='ocrx_word' id='word_1_750' title='bbox 1522 2070 1611 2102; x_wconf 68' lang='lat' dir='ltr'><strong>reges,</strong></span> <span class='ocrx_word' id='word_1_751' title='bbox 1626 2069 1674 2092; x_wconf 83' lang='lat' dir='ltr'><strong>aut</strong></span> <span class='ocrx_word' id='word_1_752' title='bbox 1689 2064 1806 2101; x_wconf 48' lang='lat' dir='ltr'><strong>tyranni.</strong></span> 
     </span>
    </p>
   </div>
   <div class='ocr_carea' id='block_1_101' title="bbox 1010 2111 1801 2156">
    <p class='ocr_par' dir='ltr' id='par_1_101' title="bbox 1010 2111 1801 2156">
     <span class='ocr_line' id='line_1_101' title="bbox 1010 2111 1801 2156; baseline -0.015 -8"><span class='ocrx_word' id='word_1_753' title='bbox 1010 2120 1143 2156; x_wconf 76' lang='lat' dir='ltr'><strong>zelotypia</strong></span> <span class='ocrx_word' id='word_1_754' title='bbox 1169 2123 1252 2154; x_wconf 86' lang='lat' dir='ltr'><strong>atque</strong></span> <span class='ocrx_word' id='word_1_755' title='bbox 1279 2118 1306 2144; x_wconf 94' lang='lat' dir='ltr'><strong>in</strong></span> <span class='ocrx_word' id='word_1_756' title='bbox 1330 2123 1431 2144; x_wconf 82' lang='lat' dir='ltr'><strong>uxores</strong></span> <span class='ocrx_word' id='word_1_757' title='bbox 1457 2121 1522 2142; x_wconf 88' lang='lat' dir='ltr'><strong>suas</strong></span> <span class='ocrx_word' id='word_1_758' title='bbox 1543 2111 1700 2147; x_wconf 83' lang='lat' dir='ltr'><strong>suspicione</strong></span> <span class='ocrx_word' id='word_1_759' title='bbox 1723 2117 1801 2139; x_wconf 81' lang='lat' dir='ltr'><strong>cem-</strong></span> 
     </span>
    </p>
   </div>
   <div class='ocr_carea' id='block_1_102' title="bbox 1011 2155 1802 2198">
    <p class='ocr_par' dir='ltr' id='par_1_102' title="bbox 1011 2155 1802 2198">
     <span class='ocr_line' id='line_1_102' title="bbox 1011 2155 1802 2198; baseline -0.014 -5"><span class='ocrx_word' id='word_1_760' title='bbox 1011 2166 1089 2197; x_wconf 89' lang='lat' dir='ltr'><strong>moti,</strong></span> <span class='ocrx_word' id='word_1_761' title='bbox 1108 2164 1255 2192; x_wconf 87' lang='lat' dir='ltr'><strong>admodum</strong></span> <span class='ocrx_word' id='word_1_762' title='bbox 1272 2169 1380 2198; x_wconf 75' lang='lat' dir='ltr'><strong>pueros.</strong></span> <span class='ocrx_word' id='word_1_763' title='bbox 1393 2164 1533 2192; x_wconf 77' lang='lat' dir='ltr'><strong>exsecant,</strong></span> <span class='ocrx_word' id='word_1_764' title='bbox 1553 2164 1623 2193; x_wconf 90' lang='lat' dir='ltr'><strong>quos</strong></span> <span class='ocrx_word' id='word_1_765' title='bbox 1639 2156 1691 2184; x_wconf 72' lang='lat' dir='ltr'><strong>ubi</strong></span> <span class='ocrx_word' id='word_1_766' title='bbox 1708 2155 1802 2185; x_wconf 80' lang='lat' dir='ltr'><strong>adole-</strong></span> 
     </span>
    </p>
   </div>
   <div class='ocr_carea' id='block_1_103' title="bbox 1011 2201 1801 2245">
    <p class='ocr_par' dir='ltr' id='par_1_103' title="bbox 1011 2201 1801 2245">
     <span class='ocr_line' id='line_1_103' title="bbox 1011 2201 1801 2245; baseline -0.015 -5"><span class='ocrx_word' id='word_1_767' title='bbox 1011 2211 1111 2245; x_wconf 87' lang='lat' dir='ltr'><strong>verint,</strong></span> <span class='ocrx_word' id='word_1_768' title='bbox 1133 2211 1201 2243; x_wconf 84' lang='lat' dir='ltr'><strong>suis,</strong></span> <span class='ocrx_word' id='word_1_769' title='bbox 1223 2213 1254 2237; x_wconf 91' lang='lat' dir='ltr'><strong>ut</strong></span> <span class='ocrx_word' id='word_1_770' title='bbox 1276 2209 1379 2236; x_wconf 89' lang='lat' dir='ltr'><strong>dictum</strong></span> <span class='ocrx_word' id='word_1_771' title='bbox 1401 2211 1455 2238; x_wconf 82' lang='lat' dir='ltr'><strong>cst,</strong></span> <span class='ocrx_word' id='word_1_772' title='bbox 1482 2203 1646 2239; x_wconf 74' lang='lat' dir='ltr'><strong>coniugibus</strong></span> <span class='ocrx_word' id='word_1_773' title='bbox 1672 2201 1801 2230; x_wconf 82' lang='lat' dir='ltr'><strong>custodes</strong></span> 
     </span>
    </p>
   </div>
   <div class='ocr_carea' id='block_1_104' title="bbox 1014 2247 1809 2290">
    <p class='ocr_par' dir='ltr' id='par_1_104' title="bbox 1014 2247 1809 2290">
     <span class='ocr_line' id='line_1_104' title="bbox 1014 2247 1809 2290; baseline -0.016 -5"><span class='ocrx_word' id='word_1_774' title='bbox 1014 2257 1172 2285; x_wconf 86' lang='lat' dir='ltr'><strong>adhibeant.</strong></span> <span class='ocrx_word' id='word_1_775' title='bbox 1187 2256 1278 2290; x_wconf 87' lang='lat' dir='ltr'><strong>Atque</strong></span> <span class='ocrx_word' id='word_1_776' title='bbox 1289 2255 1341 2282; x_wconf 90' lang='lat' dir='ltr'><strong>hoc</strong></span> <span class='ocrx_word' id='word_1_777' title='bbox 1356 2252 1438 2281; x_wconf 88' lang='lat' dir='ltr'><strong>modo</strong></span> <span class='ocrx_word' id='word_1_778' title='bbox 1453 2249 1618 2278; x_wconf 84' lang='lat' dir='ltr'><strong>calamitatis</strong></span> <span class='ocrx_word' id='word_1_779' title='bbox 1630 2247 1704 2275; x_wconf 84' lang='lat' dir='ltr'><strong>illius</strong></span> <span class='ocrx_word' id='word_1_780' title='bbox 1718 2253 1809 2275; x_wconf 64' lang='lat' dir='ltr'><strong>causa</strong></span> 
     </span>
    </p>
   </div>
   <div class='ocr_carea' id='block_1_105' title="bbox 1014 2291 1804 2330">
    <p class='ocr_par' dir='ltr' id='par_1_105' title="bbox 1014 2291 1804 2330">
     <span class='ocr_line' id='line_1_105' title="bbox 1014 2291 1804 2330; baseline -0.016 0"><span class='ocrx_word' id='word_1_781' title='bbox 1014 2303 1084 2330; x_wconf 87' lang='lat' dir='ltr'><strong>inter</strong></span> <span class='ocrx_word' id='word_1_782' title='bbox 1109 2301 1234 2329; x_wconf 87' lang='lat' dir='ltr'><strong>homines</strong></span> <span class='ocrx_word' id='word_1_783' title='bbox 1255 2298 1364 2327; x_wconf 84' lang='lat' dir='ltr'><strong>accidit.</strong></span> <span class='ocrx_word' id='word_1_784' title='bbox 1380 2297 1448 2325; x_wconf 87' lang='lat' dir='ltr'><strong>Hinc</strong></span> <span class='ocrx_word' id='word_1_785' title='bbox 1465 2295 1592 2323; x_wconf 78' lang='lat' dir='ltr'><strong>fortassis</strong></span> <span class='ocrx_word' id='word_1_786' title='bbox 1614 2297 1646 2321; x_wconf 69' lang='lat' dir='ltr'><strong>et</strong></span> <span class='ocrx_word' id='word_1_787' title='bbox 1663 2291 1804 2320; x_wconf 79' lang='lat' dir='ltr'><strong>eunucho-</strong></span> 
     </span>
    </p>
   </div>
   <div class='ocr_carea' id='block_1_106' title="bbox 1015 2337 1804 2382">
    <p class='ocr_par' dir='ltr' id='par_1_106' title="bbox 1015 2337 1804 2382">
     <span class='ocr_line' id='line_1_106' title="bbox 1015 2337 1804 2382; baseline -0.016 -7"><span class='ocrx_word' id='word_1_788' title='bbox 1015 2356 1076 2375; x_wconf 90' lang='lat' dir='ltr'><strong>rum</strong></span> <span class='ocrx_word' id='word_1_789' title='bbox 1098 2345 1243 2382; x_wconf 84' lang='lat' dir='ltr'><strong>appellatio</strong></span> <span class='ocrx_word' id='word_1_790' title='bbox 1257 2345 1409 2377; x_wconf 88' lang='lat' dir='ltr'><strong>derivatur,</strong></span> <span class='ocrx_word' id='word_1_791' title='bbox 1432 2350 1447 2370; x_wconf 70' lang='grc' dir='ltr'><strong>ο</strong></span> <span class='ocrx_word' id='word_1_792' title='bbox 1465 2342 1550 2369; x_wconf 87' lang='lat' dir='ltr'><strong>verbo</strong></span> <span class='ocrx_word' id='word_1_793' title='bbox 1566 2338 1674 2368; x_wconf 86' lang='lat' dir='ltr'><strong>scilicet</strong></span> <span class='ocrx_word' id='word_1_794' title='bbox 1685 2337 1804 2368; x_wconf 81' lang='grc' dir='ltr'>εὐνοεῖν,</span> 
     </span>
    </p>
   </div>
   <div class='ocr_carea' id='block_1_107' title="bbox 1014 2382 1805 2429">
    <p class='ocr_par' dir='ltr' id='par_1_107' title="bbox 1014 2382 1805 2429">
     <span class='ocr_line' id='line_1_107' title="bbox 1014 2382 1805 2429; baseline -0.016 -8"><span class='ocrx_word' id='word_1_795' title='bbox 1014 2393 1087 2429; x_wconf 88' lang='lat' dir='ltr'><strong>quod</strong></span> <span class='ocrx_word' id='word_1_796' title='bbox 1112 2391 1260 2427; x_wconf 85' lang='lat' dir='ltr'><strong>amputatis</strong></span> <span class='ocrx_word' id='word_1_797' title='bbox 1284 2390 1360 2418; x_wconf 83' lang='lat' dir='ltr'><strong>hisce</strong></span> <span class='ocrx_word' id='word_1_798' title='bbox 1382 2387 1507 2423; x_wconf 90' lang='lat' dir='ltr'><strong>corporis</strong></span> <span class='ocrx_word' id='word_1_799' title='bbox 1528 2385 1652 2421; x_wconf 85' lang='lat' dir='ltr'><strong>partibus</strong></span> <span class='ocrx_word' id='word_1_800' title='bbox 1680 2382 1805 2411; x_wconf 88' lang='lat' dir='ltr'><strong>benevoli</strong></span> 
     </span>
    </p>
   </div>
   <div class='ocr_carea' id='block_1_108' title="bbox 1013 2427 1806 2474">
    <p class='ocr_par' dir='ltr' id='par_1_108' title="bbox 1013 2427 1806 2474">
     <span class='ocr_line' id='line_1_108' title="bbox 1013 2427 1806 2474; baseline -0.016 -7"><span class='ocrx_word' id='word_1_801' title='bbox 1013 2427 1076 2467; x_wconf 79' lang='lat' dir='ltr'><strong>esse</strong></span> <span class='ocrx_word' id='word_1_802' title='bbox 1089 2437 1212 2474; x_wconf 60' lang='lat' dir='ltr'><strong>possint}.</strong></span> <span class='ocrx_word' id='word_1_803' title='bbox 1229 2444 1328 2472; x_wconf 89' lang='lat' dir='ltr'><strong>neque,</strong></span> <span class='ocrx_word' id='word_1_804' title='bbox 1343 2437 1439 2470; x_wconf 84' lang='lat' dir='ltr'><strong>utpote</strong></span> <span class='ocrx_word' id='word_1_805' title='bbox 1459 2431 1591 2460; x_wconf 82' lang='lat' dir='ltr'><strong>membris</strong></span> <span class='ocrx_word' id='word_1_806' title='bbox 1603 2430 1658 2458; x_wconf 86' lang='lat' dir='ltr'><strong>illis</strong></span> <span class='ocrx_word' id='word_1_807' title='bbox 1674 2427 1806 2460; x_wconf 85' lang='lat' dir='ltr'><strong>mutilatl,</strong></span> 
     </span>
    </p>
   </div>
   <div class='ocr_carea' id='block_1_109' title="bbox 1016 2473 1805 2519">
    <p class='ocr_par' dir='ltr' id='par_1_109' title="bbox 1016 2473 1805 2519">
     <span class='ocr_line' id='line_1_109' title="bbox 1016 2473 1805 2519; baseline -0.018 -6"><span class='ocrx_word' id='word_1_808' title='bbox 1016 2485 1050 2512; x_wconf 88' lang='lat' dir='ltr'><strong>ad</strong></span> <span class='ocrx_word' id='word_1_809' title='bbox 1085 2490 1232 2519; x_wconf 89' lang='lat' dir='ltr'><strong>corporum</strong></span> <span class='ocrx_word' id='word_1_810' title='bbox 1253 2481 1425 2517; x_wconf 79' lang='lat' dir='ltr'><strong>complexum</strong></span> <span class='ocrx_word' id='word_1_811' title='bbox 1452 2478 1610 2510; x_wconf 86' lang='lat' dir='ltr'><strong>coitutnque</strong></span> <span class='ocrx_word' id='word_1_812' title='bbox 1634 2476 1690 2503; x_wconf 90' lang='lat' dir='ltr'><strong>sint</strong></span> <span class='ocrx_word' id='word_1_813' title='bbox 1713 2473 1805 2501; x_wconf 80' lang='lat' dir='ltr'><strong>utiles.</strong></span> 
     </span>
    </p>
   </div>
   <div class='ocr_carea' id='block_1_110' title="bbox 1016 2518 1806 2565">
    <p class='ocr_par' dir='ltr' id='par_1_110' title="bbox 1016 2518 1806 2565">
     <span class='ocr_line' id='line_1_110' title="bbox 1016 2518 1806 2565; baseline -0.016 -8"><span class='ocrx_word' id='word_1_814' title='bbox 1016 2529 1066 2557; x_wconf 83' lang='lat' dir='ltr'><strong>Hic</strong></span> <span class='ocrx_word' id='word_1_815' title='bbox 1082 2518 1166 2565; x_wconf 73' lang='lat' dir='ltr'><strong>igitur</strong></span> <span class='ocrx_word' id='word_1_816' title='bbox 1178 2528 1248 2555; x_wconf 85' lang='lat' dir='ltr'><strong>alter</strong></span> <span class='ocrx_word' id='word_1_817' title='bbox 1259 2525 1449 2555; x_wconf 79' lang='lat' dir='ltr'><strong>cunuchorum</strong></span> <span class='ocrx_word' id='word_1_818' title='bbox 1464 2523 1533 2550; x_wconf 88' lang='lat' dir='ltr'><strong>ordo</strong></span> <span class='ocrx_word' id='word_1_819' title='bbox 1545 2526 1597 2552; x_wconf 84' lang='lat' dir='ltr'><strong>est,</strong></span> <span class='ocrx_word' id='word_1_820' title='bbox 1613 2520 1660 2556; x_wconf 88' lang='lat' dir='ltr'><strong>qui</strong></span> <span class='ocrx_word' id='word_1_821' title='bbox 1677 2528 1692 2546; x_wconf 87' lang='lat' dir='ltr'><strong>a</strong></span> <span class='ocrx_word' id='word_1_822' title='bbox 1707 2518 1806 2554; x_wconf 89' lang='lat' dir='ltr'><strong>puerili</strong></span> 
     </span>
    </p>
   </div>
   <div class='ocr_carea' id='block_1_111' title="bbox 1017 2564 1806 2603">
    <p class='ocr_par' dir='ltr' id='par_1_111' title="bbox 1017 2564 1806 2603">
     <span class='ocr_line' id='line_1_111' title="bbox 1017 2564 1806 2603; baseline -0.015 0"><span class='ocrx_word' id='word_1_823' title='bbox 1017 2564 1105 2603; x_wconf 61' lang='lat' dir='ltr'><strong>aetate</strong></span> <span class='ocrx_word' id='word_1_824' title='bbox 1119 2574 1259 2602; x_wconf 89' lang='lat' dir='ltr'><strong>hominum</strong></span> <span class='ocrx_word' id='word_1_825' title='bbox 1286 2572 1358 2601; x_wconf 87' lang='lat' dir='ltr'><strong>istud</strong></span> <span class='ocrx_word' id='word_1_826' title='bbox 1387 2578 1469 2598; x_wconf 91' lang='lat' dir='ltr'><strong>manu</strong></span> <span class='ocrx_word' id='word_1_827' title='bbox 1500 2576 1555 2597; x_wconf 91' lang='lat' dir='ltr'><strong>non</strong></span> <span class='ocrx_word' id='word_1_828' title='bbox 1583 2566 1705 2596; x_wconf 80' lang='lat' dir='ltr'><strong>ctelestis</strong></span> <span class='ocrx_word' id='word_1_829' title='bbox 1731 2564 1806 2600; x_wconf 70' lang='lat' dir='ltr'><strong>regni</strong></span> 
     </span>
    </p>
   </div>
   <div class='ocr_carea' id='block_1_112' title="bbox 1017 2621 1270 2657">
    <p class='ocr_par' dir='ltr' id='par_1_112' title="bbox 1017 2621 1270 2657">
     <span class='ocr_line' id='line_1_112' title="bbox 1017 2621 1270 2657; baseline -0.016 -7"><span class='ocrx_word' id='word_1_830' title='bbox 1017 2629 1102 2651; x_wconf 83' lang='lat' dir='ltr'><strong>causa</strong></span> <span class='ocrx_word' id='word_1_831' title='bbox 1117 2621 1270 2657; x_wconf 88' lang='lat' dir='ltr'><strong>patiuntur.</strong></span> 
     </span>
    </p>
   </div>
   <div class='ocr_carea' id='block_1_113' title="bbox 1688 2688 1806 2716">
    <p class='ocr_par' dir='ltr' id='par_1_113' title="bbox 1688 2688 1806 2716">
     <span class='ocr_line' id='line_1_113' title="bbox 1688 2688 1806 2716; baseline 0 0"><span class='ocrx_word' id='word_1_832' title='bbox 1688 2690 1698 2705; x_wconf 82' lang='grc'><strong><em>³</em></strong></span> <span class='ocrx_word' id='word_1_833' title='bbox 1710 2688 1806 2716; x_wconf 82' lang='lat' dir='ltr'><strong>Matth.</strong></span> 
     </span>
    </p>
   </div>
   <div class='ocr_carea' id='block_1_114' title="bbox 1022 2780 1811 2852">
    <p class='ocr_par' dir='ltr' id='par_1_114' title="bbox 1022 2780 1811 2852">
     <span class='ocr_line' id='line_1_114' title="bbox 1022 2780 1811 2852; baseline -0.006 -36"><span class='ocrx_word' id='word_1_834' title='bbox 1099 2797 1149 2852; x_wconf 55' lang='lat' dir='ltr'><strong>xtll</strong></span> <span class='ocrx_word' id='word_1_835' title='bbox 1163 2789 1343 2825; x_wconf 89' lang='lat' dir='ltr'><strong>plurimorum</strong></span> <span class='ocrx_word' id='word_1_836' title='bbox 1357 2787 1470 2815; x_wconf 84' lang='lat' dir='ltr'><strong>Patrum</strong></span> <span class='ocrx_word' id='word_1_837' title='bbox 1485 2784 1609 2814; x_wconf 78' lang='lat' dir='ltr'><strong>collectis</strong></span> <span class='ocrx_word' id='word_1_838' title='bbox 1619 2785 1761 2812; x_wconf 78' lang='lat' dir='ltr'><strong>sententiis</strong></span> <span class='ocrx_word' id='word_1_839' title='bbox 1776 2780 1811 2811; x_wconf 57' lang='grc' dir='ltr'>ιιι</span> 
     </span>
     <span class='ocr_line' id='line_1_115' title="bbox 1079 2833 1130 2852; baseline -0.039 0"><span class='ocrx_word' id='word_1_840' title='bbox 1079 2833 1108 2852; x_wconf 86' lang='lat' dir='ltr'><strong>ra</strong></span> <span class='ocrx_word' id='word_1_841' title='bbox 1124 2844 1130 2850; x_wconf 98' lang='lat'><strong>.</strong></span> 
     </span>
    </p>
   </div>
   <div class='ocr_carea' id='block_1_115' title="bbox 1079 2833 1130 2852">
    <p class='ocr_par' dir='ltr' id='par_1_115' title="bbox 1079 2833 1130 2852">
     <span class='ocr_line' id='line_1_116' title="bbox 1079 2833 1130 2852; baseline -0.039 0"><span class='ocrx_word' id='word_1_842' title='bbox 1079 2833 1130 2852; x_wconf 72' lang='grc'><strong>1⁵21..</strong></span> 
     </span>
    </p>
   </div>
  </div>
