1958 3050
159 88 230 118 1015

856 89 885 117 S.
905 88 1078 117 EPIPHANII

1716 86 1788 114 1016

195 146 327 182 Sequitur
337 146 435 174 deinde
449 156 455 174 z
475 146 508 173 Et
521 152 582 173 sunt
597 148 709 174 eunuchi
722 149 768 184 qui
788 149 886 184 teipse:
901 157 946 176 ca-

1033 149 1085 177 Kal
1096 149 1166 180 elo’l,
1186 149 1279 185 φησὶν,
1298 148 1451 183 εὐνοῦχοι,
1469 147 1580 180 οἵτινες
1601 146 1782 180 εὐνούχισαν
1803 143 1813 151 ’

159 198 308 221 straverunt
325 200 431 228 propter
453 195 591 229 reguunt‘.
609 193 725 227 Quinam
746 194 782 222 illi
800 203 861 222 esse
886 204 948 230 pos-

160 245 237 271 sunt,
256 239 310 266 nisi
327 240 427 275 egregii
445 239 483 266 illi
499 240 616 275 primum
631 241 759 275 apostoli,
785 245 842 268 tum
854 249 950 268 mona-

160 286 220 319 chi,
253 294 285 313 ac
315 287 411 321 reliqui
441 287 606 322 virginitatis
631 287 770 315 cultores?
789 287 949 322 Cujusmodi

162 331 239 359 luere
248 331 369 360 Joannes
384 337 410 359 et
423 331 543 360 Iacobus
559 332 680 360 Zebedici
699 333 747 360 lilii
761 343 767 360 :
784 333 830 368 qui
852 334 880 361 in
895 333 951 360 vir-

162 378 276 414 ginitate
297 378 486 412 persistentes.
513 387 543 405 ac
563 387 652 414 neque
674 379 796 406 membra
817 387 866 407 sua
891 387 951 415 pro-

163 425 232 460 priis
261 429 433 458 amputantes
458 425 601 456 manibus,
628 433 716 460 neque
728 425 811 461 492
829 426 949 461 copulati

165 471 278 505 nuptiis,
297 469 343 497 sed
373 471 464 497 animo
485 478 517 498 ac
535 476 643 505 pectore
669 471 840 504 dimicantes,
863 476 953 500 certa-

164 517 246 544 minis
265 517 338 544 illius
358 523 486 543 coronam
510 524 542 543 ac
560 517 672 548 gloriam
697 525 805 545 summa
827 526 888 545 cum
904 519 951 546 ad-

165 561 310 588 miratione
325 565 508 596 reportarunt.
527 560 682 589 Secundum
700 570 769 597 quos
781 562 886 590 intinita
904 564 952 591 ho-

165 609 269 636 minum
279 608 374 637 millia.
389 616 450 643 qua:
461 609 488 635 in
503 608 556 635 hoc
564 609 666 636 mundo
679 610 858 637 monasticam
868 610 952 638 vitam

166 654 288 688 amplexa
313 658 387 685 sunt,
411 655 437 681 iu
458 655 631 682 monasteriis
654 655 844 691 virginumque
860 664 953 684 cceno—

166 699 219 727 biis
239 699 361 734 ejusdem
384 700 544 727 certaminis
566 700 652 728 decus
676 701 773 736 adepta
790 708 863 730 sunt.
887 702 953 735 Quae

168 745 292 772 videlicet
305 745 406 772 nullam
421 754 482 773 cum
496 746 657 774 mulieribus
671 748 897 776 consuetudinem
910 748 954 776 ba-

169 792 300 824 buerunt,
311 794 357 820 sed
367 793 495 820 omnibus
504 794 562 821 suis
570 794 691 822 numeris
701 795 857 823 absolutam
869 800 954 823 certa-

168 848 228 865 tuen
242 839 380 867 obierunt.
396 839 509 872 Qualem
527 841 555 868 in
566 840 663 868 Vetere
676 840 851 869 Testamento
866 842 953 868 Eliam

168 885 254 912 fuisse
266 886 391 921 legimus,
406 894 438 914 ac
454 887 582 922 deinceps
596 887 721 920 Paulum,
739 888 862 923 quidixit
872 898 879 916 :
889 888 954 915 Dico

169 936 256 958 autent
269 940 320 958 non
341 932 442 966 nuptis,
458 933 583 968 quoniam
597 933 692 960 bonum
711 938 751 961 est
770 934 847 968 ipsis,
863 934 886 962 si
897 943 955 961 ma-

169 982 247 1003 neant
265 977 333 1004 sicut
347 985 408 1013 ego;
436 979 459 1004 si
474 983 562 1005 autent
586 987 638 1005 mm
656 979 800 1013 continent,
821 979 953 1007 nubant‘.

169 1021 311 1055 Quomodo
333 1023 416 1058 igitur
430 1023 487 1058 ipse
502 1024 669 1058 permansit?
690 1023 718 1050 Si
738 1024 810 1051 enim
828 1027 956 1052 exsertus

169 1072 222 1098 est.
246 1073 272 1095 et
296 1068 329 1095 ad
353 1069 426 1095 illius
447 1069 600 1104 exemplum
624 1069 823 1097 accommodati
847 1077 955 1098 manse-

170 1117 245 1145 runt,
263 1115 309 1149 qni
325 1115 350 1142 ei
368 1115 471 1141 similes
485 1119 588 1147 essent,
608 1120 636 1142 ut
649 1123 708 1142 eam
722 1115 830 1143 consilii
848 1119 954 1151 partem

169 1160 322 1193 inplerent,
350 1161 418 1187 sicut
446 1169 492 1196 ego
510 1161 623 1188 :lierine
644 1162 744 1196 potuit,
772 1166 801 1189 ut
828 1167 954 1190 exsectos

1000 196 1126 229 ἑαυτοὺς
1153 196 1202 222 διὰ
1223 195 1280 229 τὴν
1299 194 1473 226 ,βασιλείαν-
1494 194 1573 225 Τίνες
1596 193 1686 219 τοίνυν
1709 190 1788 218 εἶπεν

999 237 1071 268 οὗτοι
1086 241 1143 268 ἀλλ’
1156 242 1172 276 ἢ
1192 241 1217 267 οἱ
1233 241 1351 274 γενναῖοι
1380 238 1535 270 ἀπόστολοι,
1552 236 1599 264 καὶ
1613 237 1787 272 μονάζοντες,

1000 288 1048 315 καὶ
1059 288 1082 314 οι
1092 287 1209 322 καθεξῆς
1220 285 1366 322 παρθένοι;
1387 284 1514 319 Ἰωάννης
1527 284 1576 319 μὲν
1592 284 1640 310 καὶ
1658 282 1788 313 dam-160.:

1001 335 1054 361 υἱοὶ
1071 333 1224 364 Ζεϐεδαίου,
1249 333 1387 368 μείναντες
1413 332 1442 358 έν
1465 330 1615 366 παρθενίᾳ,
1637 329 1706 364 μήτε
1732 328 1789 363 μὴν

1003 380 1081 412 ἰδίαις
1096 381 1174 416 χερσὶ
1188 379 1222 406 τὰ
1241 379 1308 414 μέλη
1331 376 1530 412 ἀποτεμόντες,
1548 377 1617 412 μήτε
1639 375 1787 409 συναφθέν-

1000 434 1047 457 τες
1066 426 1158 461 γάμῳ,
1174 425 1241 452 ἀλλά
1261 426 1295 460 τῇ
1316 424 1368 460 ἰδίᾳ
1394 423 1493 459 καρδίᾳ
1513 422 1724 458 ἀγωνισάμενοι.
1739 421 1789 448 καὶ

1002 470 1159 506 Θαυμασίοις
1173 469 1203 496 τὸ
1218 469 1295 500 κλέος
1305 468 1352 495 τοῦ
1365 469 1498 502 στεφάνου
1511 467 1605 494 τούτου
1619 466 1666 493 τοῦ
1682 466 1791 500 ἀγῶνος

1002 516 1235 552 ἀπενεγκάμενοι’
1259 515 1317 551 μετ’
1334 515 1433 546 αὐτοὺς
1446 514 1474 541 δὲ
1489 514 1550 541 ὅσαι
1565 512 1692 549 μυριάδες
1704 513 1732 539 ἑν
1748 511 1789 546 τῷ

1003 563 1098 599 κόσμῳ
1117 562 1287 598 μονάζοντες,
1302 562 1350 589 καὶ
1371 561 1424 588 ἀπὸ
1440 559 1639 596 μοναστηρίων,
1656 558 1703 585 καὶ
1718 566 1790 593 παρο

1003 609 1087 636 θένων
1103 609 1178 635 τουτὶ
1191 608 1238 635 τοῦ
1259 609 1364 642 ἀγῶνος
1379 608 1410 634 τὸ
1432 606 1509 638 κλέος
1530 605 1730 641 ἀπηνέγκαντο,
1748 603 1790 630 οἴ-

1002 663 1076 686 τινες
1093 654 1198 690 σώμασι
1211 653 1348 689 γυναικῶν
1364 654 1415 680 οὐκ
1426 652 1572 688 ὲμίγησαν,
1586 650 1654 678 ἀλλά
1667 649 1789 686 ῆθλησαν

1004 701 1034 728 ὲν
1048 701 1134 735 ἀγῶνι
1148 700 1308 735 τελειοτάτῳ
1318 720 1325 733 ,
1342 700 1379 731 ὡς
1394 699 1440 726 καὶ
1456 698 1550 730 Ἠλίας
1565 698 1595 724 ὲν
1608 696 1714 731 Παλαιᾷ
1728 697 1791 721 Δια-

1005 746 1075 782 θήκῃ
1089 746 1256 782 εὑρίσκεται,
1276 737 1324 773 καὶ
1346 745 1451 777 Παῦλος
1468 744 1569 779 λέγων’
1587 743 1669 778 Λέγω
1683 742 1717 769 δὲ
1728 741 1795 775 τοῖς

1005 792 1139 827 ἀγάμοις,
1155 792 1200 820 ὅτι
1221 792 1317 819 καλὸν
1329 791 1441 824 αὐτοῖς,
1458 791 1513 818 ἐὰν
1531 791 1676 826 μείνωσιν
1698 789 1795 822 οὕτως

969 827 991 854 Β
1003 838 1044 871 ὡς
1057 837 1146 873 κάγώ.
1159 839 1195 865 El
1209 838 1243 865 δὲ
1259 839 1314 866 οὐκ
1329 838 1568 873 ἐγκρατεύονται,
1592 836 1791 871 γαμείτωσαν.

1005 885 1068 917 Πῶς
1082 883 1129 912 οὖν
1147 885 1228 915 αὐτὸς
1247 885 1353 920 ἔμεινεν
1364 893 1371 918 ;
1384 885 1416 911 Ei.
1435 884 1484 920 μὲν
1497 883 1552 919 γὰρ
1568 881 1795 918 ἀποτετμημένος

1003 929 1048 967 ἦν,
1065 932 1112 958 καὶ
1131 931 1190 958 κατ’
1208 931 1290 958 αὐτὸν
1305 930 1419 966 τέμειναν
1442 930 1615 965 ὁμοιούμενοι
1635 928 1726 964 αὐτῷ,
1749 928 1795 955 ἵνα

1006 977 1171 1013 πληρώσωσι
1196 977 1236 1008 τὺ,
1259 977 1300 1010 ὠς
1315 976 1410 1012 κάγώ·
1430 977 1489 1009 πῶς
1503 975 1728 1011 ἀποτετμημένος
1750 982 1797 1006 τις

1006 1024 1118 1051 ἐδύνατο
1142 1025 1249 1060 γῆμαι,
1271 1025 1296 1050 ει
1319 1024 1417 1059 μηκέτι
1441 1021 1647 1058 ὲνεκρατεύετο;
1673 1021 1728 1048 Καὶ
1747 1020 1794 1052 τὸ,

1007 1071 1205 1105 γαμείτωσαν,
1217 1070 1265 1096 καὶ
1279 1069 1319 1103 μὴ
1335 1070 1567 1104 πυρούσθωσαν,
1581 1068 1658 1103 ὁρᾷς,
1674 1068 1715 1093 ὅτι
1730 1066 1796 1101 περὶ

1007 1116 1171 1152 ἐγκρατείας
1197 1116 1308 1151 φάσκει,
1328 1115 1374 1142 καὶ
1399 1115 1460 1151 οὐχὶ
1478 1114 1542 1150 περὶ
1568 1112 1656 1149 μελῶν
1678 1111 1794 1147 ἀφαιρέ-

1008 1170 1077 1194 σεως
1087 1170 1095 1194 ;

170 1206 316 1240 quispiam,
352 1206 405 1234 nisi
432 1207 630 1234 continentiam
654 1216 764 1236 servare
794 1213 896 1244 posset,
919 1216 1030 1236 uxorem
1058 1208 1190 1236 duceret?
1216 1207 1285 1235 lllud
1309 1215 1385 1240 vero,
1407 1209 1517 1236 ἀξιοι-εδ
1549 1207 1664 1242 ducant,
1687 1213 1712 1236 et
1738 1215 1792 1235 non

173 1256 288 1277 urantur
299 1251 319 1285 ³,
345 1260 436 1280 nonne
458 1253 491 1280 ad
508 1254 704 1282 continentiam
730 1255 876 1290 pertinere,
905 1262 959 1282 non
971 1255 1006 1282 ad
1020 1255 1204 1282 membrorum
1223 1253 1421 1281 mutilationem
1435 1251 1649 1280 animadvertis?

207 1298 285 1331 Quod
313 1299 336 1326 si
359 1303 469 1334 propter
499 1307 614 1336 regnum
636 1302 769 1328 caelorum
796 1303 960 1337 semetipsos

172 1348 306 1371 castrassc
331 1352 360 1371 se
374 1345 503 1378 dixerint,
516 1346 563 1382 qui
579 1346 689 1375 tandem
705 1347 740 1375 ab
756 1348 801 1375 illa
824 1348 959 1376 sententia

173 1397 318 1418 secernere
336 1399 395 1418 sese
412 1396 537 1427 possunt,
564 1400 626 1428 quae
642 1394 790 1421 nonnullos
809 1402 870 1422 esse
882 1394 958 1425 dicit.

173 1437 220 1472 qui
243 1437 278 1464 ab
296 1437 454 1466 hominibus
477 1439 598 1467 eunuchi
613 1438 676 1467 facti
698 1440 781 1467 sunt?
797 1439 864 1467 Cum
885 1441 958 1468 enim

173 1490 235 1511 sese
245 1483 343 1518 aliquis
354 1485 412 1512 suis
430 1484 557 1512 manibus
569 1488 690 1518 exsecat,
703 1485 788 1513 homo
800 1486 893 1521 utique
905 1491 957 1517 est,
972 1501 994 1530 ε

174 1528 289 1564 ejusque
301 1529 428 1557 manibus
443 1530 589 1558 scelestum
603 1531 669 1558 illud
685 1531 793 1559 facinus
809 1531 958 1558 admissum

175 1578 228 1602 est.
248 1575 295 1602 Sin
322 1576 366 1603 ille
388 1576 491 1602 cladem
515 1577 595 1604 istam
613 1584 661 1604 sua
683 1577 734 1605 sibi
755 1585 838 1604 manu
853 1577 962 1604 consci-

176 1628 252 1648 scere
266 1630 319 1648 non
336 1626 436 1656 potest.
453 1622 500 1650 sed
514 1623 548 1650 ab
565 1623 626 1651 aliis
640 1628 778 1652 castratos
793 1623 884 1656 fuerit,
907 1631 961 1650 non

175 1667 231 1702 iam
250 1667 314 1694 illud
338 1668 459 1695 cadi-stis
478 1669 555 1704 regni
579 1677 663 1697 causa
677 1670 806 1704 patietur,
822 1677 854 1697 eo
875 1669 960 1704 quod,

177 1713 234 1740 sive
246 1720 294 1747 per
308 1721 347 1745 se,
364 1714 421 1741 sive
438 1714 555 1742 aliorum
569 1723 652 1750 opera
667 1716 719 1743 sibi
736 1715 810 1742 istud
824 1716 960 1748 intulerit,

176 1755 212 1783 ab
240 1756 396 1785 hominibus
422 1759 566 1787 eunuchus
587 1765 629 1787 est
658 1760 756 1788 lactus.
779 1760 962 1794 Quamobrem

177 1809 286 1829 corona:
313 1811 361 1838 spe
383 1811 415 1831 ac
440 1805 545 1840 praemii
563 1806 614 1834 iste
632 1815 745 1842 prorsus
770 1808 887 1840 excidet,
899 1815 961 1835 cum

178 1848 281 1875 nullam
302 1849 418 1884 amplius
441 1855 555 1885 gratiam
571 1857 718 1881 mereatur.
740 1853 813 1887 quod
836 1853 871 1879 ab
889 1853 963 1888 ejus-

179 1894 252 1922 modi
267 1895 415 1931 voluptatis
437 1904 489 1924 usu
505 1901 655 1932 temperet;
677 1898 723 1925 sed
741 1898 803 1926 ideo
820 1898 885 1925 illud
908 1906 963 1926 non

180 1940 278 1975 possit,
291 1941 366 1975 quod
383 1943 550 1971 necessariis
563 1943 597 1970 ad
620 1951 679 1971 eam
695 1943 861 1972 iunctionem
876 1952 963 1972 mem-

179 1984 237 2012 bris
252 1985 288 2013 sit
299 1985 458 2014 destitutus.
475 1986 610 2020 Quocirca
626 1996 674 2023 par
689 1988 815 2024 idemque
830 1989 864 2017 de
877 1997 911 2016 eo
922 1989 964 2024 ju-

179 2030 282 2058 dicium
307 2036 360 2064 est,
374 2040 406 2059 ac
415 2033 450 2060 de
464 2033 521 2066 illo,
539 2033 586 2067 qui
608 2035 718 2069 aliquod
737 2036 862 2070 corporis
880 2043 965 2063 mem-

179 2078 259 2105 brum
274 2078 393 2111 violarit,
410 2083 457 2106 aut
472 2079 587 2107 alienam
601 2081 683 2108 vitem
703 2082 859 2110 succiderit.
873 2081 967 2117 Neque

179 2124 252 2151 enim
266 2124 386 2152 divinam
404 2125 437 2152 ad
453 2125 619 2153 voluntatem
634 2127 741 2155 vivendi
763 2128 897 2155 rationem
921 2128 966 2155 in-

1044 1300 1076 1328 Εί
1092 1301 1120 1328 δὲ
1139 1301 1291 1336 φάσκουσιν
1302 1297 1374 1328 οὗτοι
1395 1299 1439 1326 διά
1452 1299 1502 1335 τὴν
1522 1298 1661 1334 βασιλείαν
1679 1297 1734 1324 τῶν
1749 1297 1795 1323 οὐ-

1010 1347 1098 1382 ρανῶν
1119 1348 1232 1379 ἑαυτοὺς
1249 1347 1446 1382 εὐνουχικέναι,
1465 1345 1523 1377 πῶς
1545 1345 1658 1376 ἑαυτοὺς
1678 1343 1796 1370 ἀπαλλο-

1008 1392 1153 1428 τριώσουσι
1176 1393 1224 1420 τοῦ
1247 1393 1392 1429 εἰρημένου
1416 1393 1556 1428 ῥήματος,
1572 1391 1613 1418 ὃτι
1632 1390 1685 1416 είσί
1705 1398 1794 1422 τινες,

1007 1439 1105 1470 οῇινες
1127 1439 1338 1474 εὐνουχίσθησαν
1356 1439 1409 1465 ὑπὸ
1428 1438 1481 1465 τῶν
1505 1437 1673 1474 ἀνθρώπων;
1690 1436 1722 1463 Εἰ
1742 1435 1800 1471 γὰρ

1009 1484 1090 1516 αὐτὸς
1100 1484 1179 1516 ἰδίαις
1191 1484 1283 1520 χερσὶν
1295 1483 1391 1510 ἑαυτὸν
1401 1482 1562 1518 εὐνουχίζει,
1573 1481 1715 1517 ἄνθρωπός
1726 1481 1797 1512 ἐστι,

1012 1530 1060 1557 καὶ
1082 1530 1111 1557 αἱ
1125 1531 1214 1565 χεῖρες
1235 1529 1317 1556 αὐτοῦ
1338 1529 1369 1556 τὸ
1385 1529 1514 1565 ἀθέμιτον
1530 1528 1609 1555 τοῦτο
1622 1527 1796 1563 εἰργάσαντο.

1012 1577 1044 1604 El
1058 1576 1086 1603 δὲ
1103 1576 1184 1608 αὐτὸς
1196 1575 1283 1611 ἐαυτῷ
1294 1575 1371 1602 οὐδὲν
1385 1575 1495 1602 δύναται
1512 1573 1625 1609 πρᾶξαι,
1645 1573 1697 1599 ὑπὸ
1710 1572 1800 1600 ἄλλων

1011 1623 1039 1650 δὲ
1051 1622 1220 1658 εὐνουχισθῇ.
1236 1622 1326 1649 οὐκέτι
1342 1621 1420 1648 ἔσται
1438 1621 1482 1647 διὰ
1509 1619 1647 1656 βασιλείαν
1665 1618 1798 1654 οὐρανῶν,

1012 1669 1079 1696 διότι
1100 1669 1153 1695 ὑπὸ
1169 1667 1322 1704 ἀνθρώπων
1334 1666 1492 1702 εὐνουχίσθη
1509 1667 1568 1702 ἤτοι
1583 1666 1616 1692 δι’
1629 1665 1721 1694 αὑτοῦ,
1740 1665 1799 1699 ἦτοι

1012 1713 1056 1741 διὰ
1071 1713 1126 1740 τῶν
1149 1713 1229 1739 τοῦτο
1253 1713 1451 1747 πεποιηκότων.
1475 1712 1602 1738 Πεσεῖται
1627 1711 1655 1738 δὲ
1678 1710 1725 1737 καὶ
1745 1709 1800 1736 ἀπὸ

1011 1760 1058 1787 τοῦ
1079 1759 1226 1795 στεφάνου,
1243 1759 1291 1786 καὶ
1308 1759 1361 1786 ἁπδ
1381 1759 1429 1786 τοῦ
1447 1758 1585 1795 βραϐείου,
1608 1757 1699 1784 οὐκέτι
1719 1756 1802 1792 χάριν

1012 1807 1082 1842 ἔχων
1100 1806 1145 1833 διὰ
1169 1806 1219 1842 τὴν
1236 1806 1343 1841 ἀποχὴν
1362 1806 1412 1840 τῆς
1434 1804 1562 1840 τοιαύτης
1579 1804 1713 1839 χρήσεως,
1731 1802 1799 1829 ἀλλά

1012 1853 1056 1880 διά
1077 1853 1107 1879 τὺ
1125 1852 1163 1888 μὴ
1186 1852 1313 1879 δύνασθαι
1337 1851 1454 1887 χρῆσθαι
1475 1850 1659 1887 ἀφῃρημένων
1677 1849 1732 1876 τῶν
1750 1850 1799 1885 τῆς

1012 1899 1142 1934 τοιαύτης
1161 1899 1315 1930 ὑποθέσεως
1330 1898 1429 1934 μελῶν.
1446 1898 1496 1925 ’Ἑν
1512 1897 1541 1924 δὲ
1555 1897 1603 1924 καὶ
1617 1897 1647 1924 τδ
1660 1896 1801 1932 αὐτὸκρι-

1013 1944 1141 1980 θήσεται,
1163 1944 1201 1976 ὡς
1220 1945 1235 1970 ό
1254 1943 1451 1979 λυμαινόμενος
1467 1943 1565 1969 ἑαυτοῦ
1586 1942 1618 1968 τὸ
1642 1941 1731 1977 μέλος,
1755 1941 1805 1968 καὶ

1013 1991 1051 2022 ὡς
1075 1992 1089 2017 ὁ
1118 1991 1224 2026 τέμνων
1252 1990 1391 2026 ἀλλότριον
1415 1989 1575 2025 ἀμπελῶνα.
1591 1989 1629 2016 Οὐ
1650 1988 1705 2024 γὰρ
1731 1987 1802 2015 κατά

1013 2036 1080 2063 Θεὸν
1097 2037 1300 2069 ἐπολιτεύσατο,
1318 2037 1386 2064 ἀλλά
1409 2037 1479 2064 κατά
1497 2035 1646 2071 ἐπιϐουλὴν
1662 2035 1701 2070 τῷ
1720 2034 1802 2070 δημι-

1014 2083 1106 2119 ουργῷ
1124 2083 1220 2119 Κυρίῳ
1240 2083 1300 2118 Θεῷ
1320 2083 1434 2118 ἀντέστη
1457 2082 1586 2114 τοιοῦτος.
1614 2081 1760 2116 Ἐπιθυμίᾳ
1773 2080 1802 2107 δὲ

1016 2130 1197 2166 περισσοτέρᾳ.
1211 2131 1225 2157 ὁ
1240 2129 1358 2162 τοιοῦτος
1381 2129 1564 2165 ὲνεχθήσεται.
1580 2129 1635 2155 Καὶ
1656 2127 1709 2163 γὰρ
1726 2128 1739 2154 ὁ
1755 2127 1800 2153 εὑ-

180 2171 283 2203 slituit,
297 2171 345 2198 sed
361 2171 453 2206 opiﬁci
468 2179 519 2199 suo
534 2171 701 2208 Dominoque
718 2173 772 2202 Deo
785 2174 903 2209 maligne
919 2183 958 2202 re-

1016 2176 1109 2211 νοῦχος
1127 2176 1219 2212 ᾄδεται
1238 2177 1314 2212 παρά
1333 2176 1372 2212 τῷ
1395 2175 1473 2211 Σοφῷ
1488 2175 1538 2202 οὐκ
1564 2176 1732 2210 ἀπεχόμενος
1753 2173 1802 2208 τῆς

180 2216 320 2249 pugnavit.
347 2215 503 2249 Quinetiam
522 2217 718 2245 vehementiori
741 2219 892 2254 cupiditate
917 2220 967 2248 ﬂa-

179 2261 277 2294 grabit.
299 2260 405 2289 Etenim
427 2262 525 2297 spado,
540 2271 594 2290 non
612 2271 627 2289 a
647 2271 696 2291 sua
716 2265 867 2300 cupiditate
882 2266 968 2294 absti-

180 2314 258 2337 nere,
286 2307 333 2334 sed
360 2316 420 2335 eam
445 2308 574 2343 perlicere
602 2317 656 2337 non
681 2317 773 2345 posse,
800 2318 815 2337 a
838 2309 967 2346 Sapiente

181 2351 282 2379 dicitur
299 2363 306 2380 :
323 2352 539 2388 Concupiscentia
553 2355 689 2388 spadonis,
704 2355 803 2391 inquit,
816 2357 966 2392 devirgina-

183 2398 429 2432 lritjuvenculam‘.
451 2399 662 2436 Proindeque,o
683 2402 826 2430 stultitiam
847 2403 967 2431 incredi-

182 2445 275 2475 bilem,
295 2445 370 2472 varie
386 2445 412 2472 in
428 2445 480 2473 hoc
496 2447 563 2474 orbe
575 2451 710 2474 terrarum
725 2449 924 2483 excogitatam!

216 2491 298 2528 493
317 2492 406 2526 Atque
423 2492 479 2519 inec
495 2497 568 2526 sunt,
584 2501 645 2528 quae
659 2493 692 2521 de
707 2494 759 2522 hoc
778 2494 968 2523 haereticorum

187 2545 282 2572 genere
297 2538 439 2572 explorare
468 2539 616 2572 potuimus.
645 2539 684 2567 De
704 2541 816 2577 quibus.
832 2548 893 2568 cum
909 2542 970 2569 bre-

187 2585 252 2611 viter
267 2583 429 2617 dixerimus,
447 2585 612 2620 eosdemque
623 2593 685 2614 esse
699 2587 882 2622 suspicemur,
897 2596 966 2623 quos

189 2634 264 2658 mtea
276 2629 560 2663 commemoravimus,
578 2632 682 2659 relictis
710 2640 742 2659 ac
771 2640 832 2659 cum
849 2633 967 2660 ludibrio

189 2676 295 2712 rejectis
311 2676 365 2703 illis
377 2677 422 2711 qui
438 2678 591 2712 scorpionis
608 2678 696 2707 instar
714 2678 798 2706 bilido
813 2679 908 2706 aculeo
925 2687 969 2706 ar—

1015 2222 1174 2258 έπιθυμίας,
1189 2222 1256 2249 ἀλλά
1274 2222 1311 2257 μὴ
1329 2222 1477 2258 δυνάμενος
1501 2222 1551 2257 τὴν
1575 2220 1722 2256 ἐπιθυμίαν
1743 2220 1802 2245 ἐπι-

1015 2269 1135 2300 τελέσαι,
1160 2269 1198 2300 ὡς
1216 2269 1306 2303 λέγει’
1324 2269 1481 2303 Ἐπιθυμία
1495 2268 1644 2302 εὐνούχου
1667 2267 1802 2300 ἀποπαρ-

1016 2314 1151 2341 θενεύσει
1167 2314 1298 2341 νεάνιδα.
1309 2314 1364 2340 Καὶ
1375 2315 1408 2340 ὲκ
1423 2313 1591 2349 πανταχόθεν
1606 2313 1629 2339 ὢ
1639 2313 1690 2348 τῆς
1702 2311 1803 2346 πολλῆς

1018 2361 1198 2396 ματαιότητος
1217 2361 1268 2396 τῆς
1289 2363 1319 2388 έν
1336 2361 1374 2397 τῷ
1397 2362 1493 2397 κόσμῳ
1518 2360 1695 2396 πολυτρόπως
1714 2361 1803 2386 ὲπινε-

1016 2408 1166 2443 νοημὲνηςῐ

1053 2499 1109 2525 Καὶ
1123 2496 1211 2524 ταῦτά
1232 2498 1305 2523 ἔστιν
1320 2496 1338 2523 ἃ
1356 2496 1420 2532 περὶ
1439 2495 1543 2522 τούτων
1558 2495 1694 2529 ὲγνωμεν,
1716 2492 1762 2519 Διὸ
1777 2493 1804 2519 ὲν

1019 2543 1143 2579 συντόμῳ
1158 2543 1222 2579 περὶ
1239 2542 1329 2569 αὐτῶν
1347 2542 1496 2578 εἰρηκότες,
1517 2541 1577 2572 καὶ,
1593 2540 1631 2571 ὡς
1648 2539 1726 2574 ἔφην,
1740 2540 1799 2565 ὐπ’)-

1019 2588 1165 2623 νοήσαντες
1188 2586 1257 2614 εἶναι
1274 2587 1385 2619 τούτους
1398 2587 1461 2618 τοὺς
1481 2585 1707 2621 προειρημένους,
1723 2592 1801 2610 καταο

1020 2633 1145 2666 λιπόντες
1166 2634 1227 2666 τοὺς
1244 2635 1358 2666 αὐτοὺς,
1382 2633 1428 2660 καὶ
1451 2632 1686 2666 καταγελάσαντες
1712 2629 1804 2664 ὥσπερ

1022 2680 1152 2716 σκορπίου
1173 2680 1322 2716 δικέντρου,
1337 2681 1393 2711 τοῖς
1414 2679 1462 2715 μὲν
1487 2678 1584 2713 τέρασι
1595 2677 1632 2712 (5)
1649 2676 1696 2703 καὶ
1711 2673 1804 2711 χηλαῖς

222 2755 230 2770 ¹
248 2755 343 2782 )tatth.
357 2763 414 2788 xix,
430 2755 473 2783 l3.
513 2757 522 2772 ¹
536 2755 546 2783 l
560 2755 625 2785 Cor.
639 2764 687 2791 vn,
699 2757 725 2785 8.
764 2756 854 2785 'ibid.
871 2757 898 2785 9.
936 2758 947 2773 ι
965 2757 1050 2785 Eceli.
1070 2766 1113 2785 xx.
1132 2759 1156 2785 2.

222 2811 261 2846 (5)
280 2810 343 2846 Leg.
360 2811 468 2847 πέρασι.
488 2810 566 2838 Ευιτ.
