1958 3050
124 126 191 155 1011

456 129 639 158 ADVERSUS
660 129 830 159 ΙΙᾸΞΙῖΙεῖεΕΞ
849 131 914 159 LIB.

989 132 1070 160 TOII‘.
1092 133 1112 161 Ι.
1131 148 1166 155 --
1181 134 1318 162 HIERES.
1337 134 1406 163 LIX.

1683 138 1756 167 1018

108 204 111 209 ι
123 186 178 213 ἀπὸ
192 184 247 212 τῶν
259 186 392 214 ἀνέκαθεν
402 186 457 214 τῶν
471 188 601 223 Πατέρων
612 189 681 224 βίοις
693 189 910 222 ἐναντιωθέντας,

974 192 1042 223 nati,
1059 192 1224 228 prodigiosis
1252 193 1428 221 brachiorum
1454 193 1605 230 forcipibus
1619 194 1675 230 jam
1696 201 1754 224 tum

124 232 154 258 ἂν
170 231 198 258 δὲ
215 231 252 266 τῷ
268 231 373 267 κέντρῳ
386 232 425 267 τῷ
439 232 518 268 τύπῳ
535 233 585 268 τῆς
603 234 682 268 ἁγίας
698 234 745 260 τοῦ
763 235 830 261 Θεοῦ
853 235 912 262 Ἐκ-

125 277 240 313 κλησιας
254 278 477 313 ἀνθισταμένους,
491 279 643 315 ὑποδήματι
660 281 849 316 ὲστηριγμένῳ
865 289 913 307 κα-

125 323 331 358 ταπατήσαντες
340 323 461 356 τούτους,
473 324 519 351 καὶ
533 325 780 359 καταγελάσαντες,
791 326 913 353 τουτέστι

125 367 169 394 διὰ
183 367 237 394 τῶν
250 368 340 403 ῥητῶν
353 367 399 394 τοῦ
413 369 590 402 Εὑαγγελίου,
600 370 670 396 κατὰ
679 370 710 396 τὸ
721 370 791 402 ἔθος,
805 371 851 397 ἐπὶ
863 371 913 404 τὰς

126 413 223 445 λοιπὰς
239 413 459 449 μεταϐαίνοντες,
473 415 591 442 ἐνταῦθα
603 415 729 451 λήξωμεν
745 417 795 452 τῆς
811 417 914 445 τούτων

128 459 245 495 ἁϐελτηρ
250 460 301 492 ίας.

367 562 461 588 ΚΑΤΑ
488 562 651 590 ΚΑΘΑΡΩΝ
660 584 669 596 ,

147 605 312 641 Τριακοστὴ
328 607 449 641 saw-dm,
465 608 484 642 ἢ
500 608 549 634 καὶ
564 608 756 644 πεντηκοστὴ
773 610 895 645 ἐννάτη.

163 654 203 680 A’.
223 652 348 686 Καθεξῆς
367 653 395 680 δὲ
413 652 513 680 τούτων
532 653 655 688 Καθαροί
675 662 746 686 τινες
774 654 915 690 λεγόμενοι

129 698 251 734 ὶφύησαν
267 698 321 725 ἀπὸ
336 698 462 725 Νασάτου
477 698 559 730 τινὸς,
573 699 611 730 ὡς
623 699 707 731 πολὺς
719 699 811 735 ᾄδεται
825 700 913 735 λόγος.

128 743 212 777 Οὗτος
226 747 240 772 ὸ
254 745 377 777 Ναὸἆτος
388 745 426 780 (6)
452 746 499 773 ἐπὶ
512 746 561 781 τῆς
581 747 726 782 Ῥωμαίων
749 747 870 783 ὑπῆρχεν
886 749 915 775 ἐν

129 792 219 828 καιρῷ
238 791 285 818 τοῦ
304 791 424 826 διωγμοῦ
449 792 496 818 τοῦ
519 791 572 828 πρὸ
596 792 749 827 Μαξιμὶνου
767 793 914 828 γενομένου

130 838 239 873 πρώτου
249 845 256 852 ·
276 837 355 873 τάχα,
366 835 451 873 οἴμαι,
466 838 561 864 Δεκίου
570 838 632 864 τότε
643 835 688 874 ἦν,
704 838 720 874 ἢ
734 839 914 874 Αὑρηλιανοῦ.

136 884 202 910 Ἀπδ
215 884 244 910 δὲ
265 883 314 918 τῆς
335 884 497 919 προφάσεως
517 884 566 919 τῆς
579 885 608 911 ὲν
631 884 670 919 τῷ
691 885 805 921 διωγμῷ
827 894 916 921 παρα-

130 930 267 956 πεσόντων
293 930 432 965 ὲπάρματι
457 929 558 966 ἀρθεὶς,
575 930 633 966 ἅμα
656 932 712 963 τοῖς
736 932 916 968 ἐπαγομένοις

129 976 204 1012 αὑτῷ
221 976 258 1012 μὴ
274 975 390 1011 θελήσας
413 976 575 1012 κοινωνῆσαι
593 977 649 1008 τοῖς
666 977 843 1012 μετανοοῦσιν
861 979 916 1006 ἀπὸ

128 1022 176 1049 τοῦ
191 1022 322 1057 διωγμοῦ,
346 1023 386 1054 εἰς
409 1022 514 1058 αἰρεσιν
531 1022 634 1058 ταύτην
652 1023 814 1059 τέτραπται,
829 1024 916 1059 λέγων

131 1067 169 1103 μὴ
183 1065 253 1094 εἷναι
276 1068 423 1103 σωτηρίαν,
441 1067 508 1094 ἀλλὰ
537 1068 600 1103 μίαν
619 1069 773 1104 μετάνοιαν.
789 1070 867 1097 Μετὰ
887 1071 916 1097 δὲ

128 1113 160 1140 τὸ
182 1112 294 1149 λουτρὸν
312 1113 411 1149 μηκέτι
430 1113 560 1140 δύνασθαι
576 1114 710 1142 ἐλεεῖσθαι
731 1124 918 1151 παραπεπτω-

129 1160 207 1188 κότα.

164 1250 218 1276 Καὶ
232 1250 310 1276 αὐτοὶ
323 1249 352 1275 δέ
365 1257 454 1284 φαμεν
471 1248 541 1275 εἶναι
558 1249 702 1284 μετάνοιαν
720 1249 794 1285 μίαν,
815 1251 861 1277 καὶ
872 1250 918 1277 διὰ

129 1295 241 1331 λουτροῦ
255 1295 466 1330 παλιγγενεσίας
481 1295 583 1330 ταύτης
599 1295 638 1330 (7)
655 1296 781 1330 γενέσθαι
796 1297 846 1332 τὴν
865 1305 918 1323 σω-

129 1341 238 1377 τηρίαν.
261 1341 330 1368 Ἀλλ1
345 1341 395 1368 οὐκ
415 1340 580 1376 ἁναιροῦμεν
595 1341 645 1376 τὴν
663 1340 710 1367 τοῦ
731 1341 799 1368 Θεοῦ
824 1341 918 1376 φιλαν-

130 1388 264 1423 θρωπίαν·
276 1388 377 1419 ειδότες
390 1387 421 1414 τὸ
435 1388 565 1422 κήρυγμα
580 1388 630 1423 τῆς
648 1387 788 1423 ἀληθείας,
810 1388 857 1415 καὶ
871 1389 917 1415 τὸν

130 1435 203 1462 ἔλεον
219 1433 266 1461 τοῦ
282 1434 428 1465 Δεσπότου,
445 1433 492 1459 καὶ
505 1432 536 1459 τὸ
547 1433 718 1467 συγγνωστὸν
736 1433 784 1468 τῆς
799 1433 915 1468 φύσεως,

129 1481 160 1508 τὸ
176 1480 331 1516 εὐρίπιστον
345 1479 394 1514 τῆς
407 1478 506 1513 ψυχῆς,
521 1478 552 1504 τδ
568 1477 679 1510 ἀσθενὲς
694 1478 744 1514 τῆς
759 1479 869 1513 σαρκὸς,
887 1479 917 1505 τὸ

130 1527 313 1555 πολύϐλυστον
332 1527 383 1562 τῆς
398 1527 452 1553 τῶν
466 1525 571 1553 πολλῶν
585 1525 736 1562 ἀνθρώπων
754 1526 916 1561 αἰσθήσεως.

129 1573 202 1600 Διύτι
213 1573 299 1605 οὐδεὶς
314 1574 511 1608 ἀναμάρτητος,
529 1572 578 1600 καὶ
593 1571 721 1606 καθαρὸς
737 1572 796 1600 ἀπὸ
805 1573 916 1606 ῥύπου,

131 1618 194 1646 οὐδ’
213 1619 252 1646 ἂν
271 1619 325 1653 μία
350 1618 445 1654 ἡμέρα
462 1622 478 1647 ὀ
495 1620 567 1652 ,βίος
585 1619 679 1646 αὑτοῦ
703 1619 751 1646 ἐπὶ
775 1619 829 1653 τῆς
849 1622 916 1654 τῆς.

132 1665 188 1691 Καὶ
200 1666 216 1699 ἡ
229 1664 278 1699 μὲν
288 1665 378 1692 τελεία
394 1666 522 1700 μετάνοια
532 1666 561 1693 ὲν
573 1665 612 1701 τῷ
620 1665 726 1702 λουτρῷ
736 1666 881 1701 τυγχάνει·
894 1667 918 1693 ει

129 1710 158 1736 δέ
170 1718 210 1743 τις
227 1710 450 1745 παρέπεσεν,οὺ›ι
461 1711 571 1738 ἀπόλλει
582 1710 677 1738 τοῦτον
690 1712 707 1747 ἡ
717 1711 784 1746 ἁγία
794 1711 840 1738 τοῦ
850 1711 918 1739 Θεοῦ

167 1776 175 1792 ι
190 1775 243 1804 Job
256 1784 311 1808 xiv,
328 1772 538 1810 4,ju:rt.LXX.

166 1843 206 1880 (6)
222 1841 317 1877 οὗτος
335 1845 352 1871 ό
374 1843 522 1880 ΝαϐᾶτοςΖ
547 1843 706 1880 ὒεηΝονειιί
726 1848 753 1872 et
776 1843 920 1873 Novatiani

131 1878 290 1906 discrimine
305 1879 399 1914 agitur
417 1879 496 1906 initio
511 1878 640 1914 Diatribaa
663 1879 700 1907 De
716 1880 867 1914 paenitentia
892 1881 919 1908 iii

132 1915 253 1955 chlesio
271 1913 351 1955 retere
367 1913 446 1955 (Vide
460 1919 525 1955 tom.
551 1913 606 1950 ΙΙΙ).
625 1914 685 1947 Quo
696 1920 827 1955 tempore
841 1923 918 1955 vero,

132 1950 258 1984 quisquis
277 1950 322 1977 ille
333 1954 386 1981 est,
407 1950 520 1977 haeresis
535 1954 632 1977 auctor
644 1950 791 1981 exstiterit,
811 1950 920 1978 dubitat

133 1984 313 2020 Epiphanius,
322 1989 349 2012 et
356 1985 554 2012 haesitationem
563 1985 774 2013 liallucinatione
782 1987 919 2014 cumulat:

134 2019 192 2056 non
207 2020 354 2056 ejusmodi.
373 2028 456 2056 quam
482 2019 593 2056 ei_falso
614 2020 735 2056 Scaliger
756 2021 859 2048 aﬂinxit
885 2021 920 2048 ad

134 2054 242 2082 Eusebii
268 2054 472 2082 annuin’2262.
499 2054 672 2089 Epiphanius.
692 2054 795 2091 inquit.
825 2065 920 2091 parum

133 2095 209 2126 caute
220 2090 286 2116 hanc
301 2091 666 2126 persecutionem(Maximini
675 2091 791 2126 scilicet)
801 2090 920 2126 διωγμὸν

133 2124 240 2160 πρῶτον
263 2125 372 2155 vocavit,
387 2125 480 2152 literesi
501 2125 545 2157 59,
564 2126 612 2152 lioc
634 2131 673 2152 est
698 2124 919 2153 Novatianorum.

134 2160 186 2187 Sed
208 2161 297 2186 multis
315 2160 444 2194 ejusmodi
461 2161 542 2187 iiwuis
566 2160 744 2195 Epiplianiuni
766 2162 921 2196 insignitum

133 2203 188 2222 esse
203 2196 443 2231 sciunikquieum
472 2197 597 2230 legerunt.
624 2196 678 2223 Nos
709 2205 761 2223 non
790 2204 921 2231 negamus

134 2232 226 2265 plures
249 2230 320 2265 apud
344 2230 524 2265 Epiphaiiiuin
544 2239 636 2258 mevos
665 2239 736 2259 esse.
768 2230 837 2258 Sed’
853 2232 920 2258 illud

134 2266 222 2302 primo
247 2270 406 2302 constanter
421 2270 503 2302 atque
517 2267 648 2293 audacter
665 2267 826 2299 asserimus,
845 2267 920 2293 illniii

134 2300 222 2335 ipsum
249 2300 391 2335 Epiplianii
413 2301 605 2334 castigatorem
629 2310 683 2328 non
708 2302 791 2329 iiawis
806 2302 922 2336 insigni-

134 2340 190 2363 tum
207 2344 269 2363 esse
292 2337 405 2370 aliquot,
422 2336 467 2363 sed
483 2336 621 2363 ulceribus
636 2341 662 2364 ct
676 2338 920 2368 carcinoniatilius,

134 2372 232 2406 quibus
248 2379 303 2398 non
319 2371 460 2407 curandis,
476 2379 565 2405 neque
580 2371 652 2398 enim
671 2373 768 2407 ἰάσιμα
784 2376 858 2404 sunt,
873 2373 920 2399 sed

134 2406 308 2441 ainputaiidis
329 2406 490 2441 jamdudum
516 2414 648 2433 navaiiius
674 2406 794 2442 operarii.
820 2407 922 2435 Deinde

134 2449 237 2468 naevum
262 2442 355 2477 istiini,
384 2449 464 2476 quem
486 2446 572 2473 notat,
595 2442 621 2468 iii
640 2441 791 2477 Epiphanio
817 2443 920 2469 nullum

136 2484 203 2513 .:ssc,
223 2476 310 2513 sedrin
323 2477 637 2513 ipsuiiinictrcdundare
652 2476 834 2513 Scaligernni.
846 2478 921 2510 Quos

134 2511 315 2548 eninroculos
333 2512 429 2548 habuit
455 2511 510 2543 ille,
532 2512 578 2546 qui
601 2511 840 2547 scribereﬁpotzﬂt,
858 2513 922 2548 Epi-

135 2545 264 2583 phaiiiuin
289 2546 427 2583 Maximini
452 2545 670 2583 persecutionem
686 2545 802 2582 primani
829 2545 922 2583 appel-

134 2581 208 2617 lare?
223 2580 289 2608 Nam
306 2581 398 2608 Gra-ce
415 2579 460 2608 ita'
473 2583 571 2617 legitur
585 2592 591 2609 :
611 2579 695 2614 Οὗτος
706 2584 720 2609 ό
735 2579 922 2615 Ναὸἄτοξτῆς

138 2616 280 2654 ignipotin
293 2617 413 2654 ὑπῆρχεν
435 2619 464 2644 ἐν
486 2616 575 2654 καιρῷ
601 2618 647 2644 τοῦ
662 2617 781 2653 διωγμοῦ
805 2618 852 2645 τοῦ
870 2619 923 2654 πρὸ

134 2652 292 2688 Μαξιμίνουν
306 2652 451 2688 γενομένου
468 2652 594 2688 πρώτου.
615 2655 681 2686 Quae
706 2652 743 2680 ita
770 2652 920 2681 Coriiarius

135 2687 213 2723 vertit
228 2694 235 2712 :
257 2686 308 2713 Hic
325 2686 446 2714 Novatus
463 2686 552 2715 lio‘mw
568 2687 630 2722 fuit,
657 2693 770 2723 tempore
793 2697 921 2722 persecu-

135 2722 221 2752 tionis,
245 2730 303 2762 qua:
329 2727 389 2749 ante
415 2722 591 2762 :llaximiiiuiit
617 2724 703 2757 prima
729 2725 790 2762 (uit.
819 2724 872 2762 Cui
895 2729 921 2751 et

135 2758 440 2794 afislraintcrprelatio
466 2763 651 2794 consentanea
676 2758 732 2786 est,
756 2759 815 2786 Non
838 2759 921 2794 igitur

135 2790 271 2828 Maximini
285 2790 503 2826 persecutionem
516 2793 631 2828 primani
644 2795 770 2828 appellat,
786 2794 833 2822 sed
846 2790 918 2826 cuin,

135 2827 213 2860 cujus
235 2831 358 2862 tempore
372 2833 485 2855 exortus
507 2827 550 2856 est
566 2827 686 2856 Novatus
703 2830 776 2856 illam
795 2835 919 2857 antcoes-

966 236 1101 264 institutis
1111 245 1125 264 a
1144 237 1274 266 Patribus
1287 239 1348 266 vita:
1358 239 1512 267 rationibus
1527 239 1662 269 adversati
1677 246 1754 274 sunt,

963 288 989 309 et
1010 283 1144 310 adversus
1163 287 1264 310 sancta!
1289 283 1336 311 Dei
1353 285 1485 312 Ecclesiae
1505 284 1620 313 formam
1638 294 1671 314 ac
1687 295 1755 322 prae-

963 329 1098 363 scriptum
1133 328 1249 356 infestos
1273 330 1383 357 aculeos
1413 331 1540 365 erigunt;
1565 331 1609 363 iis,
1631 332 1754 368 inquam,

965 374 1079 401 liriiiiter
1093 374 1228 409 impresso
1243 375 1439 406 calceamento,
1451 376 1503 403 hoc
1528 380 1570 404 est
1586 377 1755 405 sacrosancti

964 418 1113 455 Evangelii,
1132 424 1161 446 ut
1179 420 1310 453 solemus,
1333 428 1400 448 voce
1415 421 1541 456 protritis
1561 426 1588 449 et
1614 422 1700 455 elisis,
1720 423 1754 450 ad

965 465 1086 499 reliquas
1110 464 1229 493 haereses
1242 465 1375 493 translata
1391 467 1527 498 oratione,
1541 467 1585 494 hic
1599 467 1634 496 de
1645 468 1754 496 illorum

964 511 1112 539 stoliditate
1126 511 1284 547 disputandi
1299 512 1378 539 linem
1396 512 1539 540 faciamus.

1185 567 1323 596 CONTRA
1338 568 1534 601 CATHAROS,

1150 613 1267 641 Ilwresis
1289 613 1425 646 XXXIX,
1442 615 1482 642 vel
1494 614 1569 642 LIX.

1005 657 1026 685 Ι.
1047 657 1167 687 Proximi
1185 659 1288 687 abillis
1305 659 1417 687 Cathari
1443 660 1554 695 quidam
1577 661 1663 688 exorti
1680 665 1757 695 sunt,

965 711 980 730 a
995 703 1110 736 Novato,
1125 709 1156 732 ut
1167 705 1239 732 fama
1255 706 1422 740 percrebuit.
1432 706 1556 734 Novatus
1570 715 1652 742 porro
1664 707 1758 735 Romae

964 752 1163 786 persecutionis
1179 751 1253 779 illius
1270 755 1394 787 tempore
1422 751 1486 784 fuit,
1511 760 1573 788 qnte
1597 760 1656 780 eain
1683 757 1759 780 ante-

966 797 1061 830 cessit,
1080 806 1162 832 quam
1177 797 1342 825 Maximinus
1356 798 1505 832 excitavit;
1530 806 1591 833 quas
1621 798 1706 831 Decii,
1728 802 1759 826 ut

966 844 1073 878 opinor,
1090 848 1137 870 aut
1153 843 1294 871 Aureliani
1309 843 1369 871 fuit.
1380 844 1561 876 Quamobrem
1575 849 1686 880 propter
1699 853 1758 877 eos,

968 889 1014 924 qui
1042 889 1069 916 in
1098 890 1144 916 illa
1168 889 1358 924 persecutione
1377 889 1445 925 lapsi
1468 890 1589 922 fuerant,
1606 898 1668 918 cum
1684 898 1760 918 arro-

968 934 1061 970 gantia
1077 942 1130 962 una
1144 942 1206 962 cum
1222 934 1280 962 suis
1295 934 1404 963 inflatus
1424 943 1472 963 eos
1486 935 1514 962 in
1538 936 1759 964 communionem

968 981 1054 1008 nollet
1074 980 1229 1013 admittere,
1257 981 1304 1016 qui
1331 985 1393 1016 post
1421 982 1642 1017 persecutionem
1670 982 1759 1017 pceni-

969 1026 1082 1053 tentiam
1097 1031 1285 1062 susceperant,
1302 1027 1335 1054 ad
1351 1035 1411 1055 eam
1428 1036 1457 1056 se
1472 1029 1608 1056 convertit
1622 1029 1758 1061 haeresim,

968 1073 1071 1100 nullam
1088 1078 1117 1100 ut
1131 1080 1194 1101 esse
1209 1081 1285 1108 spem
1300 1074 1398 1102 salutis
1414 1080 1560 1106 assereret,
1576 1080 1658 1110 atque
1675 1083 1758 1102 unam

969 1118 1103 1146 duntaxat
1119 1127 1180 1147 esse
1193 1120 1397 1155 paenitentiam.
1411 1120 1463 1153 Qui
1481 1125 1571 1148 antem
1586 1126 1648 1156 post
1674 1121 1760 1157 bapti-

970 1173 1059 1193 smum
1075 1165 1254 1201 delinqueret,
1271 1166 1374 1194 nullam
1384 1174 1448 1202 erga
1464 1175 1526 1194 eum
1544 1168 1760 1196 misericordiam

970 1211 1093 1238 adhiberi
1108 1220 1199 1246 posse.

1005 1258 1087 1293 Atqui
1104 1266 1156 1286 nos
1172 1266 1254 1286 unam
1274 1266 1336 1286 esse
1356 1258 1545 1294 pmnitentiam
1570 1260 1643 1288 ultro
1663 1268 1760 1288 conce-

969 1303 1071 1336 dimus,
1099 1311 1131 1332 ac
1158 1312 1207 1339 per
1222 1312 1281 1332 eam
1299 1305 1403 1332 iterata
1428 1306 1614 1341 generationis
1629 1306 1760 1334 lationem

970 1349 1004 1376 ad
1022 1349 1139 1376 salutem
1156 1349 1304 1384 perveniri,
1322 1350 1369 1377 sed
1382 1350 1429 1378 Dei
1447 1350 1645 1379 humanitatem
1659 1359 1691 1380 ac
1706 1353 1760 1380 cle-

970 1395 1098 1422 mentiam
1113 1395 1225 1421 miniine
1238 1395 1368 1426 tollimus,
1387 1403 1449 1422 cuiii
1466 1401 1492 1423 et
1511 1397 1634 1425 veritatis
1649 1397 1759 1433 dogma,

969 1441 997 1465 ct
1015 1438 1233 1466 misericordiam
1257 1438 1377 1472 Domini,
1405 1445 1511 1468 natura:
1536 1446 1637 1470 nostrae
1665 1443 1760 1470 condi-

969 1485 1070 1511 tionem
1086 1484 1164 1511 venia
1179 1492 1247 1512 sane
1258 1485 1378 1519 dignam,
1391 1490 1418 1513 et
1434 1487 1588 1514 animorum
1604 1488 1760 1516 inconstan-

930 1541 952 1571 α
970 1530 1046 1561 tiam,
1063 1534 1090 1557 et
1109 1530 1324 1558 imbecillitatem
1337 1531 1440 1564 carnis,
1457 1535 1483 1559 ct
1499 1539 1631 1560 sensuum
1650 1534 1678 1561 in
1702 1535 1759 1570 ple-

969 1577 1063 1611 risque
1093 1575 1253 1604 hominibus
1278 1577 1426 1605 distractos
1454 1585 1486 1605 ac
1511 1578 1661 1614 dissipatas
1686 1580 1759 1608 vires

968 1625 1127 1656 perspectas
1164 1621 1324 1649 habeamus.
1361 1621 1497 1655 Quoniam
1537 1630 1617 1650 nemo
1655 1624 1760 1664 peccati

969 1675 1068 1702 expers
1081 1673 1136 1698 est,
1151 1675 1233 1702 neque
1254 1667 1368 1694 mundus
1382 1676 1398 1695 α
1409 1668 1543 1701 sordibus,
1561 1677 1592 1696 ne
1606 1670 1629 1696 is
1643 1671 1759 1706 quidem,

969 1713 1046 1748 cujus
1068 1718 1108 1741 est
1120 1714 1200 1741 unius
1221 1713 1273 1740 diei
1290 1716 1344 1741 vita
1361 1722 1440 1750 super
1459 1719 1557 1741 terram
1573 1715 1592 1741 ².
1617 1715 1761 1744 Enimvero

969 1850 1034 1874 ante
1058 1844 1200 1872 Maximini
1227 1845 1446 1879 persecutionem
1466 1845 1680 1873 Novatianorum
1707 1846 1760 1873 Ine-

969 1882 1052 1909 resiin
1069 1889 1084 1907 a
1099 1879 1204 1907 Novato
1219 1879 1363 1907 conﬂatam
1377 1887 1439 1908 esse
1457 1881 1604 1915 signilit'at.
1627 1881 1695 1907 Nam
1709 1881 1760 1908 ali-

969 1921 1035 1952 qnot
1053 1916 1133 1952 annis
1156 1919 1219 1950 post
1241 1914 1516 1952 hlaximjnibbigpin
1538 1917 1659 1952 emersit.
1678 1915 1760 1943 Eusc-

969 1949 1030 1980 liius
1045 1951 1078 1978 ad
1092 1949 1193 1977 annum
1208 1949 1400 1985 primuinGalli
1415 1955 1442 1977 et
1456 1949 1597 1978 Volusiani
1609 1961 1615 1978 :
1628 1950 1760 1983 Novatus,

971 1987 1072 2021 inquit.
1089 1984 1224 2020 presbyter
1241 1984 1369 2021 Cypriani
1388 1984 1499 2012 Romam
1513 1987 1616 2012 ueniens
1632 1985 1760 2013 Novatia-

972 2020 1035 2049 nurn
1065 2026 1089 2048 et
1113 2025 1221 2047 cwteros
1258 2020 1418 2052 confessam:
1444 2020 1495 2047 sibi
1521 2022 1614 2056 sociat,
1638 2029 1667 2048 eo
1691 2029 1741 2056 quo

970 2057 1108 2085 Carnelius
1121 2055 1271 2090 pwiiitenlcs
1285 2059 1423 2090 apostatas
1442 2056 1589 2089 recepisset.
1606 2055 1678 2083 Idem
1695 2064 1760 2083 vero

970 2094 1074 2120 Hister.
1096 2091 1143 2119 lib.
1159 2098 1197 2122 vi,
1213 2098 1275 2125 cap.
1291 2090 1336 2121 45,
1361 2098 1394 2116 ex
1418 2089 1548 2126 Dionysio
1569 2090 1756 2118 Alexandrino

970 2129 1056 2154 refert
1068 2126 1212 2153 Novatiaiii
1226 2125 1345 2153 schisnia
1361 2130 1474 2160 propter
1488 2125 1535 2153 cos
1552 2131 1675 2153 coortum
1687 2134 1760 2160 esse,

973 2163 1019 2197 qui
1043 2162 1070 2189 in
1096 2161 1169 2197 Decii
1195 2161 1387 2196 persecutione
1412 2161 1485 2197 lapsi
1511 2161 1544 2188 ad
1572 2161 1759 2197 plenitcntiain

973 2195 1075 2232 recepti
1103 2195 1221 2223 fuerant.
1249 2197 1284 2222 At
1310 2200 1370 2232 post
1396 2195 1580 2223 Maximinum
1601 2204 1760 2224 successere

973 2229 1128 2259 Gordianus
1144 2232 1223 2258 annis
1241 2239 1256 2257 v
1271 2251 1279 2263 ,
1305 2229 1444 2265 Philippus
1464 2233 1544 2259 annis
1561 2239 1608 2258 vii.
1626 2232 1700 2264 Quos
1713 2239 1759 2258 ex-

973 2269 1044 2302 cepit
1066 2267 1184 2302 Decius,
1202 2267 1255 2302 glli
1280 2274 1335 2293 uno
1361 2267 1480 2293 alterove
1508 2267 1651 2301 imperavit
1675 2274 1759 2294 anno.

973 2275 1044 2302 cepit
1076 2275 1184 2297 uecms,
1202 2275 1255 2328 θυι
1280 2275 1335 2293 uno
1361 2275 1480 2293 alterove
1508 2275 1651 2301 imperavit
1675 2275 1759 2294 anno.

973 2303 1042 2330 Tum
1057 2301 1192 2338 Gallusct
1225 2302 1379 2338 olusianus.
1396 2302 1517 2338 Alterum
1537 2302 1680 2338 Epiplianii
1694 2311 1759 2338 μνη·

974 2338 1084 2373 privtsz
1097 2337 1218 2373 σφάλμα,
1236 2336 1308 2371 quod
1331 2337 1534 2373 proxinieraiite
1547 2337 1684 2365 Maximini
1700 2336 1760 2372 per-

973 2371 1140 2400 Secutionem
1158 2371 1231 2400 Decii
1260 2375 1307 2398 aut
1329 2372 1467 2407 Aureliani
1491 2372 1609 2407 διωγμόν
1626 2371 1759 2399 collocati.

972 2409 1036 2435 dum
1052 2415 1113 2435 esse
1128 2415 1181 2434 non
1199 2408 1258 2435 sine
1283 2406 1453 2434 dubitatione
1475 2406 1566 2441 putat.
1588 2407 1655 2434 Nam
1673 2407 1759 2434 Maxi-

973 2445 1039 2470 iiimi
1054 2442 1270 2477 persecutionem
1286 2446 1380 2468 Secuta
1391 2446 1480 2472 est,iit
1489 2442 1615 2473 vidimus,
1627 2441 1760 2477 Deciana;

973 2479 1137 2506 Aurelianus
1160 2485 1226 2504 vero
1240 2485 1275 2504 xx
1294 2478 1405 2504 circiter
1426 2485 1498 2504 anno
1513 2482 1574 2512 post
1596 2477 1670 2504 Decii
1689 2486 1757 2504 inor-

973 2518 1027 2541 tein
1043 2515 1178 2548 imperare
1192 2513 1285 2547 cmpit.
1304 2512 1343 2548 [Sx
1362 2520 1417 2546 quo
1437 2513 1463 2548 in
1479 2513 1592 2540 alterius
1609 2513 1754 2548 hallucina-

973 2549 1056 2576 tionis
1069 2547 1254 2582 suspicionem
1278 2547 1423 2574 adducitur
1440 2547 1619 2582 Epiphanius,
1633 2553 1663 2575 ut
1676 2547 1758 2575 Maxi-

972 2585 1062 2611 ininos
1078 2585 1183 2614 anilios,
1194 2591 1291 2617 nempe
1307 2584 1476 2617 superiorem
1490 2583 1631 2618 illum,qui
1648 2583 1757 2610 Alexan-

972 2620 1051 2646 drum
1085 2619 1223 2645 Mamnieaa
1257 2619 1341 2644 lilium
1370 2618 1488 2648 occidit.
1521 2621 1548 2646 et
1580 2619 1759 2645 recentiorem

972 2656 1099 2684 alterum,
1114 2653 1160 2688 qui
1182 2653 1341 2680 Diocletiani
1363 2658 1389 2680 et
1413 2652 1568 2680 Maximiani
1593 2653 1756 2687 persecutia-

971 2697 1034 2716 ιιι-ιιι
1073 2689 1251 2724 propagavit,
1286 2689 1338 2716 sub
1377 2688 1548 2724 Constantini
1588 2689 1759 2724 imperatoris

972 2722 1140 2760 primordia,
1164 2722 1240 2751 inter
1271 2731 1300 2760 se
1331 2723 1495 2760 coiil‘udcrit.
1516 2722 1592 2760 _Naui
1620 2722 1760 2760 Masimini

972 2757 1142 2794 posterioris,
1166 2760 1224 2786 sive
1247 2759 1337 2792 potius
1363 2757 1523 2785 Diocletiani
1540 2758 1759 2793 persecutionem

972 2793 1071 2821 Dec-ius
1087 2799 1115 2821 ct
1131 2794 1295 2820 Aurelianus
1316 2793 1492 2820 antecedunt.

1007 2830 1046 2860 l7)
1065 2831 1117 2857 Διά
1136 2828 1266 2862 ,λουτροῦ
1292 2828 1523 2862 malm-erecta;-
1548 2828 1668 2861 ταύτης.
1693 2826 1761 2854 Cor.

134 2868 203 2889 ωδεε
216 2862 292 2890 dicit.
310 2863 337 2890 In
357 2870 411 2892 quo
427 2867 524 2892 peccat
539 2863 693 2893 dupliciter.
709 2864 830 2893 l‘riniuni
845 2866 918 2898 quod
958 2865 1082 2899 ιταύτην.
