1958 3050
188 130 260 158 illi!)

894 135 925 165 S.
947 135 1118 165 ΕΡΙΡΙΙᾹΝΙΙ

1755 139 1826 168 1(νὲιῦ

190 186 313 221 perfecta
325 187 352 214 iu
367 188 503 223 baptismo
517 191 626 226 quidem
648 191 807 227 paenitentia
822 197 875 221 est.
891 193 945 222 Sed
958 193 981 222 si

1040 194 1199 229 Ἐκκλησία.
1213 195 1310 221 Δίδωσι
1321 194 1376 230 γὰρ
1388 194 1582 226 ὲπάνοδον,καὶ
1598 193 1666 230 μετὰ
1677 194 1726 230 τὴν
1741 195 1827 232 μετὰ·

191 231 255 265 qnis
267 233 409 265 exciderit,
427 242 482 261 non
501 235 576 262 illum
603 241 699 264 sancta
721 237 766 265 Dei
783 237 906 266 Ecclesia
922 247 984 274 pcr-

190 277 277 304 ditum
294 279 368 309 velit.
397 280 452 307 imo
462 285 490 308 et
503 286 652 317 receptura.
673 287 700 310 et
718 288 779 318 post
791 284 981 319 paenitentiam

191 325 316 351 llllllalldi
332 325 440 353 consilii
456 326 613 355 facultatem
632 328 840 364 indulget.Nam
858 334 885 357 et
897 330 982 359 Caino

191 368 264 397 Deus
281 370 350 398 dixit
364 380 371 397 :
387 372 519 405 Peccasti,
547 375 650 408 quiesce
666 375 684 402 ¹.
700 375 784 411 494
798 376 863 403 Item
878 377 983 412 paraly-

190 415 244 442 tico
261 425 268 443 :
295 416 364 445 Ecce
378 427 459 445 sanus
479 428 517 451 es.
531 421 586 447 noli
600 421 714 455 amplius
728 429 835 455 peccare
844 422 915 452 '.Ad
926 422 983 451 haec

191 461 303 490 l’ctruin
323 468 385 498 post
399 465 574 500 negationem
603 471 714 494 revocat
739 466 881 499 Dominus,
902 471 930 496 et
948 467 982 496 ad

191 507 328 542 triplicem
367 509 441 536 illam
473 510 645 546 negationem
675 512 909 547 compensandam
941 517 984 541 ter

191 552 283 587 ipsum
309 554 342 582 ad
374 555 576 584 confessionem
607 557 848 591 induxitzl’etre,
874 559 982 595 inquit,

189 606 270 626 amas.
281 601 341 627 me?
358 599 471 634 Deinde,
488 600 573 628 Pasce
584 610 642 628 oves
655 610 726 630 mea:
734 603 755 629 ⁸.

224 645 257 672 ll.
278 645 331 673 Sed
359 647 420 675 illos
439 648 563 682 Apostoli
584 647 690 680 dictum
722 648 787 677 illud
812 649 840 677 in
860 658 981 678 errorem

190 689 305 724 impellit
322 700 328 717 :
346 690 514 726 [inpossibile
528 697 568 719 est
593 701 647 724 eos.
675 693 720 727 qui
742 694 821 720 semel
836 693 987 725 illuminari

188 741 261 768 sunt.
278 742 303 764 et
315 743 488 773 gustaverunt
509 738 606 765 bonum
627 737 676 765 Dei
690 740 796 766 uerbum
816 747 849 766 ac
873 740 981 767 uirtutes

188 781 275 815 futuri
287 783 391 815 sa'culi,
406 790 430 811 et
441 784 604 816 ceciderunt,
624 792 731 811 rursum
743 793 880 817 renouare.
894 786 982 812 cruci-

188 829 296 864 figentes
333 831 503 865 sibimetipsis
531 830 632 858 Filium
659 831 719 864 Dei,
748 837 772 858 et
803 833 981 861 traducentes.

1033 248 1108 267 νοιαν
1132 239 1183 275 τὴν
1211 240 1394 275 μεταμέλειαν
1481 239 1526 275 Τῷ
1546 239 1600 275 γὰρ
1624 240 1694 266 Κάῖν
1714 238 1791 267 εἶπεν
1809 241 1826 267 ό

1033 287 1100 319 Θεός
1111 294 1117 302 ·
1135 287 1295 322 Ἥμαρτες,
1311 287 1476 322 ἰἱσύχασον
1486 294 1493 301 ·
1511 286 1558 313 καὶ
1571 286 1611 322 τῷ
1629 287 1822 322 παραλυτικῷ·

1039 333 1112 361 Ἰδοὺ
1126 333 1215 369 ὑγιὴς
1229 333 1365 371 γέγονας,
1386 332 1493 368 μηκέτι
1518 332 1678 368 ἁμάρτανε.
1699 333 1753 359 Kal.
1773 333 1825 361 Πέ-

1032 388 1096 416 τρον
1109 380 1284 409 ἀνακαλεῖται
1302 380 1316 406 ὁ
1333 379 1436 416 Κύριος
1451 379 1520 415 μετὰ
1534 379 1565 405 τὸ
1579 379 1759 416 ἀρνήσασθαι,
1775 379 1825 406 καὶ

1032 426 1093 453 ἀντὶ
1110 426 1165 453 τῶν
1180 426 1264 462 τριῶν
1288 426 1429 461 ἀρνήσεων
1450 425 1512 461 τρὶς
1534 424 1616 452 αὐτὸν
1631 425 1824 462 προσκαλεῖται

1032 472 1073 503 ei;
1085 471 1244 506 ὁμολογίαν·
1264 470 1390 506 Ἀγαπᾷς
1402 479 1452 505 με,
1465 470 1558 505 Πέτρε
1568 480 1578 504 ;
1590 470 1644 498 Καί
1655 479 1737 506 φησι·
1751 470 1822 498 Ποία

1030 523 1119 551 μαινε
1131 516 1167 543 τὰ
1185 514 1318 551 πρόϐατά
1334 523 1405 551 μου.

1068 645 1105 671 B'.
1125 644 1242 680 Σφάλλει
1257 645 1286 672 δὲ
1297 645 1397 678 αὐτοὺς
1414 646 1444 674 τὸ
1455 645 1536 681 ῥητὸν
1549 645 1586 681 (9)
1597 645 1643 672 τοῦ
1661 645 1830 674 Ἀποστόλου.

1031 690 1193 726 εἰρημένον⁸
1226 691 1384 719 Ἀδύνατον
1409 691 1483 725 τοὺς
1505 691 1586 724 ἅπαξ
1608 691 1824 726 φωτισθέντας,

1032 733 1082 764 καὶ
1096 737 1192 764 καλὸν
1206 737 1413 773 γευσαμένους
1433 737 1507 766 Θεοῦ
1523 738 1617 773 ῥῆμα,
1631 737 1774 773 δυνάμεις
1788 747 1820 765 τε

1031 783 1085 810 τοῦ
1095 783 1265 818 μέλλοντος
1278 784 1397 818 αὶῶνος,
1411 785 1461 812 καί
1472 785 1714 819 παραπεσόντας.
1728 784 1821 811 πάλιν

1031 830 1244 863 ἀνακαινίζειν,
1261 831 1530 866 ἀνασταυροῦντας
1545 831 1664 864 ἑαυτοῖς
1684 830 1738 857 τὸν
1752 831 1822 858 Υὶὸν

190 875 273 902 Terra
291 877 372 909 enim,
382 885 442 912 quae
456 878 678 912 supervenientem
690 878 717 905 in
728 887 756 906 se
764 879 860 913 sepius
873 879 980 906 imbrem

1034 877 1085 904 τοῦ
1111 877 1186 904 Θεοῦ
1199 896 1207 909 ,
1225 877 1274 904 καὶ
1297 877 1626 913 παραδειγματίζοντας.
1652 876 1697 912 Γῆ
1717 877 1772 912 γὰρ
1800 878 1820 911 ἠ

188 921 295 954 biberit.
310 927 335 949 et
350 923 504 956 produxerit
523 922 630 950 herbam
658 928 834 958 opportunam
857 924 923 957 illis,
935 933 981 959 per

187 976 252 1003 quas
267 969 378 1001 colitur,
391 970 524 1004 particeps
551 975 590 998 ut
613 970 812 997 benedictionis.
840 969 981 1005 Proferens

188 1019 277 1041 autem
293 1015 384 1050 spinus
395 1020 420 1042 et
435 1015 558 1049 tribulos,
585 1016 697 1050 repruba
716 1022 767 1048 est,
793 1021 818 1043 et
841 1016 981 1044 maledicto

186 1060 326 1093 proxima;
349 1061 426 1092 cujus
446 1062 508 1096 ﬁnis
528 1067 568 1089 est
593 1063 621 1089 in
649 1062 858 1089 combustionem
872 1062 893 1089 ⁸.
913 1062 981 1090 Nam

191 1112 287 1132 revera
316 1106 364 1141 qui
397 1107 484 1134 semel
515 1107 640 1135 renovati
669 1107 841 1142 ceciderunt,
855 1107 981 1136 renovari

187 1152 306 1186 amplius
321 1160 375 1179 non
389 1157 514 1188 possunt.
529 1153 622 1188 Neque
632 1153 705 1181 enim
721 1158 850 1182 nascetur
865 1155 983 1190 amplius

188 1197 329 1229 Christus.
344 1202 373 1225 ut
390 1206 440 1233 pro
456 1199 536 1227 nobis
562 1199 590 1226 in
621 1207 732 1227 crucem
759 1205 868 1235 agatur.
889 1200 983 1236 Neque

192 1243 238 1270 Ilei
253 1243 353 1271 Filium
380 1244 407 1272 in
424 1251 508 1272 cruce
527 1245 697 1279 suspendere
722 1246 860 1282 quispiam
880 1251 981 1282 potest,

186 1290 233 1324 qui
260 1289 287 1316 id
303 1289 375 1317 ultra
400 1291 504 1326 perpeti
532 1291 646 1327 nequit;
663 1299 752 1327 neque
777 1292 891 1320 alteram
920 1293 982 1328 quis

189 1343 324 1370 usurpare
337 1336 466 1364 lotionem
482 1338 666 1373 potest.quod
680 1346 752 1366 unus
767 1338 922 1373 baptismus
946 1339 983 1367 sit

188 1389 300 1415 unaque
314 1382 466 1410 renovatio.
480 1382 580 1410 Verum
592 1383 690 1412 horum
701 1384 823 1412 omnium
832 1384 981 1412 remedium

187 1428 283 1455 statim
295 1428 446 1464 Apostolus
460 1429 581 1464 subjicit.
595 1436 623 1458 ut
635 1435 664 1459 et
677 1430 806 1459 Ecclesia:
819 1431 981 1460 medicinam

189 1475 286 1505 faciat,
300 1479 327 1501 et
342 1475 416 1503 illius
427 1476 558 1504 membris
569 1478 707 1505 consulat.
727 1477 873 1512 Aititaque
888 1487 895 1505 :
911 1477 981 1505 Cun-

136 1545 138 1548 .
187 1520 295 1555 ﬁdimus
311 1527 397 1549 autem
410 1521 444 1549 de
459 1523 543 1555 vobis,
568 1523 731 1555 clmrissimi,
754 1523 865 1551 meliora
879 1528 903 1551 et
915 1524 980 1551 vici-

188 1567 265 1593 niora
276 1568 370 1598 saluti.
380 1569 486 1596 tametsi
498 1570 537 1596 ita
553 1569 697 1604 loquimur.
708 1569 769 1597 Non
781 1571 850 1598 enim
864 1570 980 1605 iujustus

186 1616 227 1638 ut
245 1611 325 1644 Deus,
344 1617 373 1638 ut
388 1612 560 1640 obliviscatur
574 1614 636 1641 boni
650 1615 736 1648 operis
753 1615 865 1642 uestri'.
883 1614 911 1642 In
927 1623 982 1650 quo

188 1657 266 1685 vides
299 1659 531 1692 quemadmodum
554 1663 582 1687 et
607 1659 835 1688 instaurationem
857 1661 929 1688 illam
942 1669 983 1689 se-

189 1702 310 1729 cundam
337 1704 395 1730 ﬁeri
411 1712 466 1731 non
494 1712 576 1738 posse
608 1706 722 1733 omnino
750 1707 980 1741 pronuntiaverit,

188 1756 278 1784 neque
294 1753 384 1776 tamen
400 1758 415 1776 a
433 1750 522 1778 salute
535 1750 598 1779 illos
611 1752 774 1784 excluserit,
790 1760 862 1788 quos
876 1753 981 1788 peccati

188 1793 231 1821 sui
242 1795 387 1828 paeniteret
398 1803 406 1828 ;
419 1795 468 1823 sed
483 1801 510 1823 et
525 1797 606 1824 saluti
622 1797 792 1833 propinquos
807 1806 867 1826 esse
882 1798 983 1827 dixerit

187 1845 216 1868 et
230 1840 314 1868 Deum
331 1846 407 1869 recte
419 1842 454 1869 ab
468 1842 502 1870 iis
530 1843 666 1872 factorum
693 1852 755 1873 esse
781 1848 980 1880 susceptorem,

188 1885 236 1920 qui
250 1886 412 1914 delictorum
428 1895 541 1916 suorum
557 1889 710 1917 absolutam
730 1891 920 1925 paenitentiam
935 1899 982 1918 ca-

190 1937 345 1967 pesserent.
374 1941 461 1969 seque
486 1935 555 1962 adeo
575 1940 776 1970 converterent,
804 1937 982 1973 animumque

191 1983 342 2006 mutarent.

223 2024 406 2057 Quamobrem
422 2034 485 2054 cum
505 2027 616 2056 divinus
632 2036 733 2061 sermo,
751 2033 809 2056 tum
825 2033 918 2057 sancta
934 2028 981 2057 Dei

189 2069 312 2097 Ecclesia
326 2077 458 2107 perpetuo
466 2073 655 2107 paenitentiam
671 2073 820 2108 approbat;
837 2082 891 2101 non
909 2074 982 2109 quod

189 2117 300 2145 mollior
328 2125 361 2145 ac
381 2118 496 2146 dilutior
513 2119 562 2151 sit,
579 2123 627 2145 aut
645 2119 780 2154 pigriores
805 2120 867 2148 illos
886 2120 980 2153 iaciat,

187 2163 236 2197 qui
254 2163 281 2190 in
301 2164 349 2190 illo
368 2164 460 2191 stadio
485 2164 652 2198 decurrunt;
671 2164 718 2192 sed
742 2170 772 2192 ut
791 2165 838 2193 Dei
854 2165 981 2198 gratiam,

1032 922 1145 950 πιοῦσα
1157 923 1211 950 τὸν
1220 923 1266 950 ἐπ’
1278 922 1373 957 αὐτῆς
1385 923 1535 957 πολλάκις
1544 924 1708 958 ἐρχόμενον
1720 923 1820 954 ὑετὸν,

1032 971 1082 997 καὶ
1098 970 1243 997 τίκτουσα
1261 969 1398 1004 βοτάνην
1413 970 1535 997 εὔθετον
1555 969 1691 1002 ἐκείνοις,
1716 968 1753 994 δι’
1767 969 1821 1001 οὓς

1032 1017 1082 1043 καὶ
1106 1015 1289 1052 γεωργεῖται,
1312 1015 1534 1051 μεταλαμϐάνει
1546 1016 1695 1051 εὐλογίας.
1716 1015 1821 1049 Ἔχετέ-

1027 1070 1128 1098 ρουσα
1143 1062 1178 1090 δὲ
1202 1062 1337 1097 ἀκάνθας
1357 1063 1406 1090 καὶ
1421 1063 1588 1096 τριϐόλους,
1603 1061 1755 1096 ἀδόκιμος,
1770 1060 1821 1087 και

1032 1108 1164 1144 κατάρας
1178 1108 1269 1144 ἐγγύς
1278 1117 1286 1123 ·
1299 1107 1338 1144 ἧς
1354 1109 1387 1136 τὸ
1399 1108 1486 1142 τέλος
1502 1109 1545 1142 είς
1559 1107 1681 1135 καῦσιν.
1696 1107 1752 1134 Καὶ
1766 1108 1822 1143 γὰρ

1031 1154 1071 1189 τῷ
1086 1154 1135 1188 μὲν
1153 1153 1210 1180 ὄντι
1229 1154 1293 1185 τοὺς
1312 1153 1386 1185 ἅπαξ
1400 1152 1643 1184 ἀνακαινισθέντας
1664 1151 1712 1179 καὶ
1729 1159 1821 1187 παρα.

1033 1198 1165 1230 πεσόντας
1181 1199 1366 1231 ἀνακαινίζειν
1382 1198 1524 1226 ἀδύνατον.
1544 1197 1614 1224 Οὔτε
1631 1197 1686 1233 γὰρ
1706 1197 1745 1224 ἐτι
1761 1205 1822 1232 γεν-

1032 1243 1179 1280 νηθήσεται
1198 1244 1326 1280 Χριστὸς,
1340 1244 1383 1271 ἶνα
1398 1244 1545 1280 σταυρωθῇ
1565 1243 1635 1279 ὑπὲρ
1647 1243 1727 1279 ἡμῶν
1737 1251 1745 1258 ι
1759 1242 1822 1271 οὔτε

1032 1290 1219 1326 ἀνασταυροῦν
1243 1289 1355 1317 δύναταί
1385 1299 1428 1322 τις
1442 1290 1488 1317 τὸν
1506 1289 1570 1316 Υίδν
1594 1289 1642 1316 τοῦ
1671 1289 1754 1321 Θεοῦ,
1775 1288 1823 1316 τδν

1034 1336 1133 1371 μηκέτι
1146 1336 1347 1372 σταυρούμενον
1356 1344 1364 1352 ·
1377 1336 1440 1363 οὕτε
1455 1335 1568 1363 δύναταί
1581 1344 1624 1367 τις
1635 1334 1745 1371 λουτρὸν
1759 1334 1823 1362 Sed.

1031 1391 1110 1419 τερον
1124 1382 1284 1419 λαμϐάνειν.
1301 1383 1350 1409 Ἐν
1365 1382 1420 1418 γάρ
1436 1382 1496 1409 ἐστι
1508 1381 1540 1408 τὸ
1552 1380 1705 1416 βάπτισμα,
1720 1380 1767 1408 καὶ
1781 1377 1822 1412 εἷς

1031 1430 1046 1455 ὁ
1069 1429 1256 1465 ὲγκαινισμός.
1279 1428 1360 1456 Ἀλλὰ
1383 1428 1465 1460 εὐθὺς
1487 1428 1611 1464 ἐπιφέρει
1638 1427 1688 1463 τὴν
1717 1427 1823 1454 τούτων

1033 1474 1106 1501 iactv
1119 1475 1135 1501 ὁ
1151 1474 1229 1508 ἅγιος
1246 1473 1418 1505 Ἀπόστολος,
1433 1474 1483 1508 τὴν
1499 1472 1663 1508 Ἐκκλησίαν
1678 1471 1822 1508 ἰατρεύων,

1033 1521 1080 1547 καὶ
1104 1520 1159 1547 τῶν
1184 1519 1271 1555 αὐτῆς
1298 1519 1387 1555 μελῶν
1410 1519 1639 1555 ἐπιμελούμενος·
1667 1518 1714 1546 καί
1738 1526 1822 1554 φησι·

993 1547 1018 1579 c
1032 1566 1220 1601 Πεπείσμεθα
1290 1547 1356 1600 περὶ
1375 1547 1474 1600 ὑμῶν’,
1494 1547 1650 1599 ἀγαπητοὶ,
1671 1564 1708 1591 τὰ
1724 1547 1823 1598 κᾷλεῖιτ-

1032 1620 1114 1644 τονα,
1126 1611 1176 1638 καὶ
1186 1611 1316 1646 ἐχόμενα
1328 1610 1487 1644 σωτηρίας,
1499 1610 1525 1636 el
1544 1609 1594 1636 καὶ
1606 1609 1700 1643 οὕτως
1709 1609 1822 1636 λαλοῦ-

1028 1668 1097 1694 μεν.
1112 1659 1154 1686 Οὐ
1165 1658 1221 1693 γὰρ
1232 1658 1334 1691 ἄδικος
1351 1659 1368 1684 ό
1383 1656 1456 1690 Θεὸς
1472 1656 1666 1684 ἐπιλαθέσθαι
1681 1656 1734 1683 τοῦ
1747 1656 1821 1691 ἀγα-

1032 1705 1087 1732 θοῦ
1102 1704 1191 1739 ἔργον
1202 1703 1296 1738 ὑμῶν.
1312 1702 1368 1730 Kal.
1377 1703 1443 1738 ὁρᾷς
1455 1702 1513 1734 πῶς
1527 1702 1573 1729 τὸν
1589 1702 1765 1737 ὲγκαινισμὸν
1782 1703 1821 1737 μὴ

1031 1750 1161 1778 δύνασθαι
1174 1749 1300 1785 δεύτερον
1315 1749 1443 1784 γενέσθαι
1456 1748 1567 1780 τελείως
1581 1748 1754 1783 ἀπεφήνατοσ
1770 1747 1822 1782 τῆς

1031 1797 1060 1824 δὲ
1077 1796 1213 1832 σωτηρίας
1234 1795 1285 1822 οὐκ
1306 1795 1447 1830 ἀπέτρεπε
1466 1794 1529 1827 τοὺς
1549 1794 1589 1821 ἐτι
1613 1793 1822 1829 μετανοοῦντας,

1031 1842 1100 1870 ἀλλὰ
1114 1842 1161 1869 καὶ
1177 1841 1314 1876 σωτηρίας
1326 1841 1483 1876 ἐχομένους,
1497 1841 1544 1867 καὶ
1554 1839 1621 1868 Θεὸν
1637 1839 1823 1875 ἀντιλήπτορα

1031 1889 1081 1925 τῆς
1096 1887 1278 1925 ἀγαθοεργίας
1294 1887 1401 1918 αὐτῶν,
1418 1886 1465 1913 καὶ
1480 1886 1535 1913 ἀπὸ
1552 1886 1607 1913 τῶν
1630 1885 1821 1922 παραπτωμά-

1031 1943 1086 1961 των
1099 1934 1256 1961 τελειότατα
1275 1933 1493 1969 μετανοούντων,
1519 1932 1568 1959 καὶ
1591 1932 1822 1968 ἐπιστρεφόντων,

1032 1982 1080 2008 καὶ
1097 1979 1336 2016 μεταμελομένων.

1068 2025 1179 2060 Δέχεται
1193 2022 1240 2051 οὖν
1252 2025 1266 2051 ὀ
1275 2024 1352 2059 ἆγιος
1362 2023 1451 2058 λόγος,
1463 2024 1509 2051 καὶ
1519 2024 1537 2059 ὴ
1546 2023 1613 2058 ἁγία
1627 2023 1695 2050 Θεοῦ
1706 2023 1824 2059 Ἐκκλη-

1033 2072 1079 2099 σία
1095 2072 1212 2099 πάντοτε
1225 2070 1274 2106 τὴν
1288 2070 1444 2106 μετάνοιαν,
1459 2070 1510 2097 οὐκ
1524 2069 1740 2106 ὲξυδαρευομένη
1752 2069 1822 2104 (10),

1032 2118 1093 2145 οὐδὲ
1118 2117 1259 2153 ῥᾳθύμους
1284 2117 1348 2148 τοὺς
1367 2116 1413 2143 τὸν
1437 2117 1537 2152 δρόμον
1561 2115 1705 2148 τελοῦντας
1733 2123 1823 2151 παρα-

1033 2164 1217 2196 σκευάζουσα,
1242 2163 1311 2189 ἀλλὰ
1331 2162 1400 2189 Θεοῦ
1416 2163 1466 2198 τὴν
1489 2162 1569 2198 χάριν
1593 2161 1640 2188 καὶ
1663 2162 1713 2198 τὴν
1729 2161 1823 2196 φιλαν-

189 2209 442 2244 linmanitatemque
461 2217 515 2237 non
543 2209 661 2244 rejiciat,
687 2217 720 2237 ac
736 2210 870 2245 cujusque
889 2218 979 2238 causa:

1034 2210 1156 2246 θρωπίαν
1174 2209 1212 2245 μὴ
1227 2208 1445 2243 ἁνακάμπτουσα
1465 2208 1534 2243 (Η),
1550 2208 1721 2242 γινώσκουσα
1734 2208 1763 2234 δὲ
1777 2207 1824 2234 τὸν

188 2255 300 2282 inodum
327 2264 359 2283 ac
386 2256 520 2283 rationem
539 2256 706 2284 consideret.
723 2255 758 2284 Ut
777 2257 851 2284 enim
870 2257 906 2289 is,
932 2257 979 2292 qui

1033 2256 1134 2292 τρόπον
1151 2255 1271 2290 ἑκάστης
1287 2254 1454 2286 ὑποθέσεως.
1472 2254 1516 2286 Ὠς
1528 2254 1583 2290 γὰρ
1602 2254 1653 2289 τὴν
1671 2253 1825 2290 παρθενίαν

224 2345 231 2360 ‘
248 2344 316 2372 Gen.
330 2353 366 2377 Iv,
379 2345 404 2372 7.
442 2347 452 2362 ¹
466 2345 546 2373 Joan.
563 2355 590 2377 ν,
602 2346 646 2376 Η.
685 2346 695 2362 ³
708 2346 789 2374 Joan.
806 2355 863 2381 ut,
875 2348 908 2375 l5
921 2356 982 2383 sqq.
1021 2348 1031 2363 ⁵
1046 2346 1128 2375 llcbr.
1141 2355 1178 2380 Vl,
1195 2347 1254 2374 ιιδ.
1292 2347 1304 2363 ⁸
1321 2346 1405 2374 Hebr.
1422 2354 1460 2378 Ix.
1473 2345 1516 2372 10.

223 2436 263 2469 (8)
282 2436 338 2462 Kal.
356 2435 431 2472 μετὰ
450 2435 511 2472 τὴν
520 2435 683 2470 μετάνοιαν
699 2436 757 2470 τὴν
770 2437 981 2472 μεταμέλειαν.

188 2471 342 2498 Μετάνοιαν
358 2471 484 2506 intelligit
508 2471 686 2507 baptismum.
703 2471 776 2506 quod
803 2471 914 2505 λουτρὸν
932 2472 983 2507 τῆς

191 2506 512 2542 μετανοίαςνεψιιοιιςιιιιτ.
531 2512 591 2542 uta
607 2506 717 2534 Justino
735 2512 820 2534 contr.
840 2507 938 2542 Tryph.
962 2506 978 2533 ⁷.

225 2542 262 2577 (9)
284 2541 418 2576 Σριὶλλει
433 2542 467 2568 δὲ
481 2541 592 2575 αὐτοὺς
614 2542 648 2568 τὸ
668 2542 773 2576 ῥητόν.
803 2541 884 2569 Hune
909 2543 981 2577 Apo-

189 2577 254 2604 stoli
271 2578 361 2604 locum
375 2581 480 2605 veteres
491 2585 586 2604 omnes
603 2577 637 2604 ad
658 2577 825 2612 baptismum
844 2578 981 2612 pertinere

190 2617 296 2648 putant.
320 2612 497 2640 liccentiorcs
512 2612 622 2647 quidam
640 2612 674 2639 de
699 2613 870 2648 pmnitentia.
898 2614 978 2640 etiam

189 2656 252 2681 quae
278 2652 339 2682 post
364 2647 529 2681 baptismum
556 2647 772 2682 suscepta’sit,
802 2652 978 2682 acceperunt.

189 2683 266 2716 Quod
284 2689 373 2709 mitem
392 2683 560 2717 impossibile
582 2691 644 2710 esse
665 2683 736 2710 dixit
757 2683 905 2718 Apostolus
922 2691 979 2713 eos.

188 2720 236 2754 qui
253 2718 383 2754 baptizati
397 2718 481 2745 semel
500 2718 612 2754 fuerint,
627 2718 778 2745 instaurari
794 2718 829 2746 ad
849 2718 980 2754 pauitan-

189 2753 266 2784 tiam.
281 2754 326 2781 hic
343 2753 513 2789 impossibile
529 2753 600 2789 idem
625 2761 688 2789 esse
701 2754 808 2789 volunt.
824 2754 897 2789 quod
913 2753 981 2780 ditii-

188 2799 195 2813 ι
207 2791 332 2816 illituum.
349 2788 409 2821 Quo
422 2796 503 2816 sensu
520 2788 624 2816 'l‘crtul.
646 2788 692 2816 lib.
717 2788 840 2824 Dabunt;
858 2789 931 2824 quod
951 2789 977 2815 in

188 2824 335 2858 Evangelia
344 2824 476 2858 scriptum
492 2827 549 2851 est:
561 2824 627 2854 οιιιυ
643 2823 821 2857 impossibilia
835 2823 896 2850 sunt
909 2824 978 2857 apud

188 2860 317 2886 homines.
330 2860 468 2894 passibilia
484 2863 543 2887 sunt
557 2859 627 2896 apud
642 2859 726 2886 Deum
742 2858 819 2892 (Luc.
830 2867 908 2892 XVIII.
921 2859 978 2893 ‘27),

1033 2436 1077 2464 bis
1101 2436 1192 2464 verbis
1213 2436 1372 2471 expressit;
1396 2436 1568 2471 Perdiﬁicilia
1591 2443 1667 2470 penes
1693 2436 1823 2471 homines,

1032 2471 1126 2506 [acilia
1147 2479 1223 2506 penes
1241 2470 1334 2498 Deum.
1353 2470 1546 2499 Recentiorum
1571 2471 1751 2507 interpretum
1765 2474 1824 2507 opi-

1031 2507 1142 2535 nionem
1162 2507 1304 2541 adjuvant,
1321 2512 1382 2542 quic
1395 2506 1430 2534 de
1446 2507 1614 2542 poenitentia:
1626 2506 1717 2536 vetere
1733 2508 1760 2534 in
1775 2506 1824 2536 Ec-

1030 2543 1114 2570 clesia
1131 2541 1289 2569 dillicultate
1306 2541 1388 2577 supra
1401 2541 1594 2570 disseruimus.

1066 2578 1200 2612 “(1)002;
1223 2577 1474 2612 ἐξυδαρευομένη.
1497 2577 1678 2605 Casaubonus
1698 2577 1818 2606 Exi-rcit.

1031 2613 1057 2640 l.
1068 2621 1096 2639 ιι.
1107 2613 1135 2643 8.
1144 2612 1259 2639 ridicule
1270 2613 1339 2639 hanc
1350 2620 1442 2639 vocem
1459 2614 1662 2647 interpretatur.
1688 2612 1755 2640 Nam
1776 2613 1821 2646 ἑξ-

1031 2647 1210 2683 υδαρεύεσθαι
1221 2648 1271 2683 τὴν
1290 2647 1435 2683 μετάνοιαν
1463 2648 1567 2675 dictum
1592 2652 1684 2683 putat,
1713 2656 1763 2683 pro
1789 2657 1823 2675 eo

1030 2682 1105 2717 quod
1119 2687 1163 2710 est
1182 2682 1262 2718 vilem
1281 2683 1406 2710 reddere.
1427 2682 1479 2710 Sed
1498 2682 1597 2717 mirum
1611 2682 1744 2718 quantum
1759 2684 1821 2710 hal-

1031 2719 1178 2754 lucinatur.
1202 2717 1269 2744 Nam
1286 2718 1495 2754 ὲξυδαρεύεσθαι
1516 2723 1559 2754 est
1582 2717 1679 2754 ὑδαρῆ,
1692 2719 1744 2746 hoc
1767 2724 1820 2748 est.

1031 2753 1187 2790 dilutiorem
1204 2760 1237 2790 ac
1256 2753 1408 2781 molliorem
1423 2754 1492 2781 ﬁeri.
1509 2753 1569 2787 Qua
1583 2754 1610 2781 in
1622 2753 1822 2790 signiﬁcatione

1032 2788 1094 2816 aliis
1110 2788 1178 2815 locis
1193 2788 1286 2815 utitur.

1069 2823 1124 2859 (ll)
1144 2823 1199 2860 Kal
1210 2823 1267 2856 τὴν
1278 2824 1505 2859 φιλανθρωπίαν
1512 2824 1556 2860 μὴ
1572 2824 1820 2860 ἀνακάμπτουσι

1034 2859 1097 2887 For.
1114 2859 1316 2888 ἀνακόπτουσα.
