1958 3050
143 125 209 154 1021

497 128 681 157 ADVEIISUS
700 129 873 157 ILEBESES
891 129 955 157 LIB.
975 129 1006 157 Il.
1027 128 1109 157 του.
1126 129 1183 158 1.-
1205 129 1343 158 IIJERES.
1365 130 1434 159 LIX.

1706 130 1777 158 nm

142 183 288 217 ἀπολέσας,
302 184 441 218 ἀδυνάτως
458 185 514 222 ἔχει
532 187 635 223 ταύτην
660 188 812 224 κτήσασθαι
838 197 932 224 σωμα-

986 187 1169 223 virginitatem
1185 188 1288 222 amisit,
1319 189 1392 223 quod
1418 188 1454 216 ad
1473 172 1580 223 corpus.
1602 188 1710 220 attinct,
1729 196 1775 215 n-

141 229 242 264 τικῶς,
264 231 302 267 μὴ
318 231 496 267 ἐνδεχομένης
514 234 569 269 ’τῆς
587 234 707 268 φύσεως’
723 234 794 261 οὕτω
816 235 863 261 καὶ
878 233 933 261 ἀπὸ

141 275 189 302 τοῦ
216 276 329 312 λουτροῦ
353 278 382 304 ἐν
403 278 532 313 μεγάλοις
554 281 609 306 τισὶ
633 279 839 316 παραπτώμασι
857 288 934 316 περι-

141 321 245 356 πεσὼν,
271 324 319 350 καὶ
342 323 436 359 ὥσπερ
462 325 477 351 ὁ
495 325 550 351 ἀπὸ
574 325 723 361 παρθενίας
747 325 932 361 παραπεσὼν,

140 367 269 404 δευτέραν
281 367 363 404 τιμὴν
378 368 428 404 τὴν
443 369 606 405 ἐγκράτειαν
624 370 679 405 ἔχει
689 377 697 384 ·
716 369 789 396 οὕτω
806 370 854 397 καὶ
871 370 911 402 εἰς
923 369 933 385 ³

141 413 172 440 τὺ
189 413 302 450 λουτρὸν
315 415 330 441 ὁ
339 415 369 441 ὲν
382 414 591 451 παραπτώματι
607 416 710 451 μείζονι
723 416 868 451 γενόμενος
877 415 934 451 ἔχει

141 458 272 494 δευιτέραν
287 459 369 492 ῐασιν,
384 460 415 486 οὺ
428 459 557 495 τοιαύτην
573 462 700 496 ἐνάρετον
713 460 784 488 κατὰ
797 461 846 496 τὴν
860 459 933 497 πρώ-

141 511 202 538 την,
214 503 265 530 οὐκ
282 503 510 541 ἀποσεσλημένην
525 506 554 532 δὲ
567 506 642 541 ζωῆς
656 506 713 542 ἔχει
732 506 782 542 τὴν
793 506 932 542 δευτέραν,

141 549 176 585 ἢν
196 549 338 586 κέκτηται.
356 551 413 578 Οὐκ
439 551 531 578 ἀθετεῖ
547 552 637 579 τοίνυν
660 553 675 579 ὁ
696 552 767 585 θεῖος
793 553 870 588 λόγος
887 552 933 580 τὸν

143 594 240 630 μισθὸν
253 594 308 622 τῶν
322 596 352 622 ὲν
370 596 503 632 μετανοίᾳ
515 596 685 632 καμνόντων.

176 726 215 753 Γ’.
230 725 345 753 Ἔπειτα
354 726 382 753 δὲ
390 726 468 753 αὐτοὶ
482 726 563 754 πάλιν
579 727 633 754 ἀπὸ
643 727 737 755 τούτου
748 728 933 764 προπηδήσαν·

141 772 252 805 regnat
269 771 337 799 ἄλλα
358 772 419 799 τινὰ
434 772 593 808 ὲφεύραντο.
606 774 661 800 Καὶ
668 773 723 809 γὰρ
731 773 808 800 αὐτοὶ
820 774 871 809 τὴν
885 775 934 802 αὗ-

141 818 201 854 τὴν,
209 819 242 854 ἢν
253 819 299 845 καὶ
309 819 389 854 ἡμεῖς
398 819 563 855 κεκτήμεθα,
571 819 662 846 πίστιν
669 819 790 855 λέγουσιν
797 820 878 855 ἔχειν.
887 817 935 847 Οὗ-

141 873 183 890 τοι
199 864 228 891 δὲ
240 865 271 891 οὐ
289 865 427 900 βούλονται
439 864 578 901 διδαγμοῖς
589 867 600 882 ¹
621 865 677 900 (12)
688 866 881 893 ἐπικοινωνεῖν.
899 865 932 893 Ei
947 860 969 890 Β

141 910 197 945 γάρ
208 918 250 941 τις
267 910 336 946 μετά
352 911 382 937 τὸ
406 910 548 946 βάπτισμα
572 910 720 946 συναφθείη
744 911 855 945 γυναικὶ
869 911 931 938 δευ-

142 956 219 992 τέρᾳ,
244 956 319 993 παρὰ
339 956 445 989 τούτοις
466 956 516 984 οὐκ
542 957 744 992 εἱσδεχθήσεται
767 957 818 990 έτι,
837 958 885 985 καὶ
902 957 932 985 τὸ

143 1003 198 1029 πᾶν
212 1003 285 1030 ἐστιν
299 1002 411 1038 ἠλίθιον.
435 1004 478 1036 Ὧς
494 1003 548 1039 γάρ
566 1004 593 1031 ετ
606 1013 648 1036 τις
668 1004 798 1040 θεάσηται
807 1013 868 1031 τινα
882 1013 931 1040 νη-

143 1049 255 1085 χόμενον
267 1049 296 1076 ὲν
312 1049 399 1082 ὕδατι,
415 1051 463 1078 καὶ
480 1050 585 1086 ἀγνοιῖιν
599 1050 649 1087 τὴν
662 1052 760 1087 πεῖραν
774 1051 824 1087 τῆς
840 1051 933 1087 διανή-

143 1095 220 1128 ξεως,
238 1095 333 1122 ἑαυτὸν
349 1095 456 1123 ἔκδοτον
474 1098 530 1129 τοῖς
552 1096 631 1124 ὕδασι
652 1096 719 1133 δῴη,
742 1097 789 1124 καὶ
813 1097 932 1133 ὑποϐρύ-

143 1150 200 1176 χιος
223 1141 345 1177 γένηται,
363 1143 399 1178 μὴ
419 1143 448 1169 έν
469 1142 552 1179 πείρᾳ
574 1142 623 1177 ὢν,
650 1143 718 1179 μηδὲ
739 1143 834 1178 σαφῶς
851 1143 932 1178 γνοὺς

143 1187 196 1214 τῶν
209 1187 253 1215 διὰ
269 1188 367 1224 χειρῶν
381 1197 410 1214 τε
429 1189 477 1215 καὶ
495 1188 583 1216 ποδῶν
604 1188 654 1225 τὴν
675 1189 811 1225 σωτηρίαν
826 1190 932 1221 ἑαυτοῖς

143 1233 400 1268 προσποριζομένων
418 1233 467 1270 τὴν
485 1234 657 1270 ἐπιστήμην
675 1234 780 1270 νομίζει
793 1235 821 1262 δὲ
839 1234 932 1266 ἁπλῶς

143 1280 172 1306 τὸ
188 1279 260 1316 ὕδωρ
273 1279 462 1313 διαϐαστάζειν
478 1281 524 1307 τὸν
541 1280 682 1316 ἄνθρωπον
705 1281 766 1316 δίχα
783 1281 836 1309 τῶν
859 1280 932 1308 ἰδίων

142 1325 259 1360 χειρῶν·
287 1326 304 1361 ἦ
327 1326 366 1358 ὡς
389 1327 417 1353 εί
436 1335 480 1358 τις
503 1326 597 1353 ἀκούοι
620 1326 667 1353 τὸν
689 1326 814 1362 ἡγεμόνα
842 1335 930 1362 τιμω-

143 1370 242 1406 ροῦντα
256 1371 319 1403 τούς
331 1380 357 1398 τι
370 1371 492 1407 δρῶντας
506 1373 554 1399 καὶ
566 1372 615 1407 τῆς
627 1372 792 1408 φαυλότητος
807 1372 870 1408 ἄχρι
884 1372 932 1400 καὶ

142 1416 300 1452 ἐλαχίστων⁷
315 1417 362 1444 καὶ
377 1417 482 1454 νομίζει
500 1418 550 1453 μὲν
563 1421 613 1454 τὴν
630 1418 709 1454 δίκην
729 1419 789 1455 ῐσην
806 1419 931 1451 διεξιέναι

142 1461 214 1488 κατὰ
228 1462 346 1495 πάντων,
363 1462 401 1494 ὡς
412 1463 458 1490 ἐπὶ
474 1463 522 1490 τοῦ
539 1463 630 1498 φόνου·
648 1464 734 1496 οὕτως
757 1465 804 1492 καὶ
822 1465 869 1492 ἐπὶ
883 1465 930 1492 τοῦ

142 1507 329 1540 διαϐάλλοντος
350 1509 396 1535 τὸν
421 1509 515 1542 πέλας,
536 1510 553 1545 ἢ
572 1511 765 1546 μαχησαμένου
777 1519 783 1525 ·
797 1511 814 1545 ἢ
829 1512 867 1543 ὡς
882 1511 930 1538 ἐὰν

985 238 1152 269 praesentare
1166 235 1240 262 illam
1259 243 1313 263 non
1324 239 1493 270 potest,cum
1510 235 1536 262 id
1550 235 1661 262 minime
1676 239 1775 262 natura

984 280 1104 314 patiatur
1122 289 1129 313 ;
1146 281 1182 307 ita
1208 280 1255 315 qui
1279 284 1342 315 post
1356 281 1521 316 baptismum
1537 280 1618 316 £95
1631 280 1658 307 in
1670 280 1775 315 majora

983 325 1108 360 quaadam
1136 326 1252 353 crimina
1280 327 1427 361 prolapsus
1452 331 1510 358 est;
1527 325 1641 361 perinde
1670 333 1702 352 ac
1726 325 1774 360 qui

985 370 1142 406 virginitate
1163 371 1265 399 excidit
1286 371 1438 399 secundum
1460 371 1543 399 habet
1560 371 1589 398 in
1604 371 1774 399 continentia

983 416 1235 447 commendationis
1250 416 1380 452 gradum:
1400 416 1442 445 sic
1454 415 1500 444 ille
1523 420 1585 452 post
1606 415 1774 451 baptismum

983 463 1110 499 graviore
1122 463 1273 491 obstrictus
1282 464 1386 491 scelere
1396 463 1547 491 secundum
1560 463 1641 490 habet
1648 461 1774 490 sanitatis

983 516 1080 543 genus.
1098 508 1176 542 Quod
1190 508 1300 543 tametsi
1315 515 1378 536 cum
1394 512 1482 540 tanta,
1495 512 1597 543 quanta
1615 507 1703 542 prius,
1718 507 1776 534 vir—

983 558 1041 582 tute
1055 554 1168 582 minime
1188 554 1367 589 conjunctum
1383 553 1429 586 sit,
1449 561 1504 581 non
1519 557 1561 581 est
1577 557 1667 580 tamen
1678 560 1694 580 a
1709 560 1775 580 con—

986 600 1133 635 sequendce
1147 600 1210 627 vitaz
1223 607 1270 635 spe
1283 607 1315 627 ac
1326 599 1424 627 salutis
1435 598 1565 626 alienum.
1573 597 1658 634 Igitur
1667 605 1773 630 eorum.

984 646 1031 681 qui
1049 645 1077 672 in
1091 645 1262 681 capessenda
1278 645 1440 681 pcenitentia
1456 644 1593 677 laborant,
1609 644 1729 671 fructum
1742 651 1775 670 ac

985 690 1125 727 praemium
1140 691 1250 719 divinus
1262 699 1353 719 sermo
1368 698 1424 718 non
1440 690 1540 725 rejicit.

1020 736 1064 764 III.
1084 736 1219 765 Praeterea
1240 737 1312 765 idem
1334 737 1374 764 illi
1396 737 1504 772 longius
1526 745 1560 764 ex
1582 736 1629 764 illo
1649 736 1775 772 dogmate

986 783 1159 818 prosilientes
1180 783 1234 810 alia
1260 783 1385 819 qu:edam
1407 782 1584 818 adjecerunt.
1600 782 1685 809 Aiunt
1700 781 1774 809 enim

985 837 1014 857 se
1035 830 1159 858 eamdem
1185 830 1330 864 nobiscum
1351 829 1453 857 habere
1479 829 1580 862 tidem;
1609 828 1658 855 scd
1682 831 1774 866 tamen

983 882 1044 902 Cum
1059 875 1173 910 digamis
1188 874 1396 903 communicare
1409 874 1574 902 detrectant.
1590 873 1659 900 Nam
1675 874 1696 901 si
1712 874 1775 908 quis

983 925 1045 957 post
1060 921 1227 956 baptismum
1243 921 1393 949 secundam
1404 927 1519 948 uxorem
1534 919 1656 950 duxerit,
1673 919 1707 946 ab
1720 919 1774 946 illis

982 975 1037 994 non
1052 966 1170 1001 amplius
1193 966 1358 993 admittitur.
1380 965 1459 999 Quod
1484 964 1594 1001 quidem
1621 964 1700 998 plane
1715 967 1774 991 sto-

983 1011 1067 1038 lidum
1090 1015 1142 1038 est.
1161 1009 1198 1038 Ut
1216 1011 1290 1039 enim
1313 1010 1337 1039 si
1361 1010 1423 1046 quis
1443 1013 1583 1037 natantem
1605 1008 1722 1044 aliquem
1745 1008 1775 1036 in

982 1063 1053 1091 aqua
1075 1055 1187 1089 viderit,
1212 1063 1244 1083 ac
1269 1055 1380 1084 natandi
1410 1062 1489 1083 usum
1508 1053 1640 1090 ignorans
1662 1061 1724 1082 sese
1746 1053 1775 1080 in

981 1109 1080 1137 aquam
1097 1101 1282 1134 commiserit,
1302 1108 1335 1129 ac
1358 1109 1468 1137 pessum
1482 1100 1561 1132 ierit,
1581 1099 1653 1135 quod
1673 1103 1700 1127 et
1714 1099 1776 1134 ejus

981 1149 1021 1175 rei
1036 1147 1072 1175 sit
1085 1154 1200 1183 expers,
1222 1151 1249 1175 et
1264 1154 1359 1175 eorum
1371 1167 1379 1179 ,
1397 1147 1444 1182 qui
1461 1146 1586 1174 manibus
1605 1153 1637 1172 ac
1660 1145 1775 1180 pedibus

981 1193 1063 1222 saluti
1080 1200 1138 1221 sua:
1152 1193 1312 1227 consulunt,
1326 1193 1443 1221 scientia
1454 1192 1567 1220 minime
1579 1191 1615 1220 sit
1628 1191 1775 1226 praeditus;

981 1239 1028 1268 sed
1044 1239 1115 1270 ultro
1124 1246 1222 1275 aquam
1231 1239 1370 1268 existimet
1380 1239 1449 1266 citra
1460 1245 1590 1266 manuum
1600 1237 1775 1273 agitationem

981 1286 1121 1314 hominem
1145 1286 1299 1313 sustinere:
1323 1289 1370 1312 aut
1396 1283 1640 1320 quemadmodum,
1665 1282 1688 1311 si
1714 1283 1777 1318 quis

984 1331 1142 1367 praefectum
1162 1331 1256 1358 audiat
1271 1331 1298 1358 in
1318 1338 1366 1358 eos
1382 1330 1644 1357 animadvertentem
1659 1329 1705 1364 qui
1721 1328 1777 1355 ulla

983 1377 1010 1404 in
1034 1385 1064 1405 re
1078 1377 1160 1404 etiam
1172 1376 1285 1403 minima
1304 1375 1481 1411 deliquerint,
1504 1379 1587 1410 atque
1604 1374 1728 1402 eamdem
1747 1374 1776 1401 in

981 1429 1077 1449 omnes
1095 1429 1205 1457 pcenam
1220 1420 1400 1448 constitutam
1418 1421 1579 1452 arbitretur,
1594 1419 1776 1454 quemadmo-

981 1467 1044 1494 dum
1065 1467 1093 1494 in
1111 1473 1159 1494 e05
1183 1466 1230 1501 qui
1254 1465 1428 1501 patricidium
1449 1465 1656 1497 commiserint,
1681 1464 1723 1491 sic
1747 1464 1776 1491 in

982 1513 1063 1546 illos,
1083 1513 1130 1548 qui
1143 1512 1212 1543 zaliis
1231 1511 1392 1539 calumniati
1416 1511 1537 1543 fuerint,
1553 1514 1602 1538 aut
1625 1509 1776 1545 pugnando

143 1552 159 1591 ᾖ
179 1563 221 1586 τις
239 1555 411 1583 παντάπασιν
432 1556 551 1593 ἰδιώτης,
570 1557 616 1584 καὶ
640 1557 770 1593 θεάσηται
790 1557 835 1584 τὸν
855 1558 930 1594 είλη-

985 1559 1170 1587 lacessiverint
1184 1567 1192 1586 :
1209 1558 1254 1586 vel
1270 1557 1383 1593 perinde
1397 1565 1430 1585 ac
1454 1557 1476 1585 si
1502 1556 1580 1585 rudis
1597 1556 1732 1592 quispiam
1748 1560 1776 1583 et

142 1601 211 1636 φότα
225 1601 343 1637 ἄρχοντα
356 1602 405 1638 τήν
420 1602 545 1636 ἐξουσίαν
565 1604 626 1630 κατ’
645 1603 791 1640 ἀλιτηρίων
807 1604 932 1632 ἀποσπά-

143 1657 227 1674 σαντα
254 1648 402 1684 μάχαιραν,
420 1649 437 1684 ἢ
457 1648 527 1676 κατὰ
552 1650 658 1685 γοήτων
680 1649 727 1675 καὶ
751 1649 929 1686 βλασφήμων,

143 1695 383 1731 ἢάκαθοσιὼτων·
411 1687 514 1731 νομίζει
543 1696 571 1722 δὲ
590 1697 652 1728 τοὺς
677 1696 781 1728 πάντας
807 1695 930 1729 ἐξουσίαν

143 1742 214 1777 ἔχειν
229 1741 278 1777 τῆς
290 1741 417 1777 τοιαύτης
438 1742 527 1774 αἰτίας
544 1741 677 1769 ποιεῖσθαι
692 1742 740 1777 τὴν
754 1742 848 1778 δίκην·
866 1742 930 1769 θεα-

144 1789 259 1824 σάμενος
272 1787 300 1814 δὲ
316 1787 394 1824 δίκην
405 1788 498 1820 δόντας
514 1787 685 1823 ἀνθρώπους,
700 1788 747 1815 καὶ
759 1788 839 1820 αὐτὸς
855 1788 883 1815 δὲ
896 1788 931 1816 τὰ

144 1832 190 1860 ἴσα
206 1833 395 1869 μιμησάμενος
415 1833 522 1869 θελήσει
541 1833 700 1860 ἀποκτεῖναί
719 1842 805 1866 τινας,
830 1834 866 1866 ὡς
882 1833 931 1869 δῆ-

144 1878 189 1904 θεν
209 1880 271 1910 τοὺς
292 1879 457 1915 ἠδικηκότας
481 1878 614 1911 δικάζων·
633 1879 713 1911 ἁλοὺς
734 1879 763 1906 δὲ
781 1881 795 1906 ὁ
812 1879 932 1912 τοιοῦτος

144 1923 224 1956 norb;
247 1924 326 1960 δίκην
347 1925 438 1957 δώσει,
456 1924 494 1961 μὴ
514 1924 633 1961 εἰληφὼς
648 1924 725 1961 παρά
741 1924 872 1960 βασιλέως
888 1925 932 1958 ὲξ-

144 1971 238 1996 ουσίαν
254 1971 307 1998 τῶν
320 1971 448 1998 τοιούτων
458 1981 464 1986 ·
482 1972 529 1998 καὶ
540 1972 582 1998 ὅτι
599 1971 646 2006 τὴν
663 1971 723 2006 ῐσην
738 1971 845 2006 ἐνόμιζε
862 1971 932 1999 κατά

147 2015 254 2042 πάντων
264 2015 362 2048 ἐξιέναι
372 2016 461 2052 ψῆφον
474 2017 528 2044 ἀπὸ
536 2017 586 2052 τῆς
598 2017 676 2052 δίκης
687 2017 741 2044 τῶν
754 2017 853 2052 νόμων,
870 2018 933 2044 ἑαυ-

146 2061 191 2088 τὸν
207 2061 235 2088 δὲ
249 2061 278 2088 ὲν
296 2063 329 2098 τῇ
343 2063 434 2098 ἀδικίᾳ
447 2063 491 2089 διὰ
504 2063 554 2099 τῆς
564 2063 632 2095 ἰδίας
640 2063 769 2098 ἀπειρίας
787 2062 834 2090 καὶ
846 2063 933 2099 ἀπαρ-

147 2108 338 2144 ακολουθησίας
351 2109 457 2136 ἔκδοτον
470 2109 607 2142 ἀπωλείας
623 2109 835 2145 παρασκευάσας
846 2117 853 2125 ·
863 2109 933 2136 οὕτω

149 2155 196 2182 καὶ
218 2156 316 2187 αὐτον,
342 2156 377 2183 τὰ
388 2157 496 2183 πάντων
518 2156 587 2192 ὁμοῦ
612 2156 749 2192 μίξαντες,
771 2156 803 2183 ὲκ
828 2156 934 2184 πάντων

147 2202 279 2234 ἐξέπεσαν
288 2210 295 2217 '
310 2202 357 2229 καὶ
374 2201 412 2237 μὴ
425 2203 569 2237 νοήσαντες
583 2202 618 2229 τὰ
629 2202 731 2238 ἀκριϐῆ
747 2202 797 2238 τῆς
806 2202 853 2229 τοῦ
865 2202 933 2229 Θεοῦ

983 1605 1124 1640 imperitus
1145 1603 1337 1639 magistratum
1358 1602 1450 1630 videat
1471 1605 1606 1637 potestate
1631 1600 1775 1636 praeditum

981 1650 1101 1686 gladium
1121 1650 1148 1677 in
1172 1649 1321 1678 sceleratos
1341 1648 1523 1682 distringere,
1540 1648 1616 1676 velut
1639 1646 1776 1675 veneﬁcos

982 1700 1029 1724 aut
1042 1696 1229 1731 blasphemas,
1247 1699 1294 1722 aut
1307 1694 1476 1730 perduelles,
1490 1701 1523 1721 ac
1536 1701 1620 1729 penes
1633 1693 1777 1720 universes

980 1749 1042 1770 esse
1054 1745 1215 1777 potestatem
1230 1740 1389 1773 arbitretur,
1400 1743 1430 1766 ut
1446 1740 1521 1767 illius
1535 1739 1660 1766 criminis
1678 1746 1775 1774 poenas

980 1788 1149 1816 constituant
1164 1796 1171 1813 :
1187 1793 1304 1821 cumque
1319 1785 1429 1821 punitos
1440 1786 1475 1812 ob
1483 1785 1510 1812 id
1521 1785 1646 1813 homines
1658 1785 1767 1816 viderit,

981 1834 1081 1862 imitari
1096 1835 1126 1861 et
1141 1833 1202 1868 ipse
1216 1833 1292 1863 velit,
1312 1840 1344 1859 ac
1363 1837 1493 1867 tanquam
1512 1831 1547 1858 de
1568 1831 1623 1859 reis
1640 1831 1775 1865 judicium

980 1887 1111 1908 exercens
1126 1883 1241 1906 mortem
1269 1878 1322 1906 illis
1347 1877 1449 1906 inferre
1473 1881 1604 1904 conetur:
1640 1875 1776 1911 ejusmodi

976 1925 1082 1960 quippe
1102 1932 1198 1960 pmnas
1213 1924 1272 1960 ipse
1287 1924 1425 1960 persolvet
1438 1942 1446 1956 ,
1466 1927 1524 1951 tum
1544 1922 1618 1958 quod
1639 1923 1740 1950 trullam
1758 1929 1774 1949 α

981 1970 1104 2006 principe
1123 1970 1184 2005 ejus
1201 1970 1241 1998 rei
1259 1973 1422 2005 potestatem
1446 1969 1595 2004 acceperit,
1621 1972 1679 1995 tum
1701 1968 1783 2002 quod-

981 2015 1112 2050 aqualem
1128 2015 1156 2042 in
1172 2022 1268 2042 omnes
1281 2014 1388 2049 legibus
1404 2014 1583 2041 constitutam
1594 2020 1703 2048 pinnam
1715 2020 1776 2040 esse

985 2062 1038 2089 sibi
1059 2062 1246 2097 persuaserit;
1263 2067 1295 2087 ac
1310 2060 1427 2095 denique
1446 2067 1494 2093 per
1514 2058 1678 2092 imperitiam
1694 2058 1775 2084 insci-

982 2108 1103 2142 tiamque
1114 2114 1193 2135 suam
1209 2106 1255 2134 tali
1270 2106 1373 2134 scelere
1383 2105 1496 2133 exitium
1510 2103 1562 2131 sibi
1580 2110 1613 2130 ac
1627 2102 1775 2138 perniciem

983 2153 1168 2186 consciverit,
1186 2152 1223 2179 ita
1245 2151 1326 2180 etiam
1346 2150 1395 2183 illi,
1417 2158 1480 2178 cum
1497 2149 1579 2177 simul
1596 2149 1687 2176 omnia
1713 2155 1776 2183 per-

984 2198 1121 2226 misceant
1146 2197 1276 2225 omnibus
1306 2195 1489 2226 exciderunt;
1528 2200 1647 2228 cumque
1677 2192 1775 2219 divinae

146 2232 330 2281 διδασκαλίας,
350 2232 515 2285 ἐπὶέτέραν
533 2232 626 2285 τρίϐον
652 2232 798 2285 σιραλέντές
815 2249 932 2286 ἐτράπη-

987 2244 1138 2279 disciplinaa
1153 2247 1282 2270 accurata
1298 2241 1456 2277 cognitione
1471 2243 1595 2270 careant,
1610 2238 1694 2274 496
1711 2238 1769 2265 alie-

148 2304 214 2323 σαψ
228 2295 278 2322 οὐκ
294 2295 403 2328 εἰδότες,
423 2296 465 2323 ὅτι
486 2295 555 2330 αὕτη
579 2296 652 2323 ἐστὶν
672 2297 689 2332 ἡ
710 2296 758 2332 τῆς
775 2295 850 2328 θείας
864 2296 935 2332 Γρα-

148 2342 201 2377 φῆς
219 2342 365 2377 παράδοσις
381 2341 428 2368 καὶ
440 2341 595 2369 ἀκολουθία.

182 2477 218 2503 Δ’.
228 2476 268 2502 Τὰ
275 2479 329 2511 γὰρ
337 2475 377 2508 εἰς
391 2475 541 2512 ἱερωσύνην
551 2476 737 2513 παραδοθέντα
749 2475 793 2503 διὰ
803 2475 834 2503 τὸ
841 2475 936 2512 ἐξοχώ-

147 2530 228 2549 τατον
239 2521 289 2556 τῆς
307 2521 462 2557 ἱερουργίας
471 2522 511 2554 είς
522 2522 627 2553 πάντας
635 2522 764 2558 ἐνόμισαν
779 2523 845 2554 ῖσως
856 2523 936 2558 φέρε-

149 2563 219 2590 σθαι·
230 2564 390 2599 ἀκηκοότες,
398 2565 438 2591 ὃτι
448 2564 489 2591 δεῖ
497 2564 542 2591 τὸν
549 2564 696 2591 ἐπίσκοπον
707 2564 886 2600 ἀνεπίληπτον
898 2561 936 2591 εἷ-

148 2619 203 2643 ναι,
216 2611 280 2646 μιᾶς
294 2610 423 2645 γυναικὸς
434 2610 526 2646 ἄνδρα,
541 2610 677 2646 ἐγκρατῆ-
691 2610 822 2642 ὼσαύτως
835 2610 937 2638 καὶτὸν

185 2689 193 2705 ¹
208 2689 237 2716 F.
251 2689 329 2725 μετά.
368 2689 381 2706 ¹
398 2689 534 2724 διγάμοις.
545 2714 552 2717 .

187 2745 242 2780 (19.)
264 2743 351 2773 οὗτοι
372 2745 406 2771 δὲ
426 2746 462 2772 οὐ
481 2745 647 2780 ,ϐοὐλιξνται
681 2744 842 2780 διὸαπιιοῖς.
869 2744 932 2772 Cor.

149 2779 285 2816 διγᾶμοις,
300 2780 352 2807 Sed
368 2781 498 2815 religione
511 2779 628 2815 quadam
645 2780 748 2807 inducti
763 2779 935 2816 communem

152 2814 188 2844 ac
203 2814 378 2852 depravatam
401 2814 548 2852 lectionem
571 2816 836 2852 rcpﬁcscnlavimus,
863 2814 936 2850 quod

150 2852 204 2886 iam
222 2850 332 2886 liiinime
349 2851 506 2890 probamus.
527 2850 661 2879 (Lctcrum
685 2850 853 2884 Novalialros.
874 2857 935 2883 cum

987 2297 1052 2317 num
1071 2289 1100 2316 in
1115 2288 1252 2316 tramitem
1271 2294 1379 2315 summo
1393 2294 1487 2314 errore
1501 2284 1679 2313 deﬂexerunt.
1701 2283 1775 2310 Istud

985 2335 1060 2363 enim
1087 2341 1259 2369 nequaquam
1285 2333 1455 2364 discernunt,
1481 2332 1562 2358 talem
1587 2337 1649 2358 esse
1666 2329 1775 2364 qualem

987 2380 1116 2411 diximus,
1133 2379 1161 2407 in
1181 2378 1332 2414 Scripturis
1354 2378 1442 2406 sacris
1464 2376 1574 2403 modum
1592 2383 1624 2402 ac
1641 2375 1774 2403 rationem

987 2425 1184 2462 pnescriptam.

1023 2471 1067 2499 IV.
1088 2471 1116 2499 Si
1128 2470 1236 2507 quidem
1248 2477 1309 2506 qua:
1322 2468 1474 2497 sacerdotio
1485 2470 1595 2503 propter
1608 2466 1774 2502 singularem

988 2517 1137 2545 [unctionis
1154 2517 1228 2545 illius
1243 2516 1403 2552 dignitatem
1420 2513 1555 2549 pnecipuc
1572 2513 1673 2539 tributa
1697 2515 1774 2544 sunt,

989 2572 1020 2592 ea
1035 2564 1068 2592 ad
1082 2570 1177 2591 omnes
1193 2562 1374 2590 communiter
1389 2560 1526 2596 pertinere
1551 2559 1686 2594 iudicant.
1706 2558 1774 2586 Illud

990 2610 1099 2646 quidem
1109 2610 1265 2642 audierunt,
1273 2608 1429 2645 episcopum
1440 2605 1706 2640 irreprehensibilem
1713 2612 1774 2632 esse

988 2742 1104 2778 digamis
1117 2739 1320 2778 communicare
1343 2738 1464 2778 noluisse
1485 2739 1584 2778 μετεξει-
1599 2738 1725 2778 auctores
1741 2734 1773 2761 il-

990 2770 1040 2806 Ιοὲ.
1056 2777 1101 2810 qui
1121 2775 1156 2802 de
1170 2775 1320 2802 hzcresibus
1339 2770 1518 2810 scripserunt,
1534 2771 1612 2810 docet
1627 2770 1708 2810 etiam
1725 2776 1772 2796 ca—

991 2804 1045 2840 non
1060 2804 1076 2839 ὲ
1090 2811 1203 2838 Nicaeum
1219 2810 1326 2844 synodi,
1340 2809 1386 2842 qui
1398 2804 1440 2844 ’με
1453 2804 1662 2844 reconciliandis
1684 2804 1772 2844 Nova-

991 2838 1072 2879 tianis
1088 2847 1177 2874 editus
1195 2838 1245 2873 cst'.
1262 2838 1333 2872 Idem
1350 2838 1377 2871 ct
1399 2842 1525 2870 Socrates
1540 2840 1585 2868 lib.
1605 2847 1632 2873 ν,
1647 2847 1707 2876 cap.
1722 2838 1770 2867 22.
