1958 3050
184 125 251 155 MSS

875 127 904 156 S.
926 126 1096 155 EPIPHANII

1745 126 1816 153 1024

182 185 318 216 oportere.
335 182 416 211 unius
432 191 525 212 uxoris
538 193 636 218 vtrum,
654 185 858 213 continentem‘
874 196 881 214 :
895 187 974 214 simi-

1033 187 1158 218 ῖιάκονον,
1175 186 1278 213 καὶτὸν
1293 185 1485 222 πρεσϐύτερον.
1498 185 1553 212 Καὶ
1566 184 1620 220 γὰρ
1634 183 1673 219 τῷ
1694 183 1742 218 μὲν
1757 183 1814 210 δντι

182 227 241 254 liter
260 232 287 256 et
303 227 450 257 diaconum
463 236 489 258 et
499 231 698 267 presbyterum.
720 232 758 259 lta
766 233 838 260 enim
849 234 971 268 profecto

184 281 245 300 sese
257 281 300 301 res
317 274 415 308 habet,
434 281 462 302 ut
477 281 539 312 post
556 277 659 304 Christi
678 278 706 304 in
722 278 814 306 orbem
835 281 971 305 terrarum

183 320 340 351 adventum,
354 328 402 348 eos
413 329 508 350 omnes
521 322 565 357 qui
579 323 729 351 secundum
744 323 849 358 priores
861 324 972 358 nuptias

183 369 290 390 mortua
317 372 403 393 uxore
421 366 499 394 alteri
523 375 583 396 sese
603 367 707 402 nuptiis
731 367 878 403 illigarint,
903 375 969 395 san-

184 409 307 436 ctissima
325 410 369 438 Dei
388 411 533 447 disciplina
548 413 668 448 rejiciat:
684 417 827 448 propterea
839 414 911 449 quod
928 414 971 440 in-

184 454 323 483 credibilis
344 460 386 484 est
409 457 554 485 sacerdotii
576 458 664 486 honor
682 466 713 485 ac
732 458 865 494 dignitas.
884 458 974 493 Atque

184 499 258 528 istud
284 501 373 537 ipsum
398 508 575 532 sacresancta
598 504 645 532 Dei
665 504 789 532 Ecclesia
814 512 877 532 cum
898 505 973 531 onmi

184 547 342 582 provisione
360 549 555 585 diligentiaque
571 555 672 578 servat.
688 550 759 584 Quin
771 558 833 578 eum
850 550 972 585 insuper,

183 595 230 630 qui
255 596 344 624 adhuc
377 597 404 624 in
429 598 604 624 matrimonio
631 597 721 632 degit.
753 603 785 624 ac
810 596 902 624 litteris
929 596 975 623 dat

184 647 306 675 operam,
327 643 435 670 tametsi
459 644 540 670 unius
555 643 591 671 sit
612 643 706 670 uxoris
727 645 779 674 vir.
805 651 976 678 nequaquam

184 690 275 713 tamen
297 687 330 714 ad
347 688 468 722 diaconi,
490 688 653 724 presbyteri,
671 688 805 724 cpiscOpi,
822 692 869 716 aut
892 688 978 724 hypo-

1024 232 1054 257 οὐ
1068 231 1174 267 δέχεται
1188 231 1219 258 τὸ
1233 231 1310 266 ἇγιον
1326 231 1373 258 τοῦ
1389 231 1458 258 Θεοῦ
1473 232 1604 267 κήρυγμα
1625 229 1694 266 μετὰ
1705 229 1754 265 τὴν
1766 228 1814 256 τοῦ

1024 277 1143 312 Χριστοῦ
1160 277 1290 312 ἑνδημίαν
1305 278 1369 309 τοὺς
1383 277 1437 304 ἀπὸ
1452 276 1561 312 πρώτου
1575 276 1675 312 γάμου,
1685 275 1814 310 τελευτη-

1021 323 1107 358 σάσης
1120 322 1171 358 τῆς
1187 323 1276 350 αὐτῶν
1287 323 1426 357 γυναικῦς,
1441 322 1560 358 δευτέρῳ
1572 322 1654 358 γάμῳ
1668 321 1816 356 συναφθέν-

1020 377 1070 401 τας
1080 368 1124 396 διὰ
1134 369 1165 395 τὸ
1178 368 1347 404 ὑπερϐάλλον
1361 369 1411 404 τῆς
1431 369 1514 404 τιμῆς
1523 369 1572 405 τῆς
1584 367 1742 404 ἱερωσύνης.
1760 367 1816 394 Καὶ

1021 414 1106 442 ταῦτα
1127 414 1255 450 ἀσφαλῶς
1277 416 1294 450 ή
1315 414 1381 449 άτία
1406 414 1454 441 τοῦ
1479 414 1547 441 Θεοῦ
1569 413 1718 449 Ἐκκλησία
1747 411 1817 448 μετὰ

1021 460 1162 496 ἀκριϐείας
1175 460 1425 496 παραφυλάττεται.
1443 460 1524 487 Ἀλλὰ
1539 460 1586 486 καὶ
1597 460 1642 486 τδν
1652 460 1692 486 ιτι
1707 458 1816 494 βιοῦντα

1023 505 1072 534 καὶ
1092 506 1313 540 τεκωγονοῦντα,
1343 507 1407 542 μιᾶς
1425 506 1553 541 γυναικὺς
1573 505 1636 532 ὄντα
1663 505 1761 540 ἄνδρα,
1785 504 1816 530 οὐ

1023 552 1140 588 δέχεται,
1156 552 1224 580 ἀλλὰ
1246 553 1300 580 άπὸ
1322 554 1386 588 μιᾶς
1411 552 1664 588 ὲγκρατευσάμενον
1680 551 1697 586 ἢ
1719 550 1818 586 χηρεύ-

1026 607 1120 630 σαντα,
1134 598 1256 626 διάκονόν
1275 607 1305 625 τε
1318 599 1366 626 καὶ
1387 598 1582 634 πρεσϐύτερον,
1599 597 1645 624 καὶ
1657 597 1817 628 ἐπίσκοπον,

1026 644 1210 676 ὺποδιάκονον,
1225 644 1344 680 μάλιστα
1355 644 1421 670 ὅπου
1433 643 1557 680 ἀκριϐεῖς
1567 643 1679 674 κανόνες
1688 643 1712 669 οἱ
1723 641 1820 676 ἐκκλη-

1028 688 1171 717 σιαστικοί.

184 732 292 760 diaconi
316 734 439 762 ordinem
455 735 585 762 admittit.
604 735 659 763 Sed
676 743 739 763 eum
756 735 908 768 duntaxat,
923 735 969 771 qui
989 735 1024 763 ab
1038 736 1121 764 unius
1138 735 1232 764 uxoris
1248 735 1448 764 consuetudine
1481 742 1543 762 sese
1570 734 1748 767 continuerit,
1770 736 1819 760 aut

183 786 214 805 ea
230 779 265 807 sit
278 781 390 808 orbatus
406 791 412 808 :
430 781 502 816 quod
521 783 546 809 in
562 783 615 810 illis
629 782 696 809 locis
710 783 845 818 praecipue
862 783 902 815 lit.
916 783 962 810 ubi
981 784 1162 812 ecclesiastici
1176 791 1296 812 canones
1314 787 1443 812 acuurate
1458 786 1613 811 servantur.

219 825 252 853 At
265 827 340 854 enim
357 829 497 856 nonnullis
526 829 616 856 adhuc
645 829 673 856 in
705 829 773 857 locis
805 829 969 865 presbyteri,

1066 829 1146 857 Ἀλλά
1162 830 1270 861 πάντως
1284 831 1357 866 ὲρεῖς
1376 838 1431 865 μοι,
1447 829 1476 856 εν
1490 838 1545 856 τισι
1568 829 1660 860 τόποις
1673 827 1713 854 ἔτι
1726 836 1822 855 τεκνο-

184 871 291 899 diaconi
310 877 337 900 et
350 873 528 909 hypodiaconi
549 875 649 902 liberos
666 875 841 910 suscipiunt:
861 883 976 910 respon-

1033 877 1117 911 γονεῖν
1134 876 1346 912 πρεσϐυτέρους,
1362 876 1411 903 καὶ
1431 875 1581 907 διακόνους,
1605 874 1652 902 καὶ
1678 874 1822 901 ὑποδιακὸο

184 918 246 950 deo,
271 927 326 946 non
354 920 422 947 illud
448 929 481 948 ex
506 922 622 950 canonis
644 922 807 950 auctoritate
831 921 909 953 ﬁeri.
929 920 977 949 sed

185 970 297 1000 propter
311 966 451 994 hominum
471 968 616 1003 ignaviam,
637 977 697 1004 quae
711 969 795 997 certis
807 968 976 1003 temporibus

185 1012 354 1046 negligenter
379 1021 458 1048 agere
483 1022 516 1042 ac
538 1015 686 1042 connivere
711 1015 790 1046 solet,
807 1014 842 1042 ob
864 1014 976 1041 nimiam

185 1058 278 1092 populi
304 1059 523 1093 multitudinem,
549 1068 611 1087 cum
636 1060 741 1088 scilicet
761 1060 808 1096 qui
832 1059 867 1086 ad
887 1067 935 1087 eas
948 1067 978 1087 se

185 1103 341 1132 functiones
358 1106 495 1140 applicent
506 1114 560 1134 non
588 1106 668 1134 facile
692 1107 876 1141 reperiuntur.
898 1106 977 1138 Quod

185 1150 220 1176 a.l
237 1150 324 1184 ipsam
348 1151 457 1185 quidem
485 1151 634 1180 Ecclesiam
650 1153 763 1184 attinet,
785 1159 828 1184 ea,
852 1155 945 1186 utpote
961 1159 977 1178 a

186 1199 282 1222 sancto
295 1195 397 1231 Spiritu
410 1197 478 1225 bene
490 1198 615 1226 ordinata
631 1202 713 1233 atque
722 1198 883 1226 constituta.
899 1198 971 1233 quod

186 1239 328 1269 decentius
344 1247 387 1269 est
409 1244 538 1271 omnibus
553 1244 580 1271 in
595 1244 677 1272 rebus
692 1245 883 1277 considerans,
897 1245 921 1272 ei
938 1244 976 1271 rei

186 1286 296 1313 studere
309 1287 481 1321 potissimum
493 1288 628 1322 instituit,
644 1294 673 1316 ut
686 1298 747 1324 quae
762 1290 856 1317 divino
869 1290 974 1317 numini

187 1332 340 1360 ministeria
356 1339 532 1369 praestantur,
550 1336 624 1364 nulla
642 1344 681 1370 re,
697 1336 787 1371 quoad
804 1336 861 1364 ﬁeri
877 1341 976 1372 pot-st,

186 1378 391 1412 distrahantur,
409 1385 491 1415 atque
511 1381 645 1416 spiritalia
671 1382 763 1410 omnia
787 1382 875 1409 ollicia
895 1390 977 1418 quam

187 1424 291 1458 optima
319 1425 517 1462 Iattissimaque
548 1428 716 1456 conscientia
748 1433 889 1463 gerantur.
922 1429 978 1456 lloc

188 1469 274 1504 igitur
293 1471 355 1498 dico
369 1477 482 1507 propter
494 1473 601 1501 subitas
621 1474 777 1503 functiones
792 1479 874 1510 atque
890 1475 977 1502 cilicia

188 1517 346 1548 convenire.
373 1522 402 1544 ut
417 1518 560 1554 presbyter
576 1527 609 1546 ac
623 1520 768 1553 diaconus,
787 1525 813 1548 et
831 1521 977 1556 episcopus

188 1561 245 1590 Deo
259 1563 368 1598 penitus
385 1568 473 1592 vacet.
492 1564 558 1591 Nam
574 1565 596 1592 si
611 1566 665 1594 illis
681 1567 776 1600 etiam,
793 1567 866 1602 quie
880 1567 979 1602 populo

190 1611 270 1639 sunt,
288 1607 314 1634 id
329 1608 418 1642 ipsum
433 1608 581 1643 Apostolus
600 1610 723 1645 praecipit
738 1619 744 1637 :
759 1609 809 1643 Ut,
826 1610 929 1645 inquit,
945 1611 979 1636 ad

190 1659 290 1686 tempus
309 1657 397 1680 uacent
413 1654 528 1680 orationi
544 1656 565 1686 ’,
580 1660 683 1690 quanto
698 1657 725 1683 id
739 1656 827 1691 magis
843 1656 980 1684 sacerdoti

191 1698 378 1733 priescripsit?
398 1698 531 1726 Nimirum
548 1701 630 1728 nullis
646 1706 674 1728 ut
695 1702 897 1737 impedimentis
915 1709 980 1729 avo-

189 1749 279 1775 cetur,
294 1752 348 1778 quo
358 1744 383 1771 in
391 1745 579 1779 spiritualibus
589 1747 739 1774 secundum
750 1747 832 1774 Deum
846 1748 962 1783 negotiis
970 1769 978 1781 ,

192 1789 220 1816 iu
237 1789 297 1824 ipso
314 1797 364 1817 usu
393 1791 540 1818 sacerdotii
552 1792 843 1828 administrationequc
858 1793 978 1822 ferietur.

192 1835 326 1862 Caeterum
354 1835 380 1862 in
407 1837 524 1871 populo.
542 1844 654 1874 propter
671 1839 731 1872 eius
749 1839 960 1867 imbecillitatem
972 1860 979 1872 ,

194 1881 304 1908 tolerari
322 1880 394 1908 istud
418 1886 523 1916 potest,
544 1889 576 1910 ut
595 1884 641 1920 qui
657 1893 740 1912 uxore
755 1885 842 1920 prima
859 1887 979 1913 contenti

193 1935 255 1955 esse
271 1936 326 1955 non
341 1927 466 1962 possint,
482 1929 565 1965 497
577 1938 610 1958 ea
627 1935 734 1958 mortua
757 1931 906 1959 secundam
930 1932 980 1960 sibi

1029 932 1100 955 vou;.
1115 922 1201 949 Τοῦτο
1211 923 1241 949 οὺ
1257 922 1334 958 παρὰ
1347 922 1393 949 τὸν
1409 922 1521 954 κανόνα,
1533 921 1602 949 ἀλλὰ
1620 921 1695 957 παρὰ
1705 920 1754 956 τὴν
1766 919 1823 946 τῶν

1029 967 1181 1004 ἀνθρώπων
1204 967 1277 995 κατὰ
1303 967 1398 1004 καιρὸν
1421 967 1618 1004 ρᾳθυμήσασαν
1633 967 1761 998 διάνοιαν,
1775 965 1823 992 καὶ

1028 1014 1075 1041 τοῦ
1091 1014 1208 1050 πλήθους
1222 1015 1325 1048 ἕνεκεν,
1344 1016 1381 1051 μὴ
1399 1014 1597 1050 εὑρισκομένης
1610 1013 1772 1048 ὑπηρεσίας.
1785 1011 1822 1038 Τὸ

1030 1058 1254 1094 πρεπωδέστερον
1279 1059 1334 1094 γὰρ
1360 1059 1404 1086 ἀεὶ
1424 1060 1441 1095 ή
1465 1059 1612 1095 Ἐκκλησία
1631 1058 1732 1094 ὁρῶσα.
1752 1057 1824 1092 ἁγίῳ

1029 1103 1168 1139 Πνεὺματι
1187 1103 1218 1131 εὖ
1237 1105 1427 1140 διαταχθεῖσα,
1442 1105 1514 1140 ἔγνω
1528 1104 1748 1140 ἀπερισπάστους
1763 1102 1823 1138 Θεῷ

1028 1147 1078 1180 τὰς
1094 1147 1222 1184 λατρείας
1236 1149 1418 1176 ἐπιτελεῖσθαι
1443 1149 1612 1182 σπουδάζειν,
1626 1149 1672 1175 καὶ
1691 1148 1725 1174 τὰ
1743 1156 1824 1174 πνευ-

1031 1193 1134 1229 ματικά
1150 1193 1204 1220 τῶν
1225 1194 1325 1229 χρειῶν
1341 1194 1410 1230 μετὰ
1431 1194 1521 1230 πάσης
1534 1194 1714 1227 εὐνουστάτης
1734 1200 1824 1219 συνει-

1029 1241 1133 1276 δήσεως
1140 1240 1321 1268 τελειοῦσθαι.
1336 1241 1410 1276 Φημὶ
1420 1241 1459 1274 δὲ,
1473 1241 1515 1268 ὅτι
1525 1240 1629 1276 πρέπον
1645 1240 1703 1266 ἐστὶ
1718 1239 1761 1265 διὰ.
1774 1238 1824 1270 τὰς

1028 1287 1158 1322 ἐξαπίνης
1175 1287 1347 1323 λειτουργίας
1363 1288 1409 1314 καὶ
1425 1290 1520 1323 χρείας
1542 1286 1682 1322 σχολάζειν
1693 1285 1738 1312 τὸν
1757 1293 1825 1320 πρε-

1030 1332 1171 1368 σϐύτερον,
1185 1332 1234 1359 καὶ
1256 1332 1388 1364 διάκονον.
1410 1333 1457 1359 καὶ
1476 1332 1624 1359 ἐπίσκοπον
1638 1330 1708 1365 Θεῷ.
1725 1330 1756 1357 El
1769 1329 1825 1365 γὰρ

1029 1380 1076 1405 καὶ
1095 1380 1152 1410 τοῖς
1172 1379 1226 1406 ἀπὸ
1239 1378 1285 1405 τοῦ
1305 1379 1368 1406 λαοῦ
1381 1379 1546 1415 προστάσσει
1563 1379 1577 1404 ὸ
1596 1379 1673 1412 ἅγιος
1696 1376 1824 1403 ’Δπόοτο-

1028 1424 1177 1460 λοςλέγων,
1193 1425 1260 1452 Ἵνα
1277 1425 1351 1458 πρὸς
1370 1424 1473 1459 καιρὸν
1487 1424 1663 1458 σχολάσωσι
1678 1422 1716 1457 τῇ
1730 1421 1806 1457 εὐχῇ
1816 1431 1823 1438 ·

1029 1470 1105 1506 πόσῳ
1123 1479 1154 1504 γε
1173 1470 1272 1506 μᾶλλον
1293 1470 1332 1506 τῷ
1359 1471 1426 1506 ἱερεῖ
1446 1470 1477 1497 τὸ
1499 1471 1565 1497 αὐτὸ
1584 1469 1768 1505 προστάσσει;
1788 1468 1826 1495 Τὸ

1031 1517 1237 1553 ἀπερίσπαστον
1253 1517 1281 1543 δὲ
1300 1517 1382 1551 λέγω,
1402 1518 1442 1549 είς
1461 1517 1493 1544 τὸ
1518 1517 1657 1551 σχολάζειν
1677 1515 1749 1542 κατὰ
1759 1515 1826 1542 Θεὸν

993 1555 1016 1586 C
1032 1563 1061 1589 ὲν
1087 1563 1148 1594 ταῖς
1175 1563 1280 1598 χρείαις
1310 1563 1370 1594 ταῖς
1401 1563 1600 1598 πνευματικαῖς
1629 1560 1827 1596 τελεσιουργη-

1035 1610 1102 1645 μένῃ
1130 1609 1141 1625 ⁸
1166 1609 1309 1644 ἱερωσύνῃ.
1339 1609 1448 1641 Ἔξεστι
1479 1609 1508 1636 δὲ
1537 1608 1576 1644 τῷ
1600 1607 1657 1643 λαῷ
1680 1608 1713 1635 δι’
1743 1607 1826 1634 ἀσθέ-

1034 1665 1108 1684 νειαν
1127 1655 1376 1688 διαϐαστάζεσθαι,
1405 1655 1452 1682 καὶ
1475 1654 1512 1690 μὴ
1537 1654 1700 1690 δυνηθέντας
1727 1653 1773 1679 ἐπὶ
1792 1653 1827 1688 τῇ

1034 1702 1130 1738 πρώτῃ
1155 1703 1263 1738 γαμετῇ
1285 1701 1388 1736 στῆναι,
1411 1701 1526 1736 δευτέρα
1550 1700 1620 1736 μετὰ
1642 1700 1755 1727 Θάνατον
1777 1698 1827 1734 τῆς

1035 1748 1148 1785 πρώτης
1173 1748 1352 1783 συναφθῆναι.
1377 1748 1433 1774 Kal.
1450 1748 1464 1774 ὁ
1490 1747 1540 1782 μὲν
1562 1747 1626 1782 μίαν
1650 1745 1774 1781 ἐσχηκὼς
1797 1745 1827 1771 ὲν

1034 1794 1138 1830 ἐπαίνῳ
1150 1793 1253 1829 μείζονι
1266 1795 1313 1821 καὶ
1331 1794 1398 1829 τιμῇ
1422 1793 1497 1829 παρὰ
1513 1794 1595 1820 πᾶσιν
1611 1791 1827 1827 ὲκκλησιαζομέ-

1034 1849 1089 1872 νοις
1106 1840 1254 1876 ἐνυπάρχει
1266 1848 1274 1855 ·
1296 1840 1311 1865 ὀ
1330 1839 1358 1865 δὲ
1379 1839 1417 1874 μὴ
1439 1839 1606 1874 δυνηθεὶςτῇ
1630 1837 1680 1873 μιᾷ
1693 1836 1828 1873 ἀρκεσθῆ-

1033 1896 1078 1913 ναι
1094 1886 1346 1922 (15)τελευτησάσῃ
1359 1887 1370 1901 ⁸
1384 1885 1478 1912 ἕνεκέν
1496 1893 1568 1917 τινος
1580 1884 1753 1920 προφάσεως,
1762 1891 1829 1918 πορ-

1035 1932 1120 1964 νείας,
1135 1931 1151 1967 ἢ
1167 1931 1298 1967 μοιχείας,
1312 1932 1328 1967 ἢ
1347 1931 1434 1967 κακῆς
1449 1930 1537 1962 αἰτίας
1554 1929 1694 1966 χωρισμοῦ
1713 1929 1830 1964 γενομὲ-

231 2008 240 2023 λ
256 2007 351 2035 l-Tim.
366 2017 408 2043 Ill,
419 2009 448 2037 ‘2.
481 2010 490 2025 '
507 2008 592 2036 ICor.
604 2017 653 2042 vn,
674 2009 701 2037 5.
739 2009 831 2045 ‘Lego
844 2009 980 2045 τελεσιουρ

1037 2010 1115 2046 μένῃ.
1152 2010 1163 2025 ⁸
1176 2009 1309 2044 Suspecta
1327 2009 1393 2036 mihi
1409 2008 1461 2036 loci
1480 2008 1562 2044 hujus
1579 2007 1725 2044 integritas
1740 2011 1791 2034 est.

233 2088 290 2123 (l5)
313 2088 346 2115 '0
368 2087 402 2115 δὲ
422 2088 465 2122 μὴ
488 2089 629 2122 δυνηθεὶς
652 2088 689 2122 τῇ
712 2088 766 2123 μιᾷ
788 2089 985 2123 ἁρκεσθῆναι.

199 2123 367 2158 Depravatus
392 2124 451 2151 sine
474 2123 557 2150 dubio
580 2125 631 2151 iste
658 2124 736 2151 locus
757 2130 809 2152 est.
833 2125 901 2151 l\am
926 2132 987 2158 qua:

198 2159 320 2194 proxime
340 2163 502 2193 sequuntur.
520 2159 660 2186 evidenter
673 2159 861 2186 demonstrant
881 2159 907 2186 id
923 2159 986 2194 Epi-

1040 2097 1156 2125 rumque
1171 2088 1225 2125 PP.
1243 2089 1377 2116 sententia
1394 2087 1456 2116 fuit.
1481 2089 1504 2125 A_
1517 2095 1571 2123 qua
1588 2087 1697 2125 tametsi
1715 2087 1830 2125 nonnul-

1041 2123 1128 2151 lorum
1149 2124 1202 2152 PP.
1225 2124 1402 2151 auctoritates
1428 2131 1459 2151 ac
1484 2123 1593 2151 decreta
1622 2123 1768 2149 abhorrere
1792 2123 1830 2148 vi-

1040 2160 1168 2190 dcantur,
1190 2167 1250 2194 qua:
1268 2160 1339 2194 apud
1360 2158 1519 2186 Gratianum
1541 2163 1618 2193 parte
1634 2165 1663 2189 ιι.
1685 2165 1768 2184 causa
1782 2157 1827 2194 '52,

199 2190 328 2229 phaniimt
354 2190 438 2222 velle:
467 2194 549 2221 licere
573 2202 627 2221 non
659 2194 740 2230 modo
771 2199 831 2229 post
862 2190 988 2229 conjugis
1005 2190 1026 2217 ῐ)
1041 2199 1137 2230 quaest.
1156 2195 1181 2227 7,
1198 2190 1463 2226 conmiemorantur;
1486 2197 1513 2221 et
1536 2190 1683 2230 Cajetanus
1705 2199 1766 2226 cum
1783 2193 1827 2218 ali-

200 2234 328 2261 mortem,
353 2229 400 2256 sed
425 2237 458 2256 eo
480 2236 589 2264 quoque
605 2229 760 2264 superstite.
779 2230 801 2257 si
823 2237 906 2257 causa
926 2230 988 2264 legi—

200 2265 267 2290 tima
283 2265 417 2299 quaepiam
440 2264 636 2295 intercesserit.
659 2265 760 2292 alteras
780 2265 849 2292 inire
865 2265 986 2299 nuptias.

200 2298 268 2325 Nam
293 2299 315 2328 si
333 2298 368 2342 de
388 2299 519 2342 Secundis
533 2300 665 2342 duntaxat
678 2305 738 2342 post
753 2304 868 2327 mortem
885 2298 987 2342 ageret.

201 2341 333 2368 quorsum
359 2335 415 2362 haec
441 2334 582 2368 adjiceret.
610 2334 702 2360 ἕνεκέν
726 2343 798 2366 τινος
825 2334 988 2369 προφάσεως

203 2369 341 2404 πορνείας.
356 2374 421 2401 etc.,
439 2370 470 2396 ob
484 2370 601 2399 aliquam
616 2370 710 2404 stupri.
729 2369 863 2402 adulterii,
879 2370 917 2397 vel
928 2371 990 2396 alte-

203 2405 259 2430 rius
273 2405 370 2438 ﬂagitii
387 2413 496 2431 causam
507 2406 520 2432 Ζ)
536 2404 605 2431 Tum
621 2405 646 2431 id
664 2406 766 2432 clarius
785 2405 911 2437 subinde,
926 2413 988 2432 cum

203 2439 280 2481 dicit,
291 2439 347 2466 ἀλλ’
361 2440 422 2481 duo.
433 2441 496 2474 μιᾶς
507 2439 683 2481 ἐποσχεθεὶς,
695 2440 818 2481 δευτέρας
829 2441 854 2466 εἰ
871 2439 987 2481 τιξχοιεν,

203 2474 278 2509 νόμῳ
303 2475 480 2510 συναφθῆναι.
505 2474 638 2508 Quocirca
662 2482 715 2501 non
740 2474 844 2504 dubito.
859 2474 924 2510 quin
952 2475 989 2501 ita

204 2511 392 2546 corrigendum
408 2511 454 2539 sit.
471 2510 767 2546 τελευτησάσῃ,ἱνεκέν
781 2519 862 2542 τινος,
876 2515 941 2541 etc.,
961 2515 990 2537 ut

205 2544 259 2571 duo
274 2545 330 2580 sint
349 2545 472 2579 digamia:
485 2544 584 2579 genera
598 2554 605 2572 :
624 2544 740 2580 primum
766 2554 849 2572 uxore
863 2549 987 2577 mortua;

206 2579 367 2615 secundum,
384 2584 445 2614 post
462 2579 718 2615 divortiunnraltera
734 2581 785 2607 sibi
800 2581 935 2615 copulata.
954 2580 990 2606 Ita

206 2616 317 2649 quidem
339 2614 516 2650 Epiphanius.
535 2614 588 2643 Sed
605 2619 636 2642 ut
659 2615 712 2642 illis
734 2614 902 2650 temporibus
927 2623 994 2641 non-

206 2651 271 2677 dum
288 2657 320 2677 ea
342 2649 396 2677 res,
416 2650 450 2677 ab
475 2649 596 2677 Ecclesia
626 2650 734 2677 deﬁnita
757 2649 871 2681 prorsus
897 2650 990 2680 fuerit,

206 2685 288 2712 hodie
301 2690 403 2720 tamen,
426 2686 632 2720 praesertimque
655 2689 716 2720 post
740 2686 841 2713 editum
864 2694 878 2712 a
902 2693 993 2712 sacro-

207 2725 303 2747 sancta
321 2717 479 2747 Trideuiiua
505 2717 609 2755 synodo
631 2717 773 2753 canonem,
794 2721 874 2748 aliter
890 2721 992 2748 sentire

206 2756 296 2787 nefas,
312 2763 394 2789 quant
416 2756 564 2789 superstite
579 2756 661 2790 prii-ri
683 2755 809 2790 conjuge,
833 2757 914 2783 etiam
932 2759 993 2790 post

208 2791 357 2826 legitimum
373 2791 532 2820 divortium.
551 2791 644 2818 alteris
665 2791 788 2825 copulari
808 2791 911 2825 nuptiis
926 2798 993 2816 nun~

207 2833 288 2861 quam
314 2826 404 2853 liccrc.
431 2826 497 2859 Qua:
513 2830 539 2854 et
565 2826 721 2862 Augustini,
739 2826 907 2862 Hieronymi,
923 2825 991 2852 alio-

1038 2228 1105 2265 quot
1122 2229 1320 2257 recentioribus
1335 2230 1469 2264 theologis
1484 2229 1651 2265 contrariam
1675 2228 1703 2265 in
1723 2230 1829 2265 senten-

1039 2263 1104 2292 tiam
1130 2265 1297 2295 discesserit.
1313 2265 1392 2299 longe
1419 2263 1508 2299 potior
1533 2267 1576 2292 est
1601 2263 1730 2299 lic-elegia;
1742 2263 1829 2299 totius

1038 2309 1091 2328 vox
1103 2305 1130 2328 et
1145 2300 1302 2331 consensio.
1314 2297 1458 2334 quaesess.
1467 2299 1512 2330 24,
1525 2307 1588 2326 can.
1604 2298 1619 2324 7
1635 2306 1651 2325 a
1665 2297 1829 2325 Tridentino

1039 2343 1172 2363 consessu
1188 2333 1362 2370 proponitur.
1376 2333 1461 2361 Porro
1473 2335 1681 2370 iniret‘ﬂvetet'um
1703 2334 1828 2370 testimo-

1040 2371 1096 2402 nia,
1106 2368 1207 2406 quibus
1219 2368 1280 2405 post
1293 2369 1442 2406 legitimum
1453 2369 1518 2406 illud
1531 2369 1678 2406 divortium
1696 2368 1830 2402 permissa

1040 2403 1232 2433 innocentibus
1249 2405 1413 2440 eoujugibus
1440 2403 1766 2440 matrimoniaﬁvidentur,
1782 2410 1831 2440 re-

1041 2441 1106 2468 ferri
1120 2445 1209 2476 potest
1224 2437 1383 2476 Arelatense
1395 2440 1513 2476 primum
1531 2439 1678 2476 concilium
1693 2445 1755 2476 can.
1779 2437 1829 2476 1οξ

1040 2476 1086 2512 qui
1105 2473 1149 2503 hic
1165 2476 1253 2504 obiter
1267 2473 1453 2512 emendandus
1466 2479 1518 2512 est.
1537 2474 1576 2512 De
1596 2474 1648 2512 his,
1665 2473 1769 2512 inquit,
1782 2473 1830 2512 μυί

1040 2507 1163 2546 ἱοηῙιιςεε
1183 2519 1246 2538 suas
1271 2511 1297 2537 in
1320 2510 1456 2546 adulterio
1480 2509 1726 2546 deprehendunt._et
1750 2507 1830 2546 iidem

1041 2543 1102 2574 sunt
1116 2543 1291 2574 adolescentes
1307 2545 1408 2579 ﬁdeles,
1419 2551 1444 2572 et
1460 2545 1629 2580 pro/libentur
1649 2543 1753 2580 nabere.
1771 2543 1832 2577 pla-

1042 2582 1095 2608 cuit
1110 2587 1148 2611 ut.
1166 2583 1193 2608 in
1213 2586 1341 2615 quantum
1356 2579 1464 2614 potest.
1477 2580 1617 2607 consilium
1635 2580 1672 2605 eis
1689 2579 1776 2615 detur,
1799 2586 1831 2615 ne

1042 2616 1187 2645 viventibus
1204 2613 1331 2642 ultoribus
1347 2613 1415 2646 suis,
1430 2616 1488 2642 licet
1504 2615 1644 2647 adulteris,
1669 2614 1738 2640 alias
1762 2613 1832 2639 acci-

1041 2652 1126 2686 piant.
1145 2651 1195 2678 Ubi
1212 2651 1382 2685 negationcm
1398 2652 1503 2681 deesse,
1519 2651 1727 2686 legendumque.
1743 2653 1769 2686 et
1779 2656 1832 2674 non

1042 2683 1212 2720 pro/libentur
1233 2683 1327 2713 nabere
1342 2690 1486 2713 contextus
1496 2683 1559 2720 ipse
1568 2685 1701 2711 orationis
1715 2683 1830 2720 indicat.

1043 2722 1110 2749 Nam
1124 2723 1146 2749 si
1162 2721 1340 2757 prohibentur
1355 2722 1467 2753 nubere,
1481 2719 1536 2748 non
1551 2720 1695 2747 consilium
1705 2719 1751 2757 “ad
1771 2719 1833 2757 illos

1043 2753 1229 2819 90ercendos,
1260 2757 1307 2785 sed
1336 2757 1463 2792 prmccpli
1499 2757 1652 2784 necessitas
1679 2753 1834 2781 adhibenda

1057 2798 1142 2819 uerat.

1057 2798 1142 2820 uerat.
