  <div class='ocr_page' id='page_1' title='image "/cluster/home/n/w/nwhite01/storage/ocr_20150623/41/njp.32101007805813/538.png"; bbox 0 0 1958 3050; ppageno 0'>
   <div class='ocr_carea' id='block_1_1' title="bbox 109 153 179 181">
    <p class='ocr_par' dir='ltr' id='par_1_1' title="bbox 109 153 179 181">
     <span class='ocr_line' id='line_1_1' title="bbox 109 153 179 181; baseline 0 0"><span class='ocrx_word' id='word_1_1' title='bbox 109 153 179 181; x_wconf 67' lang='grc'><strong>1025</strong></span> 
     </span>
    </p>
   </div>
   <div class='ocr_carea' id='block_1_2' title="bbox 433 150 895 181">
    <p class='ocr_par' dir='ltr' id='par_1_2' title="bbox 433 150 893 181">
     <span class='ocr_line' id='line_1_2' title="bbox 433 150 893 181; baseline 0.004 -2"><span class='ocrx_word' id='word_1_2' title='bbox 433 150 616 180; x_wconf 79' lang='lat' dir='ltr'><strong>ADVERSUS</strong></span> <span class='ocrx_word' id='word_1_3' title='bbox 638 151 810 180; x_wconf 73' lang='lat' dir='ltr'><strong>HIERESES</strong></span> <span class='ocrx_word' id='word_1_4' title='bbox 829 151 893 181; x_wconf 85' lang='lat' dir='ltr'><strong>LIB.</strong></span> 
     </span>
    </p>
   </div>
   <div class='ocr_carea' id='block_1_3' title="bbox 947 150 1380 181">
    <p class='ocr_par' dir='ltr' id='par_1_3' title="bbox 963 151 1380 180">
     <span class='ocr_line' id='line_1_3' title="bbox 963 151 1380 180; baseline 0 -1"><span class='ocrx_word' id='word_1_5' title='bbox 963 151 1045 180; x_wconf 78' lang='grc' dir='ltr'><strong>ΤΟΜ.</strong></span> <span class='ocrx_word' id='word_1_6' title='bbox 1064 151 1083 180; x_wconf 92' lang='grc'><strong>1.</strong></span> <span class='ocrx_word' id='word_1_7' title='bbox 1103 167 1137 173; x_wconf 95' lang='lat'><strong>—-</strong></span> <span class='ocrx_word' id='word_1_8' title='bbox 1154 152 1291 179; x_wconf 70' lang='lat' dir='ltr'><strong>H/EliES.</strong></span> <span class='ocrx_word' id='word_1_9' title='bbox 1313 151 1380 180; x_wconf 71' lang='lat' dir='ltr'><strong>LIX.</strong></span> 
     </span>
    </p>
   </div>
   <div class='ocr_carea' id='block_1_4' title="bbox 1666 151 1734 179">
    <p class='ocr_par' dir='ltr' id='par_1_4' title="bbox 1666 151 1734 179">
     <span class='ocr_line' id='line_1_4' title="bbox 1666 151 1734 179; baseline -0.015 0"><span class='ocrx_word' id='word_1_10' title='bbox 1666 151 1734 179; x_wconf 60' lang='lat'><strong>1026</strong></span> 
     </span>
    </p>
   </div>
   <div class='ocr_carea' id='block_1_5' title="bbox 107 207 895 246">
    <p class='ocr_par' dir='ltr' id='par_1_5' title="bbox 107 210 895 246">
     <span class='ocr_line' id='line_1_5' title="bbox 107 210 895 246; baseline -0.001 -8"><span class='ocrx_word' id='word_1_11' title='bbox 107 220 165 242; x_wconf 83' lang='grc' dir='ltr'><em>νου,</em></span> <span class='ocrx_word' id='word_1_12' title='bbox 189 210 358 244; x_wconf 76' lang='grc' dir='ltr'><strong>συναφθέντα</strong></span> <span class='ocrx_word' id='word_1_13' title='bbox 381 210 495 246; x_wconf 71' lang='grc' dir='ltr'>δευτέρᾳ</span> <span class='ocrx_word' id='word_1_14' title='bbox 516 210 636 244; x_wconf 79' lang='grc' dir='ltr'><em>γυναικὶ,</em></span> <span class='ocrx_word' id='word_1_15' title='bbox 653 210 669 246; x_wconf 87' lang='grc' dir='ltr'>ῆ</span> <span class='ocrx_word' id='word_1_16' title='bbox 691 211 759 246; x_wconf 84' lang='grc' dir='ltr'>γυνὴ</span> <span class='ocrx_word' id='word_1_17' title='bbox 779 211 895 246; x_wconf 82' lang='grc' dir='ltr'><strong>δευτέρῳ</strong></span> 
     </span>
    </p>
   </div>
   <div class='ocr_carea' id='block_1_6' title="bbox 947 207 1731 246">
    <p class='ocr_par' dir='ltr' id='par_1_6' title="bbox 948 207 1731 246">
     <span class='ocr_line' id='line_1_6' title="bbox 948 207 1731 246; baseline -0.004 -8"><span class='ocrx_word' id='word_1_18' title='bbox 948 211 1086 246; x_wconf 76' lang='lat' dir='ltr'><strong>copulant.</strong></span> <span class='ocrx_word' id='word_1_19' title='bbox 1119 211 1280 244; x_wconf 80' lang='lat' dir='ltr'><strong>Quanquam</strong></span> <span class='ocrx_word' id='word_1_20' title='bbox 1305 209 1350 244; x_wconf 90' lang='lat' dir='ltr'><strong>qui</strong></span> <span class='ocrx_word' id='word_1_21' title='bbox 1371 216 1451 236; x_wconf 91' lang='lat' dir='ltr'><strong>unam</strong></span> <span class='ocrx_word' id='word_1_22' title='bbox 1469 207 1602 235; x_wconf 81' lang='lat' dir='ltr'><strong>duntaxat</strong></span> <span class='ocrx_word' id='word_1_23' title='bbox 1620 208 1731 241; x_wconf 85' lang='lat' dir='ltr'><strong>habuit,</strong></span> 
     </span>
    </p>
   </div>
   <div class='ocr_carea' id='block_1_7' title="bbox 107 256 894 293">
    <p class='ocr_par' dir='ltr' id='par_1_7' title="bbox 107 256 894 293">
     <span class='ocr_line' id='line_1_7' title="bbox 107 256 894 293; baseline 0.001 -10"><span class='ocrx_word' id='word_1_24' title='bbox 107 256 195 292; x_wconf 67' lang='grc' dir='ltr'><em>ἀνδρὶ,</em></span> <span class='ocrx_word' id='word_1_25' title='bbox 206 256 255 282; x_wconf 87' lang='grc' dir='ltr'><strong>οὐκ</strong></span> <span class='ocrx_word' id='word_1_26' title='bbox 268 257 386 284; x_wconf 70' lang='grc' dir='ltr'><strong>αἰτιᾶται</strong></span> <span class='ocrx_word' id='word_1_27' title='bbox 402 257 416 282; x_wconf 92' lang='lat'><strong>6</strong></span> <span class='ocrx_word' id='word_1_28' title='bbox 427 256 496 287; x_wconf 80' lang='grc' dir='ltr'>Θεῖος</span> <span class='ocrx_word' id='word_1_29' title='bbox 512 256 600 290; x_wconf 80' lang='grc' dir='ltr'><strong>λόγος,</strong></span> <span class='ocrx_word' id='word_1_30' title='bbox 613 257 674 284; x_wconf 78' lang='grc' dir='ltr'>οὐδὲ</span> <span class='ocrx_word' id='word_1_31' title='bbox 694 257 748 284; x_wconf 76' lang='grc' dir='ltr'><strong>ἀπὸ</strong></span> <span class='ocrx_word' id='word_1_32' title='bbox 761 257 811 293; x_wconf 80' lang='grc' dir='ltr'><strong>τῆς</strong></span> <span class='ocrx_word' id='word_1_33' title='bbox 833 257 894 284; x_wconf 80' lang='grc' dir='ltr'><strong>Ἐκ-</strong></span> 
     </span>
    </p>
   </div>
   <div class='ocr_carea' id='block_1_8' title="bbox 108 301 894 337">
    <p class='ocr_par' dir='ltr' id='par_1_8' title="bbox 108 301 894 337">
     <span class='ocr_line' id='line_1_8' title="bbox 108 301 894 337; baseline 0.001 -9"><span class='ocrx_word' id='word_1_34' title='bbox 108 301 221 336; x_wconf 83' lang='grc' dir='ltr'><strong>κλησίας</strong></span> <span class='ocrx_word' id='word_1_35' title='bbox 234 302 281 328; x_wconf 75' lang='grc' dir='ltr'><em>καὶ</em></span> <span class='ocrx_word' id='word_1_36' title='bbox 298 302 347 337; x_wconf 77' lang='grc' dir='ltr'><strong>τῆς</strong></span> <span class='ocrx_word' id='word_1_37' title='bbox 363 301 436 336; x_wconf 77' lang='grc' dir='ltr'><strong>ζωῆς</strong></span> <span class='ocrx_word' id='word_1_38' title='bbox 455 301 649 337; x_wconf 79' lang='grc' dir='ltr'><strong>ἀποκηρύττει,</strong></span> <span class='ocrx_word' id='word_1_39' title='bbox 662 303 729 329; x_wconf 81' lang='grc' dir='ltr'>ἀλλὰ</span> <span class='ocrx_word' id='word_1_40' title='bbox 748 302 894 330; x_wconf 79' lang='grc' dir='ltr'><strong>διαὸαστά-</strong></span> 
     </span>
    </p>
   </div>
   <div class='ocr_carea' id='block_1_9' title="bbox 107 347 895 383">
    <p class='ocr_par' dir='ltr' id='par_1_9' title="bbox 107 347 895 383">
     <span class='ocr_line' id='line_1_9' title="bbox 107 347 895 383; baseline 0.003 -9"><span class='ocrx_word' id='word_1_41' title='bbox 107 347 148 379; x_wconf 79' lang='grc' dir='ltr'><strong>ζει</strong></span> <span class='ocrx_word' id='word_1_42' title='bbox 159 347 202 374; x_wconf 82' lang='grc' dir='ltr'>διὰ</span> <span class='ocrx_word' id='word_1_43' title='bbox 215 348 246 374; x_wconf 77' lang='grc' dir='ltr'><strong>τὸ</strong></span> <span class='ocrx_word' id='word_1_44' title='bbox 259 347 385 379; x_wconf 72' lang='grc' dir='ltr'><strong>ἀσθενές·</strong></span> <span class='ocrx_word' id='word_1_45' title='bbox 402 349 452 383; x_wconf 86' lang='grc' dir='ltr'>οὐχ</span> <span class='ocrx_word' id='word_1_46' title='bbox 467 348 510 375; x_wconf 84' lang='grc' dir='ltr'><em>ῐνα</em></span> <span class='ocrx_word' id='word_1_47' title='bbox 523 348 570 375; x_wconf 89' lang='grc' dir='ltr'>δύο</span> <span class='ocrx_word' id='word_1_48' title='bbox 583 350 714 382; x_wconf 81' lang='grc' dir='ltr'><em>γυναῖκας</em></span> <span class='ocrx_word' id='word_1_49' title='bbox 727 349 774 376; x_wconf 69' lang='grc' dir='ltr'><strong>ἐπὶ</strong></span> <span class='ocrx_word' id='word_1_50' title='bbox 784 349 815 375; x_wconf 81' lang='grc' dir='ltr'><strong>τὸ</strong></span> <span class='ocrx_word' id='word_1_51' title='bbox 829 349 895 377; x_wconf 75' lang='grc' dir='ltr'><strong>αὐτὸ</strong></span> 
     </span>
    </p>
   </div>
   <div class='ocr_carea' id='block_1_10' title="bbox 108 394 895 430">
    <p class='ocr_par' dir='ltr' id='par_1_10' title="bbox 108 394 895 430">
     <span class='ocr_line' id='line_1_10' title="bbox 108 394 895 430; baseline 0.003 -10"><span class='ocrx_word' id='word_1_52' title='bbox 108 395 160 429; x_wconf 84' lang='grc' dir='ltr'>σχῇ</span> <span class='ocrx_word' id='word_1_53' title='bbox 177 394 216 420; x_wconf 73' lang='grc' dir='ltr'><em>ἔτι</em></span> <span class='ocrx_word' id='word_1_54' title='bbox 231 394 377 429; x_wconf 79' lang='grc' dir='ltr'><strong>περιούσης</strong></span> <span class='ocrx_word' id='word_1_55' title='bbox 392 394 442 429; x_wconf 82' lang='grc' dir='ltr'><strong>τῆς</strong></span> <span class='ocrx_word' id='word_1_56' title='bbox 459 395 533 429; x_wconf 80' lang='grc' dir='ltr'><em>μιᾶς,</em></span> <span class='ocrx_word' id='word_1_57' title='bbox 551 394 608 421; x_wconf 76' lang='grc' dir='ltr'>ἀλλ’</span> <span class='ocrx_word' id='word_1_58' title='bbox 624 395 678 421; x_wconf 82' lang='grc' dir='ltr'><strong>ἀπὸ</strong></span> <span class='ocrx_word' id='word_1_59' title='bbox 698 396 762 430; x_wconf 81' lang='grc' dir='ltr'><em>μιᾶς</em></span> <span class='ocrx_word' id='word_1_60' title='bbox 780 396 895 430; x_wconf 80' lang='grc' dir='ltr'><strong>ἀποσχε-</strong></span> 
     </span>
    </p>
   </div>
   <div class='ocr_carea' id='block_1_11' title="bbox 107 439 896 476">
    <p class='ocr_par' dir='ltr' id='par_1_11' title="bbox 107 439 896 476">
     <span class='ocr_line' id='line_1_11' title="bbox 107 439 896 476; baseline 0.003 -10"><span class='ocrx_word' id='word_1_61' title='bbox 107 439 175 471; x_wconf 71' lang='grc' dir='ltr'><strong>Θειὶς,</strong></span> <span class='ocrx_word' id='word_1_62' title='bbox 192 439 315 475; x_wconf 79' lang='grc' dir='ltr'><strong>δευτέρᾳ,</strong></span> <span class='ocrx_word' id='word_1_63' title='bbox 333 440 358 466; x_wconf 80' lang='grc' dir='ltr'><em>ει</em></span> <span class='ocrx_word' id='word_1_64' title='bbox 379 439 500 475; x_wconf 82' lang='grc' dir='ltr'><strong>τύχοιεν,</strong></span> <span class='ocrx_word' id='word_1_65' title='bbox 520 440 594 476; x_wconf 82' lang='grc' dir='ltr'><strong>νόμῳ</strong></span> <span class='ocrx_word' id='word_1_66' title='bbox 612 441 789 476; x_wconf 82' lang='grc' dir='ltr'><em>συναφθῆναι.</em></span> <span class='ocrx_word' id='word_1_67' title='bbox 811 440 896 468; x_wconf 83' lang='grc' dir='ltr'><strong>Ἑλεεί</strong></span> 
     </span>
    </p>
   </div>
   <div class='ocr_carea' id='block_1_12' title="bbox 107 481 891 521">
    <p class='ocr_par' dir='ltr' id='par_1_12' title="bbox 107 481 891 521">
     <span class='ocr_line' id='line_1_12' title="bbox 107 481 891 521; baseline 0.005 -13"><span class='ocrx_word' id='word_1_68' title='bbox 107 481 201 509; x_wconf 79' lang='grc' dir='ltr'>τοῦτον</span> <span class='ocrx_word' id='word_1_69' title='bbox 214 482 229 508; x_wconf 86' lang='grc' dir='ltr'><strong>ὁ</strong></span> <span class='ocrx_word' id='word_1_70' title='bbox 250 482 326 517; x_wconf 72' lang='grc' dir='ltr'>ἅγιος</span> <span class='ocrx_word' id='word_1_71' title='bbox 342 482 420 517; x_wconf 82' lang='grc' dir='ltr'>λόγος</span> <span class='ocrx_word' id='word_1_72' title='bbox 439 483 486 510; x_wconf 83' lang='grc' dir='ltr'><em>καὶ</em></span> <span class='ocrx_word' id='word_1_73' title='bbox 508 484 525 519; x_wconf 82' lang='grc' dir='ltr'>ἡ</span> <span class='ocrx_word' id='word_1_74' title='bbox 550 483 615 518; x_wconf 76' lang='grc' dir='ltr'>ἁγία</span> <span class='ocrx_word' id='word_1_75' title='bbox 639 484 706 511; x_wconf 83' lang='grc' dir='ltr'><strong>Θεοῦ</strong></span> <span class='ocrx_word' id='word_1_76' title='bbox 729 485 891 521; x_wconf 82' lang='grc' dir='ltr'><strong>Ἐκκλησία·</strong></span> 
     </span>
    </p>
   </div>
   <div class='ocr_carea' id='block_1_13' title="bbox 109 526 894 564">
    <p class='ocr_par' dir='ltr' id='par_1_13' title="bbox 109 526 894 564">
     <span class='ocr_line' id='line_1_13' title="bbox 109 526 894 564; baseline 0.005 -12"><span class='ocrx_word' id='word_1_77' title='bbox 109 526 226 561; x_wconf 74' lang='grc' dir='ltr'><strong>μάλιστα</strong></span> <span class='ocrx_word' id='word_1_78' title='bbox 243 528 266 553; x_wconf 83' lang='grc' dir='ltr'>εί</span> <span class='ocrx_word' id='word_1_79' title='bbox 279 527 407 561; x_wconf 79' lang='grc' dir='ltr'><strong>τυγχάνει</strong></span> <span class='ocrx_word' id='word_1_80' title='bbox 417 528 432 554; x_wconf 93' lang='lat'><strong>6</strong></span> <span class='ocrx_word' id='word_1_81' title='bbox 447 527 565 559; x_wconf 83' lang='grc' dir='ltr'><strong>τοιοῦτος</strong></span> <span class='ocrx_word' id='word_1_82' title='bbox 579 527 614 554; x_wconf 85' lang='grc' dir='ltr'><em>τὰ</em></span> <span class='ocrx_word' id='word_1_83' title='bbox 627 528 694 554; x_wconf 82' lang='grc' dir='ltr'>ἄλλα</span> <span class='ocrx_word' id='word_1_84' title='bbox 708 528 833 564; x_wconf 73' lang='grc' dir='ltr'><strong>εὐλαϐὴς,</strong></span> <span class='ocrx_word' id='word_1_85' title='bbox 847 529 894 556; x_wconf 78' lang='grc' dir='ltr'><em>καὶ</em></span> 
     </span>
    </p>
   </div>
   <div class='ocr_carea' id='block_1_14' title="bbox 108 569 893 608">
    <p class='ocr_par' dir='ltr' id='par_1_14' title="bbox 108 569 893 608">
     <span class='ocr_line' id='line_1_14' title="bbox 108 569 893 608; baseline 0.005 -12"><span class='ocrx_word' id='word_1_86' title='bbox 108 569 179 597; x_wconf 81' lang='grc' dir='ltr'><em>κατὰ</em></span> <span class='ocrx_word' id='word_1_87' title='bbox 202 570 282 606; x_wconf 86' lang='grc' dir='ltr'><em>νόμον</em></span> <span class='ocrx_word' id='word_1_88' title='bbox 308 571 375 598; x_wconf 77' lang='grc' dir='ltr'><strong>Θεοῦ</strong></span> <span class='ocrx_word' id='word_1_89' title='bbox 400 571 614 607; x_wconf 81' lang='grc' dir='ltr'><strong>πολιτευόμενος.</strong></span> <span class='ocrx_word' id='word_1_90' title='bbox 631 572 686 598; x_wconf 81' lang='grc' dir='ltr'><strong>Καὶ</strong></span> <span class='ocrx_word' id='word_1_91' title='bbox 710 571 765 608; x_wconf 86' lang='grc' dir='ltr'>γὰρ</span> <span class='ocrx_word' id='word_1_92' title='bbox 784 573 834 600; x_wconf 89' lang='grc' dir='ltr'><em>οὐκ</em></span> <span class='ocrx_word' id='word_1_93' title='bbox 859 574 893 600; x_wconf 81' lang='grc' dir='ltr'><em>ἂν</em></span> 
     </span>
    </p>
   </div>
   <div class='ocr_carea' id='block_1_15' title="bbox 107 616 893 653">
    <p class='ocr_par' dir='ltr' id='par_1_15' title="bbox 107 616 893 653">
     <span class='ocr_line' id='line_1_15' title="bbox 107 616 893 653; baseline 0.004 -10"><span class='ocrx_word' id='word_1_94' title='bbox 107 616 198 651; x_wconf 74' lang='grc' dir='ltr'>ἔλεγεν</span> <span class='ocrx_word' id='word_1_95' title='bbox 212 617 226 643; x_wconf 98' lang='lat'><strong>6</strong></span> <span class='ocrx_word' id='word_1_96' title='bbox 249 617 407 650; x_wconf 79' lang='grc' dir='ltr'>Ἀπόστολος</span> <span class='ocrx_word' id='word_1_97' title='bbox 424 619 481 650; x_wconf 77' lang='grc' dir='ltr'><strong>ταῖς</strong></span> <span class='ocrx_word' id='word_1_98' title='bbox 496 619 606 653; x_wconf 66' lang='grc' dir='ltr'><strong>χήραις*</strong></span> <span class='ocrx_word' id='word_1_99' title='bbox 625 619 828 652; x_wconf 73' lang='grc' dir='ltr'><strong>Γαμείτωσαν,</strong></span> <span class='ocrx_word' id='word_1_100' title='bbox 845 628 893 646; x_wconf 78' lang='grc' dir='ltr'><strong>τε-</strong></span> 
     </span>
    </p>
   </div>
   <div class='ocr_carea' id='block_1_16' title="bbox 107 663 892 696">
    <p class='ocr_par' dir='ltr' id='par_1_16' title="bbox 107 663 892 696">
     <span class='ocr_line' id='line_1_16' title="bbox 107 663 892 696; baseline 0.004 -7"><span class='ocrx_word' id='word_1_101' title='bbox 107 663 353 696; x_wconf 78' lang='grc' dir='ltr'><em>κνοτονείτωσαν,</em></span> <span class='ocrx_word' id='word_1_102' title='bbox 379 663 700 690; x_wconf 71' lang='grc' dir='ltr'><em>οικοδεσποτειτωσαν·</em></span> <span class='ocrx_word' id='word_1_103' title='bbox 725 664 786 691; x_wconf 80' lang='grc' dir='ltr'>οὐδὲ</span> <span class='ocrx_word' id='word_1_104' title='bbox 812 665 892 692; x_wconf 81' lang='grc' dir='ltr'><em>πάλιν</em></span> 
     </span>
    </p>
   </div>
   <div class='ocr_carea' id='block_1_17' title="bbox 107 709 891 746">
    <p class='ocr_par' dir='ltr' id='par_1_17' title="bbox 107 709 891 746">
     <span class='ocr_line' id='line_1_17' title="bbox 107 709 891 746; baseline 0.003 -11"><span class='ocrx_word' id='word_1_105' title='bbox 107 709 182 743; x_wconf 74' lang='grc' dir='ltr'><strong>ἔλεγε</strong></span> <span class='ocrx_word' id='word_1_106' title='bbox 196 709 235 744; x_wconf 86' lang='grc' dir='ltr'><strong>τῷ</strong></span> <span class='ocrx_word' id='word_1_107' title='bbox 256 709 331 745; x_wconf 75' lang='grc' dir='ltr'>ἀνδρὶ</span> <span class='ocrx_word' id='word_1_108' title='bbox 344 709 383 745; x_wconf 85' lang='grc' dir='ltr'><strong>τῷ</strong></span> <span class='ocrx_word' id='word_1_109' title='bbox 404 709 453 746; x_wconf 78' lang='grc' dir='ltr'><strong>τὴν</strong></span> <span class='ocrx_word' id='word_1_110' title='bbox 471 711 585 744; x_wconf 87' lang='grc' dir='ltr'><em>γυναῖκα</em></span> <span class='ocrx_word' id='word_1_111' title='bbox 605 710 652 737; x_wconf 75' lang='grc' dir='ltr'>τοῦ</span> <span class='ocrx_word' id='word_1_112' title='bbox 675 710 778 746; x_wconf 72' lang='grc' dir='ltr'><em>πατρὸς</em></span> <span class='ocrx_word' id='word_1_113' title='bbox 793 710 891 745; x_wconf 73' lang='grc' dir='ltr'><em>ἔχοντι.</em></span> 
     </span>
    </p>
   </div>
   <div class='ocr_carea' id='block_1_18' title="bbox 107 754 891 790">
    <p class='ocr_par' dir='ltr' id='par_1_18' title="bbox 107 754 891 790">
     <span class='ocr_line' id='line_1_18' title="bbox 107 754 891 790; baseline 0.003 -9"><span class='ocrx_word' id='word_1_114' title='bbox 107 755 155 781; x_wconf 75' lang='grc' dir='ltr'><em>καὶ</em></span> <span class='ocrx_word' id='word_1_115' title='bbox 168 754 364 788; x_wconf 80' lang='grc' dir='ltr'><em>παραδοθέντι</em></span> <span class='ocrx_word' id='word_1_116' title='bbox 382 754 423 787; x_wconf 86' lang='grc' dir='ltr'><em>τῷ</em></span> <span class='ocrx_word' id='word_1_117' title='bbox 432 754 550 789; x_wconf 78' lang='grc' dir='ltr'><em>Σατανᾷ</em></span> <span class='ocrx_word' id='word_1_118' title='bbox 565 756 609 788; x_wconf 76' lang='grc' dir='ltr'><strong>εἰς</strong></span> <span class='ocrx_word' id='word_1_119' title='bbox 624 756 749 790; x_wconf 77' lang='grc' dir='ltr'><em>ὄλεθρον</em></span> <span class='ocrx_word' id='word_1_120' title='bbox 761 758 873 790; x_wconf 81' lang='grc' dir='ltr'><em>σαρκός</em></span> <span class='ocrx_word' id='word_1_121' title='bbox 883 763 891 771; x_wconf 92' lang='grc'>·</span> 
     </span>
    </p>
   </div>
   <div class='ocr_carea' id='block_1_19' title="bbox 108 799 890 835">
    <p class='ocr_par' dir='ltr' id='par_1_19' title="bbox 108 799 890 835">
     <span class='ocr_line' id='line_1_19' title="bbox 108 799 890 835; baseline 0.003 -9"><span class='ocrx_word' id='word_1_122' title='bbox 108 801 176 826; x_wconf 80' lang='grc' dir='ltr'><em>Ἵνα</em></span> <span class='ocrx_word' id='word_1_123' title='bbox 191 799 223 826; x_wconf 87' lang='grc' dir='ltr'><em>τὸ</em></span> <span class='ocrx_word' id='word_1_124' title='bbox 239 799 356 834; x_wconf 80' lang='grc' dir='ltr'><em>πνεῦμα</em></span> <span class='ocrx_word' id='word_1_125' title='bbox 373 799 456 834; x_wconf 83' lang='grc' dir='ltr'><em>σωθῇ</em></span> <span class='ocrx_word' id='word_1_126' title='bbox 471 799 507 826; x_wconf 84' lang='grc' dir='ltr'><em>ὲν</em></span> <span class='ocrx_word' id='word_1_127' title='bbox 523 800 562 834; x_wconf 79' lang='grc' dir='ltr'><em>τῇ</em></span> <span class='ocrx_word' id='word_1_128' title='bbox 582 800 676 835; x_wconf 77' lang='grc' dir='ltr'><em>ἡμέρᾳ</em></span> <span class='ocrx_word' id='word_1_129' title='bbox 696 801 749 828; x_wconf 87' lang='grc' dir='ltr'><strong>τοῦ</strong></span> <span class='ocrx_word' id='word_1_130' title='bbox 765 801 890 835; x_wconf 83' lang='grc' dir='ltr'><strong>Κυρίου·</strong></span> 
     </span>
    </p>
   </div>
   <div class='ocr_carea' id='block_1_20' title="bbox 107 844 890 881">
    <p class='ocr_par' dir='ltr' id='par_1_20' title="bbox 107 844 890 881">
     <span class='ocr_line' id='line_1_20' title="bbox 107 844 890 881; baseline 0.004 -11"><span class='ocrx_word' id='word_1_131' title='bbox 107 845 157 871; x_wconf 86' lang='grc' dir='ltr'><strong>οὐκ</strong></span> <span class='ocrx_word' id='word_1_132' title='bbox 179 844 256 879; x_wconf 80' lang='grc' dir='ltr'>ἔλεγε</span> <span class='ocrx_word' id='word_1_133' title='bbox 279 845 374 871; x_wconf 79' lang='grc' dir='ltr'><em>πάλιν·</em></span> <span class='ocrx_word' id='word_1_134' title='bbox 401 844 559 879; x_wconf 72' lang='grc' dir='ltr'><em>κυρώσατε</em></span> <span class='ocrx_word' id='word_1_135' title='bbox 579 847 624 879; x_wconf 81' lang='grc' dir='ltr'><strong>εὶς</strong></span> <span class='ocrx_word' id='word_1_136' title='bbox 650 847 743 874; x_wconf 83' lang='grc' dir='ltr'><em>αὐτὸν</em></span> <span class='ocrx_word' id='word_1_137' title='bbox 760 846 890 881; x_wconf 71' lang='grc' dir='ltr'><em>ἀγάπην,</em></span> 
     </span>
    </p>
   </div>
   <div class='ocr_carea' id='block_1_21' title="bbox 944 253 1726 290">
    <p class='ocr_par' dir='ltr' id='par_1_21' title="bbox 944 253 1726 290">
     <span class='ocr_line' id='line_1_21' title="bbox 944 253 1726 290; baseline -0.001 -7"><span class='ocrx_word' id='word_1_138' title='bbox 944 257 1042 290; x_wconf 82' lang='lat' dir='ltr'><strong>maiori</strong></span> <span class='ocrx_word' id='word_1_139' title='bbox 1058 256 1187 283; x_wconf 65' lang='lat' dir='ltr'><strong>Ecclesiae</strong></span> <span class='ocrx_word' id='word_1_140' title='bbox 1201 255 1305 290; x_wconf 84' lang='lat' dir='ltr'><strong>judicio</strong></span> <span class='ocrx_word' id='word_1_141' title='bbox 1324 256 1427 282; x_wconf 85' lang='lat' dir='ltr'><strong>honore</strong></span> <span class='ocrx_word' id='word_1_142' title='bbox 1441 255 1541 289; x_wconf 78' lang='lat' dir='ltr'><strong>dignus</strong></span> <span class='ocrx_word' id='word_1_143' title='bbox 1552 259 1603 281; x_wconf 85' lang='lat' dir='ltr'><strong>est.</strong></span> <span class='ocrx_word' id='word_1_144' title='bbox 1615 253 1668 281; x_wconf 85' lang='lat' dir='ltr'><strong>Sed</strong></span> <span class='ocrx_word' id='word_1_145' title='bbox 1680 255 1726 282; x_wconf 87' lang='lat' dir='ltr'><strong>cui</strong></span> 
     </span>
    </p>
   </div>
   <div class='ocr_carea' id='block_1_22' title="bbox 943 300 1733 334">
    <p class='ocr_par' dir='ltr' id='par_1_22' title="bbox 943 300 1733 334">
     <span class='ocr_line' id='line_1_22' title="bbox 943 300 1733 334; baseline -0.005 -4"><span class='ocrx_word' id='word_1_146' title='bbox 943 306 1052 330; x_wconf 89' lang='lat' dir='ltr'><strong>mortua</strong></span> <span class='ocrx_word' id='word_1_147' title='bbox 1080 309 1134 329; x_wconf 88' lang='lat' dir='ltr'><strong>una</strong></span> <span class='ocrx_word' id='word_1_148' title='bbox 1164 309 1218 328; x_wconf 87' lang='lat' dir='ltr'><strong>non</strong></span> <span class='ocrx_word' id='word_1_149' title='bbox 1243 300 1352 333; x_wconf 79' lang='lat' dir='ltr'><strong>sullicit,</strong></span> <span class='ocrx_word' id='word_1_150' title='bbox 1381 309 1442 328; x_wconf 81' lang='lat' dir='ltr'><strong>cum</strong></span> <span class='ocrx_word' id='word_1_151' title='bbox 1468 301 1613 327; x_wconf 79' lang='lat' dir='ltr'><strong>occasione</strong></span> <span class='ocrx_word' id='word_1_152' title='bbox 1641 300 1733 334; x_wconf 87' lang='lat' dir='ltr'><strong>aliqua</strong></span> 
     </span>
    </p>
   </div>
   <div class='ocr_carea' id='block_1_23' title="bbox 943 346 1733 383">
    <p class='ocr_par' dir='ltr' id='par_1_23' title="bbox 943 346 1733 383">
     <span class='ocr_line' id='line_1_23' title="bbox 943 346 1733 383; baseline -0.004 -8"><span class='ocrx_word' id='word_1_153' title='bbox 943 348 1030 383; x_wconf 78' lang='lat' dir='ltr'><strong>stupri</strong></span> <span class='ocrx_word' id='word_1_154' title='bbox 1057 347 1249 382; x_wconf 79' lang='lat' dir='ltr'><strong>adulteriique,</strong></span> <span class='ocrx_word' id='word_1_155' title='bbox 1273 350 1321 373; x_wconf 85' lang='lat' dir='ltr'><strong>aut</strong></span> <span class='ocrx_word' id='word_1_156' title='bbox 1345 347 1459 374; x_wconf 85' lang='lat' dir='ltr'><strong>alterius</strong></span> <span class='ocrx_word' id='word_1_157' title='bbox 1475 346 1586 381; x_wconf 73' lang='lat' dir='ltr'><strong>ﬂagitii,</strong></span> <span class='ocrx_word' id='word_1_158' title='bbox 1610 353 1672 372; x_wconf 91' lang='lat' dir='ltr'><strong>cum</strong></span> <span class='ocrx_word' id='word_1_159' title='bbox 1699 353 1733 373; x_wconf 86' lang='lat' dir='ltr'><strong>ea</strong></span> 
     </span>
    </p>
   </div>
   <div class='ocr_carea' id='block_1_24' title="bbox 943 391 1732 425">
    <p class='ocr_par' dir='ltr' id='par_1_24' title="bbox 943 391 1732 425">
     <span class='ocr_line' id='line_1_24' title="bbox 943 391 1732 425; baseline -0.006 -3"><span class='ocrx_word' id='word_1_160' title='bbox 943 394 1088 422; x_wconf 73' lang='lat' dir='ltr'><strong>divortium</strong></span> <span class='ocrx_word' id='word_1_161' title='bbox 1105 393 1210 425; x_wconf 89' lang='lat' dir='ltr'><strong>l&#39;ccerit,</strong></span> <span class='ocrx_word' id='word_1_162' title='bbox 1224 393 1247 420; x_wconf 92' lang='lat' dir='ltr'><strong>is</strong></span> <span class='ocrx_word' id='word_1_163' title='bbox 1259 393 1282 420; x_wconf 94' lang='lat' dir='ltr'><strong>si</strong></span> <span class='ocrx_word' id='word_1_164' title='bbox 1298 393 1411 419; x_wconf 79' lang='lat' dir='ltr'><strong>alteram</strong></span> <span class='ocrx_word' id='word_1_165' title='bbox 1425 399 1536 418; x_wconf 78' lang='lat' dir='ltr'><strong>uxorem</strong></span> <span class='ocrx_word' id='word_1_166' title='bbox 1548 391 1667 422; x_wconf 79' lang='lat' dir='ltr'><strong>duxerit,</strong></span> <span class='ocrx_word' id='word_1_167' title='bbox 1682 394 1732 418; x_wconf 90' lang='lat' dir='ltr'><strong>aut</strong></span> 
     </span>
    </p>
   </div>
   <div class='ocr_carea' id='block_1_25' title="bbox 943 436 1734 473">
    <p class='ocr_par' dir='ltr' id='par_1_25' title="bbox 943 436 1734 473">
     <span class='ocr_line' id='line_1_25' title="bbox 943 436 1734 473; baseline -0.005 -7"><span class='ocrx_word' id='word_1_168' title='bbox 943 439 1022 466; x_wconf 79' lang='lat' dir='ltr'><strong>alteri</strong></span> <span class='ocrx_word' id='word_1_169' title='bbox 1042 438 1101 465; x_wconf 92' lang='lat' dir='ltr'><strong>viro</strong></span> <span class='ocrx_word' id='word_1_170' title='bbox 1123 438 1222 465; x_wconf 87' lang='lat' dir='ltr'><strong>mulier</strong></span> <span class='ocrx_word' id='word_1_171' title='bbox 1246 438 1383 473; x_wconf 86' lang='lat' dir='ltr'><strong>nupserit,</strong></span> <span class='ocrx_word' id='word_1_172' title='bbox 1404 444 1543 464; x_wconf 84' lang='lat' dir='ltr'><strong>sacrarum</strong></span> <span class='ocrx_word' id='word_1_173' title='bbox 1569 436 1734 464; x_wconf 74' lang='lat' dir='ltr'><strong>Litterarum</strong></span> 
     </span>
    </p>
   </div>
   <div class='ocr_carea' id='block_1_26' title="bbox 943 481 1735 518">
    <p class='ocr_par' dir='ltr' id='par_1_26' title="bbox 943 481 1735 518">
     <span class='ocr_line' id='line_1_26' title="bbox 943 481 1735 518; baseline -0.005 -7"><span class='ocrx_word' id='word_1_174' title='bbox 943 484 1093 511; x_wconf 82' lang='lat' dir='ltr'><strong>auctoritas</strong></span> <span class='ocrx_word' id='word_1_175' title='bbox 1118 483 1153 510; x_wconf 90' lang='lat' dir='ltr'><strong>ab</strong></span> <span class='ocrx_word' id='word_1_176' title='bbox 1174 483 1246 510; x_wconf 91' lang='lat' dir='ltr'><strong>omni</strong></span> <span class='ocrx_word' id='word_1_177' title='bbox 1284 483 1363 518; x_wconf 88' lang='lat' dir='ltr'><strong>culpa</strong></span> <span class='ocrx_word' id='word_1_178' title='bbox 1397 482 1458 509; x_wconf 90' lang='lat' dir='ltr'><strong>illos</strong></span> <span class='ocrx_word' id='word_1_179' title='bbox 1483 481 1620 512; x_wconf 82' lang='lat' dir='ltr'><strong>absolvit.</strong></span> <span class='ocrx_word' id='word_1_180' title='bbox 1646 489 1735 516; x_wconf 83' lang='lat' dir='ltr'><strong>neque</strong></span> 
     </span>
    </p>
   </div>
   <div class='ocr_carea' id='block_1_27' title="bbox 943 527 1736 562">
    <p class='ocr_par' dir='ltr' id='par_1_27' title="bbox 943 527 1736 562">
     <span class='ocr_line' id='line_1_27' title="bbox 943 527 1736 562; baseline -0.004 -6"><span class='ocrx_word' id='word_1_181' title='bbox 943 530 977 557; x_wconf 93' lang='lat' dir='ltr'><strong>ab</strong></span> <span class='ocrx_word' id='word_1_182' title='bbox 1006 529 1139 562; x_wconf 85' lang='lat' dir='ltr'><strong>Ecclesia,</strong></span> <span class='ocrx_word' id='word_1_183' title='bbox 1161 533 1208 556; x_wconf 88' lang='lat' dir='ltr'><strong>aut</strong></span> <span class='ocrx_word' id='word_1_184' title='bbox 1230 533 1331 556; x_wconf 69' lang='lat' dir='ltr'><strong>aeterna</strong></span> <span class='ocrx_word' id='word_1_185' title='bbox 1351 527 1407 554; x_wconf 87' lang='lat' dir='ltr'><strong>vita</strong></span> <span class='ocrx_word' id='word_1_186' title='bbox 1429 527 1528 562; x_wconf 81' lang='lat' dir='ltr'><strong>rejicit,</strong></span> <span class='ocrx_word' id='word_1_187' title='bbox 1551 527 1598 554; x_wconf 87' lang='lat' dir='ltr'><strong>sed</strong></span> <span class='ocrx_word' id='word_1_188' title='bbox 1624 530 1736 562; x_wconf 85' lang='lat' dir='ltr'><strong>propter</strong></span> 
     </span>
    </p>
   </div>
   <div class='ocr_carea' id='block_1_28' title="bbox 943 572 1732 603">
    <p class='ocr_par' dir='ltr' id='par_1_28' title="bbox 943 572 1732 603">
     <span class='ocr_line' id='line_1_28' title="bbox 943 572 1732 603; baseline -0.005 -1"><span class='ocrx_word' id='word_1_189' title='bbox 943 575 1155 602; x_wconf 85' lang='lat' dir='ltr'><strong>imbecillitatem</strong></span> <span class='ocrx_word' id='word_1_190' title='bbox 1173 573 1328 601; x_wconf 90' lang='lat' dir='ltr'><strong>tolerandos</strong></span> <span class='ocrx_word' id='word_1_191' title='bbox 1343 573 1490 601; x_wconf 77' lang='lat' dir='ltr'><strong>existimat.</strong></span> <span class='ocrx_word' id='word_1_192' title='bbox 1504 572 1564 600; x_wconf 84' lang='lat' dir='ltr'><strong>Non</strong></span> <span class='ocrx_word' id='word_1_193' title='bbox 1577 574 1611 600; x_wconf 87' lang='lat' dir='ltr'><strong>ita</strong></span> <span class='ocrx_word' id='word_1_194' title='bbox 1627 576 1732 603; x_wconf 79' lang='lat' dir='ltr'><strong>tamen.</strong></span> 
     </span>
    </p>
   </div>
   <div class='ocr_carea' id='block_1_29' title="bbox 943 617 1738 655">
    <p class='ocr_par' dir='ltr' id='par_1_29' title="bbox 943 617 1738 655">
     <span class='ocr_line' id='line_1_29' title="bbox 943 617 1738 655; baseline -0.004 -8"><span class='ocrx_word' id='word_1_195' title='bbox 943 620 1013 648; x_wconf 85' lang='lat' dir='ltr'><strong>duas</strong></span> <span class='ocrx_word' id='word_1_196' title='bbox 1032 625 1062 648; x_wconf 93' lang='lat' dir='ltr'><strong>ut</strong></span> <span class='ocrx_word' id='word_1_197' title='bbox 1076 621 1160 648; x_wconf 87' lang='lat' dir='ltr'><strong>altera</strong></span> <span class='ocrx_word' id='word_1_198' title='bbox 1176 620 1324 655; x_wconf 84' lang='lat' dir='ltr'><strong>superstite</strong></span> <span class='ocrx_word' id='word_1_199' title='bbox 1339 626 1439 646; x_wconf 89' lang='lat' dir='ltr'><strong>uxores</strong></span> <span class='ocrx_word' id='word_1_200' title='bbox 1460 619 1541 646; x_wconf 86' lang='lat' dir='ltr'><strong>simul</strong></span> <span class='ocrx_word' id='word_1_201' title='bbox 1561 618 1670 648; x_wconf 79' lang='lat' dir='ltr'><strong>habeat,</strong></span> <span class='ocrx_word' id='word_1_202' title='bbox 1687 617 1738 645; x_wconf 83' lang='lat' dir='ltr'><strong>sed</strong></span> 
     </span>
    </p>
   </div>
   <div class='ocr_carea' id='block_1_30' title="bbox 944 663 1735 701">
    <p class='ocr_par' dir='ltr' id='par_1_30' title="bbox 944 663 1735 701">
     <span class='ocr_line' id='line_1_30' title="bbox 944 663 1735 701; baseline -0.006 -7"><span class='ocrx_word' id='word_1_203' title='bbox 944 671 972 694; x_wconf 95' lang='lat' dir='ltr'><strong>ut</strong></span> <span class='ocrx_word' id='word_1_204' title='bbox 988 667 1022 693; x_wconf 89' lang='lat' dir='ltr'><strong>ab</strong></span> <span class='ocrx_word' id='word_1_205' title='bbox 1035 674 1090 694; x_wconf 86' lang='lat' dir='ltr'><strong>una</strong></span> <span class='ocrx_word' id='word_1_206' title='bbox 1105 669 1260 701; x_wconf 84' lang='lat' dir='ltr'><strong>separatus,</strong></span> <span class='ocrx_word' id='word_1_207' title='bbox 1273 665 1385 692; x_wconf 83' lang='lat' dir='ltr'><strong>alteram</strong></span> <span class='ocrx_word' id='word_1_208' title='bbox 1403 664 1455 691; x_wconf 89' lang='lat' dir='ltr'><strong>sibi</strong></span> <span class='ocrx_word' id='word_1_209' title='bbox 1468 664 1596 699; x_wconf 76' lang='lat' dir='ltr'><strong>legitime.</strong></span> <span class='ocrx_word' id='word_1_210' title='bbox 1612 664 1634 690; x_wconf 90' lang='lat' dir='ltr'><strong>si</strong></span> <span class='ocrx_word' id='word_1_211' title='bbox 1650 663 1735 694; x_wconf 84' lang='lat' dir='ltr'><strong>lubet.</strong></span> 
     </span>
    </p>
   </div>
   <div class='ocr_carea' id='block_1_31' title="bbox 942 709 1736 747">
    <p class='ocr_par' dir='ltr' id='par_1_31' title="bbox 942 709 1736 747">
     <span class='ocr_line' id='line_1_31' title="bbox 942 709 1736 747; baseline -0.005 -8"><span class='ocrx_word' id='word_1_212' title='bbox 942 712 1083 747; x_wconf 77' lang='lat' dir='ltr'><strong>adjungat.</strong></span> <span class='ocrx_word' id='word_1_213' title='bbox 1095 711 1279 745; x_wconf 83' lang='lat' dir='ltr'><strong>Quamobrem</strong></span> <span class='ocrx_word' id='word_1_214' title='bbox 1295 718 1359 745; x_wconf 74' lang='lat' dir='ltr'><strong>erga</strong></span> <span class='ocrx_word' id='word_1_215' title='bbox 1374 710 1509 745; x_wconf 80' lang='lat' dir='ltr'><strong>ejusmodi</strong></span> <span class='ocrx_word' id='word_1_216' title='bbox 1527 709 1662 736; x_wconf 81' lang='lat' dir='ltr'><strong>homian</strong></span> <span class='ocrx_word' id='word_1_217' title='bbox 1679 713 1736 735; x_wconf 89' lang='lat' dir='ltr'><strong>tam</strong></span> 
     </span>
    </p>
   </div>
   <div class='ocr_carea' id='block_1_32' title="bbox 942 755 1736 792">
    <p class='ocr_par' dir='ltr' id='par_1_32' title="bbox 942 755 1736 792">
     <span class='ocr_line' id='line_1_32' title="bbox 942 755 1736 792; baseline -0.005 -7"><span class='ocrx_word' id='word_1_218' title='bbox 942 758 1053 785; x_wconf 88' lang='lat' dir='ltr'><strong>divinus</strong></span> <span class='ocrx_word' id='word_1_219' title='bbox 1068 765 1169 789; x_wconf 84' lang='lat' dir='ltr'><strong>sermo,</strong></span> <span class='ocrx_word' id='word_1_220' title='bbox 1199 765 1278 792; x_wconf 81' lang='lat' dir='ltr'><strong>quam</strong></span> <span class='ocrx_word' id='word_1_221' title='bbox 1301 756 1421 784; x_wconf 84' lang='lat' dir='ltr'><strong>Ecclesia</strong></span> <span class='ocrx_word' id='word_1_222' title='bbox 1447 755 1494 783; x_wconf 86' lang='lat' dir='ltr'><strong>Dei</strong></span> <span class='ocrx_word' id='word_1_223' title='bbox 1517 755 1736 783; x_wconf 83' lang='lat' dir='ltr'><strong>misericordiam</strong></span> 
     </span>
    </p>
   </div>
   <div class='ocr_carea' id='block_1_33' title="bbox 943 800 1736 836">
    <p class='ocr_par' dir='ltr' id='par_1_33' title="bbox 943 800 1736 836">
     <span class='ocr_line' id='line_1_33' title="bbox 943 800 1736 836; baseline 0 -8"><span class='ocrx_word' id='word_1_224' title='bbox 943 801 1071 834; x_wconf 82' lang='lat' dir='ltr'><strong>adhibet,</strong></span> <span class='ocrx_word' id='word_1_225' title='bbox 1095 801 1245 836; x_wconf 71' lang='lat' dir='ltr'><strong>praesertim</strong></span> <span class='ocrx_word' id='word_1_226' title='bbox 1272 801 1295 828; x_wconf 89' lang='lat' dir='ltr'><strong>si</strong></span> <span class='ocrx_word' id='word_1_227' title='bbox 1316 801 1421 828; x_wconf 59' lang='lat' dir='ltr'><strong>caeteris</strong></span> <span class='ocrx_word' id='word_1_228' title='bbox 1440 801 1466 828; x_wconf 92' lang='lat' dir='ltr'><strong>in</strong></span> <span class='ocrx_word' id='word_1_229' title='bbox 1488 801 1569 828; x_wconf 92' lang='lat' dir='ltr'><strong>rebus</strong></span> <span class='ocrx_word' id='word_1_230' title='bbox 1591 800 1736 835; x_wconf 82' lang='lat' dir='ltr'><strong>religiosus</strong></span> 
     </span>
    </p>
   </div>
   <div class='ocr_carea' id='block_1_34' title="bbox 943 846 1737 882">
    <p class='ocr_par' dir='ltr' id='par_1_34' title="bbox 943 846 1737 882">
     <span class='ocr_line' id='line_1_34' title="bbox 943 846 1737 882; baseline -0.001 -8"><span class='ocrx_word' id='word_1_231' title='bbox 943 848 988 875; x_wconf 90' lang='lat' dir='ltr'><strong>ille</strong></span> <span class='ocrx_word' id='word_1_232' title='bbox 1011 847 1057 879; x_wconf 90' lang='lat' dir='ltr'><strong>sit,</strong></span> <span class='ocrx_word' id='word_1_233' title='bbox 1079 851 1107 874; x_wconf 90' lang='lat' dir='ltr'><strong>et</strong></span> <span class='ocrx_word' id='word_1_234' title='bbox 1125 847 1159 874; x_wconf 90' lang='lat' dir='ltr'><strong>ad</strong></span> <span class='ocrx_word' id='word_1_235' title='bbox 1181 847 1280 875; x_wconf 70' lang='lat' dir='ltr'><strong>divinae</strong></span> <span class='ocrx_word' id='word_1_236' title='bbox 1305 847 1372 882; x_wconf 81' lang='lat' dir='ltr'><strong>legis</strong></span> <span class='ocrx_word' id='word_1_237' title='bbox 1394 846 1582 882; x_wconf 77' lang='lat' dir='ltr'><strong>praescriptum</strong></span> <span class='ocrx_word' id='word_1_238' title='bbox 1599 846 1662 873; x_wconf 76' lang='lat' dir='ltr'><strong>vita:</strong></span> <span class='ocrx_word' id='word_1_239' title='bbox 1679 853 1737 873; x_wconf 64' lang='lat' dir='ltr'><strong>suae</strong></span> 
     </span>
    </p>
   </div>
   <div class='ocr_carea' id='block_1_35' title="bbox 107 889 895 927">
    <p class='ocr_par' dir='ltr' id='par_1_35' title="bbox 107 889 893 926">
     <span class='ocr_line' id='line_1_35' title="bbox 107 889 893 926; baseline 0.005 -10"><span class='ocrx_word' id='word_1_240' title='bbox 107 890 158 916; x_wconf 76' lang='grc' dir='ltr'><em>ἵνα</em></span> <span class='ocrx_word' id='word_1_241' title='bbox 171 889 213 925; x_wconf 83' lang='grc' dir='ltr'><em>μὴ</em></span> <span class='ocrx_word' id='word_1_242' title='bbox 228 890 266 925; x_wconf 79' lang='grc' dir='ltr'><em>τῇ</em></span> <span class='ocrx_word' id='word_1_243' title='bbox 282 891 480 925; x_wconf 76' lang='grc' dir='ltr'><strong>περισσοτέρᾳ</strong></span> <span class='ocrx_word' id='word_1_244' title='bbox 492 892 575 926; x_wconf 75' lang='grc' dir='ltr'><em>λύπῃ</em></span> <span class='ocrx_word' id='word_1_245' title='bbox 595 891 750 926; x_wconf 79' lang='grc' dir='ltr'><strong>καταποθῇ</strong></span> <span class='ocrx_word' id='word_1_246' title='bbox 768 894 785 919; x_wconf 84' lang='grc' dir='ltr'><strong><em>ό</em></strong></span> <span class='ocrx_word' id='word_1_247' title='bbox 799 893 893 920; x_wconf 85' lang='grc' dir='ltr'><em>τοιοῦ-</em></span> 
     </span>
    </p>
   </div>
   <div class='ocr_carea' id='block_1_36' title="bbox 947 889 1735 927">
    <p class='ocr_par' dir='ltr' id='par_1_36' title="bbox 947 892 1735 927">
     <span class='ocr_line' id='line_1_36' title="bbox 947 892 1735 927; baseline -0.003 -7"><span class='ocrx_word' id='word_1_248' title='bbox 947 893 1066 921; x_wconf 85' lang='lat' dir='ltr'><strong>rationes</strong></span> <span class='ocrx_word' id='word_1_249' title='bbox 1079 893 1277 920; x_wconf 86' lang='lat' dir='ltr'><strong>accommodet.</strong></span> <span class='ocrx_word' id='word_1_250' title='bbox 1291 892 1369 926; x_wconf 88' lang='lat' dir='ltr'><strong>Quod</strong></span> <span class='ocrx_word' id='word_1_251' title='bbox 1381 893 1433 920; x_wconf 88' lang='lat' dir='ltr'><strong>nisi</strong></span> <span class='ocrx_word' id='word_1_252' title='bbox 1450 893 1486 920; x_wconf 91' lang='lat' dir='ltr'><strong>ita</strong></span> <span class='ocrx_word' id='word_1_253' title='bbox 1500 896 1582 925; x_wconf 81' lang='lat' dir='ltr'><strong>esset,</strong></span> <span class='ocrx_word' id='word_1_254' title='bbox 1595 900 1735 927; x_wconf 88' lang='lat' dir='ltr'><strong>nunquam</strong></span> 
     </span>
    </p>
   </div>
   <div class='ocr_carea' id='block_1_37' title="bbox 107 933 892 973">
    <p class='ocr_par' dir='ltr' id='par_1_37' title="bbox 107 933 892 973">
     <span class='ocr_line' id='line_1_37' title="bbox 107 933 892 973; baseline 0.004 -11"><span class='ocrx_word' id='word_1_255' title='bbox 107 944 170 968; x_wconf 80' lang='grc' dir='ltr'><em>τος.</em></span> <span class='ocrx_word' id='word_1_256' title='bbox 188 935 284 970; x_wconf 77' lang='grc' dir='ltr'>Ἔλεγε</span> <span class='ocrx_word' id='word_1_257' title='bbox 313 935 367 972; x_wconf 88' lang='grc' dir='ltr'><strong>γὰρ</strong></span> <span class='ocrx_word' id='word_1_258' title='bbox 390 935 487 963; x_wconf 69' lang='grc' dir='ltr'><em>πάλινσ</em></span> <span class='ocrx_word' id='word_1_259' title='bbox 510 933 548 971; x_wconf 76' lang='grc' dir='ltr'><strong>’ῼ</strong></span> <span class='ocrx_word' id='word_1_260' title='bbox 572 945 600 963; x_wconf 86' lang='grc' dir='ltr'><strong>τι</strong></span> <span class='ocrx_word' id='word_1_261' title='bbox 622 936 783 972; x_wconf 67' lang='grc' dir='ltr'><strong>χαρίᾱῖσθε,</strong></span> <span class='ocrx_word' id='word_1_262' title='bbox 802 938 892 973; x_wconf 70' lang='grc' dir='ltr'><strong>κάγώ.</strong></span> 
     </span>
    </p>
   </div>
   <div class='ocr_carea' id='block_1_38' title="bbox 106 980 894 1017">
    <p class='ocr_par' dir='ltr' id='par_1_38' title="bbox 106 980 894 1017">
     <span class='ocr_line' id='line_1_38' title="bbox 106 980 894 1017; baseline 0.003 -9"><span class='ocrx_word' id='word_1_263' title='bbox 106 982 194 1013; x_wconf 84' lang='grc' dir='ltr'><em>Διότι,</em></span> <span class='ocrx_word' id='word_1_264' title='bbox 213 981 241 1008; x_wconf 80' lang='lat' dir='ltr'><strong>el</strong></span> <span class='ocrx_word' id='word_1_265' title='bbox 258 989 286 1008; x_wconf 80' lang='grc' dir='ltr'><strong>τι</strong></span> <span class='ocrx_word' id='word_1_266' title='bbox 305 980 492 1016; x_wconf 73' lang='grc' dir='ltr'><strong>κεχάρισμαι,</strong></span> <span class='ocrx_word' id='word_1_267' title='bbox 516 981 555 1008; x_wconf 78' lang='grc' dir='ltr'><strong>δι’</strong></span> <span class='ocrx_word' id='word_1_268' title='bbox 568 981 647 1016; x_wconf 85' lang='grc' dir='ltr'><em>ὑμᾶς</em></span> <span class='ocrx_word' id='word_1_269' title='bbox 665 982 841 1017; x_wconf 72' lang='grc' dir='ltr'><em>κεχάρισμαι</em></span> <span class='ocrx_word' id='word_1_270' title='bbox 859 983 894 1010; x_wconf 82' lang='grc' dir='ltr'><em>ὲν</em></span> 
     </span>
    </p>
   </div>
   <div class='ocr_carea' id='block_1_39' title="bbox 107 1026 893 1063">
    <p class='ocr_par' dir='ltr' id='par_1_39' title="bbox 107 1026 893 1063">
     <span class='ocr_line' id='line_1_39' title="bbox 107 1026 893 1063; baseline 0.001 -9"><span class='ocrx_word' id='word_1_271' title='bbox 107 1027 254 1062; x_wconf 75' lang='grc' dir='ltr'><strong>προσώπῳ</strong></span> <span class='ocrx_word' id='word_1_272' title='bbox 269 1027 408 1061; x_wconf 81' lang='grc' dir='ltr'><em>Χριστοῦ,</em></span> <span class='ocrx_word' id='word_1_273' title='bbox 428 1027 478 1054; x_wconf 76' lang='grc' dir='ltr'><em>ἵνα</em></span> <span class='ocrx_word' id='word_1_274' title='bbox 491 1026 534 1061; x_wconf 81' lang='grc' dir='ltr'><em>μὴ</em></span> <span class='ocrx_word' id='word_1_275' title='bbox 551 1028 816 1063; x_wconf 74' lang='grc' dir='ltr'><strong>πλεονεκτηθῶμεν</strong></span> <span class='ocrx_word' id='word_1_276' title='bbox 833 1029 893 1056; x_wconf 78' lang='grc' dir='ltr'><strong>ὑπὸ</strong></span> 
     </span>
    </p>
   </div>
   <div class='ocr_carea' id='block_1_40' title="bbox 107 1071 894 1109">
    <p class='ocr_par' dir='ltr' id='par_1_40' title="bbox 107 1071 894 1109">
     <span class='ocr_line' id='line_1_40' title="bbox 107 1071 894 1109; baseline 0.004 -10"><span class='ocrx_word' id='word_1_277' title='bbox 107 1073 161 1100; x_wconf 81' lang='grc' dir='ltr'><em>τοῦ</em></span> <span class='ocrx_word' id='word_1_278' title='bbox 176 1071 303 1100; x_wconf 84' lang='grc' dir='ltr'><em>Σατανᾶ.</em></span> <span class='ocrx_word' id='word_1_279' title='bbox 324 1073 365 1100; x_wconf 86' lang='grc' dir='ltr'><strong>Οὐ</strong></span> <span class='ocrx_word' id='word_1_280' title='bbox 381 1072 435 1108; x_wconf 73' lang='grc' dir='ltr'><em>γὰρ</em></span> <span class='ocrx_word' id='word_1_281' title='bbox 451 1073 543 1100; x_wconf 83' lang='grc' dir='ltr'><em>αὑτοῦ</em></span> <span class='ocrx_word' id='word_1_282' title='bbox 564 1073 600 1099; x_wconf 81' lang='grc' dir='ltr'><em>τὰ</em></span> <span class='ocrx_word' id='word_1_283' title='bbox 620 1073 753 1109; x_wconf 81' lang='grc' dir='ltr'><em>νοήματα</em></span> <span class='ocrx_word' id='word_1_284' title='bbox 769 1074 894 1108; x_wconf 71' lang='grc' dir='ltr'><strong>ἀγνοοῦ-</strong></span> 
     </span>
    </p>
   </div>
   <div class='ocr_carea' id='block_1_41' title="bbox 105 1118 894 1156">
    <p class='ocr_par' dir='ltr' id='par_1_41' title="bbox 105 1118 894 1156">
     <span class='ocr_line' id='line_1_41' title="bbox 105 1118 894 1156; baseline 0.004 -11"><span class='ocrx_word' id='word_1_285' title='bbox 105 1127 173 1152; x_wconf 77' lang='grc' dir='ltr'><em>μεν.</em></span> <span class='ocrx_word' id='word_1_286' title='bbox 195 1119 249 1145; x_wconf 76' lang='grc' dir='ltr'><strong>Καὶ</strong></span> <span class='ocrx_word' id='word_1_287' title='bbox 264 1119 330 1154; x_wconf 76' lang='grc' dir='ltr'><strong>ὁρᾷς</strong></span> <span class='ocrx_word' id='word_1_288' title='bbox 351 1118 408 1151; x_wconf 76' lang='grc' dir='ltr'><strong>πῶς</strong></span> <span class='ocrx_word' id='word_1_289' title='bbox 423 1118 513 1146; x_wconf 87' lang='grc' dir='ltr'>δίδωσι</span> <span class='ocrx_word' id='word_1_290' title='bbox 531 1119 674 1154; x_wconf 80' lang='grc' dir='ltr'><em>μετάνοιαν</em></span> <span class='ocrx_word' id='word_1_291' title='bbox 700 1120 746 1146; x_wconf 84' lang='grc' dir='ltr'><em>καὶ</em></span> <span class='ocrx_word' id='word_1_292' title='bbox 770 1120 840 1156; x_wconf 86' lang='grc' dir='ltr'><strong>μετὰ</strong></span> <span class='ocrx_word' id='word_1_293' title='bbox 859 1120 894 1148; x_wconf 77' lang='grc' dir='ltr'><strong>τὰ</strong></span> 
     </span>
    </p>
   </div>
   <div class='ocr_carea' id='block_1_42' title="bbox 109 1164 338 1200">
    <p class='ocr_par' dir='ltr' id='par_1_42' title="bbox 109 1164 338 1200">
     <span class='ocr_line' id='line_1_42' title="bbox 109 1164 338 1200; baseline 0 -9"><span class='ocrx_word' id='word_1_294' title='bbox 109 1164 321 1200; x_wconf 78' lang='grc' dir='ltr'><em>παραπτώματα</em></span> <span class='ocrx_word' id='word_1_295' title='bbox 330 1173 338 1197; x_wconf 83' lang='grc'><strong>;</strong></span> 
     </span>
    </p>
   </div>
   <div class='ocr_carea' id='block_1_43' title="bbox 944 937 1735 974">
    <p class='ocr_par' dir='ltr' id='par_1_43' title="bbox 944 937 1735 974">
     <span class='ocr_line' id='line_1_43' title="bbox 944 937 1735 974; baseline -0.001 -9"><span class='ocrx_word' id='word_1_296' title='bbox 944 938 1036 966; x_wconf 82' lang='lat' dir='ltr'><strong>viduis</strong></span> <span class='ocrx_word' id='word_1_297' title='bbox 1051 939 1198 974; x_wconf 84' lang='lat' dir='ltr'><strong>Apostolus</strong></span> <span class='ocrx_word' id='word_1_298' title='bbox 1213 938 1346 967; x_wconf 86' lang='lat' dir='ltr'><strong>dixisset:</strong></span> <span class='ocrx_word' id='word_1_299' title='bbox 1362 937 1483 970; x_wconf 83' lang='lat' dir='ltr'><strong>Nubant,</strong></span> <span class='ocrx_word' id='word_1_300' title='bbox 1499 938 1570 972; x_wconf 81' lang='lat' dir='ltr'><strong>ﬁlios</strong></span> <span class='ocrx_word' id='word_1_301' title='bbox 1583 943 1716 972; x_wconf 81' lang='lat' dir='ltr'><strong>procreent</strong></span> <span class='ocrx_word' id='word_1_302' title='bbox 1726 957 1735 969; x_wconf 85' lang='lat'><em>.</em></span> 
     </span>
    </p>
   </div>
   <div class='ocr_carea' id='block_1_44' title="bbox 946 982 1735 1018">
    <p class='ocr_par' dir='ltr' id='par_1_44' title="bbox 946 982 1735 1018">
     <span class='ocr_line' id='line_1_44' title="bbox 946 982 1735 1018; baseline -0.003 -7"><span class='ocrx_word' id='word_1_303' title='bbox 946 983 1057 1018; x_wconf 64' lang='lat' dir='ltr'><strong>familia</strong></span> <span class='ocrx_word' id='word_1_304' title='bbox 1070 984 1178 1017; x_wconf 73' lang='grc' dir='ltr'><em>ρνωείηι</em></span> <span class='ocrx_word' id='word_1_305' title='bbox 1197 983 1216 1010; x_wconf 90' lang='grc'>¹.</span> <span class='ocrx_word' id='word_1_306' title='bbox 1240 982 1293 1010; x_wconf 88' lang='lat' dir='ltr'><strong>Sed</strong></span> <span class='ocrx_word' id='word_1_307' title='bbox 1311 991 1401 1018; x_wconf 82' lang='lat' dir='ltr'><strong>neque</strong></span> <span class='ocrx_word' id='word_1_308' title='bbox 1415 983 1449 1010; x_wconf 91' lang='lat' dir='ltr'><strong>de</strong></span> <span class='ocrx_word' id='word_1_309' title='bbox 1472 983 1582 1010; x_wconf 90' lang='lat' dir='ltr'><strong>homine</strong></span> <span class='ocrx_word' id='word_1_310' title='bbox 1603 982 1666 1014; x_wconf 90' lang='lat' dir='ltr'><strong>illo,</strong></span> <span class='ocrx_word' id='word_1_311' title='bbox 1687 982 1735 1018; x_wconf 88' lang='lat' dir='ltr'><strong>qui</strong></span> 
     </span>
    </p>
   </div>
   <div class='ocr_carea' id='block_1_45' title="bbox 946 1027 1736 1064">
    <p class='ocr_par' dir='ltr' id='par_1_45' title="bbox 946 1027 1736 1064">
     <span class='ocr_line' id='line_1_45' title="bbox 946 1027 1736 1064; baseline -0.004 -8"><span class='ocrx_word' id='word_1_312' title='bbox 946 1029 1033 1064; x_wconf 86' lang='lat' dir='ltr'><strong>patris</strong></span> <span class='ocrx_word' id='word_1_313' title='bbox 1054 1036 1166 1056; x_wconf 80' lang='lat' dir='ltr'><strong>uxorem</strong></span> <span class='ocrx_word' id='word_1_314' title='bbox 1182 1028 1313 1061; x_wconf 87' lang='lat' dir='ltr'><strong>duxerat,</strong></span> <span class='ocrx_word' id='word_1_315' title='bbox 1328 1029 1364 1055; x_wconf 88' lang='lat' dir='ltr'><strong>ob</strong></span> <span class='ocrx_word' id='word_1_316' title='bbox 1384 1028 1466 1063; x_wconf 84' lang='lat' dir='ltr'><strong>idque</strong></span> <span class='ocrx_word' id='word_1_317' title='bbox 1478 1027 1586 1055; x_wconf 77' lang='lat' dir='ltr'><strong>Satante</strong></span> <span class='ocrx_word' id='word_1_318' title='bbox 1606 1028 1633 1054; x_wconf 86' lang='lat' dir='ltr'><strong>in</strong></span> <span class='ocrx_word' id='word_1_319' title='bbox 1654 1027 1736 1053; x_wconf 89' lang='lat' dir='ltr'><strong>inter-</strong></span> 
     </span>
    </p>
   </div>
   <div class='ocr_carea' id='block_1_46' title="bbox 946 1074 1737 1109">
    <p class='ocr_par' dir='ltr' id='par_1_46' title="bbox 946 1074 1737 1109">
     <span class='ocr_line' id='line_1_46' title="bbox 946 1074 1737 1109; baseline -0.003 -7"><span class='ocrx_word' id='word_1_320' title='bbox 946 1076 1012 1102; x_wconf 86' lang='lat' dir='ltr'><strong>itum</strong></span> <span class='ocrx_word' id='word_1_321' title='bbox 1029 1075 1118 1102; x_wconf 77' lang='lat' dir='ltr'><strong>carnis</strong></span> <span class='ocrx_word' id='word_1_322' title='bbox 1136 1075 1251 1101; x_wconf 82' lang='lat' dir='ltr'><strong>traditus</strong></span> <span class='ocrx_word' id='word_1_323' title='bbox 1269 1074 1368 1109; x_wconf 78' lang='lat' dir='ltr'><strong>fuerat,</strong></span> <span class='ocrx_word' id='word_1_324' title='bbox 1386 1075 1424 1101; x_wconf 89' lang='lat' dir='ltr'><strong>ita</strong></span> <span class='ocrx_word' id='word_1_325' title='bbox 1449 1075 1617 1109; x_wconf 87' lang='lat' dir='ltr'><strong>loqueretur,</strong></span> <span class='ocrx_word' id='word_1_326' title='bbox 1629 1078 1657 1100; x_wconf 88' lang='lat' dir='ltr'><strong>ut</strong></span> <span class='ocrx_word' id='word_1_327' title='bbox 1683 1074 1737 1107; x_wconf 74' lang='lat' dir='ltr'><strong>spi-</strong></span> 
     </span>
    </p>
   </div>
   <div class='ocr_carea' id='block_1_47' title="bbox 946 1119 1736 1155">
    <p class='ocr_par' dir='ltr' id='par_1_47' title="bbox 946 1119 1736 1155">
     <span class='ocr_line' id='line_1_47' title="bbox 946 1119 1736 1155; baseline -0.001 -8"><span class='ocrx_word' id='word_1_328' title='bbox 946 1121 1014 1148; x_wconf 83' lang='lat' dir='ltr'><strong>ritus</strong></span> <span class='ocrx_word' id='word_1_329' title='bbox 1036 1120 1124 1148; x_wconf 74' lang='lat' dir='ltr'><strong>salvus</strong></span> <span class='ocrx_word' id='word_1_330' title='bbox 1146 1120 1179 1147; x_wconf 86' lang='lat' dir='ltr'><strong>sit</strong></span> <span class='ocrx_word' id='word_1_331' title='bbox 1197 1121 1225 1147; x_wconf 81' lang='lat' dir='ltr'><strong>in</strong></span> <span class='ocrx_word' id='word_1_332' title='bbox 1246 1120 1289 1147; x_wconf 88' lang='lat' dir='ltr'><strong>die</strong></span> <span class='ocrx_word' id='word_1_333' title='bbox 1305 1120 1452 1151; x_wconf 74' lang='lat' dir='ltr'><strong>Domini&#39;,</strong></span> <span class='ocrx_word' id='word_1_334' title='bbox 1472 1127 1560 1155; x_wconf 87' lang='lat' dir='ltr'><strong>neque</strong></span> <span class='ocrx_word' id='word_1_335' title='bbox 1572 1119 1638 1147; x_wconf 89' lang='lat' dir='ltr'><strong>illud</strong></span> <span class='ocrx_word' id='word_1_336' title='bbox 1656 1127 1736 1147; x_wconf 89' lang='lat' dir='ltr'><strong>usur-</strong></span> 
     </span>
    </p>
   </div>
   <div class='ocr_carea' id='block_1_48' title="bbox 947 1165 1737 1202">
    <p class='ocr_par' dir='ltr' id='par_1_48' title="bbox 947 1165 1737 1202">
     <span class='ocr_line' id='line_1_48' title="bbox 947 1165 1737 1202; baseline -0.001 -9"><span class='ocrx_word' id='word_1_337' title='bbox 947 1170 1048 1202; x_wconf 84' lang='lat' dir='ltr'><strong>paret:</strong></span> <span class='ocrx_word' id='word_1_338' title='bbox 1073 1165 1234 1199; x_wconf 83' lang='lat' dir='ltr'><strong>Conﬁrmate</strong></span> <span class='ocrx_word' id='word_1_339' title='bbox 1260 1166 1288 1193; x_wconf 84' lang='lat' dir='ltr'><strong>in</strong></span> <span class='ocrx_word' id='word_1_340' title='bbox 1308 1166 1384 1192; x_wconf 81' lang='lat' dir='ltr'><strong>illaut</strong></span> <span class='ocrx_word' id='word_1_341' title='bbox 1413 1166 1580 1198; x_wconf 80' lang='lat' dir='ltr'><strong>cliaritatem,</strong></span> <span class='ocrx_word' id='word_1_342' title='bbox 1605 1174 1636 1192; x_wconf 86' lang='lat' dir='ltr'><strong>ne</strong></span> <span class='ocrx_word' id='word_1_343' title='bbox 1653 1165 1737 1192; x_wconf 82' lang='lat' dir='ltr'><strong>abun-</strong></span> 
     </span>
    </p>
   </div>
   <div class='ocr_carea' id='block_1_49' title="bbox 107 1209 1736 1246">
    <p class='ocr_par' dir='ltr' id='par_1_49' title="bbox 107 1209 1736 1246">
     <span class='ocr_line' id='line_1_49' title="bbox 107 1209 1736 1246; baseline -0.001 -8"><span class='ocrx_word' id='word_1_344' title='bbox 107 1212 227 1238; x_wconf 76' lang='lat' dir='ltr'><strong>dantiore</strong></span> <span class='ocrx_word' id='word_1_345' title='bbox 251 1211 362 1238; x_wconf 73' lang='lat' dir='ltr'><strong>tristitia</strong></span> <span class='ocrx_word' id='word_1_346' title='bbox 380 1209 551 1238; x_wconf 80' lang='lat' dir='ltr'><strong>absorbeatur</strong></span> <span class='ocrx_word' id='word_1_347' title='bbox 569 1210 732 1244; x_wconf 77' lang='lat' dir='ltr'><strong>ejusmodi’.</strong></span> <span class='ocrx_word' id='word_1_348' title='bbox 753 1211 857 1244; x_wconf 86' lang='lat' dir='ltr'><strong>Quibus</strong></span> <span class='ocrx_word' id='word_1_349' title='bbox 868 1212 925 1240; x_wconf 68' lang='lat' dir='ltr'><strong>haec</strong></span> <span class='ocrx_word' id='word_1_350' title='bbox 935 1212 1054 1246; x_wconf 87' lang='lat' dir='ltr'><strong>adjecit:</strong></span> <span class='ocrx_word' id='word_1_351' title='bbox 1070 1210 1120 1239; x_wconf 81' lang='lat' dir='ltr'><strong>Cui</strong></span> <span class='ocrx_word' id='word_1_352' title='bbox 1133 1211 1233 1246; x_wconf 85' lang='lat' dir='ltr'><strong>aliquid</strong></span> <span class='ocrx_word' id='word_1_353' title='bbox 1246 1211 1378 1243; x_wconf 80' lang='lat' dir='ltr'><strong>donastis,</strong></span> <span class='ocrx_word' id='word_1_354' title='bbox 1390 1216 1415 1238; x_wconf 83' lang='lat' dir='ltr'><strong>et</strong></span> <span class='ocrx_word' id='word_1_355' title='bbox 1425 1214 1491 1246; x_wconf 70' lang='lat' dir='ltr'><strong>egof;</strong></span> <span class='ocrx_word' id='word_1_356' title='bbox 1504 1211 1629 1246; x_wconf 84' lang='lat' dir='ltr'><strong>quoniam</strong></span> <span class='ocrx_word' id='word_1_357' title='bbox 1645 1211 1736 1245; x_wconf 76' lang='lat' dir='ltr'><strong>siquid</strong></span> 
     </span>
    </p>
   </div>
   <div class='ocr_carea' id='block_1_50' title="bbox 107 1257 1736 1294">
    <p class='ocr_par' dir='ltr' id='par_1_50' title="bbox 107 1257 1736 1294">
     <span class='ocr_line' id='line_1_50' title="bbox 107 1257 1736 1294; baseline -0.001 -8"><span class='ocrx_word' id='word_1_358' title='bbox 107 1260 224 1292; x_wconf 84' lang='lat' dir='ltr'><strong>donaui,</strong></span> <span class='ocrx_word' id='word_1_359' title='bbox 254 1263 360 1294; x_wconf 79' lang='lat' dir='ltr'><strong>propter</strong></span> <span class='ocrx_word' id='word_1_360' title='bbox 391 1267 434 1286; x_wconf 79' lang='lat' dir='ltr'><strong>vos</strong></span> <span class='ocrx_word' id='word_1_361' title='bbox 455 1257 551 1285; x_wconf 81' lang='lat' dir='ltr'><strong>donavi</strong></span> <span class='ocrx_word' id='word_1_362' title='bbox 570 1258 598 1284; x_wconf 90' lang='lat' dir='ltr'><strong>in</strong></span> <span class='ocrx_word' id='word_1_363' title='bbox 623 1258 691 1292; x_wconf 78' lang='lat' dir='ltr'><strong>facis</strong></span> <span class='ocrx_word' id='word_1_364' title='bbox 709 1257 825 1291; x_wconf 73' lang='lat' dir='ltr'><strong>Christi,</strong></span> <span class='ocrx_word' id='word_1_365' title='bbox 849 1267 880 1286; x_wconf 84' lang='lat' dir='ltr'><strong>ne</strong></span> <span class='ocrx_word' id='word_1_366' title='bbox 909 1259 1145 1286; x_wconf 76' lang='lat' dir='ltr'><strong>circumveniantur</strong></span> <span class='ocrx_word' id='word_1_367' title='bbox 1165 1267 1181 1285; x_wconf 84' lang='grc' dir='ltr'><strong>α</strong></span> <span class='ocrx_word' id='word_1_368' title='bbox 1203 1257 1324 1286; x_wconf 84' lang='lat' dir='ltr'><strong>Satana:</strong></span> <span class='ocrx_word' id='word_1_369' title='bbox 1341 1266 1420 1293; x_wconf 84' lang='lat' dir='ltr'><strong>neque</strong></span> <span class='ocrx_word' id='word_1_370' title='bbox 1437 1258 1507 1284; x_wconf 85' lang='lat' dir='ltr'><strong>enim</strong></span> <span class='ocrx_word' id='word_1_371' title='bbox 1526 1257 1599 1284; x_wconf 78' lang='lat' dir='ltr'><strong>illius</strong></span> <span class='ocrx_word' id='word_1_372' title='bbox 1622 1259 1736 1285; x_wconf 83' lang='lat' dir='ltr'><strong>astutias</strong></span> 
     </span>
    </p>
   </div>
   <div class='ocr_carea' id='block_1_51' title="bbox 108 1303 1216 1341">
    <p class='ocr_par' dir='ltr' id='par_1_51' title="bbox 108 1303 1216 1341">
     <span class='ocr_line' id='line_1_51' title="bbox 108 1303 1216 1341; baseline -0.003 -8"><span class='ocrx_word' id='word_1_373' title='bbox 108 1305 262 1341; x_wconf 82' lang='lat' dir='ltr'><strong>ignoramus</strong></span> <span class='ocrx_word' id='word_1_374' title='bbox 276 1306 299 1334; x_wconf 78' lang='grc'><strong>⁸.</strong></span> <span class='ocrx_word' id='word_1_375' title='bbox 325 1304 407 1332; x_wconf 77' lang='lat' dir='ltr'><strong>Vides</strong></span> <span class='ocrx_word' id='word_1_376' title='bbox 424 1307 454 1331; x_wconf 87' lang='lat' dir='ltr'><strong>ut</strong></span> <span class='ocrx_word' id='word_1_377' title='bbox 465 1304 631 1338; x_wconf 56' lang='lat' dir='ltr'><strong>poenitentiae</strong></span> <span class='ocrx_word' id='word_1_378' title='bbox 659 1303 749 1331; x_wconf 88' lang='lat' dir='ltr'><strong>locum</strong></span> <span class='ocrx_word' id='word_1_379' title='bbox 767 1305 850 1332; x_wconf 88' lang='lat' dir='ltr'><strong>etiam</strong></span> <span class='ocrx_word' id='word_1_380' title='bbox 869 1309 931 1340; x_wconf 86' lang='lat' dir='ltr'><strong>post</strong></span> <span class='ocrx_word' id='word_1_381' title='bbox 950 1305 1050 1333; x_wconf 86' lang='lat' dir='ltr'><strong>delicta</strong></span> <span class='ocrx_word' id='word_1_382' title='bbox 1067 1304 1216 1331; x_wconf 78' lang='lat' dir='ltr'><strong>concedat?</strong></span> 
     </span>
    </p>
   </div>
   <div class='ocr_carea' id='block_1_52' title="bbox 145 1358 896 1394">
    <p class='ocr_par' dir='ltr' id='par_1_52' title="bbox 145 1358 896 1394">
     <span class='ocr_line' id='line_1_52' title="bbox 145 1358 896 1394; baseline -0.004 -6"><span class='ocrx_word' id='word_1_383' title='bbox 145 1362 183 1388; x_wconf 86' lang='lat' dir='ltr'><strong>E&#39;.</strong></span> <span class='ocrx_word' id='word_1_384' title='bbox 199 1361 282 1388; x_wconf 80' lang='grc' dir='ltr'><em>Πάλιν</em></span> <span class='ocrx_word' id='word_1_385' title='bbox 297 1360 325 1387; x_wconf 71' lang='grc' dir='ltr'>δὲ</span> <span class='ocrx_word' id='word_1_386' title='bbox 344 1360 359 1386; x_wconf 87' lang='lat'><strong>6</strong></span> <span class='ocrx_word' id='word_1_387' title='bbox 379 1358 480 1394; x_wconf 81' lang='grc' dir='ltr'><strong>Κύριός</strong></span> <span class='ocrx_word' id='word_1_388' title='bbox 506 1365 602 1394; x_wconf 82' lang='grc' dir='ltr'><em>φησιν·</em></span> <span class='ocrx_word' id='word_1_389' title='bbox 619 1359 726 1393; x_wconf 74' lang='grc' dir='ltr'><em>Ἅφετε</em></span> <span class='ocrx_word' id='word_1_390' title='bbox 749 1359 896 1392; x_wconf 71' lang='grc' dir='ltr'><em>ἀλλήλοις</em></span> 
     </span>
    </p>
   </div>
   <div class='ocr_carea' id='block_1_53' title="bbox 109 1403 898 1441">
    <p class='ocr_par' dir='ltr' id='par_1_53' title="bbox 109 1403 898 1441">
     <span class='ocr_line' id='line_1_53' title="bbox 109 1403 898 1441; baseline -0.004 -6"><span class='ocrx_word' id='word_1_391' title='bbox 109 1408 146 1435; x_wconf 76' lang='grc' dir='ltr'><em>τὰ</em></span> <span class='ocrx_word' id='word_1_392' title='bbox 173 1406 401 1441; x_wconf 76' lang='grc' dir='ltr'><em>παραπτώματα,</em></span> <span class='ocrx_word' id='word_1_393' title='bbox 426 1405 476 1432; x_wconf 80' lang='grc' dir='ltr'><em>ἵνα</em></span> <span class='ocrx_word' id='word_1_394' title='bbox 496 1404 545 1432; x_wconf 78' lang='grc' dir='ltr'><em>καὶ</em></span> <span class='ocrx_word' id='word_1_395' title='bbox 577 1405 594 1432; x_wconf 80' lang='grc' dir='ltr'><em>ὁ</em></span> <span class='ocrx_word' id='word_1_396' title='bbox 618 1403 720 1438; x_wconf 80' lang='grc' dir='ltr'><em>Πατὴρ</em></span> <span class='ocrx_word' id='word_1_397' title='bbox 734 1404 818 1439; x_wconf 77' lang='grc' dir='ltr'><em>ὑμῶν</em></span> <span class='ocrx_word' id='word_1_398' title='bbox 831 1406 848 1432; x_wconf 86' lang='grc' dir='ltr'><em>ό</em></span> <span class='ocrx_word' id='word_1_399' title='bbox 862 1405 898 1431; x_wconf 79' lang='grc' dir='ltr'><em>ἐν</em></span> 
     </span>
    </p>
   </div>
   <div class='ocr_carea' id='block_1_54' title="bbox 109 1449 897 1487">
    <p class='ocr_par' dir='ltr' id='par_1_54' title="bbox 109 1449 897 1487">
     <span class='ocr_line' id='line_1_54' title="bbox 109 1449 897 1487; baseline -0.005 -7"><span class='ocrx_word' id='word_1_400' title='bbox 109 1452 226 1487; x_wconf 79' lang='grc' dir='ltr'><em>οὐρανῷ</em></span> <span class='ocrx_word' id='word_1_401' title='bbox 243 1451 355 1487; x_wconf 73' lang='grc' dir='ltr'><em>ἀφήσει</em></span> <span class='ocrx_word' id='word_1_402' title='bbox 367 1450 449 1485; x_wconf 71' lang='grc' dir='ltr'><em>ἡμῖν.</em></span> <span class='ocrx_word' id='word_1_403' title='bbox 470 1449 549 1477; x_wconf 82' lang='grc' dir='ltr'>Ἀλλὰ</span> <span class='ocrx_word' id='word_1_404' title='bbox 563 1450 610 1476; x_wconf 77' lang='grc' dir='ltr'><em>καὶ</em></span> <span class='ocrx_word' id='word_1_405' title='bbox 631 1450 661 1476; x_wconf 78' lang='grc' dir='ltr'><em>ὲν</em></span> <span class='ocrx_word' id='word_1_406' title='bbox 678 1449 752 1484; x_wconf 74' lang='grc' dir='ltr'>ἄλλῳ</span> <span class='ocrx_word' id='word_1_407' title='bbox 763 1449 839 1486; x_wconf 80' lang='grc' dir='ltr'><em>τόπῳ</em></span> <span class='ocrx_word' id='word_1_408' title='bbox 852 1450 897 1477; x_wconf 78' lang='grc' dir='ltr'><strong>οὔ-</strong></span> 
     </span>
    </p>
   </div>
   <div class='ocr_carea' id='block_1_55' title="bbox 108 1495 897 1534">
    <p class='ocr_par' dir='ltr' id='par_1_55' title="bbox 108 1495 897 1534">
     <span class='ocr_line' id='line_1_55' title="bbox 108 1495 897 1534; baseline -0.004 -9"><span class='ocrx_word' id='word_1_409' title='bbox 108 1508 163 1531; x_wconf 83' lang='grc' dir='ltr'><strong>τως</strong></span> <span class='ocrx_word' id='word_1_410' title='bbox 174 1498 255 1534; x_wconf 83' lang='grc' dir='ltr'>φησί·</span> <span class='ocrx_word' id='word_1_411' title='bbox 270 1497 414 1531; x_wconf 77' lang='grc' dir='ltr'><em>Πενθήσω</em></span> <span class='ocrx_word' id='word_1_412' title='bbox 429 1497 564 1530; x_wconf 75' lang='grc' dir='ltr'><em>πολλοὺς</em></span> <span class='ocrx_word' id='word_1_413' title='bbox 579 1495 651 1529; x_wconf 83' lang='grc' dir='ltr'><em>τοὺς</em></span> <span class='ocrx_word' id='word_1_414' title='bbox 672 1495 707 1522; x_wconf 81' lang='grc' dir='ltr'><em>ἐν</em></span> <span class='ocrx_word' id='word_1_415' title='bbox 720 1496 794 1530; x_wconf 75' lang='grc' dir='ltr'><em>ἡμῖν</em></span> <span class='ocrx_word' id='word_1_416' title='bbox 803 1504 897 1530; x_wconf 83' lang='grc' dir='ltr'><em>παρα-</em></span> 
     </span>
    </p>
   </div>
   <div class='ocr_carea' id='block_1_56' title="bbox 110 1540 894 1577">
    <p class='ocr_par' dir='ltr' id='par_1_56' title="bbox 110 1540 894 1577">
     <span class='ocr_line' id='line_1_56' title="bbox 110 1540 894 1577; baseline -0.004 -7"><span class='ocrx_word' id='word_1_417' title='bbox 110 1543 270 1575; x_wconf 74' lang='grc' dir='ltr'><em>πεσόντας,</em></span> <span class='ocrx_word' id='word_1_418' title='bbox 295 1542 346 1569; x_wconf 74' lang='grc' dir='ltr'><em>καὶ</em></span> <span class='ocrx_word' id='word_1_419' title='bbox 367 1541 411 1577; x_wconf 81' lang='grc' dir='ltr'><em>μὴ</em></span> <span class='ocrx_word' id='word_1_420' title='bbox 434 1541 697 1576; x_wconf 74' lang='grc' dir='ltr'><em>μετανοήσαντας·</em></span> <span class='ocrx_word' id='word_1_421' title='bbox 715 1540 753 1573; x_wconf 86' lang='grc' dir='ltr'><strong>ὡς</strong></span> <span class='ocrx_word' id='word_1_422' title='bbox 778 1541 894 1574; x_wconf 80' lang='grc' dir='ltr'><strong>δεικνὺς,</strong></span> 
     </span>
    </p>
   </div>
   <div class='ocr_carea' id='block_1_57' title="bbox 109 1576 932 1623">
    <p class='ocr_par' dir='ltr' id='par_1_57' title="bbox 109 1576 932 1623">
     <span class='ocr_line' id='line_1_57' title="bbox 109 1576 932 1623; baseline -0.002 -8"><span class='ocrx_word' id='word_1_423' title='bbox 109 1589 162 1621; x_wconf 73' lang='grc' dir='ltr'><em>ὅτι,</em></span> <span class='ocrx_word' id='word_1_424' title='bbox 192 1589 216 1615; x_wconf 77' lang='grc' dir='ltr'><em>ει</em></span> <span class='ocrx_word' id='word_1_425' title='bbox 239 1588 286 1614; x_wconf 73' lang='grc' dir='ltr'><em>καὶ</em></span> <span class='ocrx_word' id='word_1_426' title='bbox 312 1576 482 1623; x_wconf 79' lang='grc' dir='ltr'><em>παρέπεσαν,</em></span> <span class='ocrx_word' id='word_1_427' title='bbox 505 1587 553 1614; x_wconf 81' lang='grc' dir='ltr'><em>καὶ</em></span> <span class='ocrx_word' id='word_1_428' title='bbox 568 1587 743 1622; x_wconf 80' lang='grc' dir='ltr'><strong>μετενόησαν,</strong></span> <span class='ocrx_word' id='word_1_429' title='bbox 763 1586 894 1613; x_wconf 78' lang='grc' dir='ltr'>εἰσδεκτοὶ</span> <span class='ocrx_word' id='word_1_430' title='bbox 909 1576 932 1606; x_wconf 78' lang='lat' dir='ltr'><strong><em>C</em></strong></span> 
     </span>
    </p>
   </div>
   <div class='ocr_carea' id='block_1_58' title="bbox 110 1631 895 1668">
    <p class='ocr_par' dir='ltr' id='par_1_58' title="bbox 110 1631 895 1668">
     <span class='ocr_line' id='line_1_58' title="bbox 110 1631 895 1668; baseline -0.004 -7"><span class='ocrx_word' id='word_1_431' title='bbox 110 1632 183 1662; x_wconf 73' lang='grc' dir='ltr'><em>οὗτοι</em></span> <span class='ocrx_word' id='word_1_432' title='bbox 193 1633 324 1668; x_wconf 75' lang='grc' dir='ltr'><em>γίνονται,</em></span> <span class='ocrx_word' id='word_1_433' title='bbox 341 1632 389 1660; x_wconf 75' lang='grc' dir='ltr'><em>καὶ</em></span> <span class='ocrx_word' id='word_1_434' title='bbox 404 1632 454 1659; x_wconf 76' lang='grc' dir='ltr'><strong>οὐκ</strong></span> <span class='ocrx_word' id='word_1_435' title='bbox 471 1631 773 1668; x_wconf 76' lang='grc' dir='ltr'><strong>ἁποῦληθήσονται,τοῦ</strong></span> <span class='ocrx_word' id='word_1_436' title='bbox 792 1632 895 1668; x_wconf 80' lang='grc' dir='ltr'>Κυρίου</span> 
     </span>
    </p>
   </div>
   <div class='ocr_carea' id='block_1_59' title="bbox 111 1677 692 1715">
    <p class='ocr_par' dir='ltr' id='par_1_59' title="bbox 111 1677 692 1715">
     <span class='ocr_line' id='line_1_59' title="bbox 111 1677 692 1715; baseline -0.005 -8"><span class='ocrx_word' id='word_1_437' title='bbox 111 1679 290 1715; x_wconf 82' lang='grc' dir='ltr'><strong>γινώσκοντος</strong></span> <span class='ocrx_word' id='word_1_438' title='bbox 306 1678 332 1706; x_wconf 81' lang='grc' dir='ltr'><em>τί</em></span> <span class='ocrx_word' id='word_1_439' title='bbox 347 1678 416 1714; x_wconf 81' lang='grc' dir='ltr'><strong>μετὰ</strong></span> <span class='ocrx_word' id='word_1_440' title='bbox 429 1677 544 1705; x_wconf 76' lang='grc' dir='ltr'><strong>ἑκάστου</strong></span> <span class='ocrx_word' id='word_1_441' title='bbox 559 1678 692 1714; x_wconf 81' lang='grc' dir='ltr'><strong>ποιήσειε.</strong></span> 
     </span>
    </p>
   </div>
   <div class='ocr_carea' id='block_1_60' title="bbox 146 1733 896 1771">
    <p class='ocr_par' dir='ltr' id='par_1_60' title="bbox 146 1733 896 1771">
     <span class='ocr_line' id='line_1_60' title="bbox 146 1733 896 1771; baseline -0.001 -9"><span class='ocrx_word' id='word_1_442' title='bbox 146 1736 203 1762; x_wconf 79' lang='grc' dir='ltr'><strong>Καὶ</strong></span> <span class='ocrx_word' id='word_1_443' title='bbox 224 1735 265 1762; x_wconf 75' lang='grc' dir='ltr'><strong>ὅτι</strong></span> <span class='ocrx_word' id='word_1_444' title='bbox 284 1735 335 1770; x_wconf 73' lang='grc' dir='ltr'><strong>μὲν</strong></span> <span class='ocrx_word' id='word_1_445' title='bbox 352 1735 367 1761; x_wconf 91' lang='lat'><strong>6</strong></span> <span class='ocrx_word' id='word_1_446' title='bbox 380 1734 471 1762; x_wconf 86' lang='grc' dir='ltr'><em>κανὼν</em></span> <span class='ocrx_word' id='word_1_447' title='bbox 489 1734 539 1770; x_wconf 79' lang='grc' dir='ltr'><strong>τῆς</strong></span> <span class='ocrx_word' id='word_1_448' title='bbox 554 1734 682 1771; x_wconf 78' lang='grc' dir='ltr'><strong>ἀληθείας</strong></span> <span class='ocrx_word' id='word_1_449' title='bbox 701 1733 822 1762; x_wconf 83' lang='grc' dir='ltr'><em>τοιοῦτον</em></span> <span class='ocrx_word' id='word_1_450' title='bbox 839 1734 896 1770; x_wconf 73' lang='grc' dir='ltr'><strong>ἔχει</strong></span> 
     </span>
    </p>
   </div>
   <div class='ocr_carea' id='block_1_61' title="bbox 110 1780 896 1818">
    <p class='ocr_par' dir='ltr' id='par_1_61' title="bbox 110 1780 896 1818">
     <span class='ocr_line' id='line_1_61' title="bbox 110 1780 896 1818; baseline -0.003 -9"><span class='ocrx_word' id='word_1_451' title='bbox 110 1783 156 1809; x_wconf 79' lang='grc' dir='ltr'><strong>τὸν</strong></span> <span class='ocrx_word' id='word_1_452' title='bbox 168 1780 341 1818; x_wconf 83' lang='grc' dir='ltr'><em>χαρακτῆρα.</em></span> <span class='ocrx_word' id='word_1_453' title='bbox 362 1780 442 1808; x_wconf 73' lang='grc' dir='ltr'><em>παντί</em></span> <span class='ocrx_word' id='word_1_454' title='bbox 457 1789 495 1816; x_wconf 83' lang='grc' dir='ltr'><strong>τῳ</strong></span> <span class='ocrx_word' id='word_1_455' title='bbox 508 1780 594 1815; x_wconf 81' lang='grc' dir='ltr'>σαφές</span> <span class='ocrx_word' id='word_1_456' title='bbox 607 1781 674 1808; x_wconf 74' lang='grc' dir='ltr'><strong>ἐστι.</strong></span> <span class='ocrx_word' id='word_1_457' title='bbox 691 1781 768 1808; x_wconf 81' lang='grc' dir='ltr'><strong>Μετὰ</strong></span> <span class='ocrx_word' id='word_1_458' title='bbox 782 1781 836 1817; x_wconf 83' lang='grc' dir='ltr'><strong>γὰρ</strong></span> <span class='ocrx_word' id='word_1_459' title='bbox 847 1781 896 1817; x_wconf 77' lang='grc' dir='ltr'><em>τὴν</em></span> 
     </span>
    </p>
   </div>
   <div class='ocr_carea' id='block_1_62' title="bbox 113 1826 896 1863">
    <p class='ocr_par' dir='ltr' id='par_1_62' title="bbox 113 1826 896 1863">
     <span class='ocr_line' id='line_1_62' title="bbox 113 1826 896 1863; baseline -0.001 -9"><span class='ocrx_word' id='word_1_460' title='bbox 113 1827 224 1863; x_wconf 81' lang='grc' dir='ltr'><em>πρώτην</em></span> <span class='ocrx_word' id='word_1_461' title='bbox 239 1827 382 1863; x_wconf 84' lang='grc' dir='ltr'><em>μετάνοιαν</em></span> <span class='ocrx_word' id='word_1_462' title='bbox 396 1826 444 1863; x_wconf 77' lang='grc' dir='ltr'><em>τὴν</em></span> <span class='ocrx_word' id='word_1_463' title='bbox 457 1826 499 1853; x_wconf 85' lang='grc' dir='ltr'>διὰ</span> <span class='ocrx_word' id='word_1_464' title='bbox 511 1826 558 1853; x_wconf 82' lang='grc' dir='ltr'><em>τοῦ</em></span> <span class='ocrx_word' id='word_1_465' title='bbox 573 1826 684 1862; x_wconf 81' lang='grc' dir='ltr'>λουτροῦ</span> <span class='ocrx_word' id='word_1_466' title='bbox 700 1826 750 1862; x_wconf 83' lang='grc' dir='ltr'><strong>τῆς</strong></span> <span class='ocrx_word' id='word_1_467' title='bbox 763 1827 896 1862; x_wconf 86' lang='grc' dir='ltr'><strong>παλιγγε-</strong></span> 
     </span>
    </p>
   </div>
   <div class='ocr_carea' id='block_1_63' title="bbox 112 1870 895 1911">
    <p class='ocr_par' dir='ltr' id='par_1_63' title="bbox 112 1870 895 1911">
     <span class='ocr_line' id='line_1_63' title="bbox 112 1870 895 1911; baseline 0 -11"><span class='ocrx_word' id='word_1_468' title='bbox 112 1874 219 1906; x_wconf 84' lang='grc' dir='ltr'><em>νεσίας,</em></span> <span class='ocrx_word' id='word_1_469' title='bbox 234 1874 264 1900; x_wconf 83' lang='grc' dir='ltr'><em>ὲν</em></span> <span class='ocrx_word' id='word_1_470' title='bbox 319 1872 448 1910; x_wconf 75' lang='grc' dir='ltr'><strong>μετανοίᾳ</strong></span> <span class='ocrx_word' id='word_1_471' title='bbox 471 1872 647 1908; x_wconf 80' lang='grc' dir='ltr'><em>ἀνεκαινισθη</em></span> <span class='ocrx_word' id='word_1_472' title='bbox 669 1873 723 1904; x_wconf 76' lang='grc' dir='ltr'><strong>πᾶς</strong></span> <span class='ocrx_word' id='word_1_473' title='bbox 743 1872 895 1909; x_wconf 73' lang='grc' dir='ltr'><em>ἄνθρωπος,</em></span> 
     </span>
    </p>
   </div>
   <div class='ocr_carea' id='block_1_64' title="bbox 111 1916 897 1955">
    <p class='ocr_par' dir='ltr' id='par_1_64' title="bbox 111 1916 897 1955">
     <span class='ocr_line' id='line_1_64' title="bbox 111 1916 897 1955; baseline -0.001 -10"><span class='ocrx_word' id='word_1_474' title='bbox 111 1918 224 1954; x_wconf 67' lang='grc' dir='ltr'><strong>δευτέρα</strong></span> <span class='ocrx_word' id='word_1_475' title='bbox 239 1927 281 1950; x_wconf 88' lang='grc' dir='ltr'><em>τις</em></span> <span class='ocrx_word' id='word_1_476' title='bbox 295 1918 407 1955; x_wconf 81' lang='grc' dir='ltr'><em>τοιαύτη</em></span> <span class='ocrx_word' id='word_1_477' title='bbox 420 1919 469 1954; x_wconf 84' lang='grc' dir='ltr'>οὐχ</span> <span class='ocrx_word' id='word_1_478' title='bbox 481 1918 606 1954; x_wconf 78' lang='grc' dir='ltr'><strong>ὑπάρχει.</strong></span> <span class='ocrx_word' id='word_1_479' title='bbox 624 1916 692 1945; x_wconf 80' lang='grc' dir='ltr'><strong>οὔτε</strong></span> <span class='ocrx_word' id='word_1_480' title='bbox 705 1917 760 1952; x_wconf 84' lang='grc' dir='ltr'><strong>γὰρ</strong></span> <span class='ocrx_word' id='word_1_481' title='bbox 778 1918 825 1945; x_wconf 87' lang='grc' dir='ltr'>δύο</span> <span class='ocrx_word' id='word_1_482' title='bbox 844 1918 897 1945; x_wconf 79' lang='grc' dir='ltr'><strong>εἰσὶ</strong></span> 
     </span>
    </p>
   </div>
   <div class='ocr_carea' id='block_1_65' title="bbox 113 1962 896 2000">
    <p class='ocr_par' dir='ltr' id='par_1_65' title="bbox 113 1962 896 2000">
     <span class='ocr_line' id='line_1_65' title="bbox 113 1962 896 2000; baseline -0.001 -9"><span class='ocrx_word' id='word_1_483' title='bbox 113 1964 298 2000; x_wconf 79' lang='grc' dir='ltr'><strong>βαπτίσματα,</strong></span> <span class='ocrx_word' id='word_1_484' title='bbox 311 1964 378 1992; x_wconf 80' lang='grc' dir='ltr'>ἀλλὰ</span> <span class='ocrx_word' id='word_1_485' title='bbox 391 1965 435 1991; x_wconf 74' lang='grc' dir='ltr'><strong>ἐν·</strong></span> <span class='ocrx_word' id='word_1_486' title='bbox 455 1963 516 1991; x_wconf 77' lang='grc' dir='ltr'><strong>οὔτε</strong></span> <span class='ocrx_word' id='word_1_487' title='bbox 534 1963 574 1996; x_wconf 73' lang='grc' dir='ltr'><strong>δὶς</strong></span> <span class='ocrx_word' id='word_1_488' title='bbox 596 1962 753 2000; x_wconf 69' lang='grc' dir='ltr'><strong>ἐσταυρώθη</strong></span> <span class='ocrx_word' id='word_1_489' title='bbox 769 1964 896 2000; x_wconf 79' lang='grc' dir='ltr'><strong>Χριστὸς,</strong></span> 
     </span>
    </p>
   </div>
   <div class='ocr_carea' id='block_1_66' title="bbox 112 2008 895 2045">
    <p class='ocr_par' dir='ltr' id='par_1_66' title="bbox 112 2008 895 2045">
     <span class='ocr_line' id='line_1_66' title="bbox 112 2008 895 2045; baseline 0 -9"><span class='ocrx_word' id='word_1_490' title='bbox 112 2010 170 2036; x_wconf 74' lang='grc' dir='ltr'>ἀλλ’</span> <span class='ocrx_word' id='word_1_491' title='bbox 184 2009 267 2042; x_wconf 80' lang='grc' dir='ltr'><em>ἃπαξ·</em></span> <span class='ocrx_word' id='word_1_492' title='bbox 278 2009 339 2037; x_wconf 74' lang='grc' dir='ltr'><strong>οὔτε</strong></span> <span class='ocrx_word' id='word_1_493' title='bbox 347 2010 387 2043; x_wconf 77' lang='grc' dir='ltr'><strong>δὶς</strong></span> <span class='ocrx_word' id='word_1_494' title='bbox 398 2009 532 2037; x_wconf 77' lang='grc' dir='ltr'><strong>ἀπέθανεν</strong></span> <span class='ocrx_word' id='word_1_495' title='bbox 546 2009 617 2045; x_wconf 77' lang='grc' dir='ltr'><em>ὑπὲρ</em></span> <span class='ocrx_word' id='word_1_496' title='bbox 628 2009 716 2045; x_wconf 79' lang='grc' dir='ltr'><em>ἡμῶν,</em></span> <span class='ocrx_word' id='word_1_497' title='bbox 726 2008 773 2037; x_wconf 75' lang='grc' dir='ltr'><em>καὶ</em></span> <span class='ocrx_word' id='word_1_498' title='bbox 785 2009 895 2045; x_wconf 79' lang='grc' dir='ltr'><strong>ἀνέστη.</strong></span> 
     </span>
    </p>
   </div>
   <div class='ocr_carea' id='block_1_67' title="bbox 113 2054 898 2091">
    <p class='ocr_par' dir='ltr' id='par_1_67' title="bbox 113 2054 898 2091">
     <span class='ocr_line' id='line_1_67' title="bbox 113 2054 898 2091; baseline 0 -10"><span class='ocrx_word' id='word_1_499' title='bbox 113 2054 168 2082; x_wconf 75' lang='grc' dir='ltr'><strong>Καὶ</strong></span> <span class='ocrx_word' id='word_1_500' title='bbox 183 2055 276 2082; x_wconf 82' lang='grc' dir='ltr'>τούτου</span> <span class='ocrx_word' id='word_1_501' title='bbox 293 2055 372 2091; x_wconf 86' lang='grc' dir='ltr'><em>χάριν</em></span> <span class='ocrx_word' id='word_1_502' title='bbox 386 2054 620 2091; x_wconf 74' lang='grc' dir='ltr'><em>ὲπασφαλίσασθαι</em></span> <span class='ocrx_word' id='word_1_503' title='bbox 634 2054 684 2086; x_wconf 76' lang='grc' dir='ltr'>δεῖ,</span> <span class='ocrx_word' id='word_1_504' title='bbox 698 2055 741 2082; x_wconf 78' lang='grc' dir='ltr'><em>ἵνα</em></span> <span class='ocrx_word' id='word_1_505' title='bbox 757 2055 794 2090; x_wconf 84' lang='grc' dir='ltr'><strong>μὴ</strong></span> <span class='ocrx_word' id='word_1_506' title='bbox 809 2063 898 2090; x_wconf 82' lang='grc' dir='ltr'><em>παρα-</em></span> 
     </span>
    </p>
   </div>
   <div class='ocr_carea' id='block_1_68' title="bbox 112 2101 898 2138">
    <p class='ocr_par' dir='ltr' id='par_1_68' title="bbox 112 2101 898 2138">
     <span class='ocr_line' id='line_1_68' title="bbox 112 2101 898 2138; baseline 0 -9"><span class='ocrx_word' id='word_1_507' title='bbox 112 2101 251 2134; x_wconf 77' lang='grc' dir='ltr'><strong>πεσόντες,</strong></span> <span class='ocrx_word' id='word_1_508' title='bbox 267 2102 312 2128; x_wconf 77' lang='grc' dir='ltr'><em>τὸν</em></span> <span class='ocrx_word' id='word_1_509' title='bbox 333 2101 464 2136; x_wconf 79' lang='grc' dir='ltr'><em>στέφανον</em></span> <span class='ocrx_word' id='word_1_510' title='bbox 482 2102 530 2129; x_wconf 76' lang='grc' dir='ltr'><strong>τοῦ</strong></span> <span class='ocrx_word' id='word_1_511' title='bbox 543 2102 740 2138; x_wconf 82' lang='grc' dir='ltr'><em>ἀνακαινισμοῦ</em></span> <span class='ocrx_word' id='word_1_512' title='bbox 760 2102 898 2129; x_wconf 78' lang='grc' dir='ltr'><strong>ἀπολέσω-</strong></span> 
     </span>
    </p>
   </div>
   <div class='ocr_carea' id='block_1_69' title="bbox 114 2147 898 2184">
    <p class='ocr_par' dir='ltr' id='par_1_69' title="bbox 114 2147 898 2184">
     <span class='ocr_line' id='line_1_69' title="bbox 114 2147 898 2184; baseline 0 -10"><span class='ocrx_word' id='word_1_513' title='bbox 114 2156 175 2183; x_wconf 76' lang='grc' dir='ltr'><strong>μεν.</strong></span> <span class='ocrx_word' id='word_1_514' title='bbox 204 2147 284 2174; x_wconf 77' lang='grc' dir='ltr'>Ἀλλὰ</span> <span class='ocrx_word' id='word_1_515' title='bbox 302 2147 349 2175; x_wconf 73' lang='grc' dir='ltr'><strong>ἐὰν</strong></span> <span class='ocrx_word' id='word_1_516' title='bbox 368 2157 411 2180; x_wconf 80' lang='grc' dir='ltr'><strong>τις</strong></span> <span class='ocrx_word' id='word_1_517' title='bbox 432 2148 593 2184; x_wconf 84' lang='grc' dir='ltr'><em>παραπέσῃ,</em></span> <span class='ocrx_word' id='word_1_518' title='bbox 614 2148 662 2175; x_wconf 77' lang='grc' dir='ltr'><em>καὶ</em></span> <span class='ocrx_word' id='word_1_519' title='bbox 686 2147 846 2182; x_wconf 68' lang='grc' dir='ltr'><strong>προληφθῆ</strong></span> <span class='ocrx_word' id='word_1_520' title='bbox 863 2147 898 2174; x_wconf 81' lang='grc' dir='ltr'><em>ἕν</em></span> 
     </span>
    </p>
   </div>
   <div class='ocr_carea' id='block_1_70' title="bbox 111 2193 897 2228">
    <p class='ocr_par' dir='ltr' id='par_1_70' title="bbox 111 2193 897 2228">
     <span class='ocr_line' id='line_1_70' title="bbox 111 2193 897 2228; baseline 0 -8"><span class='ocrx_word' id='word_1_521' title='bbox 111 2201 170 2220; x_wconf 79' lang='grc' dir='ltr'><em>τινι</em></span> <span class='ocrx_word' id='word_1_522' title='bbox 193 2193 420 2228; x_wconf 74' lang='grc' dir='ltr'><em>παραπτώματι,</em></span> <span class='ocrx_word' id='word_1_523' title='bbox 438 2193 476 2225; x_wconf 83' lang='grc' dir='ltr'><strong>ὡς</strong></span> <span class='ocrx_word' id='word_1_524' title='bbox 497 2193 572 2228; x_wconf 84' lang='grc' dir='ltr'>λέγει</span> <span class='ocrx_word' id='word_1_525' title='bbox 593 2193 608 2220; x_wconf 89' lang='lat'><strong>6</strong></span> <span class='ocrx_word' id='word_1_526' title='bbox 629 2193 799 2225; x_wconf 83' lang='grc' dir='ltr'><strong>Ἀπόστολος,</strong></span> <span class='ocrx_word' id='word_1_527' title='bbox 813 2193 897 2228; x_wconf 79' lang='grc' dir='ltr'><em>ὑμεῖς</em></span> 
     </span>
    </p>
   </div>
   <div class='ocr_carea' id='block_1_71' title="bbox 980 1356 1736 1389">
    <p class='ocr_par' dir='ltr' id='par_1_71' title="bbox 980 1356 1736 1389">
     <span class='ocr_line' id='line_1_71' title="bbox 980 1356 1736 1389; baseline -0.001 -4"><span class='ocrx_word' id='word_1_528' title='bbox 980 1358 1014 1386; x_wconf 74' lang='grc' dir='ltr'><em>ν.</em></span> <span class='ocrx_word' id='word_1_529' title='bbox 1032 1358 1073 1385; x_wconf 84' lang='lat' dir='ltr'><strong>Ad</strong></span> <span class='ocrx_word' id='word_1_530' title='bbox 1087 1358 1146 1386; x_wconf 72' lang='lat' dir='ltr'><strong>haec</strong></span> <span class='ocrx_word' id='word_1_531' title='bbox 1157 1357 1262 1384; x_wconf 84' lang='lat' dir='ltr'><strong>Domini</strong></span> <span class='ocrx_word' id='word_1_532' title='bbox 1279 1356 1325 1384; x_wconf 89' lang='lat' dir='ltr'><strong>illa</strong></span> <span class='ocrx_word' id='word_1_533' title='bbox 1340 1364 1392 1385; x_wconf 87' lang='lat' dir='ltr'><strong>vox</strong></span> <span class='ocrx_word' id='word_1_534' title='bbox 1405 1360 1458 1389; x_wconf 81' lang='lat' dir='ltr'><strong>cst,</strong></span> <span class='ocrx_word' id='word_1_535' title='bbox 1479 1356 1611 1384; x_wconf 82' lang='lat' dir='ltr'><strong>Dimittite</strong></span> <span class='ocrx_word' id='word_1_536' title='bbox 1626 1357 1736 1385; x_wconf 75' lang='lat' dir='ltr'><strong>invicem</strong></span> 
     </span>
    </p>
   </div>
   <div class='ocr_carea' id='block_1_72' title="bbox 944 1402 1736 1440">
    <p class='ocr_par' dir='ltr' id='par_1_72' title="bbox 944 1402 1736 1440">
     <span class='ocr_line' id='line_1_72' title="bbox 944 1402 1736 1440; baseline -0.004 -8"><span class='ocrx_word' id='word_1_537' title='bbox 944 1409 1062 1440; x_wconf 78' lang='lat' dir='ltr'><strong>peccata,</strong></span> <span class='ocrx_word' id='word_1_538' title='bbox 1072 1408 1101 1430; x_wconf 92' lang='lat' dir='ltr'><strong>ut</strong></span> <span class='ocrx_word' id='word_1_539' title='bbox 1113 1408 1139 1431; x_wconf 86' lang='lat' dir='ltr'><strong>et</strong></span> <span class='ocrx_word' id='word_1_540' title='bbox 1155 1403 1236 1430; x_wconf 83' lang='lat' dir='ltr'><strong>Pater</strong></span> <span class='ocrx_word' id='word_1_541' title='bbox 1246 1407 1340 1434; x_wconf 77' lang='lat' dir='ltr'><strong>vester,</strong></span> <span class='ocrx_word' id='word_1_542' title='bbox 1354 1403 1399 1437; x_wconf 86' lang='lat' dir='ltr'><strong>qui</strong></span> <span class='ocrx_word' id='word_1_543' title='bbox 1417 1403 1445 1430; x_wconf 88' lang='lat' dir='ltr'><strong>in</strong></span> <span class='ocrx_word' id='word_1_544' title='bbox 1462 1403 1534 1430; x_wconf 66' lang='lat' dir='ltr'><strong>satis</strong></span> <span class='ocrx_word' id='word_1_545' title='bbox 1545 1407 1596 1436; x_wconf 80' lang='lat' dir='ltr'><strong>est,</strong></span> <span class='ocrx_word' id='word_1_546' title='bbox 1617 1402 1736 1430; x_wconf 83' lang='lat' dir='ltr'><strong>dimittat</strong></span> 
     </span>
    </p>
   </div>
   <div class='ocr_carea' id='block_1_73' title="bbox 944 1448 1734 1483">
    <p class='ocr_par' dir='ltr' id='par_1_73' title="bbox 944 1448 1734 1483">
     <span class='ocr_line' id='line_1_73' title="bbox 944 1448 1734 1483; baseline -0.003 -6"><span class='ocrx_word' id='word_1_547' title='bbox 944 1451 1015 1478; x_wconf 81' lang='lat' dir='ltr'><strong>vobis</strong></span> <span class='ocrx_word' id='word_1_548' title='bbox 1029 1450 1050 1476; x_wconf 90' lang='lat'><strong>&#39;.</strong></span> <span class='ocrx_word' id='word_1_549' title='bbox 1080 1449 1183 1476; x_wconf 86' lang='lat' dir='ltr'><strong>Deinde</strong></span> <span class='ocrx_word' id='word_1_550' title='bbox 1206 1449 1247 1476; x_wconf 91' lang='lat' dir='ltr'><strong>sic</strong></span> <span class='ocrx_word' id='word_1_551' title='bbox 1268 1448 1322 1475; x_wconf 89' lang='lat' dir='ltr'><strong>alio</strong></span> <span class='ocrx_word' id='word_1_552' title='bbox 1340 1448 1401 1475; x_wconf 88' lang='lat' dir='ltr'><strong>loco</strong></span> <span class='ocrx_word' id='word_1_553' title='bbox 1426 1448 1536 1482; x_wconf 85' lang='lat' dir='ltr'><strong>scripsit</strong></span> <span class='ocrx_word' id='word_1_554' title='bbox 1563 1449 1734 1483; x_wconf 81' lang='lat' dir='ltr'><strong>Apostolus:</strong></span> 
     </span>
    </p>
   </div>
   <div class='ocr_carea' id='block_1_74' title="bbox 944 1493 1734 1530">
    <p class='ocr_par' dir='ltr' id='par_1_74' title="bbox 944 1493 1734 1530">
     <span class='ocr_line' id='line_1_74' title="bbox 944 1493 1734 1530; baseline -0.001 -7"><span class='ocrx_word' id='word_1_555' title='bbox 944 1494 1048 1530; x_wconf 84' lang='lat' dir='ltr'><strong>Lugebo</strong></span> <span class='ocrx_word' id='word_1_556' title='bbox 1063 1494 1171 1526; x_wconf 87' lang='lat' dir='ltr'><strong>multos,</strong></span> <span class='ocrx_word' id='word_1_557' title='bbox 1191 1494 1236 1529; x_wconf 89' lang='lat' dir='ltr'><strong>qui</strong></span> <span class='ocrx_word' id='word_1_558' title='bbox 1252 1494 1279 1521; x_wconf 85' lang='lat' dir='ltr'><strong>in</strong></span> <span class='ocrx_word' id='word_1_559' title='bbox 1293 1493 1364 1521; x_wconf 69' lang='lat' dir='ltr'><strong>vobis</strong></span> <span class='ocrx_word' id='word_1_560' title='bbox 1386 1494 1534 1521; x_wconf 79' lang='lat' dir='ltr'><strong>ceciderunt</strong></span> <span class='ocrx_word' id='word_1_561' title='bbox 1549 1503 1628 1530; x_wconf 76' lang='lat' dir='ltr'><strong>neque</strong></span> <span class='ocrx_word' id='word_1_562' title='bbox 1648 1496 1734 1530; x_wconf 72' lang='lat' dir='ltr'><strong>pecni-</strong></span> 
     </span>
    </p>
   </div>
   <div class='ocr_carea' id='block_1_75' title="bbox 947 1540 1731 1576">
    <p class='ocr_par' dir='ltr' id='par_1_75' title="bbox 947 1540 1731 1576">
     <span class='ocr_line' id='line_1_75' title="bbox 947 1540 1731 1576; baseline 0 -7"><span class='ocrx_word' id='word_1_563' title='bbox 947 1542 1053 1569; x_wconf 71' lang='lat' dir='ltr'><strong>tentiam</strong></span> <span class='ocrx_word' id='word_1_564' title='bbox 1073 1545 1180 1576; x_wconf 78' lang='lat' dir='ltr'><strong>egerunt</strong></span> <span class='ocrx_word' id='word_1_565' title='bbox 1197 1541 1223 1572; x_wconf 83' lang='lat'><strong>‘,</strong></span> <span class='ocrx_word' id='word_1_566' title='bbox 1247 1543 1277 1566; x_wconf 89' lang='lat' dir='ltr'><strong>ut</strong></span> <span class='ocrx_word' id='word_1_567' title='bbox 1293 1541 1430 1571; x_wconf 81' lang='lat' dir='ltr'><strong>ostendat,</strong></span> <span class='ocrx_word' id='word_1_568' title='bbox 1450 1540 1557 1568; x_wconf 88' lang='lat' dir='ltr'><strong>tametsi</strong></span> <span class='ocrx_word' id='word_1_569' title='bbox 1571 1540 1731 1574; x_wconf 80' lang='lat' dir='ltr'><strong>ceciderint,</strong></span> 
     </span>
    </p>
   </div>
   <div class='ocr_carea' id='block_1_76' title="bbox 947 1586 1735 1623">
    <p class='ocr_par' dir='ltr' id='par_1_76' title="bbox 947 1586 1735 1623">
     <span class='ocr_line' id='line_1_76' title="bbox 947 1586 1735 1623; baseline -0.001 -8"><span class='ocrx_word' id='word_1_570' title='bbox 947 1595 979 1614; x_wconf 91' lang='lat' dir='ltr'><strong>ac</strong></span> <span class='ocrx_word' id='word_1_571' title='bbox 999 1586 1187 1623; x_wconf 66' lang='lat' dir='ltr'><strong>paenitentiam</strong></span> <span class='ocrx_word' id='word_1_572' title='bbox 1207 1586 1394 1621; x_wconf 86' lang='lat' dir='ltr'><strong>susceperint,</strong></span> <span class='ocrx_word' id='word_1_573' title='bbox 1414 1586 1521 1613; x_wconf 87' lang='lat' dir='ltr'><strong>admitti</strong></span> <span class='ocrx_word' id='word_1_574' title='bbox 1546 1586 1735 1620; x_wconf 84' lang='lat' dir='ltr'><strong>nihilominus,</strong></span> 
     </span>
    </p>
   </div>
   <div class='ocr_carea' id='block_1_77' title="bbox 947 1631 1735 1667">
    <p class='ocr_par' dir='ltr' id='par_1_77' title="bbox 947 1631 1735 1667">
     <span class='ocr_line' id='line_1_77' title="bbox 947 1631 1735 1667; baseline 0 -7"><span class='ocrx_word' id='word_1_575' title='bbox 947 1640 998 1660; x_wconf 89' lang='lat' dir='ltr'><strong>nec</strong></span> <span class='ocrx_word' id='word_1_576' title='bbox 1014 1632 1127 1661; x_wconf 90' lang='lat' dir='ltr'><strong>omnino</strong></span> <span class='ocrx_word' id='word_1_577' title='bbox 1147 1631 1234 1667; x_wconf 80' lang='lat' dir='ltr'><strong>rejici.</strong></span> <span class='ocrx_word' id='word_1_578' title='bbox 1250 1631 1330 1659; x_wconf 85' lang='lat' dir='ltr'><strong>Novit</strong></span> <span class='ocrx_word' id='word_1_579' title='bbox 1349 1632 1421 1659; x_wconf 89' lang='lat' dir='ltr'><strong>enim</strong></span> <span class='ocrx_word' id='word_1_580' title='bbox 1443 1631 1576 1660; x_wconf 89' lang='lat' dir='ltr'><strong>Dominus</strong></span> <span class='ocrx_word' id='word_1_581' title='bbox 1592 1632 1658 1667; x_wconf 85' lang='lat' dir='ltr'><strong>quid</strong></span> <span class='ocrx_word' id='word_1_582' title='bbox 1676 1633 1735 1660; x_wconf 86' lang='lat' dir='ltr'><strong>uni-</strong></span> 
     </span>
    </p>
   </div>
   <div class='ocr_carea' id='block_1_78' title="bbox 947 1679 1243 1716">
    <p class='ocr_par' dir='ltr' id='par_1_78' title="bbox 947 1679 1243 1716">
     <span class='ocr_line' id='line_1_78' title="bbox 947 1679 1243 1716; baseline -0.007 -8"><span class='ocrx_word' id='word_1_583' title='bbox 947 1680 1046 1716; x_wconf 85' lang='lat' dir='ltr'><strong>cuique</strong></span> <span class='ocrx_word' id='word_1_584' title='bbox 1061 1679 1186 1707; x_wconf 81' lang='lat' dir='ltr'><strong>facturus</strong></span> <span class='ocrx_word' id='word_1_585' title='bbox 1197 1679 1243 1707; x_wconf 86' lang='lat' dir='ltr'><strong>sit.</strong></span> 
     </span>
    </p>
   </div>
   <div class='ocr_carea' id='block_1_79' title="bbox 982 1734 1734 1771">
    <p class='ocr_par' dir='ltr' id='par_1_79' title="bbox 982 1734 1734 1771">
     <span class='ocr_line' id='line_1_79' title="bbox 982 1734 1734 1771; baseline 0 -9"><span class='ocrx_word' id='word_1_586' title='bbox 982 1735 1060 1769; x_wconf 88' lang='lat' dir='ltr'><strong>Quod</strong></span> <span class='ocrx_word' id='word_1_587' title='bbox 1077 1735 1159 1771; x_wconf 73' lang='lat' dir='ltr'><strong>igitur</strong></span> <span class='ocrx_word' id='word_1_588' title='bbox 1174 1735 1298 1763; x_wconf 85' lang='lat' dir='ltr'><strong>veritatis</strong></span> <span class='ocrx_word' id='word_1_589' title='bbox 1312 1735 1404 1771; x_wconf 79' lang='lat' dir='ltr'><strong>regula</strong></span> <span class='ocrx_word' id='word_1_590' title='bbox 1419 1734 1453 1762; x_wconf 93' lang='lat' dir='ltr'><strong>ad</strong></span> <span class='ocrx_word' id='word_1_591' title='bbox 1464 1742 1524 1762; x_wconf 90' lang='lat' dir='ltr'><strong>eam</strong></span> <span class='ocrx_word' id='word_1_592' title='bbox 1543 1742 1603 1763; x_wconf 88' lang='lat' dir='ltr'><strong>sese</strong></span> <span class='ocrx_word' id='word_1_593' title='bbox 1619 1735 1734 1762; x_wconf 78' lang='lat' dir='ltr'><strong>formam</strong></span> 
     </span>
    </p>
   </div>
   <div class='ocr_carea' id='block_1_80' title="bbox 947 1780 1735 1816">
    <p class='ocr_par' dir='ltr' id='par_1_80' title="bbox 947 1780 1735 1816">
     <span class='ocr_line' id='line_1_80' title="bbox 947 1780 1735 1816; baseline 0 -8"><span class='ocrx_word' id='word_1_594' title='bbox 947 1781 1056 1813; x_wconf 84' lang='lat' dir='ltr'><strong>habeat,</strong></span> <span class='ocrx_word' id='word_1_595' title='bbox 1069 1780 1171 1808; x_wconf 89' lang='lat' dir='ltr'><strong>nemini</strong></span> <span class='ocrx_word' id='word_1_596' title='bbox 1183 1785 1226 1808; x_wconf 88' lang='lat' dir='ltr'><strong>est</strong></span> <span class='ocrx_word' id='word_1_597' title='bbox 1241 1780 1400 1808; x_wconf 85' lang='lat' dir='ltr'><strong>obscurum.</strong></span> <span class='ocrx_word' id='word_1_598' title='bbox 1413 1780 1524 1816; x_wconf 73' lang='lat' dir='ltr'><strong>Quippe</strong></span> <span class='ocrx_word' id='word_1_599' title='bbox 1539 1785 1602 1816; x_wconf 86' lang='lat' dir='ltr'><strong>post</strong></span> <span class='ocrx_word' id='word_1_600' title='bbox 1617 1781 1735 1815; x_wconf 88' lang='lat' dir='ltr'><strong>priorem</strong></span> 
     </span>
    </p>
   </div>
   <div class='ocr_carea' id='block_1_81' title="bbox 947 1826 1734 1862">
    <p class='ocr_par' dir='ltr' id='par_1_81' title="bbox 947 1826 1734 1862">
     <span class='ocr_line' id='line_1_81' title="bbox 947 1826 1734 1862; baseline 0.001 -10"><span class='ocrx_word' id='word_1_601' title='bbox 947 1826 1145 1861; x_wconf 60' lang='lat' dir='ltr'><strong>penitentiam,</strong></span> <span class='ocrx_word' id='word_1_602' title='bbox 1161 1833 1222 1861; x_wconf 74' lang='lat' dir='ltr'><strong>qua:</strong></span> <span class='ocrx_word' id='word_1_603' title='bbox 1238 1834 1286 1862; x_wconf 89' lang='lat' dir='ltr'><strong>per</strong></span> <span class='ocrx_word' id='word_1_604' title='bbox 1304 1826 1433 1854; x_wconf 74' lang='lat' dir='ltr'><strong>secunda:</strong></span> <span class='ocrx_word' id='word_1_605' title='bbox 1451 1827 1634 1862; x_wconf 72' lang='lat' dir='ltr'><strong>generationis</strong></span> <span class='ocrx_word' id='word_1_606' title='bbox 1652 1827 1734 1854; x_wconf 91' lang='lat' dir='ltr'><strong>lotio-</strong></span> 
     </span>
    </p>
   </div>
   <div class='ocr_carea' id='block_1_82' title="bbox 947 1871 1734 1908">
    <p class='ocr_par' dir='ltr' id='par_1_82' title="bbox 947 1871 1734 1908">
     <span class='ocr_line' id='line_1_82' title="bbox 947 1871 1734 1908; baseline 0 -9"><span class='ocrx_word' id='word_1_607' title='bbox 947 1879 1008 1899; x_wconf 88' lang='lat' dir='ltr'><strong>nem</strong></span> <span class='ocrx_word' id='word_1_608' title='bbox 1019 1872 1168 1905; x_wconf 87' lang='lat' dir='ltr'><strong>obtinetur,</strong></span> <span class='ocrx_word' id='word_1_609' title='bbox 1185 1871 1212 1899; x_wconf 91' lang='lat' dir='ltr'><strong>in</strong></span> <span class='ocrx_word' id='word_1_610' title='bbox 1225 1880 1279 1907; x_wconf 86' lang='lat' dir='ltr'><strong>qua</strong></span> <span class='ocrx_word' id='word_1_611' title='bbox 1295 1872 1463 1907; x_wconf 68' lang='lat' dir='ltr'><strong>ptenitentim</strong></span> <span class='ocrx_word' id='word_1_612' title='bbox 1479 1871 1611 1900; x_wconf 85' lang='lat' dir='ltr'><strong>beneﬁcio</strong></span> <span class='ocrx_word' id='word_1_613' title='bbox 1621 1872 1734 1908; x_wconf 76' lang='lat' dir='ltr'><strong>quilibet</strong></span> 
     </span>
    </p>
   </div>
   <div class='ocr_carea' id='block_1_83' title="bbox 947 1917 1734 1953">
    <p class='ocr_par' dir='ltr' id='par_1_83' title="bbox 947 1917 1734 1953">
     <span class='ocr_line' id='line_1_83' title="bbox 947 1917 1734 1953; baseline 0 -9"><span class='ocrx_word' id='word_1_614' title='bbox 947 1922 1093 1946; x_wconf 84' lang='lat' dir='ltr'><strong>renovatus</strong></span> <span class='ocrx_word' id='word_1_615' title='bbox 1118 1921 1178 1949; x_wconf 88' lang='lat' dir='ltr'><strong>est,</strong></span> <span class='ocrx_word' id='word_1_616' title='bbox 1205 1917 1340 1953; x_wconf 86' lang='lat' dir='ltr'><strong>ejusmodi</strong></span> <span class='ocrx_word' id='word_1_617' title='bbox 1369 1918 1490 1945; x_wconf 82' lang='lat' dir='ltr'><strong>secunda</strong></span> <span class='ocrx_word' id='word_1_618' title='bbox 1514 1918 1632 1953; x_wconf 85' lang='lat' dir='ltr'><strong>amplius</strong></span> <span class='ocrx_word' id='word_1_619' title='bbox 1659 1918 1734 1945; x_wconf 85' lang='lat' dir='ltr'><strong>nulla</strong></span> 
     </span>
    </p>
   </div>
   <div class='ocr_carea' id='block_1_84' title="bbox 948 1963 1734 1999">
    <p class='ocr_par' dir='ltr' id='par_1_84' title="bbox 948 1963 1734 1999">
     <span class='ocr_line' id='line_1_84' title="bbox 948 1963 1734 1999; baseline 0 -9"><span class='ocrx_word' id='word_1_620' title='bbox 948 1963 1111 1999; x_wconf 71' lang='lat' dir='ltr'><strong>pmnitentia</strong></span> <span class='ocrx_word' id='word_1_621' title='bbox 1130 1964 1259 1998; x_wconf 86' lang='lat' dir='ltr'><strong>suppetit.</strong></span> <span class='ocrx_word' id='word_1_622' title='bbox 1273 1963 1333 1990; x_wconf 73' lang='lat' dir='ltr'><strong>Non</strong></span> <span class='ocrx_word' id='word_1_623' title='bbox 1353 1964 1425 1992; x_wconf 87' lang='lat' dir='ltr'><strong>enim</strong></span> <span class='ocrx_word' id='word_1_624' title='bbox 1440 1963 1568 1998; x_wconf 84' lang='lat' dir='ltr'><strong>baptismi</strong></span> <span class='ocrx_word' id='word_1_625' title='bbox 1580 1963 1635 1991; x_wconf 90' lang='lat' dir='ltr'><strong>duo</strong></span> <span class='ocrx_word' id='word_1_626' title='bbox 1652 1968 1734 1996; x_wconf 80' lang='lat' dir='ltr'><strong>sunt.</strong></span> 
     </span>
    </p>
   </div>
   <div class='ocr_carea' id='block_1_85' title="bbox 951 2009 1734 2044">
    <p class='ocr_par' dir='ltr' id='par_1_85' title="bbox 951 2009 1734 2044">
     <span class='ocr_line' id='line_1_85' title="bbox 951 2009 1734 2044; baseline -0.001 -7"><span class='ocrx_word' id='word_1_627' title='bbox 951 2009 998 2037; x_wconf 89' lang='lat' dir='ltr'><strong>sed</strong></span> <span class='ocrx_word' id='word_1_628' title='bbox 1014 2017 1087 2038; x_wconf 90' lang='lat' dir='ltr'><strong>unus</strong></span> <span class='ocrx_word' id='word_1_629' title='bbox 1100 2009 1242 2037; x_wconf 75' lang='lat' dir='ltr'><strong>duntaxat.</strong></span> <span class='ocrx_word' id='word_1_630' title='bbox 1258 2009 1351 2044; x_wconf 85' lang='lat' dir='ltr'><strong>Neque</strong></span> <span class='ocrx_word' id='word_1_631' title='bbox 1369 2010 1411 2037; x_wconf 89' lang='lat' dir='ltr'><strong>bis</strong></span> <span class='ocrx_word' id='word_1_632' title='bbox 1432 2009 1459 2037; x_wconf 94' lang='lat' dir='ltr'><strong>in</strong></span> <span class='ocrx_word' id='word_1_633' title='bbox 1481 2016 1592 2037; x_wconf 81' lang='lat' dir='ltr'><strong>crucem</strong></span> <span class='ocrx_word' id='word_1_634' title='bbox 1609 2009 1734 2037; x_wconf 83' lang='lat' dir='ltr'><strong>Christus</strong></span> 
     </span>
    </p>
   </div>
   <div class='ocr_carea' id='block_1_86' title="bbox 947 2055 1734 2090">
    <p class='ocr_par' dir='ltr' id='par_1_86' title="bbox 947 2055 1734 2090">
     <span class='ocr_line' id='line_1_86' title="bbox 947 2055 1734 2090; baseline 0.001 -8"><span class='ocrx_word' id='word_1_635' title='bbox 947 2060 1024 2082; x_wconf 82' lang='lat' dir='ltr'><strong>actus</strong></span> <span class='ocrx_word' id='word_1_636' title='bbox 1042 2058 1095 2086; x_wconf 86' lang='lat' dir='ltr'><strong>est.</strong></span> <span class='ocrx_word' id='word_1_637' title='bbox 1115 2055 1162 2082; x_wconf 85' lang='lat' dir='ltr'><strong>sed</strong></span> <span class='ocrx_word' id='word_1_638' title='bbox 1188 2055 1288 2087; x_wconf 81' lang='lat' dir='ltr'><strong>semel;</strong></span> <span class='ocrx_word' id='word_1_639' title='bbox 1306 2063 1361 2082; x_wconf 92' lang='lat' dir='ltr'><strong>non</strong></span> <span class='ocrx_word' id='word_1_640' title='bbox 1384 2055 1429 2082; x_wconf 88' lang='lat' dir='ltr'><strong>bis</strong></span> <span class='ocrx_word' id='word_1_641' title='bbox 1441 2055 1559 2090; x_wconf 86' lang='lat' dir='ltr'><strong>denique</strong></span> <span class='ocrx_word' id='word_1_642' title='bbox 1582 2063 1633 2090; x_wconf 87' lang='lat' dir='ltr'><strong>pro</strong></span> <span class='ocrx_word' id='word_1_643' title='bbox 1657 2056 1734 2084; x_wconf 85' lang='lat' dir='ltr'><strong>nobis</strong></span> 
     </span>
    </p>
   </div>
   <div class='ocr_carea' id='block_1_87' title="bbox 948 2099 1734 2136">
    <p class='ocr_par' dir='ltr' id='par_1_87' title="bbox 948 2099 1734 2136">
     <span class='ocr_line' id='line_1_87' title="bbox 948 2099 1734 2136; baseline 0.001 -9"><span class='ocrx_word' id='word_1_644' title='bbox 948 2104 1073 2127; x_wconf 87' lang='lat' dir='ltr'><strong>mortuus</strong></span> <span class='ocrx_word' id='word_1_645' title='bbox 1082 2103 1134 2129; x_wconf 85' lang='lat' dir='ltr'><strong>est.</strong></span> <span class='ocrx_word' id='word_1_646' title='bbox 1143 2107 1175 2127; x_wconf 87' lang='lat' dir='ltr'><strong>ac</strong></span> <span class='ocrx_word' id='word_1_647' title='bbox 1182 2100 1341 2135; x_wconf 82' lang='lat' dir='ltr'><strong>resurrexit.</strong></span> <span class='ocrx_word' id='word_1_648' title='bbox 1348 2100 1431 2136; x_wconf 66' lang='grc'><strong>498</strong></span> <span class='ocrx_word' id='word_1_649' title='bbox 1439 2099 1620 2134; x_wconf 82' lang='lat' dir='ltr'><strong>Quamobrem</strong></span> <span class='ocrx_word' id='word_1_650' title='bbox 1629 2108 1734 2128; x_wconf 82' lang='lat' dir='ltr'><strong>summa</strong></span> 
     </span>
    </p>
   </div>
   <div class='ocr_carea' id='block_1_88' title="bbox 948 2145 1728 2182">
    <p class='ocr_par' dir='ltr' id='par_1_88' title="bbox 948 2145 1728 2182">
     <span class='ocr_line' id='line_1_88' title="bbox 948 2145 1728 2182; baseline 0.003 -10"><span class='ocrx_word' id='word_1_651' title='bbox 948 2145 984 2173; x_wconf 89' lang='lat' dir='ltr'><strong>ob</strong></span> <span class='ocrx_word' id='word_1_652' title='bbox 1001 2146 1028 2173; x_wconf 91' lang='lat' dir='ltr'><strong>id</strong></span> <span class='ocrx_word' id='word_1_653' title='bbox 1043 2145 1196 2173; x_wconf 80' lang='lat' dir='ltr'><strong>adhibenda</strong></span> <span class='ocrx_word' id='word_1_654' title='bbox 1212 2146 1304 2172; x_wconf 84' lang='lat' dir='ltr'><strong>cautio</strong></span> <span class='ocrx_word' id='word_1_655' title='bbox 1317 2150 1370 2178; x_wconf 87' lang='lat' dir='ltr'><strong>est,</strong></span> <span class='ocrx_word' id='word_1_656' title='bbox 1384 2154 1429 2179; x_wconf 92' lang='lat' dir='ltr'><strong>ne,</strong></span> <span class='ocrx_word' id='word_1_657' title='bbox 1445 2146 1468 2174; x_wconf 92' lang='lat' dir='ltr'><strong>si</strong></span> <span class='ocrx_word' id='word_1_658' title='bbox 1482 2147 1508 2174; x_wconf 94' lang='lat' dir='ltr'><strong>in</strong></span> <span class='ocrx_word' id='word_1_659' title='bbox 1521 2151 1661 2182; x_wconf 84' lang='lat' dir='ltr'><strong>peccatum</strong></span> <span class='ocrx_word' id='word_1_660' title='bbox 1672 2155 1728 2182; x_wconf 86' lang='lat' dir='ltr'><strong>pru-</strong></span> 
     </span>
    </p>
   </div>
   <div class='ocr_carea' id='block_1_89' title="bbox 948 2190 1734 2226">
    <p class='ocr_par' dir='ltr' id='par_1_89' title="bbox 948 2190 1734 2226">
     <span class='ocr_line' id='line_1_89' title="bbox 948 2190 1734 2226; baseline 0.003 -8"><span class='ocrx_word' id='word_1_661' title='bbox 948 2191 1017 2226; x_wconf 88' lang='lat' dir='ltr'><strong>lapsi</strong></span> <span class='ocrx_word' id='word_1_662' title='bbox 1044 2190 1188 2222; x_wconf 81' lang='lat' dir='ltr'><strong>fuerimus,</strong></span> <span class='ocrx_word' id='word_1_663' title='bbox 1211 2191 1420 2220; x_wconf 85' lang='lat' dir='ltr'><strong>instaurationis</strong></span> <span class='ocrx_word' id='word_1_664' title='bbox 1443 2192 1517 2220; x_wconf 89' lang='lat' dir='ltr'><strong>illius</strong></span> <span class='ocrx_word' id='word_1_665' title='bbox 1536 2200 1636 2220; x_wconf 87' lang='lat' dir='ltr'><strong>corona</strong></span> <span class='ocrx_word' id='word_1_666' title='bbox 1655 2193 1734 2221; x_wconf 86' lang='lat' dir='ltr'><strong>nobis</strong></span> 
     </span>
    </p>
   </div>
   <div class='ocr_carea' id='block_1_90' title="bbox 111 2235 895 2274">
    <p class='ocr_par' dir='ltr' id='par_1_90' title="bbox 111 2238 895 2274">
     <span class='ocr_line' id='line_1_90' title="bbox 111 2238 895 2274; baseline -0.001 -8"><span class='ocrx_word' id='word_1_667' title='bbox 111 2241 139 2266; x_wconf 80' lang='grc' dir='ltr'><em>οὶ</em></span> <span class='ocrx_word' id='word_1_668' title='bbox 152 2238 344 2274; x_wconf 73' lang='grc' dir='ltr'><em>πνευματικοὶ</em></span> <span class='ocrx_word' id='word_1_669' title='bbox 359 2238 541 2273; x_wconf 74' lang='grc' dir='ltr'><em>καταρτίζετε</em></span> <span class='ocrx_word' id='word_1_670' title='bbox 556 2238 610 2265; x_wconf 80' lang='grc' dir='ltr'><em>τὸν</em></span> <span class='ocrx_word' id='word_1_671' title='bbox 623 2238 757 2266; x_wconf 82' lang='grc' dir='ltr'><em>τοιοῦτον</em></span> <span class='ocrx_word' id='word_1_672' title='bbox 767 2238 802 2265; x_wconf 80' lang='grc' dir='ltr'><em>ἐν</em></span> <span class='ocrx_word' id='word_1_673' title='bbox 813 2238 895 2265; x_wconf 79' lang='grc' dir='ltr'><em>πνεύ-</em></span> 
     </span>
    </p>
   </div>
   <div class='ocr_carea' id='block_1_91' title="bbox 947 2235 1735 2274">
    <p class='ocr_par' dir='ltr' id='par_1_91' title="bbox 951 2235 1735 2274">
     <span class='ocr_line' id='line_1_91' title="bbox 951 2235 1735 2274; baseline 0.003 -11"><span class='ocrx_word' id='word_1_674' title='bbox 951 2240 1053 2272; x_wconf 81' lang='lat' dir='ltr'><strong>pereat.</strong></span> <span class='ocrx_word' id='word_1_675' title='bbox 1070 2235 1124 2264; x_wconf 88' lang='lat' dir='ltr'><strong>Sed</strong></span> <span class='ocrx_word' id='word_1_676' title='bbox 1138 2237 1162 2265; x_wconf 90' lang='lat' dir='ltr'><strong>si</strong></span> <span class='ocrx_word' id='word_1_677' title='bbox 1174 2237 1237 2272; x_wconf 82' lang='lat' dir='ltr'><strong>quis</strong></span> <span class='ocrx_word' id='word_1_678' title='bbox 1251 2241 1341 2265; x_wconf 89' lang='lat' dir='ltr'><strong>tamen</strong></span> <span class='ocrx_word' id='word_1_679' title='bbox 1353 2238 1448 2273; x_wconf 89' lang='lat' dir='ltr'><strong>lapsus</strong></span> <span class='ocrx_word' id='word_1_680' title='bbox 1460 2238 1552 2272; x_wconf 84' lang='lat' dir='ltr'><strong>fuerit,</strong></span> <span class='ocrx_word' id='word_1_681' title='bbox 1567 2239 1697 2274; x_wconf 79' lang='lat' dir='ltr'><strong>fueritque</strong></span> <span class='ocrx_word' id='word_1_682' title='bbox 1708 2240 1735 2266; x_wconf 82' lang='lat' dir='ltr'><strong>in</strong></span> 
     </span>
    </p>
   </div>
   <div class='ocr_carea' id='block_1_92' title="bbox 112 2283 898 2320">
    <p class='ocr_par' dir='ltr' id='par_1_92' title="bbox 112 2283 898 2320">
     <span class='ocr_line' id='line_1_92' title="bbox 112 2283 898 2320; baseline 0 -9"><span class='ocrx_word' id='word_1_683' title='bbox 112 2293 180 2320; x_wconf 79' lang='grc' dir='ltr'><em>ματι</em></span> <span class='ocrx_word' id='word_1_684' title='bbox 204 2286 383 2318; x_wconf 82' lang='grc' dir='ltr'><em>πραότητος·</em></span> <span class='ocrx_word' id='word_1_685' title='bbox 410 2284 534 2311; x_wconf 81' lang='grc' dir='ltr'><em>σκοπῶν</em></span> <span class='ocrx_word' id='word_1_686' title='bbox 557 2284 700 2316; x_wconf 72' lang='grc' dir='ltr'><em>σεαυτὸν.</em></span> <span class='ocrx_word' id='word_1_687' title='bbox 718 2284 762 2319; x_wconf 78' lang='grc' dir='ltr'><em>μὴ</em></span> <span class='ocrx_word' id='word_1_688' title='bbox 787 2284 836 2311; x_wconf 76' lang='grc' dir='ltr'><em>καί</em></span> <span class='ocrx_word' id='word_1_689' title='bbox 857 2283 898 2311; x_wconf 88' lang='grc' dir='ltr'><em>σὺ</em></span> 
     </span>
    </p>
   </div>
   <div class='ocr_carea' id='block_1_93' title="bbox 112 2329 898 2366">
    <p class='ocr_par' dir='ltr' id='par_1_93' title="bbox 112 2329 898 2366">
     <span class='ocr_line' id='line_1_93' title="bbox 112 2329 898 2366; baseline -0.001 -9"><span class='ocrx_word' id='word_1_690' title='bbox 112 2330 286 2364; x_wconf 76' lang='grc' dir='ltr'><em>πειρασθῇς.</em></span> <span class='ocrx_word' id='word_1_691' title='bbox 311 2329 374 2358; x_wconf 79' lang='grc' dir='ltr'><strong>Ἐάν</strong></span> <span class='ocrx_word' id='word_1_692' title='bbox 396 2340 437 2363; x_wconf 84' lang='grc' dir='ltr'><strong>τις</strong></span> <span class='ocrx_word' id='word_1_693' title='bbox 460 2329 506 2358; x_wconf 76' lang='grc' dir='ltr'><strong>οὖν</strong></span> <span class='ocrx_word' id='word_1_694' title='bbox 529 2330 672 2366; x_wconf 80' lang='grc' dir='ltr'><strong>προληφθῇ</strong></span> <span class='ocrx_word' id='word_1_695' title='bbox 696 2329 898 2366; x_wconf 77' lang='grc' dir='ltr'><em>παραπτώματι</em></span> 
     </span>
    </p>
   </div>
   <div class='ocr_carea' id='block_1_94' title="bbox 113 2375 899 2413">
    <p class='ocr_par' dir='ltr' id='par_1_94' title="bbox 113 2375 899 2413">
     <span class='ocr_line' id='line_1_94' title="bbox 113 2375 899 2413; baseline -0.001 -10"><span class='ocrx_word' id='word_1_696' title='bbox 113 2377 142 2403; x_wconf 78' lang='grc' dir='ltr'><em>ὲν</em></span> <span class='ocrx_word' id='word_1_697' title='bbox 156 2377 204 2412; x_wconf 84' lang='grc' dir='ltr'>οἴῳ</span> <span class='ocrx_word' id='word_1_698' title='bbox 217 2377 239 2403; x_wconf 80' lang='grc' dir='ltr'>δ’</span> <span class='ocrx_word' id='word_1_699' title='bbox 252 2377 286 2404; x_wconf 75' lang='grc' dir='ltr'><em>ἂν</em></span> <span class='ocrx_word' id='word_1_700' title='bbox 301 2376 354 2413; x_wconf 79' lang='grc' dir='ltr'><strong>εῐη,</strong></span> <span class='ocrx_word' id='word_1_701' title='bbox 369 2377 541 2412; x_wconf 81' lang='grc' dir='ltr'><strong>μετανοείτω.</strong></span> <span class='ocrx_word' id='word_1_702' title='bbox 554 2376 665 2412; x_wconf 82' lang='grc' dir='ltr'><strong>Δέχεται</strong></span> <span class='ocrx_word' id='word_1_703' title='bbox 681 2376 736 2412; x_wconf 83' lang='grc' dir='ltr'><strong>γὰρ</strong></span> <span class='ocrx_word' id='word_1_704' title='bbox 747 2377 761 2402; x_wconf 94' lang='lat'><strong>6</strong></span> <span class='ocrx_word' id='word_1_705' title='bbox 771 2375 836 2407; x_wconf 82' lang='grc' dir='ltr'><strong>Θεὸς</strong></span> <span class='ocrx_word' id='word_1_706' title='bbox 849 2375 899 2410; x_wconf 83' lang='grc' dir='ltr'><em>τὴν</em></span> 
     </span>
    </p>
   </div>
   <div class='ocr_carea' id='block_1_95' title="bbox 115 2421 897 2458">
    <p class='ocr_par' dir='ltr' id='par_1_95' title="bbox 115 2421 897 2458">
     <span class='ocr_line' id='line_1_95' title="bbox 115 2421 897 2458; baseline 0 -10"><span class='ocrx_word' id='word_1_707' title='bbox 115 2423 257 2456; x_wconf 84' lang='grc' dir='ltr'><em>μετάνοιαν</em></span> <span class='ocrx_word' id='word_1_708' title='bbox 277 2423 325 2450; x_wconf 77' lang='grc' dir='ltr'><em>καὶ</em></span> <span class='ocrx_word' id='word_1_709' title='bbox 338 2422 406 2457; x_wconf 80' lang='grc' dir='ltr'><strong>μετὰ</strong></span> <span class='ocrx_word' id='word_1_710' title='bbox 422 2422 452 2449; x_wconf 82' lang='grc' dir='ltr'><strong>τὸ</strong></span> <span class='ocrx_word' id='word_1_711' title='bbox 465 2422 616 2458; x_wconf 76' lang='grc' dir='ltr'><em>βάπτισμα,</em></span> <span class='ocrx_word' id='word_1_712' title='bbox 626 2422 674 2450; x_wconf 80' lang='grc' dir='ltr'><strong>ὲάν</strong></span> <span class='ocrx_word' id='word_1_713' title='bbox 685 2431 726 2454; x_wconf 85' lang='grc' dir='ltr'><strong>τις</strong></span> <span class='ocrx_word' id='word_1_714' title='bbox 740 2421 897 2457; x_wconf 74' lang='grc' dir='ltr'><em>παραπέσῃ.</em></span> 
     </span>
    </p>
   </div>
   <div class='ocr_carea' id='block_1_96' title="bbox 114 2466 897 2503">
    <p class='ocr_par' dir='ltr' id='par_1_96' title="bbox 114 2466 897 2503">
     <span class='ocr_line' id='line_1_96' title="bbox 114 2466 897 2503; baseline 0.003 -10"><span class='ocrx_word' id='word_1_715' title='bbox 114 2466 175 2498; x_wconf 83' lang='grc' dir='ltr'><strong>Πῶς</strong></span> <span class='ocrx_word' id='word_1_716' title='bbox 194 2466 224 2493; x_wconf 77' lang='grc' dir='ltr'>δὲ</span> <span class='ocrx_word' id='word_1_717' title='bbox 244 2467 312 2502; x_wconf 81' lang='grc' dir='ltr'><strong>μετὰ</strong></span> <span class='ocrx_word' id='word_1_718' title='bbox 336 2467 415 2494; x_wconf 79' lang='grc' dir='ltr'>τοῦτο</span> <span class='ocrx_word' id='word_1_719' title='bbox 438 2469 534 2499; x_wconf 79' lang='grc' dir='ltr'><em>ποιεῖν,</em></span> <span class='ocrx_word' id='word_1_720' title='bbox 557 2467 638 2499; x_wconf 83' lang='grc' dir='ltr'><strong>αὐτὸς</strong></span> <span class='ocrx_word' id='word_1_721' title='bbox 657 2467 736 2503; x_wconf 81' lang='grc' dir='ltr'>μόνος</span> <span class='ocrx_word' id='word_1_722' title='bbox 758 2466 897 2502; x_wconf 82' lang='grc' dir='ltr'><em>γινώσκει.</em></span> 
     </span>
    </p>
   </div>
   <div class='ocr_carea' id='block_1_97' title="bbox 119 2512 899 2549">
    <p class='ocr_par' dir='ltr' id='par_1_97' title="bbox 119 2512 899 2549">
     <span class='ocr_line' id='line_1_97' title="bbox 119 2512 899 2549; baseline 0.001 -10"><span class='ocrx_word' id='word_1_723' title='bbox 119 2512 344 2547; x_wconf 77' lang='grc' dir='ltr'><strong>Ἀνεξερεύνητα</strong></span> <span class='ocrx_word' id='word_1_724' title='bbox 354 2513 408 2549; x_wconf 84' lang='grc' dir='ltr'><strong>γὰρ</strong></span> <span class='ocrx_word' id='word_1_725' title='bbox 422 2512 457 2540; x_wconf 82' lang='grc' dir='ltr'><em>τὰ</em></span> <span class='ocrx_word' id='word_1_726' title='bbox 477 2513 604 2548; x_wconf 81' lang='grc' dir='ltr'><em>κρίματα</em></span> <span class='ocrx_word' id='word_1_727' title='bbox 621 2513 725 2546; x_wconf 85' lang='grc' dir='ltr'><em>αὐτοῦ,</em></span> <span class='ocrx_word' id='word_1_728' title='bbox 747 2513 796 2540; x_wconf 74' lang='grc' dir='ltr'><em>καί</em></span> <span class='ocrx_word' id='word_1_729' title='bbox 813 2513 899 2545; x_wconf 80' lang='grc' dir='ltr'><em>ἀνεξ-</em></span> 
     </span>
    </p>
   </div>
   <div class='ocr_carea' id='block_1_98' title="bbox 113 2558 901 2595">
    <p class='ocr_par' dir='ltr' id='par_1_98' title="bbox 113 2558 901 2595">
     <span class='ocr_line' id='line_1_98' title="bbox 113 2558 901 2595; baseline 0 -11"><span class='ocrx_word' id='word_1_730' title='bbox 113 2558 262 2592; x_wconf 79' lang='grc' dir='ltr'><em>ιχνίαστοι</em></span> <span class='ocrx_word' id='word_1_731' title='bbox 277 2560 307 2586; x_wconf 78' lang='lat' dir='ltr'><strong>at</strong></span> <span class='ocrx_word' id='word_1_732' title='bbox 327 2558 391 2586; x_wconf 74' lang='grc' dir='ltr'><strong>ὁδοὶ</strong></span> <span class='ocrx_word' id='word_1_733' title='bbox 409 2558 520 2585; x_wconf 83' lang='grc' dir='ltr'><em>αὑτοῦ·</em></span> <span class='ocrx_word' id='word_1_734' title='bbox 549 2559 597 2585; x_wconf 79' lang='grc' dir='ltr'><em>καὶ</em></span> <span class='ocrx_word' id='word_1_735' title='bbox 619 2558 673 2594; x_wconf 82' lang='grc' dir='ltr'><em>πρὸ</em></span> <span class='ocrx_word' id='word_1_736' title='bbox 689 2559 738 2592; x_wconf 84' lang='grc' dir='ltr'><strong>τῆς</strong></span> <span class='ocrx_word' id='word_1_737' title='bbox 751 2559 901 2595; x_wconf 82' lang='grc' dir='ltr'>παρουσίας</span> 
     </span>
    </p>
   </div>
   <div class='ocr_carea' id='block_1_99' title="bbox 113 2604 901 2640">
    <p class='ocr_par' dir='ltr' id='par_1_99' title="bbox 113 2604 901 2640">
     <span class='ocr_line' id='line_1_99' title="bbox 113 2604 901 2640; baseline 0.003 -10"><span class='ocrx_word' id='word_1_738' title='bbox 113 2604 142 2630; x_wconf 81' lang='grc' dir='ltr'>οὐ</span> <span class='ocrx_word' id='word_1_739' title='bbox 156 2604 197 2631; x_wconf 83' lang='grc' dir='ltr'>δεῖ</span> <span class='ocrx_word' id='word_1_740' title='bbox 208 2604 310 2640; x_wconf 79' lang='grc' dir='ltr'><em>κρίνειν</em></span> <span class='ocrx_word' id='word_1_741' title='bbox 318 2613 325 2620; x_wconf 91' lang='grc'><strong>·</strong></span> <span class='ocrx_word' id='word_1_742' title='bbox 343 2605 420 2638; x_wconf 80' lang='grc' dir='ltr'><em>Ἕως</em></span> <span class='ocrx_word' id='word_1_743' title='bbox 430 2604 469 2632; x_wconf 76' lang='grc' dir='ltr'><em>ἂν</em></span> <span class='ocrx_word' id='word_1_744' title='bbox 479 2605 553 2639; x_wconf 72' lang='grc' dir='ltr'><strong>ἔλθῃ</strong></span> <span class='ocrx_word' id='word_1_745' title='bbox 566 2606 583 2632; x_wconf 82' lang='grc' dir='ltr'><em>ό</em></span> <span class='ocrx_word' id='word_1_746' title='bbox 594 2605 710 2639; x_wconf 82' lang='grc' dir='ltr'><em>Κύριος,</em></span> <span class='ocrx_word' id='word_1_747' title='bbox 723 2605 758 2638; x_wconf 81' lang='grc' dir='ltr'><strong>ὓς</strong></span> <span class='ocrx_word' id='word_1_748' title='bbox 768 2605 817 2632; x_wconf 81' lang='grc' dir='ltr'><em>καὶ</em></span> <span class='ocrx_word' id='word_1_749' title='bbox 830 2606 901 2633; x_wconf 79' lang='grc' dir='ltr'><em>ἁπο-</em></span> 
     </span>
    </p>
   </div>
   <div class='ocr_carea' id='block_1_100' title="bbox 113 2649 901 2684">
    <p class='ocr_par' dir='ltr' id='par_1_100' title="bbox 113 2649 901 2684">
     <span class='ocr_line' id='line_1_100' title="bbox 113 2649 901 2684; baseline 0.001 -8"><span class='ocrx_word' id='word_1_750' title='bbox 113 2650 242 2683; x_wconf 55' lang='lat' dir='ltr'><strong>meo“</strong></span> <span class='ocrx_word' id='word_1_751' title='bbox 264 2649 301 2676; x_wconf 75' lang='grc' dir='ltr'><em>τὰ</em></span> <span class='ocrx_word' id='word_1_752' title='bbox 327 2650 488 2684; x_wconf 72' lang='grc' dir='ltr'><em>ἀπόκρυφα</em></span> <span class='ocrx_word' id='word_1_753' title='bbox 513 2650 568 2684; x_wconf 85' lang='grc' dir='ltr'><strong>τῆς</strong></span> <span class='ocrx_word' id='word_1_754' title='bbox 593 2649 725 2683; x_wconf 83' lang='grc' dir='ltr'><em>καρδίας.</em></span> <span class='ocrx_word' id='word_1_755' title='bbox 750 2650 805 2677; x_wconf 70' lang='grc' dir='ltr'><strong>Καὶ</strong></span> <span class='ocrx_word' id='word_1_756' title='bbox 835 2651 901 2677; x_wconf 80' lang='grc' dir='ltr'><em>τότε</em></span> 
     </span>
    </p>
   </div>
   <div class='ocr_carea' id='block_1_101' title="bbox 112 2695 900 2731">
    <p class='ocr_par' dir='ltr' id='par_1_101' title="bbox 112 2695 900 2731">
     <span class='ocr_line' id='line_1_101' title="bbox 112 2695 900 2731; baseline 0 -9"><span class='ocrx_word' id='word_1_757' title='bbox 112 2695 233 2729; x_wconf 69' lang='grc' dir='ltr'><em>ἔπαινος</em></span> <span class='ocrx_word' id='word_1_758' title='bbox 266 2695 397 2723; x_wconf 75' lang='grc' dir='ltr'><em>ἑκάστου</em></span> <span class='ocrx_word' id='word_1_759' title='bbox 430 2695 559 2730; x_wconf 75' lang='grc' dir='ltr'><em>φανερὸς</em></span> <span class='ocrx_word' id='word_1_760' title='bbox 585 2695 753 2731; x_wconf 64' lang='grc' dir='ltr'><em>γενήσεται.</em></span> <span class='ocrx_word' id='word_1_761' title='bbox 785 2696 816 2722; x_wconf 83' lang='grc' dir='ltr'><strong><em>Ἠ</em></strong></span> <span class='ocrx_word' id='word_1_762' title='bbox 844 2695 900 2730; x_wconf 81' lang='grc' dir='ltr'><em>γὰρ</em></span> 
     </span>
    </p>
   </div>
   <div class='ocr_carea' id='block_1_102' title="bbox 950 2283 1734 2319">
    <p class='ocr_par' dir='ltr' id='par_1_102' title="bbox 950 2283 1734 2319">
     <span class='ocr_line' id='line_1_102' title="bbox 950 2283 1734 2319; baseline 0.001 -9"><span class='ocrx_word' id='word_1_763' title='bbox 950 2283 1039 2318; x_wconf 86' lang='lat' dir='ltr'><strong>aliquo</strong></span> <span class='ocrx_word' id='word_1_764' title='bbox 1055 2283 1161 2316; x_wconf 78' lang='lat' dir='ltr'><strong>delicto,</strong></span> <span class='ocrx_word' id='word_1_765' title='bbox 1173 2287 1204 2310; x_wconf 90' lang='lat' dir='ltr'><strong>ut</strong></span> <span class='ocrx_word' id='word_1_766' title='bbox 1218 2283 1367 2319; x_wconf 85' lang='lat' dir='ltr'><strong>Apostolus</strong></span> <span class='ocrx_word' id='word_1_767' title='bbox 1382 2284 1512 2319; x_wconf 88' lang='lat' dir='ltr'><strong>loquitur,</strong></span> <span class='ocrx_word' id='word_1_768' title='bbox 1527 2289 1734 2319; x_wconf 77' lang='lat' dir='ltr'><strong>prwoceupatus,</strong></span> 
     </span>
    </p>
   </div>
   <div class='ocr_carea' id='block_1_103' title="bbox 948 2329 1734 2365">
    <p class='ocr_par' dir='ltr' id='par_1_103' title="bbox 948 2329 1734 2365">
     <span class='ocr_line' id='line_1_103' title="bbox 948 2329 1734 2365; baseline 0.003 -9"><span class='ocrx_word' id='word_1_769' title='bbox 948 2338 992 2357; x_wconf 76' lang='lat' dir='ltr'><strong>ros</strong></span> <span class='ocrx_word' id='word_1_770' title='bbox 1009 2330 1054 2364; x_wconf 86' lang='lat' dir='ltr'><strong>qui</strong></span> <span class='ocrx_word' id='word_1_771' title='bbox 1069 2329 1285 2364; x_wconf 73' lang='lat' dir='ltr'><strong>spiritales‘estis,</strong></span> <span class='ocrx_word' id='word_1_772' title='bbox 1301 2329 1432 2365; x_wconf 74' lang='lat' dir='ltr'><strong>ejusmodi</strong></span> <span class='ocrx_word' id='word_1_773' title='bbox 1450 2331 1574 2358; x_wconf 80' lang='lat' dir='ltr'><strong>instruile</strong></span> <span class='ocrx_word' id='word_1_774' title='bbox 1593 2331 1620 2357; x_wconf 84' lang='lat' dir='ltr'><strong>in</strong></span> <span class='ocrx_word' id='word_1_775' title='bbox 1640 2331 1734 2365; x_wconf 70' lang='lat' dir='ltr'><strong>spiritu</strong></span> 
     </span>
    </p>
   </div>
   <div class='ocr_carea' id='block_1_104' title="bbox 947 2374 1735 2410">
    <p class='ocr_par' dir='ltr' id='par_1_104' title="bbox 947 2374 1735 2410">
     <span class='ocr_line' id='line_1_104' title="bbox 947 2374 1735 2410; baseline 0.003 -9"><span class='ocrx_word' id='word_1_776' title='bbox 947 2375 1076 2406; x_wconf 81' lang='lat' dir='ltr'><strong>lenitatis,</strong></span> <span class='ocrx_word' id='word_1_777' title='bbox 1091 2374 1262 2402; x_wconf 75' lang='lat' dir='ltr'><strong>considerans</strong></span> <span class='ocrx_word' id='word_1_778' title='bbox 1274 2377 1449 2410; x_wconf 81' lang='lat' dir='ltr'><strong>temetipsum,</strong></span> <span class='ocrx_word' id='word_1_779' title='bbox 1465 2384 1497 2403; x_wconf 84' lang='lat' dir='ltr'><strong>ue</strong></span> <span class='ocrx_word' id='word_1_780' title='bbox 1510 2380 1536 2402; x_wconf 83' lang='lat' dir='ltr'><strong>et</strong></span> <span class='ocrx_word' id='word_1_781' title='bbox 1551 2381 1579 2402; x_wconf 77' lang='lat' dir='ltr'><strong>tu</strong></span> <span class='ocrx_word' id='word_1_782' title='bbox 1594 2377 1702 2403; x_wconf 82' lang='lat' dir='ltr'><strong>tenteris</strong></span> <span class='ocrx_word' id='word_1_783' title='bbox 1713 2377 1735 2404; x_wconf 90' lang='grc'><strong>⁷.</strong></span> 
     </span>
    </p>
   </div>
   <div class='ocr_carea' id='block_1_105' title="bbox 947 2421 1736 2458">
    <p class='ocr_par' dir='ltr' id='par_1_105' title="bbox 947 2421 1736 2458">
     <span class='ocr_line' id='line_1_105' title="bbox 947 2421 1736 2458; baseline 0.003 -10"><span class='ocrx_word' id='word_1_784' title='bbox 947 2421 1082 2454; x_wconf 83' lang='lat' dir='ltr'><strong>Quocirca</strong></span> <span class='ocrx_word' id='word_1_785' title='bbox 1101 2421 1124 2448; x_wconf 84' lang='lat' dir='ltr'><strong>si</strong></span> <span class='ocrx_word' id='word_1_786' title='bbox 1133 2421 1195 2456; x_wconf 86' lang='lat' dir='ltr'><strong>quis</strong></span> <span class='ocrx_word' id='word_1_787' title='bbox 1203 2426 1315 2457; x_wconf 89' lang='lat' dir='ltr'><strong>peccato</strong></span> <span class='ocrx_word' id='word_1_788' title='bbox 1321 2422 1423 2457; x_wconf 87' lang='lat' dir='ltr'><strong>aliquo,</strong></span> <span class='ocrx_word' id='word_1_789' title='bbox 1435 2422 1617 2458; x_wconf 84' lang='lat' dir='ltr'><strong>quodcunque</strong></span> <span class='ocrx_word' id='word_1_790' title='bbox 1625 2423 1736 2450; x_wconf 85' lang='lat' dir='ltr'><strong>demum</strong></span> 
     </span>
    </p>
   </div>
   <div class='ocr_carea' id='block_1_106' title="bbox 948 2468 1735 2505">
    <p class='ocr_par' dir='ltr' id='par_1_106' title="bbox 948 2468 1735 2505">
     <span class='ocr_line' id='line_1_106' title="bbox 948 2468 1735 2505; baseline 0.005 -11"><span class='ocrx_word' id='word_1_791' title='bbox 948 2468 1014 2495; x_wconf 86' lang='lat' dir='ltr'><strong>illud</strong></span> <span class='ocrx_word' id='word_1_792' title='bbox 1037 2468 1083 2501; x_wconf 87' lang='lat' dir='ltr'><strong>sit,</strong></span> <span class='ocrx_word' id='word_1_793' title='bbox 1107 2472 1258 2504; x_wconf 92' lang='lat' dir='ltr'><strong>occupatus</strong></span> <span class='ocrx_word' id='word_1_794' title='bbox 1273 2468 1373 2501; x_wconf 83' lang='lat' dir='ltr'><strong>fuerit,</strong></span> <span class='ocrx_word' id='word_1_795' title='bbox 1395 2469 1477 2503; x_wconf 87' lang='lat' dir='ltr'><strong>hujus</strong></span> <span class='ocrx_word' id='word_1_796' title='bbox 1498 2468 1574 2497; x_wconf 91' lang='lat' dir='ltr'><strong>illum</strong></span> <span class='ocrx_word' id='word_1_797' title='bbox 1593 2470 1735 2505; x_wconf 75' lang='lat' dir='ltr'><strong>pmniteat.</strong></span> 
     </span>
    </p>
   </div>
   <div class='ocr_carea' id='block_1_107' title="bbox 947 2513 1735 2551">
    <p class='ocr_par' dir='ltr' id='par_1_107' title="bbox 947 2513 1735 2551">
     <span class='ocr_line' id='line_1_107' title="bbox 947 2513 1735 2551; baseline 0.004 -10"><span class='ocrx_word' id='word_1_798' title='bbox 947 2513 1140 2542; x_wconf 62' lang='lat' dir='ltr'><strong>Paenitentiam</strong></span> <span class='ocrx_word' id='word_1_799' title='bbox 1150 2514 1223 2542; x_wconf 92' lang='lat' dir='ltr'><strong>enim</strong></span> <span class='ocrx_word' id='word_1_800' title='bbox 1236 2514 1279 2542; x_wconf 88' lang='lat' dir='ltr'><strong>vel</strong></span> <span class='ocrx_word' id='word_1_801' title='bbox 1290 2519 1352 2550; x_wconf 84' lang='lat' dir='ltr'><strong>post</strong></span> <span class='ocrx_word' id='word_1_802' title='bbox 1368 2514 1533 2550; x_wconf 86' lang='lat' dir='ltr'><strong>baptismum</strong></span> <span class='ocrx_word' id='word_1_803' title='bbox 1542 2516 1643 2551; x_wconf 88' lang='lat' dir='ltr'><strong>accipit</strong></span> <span class='ocrx_word' id='word_1_804' title='bbox 1652 2516 1735 2549; x_wconf 81' lang='lat' dir='ltr'><strong>Deus,</strong></span> 
     </span>
    </p>
   </div>
   <div class='ocr_carea' id='block_1_108' title="bbox 948 2559 1735 2596">
    <p class='ocr_par' dir='ltr' id='par_1_108' title="bbox 948 2559 1735 2596">
     <span class='ocr_line' id='line_1_108' title="bbox 948 2559 1735 2596; baseline 0.003 -10"><span class='ocrx_word' id='word_1_805' title='bbox 948 2559 972 2586; x_wconf 88' lang='lat' dir='ltr'><strong>si</strong></span> <span class='ocrx_word' id='word_1_806' title='bbox 986 2559 1049 2594; x_wconf 86' lang='lat' dir='ltr'><strong>quis</strong></span> <span class='ocrx_word' id='word_1_807' title='bbox 1061 2559 1132 2587; x_wconf 80' lang='lat' dir='ltr'><strong>forte</strong></span> <span class='ocrx_word' id='word_1_808' title='bbox 1143 2559 1299 2594; x_wconf 87' lang='lat' dir='ltr'><strong>deliquerit.</strong></span> <span class='ocrx_word' id='word_1_809' title='bbox 1313 2559 1384 2593; x_wconf 90' lang='lat' dir='ltr'><strong>Quid</strong></span> <span class='ocrx_word' id='word_1_810' title='bbox 1396 2564 1486 2587; x_wconf 86' lang='lat' dir='ltr'><strong>autem</strong></span> <span class='ocrx_word' id='word_1_811' title='bbox 1499 2561 1630 2596; x_wconf 85' lang='lat' dir='ltr'><strong>deinceps</strong></span> <span class='ocrx_word' id='word_1_812' title='bbox 1642 2561 1735 2594; x_wconf 82' lang='lat' dir='ltr'><strong>iaciat,</strong></span> 
     </span>
    </p>
   </div>
   <div class='ocr_carea' id='block_1_109' title="bbox 949 2605 1734 2642">
    <p class='ocr_par' dir='ltr' id='par_1_109' title="bbox 949 2605 1734 2642">
     <span class='ocr_line' id='line_1_109' title="bbox 949 2605 1734 2642; baseline 0.003 -10"><span class='ocrx_word' id='word_1_813' title='bbox 949 2606 1025 2633; x_wconf 86' lang='lat' dir='ltr'><strong>solus</strong></span> <span class='ocrx_word' id='word_1_814' title='bbox 1041 2606 1099 2640; x_wconf 88' lang='lat' dir='ltr'><strong>ipse</strong></span> <span class='ocrx_word' id='word_1_815' title='bbox 1110 2606 1196 2633; x_wconf 88' lang='lat' dir='ltr'><strong>novit.</strong></span> <span class='ocrx_word' id='word_1_816' title='bbox 1218 2605 1409 2633; x_wconf 82' lang='lat' dir='ltr'><strong>Inscrutabilia</strong></span> <span class='ocrx_word' id='word_1_817' title='bbox 1425 2607 1561 2642; x_wconf 79' lang='lat' dir='ltr'><strong>siquidem</strong></span> <span class='ocrx_word' id='word_1_818' title='bbox 1576 2607 1650 2634; x_wconf 83' lang='lat' dir='ltr'><strong>illius</strong></span> <span class='ocrx_word' id='word_1_819' title='bbox 1661 2607 1734 2642; x_wconf 84' lang='lat' dir='ltr'><strong>judi-</strong></span> 
     </span>
    </p>
   </div>
   <div class='ocr_carea' id='block_1_110' title="bbox 949 2652 1735 2687">
    <p class='ocr_par' dir='ltr' id='par_1_110' title="bbox 949 2652 1735 2687">
     <span class='ocr_line' id='line_1_110' title="bbox 949 2652 1735 2687; baseline 0.003 -9"><span class='ocrx_word' id='word_1_820' title='bbox 949 2652 990 2678; x_wconf 82' lang='lat' dir='ltr'><strong>cia</strong></span> <span class='ocrx_word' id='word_1_821' title='bbox 1003 2655 1075 2684; x_wconf 88' lang='lat' dir='ltr'><strong>sunt,</strong></span> <span class='ocrx_word' id='word_1_822' title='bbox 1090 2655 1115 2679; x_wconf 86' lang='lat' dir='ltr'><strong>et</strong></span> <span class='ocrx_word' id='word_1_823' title='bbox 1128 2652 1322 2686; x_wconf 77' lang='lat' dir='ltr'><strong>inuestigabites</strong></span> <span class='ocrx_word' id='word_1_824' title='bbox 1335 2653 1384 2680; x_wconf 70' lang='lat' dir='ltr'><strong>vita</strong></span> <span class='ocrx_word' id='word_1_825' title='bbox 1398 2653 1456 2687; x_wconf 81' lang='lat' dir='ltr'><strong>ejus</strong></span> <span class='ocrx_word' id='word_1_826' title='bbox 1469 2653 1496 2686; x_wconf 75' lang='grc' dir='ltr'><strong>’ς</strong></span> <span class='ocrx_word' id='word_1_827' title='bbox 1515 2661 1566 2680; x_wconf 87' lang='lat' dir='ltr'><strong>nec</strong></span> <span class='ocrx_word' id='word_1_828' title='bbox 1580 2657 1643 2681; x_wconf 85' lang='lat' dir='ltr'><strong>ante</strong></span> <span class='ocrx_word' id='word_1_829' title='bbox 1662 2653 1735 2680; x_wconf 83' lang='lat' dir='ltr'><strong>illius</strong></span> 
     </span>
    </p>
   </div>
   <div class='ocr_carea' id='block_1_111' title="bbox 949 2697 1734 2734">
    <p class='ocr_par' dir='ltr' id='par_1_111' title="bbox 949 2697 1734 2734">
     <span class='ocr_line' id='line_1_111' title="bbox 949 2697 1734 2734; baseline 0.001 -10"><span class='ocrx_word' id='word_1_830' title='bbox 949 2697 1096 2725; x_wconf 69' lang='lat' dir='ltr'><strong>adventum</strong></span> <span class='ocrx_word' id='word_1_831' title='bbox 1106 2697 1230 2732; x_wconf 82' lang='lat' dir='ltr'><strong>judicare</strong></span> <span class='ocrx_word' id='word_1_832' title='bbox 1238 2705 1403 2734; x_wconf 82' lang='lat' dir='ltr'><strong>queinquam</strong></span> <span class='ocrx_word' id='word_1_833' title='bbox 1415 2703 1538 2734; x_wconf 87' lang='lat' dir='ltr'><strong>oportet:</strong></span> <span class='ocrx_word' id='word_1_834' title='bbox 1551 2698 1639 2726; x_wconf 84' lang='lat' dir='ltr'><strong>Donec</strong></span> <span class='ocrx_word' id='word_1_835' title='bbox 1650 2699 1734 2726; x_wconf 80' lang='lat' dir='ltr'><strong>veniat</strong></span> 
     </span>
    </p>
   </div>
   <div class='ocr_carea' id='block_1_112' title="bbox 151 2818 1733 2856">
    <p class='ocr_par' dir='ltr' id='par_1_112' title="bbox 151 2818 1733 2856">
     <span class='ocr_line' id='line_1_112' title="bbox 151 2818 1733 2856; baseline 0.001 -11"><span class='ocrx_word' id='word_1_836' title='bbox 151 2818 264 2856; x_wconf 56' lang='lat' dir='ltr'><strong>{[Cor.</strong></span> <span class='ocrx_word' id='word_1_837' title='bbox 281 2819 374 2856; x_wconf 48' lang='lat' dir='ltr'><strong>vin};</strong></span> <span class='ocrx_word' id='word_1_838' title='bbox 389 2818 399 2847; x_wconf 91' lang='lat' dir='ltr'><strong>l</strong></span> <span class='ocrx_word' id='word_1_839' title='bbox 414 2819 486 2856; x_wconf 78' lang='lat' dir='ltr'><strong>Tim.</strong></span> <span class='ocrx_word' id='word_1_840' title='bbox 501 2828 528 2851; x_wconf 87' lang='lat' dir='ltr'><strong>v,</strong></span> <span class='ocrx_word' id='word_1_841' title='bbox 546 2819 590 2847; x_wconf 70' lang='lat' dir='ltr'><strong>tt.</strong></span> <span class='ocrx_word' id='word_1_842' title='bbox 626 2820 640 2856; x_wconf 18' lang='grc' dir='ltr'><strong>γ’</strong></span> <span class='ocrx_word' id='word_1_843' title='bbox 657 2820 666 2847; x_wconf 95' lang='lat' dir='ltr'><strong>l</strong></span> <span class='ocrx_word' id='word_1_844' title='bbox 682 2819 746 2856; x_wconf 71' lang='lat' dir='ltr'><strong>(lor.</strong></span> <span class='ocrx_word' id='word_1_845' title='bbox 758 2827 785 2852; x_wconf 84' lang='lat' dir='ltr'><strong>v,</strong></span> <span class='ocrx_word' id='word_1_846' title='bbox 797 2818 823 2846; x_wconf 85' lang='lat'><strong>5.</strong></span> <span class='ocrx_word' id='word_1_847' title='bbox 859 2818 980 2856; x_wconf 25' lang='lat' dir='ltr'><strong>fillCor.</strong></span> <span class='ocrx_word' id='word_1_848' title='bbox 997 2828 1028 2853; x_wconf 88' lang='grc' dir='ltr'><strong>ιι,</strong></span> <span class='ocrx_word' id='word_1_849' title='bbox 1054 2820 1068 2846; x_wconf 86' lang='grc'><strong>7</strong></span> <span class='ocrx_word' id='word_1_850' title='bbox 1090 2825 1117 2848; x_wconf 75' lang='lat' dir='ltr'><strong>et</strong></span> <span class='ocrx_word' id='word_1_851' title='bbox 1132 2821 1160 2848; x_wconf 82' lang='lat'><strong>8.</strong></span> <span class='ocrx_word' id='word_1_852' title='bbox 1199 2821 1211 2837; x_wconf 78' lang='grc'><strong>⁸</strong></span> <span class='ocrx_word' id='word_1_853' title='bbox 1230 2818 1297 2849; x_wconf 79' lang='lat' dir='ltr'><strong>ibid.</strong></span> <span class='ocrx_word' id='word_1_854' title='bbox 1317 2822 1360 2856; x_wconf 86' lang='lat' dir='ltr'><strong>lo,</strong></span> <span class='ocrx_word' id='word_1_855' title='bbox 1379 2822 1421 2850; x_wconf 80' lang='lat' dir='ltr'><strong>tl.</strong></span> <span class='ocrx_word' id='word_1_856' title='bbox 1461 2822 1471 2838; x_wconf 88' lang='lat'><strong>&#39;</strong></span> <span class='ocrx_word' id='word_1_857' title='bbox 1491 2821 1586 2849; x_wconf 72' lang='lat' dir='ltr'><strong>Matth.</strong></span> <span class='ocrx_word' id='word_1_858' title='bbox 1618 2828 1656 2850; x_wconf 70' lang='lat' dir='ltr'><strong>vr.</strong></span> <span class='ocrx_word' id='word_1_859' title='bbox 1690 2818 1733 2846; x_wconf 69' lang='lat' dir='ltr'><strong>ﬂ.</strong></span> 
     </span>
    </p>
   </div>
   <div class='ocr_carea' id='block_1_113' title="bbox 113 2851 903 2888">
    <p class='ocr_par' dir='ltr' id='par_1_113' title="bbox 113 2851 903 2888">
     <span class='ocr_line' id='line_1_113' title="bbox 113 2851 903 2888; baseline 0.004 -8"><span class='ocrx_word' id='word_1_860' title='bbox 113 2851 126 2870; x_wconf 83' lang='grc'><strong><em>⁸</em></strong></span> <span class='ocrx_word' id='word_1_861' title='bbox 140 2852 162 2880; x_wconf 87' lang='lat' dir='ltr'><strong>ll</strong></span> <span class='ocrx_word' id='word_1_862' title='bbox 177 2853 241 2881; x_wconf 86' lang='lat' dir='ltr'><strong>Cor.</strong></span> <span class='ocrx_word' id='word_1_863' title='bbox 259 2862 308 2886; x_wconf 85' lang='lat' dir='ltr'><strong>xtl.</strong></span> <span class='ocrx_word' id='word_1_864' title='bbox 328 2851 374 2883; x_wconf 75' lang='lat' dir='ltr'><strong>2i.</strong></span> <span class='ocrx_word' id='word_1_865' title='bbox 422 2857 432 2872; x_wconf 84' lang='lat'>&#39;</span> <span class='ocrx_word' id='word_1_866' title='bbox 450 2855 538 2882; x_wconf 84' lang='lat' dir='ltr'><strong>Galat.</strong></span> <span class='ocrx_word' id='word_1_867' title='bbox 555 2863 594 2887; x_wconf 87' lang='lat' dir='ltr'><strong>vt,</strong></span> <span class='ocrx_word' id='word_1_868' title='bbox 623 2855 646 2882; x_wconf 85' lang='grc'><strong>1.</strong></span> <span class='ocrx_word' id='word_1_869' title='bbox 692 2854 794 2882; x_wconf 67' lang='lat' dir='ltr'><strong>“Rom.</strong></span> <span class='ocrx_word' id='word_1_870' title='bbox 809 2863 845 2888; x_wconf 84' lang='lat' dir='ltr'><strong>xi,</strong></span> <span class='ocrx_word' id='word_1_871' title='bbox 859 2854 903 2883; x_wconf 77' lang='lat'><strong>55.</strong></span> 
     </span>
    </p>
   </div>
  </div>
