1958 3050
208 132 276 160 M27

914 128 945 159 S.
966 128 1141 159 EPIPIIANII

1773 129 1857 157 £028.

210 201 348 233 (tenuimus,
363 201 410 236 qui
422 206 446 228 et
460 200 584 228 reuelabit
597 199 753 227 abscondita
766 198 864 227 cordis.
881 198 916 226 Et
934 204 997 226 tunc

1052 201 1145 235 ἡμέρα
1175 201 1328 235 δηλώσει,
1353 199 1398 228 ὅτι
1426 201 1461 228 ἐν
1489 198 1561 234 πυρί
1587 197 1848 227 ἀπαιῖὐπτεται.

207 247 266 274 laus
282 245 486 281 uniuscujusque
498 245 640 280 manifesta
658 249 708 272 mt
718 247 738 272 '.
749 245 811 272 Dies
827 245 895 271 enim
905 245 1063 278 declarabit,
1076 247 1201 281 quoniam
1214 247 1241 274 in
1252 248 1311 282 igne
1325 247 1486 274 revelabitur
1503 247 1525 274 '.

244 294 287 322 VI.
307 294 375 327 Quae
395 302 458 322 cum
476 294 514 320 ita
533 294 599 326 sint,
616 301 703 329 neque
720 293 873 321 libertatem
889 293 924 320 iis
938 300 998 320 om-

208 340 275 368 nino
290 340 336 375 qui
356 343 419 376 post
438 339 605 374 baptismum
622 338 799 375 deliquerint,
814 337 998 370 ostendimus,

207 394 298 422 neque
315 386 370 414 illis
385 393 461 422 spem
477 384 575 413 salutis
586 384 729 420 eripimus.
750 383 906 412 Misericors
925 383 998 412 enim

208 432 281 460 Deus
299 435 341 460 est
357 436 385 459 et
411 431 564 466 benignus,
584 438 617 458 ac
640 435 778 466 receptum
801 430 999 466 pmnitentihus

209 479 333 506 indulsit.
365 478 405 505 Ac
432 477 510 513 prius
534 477 646 512 quidem
677 481 718 505 est
746 477 933 504 manifestum.
961 475 999 504 De

208 523 331 552 secundo
352 531 418 551 vero
445 523 512 550 illud
541 523 680 554 novimus.
709 523 915 550 misericordem
936 530 999 550 esse

209 569 305 601 Deum,
326 570 350 597 si
368 577 419 597 nos
436 577 470 597 ex
492 570 585 597 animo
600 574 776 605 peccatorum
795 569 938 605 pteniteat.
954 568 1000 596 Et-

206 617 280 642 enim
296 616 323 642 in
341 623 423 643 manu
436 616 481 643 ille
493 616 588 647 vitam,
608 620 635 643 et
650 616 677 642 in
699 616 815 643 salutem
833 622 999 651 propensam

208 662 407 688 humanitatem
431 665 515 688 tenet.
537 660 673 694 Quidnam
693 668 759 688 vero
779 661 874 693 faciat,
886 661 937 688 soli
957 664 1011 687 est.

209 708 260 743 ipsi
280 712 465 743 perspectum.
479 707 545 734 Illud
560 707 670 742 quidem
680 710 804 740 constat,
817 706 918 734 nemini
929 707 1001 734 frau-

207 755 234 780 di
252 761 314 781 esse
332 754 531 788 paenitentiam,
549 760 637 788 neque
651 760 731 787 quem
747 756 925 787 peccatorum
940 759 1001 779 om-

208 799 284 826 nium
303 799 426 834 panitet,
440 799 516 833 rejici
529 804 576 826 aut
587 798 705 826 excludi.
717 798 827 831 Quanto
835 805 901 833 ergo
913 797 1000 832 magis

209 845 279 872 idem
295 846 320 872 ei
336 844 513 872 tribuendum
528 848 582 877 est,
599 844 645 879 qui
659 852 721 872 cum
734 845 819 872 altera
833 851 918 872 uxore
931 843 998 879 legi-

208 890 282 916 timis
301 897 363 917 sese
386 890 491 925 nuptiis
511 890 640 925 illigarit‘l
660 888 727 916 Nam
744 894 773 917 ut
793 889 881 925 prima
899 896 970 916 uxor
983 896 999 916 a

1085 296 1131 329 ς’.
1150 294 1219 322 Οὔτε
1244 293 1291 322 οὖν
1311 293 1537 330 ἐπαγγελλόμεθα
1562 293 1719 329 ἐλευθερίαν
1740 291 1846 319 παντός

1048 349 1116 368 πασι
1129 342 1186 374 τοῖς
1201 341 1272 377 μετά
1287 340 1319 368 τὸ
1341 340 1483 377 βάπτισμα
1505 339 1766 376 παραπεπτωκόσιν,
1780 337 1849 365 οὔτε

1048 385 1258 421 ἁπαγορεύομεν
1279 385 1330 421 τὴν
1355 384 1441 421 αὐτὴν
1466 385 1556 413 αὐτῶν
1584 385 1668 420 ζωήν.
1693 384 1762 416 Θεὸς
1788 383 1849 419 γὰρ

1049 431 1173 467 ἐλεήμων
1193 431 1254 458 ἐστὶ
1274 431 1322 459 καὶ
1346 431 1509 468 οἰκτίρμων,
1524 431 1572 458 καὶ
1590 431 1674 458 ἔδωκε
1688 431 1745 461 τοῖς
1757 438 1848 465 μετα-

1049 477 1155 504 νοοῦσιν
1168 477 1307 505 ἐπάνοδον.
1323 477 1378 504 Καὶ
1391 477 1421 505 τὸ
1437 478 1487 514 μὲν
1499 477 1607 512 πρῶτόν
1621 478 1680 504 ἐστι
1693 476 1793 511 σαφές⁹
1813 475 1849 502 ea

1048 523 1077 550 δέ
1095 523 1232 559 δεύτερον,
1247 523 1368 559 οἴδαμεν,
1386 524 1428 550 ὅτι
1445 523 1570 560 ἐλεήμων
1583 523 1657 550 ἐστὶν
1673 523 1688 549 6
1703 522 1780 554 Θεὺς,
1795 521 1848 548 ἐὰν

1048 569 1079 603 ἐξ
1099 568 1164 605 ὅλης
1185 569 1274 605 ψυχῆς
1291 570 1502 605 μετανοήσωμεν
1525 567 1846 604 ἀπὺ’παραπτωμάτων.

1051 616 1128 651 Ἔχει
1139 616 1194 651 γὰρ
1218 616 1248 642 ἐν
1268 616 1339 652 χειρὶ
1360 616 1444 652 ζωὴν,
1467 615 1514 643 καὶ
1535 615 1674 651 σωτηρίας
1692 613 1846 650 φιλανθρω-

1049 661 1126 689 πίαν.
1143 661 1198 688 Καὶ
1209 661 1236 688 τί
1254 661 1304 697 μὲν
1320 662 1402 694 αὐτὸς
1421 663 1502 695 ποιεῖ,
1520 661 1595 697 αὐτῷ
1611 661 1684 697 μόνῳ
1697 660 1845 695 ἔγνωσται.

1050 707 1124 743 Πλὴν
1140 707 1182 733 ὅτι
1202 707 1287 743 ζημία
1309 708 1360 735 οὐκ
1384 708 1424 735 ἔνι
1452 708 1507 735 ἀπὸ
1527 708 1579 744 τῆς
1601 707 1758 743 μετανοίας,
1781 705 1846 732 οὐδὲ

1049 754 1238 790 ἀπηγόρευται
1258 755 1273 781 6
1295 754 1432 790 μετανοῶν
1454 755 1510 782 ἀπο
1530 755 1641 782 πάντων
1663 752 1845 788 σφαλμάτων.

1050 799 1129 835 Πόσῳ
1141 808 1172 834 γε
1189 799 1290 835 μᾶλλον
1302 801 1318 827 ό
1330 801 1401 828 κατὰ
1412 800 1493 836 νόμον
1506 800 1652 835 συναφθεὶς
1666 799 1780 835 δευτέρᾳ
1793 805 1846 832 γυ-

1050 846 1141 879 ναικί;
1156 847 1213 874 Καὶ
1224 848 1241 882 ἡ
1256 844 1307 882 μὲν
1325 846 1420 883 πρώτη
1439 847 1521 883 γυνὴ,
1539 845 1572 874 ἐκ
1583 846 1651 874 Θεοῦ
1669 845 1826 882 τεταγμένη
1836 853 1844 861 ·

1050 892 1068 927 ἠ
1084 892 1111 920 δὲ
1129 893 1254 929 δευτέρα,
1272 893 1302 926 ἐξ
1326 893 1467 925 ἀσθενείας
1486 892 1637 930 ἀνθρώπων
1648 901 1656 909 ·
1675 893 1723 920 καὶ
1738 893 1778 920 ἔτι
1797 901 1845 920 πε-

209 935 264 962 Deo
277 936 427 963 constituta
439 940 491 967 est,
503 936 540 963 ita
554 935 734 963 imbecillitati
752 935 893 963 hominum
909 939 1000 970 poste-

1052 938 1194 975 ρισσοτέρᾳ
1209 939 1234 966 εί
1255 939 1414 975 συναφθιίη,
1429 939 1461 966 τὸ
1476 938 1587 972 ἀσθενὲς
1605 939 1649 967 tisi.
1668 939 1845 973 διαδαστὰζε-

208 982 266 1009 rior
280 981 395 1009 indulta.
410 981 487 1014 Quod
500 982 523 1008 si
537 981 651 1008 alteram
665 985 796 1017 praeterea
812 981 865 1008 sibi
878 981 998 1016 copulet.

207 1029 292 1064 hujus
309 1029 404 1056 hacin
427 1033 505 1063 parte
525 1028 657 1056 toleratur
680 1027 835 1055 inﬁrmitas.
861 1026 999 1063 Scriptum

208 1079 252 1103 est
263 1075 336 1102 enim
352 1083 360 1102 :
380 1073 479 1101 Mulier
500 1074 611 1108 alligata
629 1077 669 1100 est
692 1073 802 1107 nuptiis,
822 1077 921 1107 quanto
939 1077 1000 1100 tent-

208 1128 271 1155 μοι-ε
293 1119 354 1147 vivit
371 1120 413 1146 vir
434 1117 510 1154 ejus;
535 1119 577 1146 sin
595 1124 684 1146 autem
703 1124 825 1146 mortuus
850 1118 930 1153 fuerit
948 1119 998 1151 vir,

210 1165 292 1192 .‘ibera
313 1170 352 1192 est
372 1165 415 1192 cui
429 1164 483 1192 vult
501 1164 597 1192 nubere
612 1165 633 1191 '.
650 1166 711 1198 Quo
731 1164 844 1200 quidem
866 1164 998 1197 declarat,

210 1217 272 1247 post
282 1211 333 1238 viri
343 1210 447 1238 obitum
459 1210 494 1238 ab
501 1211 576 1237 omni
586 1210 659 1238 illam
671 1215 786 1246 peccato
797 1210 910 1238 liberam
921 1218 999 1244 esse;

209 1257 278 1285 adeo
293 1261 322 1284 ut
335 1256 527 1284 contradicere
540 1263 621 1284 nemo
636 1257 734 1291 possit.
749 1256 827 1291 Quod
841 1257 893 1284 hoc
907 1257 1000 1284 addito

209 1303 382 1338 signiﬁcavit.
395 1304 422 1330 in
439 1303 564 1335 Domino,
578 1302 658 1338 quas:
674 1303 787 1330 minime
800 1311 816 1330 a
832 1302 950 1331 Domino
963 1303 1000 1330 sit

209 1349 310 1380 aliena.
332 1356 394 1384 qua:
416 1353 480 1384 post
501 1348 554 1376 viri
573 1348 679 1376 obitum
701 1348 779 1376 alteri
806 1356 837 1377 se
858 1349 918 1376 viro
935 1356 1001 1376 con-

207 1394 341 1429 iunxerit.
356 1399 386 1422 ut
401 1402 452 1422 nec
467 1394 543 1422 illum
556 1393 690 1426 vicissim,
705 1394 762 1429 qui,
779 1402 865 1422 uxore
882 1399 999 1427 mortua,

209 1449 270 1469 sese
292 1441 326 1469 ad
343 1441 491 1469 secundam
512 1441 669 1476 applicarit.
697 1440 812 1467 Tantam
832 1441 860 1468 in
875 1440 998 1474 Domino,

208 1488 248 1515 ait
258 1487 415 1523 Apostolus.
428 1486 510 1514 Addit
521 1491 611 1514 tamen
623 1496 631 1514 ε
644 1486 754 1514 Beatior
765 1491 853 1514 autem
866 1491 915 1520 est,
927 1487 950 1514 si
963 1487 1001 1514 sic

209 1535 335 1562 manserit
344 1535 364 1562 ⁵.
373 1533 440 1562 Illud
449 1538 552 1565 autem,
562 1534 589 1560 in
599 1533 722 1566 Domino,
736 1534 806 1561 idem
815 1538 857 1562 est
868 1541 899 1560 ac
907 1541 961 1561 non
971 1533 1000 1560 in

208 1584 315 1615 stupro,
326 1584 374 1607 aut
382 1579 526 1611 adulterio,
545 1579 746 1614 violationeque
760 1578 843 1615 £99
860 1578 1001 1606 matrimo-

1048 992 1104 1012 ται.
1121 985 1191 1020 Φησὶ
1203 985 1258 1021 γάρ
1268 993 1275 1002 ·
1289 985 1375 1020 Γυνὴ
1394 985 1510 1013 δέδεται
1522 985 1613 1021 γάμῳ,
1628 985 1674 1021 ἐφ’
1685 982 1763 1013 ὅσον
1774 987 1845 1021 χρό⁴

1049 1039 1106 1058 νον
1121 1030 1155 1065 ζῇ
1167 1032 1184 1058 δ
1198 1031 1276 1066 ἀνὴρ
1292 1031 1397 1066 αὐτῆς.
1419 1032 1486 1060 Ἐὰν
1499 1031 1535 1058 δὲ
1558 1032 1695 1067 ἀποθάνῃ
1719 1033 1736 1059 δ
1753 1031 1844 1066 ἀνὴρ.

1049 1075 1191 1110 ἐλευθέρα
1209 1076 1296 1104 ἐστὶν
1307 1073 1332 1110 ᾧ
1345 1077 1419 1111 θέλῃ
1437 1073 1619 1112 γαμηθῆναι·
1634 1077 1843 1113 ἀποφηνάμενος

1051 1121 1120 1157 μετὰ
1141 1120 1270 1158 τελευτὴν
1285 1122 1383 1158 ἀνδρὸς
1404 1121 1434 1150 τὸ
1454 1122 1607 1159 ἐλευθέριον
1631 1122 1686 1150 ἀπὸ
1705 1123 1845 1160 ἁμαρτίας

1050 1168 1135 1204 χωρὶς
1156 1169 1248 1204 πάσης
1265 1169 1430 1204 ἀντιλογίας,
1455 1169 1525 1205 μετὰ
1543 1170 1591 1205 τῆς
1613 1169 1773 1205 προσθήκης
1795 1177 1845 1205 ση-

1051 1213 1157 1248 μάνας,
1177 1211 1217 1246 τῷ
1244 1214 1279 1240 ἐν
1299 1215 1414 1248 Κυρίῳ,
1435 1214 1473 1246 ὡς
1497 1212 1547 1241 οὐκ
1568 1212 1636 1241 εἰναι
1659 1214 1744 1250 αὐτὴν
1762 1213 1843 1241 ἀλλο-

1049 1258 1133 1293 ἰτρίαν¹
1145 1257 1255 1294 Κυρίου,
1272 1259 1322 1295 τὴν
1335 1259 1405 1295 μετὰ
1422 1259 1550 1295 τελευτὴν
1567 1259 1664 1296 ἀνδρὸς
1678 1260 1845 1296 συναπτομέ-

1050 1314 1100 1340 νην
1111 1304 1183 1340 ἄλλῳ
1195 1303 1282 1340 ἀνδρὶ,
1303 1304 1320 1340 ἢ
1342 1304 1389 1331 τὸν
1406 1303 1476 1340 μετὰ
1494 1304 1623 1340 τελευτὴν
1639 1304 1766 1339 γυναικὸς
1783 1313 1846 1333 συνν

1050 1351 1202 1386 απτόμενον
1227 1350 1340 1386 δευτέρᾳ
1363 1350 1483 1384 γυναικὶ,
1500 1350 1598 1385 μόνον
1617 1350 1654 1377 ἐν
1671 1351 1783 1384 Κυρίῳ,
1804 1351 1844 1382 ὡς

1050 1397 1124 1431 λέγει
1145 1397 1160 1424 ό
1187 1397 1357 1428 Ἀπόστολος.
1385 1396 1440 1423 Καί
1464 1404 1548 1432 φησι·
1571 1396 1780 1430 Μακαριωτέρα
1809 1395 1844 1424 δέ

1050 1442 1145 1475 ἐστιν,
1161 1442 1216 1469 ἐὰν
1224 1442 1314 1477 μείνῃ
1330 1441 1434 1474 οὕτως.
1455 1441 1503 1474 Τὸ,
1513 1441 1548 1468 ἐν
1558 1441 1665 1476 Κυρίῳ,
1685 1441 1722 1477 μὴ
1737 1443 1766 1468 ἐν
1780 1450 1844 1477 πορ-

1051 1488 1121 1524 νείᾳ,
1137 1488 1174 1524 μὴ
1189 1489 1220 1515 ἐν
1239 1488 1358 1524 μοιχείᾳ,
1373 1487 1412 1523 μὴ
1430 1487 1460 1514 ἐν
1473 1487 1651 1523 κλεψιγαμίᾳ,
1663 1487 1720 1514 ἀλλ’
1731 1487 1762 1514 ἐν
1773 1489 1844 1524 παῤ-

1052 1534 1145 1571 ρησίᾳ,
1167 1535 1197 1561 ἐν
1223 1534 1315 1570 σεμνῷ
1331 1534 1413 1570 γάμῳ
1435 1533 1584 1569 ἐπιμένειν,
1601 1533 1630 1560 ἐν
1648 1534 1682 1569 τῇ
1699 1533 1800 1565 πίστει,
1814 1534 1844 1559 ἐν

1051 1579 1111 1612 ταῖς
1123 1581 1252 1613 ἐντολαῖς,
1266 1581 1295 1606 ἐν
1307 1580 1450 1613 εὑποιίαις,
1464 1581 1493 1607 ἐν
1503 1580 1642 1617 εὐλαϐείᾳ,
1654 1582 1683 1608 ἐν
1695 1581 1842 1616 νηστείαις.

209 1627 333 1660 nierum;
344 1626 392 1654 sed
407 1626 434 1653 in
448 1625 546 1653 Iiducia
558 1628 585 1653 et
593 1625 717 1653 honestis
731 1625 833 1660 nuptiis
842 1624 1000 1660 persistere,

1052 1629 1082 1655 ἐν
1101 1627 1224 1663 εὐνομίᾳ,
1244 1627 1274 1654 ἐν
1295 1626 1506 1663 ἑλεημοσύναις,
1527 1627 1557 1654 ἐν
1583 1627 1789 1663 σπουδαιότητι,
1813 1629 1842 1655 ἐν

211 1674 239 1700 in
253 1673 305 1700 ﬁde
314 1672 467 1708 praeceptis,
477 1672 557 1699 bonis
568 1671 709 1706 operibus,
720 1671 863 1706 religione,
876 1671 1000 1707 jejuniis,

210 1719 298 1754 legum
323 1717 509 1749 observantia,
532 1716 727 1752 eleemosynis,
747 1716 879 1751 bonitate,
899 1716 1002 1744 beneﬁ-

209 1764 310 1792 centia.
323 1763 387 1791 Haec
395 1763 469 1791 enim
479 1770 542 1797 eum
553 1763 582 1790 in
592 1763 672 1790 nobis
684 1763 777 1791 insunt
787 1770 819 1790 ac
830 1767 1001 1798 permanent,

210 1817 264 1837 non
278 1809 382 1836 otiosos
393 1812 421 1836 et
434 1808 624 1836 infructuosos
637 1808 808 1836 constituunt
816 1807 845 1835 in
854 1807 1001 1836 adventum

210 1853 329 1882 Domini.

245 1900 305 1928 Jam
331 1908 397 1929 vero
421 1899 576 1928 sacerdotio
597 1899 703 1935 primus
719 1898 798 1933 ordo,
817 1903 1002 1935 aceurataque

211 1947 239 1974 in
253 1947 381 1975 omnibus
403 1948 476 1974 vitas»
493 1946 564 1974 ratio
580 1946 720 1973 tribuitur.
741 1944 846 1981 Populo
863 1953 929 1974 vero
943 1953 1003 1973 mo-

209 1993 336 2021 deratum
351 1992 493 2029 quiddam,
511 1997 539 2020 et
553 1991 588 2019 ad
605 1999 700 2019 eorum
716 1997 827 2028 captum
845 1999 1001 2020 accommo-

210 2040 315 2072 datum,
344 2043 449 2066 etcum
469 2038 589 2074 quadam
611 2038 778 2073 indulgentia
802 2038 1001 2073 coniunctum;

213 2090 243 2113 ut
256 2093 352 2113 omnes
367 2085 530 2118 doceantur,
546 2091 579 2111 ac
593 2082 812 2111 misericordiam
827 2091 1002 2120 consequan-

212 2137 268 2159 tur.
285 2131 443 2159 Misericors
467 2130 571 2166 quippe
595 2129 740 2162 Dominus,
761 2132 789 2156 et
809 2136 920 2157 scrvare
944 2129 1002 2156 uni-

211 2185 308 2206 versos
331 2181 432 2212 potest,
455 2184 518 2204 cum
536 2175 676 2211 praeclaris
693 2176 781 2211 legum
799 2183 911 2203 suarum
925 2175 1003 2203 insli-

212 2224 290 2257 lutis,
310 2227 368 2250 tum
381 2230 445 2250 vera
458 2229 584 2258 puraque
604 2221 769 2249 Christiana
785 2222 925 2258 religionis
938 2222 1001 2250 ﬁde.

212 2269 258 2296 Ille
282 2269 355 2297 enim
378 2275 466 2303 purus
494 2269 570 2295 solus
593 2271 646 2295 est.
669 2267 704 2294 At
732 2267 778 2294 isti
805 2266 870 2294 dum
895 2268 1002 2303 seipsos

1051 1674 1229 1710 ἀγαθοεργίᾳ.
1250 1674 1343 1701 Ταῦτα
1356 1673 1421 1710 γὰρ,
1443 1673 1555 1701 συνόντα
1572 1674 1620 1701 καὶ
1642 1674 1830 1710 παραμένοντα

1051 1720 1102 1747 οὐκ
1117 1720 1230 1756 ἀργοὺς,
1249 1719 1310 1746 οὐδὲ
1332 1720 1474 1756 ἀκάρπους
1491 1719 1651 1756 καθίστησιν
1670 1721 1710 1753 εἰς
1729 1720 1778 1757 τὴν
1794 1721 1842 1747 τοῦ

1052 1766 1155 1802 Κυρίου
1169 1765 1331 1802 παρουσίαν.

1088 1901 1144 1929 Καὶ
1159 1902 1193 1937 τῇ
1214 1900 1264 1936 μὲν
1287 1900 1421 1937 ἱερωσύνῃ
1444 1900 1475 1928 τὺ
1497 1900 1605 1937 πρῶτον
1635 1898 1729 1935 τάγμα
1759 1899 1806 1926 καὶ
1824 1900 1841 1936 η

1052 1948 1117 1984 περὶ
1129 1947 1238 1974 πάντων
1252 1946 1430 1982 ἁκριϐολογία
1441 1955 1448 1963 ο
1467 1946 1507 1982 τῷ
1524 1947 1552 1973 δὲ
1565 1946 1622 1982 λαῷ
1634 1945 1666 1973 τὺ
1686 1945 1840 1982 σύμμετρον

1052 1993 1136 2020 καὶτδ
1147 1993 1334 2028 συγγνωστόνι“
1349 1993 1392 2019 ἵνα
1408 1992 1508 2024 πάντες
1517 1992 1698 2020 διδάσκωνται
1713 1992 1764 2018 καὶ
1772 2000 1839 2019 κατ-

1052 2038 1190 2066 ελεῶνται.
1214 2038 1352 2074 Ἐλεήμων
1370 2039 1426 2074 γάρ
1439 2040 1513 2066 ἐστιν
1531 2040 1549 2066 ὁ
1562 2039 1711 2074 Δεσπότης,
1731 2039 1779 2066 καὶ
1795 2039 1840 2065 δο-

1052 2084 1130 2117 νατὺς
1140 2085 1245 2115 πάντας
1257 2083 1353 2116 σώζειν
1365 2086 1398 2121 τῇ
1416 2084 1469 2120 ἰδίᾳ.
1479 2084 1562 2112 αὑτοῦ
1573 2085 1697 2121 εὐνομίᾳ,
1710 2084 1758 2111 καὶ
1773 2084 1839 2120 ἀληα

1052 2132 1111 2167 θινῇ
1123 2131 1214 2158 πίστει
1232 2131 1284 2166 τῆς
1295 2130 1342 2158 τοῦ
1355 2131 1532 2167 κηρύγματος
1546 2131 1743 2167 καθαρότητος.
1755 2130 1840 2162 Αὐτὸς

1053 2177 1108 2213 γὰρ
1125 2177 1205 2213 μόνος
1219 2177 1279 2203 ἐστὶ
1301 2177 1431 2212 καθαρός.
1451 2174 1530 2205 Οὗτοι
1544 2177 1583 2210 δὲ,
1610 2178 1722 2209 ἑαυτοὺς
1739 2178 1840 2212 φήσαν-

1051 2233 1096 2256 τες
1111 2223 1266 2259 Καθαροὺς,
1282 2223 1426 2258 ἀπ“αὺτῆς
1438 2224 1487 2259 τῆς
1503 2223 1657 2256 ὑποθέσεως
1670 2223 1840 2259 ἀκαθάρτους

1052 2270 1166 2302 ἐαυτοὺς
1182 2269 1354 2296 ἀποτελοῦσι.
1369 2270 1425 2300 Πᾶς
1439 2269 1493 2305 γάρ
1506 2270 1520 2296 ὁ
1535 2269 1631 2296 ἑαυτὸν
1644 2270 1786 2305 ἀποφήνας
1797 2278 1839 2297 κα-

211 2309 299 2342 Puros
313 2322 375 2342 esse
388 2314 613 2348 praedicantgillo
630 2313 691 2348 ipso
705 2320 756 2340 suo
770 2313 897 2349 dogmate
912 2314 1000 2349 impu~

1053 2316 1147 2352 ϐαρὺν,
1164 2316 1318 2352 ἀκάθαρτον
1335 2316 1430 2343 ἐαυτὸν
1440 2315 1550 2347 τελείως
1562 2316 1716 2352 κατέκρινε.

211 2367 258 2388 ros
286 2368 347 2388 sese
376 2360 491 2387 iaciunt.
514 2359 583 2387 Nam
605 2360 732 2395 quisquis
746 2367 846 2395 purum
861 2367 923 2387 sese
947 2360 1006 2395 ipse
1029 2363 1199 2398 pronuntiat,
1221 2366 1350 2390 extrema:
1375 2370 1405 2390 se
1426 2363 1594 2397 impuritatis
1616 2367 1713 2399 suopte
1735 2363 1840 2399 judicio

210 2408 385 2436 condemnat.

247 2455 303 2484 VII.
331 2456 383 2484 Sed
413 2455 584 2484 incredibilis
613 2455 737 2491 quadam
760 2455 860 2484 horum
880 2456 1000 2484 stultitia

210 2507 264 2536 est,
282 2502 346 2530 dum
363 2503 483 2538 aliquam
502 2502 639 2537 ejusmodi
664 2501 815 2538 Scriptura:
837 2502 1000 2530 sententiam

210 2556 273 2577 eSSe
294 2552 393 2583 putant
414 2547 532 2584 (tametsi
556 2555 650 2576 verum
677 2555 740 2576 esse
766 2549 876 2576 illorum
903 2549 1000 2585 dogma

212 2593 357 2629 fateamur)
371 2601 432 2629 quae
442 2594 476 2621 de
491 2594 620 2622 universo
634 2595 736 2630 popqu
749 2595 824 2623 hunc
842 2595 870 2622 in
882 2596 999 2623 modum

212 2644 325 2669 statuat.
350 2640 429 2667 Scire
450 2640 523 2667 enim
538 2640 606 2668 illud
629 2640 792 2674 debuerant,
817 2649 872 2670 non
894 2642 922 2669 in
947 2642 999 2670 hoc

210 2687 300 2714 solum
315 2694 415 2722 genere
431 2686 572 2714 hominum
598 2687 706 2715 animos
733 2692 781 2716 aut
803 2688 910 2722 culpam
933 2695 1000 2715 con-

210 2734 330 2766 trahere,
345 2736 392 2760 aut
403 2733 504 2761 virtute
518 2733 648 2769 prteditos
666 2742 743 2766 esse,
770 2734 818 2762 sed
841 2734 909 2761 illud
929 2741 1000 2769 pra:-

253 2843 263 2859 ⁸
279 2842 367 2872 ICor.
384 2852 421 2876 tv,
440 2845 466 2873 5.
506 2845 517 2861 ²
531 2845 542 2872 1
554 2844 619 2873 Cor.
639 2852 681 2879 Ill,
697 2845 741 2873 I5.
779 2844 789 2860 ⁸
809 2843 953 2879 ICor.vu,
969 2843 1014 2872 59.

1084 2458 1120 2484 Z'.
1135 2456 1224 2492 Πολλὴ
1238 2456 1267 2484 δέ
1285 2456 1364 2484 ἄνοια
1379 2455 1434 2483 τῶν
1448 2456 1577 2484 τοιούτων
1591 2456 1757 2492 νομιζόντων
1772 2456 1841 2486 εἶναί

1048 2513 1087 2537 τι,
1106 2503 1130 2530 εί
1145 2503 1193 2530 καὶ
1213 2501 1248 2538 ἦν
1263 2502 1363 2538 ἀληθὲς
1384 2502 1415 2529 τὺ
1437 2503 1577 2538 κήρυγμα,
1593 2503 1657 2539 περὶ
1678 2503 1779 2535 παντὸς
1794 2505 1840 2531 τοῦ

1049 2549 1114 2576 λαοῦ
1130 2548 1216 2581 οὕτως
1231 2549 1345 2582 φάσκον.
1359 2548 1474 2575 Ἔδειδέ
1488 2548 1601 2582 γνῶναι,
1619 2549 1659 2575 ὃτι
1672 2549 1703 2575 οὺ
1717 2549 1781 2584 περὶ
1793 2550 1840 2585 τῆς

1049 2595 1204 2626 ὑποθέσεως
1217 2593 1318 2629 ταύτης
1337 2594 1416 2629 μόνον
1430 2594 1460 2621 τὸ
1479 2594 1606 2630 ἔγκλημα
1620 2595 1738 2630 ὑπάρχει
1757 2594 1840 2630 ψυχῇ,

1050 2640 1068 2676 ἢ
1087 2640 1119 2667 τὸ
1133 2639 1176 2666 διὰ
1193 2639 1271 2666 τοῦτο
1294 2640 1422 2675 ἐνάρετον
1448 2640 1573 2674 γενέσθαι
1594 2641 1684 2676 μόνον,
1705 2641 1775 2668 ἀλλὰ
1796 2643 1839 2668 καὶ

1051 2687 1082 2713 τὸ
1094 2687 1132 2723 μὴ
1152 2686 1291 2722 λοιδορεῖν,
1309 2686 1346 2722 μὴ
1361 2686 1476 2722 ὀμνύναι
1496 2687 1587 2722 ὅρκον,
1598 2688 1667 2723 μήτε
1676 2688 1704 2714 ἐν
1714 2687 1839 2723 ἀληθείᾳ,

1054 2733 1122 2768 μήτε
1132 2733 1162 2759 ἐν
1173 2731 1267 2767 ψεύδει
1279 2741 1286 2748 ·
1300 2732 1369 2760 ἀλλά
1382 2732 1431 2760 ναὶ
1443 2732 1504 2766 ναὶ,
1522 2733 1569 2760 καὶ
1585 2732 1621 2760 οὓ
1631 2733 1668 2760 οὓ
1682 2732 1771 2768 λέγειν
1781 2741 1788 2748 ·
1803 2731 1839 2769 μὴ

1049 2844 1060 2860 ⁸
1077 2843 1145 2872 ibid.
1161 2843 1206 2872 40.
