1958 3050
117 146 198 176 1099⁸

450 144 632 174 ADVERSUS
649 144 818 173 HERESES
838 143 901 172 LIB.

977 142 1058 172 ΤΟΜ.
1082 143 1139 170 1.-
1159 142 1296 171 IIIERES.
1319 143 1388 171 LIX.

1678 145 1749 172 107.0

115 205 297 237 οολιεύεσθαι,
328 203 536 240 μὴδιασᾶλλειν,
555 203 593 240 μὴ
604 204 741 236 κλέπτειν,
757 203 794 240 μὴ
810 204 912 239 ἐμπορ-

964 206 1039 229 tcrea
1063 202 1179 236 requiri,
1197 205 1226 228 ιιι
1241 209 1330 236 neque
1352 201 1548 231 convitientur.
1569 207 1620 228 nec
1636 203 1750 228 omnino

115 253 254 281 νεύεσθαι.
274 252 322 278 Ἐκ
341 250 445 277 τούτων
463 250 518 286 γὰρ
541 251 651 278 πάντων
675 250 820 284 συνάγεται
841 251 908 285 ἡμῖν

116 299 151 326 τὰ
179 297 252 334 ρύπη
282 297 339 324 τῶν
367 296 592 332 ἁμαρτημάτων.
615 296 665 329 Ὠς
691 295 757 332 γὰρ,
784 295 904 331 (priamo

117 344 279 376 πάσσαλος
299 343 354 378 (M)
373 342 433 370 ἀνὰ
451 341 549 377 μέσον
565 341 624 368 τῶν
644 342 700 368 δύο
715 342 809 368 λίθων
831 348 908 368 συν-

116 391 253 424 τρίϐεται,
270 388 364 421 οὕτως
381 388 401 422 ὴ
418 389 546 423 ἁμαρτία
567 388 626 416 ἀνὰ
637 387 736 423 μέσον
753 386 909 422 ἀτοράζὸν-

116 443 169 467 τος
180 434 229 461 καί
242 433 429 466 πωλοῦντοςο
445 433 492 460 καὶ
505 433 546 459 δτι
561 433 593 459 ὲκ
607 432 654 459 τοῦ
667 431 786 467 πλήθους
799 431 910 463 πάντως

116 480 165 507 καὶ
183 479 305 515 μέθυσοι,
326 479 374 506 καὶ
391 479 496 515 πόρνοι,
512 479 561 506 καὶ
581 478 751 510 πλεονέκται,
770 477 818 505 καὶ
834 486 908 504 τοκι-

118 526 191 558 σταὶ,
205 526 253 552 καὶ
268 525 377 557 πάντως
394 525 435 552 ὅτι
453 524 489 551 τὰ
501 524 613 551 τοιαῦτα
625 524 728 560 ἔχουσι,
743 524 792 550 καὶ
803 523 909 554 τούτοις

117 573 200 608 ὃμοια
211 581 219 589 ·
232 573 274 600 ὅτι
288 572 335 599 καὶ
349 571 495 607 ψεύσματα
509 571 617 606 ἑκάστῳ
631 570 721 597 αὐτῶν
739 570 909 606 παρακολου-

119 618 170 645 θεῖ.
188 619 250 650 Πῶς
264 617 311 646 οὖν
329 619 454 645 δύνανται
476 618 589 649 ἑαυτοὺς
605 617 747 652 Καθαροὺς
761 616 910 642 ἀποκαλεῖν

118 665 162 692 διὰ
184 665 234 701 τῆς
259 666 324 700 μιᾶς
349 664 534 699 ὑποσχέσεως,
561 663 609 698 τῆς
633 663 724 698 πάσης
752 661 822 688 κατὰ
843 661 910 688 Θεὸν

119 710 311 746 πραγματείας
327 709 392 745 περὶ
411 709 520 735 πάντων
539 708 593 734 τῶν
615 707 779 742 σφαλμάτων
794 705 909 740 ἀσφαλι-

119 756 255 792 ζομένης;
274 756 332 782 Οὐκ
352 755 473 790 ἔγνωσάν
486 763 517 781 τε
536 750 608 781 οὗτοι
621 754 656 780 τὰ
674 752 775 788 ἀκριϐῆ
795 751 844 778 τοῦ
861 760 903 787 κηι

120 801 270 836 ρύγματος,
296 801 356 827 οὐδὲ
383 801 436 827 τίνι
462 799 583 836 ἀφώρισε
602 799 633 825 τὸ
652 797 812 826 ἀκοίόασιια
831 796 910 823 τοῦτο

117 847 169 882 τῆς
183 848 322 884 διγαμίας.

962 255 1025 274 vere
1049 246 1154 275 falsove
1175 247 1282 282 jurent,
1307 254 1357 274 nec
1377 246 1450 274 aliud
1471 246 1619 282 quidquam
1639 251 1752 282 praeter,

958 293 1052 327 etiam,
1068 293 1167 326 etiam,
1197 301 1259 325 non,
1280 301 1332 320 non
1343 293 1366 325 ’,
1386 297 1537 328 usurpant;
1557 300 1592 320 ne
1610 292 1674 320 dolo
1699 294 1746 319 cir-

958 340 1148 372 cumveniant,
1177 346 1212 367 ne
1237 339 1456 371 calumnientur,
1479 346 1515 366 ne
1541 338 1685 371 furentur,
1715 345 1746 365 ne

959 389 1085 420 stuprum
1098 385 1285 412 committant.
1297 383 1404 417 Quibus
1418 391 1452 411 ex
1464 384 1592 411 omnibus
1603 383 1747 411 criminum

960 431 1056 458 sordes
1071 431 1236 466 colligimus.
1263 430 1363 466 Atque,
1387 435 1417 457 ut
1442 430 1532 465 palus,
1556 430 1654 465 inquit,
1680 430 1746 456 inter

959 477 1025 504 duo:
1046 476 1146 511 lapides
1160 476 1324 509 conteritur,
1343 477 1381 503 sic
1396 479 1532 511 peccatum
1549 476 1577 502 in
1592 475 1677 503 medio
1691 476 1748 510 ejus

959 524 1004 557 qui
1017 524 1091 555 emit.
1118 528 1143 550 et
1159 523 1248 551 uendit
1261 524 1284 550 ³.
1301 523 1342 550 Ad
1357 523 1415 550 haec
1430 523 1619 550 necessarium
1633 529 1704 554 esse,
1720 525 1748 548 ut

959 573 986 596 ct
1001 569 1080 601 ebrii.
1091 574 1118 596 et
1132 573 1314 605 stupratores.
1334 572 1365 596 et
1379 568 1467 601 avari,
1483 573 1510 596 et
1531 568 1709 598 feneratores.
1723 573 1748 593 et

961 614 1107 649 ejusmodi,
1131 622 1163 641 ac
1185 614 1323 642 similibus
1347 614 1422 642 vitiis
1448 614 1579 643 obstricti
1611 614 1637 641 in
1659 614 1750 650 populi

962 660 1141 687 multitudine
1174 665 1340 687 versentur:
1356 660 1578 694 quandoquidem
1605 660 1750 692 unicuique

962 705 1103 733 mendacia
1128 705 1329 733 adhaerescunt.
1352 705 1476 738 Quanam
1493 706 1577 741 igitur
1594 705 1684 733 fronte
1699 705 1748 733 Pu-

962 759 1008 779 ros
1034 751 1173 786 appellare
1204 751 1312 785 seipsos
1343 751 1478 787 singulari
1507 752 1552 778 illa
1583 751 1752 787 professione

962 800 1079 832 possunt
1094 806 1101 824 :
1118 804 1180 824 cum
1203 797 1294 832 omnis
1314 796 1478 823 Christiana:
1496 796 1558 823 vita:
1575 797 1751 824 instituenda:

962 841 1034 868 ratio
1054 841 1090 868 ab
1115 841 1189 868 omni
1212 840 1375 868 delictorum
1399 849 1499 877 genere
1523 841 1672 868 cavendum
1690 849 1750 869 csse

119 894 288 922 constituat?
312 893 398 929 Igitur
417 891 579 920 Christianae
592 890 725 919 doctrinae
745 891 902 917 accuratam
921 887 960 914 illi
974 887 1091 914 formam
1117 894 1173 914 non
1195 890 1319 919 norunt;
1336 894 1426 922 neque
1451 887 1561 914 cuinam
1587 891 1683 915 exacta
1706 887 1754 915 illa

118 942 154 970 de
172 940 302 970 secundis
319 940 424 976 nuptiis
437 938 604 974 praeseriptis
621 938 664 965 lex
685 937 777 969 fuerit,
794 943 908 971 prorsus
922 934 1091 969 intelligunt.
1541 968 1546 972 λ

161 988 241 1016 ’Λλλά
260 989 308 1016 καὶ
320 989 345 1015 οἱ
367 987 422 1014 ἀπὸ
439 987 486 1014 τοῦ
501 986 621 1022 διωγμοῦ
647 983 909 1022 παραπεπτωκάτες,

996 980 1075 1015 Quod
1097 981 1131 1008 ad
1151 989 1200 1010 eos
1224 989 1291 1010 vero
1313 985 1429 1017 spectat,
1457 982 1544 1017 quiin
1561 981 1753 1016 persecutione

119 1035 166 1063 καὶ
179 1034 257 1061 αὐτοὶ
273 1034 321 1060 ἐὰν
335 1032 504 1066 ὲνδείξωνται
525 1031 631 1059 τελείαν
643 1031 693 1067 τὴν
709 1029 864 1066 μετάνοιαν,
881 1028 912 1055 ὲν

118 1080 216 1115 σάκκῳ
231 1078 281 1106 καὶ
302 1077 393 1113 σποδῷ
406 1076 594 1109 καθεσθέντες,
610 1075 658 1103 καὶ
685 1074 854 1105 κλαύσαντες
869 1073 912 1100 ὲν-

118 1123 207 1151 ώπιον
224 1123 338 1160 Κυρίου.
349 1122 462 1154 δυνατός
475 1123 550 1149 ἔστιν
566 1122 580 1147 ὁ
595 1120 742 1156 εὐεργέτης
757 1119 805 1147 καὶ
814 1118 913 1150 αὐτοὺς

119 1171 239 1206 ἐλεῆσαι.
258 1170 295 1196 οὐ
310 1169 365 1205 γάρ
382 1177 409 1196 τι
430 1168 531 1204 φαῦλον
551 1167 655 1202 γίνεται
681 1166 736 1194 ἀπὺ
756 1164 911 1201 μετανοίας.

119 1216 233 1251 Δέχεται
246 1212 293 1242 οὖν
309 1214 372 1246 τοὺς
389 1213 586 1249 μετανοοῦντας
599 1213 615 1240 ὸ
627 1211 731 1247 Κύριος
741 1211 788 1238 καὶ
799 1211 817 1246 ἡ
827 1209 911 1237 αὑτοῦ

126 1260 274 1296 Ἐκκλησία
282 1268 289 1275 ·
301 1260 339 1291 ὡς
349 1258 499 1295 ἐπέστρεψε
513 1258 662 1293 Μανασσῆς
674 1258 689 1284 ὁ
701 1256 759 1288 υίὸς
779 1255 912 1288 Ἐζεκίου,

120 1307 169 1334 καὶ
189 1306 286 1342 ἐδέχθη
313 1305 364 1332 ὑπὸ
389 1305 510 1341 Κυρίου·
528 1304 576 1331 καὶ
594 1305 610 1330 ὁ
629 1302 819 1339 ἀρνησάμενος
843 1300 913 1337 πρὸς

119 1353 196 1389 ὥραν
213 1353 290 1387 ἀγιος
306 1351 419 1387 Πέτρος,
434 1351 481 1378 καὶ
495 1350 709 1387 κορυφαιότατος
725 1349 780 1376 τῶν
794 1347 911 1375 ἀποστό-

121 1398 186 1431 λων,
207 1399 237 1430 ὃς
255 1397 367 1433 γέγονεν
389 1397 456 1433 ἡμῖν
473 1396 582 1433 ἀληθῶς
606 1395 705 1431 στερεά
726 1395 814 1431 πέτρα
831 1393 913 1430 θεμε-

121 1444 217 1471 λιοῦσα
230 1443 280 1479 τὴν
300 1443 392 1470 πίστιν
409 1443 455 1470 τοῦ
479 1442 602 1479 Κυρίου·
618 1442 660 1476 ἐφ’
718 1441 877 1477 ᾠκοδόμητο
896 1441 913 1476 ἡ

127 1488 275 1523 Ἐκκλησία
286 1487 357 1516 κατὰ
371 1487 460 1515 πάντα
474 1488 583 1524 τρόπον.
600 1487 712 1523 Πρῶτον
723 1487 773 1522 μιν
788 1487 829 1514 ὅτι
842 1487 915 1523 ὡμο-

121 1532 222 1570 λόγησε
237 1534 353 1570 Χριστὸν
375 1534 421 1562 τὸν
437 1534 501 1561 Υἱδν
518 1534 565 1561 τοῦ
584 1533 652 1561 Θεοῦ
672 1533 719 1560 τοῦ
740 1533 852 1566 ζῶντος,
866 1533 914 1560 καὶ

122 1580 250 1616 ἣκουσιν,
272 1581 314 1607 δτι
338 1580 405 1608 Ἐπὶ
426 1579 463 1615 τῇ
480 1580 572 1615 πέτρᾳ
596 1580 689 1615 ταύτῃ
713 1579 765 1615 τῆς
790 1579 914 1614 ἀσφαλῆς

123 1626 242 1659 πίστεως
251 1626 438 1662 οἰκοδομήσω
444 1635 504 1661 μου
515 1626 573 1661 τὴν
590 1626 785 1660 Ἐκκλησίαν.
802 1626 912 1662 Ἐπειδὴ

125 1672 218 1706 σαφῶς
232 1656 324 1699 ἀὑτὸν
339 1656 514 1706 ὦμὸλόίησεν
530 1656 594 1698 mi
616 1656 753 1706 ἀληθινόν.
773 1671 835 1705 np
857 1656 912 1707 γάῥ
925 1656 949 1686 (ἶ

113 1718 221 1752 ,εί-κεῖν,
256 1716 321 1744 Υἱδν
343 1715 412 1743 Θεοῦ
438 1715 555 1748 ζῶντος,
584 1715 687 1748 ἔδειξεν
709 1716 775 1743 Υἱὸν
801 1716 911 1753 γνήσιον

123 1762 205 1797 εἶναι,
222 1763 292 1799 μετὰ
304 1763 463 1799 προσθήκης
475 1761 535 1798 τῆς,
547 1760 666 1795 ζῶντος,
680 1762 718 1796 ὡς
731 1763 761 1790 ὲν
774 1762 850 1799 πάσῃ
865 1771 912 1798 μοι

125 1807 220 1843 σχεδὸν
233 1806 338 1843 αἱρέσει
355 1806 420 1843 περὶ
435 1805 530 1833 τούτου
546 1806 665 1842 εἴρηται.

162 1939 202 1966 Η¹.
222 1938 303 1965 Ἀλλά
315 1938 363 1965 καὶ
383 1937 447 1973 περὶ
460 1937 508 1965 τοῦ
527 1937 606 1972 ἀγίου
625 1937 784 1974 Πνεύματος
801 1939 817 1966 ό
832 1939 913 1972 αὐτὸς

124 1985 303 2021 ἀσφαλίζεται
328 1986 412 2021 ἡμᾶς,
434 1985 523 2020 λέγων
543 1987 600 2018 τοῖς
623 1987 688 2022 περὶ
712 1986 854 2014 Ἁνανίαν·
883 1988 914 2015 Τί

125 2032 171 2059 ὅτι
198 2032 358 2066 ἐπείρασεν
381 2032 458 2067 ὑμᾶς
479 2034 496 2059 d
520 2032 666 2065 Σατανᾶς,
684 2034 856 2067 ψεύσασθαι
879 2034 914 2062 τὸ

125 2078 247 2113 Πνεῦμα
259 2078 291 2104 τὸ
305 2078 407 2112 (irier;
419 2079 480 2105 οὐκ
487 2078 631 2112 ἀνθρώπῳ
641 2078 824 2113 ἐψεύσασθε,
834 2080 916 2107 ἀλ.λά

125 2124 166 2157 τῷ
178 2124 248 2157 Θεῷ.
265 2124 338 2151 Διότι
350 2125 383 2151 ὲκ
397 2124 464 2151 Θεοῦ
474 2124 504 2150 τὸ
518 2124 639 2160 Πνεῦμα,
654 2125 701 2152 καὶ
712 2125 762 2152 οὑκ
776 2125 915 2161 ἀλλότριον

125 2171 206 2198 Θεοῦ.
230 2170 310 2197 Ἀλλά
330 2170 378 2197 καὶ
404 2170 522 2197 ἐνταῦθα
538 2171 636 2206 στερεὰ
659 2171 747 2207 πέτρα
771 2172 916 2208 οἰκοδομῆς

126 2218 174 2244 καὶ
190 2216 314 2252 θεμέλιος
328 2216 402 2243 οἴκου
417 2216 484 2243 Θεοῦ
497 2218 653 2252 γεγένηται,
665 2217 694 2243 ὲν
705 2217 743 2253 τῷ
759 2218 916 2253 ἀρνησάμε-

126 2273 172 2292 νον
183 2263 263 2290 αὑτὸν
274 2263 320 2290 καὶ
332 2262 413 2289 πάλιν
430 2261 647 2298 ὑποστρέψαντα,
661 2264 806 2299 εὑρεθέντα
821 2273 850 2291 τε
864 2265 917 2291 ὑπὸ

962 1028 1044 1064 500
1067 1028 1188 1064 prolapsi
1206 1033 1282 1062 sunt.
1298 1029 1389 1056 ‘etiam
1417 1029 1486 1061 illis,
1510 1028 1534 1056 si
1559 1029 1586 1055 in
1609 1034 1690 1055 sacco
1720 1034 1754 1054 ac

961 1076 1055 1103 cinere
1065 1075 1194 1103 sedentes
1202 1083 1352 1112 coramque
1363 1075 1480 1103 Domino
1489 1075 1596 1107 ﬁentes,
1604 1074 1752 1110 perfectam

961 1129 1017 1156 prae
1038 1129 1069 1149 se
1090 1121 1283 1157 paenitentiam
1311 1122 1436 1155 tulerint,
1459 1122 1598 1150 beneﬁcus
1620 1120 1666 1147 ille
1683 1119 1756 1147 Deus

962 1167 1181 1195 misericordiam
1218 1167 1349 1196 adhibere
1378 1171 1479 1203 potest.
1516 1166 1589 1194 Nihil
1619 1166 1691 1194 enim
1720 1173 1753 1192 ex

962 1213 1122 1248 pcenilentia
1139 1214 1204 1240 mali
1220 1213 1371 1247 ,redundat.
1390 1213 1498 1249 Excipit
1513 1222 1578 1249 ergo
1592 1214 1755 1249 pmnitenles

963 1258 1101 1293 Dominus,
1137 1266 1245 1286 necnon
1273 1259 1335 1294 ejus
1362 1258 1497 1293 Ecclesia,
1523 1259 1754 1294 quemadmodum

962 1304 1104 1334 Monaeses
1120 1305 1243 1333 Ezechiae
1262 1305 1334 1334 ﬁlius
1350 1314 1499 1334 conversus
1509 1309 1562 1337 est,
1573 1309 1600 1333 et
1613 1313 1627 1332 ο
1640 1305 1757 1333 Domino

963 1355 1091 1386 receptus
1105 1351 1129 1383 ⁸,
1149 1351 1268 1386 itemque
1290 1352 1418 1387 princeps
1438 1352 1623 1386 apostolorum
1645 1351 1755 1384 Petrus,

962 1396 1009 1431 qui
1049 1395 1196 1423 Dominum
1233 1396 1382 1431 aliquando
1410 1397 1531 1432 negavit.
1562 1397 1614 1430 Qui
1644 1398 1756 1432 quidem

963 1441 1058 1469 solidae
1078 1446 1162 1476 petrae
1192 1441 1279 1469 instar
1293 1442 1374 1470 nobis
1390 1443 1504 1475 exstitit,
1518 1443 1561 1470 cui
1576 1443 1649 1470 velut
1664 1443 1757 1471 funda‘

962 1491 1055 1514 mento
1073 1486 1178 1514 Domini
1195 1487 1262 1515 ﬁdes
1277 1488 1418 1520 innititur,
1435 1497 1517 1524 supra
1537 1497 1618 1524 quam
1634 1489 1756 1517 Ecclesia

963 1533 1052 1561 modis
1075 1533 1202 1562 omnibus
1225 1538 1365 1562 exstructa
1380 1539 1432 1562 est.
1460 1534 1489 1562 In
1511 1535 1607 1569 primis
1633 1535 1755 1570 quidem,

967 1579 1041 1614 quod
1055 1579 1197 1607 Christum
1219 1579 1266 1608 Dei
1281 1580 1335 1607 vivi
1349 1579 1448 1607 Filium
1463 1588 1526 1608 esse
1539 1581 1684 1609 confessus
1702 1587 1755 1612 est,

965 1624 1047 1660 idque
1073 1625 1196 1653 vicissim
1221 1625 1328 1653 audiit:
1345 1625 1433 1660 Supra
1460 1626 1529 1653 hanc
1562 1627 1658 1654 solidae
1689 1626 1752 1654 ﬁdei

963 1674 1067 1705 petram
1103 1671 1242 1706 wdiﬁcabo
1275 1671 1424 1699 Ecclesium
1463 1681 1549 1699 meam
1567 1673 1587 1700 '.
1620 1672 1756 1706 Quoniam

962 1716 1065 1744 diserte
1092 1724 1187 1745 verum
1215 1717 1291 1745 illum
1320 1726 1382 1746 esse
1411 1717 1510 1746 Filium
1536 1720 1666 1747 asseruit.
1688 1721 1757 1748 Cum

962 1763 1035 1790 enim
1057 1762 1111 1790 vivi
1133 1762 1179 1790 Dei
1204 1761 1302 1790 Filium
1325 1763 1395 1790 dixit
1409 1764 1430 1796 ⁸,
1460 1764 1566 1798 adjecta
1601 1765 1652 1791 viri
1671 1766 1757 1800 parti-

963 1809 1036 1840 cula,
1049 1815 1211 1844 germanum
1224 1809 1300 1836 illum
1316 1817 1382 1836 csse
1400 1808 1499 1836 Filium
1515 1810 1619 1838 docuit.
1640 1810 1669 1837 Id
1682 1811 1758 1846 quod

963 1855 992 1883 in
1010 1855 1138 1882 omnibus
1157 1863 1227 1891 pene
1244 1855 1399 1884 refutandis
1423 1856 1576 1885 haeresibus
1589 1864 1604 1884 a
1627 1857 1708 1885 nobis
1720 1865 1759 1885 re-

964 1901 1077 1937 petitum
1093 1901 1278 1929 meminimus.

1001 1946 1070 1974 VIII.
1089 1946 1176 1975 Porro
1186 1947 1221 1975 de
1237 1947 1342 1983 Spiritu
1365 1951 1462 1976 sancto
1482 1948 1554 1976 idem
1572 1949 1618 1977 ille
1633 1957 1685 1978 nos
1707 1949 1760 1979 Pc-

965 1997 1026 2021 trus
1040 1993 1176 2021 certiores
1190 1992 1285 2025 efﬁcit,
1301 2001 1364 2021 cum
1380 1994 1421 2021 sic
1439 1994 1573 2021 Ananiam
1592 1994 1757 2029 alloquitur:

965 2039 1037 2072 Quid
1062 2040 1151 2074 utique
1172 2039 1282 2066 tentari!
1301 2047 1346 2066 vos
1370 2038 1497 2072 Salamis,
1513 2041 1621 2068 mentiri
1637 2040 1757 2075 Spiritui

965 2086 1077 2113 sancto?
1102 2084 1165 2111 Non
1187 2085 1288 2111 homini
1311 2086 1414 2113 mentiti
1436 2087 1511 2118 estis,
1532 2086 1578 2114 sed
1595 2086 1677 2114 Deo’.
1700 2086 1759 2114 Hoc

966 2129 1041 2157 enim
1055 2137 1089 2157 eo
1103 2128 1207 2156 dictum
1226 2133 1279 2161 est,
1301 2130 1374 2165 quod
1396 2138 1429 2158 ex
1448 2131 1505 2159 Deo
1525 2131 1645 2167 Spiritus
1666 2132 1758 2167 profe-

967 2180 1030 2203 ctus
1045 2175 1092 2206 sit.
1111 2183 1162 2203 nec
1182 2175 1216 2203 ab
1231 2183 1265 2204 eo
1279 2176 1315 2204 sit
1329 2177 1445 2204 alienus.
1461 2177 1561 2206 Verum
1581 2181 1608 2205 et
1631 2178 1677 2206 ille
1693 2186 1760 2214 quo-

966 2229 1020 2256 que
1035 2221 1210 2249 ﬁrmissimus
1230 2225 1377 2250 structurae
1394 2223 1474 2258 lapis,
1494 2231 1528 2250 ac
1545 2223 1644 2251 divinae
1660 2224 1760 2252 domus

968 2266 1178 2294 fundamentum
1193 2267 1255 2300 fuit,
1270 2275 1333 2294 cum
1347 2273 1446 2304 negato
1457 2269 1569 2297 Christo
1582 2277 1710 2298 reversus
1724 2270 1760 2297 ad

127 2309 230 2345 Κυρίου
244 2309 292 2336 καὶ
308 2308 510 2341 καταξιωθέντα
524 2309 606 2336 πάλιν
626 2309 758 2337 ἀκοῦσαν
777 2311 912 2346 Ποίμαινε

977 2320 1051 2343 sese,
1077 2313 1152 2340 velut
1182 2318 1307 2349 repertus
1322 2321 1337 2341 a
1357 2314 1484 2348 Domino,
1509 2320 1536 2342 et
1559 2316 1663 2343 honore
1682 2320 1761 2343 tanto

127 2356 164 2383 τὰ
177 2355 311 2390 πρόϐατά
318 2363 388 2390 μου·
404 2355 462 2387 καὶ,
474 2355 616 2390 Ποίμαινε
627 2355 663 2382 τὰ
675 2356 763 2390 ἀρνία
777 2366 847 2391 μου·
858 2358 916 2391 καὶ,

127 2402 269 2436 Ποίμαινε
281 2401 317 2428 τὰ
333 2400 465 2435 πρόϐατά
479 2410 550 2436 μου.
574 2402 603 2428 '0
615 2401 670 2437 γὰρ
689 2402 817 2438 Χριστὸς,
839 2403 919 2431 τοῦτο

127 2447 224 2482 λέγων,
245 2448 285 2478 είς
308 2447 474 2483 ἐπιστροφὴν
490 2448 564 2483 ἡμᾶς
580 2449 668 2484 ἤγαγε
697 2449 855 2484 μετανοίας·
874 2451 918 2477 ἴνα

127 2493 157 2520 ὲν
171 2493 246 2528 αὺτῷ
266 2493 347 2520 πάλιν
372 2493 561 2529 οἰκοδομηθείη
584 2495 601 2529 ἡ
624 2494 853 2529 εὐθεμελιώτατος
871 2497 918 2524 περ

129 2543 199 2566 στις,
214 2536 230 2570 ἡ
245 2535 283 2571 μὴ
295 2536 507 2572 ἀπαγορεύουσα
523 2537 597 2573 ζωὴν
615 2538 670 2565 τῶν
685 2538 849 2573 ἀνθρώπων,
861 2538 919 2565 ὅσοι

126 2581 275 2616 ὲμπνέουσι
301 2581 341 2617 τῷ
369 2581 430 2618 βίῳ,
461 2583 508 2610 καὶ
535 2584 713 2619 μετανοοῦσιν
739 2585 769 2611 ἐν
791 2583 918 2620 ἀληθείᾳ,

165 2662 173 2677 ¹
194 2660 226 2690 F.
240 2661 290 2697 τῷ.
329 2662 340 2698 τ
352 2661 450 2698 Matth.
462 2669 490 2694 v,
503 2662 548 2698 57.
612 2662 623 2677 ⁸
635 2661 719 2690 Eccli.
732 2671 817 2698 xxv",
829 2665 857 2694 2.

129 2696 208 2724 'Act.
226 2706 252 2730 v,
263 2696 290 2724 9.
325 2697 337 2713 '
347 2696 427 2725 Joan.
444 2705 502 2730 XXI,
516 2697 548 2724 I5
559 2705 621 2733 sqq.

165 2788 221 2824 (I4)
246 2787 293 2824 Ὠς
306 2787 373 2822 γὰρ,
392 2788 498 2822 φησιν,
518 2789 536 2815 ὁ
553 2788 722 2822 πάσσαλος.
741 2788 862 2821 Mutatis.
886 2797 916 2820 ut

130 2823 208 2856 solet,
225 2823 314 2851 verbis
337 2824 427 2850 locum
454 2824 536 2851 istum
566 2825 689 2859 protulit.
708 2825 755 2859 qui
780 2826 815 2851 ita
830 2825 911 2851 Etrcli.

131 2866 204 2886 um
223 2862 423 2893 conceptusest
442 2867 449 2886 :
472 2859 621 2895 Ἀνομέσον
638 2859 746 2887 λιθίνων
765 2862 917 2897 παγήσεται

922 2667 933 2683 ⁸
947 2667 969 2696 ll
981 2668 1044 2697 Par.
1066 2679 1162 2704 sum,
1174 2672 1217 2700 l3.

970 2358 1094 2390 aﬁ‘ectus,
1109 2358 1194 2386 audiit
1211 2369 1218 2387 :
1235 2359 1320 2387 Pasce
1330 2368 1389 2388 oves
1401 2369 1472 2388 mea:
1487 2369 1497 2394 ;
1518 2365 1546 2389 et
1562 2371 1568 2388 :
1585 2361 1669 2389 Pasce
1678 2370 1761 2397 agnos

971 2411 1042 2431 meos
1055 2412 1064 2436 ;
1084 2411 1116 2431 ac
1138 2405 1238 2433 tertio:
1253 2405 1340 2434 Pasce
1358 2415 1416 2434 oves
1432 2415 1502 2434 meas
1513 2408 1534 2435 ⁸.
1552 2406 1619 2441 Quae
1633 2407 1761 2436 Christus

971 2457 1037 2478 cum
1052 2450 1132 2484 dixit,
1156 2452 1191 2479 ad
1209 2453 1378 2487 pmnitentia:
1392 2462 1444 2481 nos
1457 2454 1665 2482 conversionem
1680 2455 1762 2482 indu-

973 2496 1024 2528 xit.
1044 2505 1099 2533 quo
1115 2505 1226 2526 rursum
1246 2499 1276 2527 in
1298 2500 1345 2527 illo
1367 2500 1533 2528 solidissima
1556 2501 1668 2529 fundata
1693 2501 1762 2530 ﬁdes

972 2543 1165 2578 aedificaretur,
1180 2553 1242 2580 qua:
1256 2546 1324 2573 nulli
1341 2546 1483 2574 hominum
1504 2547 1587 2574 vitam
1600 2555 1632 2575 ac
1645 2547 1762 2575 salutem

972 2591 1128 2625 subtrahit,
1154 2594 1277 2630 quandiu
1305 2595 1358 2622 vivi
1389 2602 1421 2622 ac
1438 2595 1575 2630 spirantes
1591 2601 1665 2628 sunt,
1678 2600 1762 2630 atque

1273 2674 1284 2689 '
1305 2673 1400 2702 Matth.
1432 2683 1488 2707 xw,
1502 2675 1545 2703 i8.
1600 2676 1610 2691 ⁸
1628 2675 1695 2702 ibid.
1712 2675 1760 2702 l6.

970 2792 1120 2831 πάσσαλος,
1141 2794 1350 2831 καὶΔάναμὲσον
1379 2796 1505 2831 πράσεως
1530 2795 1576 2822 καὶ
1603 2793 1763 2830 ἀγορασμοῦ

970 2828 1180 2864 συντριϐήσεται
1193 2828 1327 2865 ἁμαρτία,
