1958 3050
185 137 251 165 ιοῑι

890 134 920 162 S.
941 133 1113 163 EPlPHANlI

1748 136 1820 166 1059

184 205 217 225 ex
242 197 335 225 animo
345 197 538 233 penitentiam
559 195 724 231 suscipiunt,
741 202 773 223 ac
788 193 907 230 denique
922 203 971 223 sua

1026 197 1070 223 καὶ
1085 196 1253 232 διορθοῦνται
1269 196 1303 223 τὰ
1327 195 1433 222 έαυτῶν
1455 193 1602 230 σφάλματα
1627 194 1657 221 ἑν
1675 194 1714 230 τῷ
1739 197 1819 225 αἰῶνι

184 243 211 270 in
228 242 278 270 hoc
290 243 394 269 mundo
410 241 511 269 delicta
525 242 676 276 corrigunt.

221 289 268 316 IX.
302 288 443 323 Siquidem
470 281 501 315 in.
537 287 652 315 Cantico
679 287 848 315 canticorum
879 288 974 316 eadem

166 368 168 373 ν
184 341 285 369 sponsa
304 334 376 361 ltunc
391 334 418 360 in
435 334 546 360 modum
557 340 660 368 sponso
674 333 813 369 loquitur:
828 333 975 368 Respondet

184 380 269 414 frater
295 389 380 413 metu,
399 385 424 407 et
436 380 502 407 dicit
516 379 580 406 mihi
594 386 602 405 :
616 378 710 414 Surge,
726 381 874 415 propinqua
898 389 974 414 mea,

185 426 303 461 formosa
327 435 395 458 mea,
416 426 538 453 columba
551 434 626 458 nica;
643 427 769 462 quoniam
788 427 869 454 hiems
885 433 975 455 trans-

183 471 250 498 iit':
265 472 316 499 hoc
326 476 378 506 est,
396 471 483 499 tristis
498 472 555 503 illa.
568 479 600 499 ac
615 471 758 500 tenebrosa
777 473 973 509 terribilisque.

183 520 214 544 ιιι
228 517 264 544 ita
294 516 395 548 dicam,
422 517 583 544 nebularum
613 517 704 552 caligo
736 519 858 546 transiit.
888 519 976 547 Imber

184 563 260 595 abiit,
275 568 300 590 et
313 563 428 594 recessit,
442 563 520 597 ﬂores
535 568 715 597 apparuerunt
731 563 759 596 in
774 568 846 591 terra
861 569 953 592 nostra
964 573 975 592 :

184 614 284 643 tempus
305 609 453 642 putationis
475 609 578 636 advenit
593 616 601 634 :
617 616 666 635 vox
681 609 794 637 turturis
819 610 913 637 audita
935 616 975 638 est

183 655 210 680 in
227 659 298 681 terra
325 659 417 681 nostra
440 662 449 680 :
462 655 529 689 ficus
548 655 659 689 protulit
681 663 788 690 grano:
803 656 881 691 501
898 665 972 689 suos,

183 702 264 728 vincte
289 705 387 728 nostra:
411 701 606 735 geminorum,
625 700 754 728 dederunt
772 702 880 730 adorem
893 704 914 730 '.
939 703 974 730 Ut

183 747 323 782 praeterita
338 748 430 774 omnia
448 747 594 775 transiisse
616 751 793 781 monstraret,
811 756 843 776 ac
859 757 973 777 vernum

183 793 264 820 modo
289 797 398 828 tempus
415 792 522 825 ﬂorere,
544 797 672 828 pacatum
691 801 766 822 mare
788 802 820 821 ac
841 795 974 830 tranquil—

183 840 239 866 lum
265 847 339 871 esse,
370 839 499 866 imbrium
529 839 655 867 timorem
680 840 855 875 pmteriisse,
881 846 973 869 vetera

1026 250 1121 268 τουτω.

1060 288 1098 314 ϐ’.
1119 287 1174 314 Καὶ
1191 287 1220 314 ὲν
1237 287 1276 322 τῷ
1297 287 1419 322 ’ᾼσματι
1433 285 1487 312 τῶν
1503 286 1634 320 ᾀσμάτων
1648 285 1700 322 ἔφη
1718 287 1787 323 αὑτὴ
1801 290 1817 323 ἡ

1025 333 1119 369 νύμφη
1138 333 1205 369 πρὸς
1219 333 1264 360 τὸν
1288 333 1405 368 νυμφίον
1422 332 1557 366 λέγουσα·
1582 333 1787 367 Ἀποκρινεται
1803 336 1820 360 ό

1025 379 1156 414 ἀδελφός
1167 389 1237 414 μου,
1263 379 1312 406 καὶ
1329 378 1411 414 λέγει
1432 387 1501 413 μοι·
1527 378 1667 412 Ἀνάστα,
1689 379 1771 411 ἐλθὲ,
1798 381 1818 414 ἡ

1025 426 1160 460 πλησίον
1177 434 1256 461 μου·
1274 425 1353 460 καλή
1373 433 1444 459 μου,
1464 424 1624 458 περιστερά
1641 433 1717 459 μου·
1735 425 1780 451 ὅτι
1802 426 1820 452 ὁ

1025 472 1135 507 χειμὼν
1162 472 1312 506 παρῆλθε·
1327 471 1363 498 τὰ
1387 471 1508 507 στυγερὰ
1528 479 1558 498 τε
1577 471 1625 498 καὶ
1637 470 1743 506 ζοφώδη
1766 471 1818 506 τῆς

1026 518 1179 552 συννεφίας,
1204 517 1253 544 καὶ
1277 516 1467 553 φοϐερώτατα,
1486 517 1524 548 ὡς
1547 517 1644 548 εἰπεῖν,
1666 516 1816 552 παρῆλθεν.

1032 563 1063 589 '0
1079 563 1166 596 ὑετὸς
1179 562 1327 596 ἀπῆλθεν,
1335 563 1480 598 ἐπορεύθη
1491 563 1596 595 ἐαυτῷο
1604 562 1640 590 τὰ
1648 562 1724 597 ἄνθη
1733 562 1815 597 ὤφθη

1024 609 1059 636 ἐν
1073 608 1110 643 τῇ
1122 609 1160 644 τῇ
1172 609 1272 644 ἡμῶν·
1288 611 1304 637 ὁ
1321 609 1423 644 καιρὸς
1431 609 1485 643 τῆς
1493 609 1588 644 τομῆς
1598 609 1721 644 ἔφθασε·
1731 609 1815 644 φωνὴ

1024 655 1079 689 τῆς
1102 657 1246 691 τρυγόνος
1263 657 1399 690 ἠκούσθη
1419 656 1454 682 ἐν
1470 655 1507 689 τῇ
1523 655 1561 690 τῇ
1578 655 1677 691 ἡμῶν·
1696 657 1714 689 ἡ
1734 655 1816 691 συκῆ

1024 702 1167 736 ἐξήνεγκε
1179 702 1250 736 τοὺς
1265 703 1414 734 ὀλύνθους
1427 701 1532 736 αὐτῆς,
1551 703 1580 728 ιιι
1591 702 1718 736 ἄμπελοι
1731 701 1816 736 ἡμῶν

1024 747 1231 782 κυπρίζουσιν,
1252 748 1369 775 ἔδωκαν
1386 747 1502 783 ὀσμήν
1523 747 1566 774 ἵνα
1581 747 1655 784 δείξῃ
1675 749 1764 775 πάντα
1780 749 1816 776 τὰ

1024 795 1213 830 παρῳχημένα
1232 794 1401 830 παρελθόντα
1413 803 1420 809 ·
1436 794 1516 829 ἔαρος
1531 793 1559 820 δὲ
1580 793 1643 829 ἄρτι
1658 793 1813 825 ἀνθοῦντος,

1023 841 1072 868 καὶ
1088 840 1225 876 θαλάσσης
1243 840 1415 876 γαληνιώσης
1436 848 1476 873 τε,
1497 840 1544 866 καὶ
1563 839 1647 874 φόϐου
1668 840 1715 866 τοῦ
1734 839 1814 867 ὑετοῦ

183 890 322 913 sarmenta
337 886 400 913 vitis
423 889 574 920 amputata,
596 886 696 913 herbas
716 894 799 921 porro
819 895 874 914 non
891 888 972 915 modo

1026 886 1180 919 διελθόντος,
1199 887 1246 913 καὶ
1265 887 1319 914 τῶν
1334 885 1458 913 παλαιῶν
1477 886 1525 921 τῆς
1537 885 1660 921 ἀμπέλου
1674 886 1815 922 τετμημέ-

182 933 330 964 virescere,
347 931 395 960 sed
418 936 446 960 et
469 931 551 959 ﬂores
572 931 701 961 edidisse.
718 933 787 959 Cum
803 937 829 960 et
844 933 974 968 praedica-

183 979 268 1006 tionis
293 985 345 1005 νοτ
371 978 397 1005 in
422 977 542 1010 deserto.
572 977 625 1005 hoc
651 982 694 1006 est
719 978 747 1005 in
774 983 846 1006 terra
869 985 973 1012 nostra,

181 1024 335 1057 clamaret;
354 1031 386 1052 ac
402 1025 471 1051 licus
487 1024 533 1051 illa
546 1024 683 1059 quondam
699 1029 842 1052 exsecrata
860 1033 974 1060 grossos

182 1077 249 1098 suos
267 1070 442 1106 produceret.
459 1070 589 1098 nimirum
607 1071 776 1106 poenitentia:
793 1071 909 1104 fructus.
926 1072 973 1108 qui

182 1117 209 1143 in
229 1116 311 1143 ramis
327 1120 391 1144 sunt
406 1116 606 1151 arboribusque
629 1117 791 1152 conspicui;
812 1118 881 1146 vites
895 1119 974 1146 deni-

181 1170 235 1197 que
260 1162 396 1197 parturire
415 1163 505 1196 ﬂores,
531 1162 558 1190 id
573 1166 615 1190 est
632 1163 796 1198 fragrantem
811 1166 974 1201 evangelica:

185 1207 248 1235 ﬁdei
279 1207 502 1244 przedicationem
523 1209 682 1244 cepissent.
708 1209 856 1245 Postquam
882 1217 972 1239 autem

182 1254 274 1281 subito
296 1262 357 1282 eam
381 1255 569 1289 compellavit,
601 1262 633 1282 ac
660 1256 751 1283 dixit:
768 1255 869 1292 Surge.
905 1259 972 1286 veni.

184 1299 273 1335 Surge
299 1308 314 1327 a
339 1304 427 1327 morte
443 1304 630 1335 peccatorum,
656 1305 684 1329 et
710 1302 771 1329 veni
797 1303 823 1330 in
847 1303 972 1338 iustitia,-

182 1353 265 1380 surge
292 1353 307 1372 a
329 1346 448 1379 delicto,
475 1350 503 1374 ct
529 1347 590 1374 veni
618 1355 680 1374 cum
707 1347 824 1382 ﬂducia;
849 1358 931 1385 surge
957 1358 973 1377 a

181 1391 312 1426 peccatis.
329 1395 357 1418 et
366 1391 428 1419 veni
446 1391 479 1418 ad
496 1392 701 1427 pmnitentiam;
723 1401 806 1429 surge
824 1395 859 1422 ab
875 1395 972 1423 aﬂ'ecla

180 1436 349 1468 valetudine.
368 1440 395 1464 et
415 1437 476 1464 veni
493 1437 521 1463 in
542 1437 678 1471 sanitate;
703 1446 785 1474 surge
805 1440 839 1467 ab
862 1440 974 1468 intideli-

181 1486 248 1513 tate.
276 1486 304 1510 et
320 1482 382 1510 veni
407 1483 435 1509 in
462 1481 529 1516 ﬂde;
552 1491 634 1511 surae
654 1491 669 1511 a
686 1485 850 1520 perditione,
868 1491 896 1514 et
911 1486 973 1515 veni

182 1527 210 1554 in
225 1527 444 1563 recuperatione.

217 1657 256 1685 Ac
271 1665 334 1685 cum
351 1657 493 1694 Scriptura
517 1667 596 1688 sacra
617 1667 792 1698 nequaquam
817 1663 969 1700 ignoraret,

182 1708 245 1739 post
273 1704 390 1740 priorem
421 1706 632 1740 penitentiam,
663 1715 696 1735 ac
723 1709 913 1742 vocationem.
944 1715 972 1739 et

183 1749 341 1783 sanitatem,
370 1753 400 1777 ut
424 1751 462 1778 ita
478 1751 579 1784 dicam.
597 1753 800 1788 quamplurima
815 1754 843 1782 in
859 1761 971 1791 peccata

183 1795 334 1824 humanum
364 1805 452 1832 genus
480 1797 611 1830 incidere,
629 1799 666 1826 ita
692 1807 800 1828 rursum
831 1801 970 1836 loquitur:

183 1841 278 1877 Surge,
294 1843 361 1875 veni,
379 1843 503 1870 columba
520 1852 578 1871 mea
587 1853 599 1877 ;
617 1853 669 1873 nec
680 1847 776 1878 semel,
790 1847 837 1875 sed
851 1849 973 1877 secundo

184 1888 272 1923 ipsam
291 1889 421 1924 appellat,
445 1889 483 1916 ita
499 1894 529 1917 ut
541 1891 678 1926 posterior
690 1892 776 1927 priori
790 1894 900 1921 vocatio
917 1902 972 1922 non

184 1934 221 1961 sit
236 1934 360 1970 aequalis.
376 1933 445 1961 Nam
466 1935 495 1962 in
521 1936 606 1971 priori
630 1937 671 1964 sic
696 1937 770 1965 illam
801 1939 970 1974 alloquitur:

183 1979 278 2015 Surge,
292 1980 444 2015 propinqua
458 1989 526 2013 mea.
547 1982 665 2017 formosa
683 1992 752 2018 mea,
769 1985 891 2012 columba
904 1995 972 2014 mea.

184 2025 304 2052 Primum
330 2026 414 2062 igitur
428 2035 435 2053 :
466 2026 559 2063 Surge,
579 2029 648 2062 veni,
661 2028 749 2057 dixit:
765 2038 820 2058 non
833 2036 933 2066 autem,
945 2035 971 2059 et

184 2072 241 2099 ιισηὶ
257 2077 295 2098 ιιι.
309 2071 346 2098 At
367 2072 395 2100 in
412 2074 534 2101 secunda
549 2075 696 2103 articulum
713 2077 823 2111 adjecit.
840 2082 871 2105 ut
885 2077 974 2106 diver-

184 2126 243 2146 sam
264 2118 300 2146 ab
318 2118 404 2146 altera
424 2120 598 2148 vocationem
619 2129 682 2150 esse
705 2122 888 2158 signiﬂcaret;
914 2132 975 2160 qua:

184 2169 287 2197 tamen,
303 2169 365 2200 post
400 2166 620 2200 prioremillam,
642 2167 787 2204 benignam
809 2177 920 2198 manum
944 2178 976 2198 ac

183 2212 323 2239 cmlestem
345 2211 517 2239 clementiam
547 2213 713 2241 ostenderet.
733 2213 768 2241 Et
785 2216 853 2248 veni,
874 2216 974 2252 inquit,

184 2257 307 2284 columba
325 2265 394 2290 mea,
409 2257 437 2284 in
454 2262 554 2292 tegmen
574 2263 655 2292 petra:
669 2267 750 2294 prope
768 2262 933 2289 antemurate
949 2262 971 2288 ³.

186 2302 219 2330 In
234 2308 334 2338 tegmen
344 2308 426 2338 petra:
434 2303 513 2336 dixit,
529 2303 581 2332 hoc
592 2309 644 2337 est,
653 2305 756 2333 Christi
777 2307 972 2343 benignitatem

184 2349 457 2384 misericordiamque
485 2349 605 2378 Domini.
635 2350 693 2379 Hoc
725 2352 798 2380 enim
825 2357 867 2381 est
892 2359 973 2388 petua

186 2399 307 2430 tegmen;
334 2401 454 2431 tegmen,
470 2397 594 2432 inquam,
609 2397 679 2432 spei.
698 2398 760 2426 tidei
776 2402 858 2434 atque
870 2400 970 2428 verita-

185 2440 231 2468 tis.
262 2439 348 2475 Prope
372 2442 540 2469 antemurale
564 2449 639 2476 vero,
667 2443 720 2470 hoc
743 2448 796 2476 est.
824 2449 973 2481 antequam

185 2489 265 2520 porta
286 2486 440 2519 claudatur,
465 2492 612 2523 antequam
629 2487 685 2517 Rex
711 2491 897 2526 introgressus
918 2499 973 2519 non

185 2531 303 2566 amplius
319 2537 380 2567 post
400 2533 504 2560 exitum
518 2534 553 2561 ab
565 2534 618 2561 hac
638 2535 695 2562 vita
709 2541 882 2572 mortemque
897 2538 972 2565 reci-

186 2578 252 2614 piat.
272 2578 341 2605 Cum
365 2585 419 2606 non
442 2579 560 2615 amplius
572 2588 657 2617 prope
672 2583 844 2611 antemurale
859 2591 972 2617 sumus;

187 2625 235 2653 sed
261 2625 361 2653 clausae
388 2629 452 2653 sunt
478 2630 573 2662 portae,
588 2627 724 2656 necullus
747 2629 912 2657 emendandi
927 2629 972 2658 sui

187 2671 266 2698 locus
281 2674 335 2699 est.

226 2781 234 2796 '
249 2780 327 2808 Cant.
339 2789 369 2814 II,
384 2781 427 2813 10,
444 2781 487 2809 Η.
525 2783 535 2797 ¹
546 2782 613 2810 ibid.
627 2783 717 2811 "-15.
753 2783 763 2798 ³
778 2783 842 2811 ibid.
856 2784 899 2816 15,
920 2784 962 2812 Η.

1024 941 1087 963 νων,
1099 932 1146 958 καὶ
1158 933 1208 967 τῆς
1224 931 1293 964 πόας
1310 931 1408 967 μηκέτι
1423 930 1576 965 ποαζοὺσης
1587 930 1676 966 μόνον,
1687 931 1755 958 ἀλλὰ
1767 931 1816 958 καὶ

1024 978 1092 1014 ἄνθη
1109 977 1288 1013 ὲκὸαλοὺσης,
1307 977 1413 1004 καὶτοῦ
1428 977 1605 1012 κηρύγματος
1620 977 1670 1012 τῆς
1682 977 1773 1013 φωνῆς
1786 978 1815 1004 ὲν

1024 1026 1057 1060 τῇ
1077 1024 1173 1060 ἐρήμῳ
1192 1024 1308 1060 βοὼσης,
1333 1023 1473 1050 τουτέστιν
1486 1024 1520 1050 ὲν
1538 1023 1576 1057 τῇ
1596 1023 1635 1058 γῇ
1650 1023 1748 1058 ἡμῶν.
1767 1023 1816 1050 καὶ

1025 1070 1111 1105 συκῆς
1138 1070 1188 1106 τῆς
1217 1079 1282 1097 ποτε
1311 1070 1513 1105 καταραοείσης
1541 1070 1724 1105 exeam-3m
1750 1070 1815 1102 τοὺς

1024 1115 1161 1148 ὀλύνθους,
1175 1116 1239 1147 τοὺς
1254 1116 1378 1151 καρποὺς
1393 1115 1444 1151 τῆς
1466 1116 1619 1151 μετανοίας,
1634 1116 1683 1151 ἤδη
1701 1115 1746 1141 ἐπὶ
1758 1116 1815 1147 τοῖς

1025 1160 1139 1188 κλώνεσι
1156 1161 1203 1187 καὶ
1216 1160 1337 1196 δένδρεσι
1352 1160 1543 1195 φαινομένους
1565 1159 1704 1194 ἀμπέλους
1716 1158 1745 1185 δὲ
1762 1158 1813 1194 ἥδη

1024 1207 1211 1243 κυπριζούσας
1223 1206 1254 1233 τὸ
1264 1199 1376 1241 εὔοδμον
1386 1206 1435 1241 τῆς
1457 1205 1505 1231 τοῦ
1519 1204 1685 1239 Εὑαγγελίου
1697 1204 1815 1235 πίστεως

1024 1253 1164 1288 κήρυγμα.
1187 1252 1295 1288 Ἐπειδὴ
1312 1252 1341 1279 δὲ
1356 1251 1457 1283 εὐθέως
1472 1251 1590 1285 κέκληκε
1606 1251 1654 1286 τὴν
1674 1250 1812 1285 τοιαύτην.

1024 1298 1072 1325 καὶ
1086 1296 1162 1325 εἶπεν
1172 1307 1178 1313 ·
1203 1297 1344 1331 ’Δνὰστα,
1361 1297 1431 1325 ἐλθέ
1443 1305 1450 1312 ³
1467 1298 1571 1324 ἀνάστα
1586 1296 1640 1324 ἀπὸ
1653 1297 1816 1332 νεκρότητος

1024 1345 1242 1381 ἁμαρτημάτων,
1264 1345 1311 1371 καὶ
1330 1343 1391 1370 ἐλθὲ
1403 1345 1432 1371 έν
1446 1343 1603 1379 δικαιοσύνῃ
1615 1351 1622 1358 ·
1639 1343 1741 1370 ἀνάστα
1760 1342 1816 1368 ἀπὸ

1024 1390 1257 1426 παραπτώματος,
1274 1391 1321 1417 καὶ
1335 1389 1396 1417 ἐλθὲ
1415 1391 1445 1416 ὲν
1465 1391 1621 1426 παρρησίᾳ·
1643 1389 1746 1416 ἀνάστα
1760 1387 1816 1415 ἀπὸ

1024 1435 1176 1471 ἁμαρτιῶν,
1195 1436 1241 1462 καὶ
1255 1435 1316 1463 ἐλθὲ
1330 1436 1370 1468 εἰς
1391 1435 1549 1471 μετάνοιαν·
1566 1435 1670 1462 ἀνάστα
1692 1435 1745 1461 ἀπὸ
1762 1442 1815 1460 πα-

1025 1481 1174 1518 ραλύσεως,
1189 1482 1236 1509 καὶ
1249 1481 1310 1508 ἐλθὲ
1324 1482 1353 1509 ὲν
1365 1481 1512 1518 τελειότητι
1524 1491 1530 1497 ·
1545 1482 1648 1509 ἀνάστα
1662 1482 1715 1508 ἀπὺ
1725 1481 1816 1516 λωὸἡ-

1026 1536 1104 1560 σεως,
1119 1528 1166 1555 καὶ
1181 1528 1241 1554 ἐλθὲ
1255 1529 1284 1555 ὲν
1299 1528 1395 1565 ὐγείᾳ·
1416 1529 1520 1555 ἀνάστα
1535 1528 1589 1555 ἀπὸ
1610 1528 1749 1560 ἀπιστίας,
1769 1527 1818 1554 καὶ

985 1565 1009 1596 C
1024 1573 1084 1600 ὲλθὲ
1104 1575 1133 1600 ὲν
1148 1574 1256 1600 πίστει·
1272 1574 1377 1601 ἀνάστα
1400 1574 1456 1601 ἀπὸ
1472 1573 1621 1606 ἀπωλείας.
1637 1574 1684 1601 καὶ
1705 1573 1765 1600 ἐλθὲ
1787 1574 1816 1600 ἐν

1022 1619 1139 1646 εὑρέσει.

1105 1628 1117 1645 ε
1132 1639 1139 1646 .

1055 1628 1174 1699 ξὲἷτέιδὴ
1187 1664 1216 1691 δὲ
1229 1665 1288 1700 ᾔδει
1304 1665 1334 1692 τὸ
1348 1665 1409 1692 ὅλον
1424 1665 1523 1699 λόγιον,
1541 1665 1582 1691 ὃτι
1595 1664 1664 1700 μετὰ
1675 1664 1725 1700 τὴν
1738 1663 1816 1699 πρώ-

1022 1720 1073 1747 την
1082 1712 1238 1747 μετάνοιαν,
1250 1712 1298 1738 καὶ
1311 1712 1380 1747 μετὰ
1389 1711 1439 1747 τὴν
1445 1710 1556 1747 πρώτην
1567 1711 1662 1746 κλῆσιν
1671 1711 1718 1737 καὶ
1732 1711 1816 1742 τασιν,

1021 1757 1060 1790 ὼς
1078 1758 1176 1789 εἰπεῖν,
1198 1757 1344 1791 συμϐαίνει
1360 1758 1393 1794 τῇ
1415 1757 1605 1794 ἀνθρωπότητι
1625 1757 1710 1784 πολλά
1725 1765 1816 1793 παρα-

1024 1802 1169 1838 πτώματα,
1184 1803 1265 1829 πὰλιν
1290 1803 1382 1837 λέγει’
1408 1802 1548 1835 Ἀνάστα,
1570 1802 1640 1830 ἐλθὲ
1656 1802 1708 1835 σὺ,
1733 1811 1818 1836 περι-

1022 1848 1116 1883 στερὰ
1125 1856 1195 1883 μου·
1207 1848 1334 1884 δεύτερον
1343 1848 1446 1884 ταύτην
1458 1850 1545 1882 καλεῖ,
1559 1849 1606 1875 καὶ
1619 1849 1667 1883 οὺχ
1681 1848 1770 1880 ἆπαξο
1784 1848 1817 1874 τὸ

1022 1894 1051 1921 δὲ
1061 1894 1187 1930 δεύτερον
1197 1895 1248 1921 οὐκ
1262 1894 1318 1921 ῐσον
1331 1894 1370 1930 τῷ
1381 1894 1490 1930 πρώτῳ.
1506 1895 1575 1930 Φησὶ
1590 1894 1645 1930 γὰρ
1658 1896 1687 1922 ὲν
1701 1896 1733 1931 τῇ
1746 1904 1814 1930 προ-

1023 1941 1090 1977 τέρᾳ
1098 1941 1193 1976 κλήσει
1206 1941 1292 1973 οὕτως
1302 1949 1309 1956 ·
1328 1940 1467 1973 Ἀνάστα,
1479 1942 1499 1975 ἡ
1511 1941 1646 1975 πλησίον
1653 1950 1724 1976 μου,
1736 1941 1815 1976 καλή

1020 1995 1091 2022 μου,
1121 1986 1282 2021 περιστερά
1293 1995 1363 2021 μου.
1385 1985 1422 2012 Τὸ
1453 1986 1503 2021 μὲν
1526 1986 1644 2022 πρῶτον,
1658 1986 1816 2017 .‘Ardo’ra.

1022 2032 1106 2060 ἐλθέ·
1125 2032 1172 2059 καί
1189 2033 1239 2059 οὐκ
1264 2030 1336 2059 εἷπε·
1365 2032 1421 2058 Καὶ
1438 2031 1499 2059 ἐλθὲ
1514 2032 1556 2059 σύ.
1576 2033 1631 2059 Καὶ
1649 2032 1679 2058 τὸ
1692 2032 1817 2068 δεύτερον

1024 2077 1187 2113 προστίθησι
1203 2077 1233 2104 τὸ
1249 2077 1361 2113 ἄρθρον,
1374 2077 1417 2104 ἵνα
1431 2078 1504 2115 δείξῃ
1518 2079 1615 2114 κλῆσιν
1628 2078 1680 2114 (οὐ)
1690 2079 1817 2115 δευτέραν

1025 2122 1258 2159 παρηλλαγμένην
1275 2123 1345 2159 μετά
1365 2123 1414 2160 τὴν
1437 2126 1565 2161 πρώτην
1589 2125 1657 2152 ἀλλά
1671 2126 1718 2152 καὶ
1737 2127 1766 2152 έν
1782 2127 1816 2162 τῇ

1025 2168 1121 2206 πρώτῃ
1145 2169 1201 2203 (l5)
1223 2169 1277 2196 ἀπὸ
1298 2171 1532 2206 παραπτωμάτων
1553 2171 1634 2198 πάλιν
1649 2171 1817 2207 ὀρεγομένην

1026 2216 1104 2250 χεῖρα
1117 2214 1261 2246 ἐπιδέξιον,
1282 2215 1329 2241 καὶ
1353 2216 1514 2252 ἐπουράνιον
1531 2216 1746 2252 φιλανθρωπίας.
1758 2217 1816 2244 Καὶ

1025 2253 1107 2294 mea,
1126 2262 1203 2297 φησὶ,
1220 2262 1381 2297 περιστερά
1392 2271 1463 2297 μου,
1476 2263 1511 2291 ἐν
1521 2262 1621 2298 σκέπῃ
1635 2263 1690 2298 τῆς
1707 2263 1818 2298 πέτρας

1026 2308 1155 2343 ἐχόμενα
1165 2308 1219 2335 τοῦ
1232 2310 1490 2344 προτειχίσματος.
1514 2310 1566 2337 Ἐν
1581 2311 1680 2346 σκέπῃ
1695 2312 1817 2346 πέτρας,

1027 2355 1056 2381 ὲν
1071 2354 1259 2390 φιλανθρωπίᾳ
1272 2355 1401 2391 Χριστοῦ,
1422 2356 1469 2383 καὶ
1483 2357 1511 2383 ὲν
1524 2356 1592 2383 ἐλέει
1610 2357 1724 2394 Κυρίου,
1738 2366 1819 2385 τουτ-

1027 2399 1084 2426 έστι
1109 2399 1196 2435 σκέπη
1222 2400 1326 2436 πέτρας
1339 2422 1347 2433 ,
1369 2401 1457 2436 σκέπη
1477 2402 1593 2434 ἐλπίδος,
1620 2403 1666 2429 καὶ
1687 2403 1817 2436 πίστεως.

1027 2446 1075 2472 καὶ
1094 2446 1232 2481 ἀληθείας.
1241 2447 1387 2481 Ἑχόμενα
1399 2447 1452 2474 τοῦ
1465 2448 1712 2483 προτειχίσματος
1724 2457 1731 2465 ·
1742 2458 1820 2477 τουτ-

1026 2491 1097 2525 ἐστι,
1115 2491 1198 2528 πρινὴ
1217 2492 1374 2528 κλεισθῆναι
1393 2494 1442 2529 τὴν
1461 2494 1565 2530 πύλην,
1589 2494 1671 2530 πρινὴ
1696 2495 1750 2522 ἔσω
1769 2504 1820 2523 πε-

1029 2537 1143 2573 ρισόλων
1169 2538 1314 2573 γενόμενος
1339 2540 1353 2565 ὁ
1373 2538 1505 2571 Βασιλεὺς
1537 2540 1636 2575 μηκέτι
1666 2541 1819 2577 εἰσδέξηται

1029 2583 1098 2618 μετὰ
1117 2583 1166 2619 τὴν
1183 2583 1307 2610 ἐντεῦθεν
1327 2584 1486 2621 ἀπαλλαγήν
1501 2595 1530 2612 τε
1551 2587 1598 2613 καὶ
1622 2585 1736 2614 θάνατον
1748 2595 1756 2602 ·
1773 2589 1818 2615 ὅτε

1027 2629 1120 2657 οὐκέτι
1135 2630 1253 2666 ἐχόμενα
1271 2631 1318 2658 τοῦ
1340 2632 1579 2668 προτειχίσματος,
1599 2633 1667 2660 ἀλλὰ
1688 2634 1820 2661 ἀπεκλεί-

1028 2675 1130 2711 σθησαν
1144 2677 1172 2703 αἱ
1185 2677 1278 2711 πύλαι,
1292 2678 1339 2706 καὶ
1351 2678 1443 2706 οὐκέτι
1458 2678 1497 2706 ἔνι
1509 2678 1719 2715 διορθώσασθαι,

223 2855 278 2890 (15)
305 2858 397 2887 Ἀλλὰ
424 2860 471 2887 καί
495 2861 531 2888 ἐν
559 2860 595 2898 τῇ
624 2862 734 2898 πρώτῃ.
764 2862 795 2891 F.
828 2864 874 2890 ἐπὶ
904 2865 938 2899 τῇ
958 2863 1063 2902 πρώτῃ.
