1958 3050
188 88 259 119 1055

893 88 921 116 S.
943 86 1114 117 EPIPHAN"

1743 87 1813 116 1036

187 149 260 176 enim
278 148 311 176 de
329 147 456 175 secundis
470 146 550 183 503
568 146 680 183 nuptiis,
698 147 812 182 aliisque
826 146 852 174 id
873 154 964 183 genus

1023 148 1120 179 ἄλλων,
1140 143 1212 175 οὗτοι
1228 149 1268 179 εἰς
1287 148 1376 174 πάντα
1387 145 1433 174 τὸν
1445 146 1509 174 λαὸν
1524 146 1697 183 νενομίκασιν
1717 147 1765 174 καὶ
1777 148 1813 174 τὰ

179 194 333 223 ἰιιοοι-όοῑὶί
356 201 440 222 causa
467 193 576 221 decreta
607 197 683 226 sunt,
707 201 738 221 ea
759 193 792 220 ad
813 194 971 221 universum

182 240 316 276 populum
327 239 548 273 transtulerunt;
574 243 601 266 et
615 247 676 275 quae
698 239 731 266 ad
752 239 971 266 constituendam

185 286 391 315 severissimum
409 285 582 322 disciplinam
601 293 616 312 ι
631 285 687 313 Deo
705 285 833 312 mandata
846 289 921 317 sunt,
938 292 972 312 ne

185 332 255 360 forte
277 332 362 368 aliqui
377 340 436 367 pra:
459 332 542 359 animi
562 331 688 360 socordia
704 331 732 358 in
750 331 878 360 delictunt
902 330 971 358 inci-

184 378 300 412 derent;
320 379 378 406 haec
402 378 442 405 illi
461 378 525 405 dum
545 378 579 405 ad
596 385 691 405 omnes
710 377 847 413 pertinere
863 377 969 408 volunt,

183 425 277 453 divino
289 424 393 452 numini
408 424 576 452 atrocitatem
601 429 627 451 et
641 424 867 451 inhumanitatem
888 423 971 450 ascri-

183 471 261 499 bunt.
289 470 329 498 Ac
346 470 420 498 velut
444 470 468 498 si
489 470 551 505 quis
574 474 678 497 vestem
703 477 785 496 manu
806 473 914 499 tenens.
935 468 970 496 ab

182 525 266 553 carpo
279 522 377 545 manus
393 517 522 544 duntaxat
539 515 631 544 cubito
647 519 727 543 tenus
743 515 884 542 brachium
904 522 970 550 ope-

183 564 247 596 riat,
263 567 345 599 atque
357 561 505 590 identidem
518 562 655 589 manicam
668 560 757 588 oculis
773 560 832 588 suis
845 560 967 595 obiiciat,

182 613 210 637 et
229 609 298 637 alios
316 607 441 640 irrideat,
466 607 569 635 oblitus
596 610 654 633 toto
670 614 700 633 se
718 613 832 641 corpore
845 613 907 633 esse
919 613 968 631 nu-

182 656 298 688 datum;
325 654 437 690 perinde
458 658 485 681 et
507 653 545 680 illi
564 652 677 684 faciunt,
696 652 742 688 qui
762 651 826 679 dum
845 651 968 687 digamos

182 709 197 728 a
225 708 256 729 se
282 699 418 736 repudiari
440 699 577 734 jactitant,
607 699 713 733 reliqua
734 701 868 733 prmeepta
894 697 967 724 illius

180 747 224 775 vel
249 746 364 777 similia,
389 746 431 773 vel
448 745 508 773 sine
529 745 584 771 ulla
604 744 807 779 comparatione
834 746 967 779 praestan-

181 793 264 824 tiora,
290 799 407 827 quorum
431 790 612 818 violatoribus
627 790 724 817 mortis
744 796 825 824 pinna
837 790 966 824 proponi-

1022 194 1055 221 δι’
1070 193 1221 230 ὑπερϐολὴν
1240 193 1438 230 στρυφνότητος
1453 193 1505 220 ὑπὸ
1525 193 1594 220 Θεοῦ
1604 194 1812 229 κεκηρυγμένα,

1023 241 1066 268 ἵνα
1082 241 1119 276 μὴ
1133 240 1340 277 ρᾳθυμήσαντές
1355 248 1429 271 τινες
1449 239 1658 275 παραπέσωσιν,
1675 240 1751 267 αὐτοὶ
1770 241 1811 272 είς

1021 285 1217 322 ἀπανθρωπίαν
1233 284 1293 320 Θεῷ
1304 284 1436 320 συνῆψαν.
1453 285 1508 311 Καὶ
1523 284 1561 317 ὡς
1577 284 1626 311 ἐὰν
1639 285 1666 311 ετ
1677 293 1729 317 τις,
1748 286 1812 320 ίμα-

1021 332 1078 358 τίου
1096 332 1168 368 χειρὶ
1181 331 1380 366 διακατασχὼν,
1398 331 1447 358 καὶ
1461 330 1514 362 ἓως
1531 331 1610 366 μόνον
1620 331 1743 365 ἀγκῶνος
1756 331 1813 358 ἀπὸ

1021 373 1127 412 καρποῦ
1154 376 1246 411 χειρὸς
1272 376 1320 403 τοῦ
1344 375 1513 411 καλουμένου
1541 376 1674 408 σκεπάζει
1697 376 1810 409 ἑαυτὸν,

1020 422 1169 458 προσφέρει
1179 422 1208 449 δὲ
1222 419 1277 457 πρὸ
1290 421 1438 457 ὀφθαλμῶν
1457 422 1517 449 καθ’
1535 422 1653 457 ἑκάστην
1674 421 1748 458 ὥραν
1759 423 1810 458 τὴν

1019 467 1136 504 χειρίδα,
1151 467 1198 494 καὶ
1210 467 1375 500 ἑπιτωθάζει
1390 469 1445 499 τοῖς
1460 467 1563 499 ἀλλοις,
1585 467 1752 502 ὲπιλησθεὶς,
1767 468 1810 494 ὅτι

1019 513 1079 540 ὅλον
1102 513 1134 540 τὸ
1155 513 1234 549 σῶμα
1256 513 1340 540 αὑτοῦ
1361 513 1545 549 γυμνητεύει·
1559 512 1630 539 οὕτω
1652 513 1700 540 καὶ
1723 510 1808 546 οὗτοι,

1020 559 1213 595 σεμνυνόμενοι
1230 560 1268 594 μὴ
1287 559 1415 595 δέχεσθαι
1433 558 1574 594 διγάμιους,
1586 558 1636 590 τὰς
1657 559 1747 590 πάσας
1765 560 1809 585 ἔνη

1018 604 1097 636 τολάς
1119 605 1168 637 τὰς
1187 605 1284 640 ὁμοίας
1299 604 1412 641 ταύτης,
1437 605 1485 632 καὶ
1510 605 1550 632 ἔτι
1576 605 1636 640 μεθ’
1656 605 1808 642 ὑπερϐολῆς

1017 651 1160 683 καλλίονας
1178 651 1226 678 καὶ
1238 651 1437 683 ἐπιθανατίους,
1448 651 1497 687 τὴν
1515 651 1580 686 μίαν
1594 651 1806 687 ἀπαγορεύουσι,

1016 697 1067 729 τὰς
1079 697 1108 724 δὲ
1128 697 1211 730 ἄλλας
1228 696 1448 724 καταλελοίπασι.
1471 697 1526 724 Καὶ
1546 696 1734 732 ἐπιλαθόμενοι
1746 696 1808 723 ὅλον

1018 743 1068 777 μὲν
1077 743 1108 769 τὸ
1120 742 1200 778 σῶμα
1215 742 1442 778 γυμνητεύουσιν,
1455 743 1513 769 ἀπὺ
1524 743 1592 770 ὅλων
1606 743 1660 769 τῶν
1673 743 1807 778 ὲνταλμά-

1018 798 1072 816 των
1087 791 1269 825 ἀργήσαντες,
1295 789 1342 816 καὶ
1361 789 1411 825 τὴν
1428 789 1494 825 μίαν
1517 788 1627 825 ἐντολὴν
1652 789 1701 824 οὺχ
1715 789 1807 823 ἁγνῶς

180 842 237 870 tur.
260 840 451 869 contemnunt,
472 842 500 864 et
516 836 660 871 ahjiciunt,
689 839 716 863 et
740 842 795 862 uno
816 834 863 862 illo
881 836 964 863 inter-

1016 836 1209 872 κατασχόντες.

180 884 254 912 dicto
268 884 390 913 contenti
403 888 502 912 caetera
518 884 668 919 negligunt.
682 882 773 916 Quare
784 883 824 910 sic
837 887 967 918 tanquam
985 883 1062 912 obliti
1074 885 1141 917 sint,
1155 888 1212 912 toto
1225 891 1341 920 corpore
1352 884 1419 912 nudi
1435 887 1509 918 sunt,
1539 884 1604 911 dum
1616 887 1644 912 et
1675 884 1804 911 universa

179 930 227 958 Dei
250 933 386 965 prazcepta
415 930 585 965 relinquunt,
602 937 690 964 neque
707 935 791 956 unum
807 928 873 956 illud
891 933 967 956 caste
986 937 1018 958 ac
1034 930 1142 959 sincere
1160 932 1331 960 custodiunt.

214 975 270 1003 ιιι.
290 975 313 1004 0
335 975 523 1004 admirandam
547 975 688 1003 hominum
714 975 865 1003 insaniam!
892 974 963 1002 Sane

177 1021 307 1058 qualibet
320 1021 441 1054 occasio,
457 1021 641 1057 quanturnris‘
656 1021 765 1057 exigua,
781 1029 960 1057 unamquam~

177 1076 232 1103 que
247 1067 374 1096 heresim
391 1075 407 1094 a
424 1067 538 1095 veritate
552 1067 690 1100 distraxit,
707 1071 789 1103 atque
805 1067 839 1094 ad
856 1067 963 1095 inlinita

178 1114 250 1141 mala
265 1113 402 1149 perduxit.
420 1113 656 1146 Quemadmodum
674 1113 746 1140 enim
766 1113 788 1140 si
804 1113 866 1148 quis
880 1113 964 1141 inter-

176 1163 287 1195 ruptam
301 1167 393 1195 sepem
408 1159 442 1187 ad
457 1159 594 1194 publicam
607 1159 678 1186 viam
695 1160 837 1195 repererit,
854 1163 882 1187 et
901 1160 963 1187 illac

178 1206 231 1234 iter
245 1213 308 1234 esse
332 1205 384 1233 sibi
409 1205 536 1239 credens,
551 1205 647 1232 relicta
661 1205 704 1232 via
723 1205 864 1240 paululum
880 1205 963 1233 delle-

178 1250 261 1283 xerit,
279 1254 356 1278 ratus
377 1251 562 1286 propinquum
587 1257 648 1278 esse
673 1251 787 1282 exitum,
806 1257 855 1285 per
881 1258 961 1286 quem

177 1296 269 1325 redire
284 1296 312 1324 in
326 1296 399 1324 viam
415 1296 516 1324 iterum
535 1296 632 1332 possit,
649 1303 701 1324 nec
726 1295 793 1323 illud
809 1296 913 1329 sciens,
926 1297 963 1323 al-

178 1343 313 1372 tissimum
335 1343 393 1370 illic
417 1350 480 1371 esse
506 1350 627 1376 murum,
644 1350 676 1370 ac
699 1343 862 1378 longissimo
873 1343 963 1378 spatio

177 1389 377 1425 interceptum;
392 1393 474 1425 atque
499 1389 538 1416 ita
561 1388 711 1421 discurrat.
732 1396 782 1416 nec
807 1397 861 1424 qua
875 1389 963 1425 possit

175 1434 270 1470 egredi
287 1435 395 1471 uspiam
411 1434 548 1471 reperiat;
561 1442 680 1470 cumque
696 1442 752 1462 uno
769 1435 890 1462 alterove
905 1435 965 1462 mil-

1052 977 1102 1004 lB'.
1119 978 1174 1005 Καὶ
1187 977 1210 1004 ὣ
1222 977 1271 1010 τῆς
1287 977 1386 1013 πολλῆς
1400 977 1455 1004 τῶν
1473 973 1623 1013 ἀνθρώπων
1639 984 1806 1011 ματαιοφροι
1819 996 1821 999 .

1018 1023 1116 1057 σύνηςί
1133 1024 1211 1051 Πᾶσα
1225 1024 1253 1050 δὲ
1274 1024 1412 1060 πρόφασις
1433 1022 1552 1058 ἑκάστην
1567 1022 1690 1057 αἵρεσιν,
1703 1022 1755 1048 κᾶν
1773 1030 1805 1048 τι

1019 1069 1134 1105 βραχεῖά.
1145 1078 1187 1101 τις
1201 1069 1333 1105 ὑπῆρξεν,
1350 1068 1405 1095 ἀπὺ
1415 1068 1468 1103 τῆς
1481 1066 1610 1103 ἀληθείας
1626 1067 1805 1102 παρείλκυσε,

1017 1116 1065 1143 καὶ
1079 1117 1118 1148 είς
1136 1115 1235 1152 πολλὴν
1255 1115 1348 1142 κακῶν
1363 1116 1374 1131 ¹
1387 1115 1556 1150 κατήγαγεν.
1572 1113 1678 1150 Ὥσπερ
1692 1113 1746 1150 γάρ
1761 1122 1805 1145 τις

1016 1161 1168 1198 διασφαγὴν
1187 1162 1276 1198 εὑρὼν
1299 1162 1329 1188 ὲν
1355 1160 1473 1196 φραγμῷ
1495 1159 1571 1196 παρά
1594 1159 1740 1195 λεωφόρῳ,
1755 1159 1805 1186 καὶ

1015 1207 1130 1243 νομίσας
1152 1206 1198 1234 διὰ
1221 1206 1323 1243 ταύτης
1346 1205 1483 1241 βαδίζειν,
1505 1205 1552 1233 καὶ
1573 1204 1731 1232 καταλιπὼν
1755 1204 1805 1241 τὴν

1015 1252 1085 1284 ὁδὸν,
1108 1251 1253 1288 τρέπηται,
1270 1251 1382 1287 νομίσας
1405 1250 1555 1285 ἐγγύτατον
1569 1250 1650 1286 ἔχειν,
1672 1250 1733 1276 ὅθεν
1745 1249 1804 1276 δια-

1015 1298 1128 1335 κάμψας
1140 1298 1220 1325 πάλιν
1237 1297 1286 1333 τῆς
1306 1296 1366 1323 ὀδοῦ
1381 1296 1546 1330 ἐπιλάϐοιτο,
1561 1296 1689 1332 ἀγνοήσει
1704 1295 1743 1328 δὲ,
1760 1296 1804 1322 ὄτι

1012 1345 1101 1380 τεῖχός
1114 1345 1187 1372 ἐστιν
1201 1344 1365 1380 ὑπέρτατον,
1380 1344 1427 1370 καὶ
1443 1342 1540 1379 μακρῷ
1550 1342 1714 1378 διαστήματι
1730 1342 1803 1378 ᾠκοέ

1013 1390 1177 1427 δομημένον,
1193 1389 1333 1425 ὲπιτρέχοι
1351 1389 1380 1416 δὲ
1401 1388 1440 1425 μὴ
1454 1388 1589 1425 εὑρίσκων
1600 1388 1645 1415 διὰ
1656 1388 1736 1419 ποίας
1751 1388 1804 1423 τὴν

1014 1437 1129 1471 διέξοδον
1145 1436 1298 1472 ποιήσεται,
1319 1436 1380 1462 ἀντὶ
1399 1435 1459 1467 ἑνὸς
1477 1434 1590 1471 σημείου
1601 1456 1610 1467 ,
1635 1435 1696 1471 ἦτοι
1713 1434 1804 1470 μιλίου

175 1479 238 1509 liari
255 1488 419 1518 progressus
431 1480 526 1513 fuerit,
541 1480 650 1516 longius
664 1480 793 1515 deinceps
806 1481 857 1508 iter
867 1487 964 1517 super-

1016 1483 1195 1518 προσκύπτων
1208 1481 1230 1514 ³,
1253 1481 1324 1508 κατὰ
1344 1481 1424 1516 χεῖρα
1441 1480 1481 1507 ἔτι
1502 1480 1582 1507 πλέον
1603 1479 1642 1516 μὴ
1660 1478 1734 1516 εὖροι
1752 1479 1804 1515 τὴν

177 1527 225 1559 sit.
244 1535 295 1555 nec
311 1527 381 1555 viam
396 1527 532 1563 expediat,
549 1526 599 1555 sed
615 1527 669 1554 huc
684 1527 805 1561 illucque
821 1534 852 1554 se
866 1526 963 1554 confe-

176 1575 232 1600 rat.
249 1570 299 1600 Hic
312 1571 395 1607 igitur
410 1572 444 1599 ad
461 1579 523 1600 eum
539 1572 651 1599 modum
666 1572 806 1604 laborans,
821 1579 909 1607 neque
923 1571 964 1599 ul-

175 1617 234 1645 lum
248 1617 281 1644 ad
297 1622 402 1645 rectam
417 1617 490 1645 viam
507 1617 560 1645 iter
574 1618 733 1654 expediens,
745 1625 802 1645 non
816 1618 895 1645 aliter
907 1616 961 1644 Ior-

174 1660 260 1689 tassis
274 1661 404 1693 inveniet,
420 1668 502 1696 quam
517 1661 542 1689 si
554 1662 660 1694 eadem,
672 1670 727 1698 qua
741 1663 880 1698 ingressus
891 1664 961 1694 erat,

174 1711 342 1735 revertatur.
360 1706 407 1734 Sic
427 1706 541 1735 haeresis
559 1708 662 1740 omnis.
681 1715 744 1735 cum
765 1708 870 1735 itineris
887 1714 962 1734 com-

175 1753 306 1790 pendium
331 1753 443 1781 haberet
458 1754 487 1781 in
503 1758 642 1790 promptu,
659 1762 707 1790 per
722 1754 818 1790 longas
833 1753 962 1788 ambages

176 1799 299 1835 digressa
316 1799 344 1826 in
358 1799 555 1827 solidissimum
572 1807 681 1827 murum
697 1800 809 1833 incidit;
824 1799 964 1834 cuiusmo-

176 1845 204 1873 di
219 1849 258 1873 est
272 1845 444 1881 ignorantiae,
457 1846 628 1881 inscitiaeque
637 1845 777 1881 impedita,
792 1853 825 1873 ac
837 1848 962 1872 tortuosa

176 1891 268 1919 ﬂexio.
284 1890 379 1927 Neque
399 1899 466 1920 vero
490 1892 612 1920 invenire
633 1898 755 1928 unquam
782 1891 829 1918 illa
851 1891 961 1926 poterit,

175 1946 229 1974 qua
243 1945 274 1966 se
290 1937 325 1965 ad
342 1943 445 1967 rectam
465 1939 538 1967 viam
553 1938 665 1972 referat,
681 1939 735 1967 nisi
753 1938 786 1966 ad
802 1937 961 1974 primariam

174 1986 258 2018 viam.
274 1986 326 2015 hoc
337 1990 380 2015 est
394 1986 507 2021 regiam,
524 1986 577 2014 iter
591 1986 745 2014 retorserit.
761 1985 790 2013 ld
808 1986 881 2022 quod
897 1995 963 2014 san-

173 2033 291 2061 ctissimi
311 2033 395 2061 Mosis
417 2033 461 2061 lex
476 2036 570 2069 aperte
583 2032 799 2066 vociferabatur,
819 2041 882 2061 cum
899 2033 963 2061 ldu-

175 2086 244 2106 ιιιωο
257 2079 315 2115 regi
332 2079 370 2106 ita
387 2080 529 2106 mandaret
547 2088 554 2106 :
571 2077 636 2106 Haec
648 2078 713 2106 dicit
734 2079 820 2114 frater
839 2084 899 2107 tuus
919 2078 962 2107 Is-

174 2125 231 2152 rael
244 2132 253 2152 :
269 2124 371 2152 Prester
386 2126 511 2152 terminos
523 2131 582 2152 tuo:
597 2126 715 2153 transibo
723 2126 751 2153 in
763 2131 871 2158 terram,
882 2134 961 2161 quam

1013 1528 1082 1560 όδὸν,
1098 1527 1145 1555 καὶ
1162 1527 1249 1559 οὕτως
1267 1527 1402 1562 τρέπηται
1416 1527 1463 1553 ἐπὶ
1485 1526 1521 1554 τὰ
1536 1526 1631 1553 πλείω·
1645 1524 1757 1562 κάμνων
1772 1526 1804 1553 δὲ

1013 1573 1094 1607 οὕτω,
1109 1573 1156 1600 καὶ
1171 1574 1208 1609 μὴ
1230 1572 1355 1609 εὐπορῶν
1369 1572 1415 1599 διὰ
1429 1572 1511 1605 ποίας
1526 1573 1574 1600 ἐπὶ
1585 1572 1635 1609 τὴν
1647 1572 1803 1608 ὁδοιπορίαν

1013 1620 1122 1655 ἀγάγοι,
1137 1620 1207 1655 τάχα
1220 1629 1250 1647 τε
1264 1621 1332 1656 μήτε
1347 1620 1436 1656 εὑρεῖν
1452 1619 1589 1655 δυνηθείη,
1607 1620 1631 1646 εί
1647 1619 1684 1656 μή
1697 1628 1724 1646 τι
1737 1619 1805 1646 ἀναρ

1013 1667 1116 1702 κάμψει
1136 1667 1170 1693 δι’
1189 1665 1223 1703 ἧς
1239 1666 1287 1693 καὶ
1303 1667 1443 1702 είσῆλθεν·
1457 1666 1545 1698 οὕτως
1565 1665 1666 1702 ἑκάστη
1684 1666 1802 1702 αἵρεσις,

1012 1713 1051 1746 ὼς
1064 1713 1210 1750 συντομίαν
1223 1713 1284 1741 τινὰ
1303 1714 1429 1749 ὲφευρεϊν
1444 1712 1601 1747 δυνηθεῖσα,
1614 1711 1798 1748 παρεξώκειλε

1011 1760 1055 1787 διὰ
1072 1761 1122 1796 τῆς
1140 1759 1302 1796 μακροδίας·
1319 1759 1419 1795 εὑρέθη
1440 1759 1468 1786 δὲ
1491 1759 1560 1794 αὐτῇ
1574 1760 1662 1793 τεῖχος
1679 1757 1800 1794 ἀρῤαγὶς

1013 1808 1030 1842 ή
1052 1806 1101 1842 τῆς
1120 1806 1231 1841 ἀγνοίας
1245 1806 1293 1832 καὶ
1308 1805 1446 1840 ἀγνωσίας
1464 1804 1545 1832 πάλιν
1561 1804 1659 1840 πλοκή.
1681 1803 1737 1831 Καὶ
1750 1804 1803 1830 οὐκ

1012 1852 1046 1880 ἂν
1063 1851 1138 1887 εὕροι
1150 1853 1167 1887 ὴ
1182 1851 1294 1887 τοιαύτη
1311 1851 1358 1878 ἐπὶ
1375 1851 1426 1887 τὴν
1442 1851 1572 1887 ἀληθινὴν
1593 1851 1671 1886 ἥκειν
1686 1851 1762 1884 ὁδὸν,
1776 1851 1803 1877 si.

1014 1898 1052 1934 μή
1075 1907 1102 1925 τι
1117 1898 1274 1934 ἀνακάμψει
1290 1898 1329 1929 εἰς
1347 1897 1377 1924 τὸ
1391 1897 1545 1934 ἀρχέτυπον
1564 1898 1613 1934 τῆς
1628 1897 1688 1925 όδοῦ
1698 1918 1705 1931 ,
1722 1906 1801 1924 τουτο

1011 1945 1070 1972 ἐστι
1084 1944 1133 1980 τῆς
1150 1943 1302 1980 βασιλικῆς⁸
1316 1943 1354 1976 ὡς
1379 1943 1425 1971 καὶ
1440 1944 1455 1970 ό
1470 1944 1552 1979 νόμος
1573 1943 1721 1980 διαρρήδην
1735 1943 1802 1970 ἐϐόα

1012 1990 1059 2018 τοῦ
1074 1990 1152 2025 ἁγίου
1166 1990 1316 2023 Μωῡσέως,
1329 1989 1454 2025 λέγοντος
1470 1989 1510 2025 τῷ
1525 1989 1630 2025 βασιλεῖ
1648 1989 1746 2026 Ἐδὼμ,
1759 1990 1803 2017 an

1014 2036 1086 2064 Τόδε
1105 2036 1188 2072 λέγει
1211 2037 1228 2064 ὀ
1252 2036 1385 2072 ἀδελφός
1409 2045 1468 2064 σου
1497 2036 1636 2070 Ἰσραήλ·
1661 2036 1744 2070 Παρὰ
1765 2037 1803 2063 τὰ

1012 2082 1077 2117 ὄριιί
1093 2090 1152 2110 σου
1173 2082 1365 2118 διελεύσομαι
1379 2084 1423 2116 είς
1440 2082 1510 2118 γῆν,
1524 2081 1566 2117 ἢν
1581 2082 1680 2117 ὤμοσε
1694 2084 1804 2117 Κύριος

1011 2129 1075 2162 τοῖς
1088 2129 1238 2163 πατράσιν
1258 2129 1343 2164 ἡμῶν
1358 2129 1479 2156 δοῦν-αι’
1503 2127 1561 2164 γῆν
1575 2129 1710 2163 ῥέουσαν
1730 2129 1802 2164 μέλι

169 2170 272 2207 iuravit
288 2171 418 2198 Dominus
429 2171 492 2198 dare
501 2171 621 2206 patribus
637 2173 755 2204 nostris;
771 2177 871 2199 terram
881 2170 964 2207 50‘

1016 2174 1063 2201 καί
1087 2174 1182 2209 τάλα,
1198 2174 1257 2209 τὴν
1281 2174 1340 2210 γῆν
1359 2174 1417 2202 τῶν
1438 2175 1619 2210 Ἀμορραίων
1641 2174 1691 2201 καί
1716 2176 1799 2208 Φερε-

173 2216 250 2244 rnelle
273 2222 298 2244 et
318 2217 386 2244 lacte
403 2221 555 2244 manantem
566 2223 577 2243 :
590 2221 687 2244 terram
699 2216 922 2247 Amori-Iutorum,
935 2220 960 2242 et

173 2261 376 2291 Pheraeaeon
386 2268 411 2290 et
425 2262 618 2294 Jebuwarum,
633 2269 658 2290 et
674 2262 823 2296 Emorum,
846 2268 872 2290 et
889 2261 961 2290 Cha—

155 2294 160 2314 θ
173 2305 338 2341 "ancoram,
350 2313 375 2336 et
394 2308 580 2340 Chatta'orum.
591 2313 689 2336 terram
704 2294 826 2344 ﬂuentem
846 2308 923 2336 melle
935 2312 961 2336 at

175 2354 254 2381 tacte.
266 2353 327 2381 Non
341 2354 532 2382 declinabimu
547 2354 582 2381 ad
596 2354 731 2382 dexterum
745 2360 792 2382 aut
806 2355 959 2390 sinistram,

174 2408 271 2436 aquam
290 2401 317 2428 in
334 2406 441 2436 argento
457 2401 584 2433 bibemus,
599 2406 624 2429 et
639 2401 711 2429 cibos
728 2402 830 2438 argenti
843 2403 961 2431 comede-

173 2454 244 2473 mus.
262 2445 325 2473 Non
339 2446 530 2475 declinabimus
545 2448 595 2475 hac
608 2452 654 2475 aut
668 2447 741 2480 illac.
756 2449 799 2475 via
814 2450 886 2484 regia
902 2458 962 2485 gra-

173 2491 305 2521 diemur‘.
317 2491 365 2520 Est
380 2493 454 2520 enim
469 2494 543 2530 regia
556 2494 681 2530 quaedam
695 2495 749 2527 via,
769 2495 896 2523 nimirum
910 2496 960 2524 Ec-

174 2538 257 2566 clesia
281 2537 341 2571 Dei,
357 2545 390 2566 ac
404 2539 529 2567 veritatis
544 2540 606 2568 iter.
620 2539 796 2576 Unaquaque
812 2549 877 2568 vero
892 2541 961 2569 ista-

174 2593 235 2613 rum
254 2585 395 2612 haarcseon
411 2586 485 2621 regia
500 2586 631 2614 derelicta
646 2586 702 2619 via.
718 2586 751 2613 ad
767 2586 907 2615 dexteram
922 2588 961 2615 si-

173 2632 323 2660 nistramve
333 2631 491 2665 deﬂectens,
508 2632 638 2667 deinceps
653 2632 682 2659 in
703 2633 866 2660 immensum
880 2640 959 2660 erro-

173 2685 231 2716 rem
254 2686 316 2707 sese
336 2678 511 2706 committens
532 2678 685 2714 abripitur:
703 2678 772 2706 adeo
796 2682 827 2706 ut
851 2679 956 2706 nullum

172 2726 302 2761 deinceps
327 2724 438 2753 modum
461 2725 559 2753 habeat
574 2725 602 2753 in
618 2725 740 2761 qualibet
754 2725 859 2755 erroris
872 2726 958 2755 iinso-

173 2772 267 2799 lentia.

1014 2219 1110 2254 ζὶιίων,
1128 2221 1178 2248 καί
1198 2221 1396 2254 Ἰεϐουσαίων,
1417 2221 1467 2249 καί
1489 2221 1617 2254 Εὐαίων,
1638 2221 1688 2248 καὶ
1711 2222 1794 2248 Χανα

1013 2267 1115 2299 ναίων,
1128 2267 1178 2293 καί
1188 2268 1345 2294 Χετταίων·
1359 2266 1559 2303 τῆνκκουσαν
1573 2265 1651 2301 τάλα
1659 2267 1798 2303 παιμέλι,

1015 2314 1077 2339 οὐκ
1089 2312 1288 2348 ἐκκλινοῢμεν
1299 2312 1384 2346 δεξιὰ
1397 2313 1417 2348 ἢ
1432 2312 1574 2348 ἀριστερά
1585 2321 1593 2328 ·
1608 2313 1687 2349 ὕδωρ
1699 2314 1734 2340 ἐν
1747 2315 1797 2348 ἀρ-

1015 2359 1105 2394 τυρίῳ
1120 2359 1255 2394 πιόμεθα,
1269 2359 1319 2386 καί
1327 2357 1469 2394 βρώματα
1480 2359 1624 2394 ἀργυρίου
1637 2359 1799 2394 φατόμσθα.

1016 2406 1077 2432 οὐκ
1092 2405 1292 2440 ἐκκλινοῦμεν
1302 2405 1444 2433 ἐντεῦθεν
1459 2406 1478 2440 ἢ
1493 2405 1649 2433 ἐντεῦθεν·
1668 2404 1727 2438 ὀδῷ
1743 2406 1799 2437 βα-

1013 2451 1119 2486 σιλικῇ
1138 2452 1313 2487 βαδιοῦιιεν.
1330 2452 1409 2480 Ἐστι
1428 2452 1482 2488 γὰρ
1504 2452 1563 2482 όδδς
1587 2451 1724 2488 βασιλικὴ,
1738 2452 1799 2487 ἥτις

1013 2498 1087 2524 ἐστὶν
1102 2498 1119 2533 ἡ
1131 2497 1178 2523 τοῦ
1192 2497 1259 2524 Θεοῦ
1281 2498 1439 2533 Ἐκκλησία,
1452 2498 1500 2524 καὶ
1512 2497 1650 2533 ὁδοιπορία
1666 2497 1716 2533 τῆς
1732 2497 1798 2534 ἀλη-

1013 2542 1099 2575 θείας.
1121 2543 1239 2580 Ἐχάστη
1256 2544 1284 2571 δὲ
1299 2544 1419 2578 τούτων,
1441 2545 1491 2580 τὴν
1515 2544 1658 2580 βασιλικὴν
1673 2544 1797 2572 καταλείυ

1013 2589 1098 2624 ψασα,
1121 2589 1235 2616 κλίνασα
1254 2589 1283 2617 δὲ
1297 2590 1343 2617 ἐπὶ
1358 2591 1392 2617 τὰ
1412 2581 1487 2624 δεξιὰ
1505 2591 1523 2626 ἢ
1543 2591 1589 2618 ἐπὶ
1602 2591 1637 2618 τὰ
1656 2589 1800 2627 ἀριστερὰ,

1013 2635 1059 2662 ἐπὶ
1075 2636 1143 2662 πολὺ
1158 2635 1250 2663 λοιπὸν
1262 2637 1362 2672 ἑαυτὴν
1375 2636 1541 2669 ὲπιδιδοῦσα,
1555 2637 1595 2669 εἰς
1609 2636 1714 2672 πλάνην
1727 2644 1791 2671 παρ-

1012 2680 1202 2718 ελκυθήσεται·
1221 2682 1268 2709 καὶ
1293 2682 1383 2709 οὐκέτι
1408 2682 1508 2718 μέτρον
1524 2681 1581 2718 ἔχει
1604 2681 1670 2718 παρ’
1698 2682 1797 2718 nam

1011 2728 1115 2762 αἱρέσει
1133 2729 1150 2764 ἡ
1166 2728 1215 2763 τῆς
1226 2728 1328 2764 πλάνης
1341 2728 1472 2756 ἀναίδεια.
1488 2730 1494 2738 ’

211 2827 220 2843 ¹
237 2826 319 2856 Nam.
334 2836 390 2862 χχι,
405 2828 441 2856 22
457 2836 519 2865 sqq.
553 2830 563 2846 ²
577 2828 608 2857 F.
624 2829 733 2857 κακίαν.
771 2829 782 2846 ⁸
799 2829 830 2857 F.
849 2829 1018 2867 προκόπτων.
