1958 3050
132 112 200 141 1037

453 107 638 136 ADVERSUS
655 103 826 135 HERESES
845 104 909 133 LIB.
931 104 963 132 II.
985 103 1067 131 TUM.
1088 112 1108 131 ι.
1129 118 1164 124 -—
1183 102 1320 139 ιιΑῖιιΕδ,
1339 102 1396 132 LX.

1684 101 1695 129 I
1701 102 1754 130 0'58

168 170 216 197 ll".
232 170 300 204 ’Λγε
317 168 420 200 τοίνυν,
441 167 509 194 Θεοῦ
530 166 635 199 δοῦλοι,
650 165 702 192 υἱοί
722 174 752 191 τε
772 165 821 200 τῆς
838 163 919 198 ἁγίας

1004 160 1075 189 XIII.
1098 160 1175 197 Agite
1191 162 1292 197 itaque.
1306 160 1354 188 Dei
1374 159 1458 192 servi,
1475 165 1507 186 ac
1524 162 1625 186 sancta
1641 158 1688 186 Dei
1704 160 1756 187 Ec-

131 215 200 243 οεοὖ
217 215 392 250 Ἐκκλησίας,
404 215 428 240 oi
441 213 486 240 τὸν
497 213 598 240 κανόνα
610 211 719 247 ἀσφαλῆ
729 210 917 245 γινώσκοντες,

134 261 181 289 καὶ
202 261 251 296 τὴν
274 260 332 288 ὁδὸν
355 261 405 295 τῆς
429 258 558 294 ἀληθείας
579 257 747 293 βαδίζοντες
765 256 802 292 μὴ
819 255 920 290 φωναῖς

133 307 335 342 ἀνθελκόμενοι,
359 306 407 333 καὶ
427 305 502 340 φωνῇ
517 303 635 339 ἑκάστης
657 300 920 338 παραπεποιημένης

132 351 341 388 ἐπιτηδεύσεως.
367 350 505 386 Σφαλεραὶ
529 349 584 385 γὰρ
605 349 635 376 αἱ
654 348 757 375 τούτων
781 347 850 378 ὁδοὶ,
873 345 921 372 καὶ

133 397 252 433 ἀνάντης
271 398 289 432 ὴ
311 395 403 432 τρίϐος
420 395 469 431 τῆς
483 395 572 422 αὐτῶν
592 393 858 431 παραπεποιημένης
878 393 922 419 ἐν-

133 443 218 475 νοίας.
245 441 474 478 Μεγαλαυχοῦσι,
501 441 549 468 καὶ
571 441 606 468 τὰ
631 440 718 476 μικρὰ
746 440 796 467 οὐκ
820 438 919 466 ἴσασιν.

141 489 311 526 Ἐλευθερίαν
334 489 558 524 ἐπαγγέλλονται,
578 488 656 515 αὐτοὶ
671 487 757 514 δοῦλοι
779 486 855 517 ὄντες
871 485 921 520 τῆς

133 536 283 572 ἁμαρτίας.
297 535 337 562 Τὰ
352 534 463 570 μείζονα
473 534 597 570 αὺχοῦσι,
611 533 660 560 καὶ
676 533 729 560 τῶν
745 532 851 568 μικρῶν
867 531 921 557 οὐδ’

133 581 203 613 ὅλως
216 580 390 608 ἐπελάϐοντο.

159 657 161 659 _
176 627 256 654 Ἀλλὰ
270 627 316 654 καὶ
336 626 400 663 περὶ
420 625 522 653 τούτων
536 625 590 652 τῶν
606 625 638 661 δὴ
652 624 794 659 Καθαρῶν
809 623 922 660 λεγομέ-

135 683 201 706 νων,
222 672 407 707 Ἀκαθάρτων
421 672 461 704 δὲ,
480 672 505 698 εί
520 672 561 698 δεῖ
573 671 676 707 τάληθῆ
692 670 791 705 λέγειν,
807 669 923 706 ἀρκετὸν

136 719 257 756 ἡγοῦμαι
277 719 330 750 ἓως
350 717 467 745 ἐνταῦθα
492 717 591 748 ἱκανῶς
612 716 746 753 air/713004.
771 716 879 752 Ταύτην
894 715 924 742 δὲ

137 764 356 801 παραλείψαντες
382 764 420 795 ὡς
442 763 597 799 βασιλίσκων
620 762 786 798 πρόσωπον,
810 761 849 797 τῷ
874 761 923 797 μὲν

137 811 312 847 προσχήματι
331 810 377 836 τοῦ
400 809 531 844 ὀνόματος
553 809 722 844 ἐξοχωτάτην
740 808 800 835 τινὰ
819 809 923 835 ἐπωνυ-

139 857 204 893 μίαν
220 856 401 892 κεκτημένου,
424 856 472 882 καὶ
487 856 519 890 τῇ
536 854 583 881 τοῦ
596 854 678 888 ’ξύλου
699 854 813 889 δυνάμει
830 853 924 881 τοῦτον

137 901 297 933 παίσαντες,
313 900 359 928 ἐπὶ
371 900 420 932 τὰς
431 893 528 936 ἐτέρας
543 900 625 927 πάλιν
645 899 810 936 ὁρμήσωμεν
820 918 827 930 ,
841 898 925 934 αὐτὴν

137 946 302 982 ἐπαγόμενοι
314 945 363 982 τὴν
381 945 428 972 τοῦ
441 944 508 972 Θεοῦ
523 945 649 976 ἱκετείαν,
662 946 701 977 είς
713 944 743 971 τὸ
757 943 924 976 συνοδεῦσαι,

138 992 383 1028 συμπαραμείναι,
405 992 543 1023 συνεῖναι,
570 990 751 1027 συνεργῆσαι,
777 989 925 1022 διασῶσαι,

138 1037 283 1065 παιδεῦσαι
294 1058 302 1070 ,
316 1037 484 1070 καταξιῶσαι
498 1036 602 1072 τάληθῆ
620 1035 721 1071 λέγειν,
736 1036 780 1063 ἴνα
797 1036 865 1072 μήτε
879 1036 928 1062 αὺ-

137 1084 199 1117 τοὶ,
216 1083 313 1119 ψεῦδός
336 1092 361 1110 τι
385 1083 519 1117 λέγοντες,
541 1084 597 1115 τοῖς
620 1082 711 1114 αὐτοῖς
734 1081 926 1117 ὑποπέσωμεν,

137 1129 241 1162 ὁποίοις
256 1129 286 1156 αἱ
307 1129 340 1156 τὰ
353 1128 440 1165 ἀληθῆ
462 1129 509 1155 τὸν
531 1129 632 1164 κόσμον
645 1128 683 1164 μὴ
702 1127 841 1160 διδάξασαι
852 1127 928 1163 αἱρέ-

140 1184 206 1208 σεις.

177 1264 238 1292 Ἔτι
253 1265 280 1291 δὲ
300 1265 324 1290 οἱ
343 1265 372 1290 ἐν
391 1265 422 1299 τῇ
441 1263 556 1300 ’Λφρικῇ
569 1263 625 1299 (17)
636 1272 665 1289 τε
677 1263 723 1289 καὶ
738 1261 888 1298 Βιζικανία,
901 1263 926 1289 οἱ

141 1310 197 1341 απὸ
216 1310 338 1340 Aonia-,2)
352 1310 424 1342 we.—
435 1310 599 1339 Δωνατιανοὶ
619 1309 691 1337 οὕτω
709 1308 881 1345 καλούμενοι,
895 1308 929 1335 τὰ

140 1360 222 1393 ὃμοια
233 1358 337 1390 τούτοις
357 1356 518 1394 φρονοῦντες
536 1357 615 1389 εἰσιν,
633 1356 798 1391 ἀφηνιασταὶ
818 1356 865 1382 καὶ
882 1354 930 1382 αὺ-

140 1406 184 1432 τοὶ
197 1404 277 1440 δῆθεν
291 1404 335 1431 διὰ
352 1405 382 1430 τὸ
396 1404 434 1439 μὴ
453 1404 642 1438 συγκοινωνεῖν
654 1404 709 1435 τοῖς
727 1403 756 1429 ἐν
766 1402 805 1437 τῷ
818 1400 931 1437 διωγμῷ

142 1448 343 1485 παρα-πεσοῦσι,
355 1450 411 1481 τοῖς
434 1449 525 1480 αὐτοῖς
544 1448 794 1484 ἀνατραπήσονται,
806 1446 932 1481 καθάπερ

144 1496 192 1523 καὶ
214 1495 240 1521 οί
257 1494 482 1530 ἐτεροζυγοιῗιντες
504 1495 595 1526 αὐτοῖς
618 1493 797 1525 Νουατιανοὶ,
819 1492 868 1519 εἴτ’
883 1490 929 1519 οὖν
946 1511 967 1539 C

145 1541 269 1576 Καθαροὶ
294 1541 365 1568 οὕτω
379 1540 530 1577 λεγδμενοι.
547 1539 592 1567 Διὸ
607 1540 637 1566 οὐ
658 1538 753 1576 χρείαν
776 1539 933 1575 ἐσχήκαμεν

145 1588 209 1622 περὶ
223 1586 325 1614 τούτων
340 1596 366 1614 τι
383 1586 597 1622 ἐπεργάσασθαι,
612 1585 668 1613 ἀλλ’
680 1585 747 1621 ὁμοῦ
766 1585 863 1616 αὐτοὺς
877 1585 933 1615 τοῖς

143 1633 247 1668 ὁμοίοις
261 1634 353 1665 αὐτοῖς
368 1633 534 1669 συνήψαμεν.
548 1631 742 1668 Περιττότερον
757 1631 786 1658 δέ
798 1627 871 1657 οὗτοι
885 1629 935 1657 πᾶ-

145 1678 187 1705 λιν
204 1678 251 1705 καὶ
272 1680 363 1714 χεῖρον
386 1677 525 1710 ἐξέπεσον.
545 1677 601 1713 Τὴν
618 1677 671 1713 γὰρ
692 1676 781 1703 πίστιν
803 1675 875 1703 κατὰ
888 1675 934 1704 τὸν

148 1724 257 1760 Ἄρειον
284 1723 445 1761 φρονοῦσινδ
472 1724 710 1759 ἀνατραπήσονται
745 1722 773 1749 δὲ
805 1721 935 1752 ὡσαύτως

147 1771 212 1807 περὶ
229 1770 357 1803 πίστεως,
368 1768 402 1807 ἧς
415 1770 508 1802 κακῶς
522 1769 677 1806 φρονοῦσιν,
690 1769 728 1801 ὡς
741 1768 787 1795 καὶ
797 1768 812 1795 ό
827 1769 935 1804 ’Ἄρειος

146 1816 288 1853 ἀνετράπη
304 1816 347 1843 διὰ
362 1816 449 1850 λόγων
462 1815 603 1852 ἀληθείας,
621 1816 657 1843 τὰ
671 1814 741 1842 αὑτὰ
753 1815 857 1847 τούτοις
871 1821 936 1851 φρο-

147 1862 218 1892 νῶν,
239 1863 287 1889 καὶ
307 1860 380 1890 οὗτοι
397 1862 503 1898 ἐκείνῳ.
517 1862 573 1889 Καὶ
594 1861 697 1897 ταύτην
719 1860 747 1888 δέ
769 1861 851 1888 πάλιν
867 1869 938 1895 παρ-

148 1909 330 1944 ιλευσόμενοι,
350 1909 396 1935 ἐπὶ
412 1907 461 1939 τὰς
476 1908 539 1942 ἐξῆς
555 1907 698 1944 βαδιοῦμεν
707 1928 715 1942 ,
727 1907 820 1942 ὥσπερ
835 1907 937 1943 ἑρπετὰ

147 1955 224 1982 δεινὰ
240 1954 502 1990 καταπεπατηκότες
516 1955 546 1981 ἐν
558 1953 662 1990 Κυρίῳ.

346 2101 441 2127 KATA
459 2100 653 2129 AI‘I‘EAIKQN
674 2100 741 2136 (l8),

388 2147 505 2181 Αἵρεσις
521 2148 555 2174 Μ’
570 2147 589 2181 ὴ
606 2147 656 2174 καί
668 2147 708 2174 Ξ.

970 207 1060 235 clcsia:
1075 206 1134 238 lilii,
1150 207 1197 242 qui
1216 211 1318 234 certam
1333 205 1393 234 fidei
1410 206 1531 241 regulam
1552 205 1712 241 agnoscitis,
1724 214 1756 234 ac

970 253 1043 280 viam
1059 252 1184 281 veritatis
1207 252 1333 280 inccditis
1348 261 1355 279 :
1371 259 1405 279 ne
1428 259 1477 279 vos
1503 252 1649 279 contrariae
1672 260 1757 280 voces

971 299 1147 329 abstraham.
1171 302 1218 325 aut
1233 297 1382 332 cuiuslibet
1402 297 1541 326 ementita
1554 301 1637 325 secta:
1653 305 1758 325 sermo-

971 352 1021 372 nvs
1038 343 1186 379 decipiant.
1206 343 1331 372 Lubrica:
1347 345 1447 380 quippe
1463 344 1513 371 vite
1525 347 1601 375 sunt,
1615 350 1647 370 ac
1662 343 1758 378 depra-

971 393 1041 417 vatae
1058 390 1167 417 illorum
1186 389 1389 424 intelligentiae;
1411 389 1524 417 acclivis
1549 393 1592 417 est
1616 389 1759 424 arduaque

972 435 1081 463 semita.
1108 435 1215 463 Etenim
1242 436 1385 471 magniﬁce
1402 442 1463 463 sese
1475 435 1589 469 iactant,
1603 440 1630 463 et
1648 435 1758 462 interim

973 482 1078 511 minora
1094 483 1229 511 nesciunt.
1244 482 1408 510 Libertatem
1434 482 1592 514 ostendunt.
1609 490 1670 510 cum
1696 490 1759 518 pec—

972 533 1100 557 catorum
1127 529 1200 557 servi
1227 529 1292 556 sint.
1309 528 1347 556 De
1363 528 1515 563 majoribus
1534 528 1759 568 gloriantur.,ne-

972 581 1026 609 que
1041 577 1132 602 tamen
1147 574 1189 601 vel
1204 581 1288 609 parva
1300 578 1365 601 sunt
1381 574 1512 602 assecuti.

1008 617 1109 646 Verum
1126 618 1160 647 de
1176 626 1209 646 eo
1223 627 1323 655 genere
1339 619 1542 652 haereticorum,
1565 621 1612 654 qui
1635 620 1760 653 (laniari,

973 664 1025 692 hoc
1038 668 1081 692 est
1097 663 1164 691 Puri
1177 665 1502 701 vocantur.‘Axai0cproi,
1520 666 1572 694 hoc
1592 670 1635 695 est
1658 665 1761 701 Impuri

973 711 1076 738 rectius
1093 711 1274 746 appellentur,
1289 711 1358 739 satis
1375 711 1495 740 arbitror
1521 719 1536 739 a
1561 720 1604 740 me
1627 713 1760 740 hactenus

973 765 1035 785 esse
1051 757 1164 785 dictum.
1181 757 1361 791 Quamobrem
1375 758 1469 786 eadem
1484 758 1580 786 haeresi
1595 760 1760 794 praetermis-

975 812 1015 835 sa.
1032 804 1144 840 perinde
1160 811 1193 832 ac
1210 804 1332 832 basilisci
1349 812 1408 837 ore,
1425 805 1483 840 qui,
1497 806 1570 841 quod
1592 805 1626 833 ad
1640 806 1761 841 speciem

976 850 1095 878 nominis
1111 850 1218 882 attinet,
1233 851 1377 878 excellenti
1393 851 1510 886 quadam
1535 852 1655 880 nominis
1670 853 1762 887 appel-

976 895 1078 923 latione
1100 900 1229 923 censetur
1245 905 1252 924 :
1271 896 1322 923 hoc
1345 896 1428 931 igitur
1451 896 1516 931 ligni
1539 897 1564 924 vi
1588 904 1620 925 ac
1641 897 1763 932 potentia

976 941 1155 974 comminuto,
1170 942 1204 968 ad
1220 942 1339 977 reliquas
1353 948 1535 972 transeamus.
1553 943 1605 972 Sed
1621 944 1648 971 in
1667 944 1763 979 primis

976 987 1071 1015 eadem
1098 987 1192 1015 divino
1212 987 1322 1016 Numini
1347 996 1427 1024 prece
1453 990 1650 1025 supplicamus,
1666 994 1696 1017 ut
1714 990 1764 1017 viae

977 1033 1056 1061 nobis
1072 1040 1163 1061 comes
1177 1041 1240 1061 esse
1255 1034 1330 1066 velit,
1346 1038 1374 1062 et
1386 1035 1530 1063 nobiscum
1546 1039 1664 1068 maneat,
1680 1035 1763 1068 adsit,

977 1080 1137 1116 opituletur,
1153 1086 1307 1114 conservet,
1325 1081 1460 1116 instituat,
1475 1085 1503 1110 et
1516 1086 1546 1109 ut
1560 1090 1624 1110 vera
1638 1083 1764 1111 dicamus

978 1126 1129 1161 largiatur;
1151 1134 1186 1154 ne
1212 1126 1281 1155 forte
1297 1127 1461 1156 mentientes
1482 1128 1592 1164 ipsimet
1615 1129 1643 1156 in
1668 1129 1763 1157 eadem

979 1171 1163 1205 incurramus.
1184 1173 1214 1202 in
1232 1182 1293 1209 qua:
1309 1174 1428 1203 hareses
1452 1175 1606 1203 inciderunt
1624 1175 1686 1209 illa,
1704 1184 1766 1211 qua:

980 1217 1128 1251 humanum
1143 1227 1229 1254 genus
1243 1220 1313 1248 falsa
1328 1221 1492 1249 docuerunt.

1013 1263 1055 1291 Ad
1070 1263 1127 1292 haec
1152 1265 1199 1300 qui
1226 1265 1253 1293 in
1270 1265 1375 1297 Africa,
1389 1270 1417 1294 et
1430 1265 1563 1294 Bizacena
1579 1267 1690 1303 degunt.
1706 1271 1733 1295 et
1749 1275 1766 1295 α

981 1310 1086 1338 Donato
1111 1311 1230 1347 quodam
1256 1311 1403 1340 Donatiani
1420 1318 1564 1346 vocantur,
1581 1315 1675 1341 eadem
1702 1321 1765 1341 cum

980 1356 1120 1391 prioribus
1142 1357 1196 1385 illis
1218 1358 1379 1390 sentientes,
1393 1359 1571 1395 eamdemque
1585 1359 1622 1387 ob
1641 1367 1765 1391 causam,

981 1402 1053 1437 quod
1078 1402 1203 1431 videlicet
1224 1411 1287 1430 cum
1313 1404 1356 1432 his
1381 1405 1427 1439 qui
1447 1404 1474 1432 in
1490 1407 1680 1440 persecutione
1697 1406 1766 1440 lapsi

981 1452 1070 1479 erant.
1084 1448 1153 1476 nihil
1180 1448 1281 1477 habere
1304 1456 1450 1478 commune
1466 1451 1576 1484 vellent,
1592 1451 1767 1483 rebellantes,

983 1493 1077 1520 eadem
1101 1494 1208 1522 ratione
1230 1494 1413 1529 disiieientur.
1429 1503 1482 1531 qua
1499 1501 1527 1524 et
1540 1495 1694 1530 Novatiani,
1711 1498 1770 1525 sive

985 1538 1105 1570 Cathari,
1125 1539 1172 1574 qui
1197 1547 1341 1568 commune
1367 1549 1429 1568 cum
1446 1541 1500 1569 illis
1522 1541 1617 1578 iugum
1644 1542 1768 1570 trahunt.

984 1583 1064 1619 505
1077 1583 1211 1617 Quocirca
1227 1593 1339 1614 necesse
1355 1594 1410 1614 non
1425 1587 1571 1616 habuimus
1595 1588 1721 1624 privatim
1736 1589 1770 1617 de

985 1628 1040 1656 illis
1060 1629 1177 1664 amplius
1193 1630 1297 1666 aliquid
1310 1635 1447 1666 tractare;
1464 1632 1514 1661 sed
1529 1633 1589 1660 illos
1604 1641 1666 1660 cum
1678 1633 1719 1661 sui
1733 1634 1771 1661 si-

985 1675 1095 1704 milibus
1104 1676 1312 1712 coniungendos
1323 1679 1489 1714 putavimus.
1503 1678 1556 1707 Sed
1570 1679 1615 1708 isti
1630 1680 1773 1708 vehemen-

985 1721 1040 1750 tius
1055 1729 1087 1749 ac
1103 1722 1225 1752 deterius
1240 1724 1415 1758 aberrarunt,
1432 1726 1532 1761 quippe
1545 1727 1592 1762 qui
1604 1727 1631 1754 in
1647 1727 1771 1755 eamdem

986 1774 1049 1794 cum
1065 1766 1130 1795 Ario
1151 1767 1229 1795 ﬁdem
1249 1769 1444 1798 consentiant:
1462 1771 1535 1798 unde
1551 1775 1588 1804 et.
1601 1771 1674 1807 quod
1690 1772 1723 1799 ad
1740 1772 1773 1799 Ii-

986 1811 1048 1840 dem
1064 1813 1170 1846 attinet,
1185 1813 1219 1841 de
1234 1822 1288 1849 qua
1304 1815 1375 1842 male
1387 1817 1518 1848 sentiunt.
1532 1817 1629 1844 eodem
1651 1822 1773 1845 everten-

988 1862 1033 1885 tur
1058 1858 1150 1892 modo,
1167 1866 1222 1894 quo
1247 1860 1330 1888 Arius
1352 1860 1476 1888 veritatis
1498 1861 1622 1889 oratione
1637 1861 1774 1890 refutatus

987 1908 1040 1937 est,
1057 1912 1119 1932 cum
1145 1911 1159 1931 a
1186 1913 1216 1933 sc
1239 1905 1354 1934 invicem
1375 1907 1487 1934 minime
1501 1907 1676 1935 dissentiant.
1693 1907 1774 1935 Deni-

987 1958 1042 1985 que
1055 1957 1107 1978 nos
1129 1951 1175 1978 illa
1197 1952 1346 1986 praeterita,
1361 1952 1395 1979 ad
1415 1953 1534 1988 reliquas
1555 1953 1774 1989 progrediemur,

988 2000 1165 2032 posteaquam
1186 1998 1323 2026 horrenda
1341 1999 1425 2026 veluti
1450 1998 1618 2034 serpentium
1636 2003 1772 2033 monstra,

990 2042 1104 2070 Domino
1117 2043 1274 2078 adiuvante,
1290 2044 1520 2079 proculcavimus.

1179 2099 1364 2128 ADVERSUS
1382 2100 1587 2135 ANGELICOS,

1226 2146 1340 2175 Ηωνεδὶι
1354 2146 1402 2174 XL
1414 2147 1467 2174 sive
1481 2146 1540 2174 LX.

187 2194 228 2221 A'.
247 2192 410 2228 Ἀγγελικῶν
432 2192 538 2228 αἵρεσιν
557 2193 730 2228 ἀκηκόαμεν,
746 2192 794 2220 καὶ
807 2192 838 2219 τδ
853 2191 931 2228 δνομο

1027 2193 1046 2220 Ι.
1061 2193 1159 2221 Audita
1169 2201 1184 2221 a
1197 2193 1276 2221 nobis
1289 2197 1332 2221 est
1342 2192 1535 2228 Angelicorum
1551 2193 1673 2225 haeresis,
1689 2201 1722 2221 ac
1735 2202 1777 2221 su-

156 2241 236 2276 μόνον
261 2239 442 2275 ἐνηχήθημεν,
459 2238 490 2265 οὺ
513 2238 584 2265 πάνυ
599 2239 627 2265 δέ
647 2239 741 2274 σαφῶς
765 2239 844 2274 ἴσμεν
864 2238 907 2270 τίς
921 2239 938 2274 ἡ

155 2286 267 2322 τοιαύτη
289 2286 404 2321 αἵρεσις,
426 2285 470 2312 διὰ
489 2284 520 2311 τὸ
541 2285 611 2320 τάχα
633 2285 716 2316 ποτὲ,
743 2284 831 2320 καιρῷ
855 2284 941 2320 αὐτὴν

156 2333 298 2364 ἐνστᾶσαν,
314 2331 426 2366 ὕστερον
439 2330 529 2365 λῆξαι,
543 2331 590 2357 καὶ
602 2330 785 2366 καταλυθῆναι
800 2331 841 2363 εὶς
855 2330 940 2362 τέλος.

156 2378 193 2405 Τὸ
209 2378 238 2405 δὲ
262 2378 347 2413 δνομα
372 2376 417 2404 διὰ
438 2376 518 2403 ποίαν
540 2376 630 2403 αἰτίαν
655 2376 750 2412 ἔσχεν,
775 2377 826 2404 οὐκ
851 2377 939 2411 ῐσμεν.

159 2425 236 2451 Ἤτοι
251 2424 306 2458 γὰρ
324 2421 401 2458 παρὰ
420 2421 451 2448 τὸ
471 2420 548 2453 τινὰς
567 2421 620 2448 ὑπὸ
636 2421 759 2456 ἀγγέλων
780 2422 825 2448 τὸν
840 2421 942 2457 κόσμον

155 2468 318 2504 γεγενῆσθαι
328 2467 449 2502 φάσκειν·
466 2467 523 2503 (καὶ
537 2468 561 2494 εί
577 2467 645 2503 αὑτὴ
660 2466 737 2494 τοῦτο
750 2467 890 2502 φάσκουσα
903 2466 943 2502 τῷ

157 2516 267 2550 ὀνόματι
289 2513 377 2549 τούτῳ
393 2513 531 2549 κέκληται,
548 2514 598 2541 οὐκ
613 2513 667 2549 ἔχω
689 2513 801 2548 λέγειν),
823 2513 883 2549 ἤτοι
899 2513 943 2540 διὰ

157 2561 188 2587 τὺ
207 2562 235 2587 ἐν
256 2559 333 2593 τάξει
355 2559 477 2594 ἀγγέλων
501 2560 614 2591 ἑαυτοὺς
637 2558 793 2592 σεμνύνειν,
815 2560 862 2586 καὶ
892 2558 944 2595 βίῳ

194 2657 250 2692 (Π)
263 2658 326 2684 Ἔτι
338 2657 372 2684 δὲ
382 2658 408 2684 οι
419 2657 454 2684 ἐν
467 2657 504 2691 τῇ
512 2657 640 2692 Ἀφρικῆ.
653 2656 691 2685 De
701 2657 850 2686 Donatistis
865 2658 944 2685 levis-

160 2693 228 2721 sime
240 2692 396 2727 defungitur
409 2693 587 2727 Epiphanius.
600 2692 672 2727 quod
688 2693 796 2720 illorum
816 2693 945 2720 fortassis

159 2735 268 2756 errores
301 2727 372 2754 haud
407 2728 475 2755 satis
508 2731 687 2762 compererat.
724 2728 806 2763 Atqui
847 2733 947 2763 praeter

161 2763 297 2804 scliisrqa,
317 2767 345 2804 et
373 2762 584 2804 pertinacem}
614 2763 726 2804 reliquis
761 2762 945 2804 secessioiietii

162 2797 349 2834 nonnullade
374 2797 408 2825 iis
433 2797 579 2834 peculiaria
608 2797 660 2825 dici
685 2803 806 2834 possent.
836 2798 889 2826 Sed
912 2806 946 2826 rx

161 2833 264 2870 Optati,
293 2833 457 2869 Augustini,
486 2833 658 2869 aliorumque
687 2833 810 2870 scriptis,
828 2837 885 2862 tum
912 2840 946 2861 ex

992 2239 1046 2266 lum
1070 2239 1130 2275 eius
1154 2246 1253 2267 nomen
1269 2239 1436 2275 accepimus,
1453 2246 1542 2274 neque
1562 2239 1716 2274 cuiusmodi
1732 2241 1777 2268 illa

991 2284 1100 2312 demum
1116 2284 1229 2312 heresis
1243 2283 1288 2316 sit.
1303 2288 1474 2319 compertum
1485 2283 1640 2311 habuimus.
1656 2285 1734 2317 Quod
1744 2292 1779 2312 eo

992 2330 1110 2358 fortasse
1126 2329 1252 2365 contigit,
1270 2329 1344 2365 quod
1370 2336 1432 2356 cum
1456 2329 1604 2367 aliquando
1619 2330 1777 2365 prodiisset.

992 2376 1073 2403 desiit
1089 2379 1194 2411 postea,
1217 2382 1249 2402 ac
1265 2375 1372 2403 tandem
1388 2375 1498 2411 penitus
1518 2376 1654 2403 exstincta
1675 2380 1728 2404 est.
1744 2375 1779 2403 ll-

993 2421 1038 2448 lud
1057 2429 1121 2449 vero
1134 2428 1234 2449 nomen
1246 2428 1330 2456 quam
1345 2421 1381 2449 ob
1396 2429 1507 2449 causam
1524 2421 1685 2456 obtinuerit,
1702 2423 1780 2458 igno-

993 2473 1096 2494 ramus.
1108 2465 1176 2494 Nam
1189 2473 1252 2493 cum
1264 2465 1385 2494 haeretici
1399 2466 1511 2501 quidam
1528 2467 1669 2495 conditum
1683 2467 1718 2495 ab
1727 2476 1779 2495 an-

993 2513 1061 2548 gelis
1077 2512 1208 2540 mundum
1226 2519 1288 2540 esse
1302 2512 1432 2546 dixerint,
1448 2516 1605 2540 utrumnam
1619 2513 1677 2541 haec
1692 2519 1778 2546 secta.

994 2558 1067 2594 quod
1092 2558 1162 2585 idem
1186 2561 1366 2589 asseveraret,
1382 2558 1477 2586 eodem
1498 2559 1535 2587 sit
1547 2559 1643 2587 affecta
1658 2561 1779 2593 nomine.

996 2657 1124 2685 Ecclesiae
1140 2658 1284 2693 annalibus
1303 2658 1356 2693 peti
1371 2658 1463 2685 omnia
1481 2664 1607 2693 possunt.

1032 2693 1086 2726 (18)
1106 2692 1355 2728 νἈιιτελικῶνίΒε
1378 2693 1421 2720 his
1434 2692 1548 2727 August.
1570 2694 1635 2721 haer.
1653 2694 1708 2722 39:
1726 2695 1783 2722 Au-

996 2728 1082 2764 gglici.
1104 2727 1202 2764 inquit,
1226 2728 1253 2754 in
1274 2727 1427 2764 angelorum
1442 2728 1542 2754 cultum
1564 2728 1696 2759 inclinati.
1717 2738 1781 2764 qum

998 2762 1161 2797 Epiphanius
1180 2763 1239 2798 jam
1254 2764 1360 2790 omnino
1381 2763 1507 2798 defecisse
1525 2768 1648 2790 testatur.
1672 2762 1782 2792 Cullum

998 2798 1112 2835 blc_1‘l]v_
1138 2798 1265 2835 λατρείαν
1289 2798 1506 2835 ἱιιιειιίεοηΛΙία
1529 2798 1583 2825 τῶν
1617 2799 1783 2835 ’Λγγιλικῶν

998 2833 1072 2862 notio
1088 2833 1123 2862 ab
1138 2833 1196 2862 loci
1206 2833 1349 2870 cujusdam
1365 2833 1474 2865 nomine
1492 2841 1605 2870 prorsus
1620 2834 1780 2871 rejicienda.
