1958 3050
138 52 217 101 ΙΙυῦξ)

833 64 862 92 S.
884 62 1054 92 EPIPIIANII

1705 63 1716 90 I
1722 65 1774 91 040

150 137 224 160 certo
239 129 373 156 afﬁrmare
387 134 442 154 non
457 133 578 162 possunt.
594 129 636 152 An
652 123 744 160 potius
757 123 829 158 quod
843 123 870 150 in
886 130 936 150 an-

996 121 1150 158 ὲξοχωτάτῳ
1162 122 1284 156 ἄγεσθαι,
1298 121 1358 148 οὐδὲ
1368 121 1447 149 τοῦτο
1463 121 1680 158 διαϐεϐαιοῦμαι·
1695 123 1711 158 ἢ
1727 124 1776 150 καὶ

150 178 265 213 gelicum
283 182 344 202 sese
359 173 486 201 ordinem
510 177 671 207 arroganter
695 168 839 202 referrent,
856 174 935 203 atque

151 223 326 251 excellentem
346 219 492 255 quamdam
515 218 578 246 vita:
601 217 734 244 rationem
751 217 934 249 instituerent,

151 279 184 298 uc
201 271 253 297 hoc
268 267 377 303 quidem
402 273 453 301 pro
475 268 616 299 comperto
631 262 724 290 affero.
738 263 779 290 An
797 266 936 298 postremo

988 169 1042 196 ἀπὸ
1058 169 1140 196 τόπου
1164 169 1238 200 τινὸς
1262 169 1402 204 εἰληφότες
1424 169 1552 203 τοῦνομα·
1571 170 1663 206 ἐπειδὴ
1686 170 1776 206 χῶρός

989 214 1030 246 τίς
1047 215 1120 241 ἐστιν
1142 214 1283 250 ’Δγγελίνη
1295 215 1424 242 ἐπέκεινα
1438 215 1487 250 τῆς
1499 213 1711 248 Μεσοποταμίας
1725 215 1777 251 χώ-

993 269 1042 297 ρας
1055 260 1191 296 κείμενος.

151 316 185 343 ab
212 315 273 342 loco
304 312 423 348 quodam
448 318 508 339 eam
536 309 743 345 appellationem
766 309 856 337 sortiti
872 308 937 336 sint.
957 307 1094 341 Quoniam
1110 308 1219 342 quidem
1252 307 1328 344 regio
1356 307 1479 343 quadam
1496 311 1538 337 est
1558 309 1630 336 ultra
1651 308 1777 344 Mesopo-

151 362 273 393 tamiam,
287 367 348 396 quae
364 358 496 394 Angelina
508 358 619 385 dicitur.

186 407 217 434 II.
237 406 296 434 Jam
317 412 383 433 vero
403 404 529 440 quisquis
549 411 579 431 es
596 403 713 435 auditor,
730 403 753 430 si
775 410 836 438 quae
857 409 872 429 a
894 410 937 430 tne

152 457 231 480 antea
246 453 319 480 dicta
337 455 403 479 sunt
418 450 585 482 recorderis,
598 450 667 477 nihil
683 449 736 477 erit
756 448 829 484 quod
846 456 890 476 me
909 449 936 476 in

152 497 276 525 criminis
291 495 475 531 suspicionem
491 494 621 522 adducas.
643 493 700 522 Hoc
715 495 788 522 enim
801 494 835 522 de
852 494 937 522 haere-

153 543 229 570 sibus
249 542 404 577 recepimus
422 550 428 567 :
445 540 626 575 quarumdam
646 547 696 567 nos
719 539 826 568 radices
839 548 871 567 ac
886 540 936 567 do-

152 593 252 624 gmata,
268 593 316 614 ant
335 586 438 622 aliquid
450 593 546 614 eorum
561 593 622 621 quae
638 586 673 614 ab
692 586 746 614 illis
762 586 819 614 ﬁeri
836 587 935 619 solent,

152 641 214 662 esse
237 637 415 665 narraturos;
439 631 553 659 aliarum
570 638 634 659 vero
648 632 759 659 nomine
771 636 850 660 tenus
862 640 937 660 meu-

153 681 255 707 tionem
271 686 334 706 esse
350 677 483 705 facturos.
497 676 584 704 Porro
598 681 730 711 quantum
751 677 844 705 divina
857 678 936 705 nobis

152 733 204 761 ope
220 724 402 760 praesidioque
421 730 583 751 concessum
608 727 661 756 est,
673 724 801 752 omnibus
815 723 849 751 ad
866 724 937 751 hanc

1025 398 1062 426 B'.
1075 398 1144 435 Ἤδη
1157 399 1186 426 δὲ
1196 399 1224 425 ὲν
1233 399 1382 434 ὑπομνήσει
1396 407 1442 426 σου
1457 399 1600 436 γινομένου
1611 401 1659 428 τοῦ
1675 402 1777 437 ἀκροαδ

989 445 1055 477 τοῦ,
1081 445 1131 471 οὐκ
1164 446 1205 476 είς
1239 445 1411 479 κατάγνωσιν
1436 445 1465 471 ὲν
1495 446 1633 478 ὑπονοίαις
1661 448 1774 484 γενήσῃ.

996 491 1233 526 Ἐπηγγειλάμεθα
1254 491 1309 527 γὰρ
1332 491 1386 518 τῶν
1411 491 1461 527 μὲν
1482 491 1531 524 τὰς
1554 492 1631 528 ῥίζας
1658 494 1704 520 καὶ
1726 494 1786 525 τὰς’

990 538 1150 574 προφάσεις,
1165 537 1182 573 ἡ
1203 546 1230 564 τι
1247 537 1301 564 τῶν
1320 538 1349 564 ὲν
1364 539 1418 571 τοῖς
1436 539 1501 575 παρ’
1519 539 1611 571 αὐτοῖς
1628 540 1787 574 γινομένων·

989 584 1118 620 δηλῶσαι·
1135 584 1222 611 ἄλλων
1237 584 1266 611 δὲ
1291 584 1369 619 μόνον
1382 584 1421 620 τῷ
1435 584 1545 620 ὀνόματι
1567 585 1775 621 ἀπομνημονεῦ-

991 638 1046 657 σαι.
1065 629 1109 660 Ὠς
1126 629 1153 656 δὲ
1175 630 1191 664 ἠ
1207 628 1267 656 θεία
1287 628 1401 664 δύναμις
1424 629 1623 665 παρεσκεύασε,
1639 631 1686 657 καὶ
1699 631 1778 667 ὲὸοή-

990 676 1082 712 θησεν,
1099 675 1152 707 ἓως
1163 675 1265 711 ταύτης
1287 676 1338 710 τῆς
1357 675 1490 712 αἱρέσεως
1506 676 1555 708 τὰς
1572 678 1662 709 πάσας
1679 677 1777 710 διεξελ-

990 722 1090 755 θόντες,
1106 722 1234 758 οὐδεμίαν
1249 722 1380 757 εἰάσαμεν
1400 722 1610 758 ἁνερμήνευτον,
1628 723 1697 759 πλὴν
1712 726 1777 760 μιᾶς

153 779 240 806 usque
262 770 346 798 sectis
371 770 514 805 expositis,
530 769 644 802 nullam,
662 769 714 798 hac
729 774 851 806 excepta.
868 777 937 805 pne-

996 769 1098 803 ιαύτης.
1115 769 1192 804 Τάχα
1207 767 1235 795 δὲ
1247 768 1290 794 διὰ
1304 768 1348 799 τὸ,
1367 768 1531 803 ἐπαρθεῖσαν
1545 768 1584 804 τῷ
1597 769 1674 805 τύφῳ
1687 770 1778 804 ὀλίγον

152 817 332 848 termisimus,
348 823 429 851 quam
447 824 500 843 non
513 815 636 843 oratione
653 815 865 844 declararemus.
882 815 935 844 Sed

153 863 252 891 accidit
270 863 397 894 fortasse,
416 866 444 890 ut
454 870 516 890 cum
530 862 604 890 brevi
619 862 664 890 illa
682 866 804 898 tempore
819 871 881 891 sese
892 864 936 891 in-

153 910 273 937 solenter
295 909 448 941 extulisset,
466 915 498 936 ac
515 913 652 943 postremo
667 909 806 941 desiisset,
822 909 889 936 nihil
904 909 938 937 de

153 953 212 988 ipsa
226 953 294 981 certi
308 953 497 989 exploratique
513 953 653 988 percipere
670 961 825 988 possemus.
845 953 938 990 Itaque

154 999 213 1027 sola
231 1000 291 1035 ejus
309 999 491 1035 appellatione
515 998 643 1026 celeriter
665 1000 873 1034 comprehensa.
893 1007 939 1026 eo-

153 1054 208 1081 que
231 1046 352 1077 nomine,
367 1046 442 1074 velut
460 1046 588 1073 abortivo
607 1045 724 1081 quodam
751 1045 818 1077 fetu,
841 1044 939 1077 functi,

154 1092 207 1120 hoc
229 1092 289 1119 loco
312 1091 508 1126 praetermisso,
528 1091 562 1118 ad
585 1090 808 1126 contemplandas
827 1090 940 1118 caeteras

154 1138 276 1165 animum
292 1142 494 1165 convertemus.
512 1136 606 1172 Itaque
621 1137 738 1172 primum
757 1136 792 1164 ab
804 1136 939 1163 universi-

157 1185 220 1212 tatis
245 1183 360 1211 Domino
381 1184 592 1219 postulaliimus,
609 1187 638 1210 ut
653 1182 750 1210 adesse
766 1182 845 1210 nobis
864 1182 939 1214 velit,

154 1235 182 1258 ct
198 1234 227 1258 ut
237 1237 298 1266 qua),
312 1229 382 1265 apud
399 1230 460 1258 illos
477 1229 558 1265 506
571 1229 638 1256 Iiunt
653 1228 751 1264 exiguo
766 1233 847 1264 atque
859 1228 942 1256 imbe-

155 1277 218 1304 cillo
235 1277 343 1312 ingenio
359 1281 453 1304 nostro
469 1276 629 1310 subjiciens,
644 1275 771 1302 universa
788 1282 838 1302 nos
858 1282 939 1309 quam

155 1323 360 1350 accuratissime
375 1322 520 1358 pet-doceat
540 1331 546 1349 :
564 1329 619 1357 quo
636 1324 663 1349 et
678 1329 729 1348 nos
743 1322 829 1356 ipsos,
848 1324 875 1348 et
888 1328 941 1348 cm-

989 815 1093 852 καιρδν,
1108 816 1154 842 καὶ¹
1169 814 1282 850 ὕστερον
1297 815 1375 850 λῆξαι
1397 815 1446 851 τῂν
1460 816 1544 851 αὐτῆς
1559 816 1725 852 κατάληψιν,
1745 817 1776 844 οὐ

991 863 1061 890 πάνυ
1080 861 1173 897 σαφῶς
1188 861 1320 897 ἔγνωμεν.
1335 861 1443 897 Ταύτης
1456 861 1485 888 δὲ
1502 863 1580 897 μόνον
1593 863 1780 898 ἐπιμνησθένε

990 917 1036 940 τες
1051 909 1101 943 τῆς
1117 907 1265 943 ὀνομασίας
1281 908 1310 934 ὲν
1332 908 1409 943 τάχει
1419 927 1427 939 ,
1449 907 1543 944 ὥσπερ
1566 907 1722 944 ἐκτρώματι
1737 909 1777 945 τῷ

989 955 1100 990 ὀνόματι
1115 953 1302 989 χρησάμενοι,
1318 954 1540 990 παρελευσόμεθα
1561 954 1606 982 τὸν
1623 955 1713 987 τόπον,
1730 955 1777 981 ἐπὶ

990 1001 1039 1032 τὰς
1062 1000 1159 1035 ἑτέρας
1174 999 1203 1026 δὲ
1226 999 1437 1032 διασκοποῦντες
1458 1000 1506 1035 τὴν
1526 1000 1613 1036 ὁρμὴν
1631 1001 1777 1028 ποιεῖσθαι.

990 1046 1046 1073 Καὶ
1069 1045 1225 1080 αἰτούμενοι
1248 1045 1302 1072 τῶν
1329 1045 1398 1072 ὅλων
1421 1045 1560 1082 Δεσπότην
1584 1047 1779 1083 παραφανῆναι

990 1093 1068 1128 ἡμῖν,
1093 1091 1140 1118 καὶ
1160 1091 1194 1118 τὰ
1218 1091 1318 1128 ἀκριὸἧ
1344 1091 1398 1118 τῶν
1421 1093 1485 1128 παρ’
1511 1093 1602 1125 αὐτοῖς
1626 1093 1778 1128 γινομένων

991 1137 1162 1169 ἐπιδείξαντα
1178 1136 1217 1172 τῷ
1235 1136 1344 1172 σμικρῷ
1357 1138 1374 1172 ἡ
1379 1137 1436 1172 μῶν
1449 1137 1498 1174 νῷ,
1515 1138 1604 1166 πάντα
1616 1139 1687 1165 κατὰ
1700 1138 1779 1174 ἀκρί-

991 1183 1068 1210 ϐειαν
1091 1184 1228 1219 σημᾶναι·
1255 1182 1288 1210 ἶν’
1303 1183 1409 1216 ἑαυτοῖς
1429 1193 1458 1211 τε
1482 1185 1528 1211 καλ¹
1550 1186 1606 1217 τοῖς
1627 1185 1711 1217 πέλας
1729 1185 1781 1221 τὴν

991 1227 1134 1263 διόρθωσιν
1150 1228 1339 1264 ποιησώμεθα,
1354 1227 1402 1255 τοῦ
1418 1229 1529 1264 φεύγειν
1544 1230 1579 1257 τὰ
1593 1230 1692 1266 φαῦλα,
1708 1231 1736 1257 ὲν
1750 1230 1779 1257 δὲ

991 1275 1048 1306 τοῖς
1062 1274 1175 1308 ἀγαθοῖς
1188 1275 1235 1301 καὶ
1249 1274 1443 1311 ἀληθεστάτοις
1460 1275 1489 1302 τὸ
1503 1276 1610 1312 ἑδραῖον
1626 1277 1732 1304 ἐαυτοῖε
1749 1276 1781 1303 ἑν

992 1319 1052 1355 Θεῷ
1069 1320 1313 1356 προσπορίσασθαι.

155 1374 229 1397 teros
244 1369 354 1397 erudire
366 1369 514 1405 possimus,
529 1369 567 1396 uti
581 1375 644 1396 cum
659 1368 730 1395 mala
745 1368 875 1401 devitent,
904 1373 960 1395 tum
980 1367 1007 1395 in
1026 1368 1070 1396 his
1086 1375 1148 1403 quae
1168 1367 1250 1401 bona,
1279 1376 1311 1396 ac
1330 1369 1435 1397 veritati
1458 1370 1576 1398 maxime
1597 1375 1782 1398 consentanea

157 1422 231 1449 stitit,
248 1417 352 1444 ﬁrmam
379 1416 408 1443 in
432 1415 488 1443 Deo
511 1415 688 1443 stabilitatem
707 1423 739 1443 ac
760 1414 941 1443 constantiam
963 1413 1105 1441 obtineant

322 1471 506 1500 ADVERSUS
525 1471 771 1504 APOSTOLICOS,

366 1519 484 1546 Haresis
499 1517 565 1545 XLI
584 1518 637 1545 sive
651 1516 728 1544 LXI.

191 1566 210 1592 1.
232 1565 284 1593 Alii
300 1564 450 1593 secundum
466 1563 526 1592 illos
543 1563 598 1591 dici
617 1571 647 1590 se
660 1562 831 1597 Apostolicos
845 1561 940 1589 volue-

155 1617 230 1643 runt,
253 1611 299 1646 qui
314 1614 341 1638 et
355 1609 541 1645 Apotacticos.
557 1609 608 1636 hoc
623 1612 666 1636 est
681 1608 884 1635 Renuntiatores
900 1614 942 1634 se-

157 1659 231 1693 ipsos
245 1656 396 1684 nominant.
412 1653 468 1681 [Ioc
485 1653 558 1681 enim
575 1653 719 1689 diligenter
734 1653 892 1683 observant,
909 1659 943 1679 ne

156 1703 305 1738 quidquam
326 1699 494 1736 possideant.
513 1698 596 1726 Iidem
621 1706 703 1734 porro
728 1706 743 1725 a
768 1697 878 1725 Tatiani
894 1698 943 1726 do-

156 1748 293 1784 gmatibus
312 1746 387 1774 velut
411 1745 554 1772 avulsione
577 1744 697 1779 quadam
723 1743 876 1779 propagati,
892 1744 944 1771 hoc

157 1799 199 1823 est
219 1795 254 1822 ab
272 1793 432 1826 Encratitis,
449 1791 573 1819 Tatianis
586 1795 613 1819 et
625 1791 763 1821 Catltaris,
779 1790 827 1825 qui
849 1797 944 1817 omnes

158 1841 295 1877 graccipue
318 1840 403 1875 legem
427 1838 575 1873 repudiant
590 1848 596 1865 :
611 1837 712 1864 habent
736 1837 775 1865 illi
800 1837 908 1864 diversa
929 1844 944 1864 a

160 1888 261 1916 nostris
278 1889 449 1915 sacramenta
467 1889 552 1919 atque
574 1884 712 1920 mysteria.
730 1882 769 1910 De
791 1883 884 1917 inopia
906 1890 947 1910 re-

161 1942 220 1961 rttm
244 1932 365 1960 omnium
379 1930 542 1967 gloriantur,
560 1937 592 1956 ac
611 1933 815 1957 sacrosanctam
831 1927 877 1956 Dei
895 1927 946 1956 Ec-

159 1981 271 2008 clesiam
311 1977 439 2006 ascititiis
473 1976 717 2012 superstitionibus
747 1979 848 2002 temere
878 1974 948 2002 divis

159 2026 239 2058 dunt,
258 2031 289 2051 ac
311 2023 487 2054 labefactant,
502 2025 529 2049 et
553 2028 568 2048 a
594 2021 687 2048 divina
712 2020 857 2048 clementia
873 2020 948 2047 exci-

158 2073 237 2099 dunt.
253 2069 347 2105 Neque
360 2068 432 2096 enim
446 2075 508 2094 eum
525 2067 572 2102 qui
589 2066 673 2094 semel
687 2066 831 2101 prolapsus
844 2065 889 2096 sit,
903 2072 947 2092 re-

159 2118 265 2152 cipiunt
282 2115 412 2150 amplius,
428 2117 511 2148 atque
526 2113 622 2140 eadem
645 2112 758 2140 omnino
776 2111 811 2138 de
832 2110 945 2146 nuptiis,

1197 1470 1290 1499 ΚΑΤΑ
1309 1471 1555 1498 ΑΠΟΣΤΟΛΙΚΩΝ

1167 1518 1287 1552 Αἵρεσις
1314 1517 1373 1545 MA'
1398 1518 1418 1552 ἡ
1444 1518 1494 1547 καὶ
1523 1518 1587 1546 ΞΑἌ

1028 1563 1068 1589 Δ’.
1084 1562 1161 1590 Μέτὰ
1175 1564 1204 1590 δὲ
1220 1564 1331 1596 τούτους
1351 1563 1426 1591 ἄλλοι
1442 1564 1555 1596 ἑαυτοὺς
1576 1564 1786 1596 Ἀποστολικοὺς

992 1608 1148 1644 ὠνόμασαν.
1167 1609 1311 1636 Βούλονται
1327 1609 1356 1636 δὲ
1368 1610 1414 1637 καὶ
1429 1610 1658 1644 Ἀποτακτικοὺς
1670 1611 1784 1642 ἑαυτοὺς

993 1654 1092 1689 λέγειν.
1108 1655 1273 1682 Φυλάττεται
1294 1655 1322 1681 δὲ
1347 1655 1411 1692 παρ’
1429 1656 1519 1687 αὺτοῖς
1536 1656 1566 1682 τὸ
1584 1656 1667 1692 μηδὲν
1683 1656 1783 1692 κεκτῆ-

995 1697 1066 1725 σοαι.
1085 1699 1146 1725 Εἰσὶ
1158 1699 1187 1725 δὲ
1200 1700 1247 1726 καὶ
1262 1700 1286 1726 oi
1303 1700 1380 1726 αὐτοὶ
1393 1700 1562 1735 ἀπόσπασμα
1581 1701 1635 1728 τῶν
1651 1701 1785 1728 Τατιανοῦ

993 1744 1147 1781 δογμάτων,
1164 1745 1350 1781 Ἐγκρατιτῶν
1362 1755 1392 1773 τε
1408 1747 1454 1774 καὶ
1468 1747 1617 1779 Τατιανῶν,
1632 1748 1678 1775 καὶ
1692 1748 1784 1775 Καθα-

996 1791 1062 1826 ρῶν·
1076 1792 1174 1822 οἵτινες
1192 1791 1271 1826 φύσει
1292 1791 1374 1827 νόμον
1398 1792 1428 1818 οὺ
1449 1792 1656 1828 παραδέχονται.
1674 1794 1785 1829 Παρήλ-

994 1838 1092 1865 λακται
1106 1838 1134 1864 δὲ
1148 1838 1214 1873 παρ’
1227 1838 1319 1870 αὐτοῖς
1334 1838 1380 1865 καὶ
1392 1838 1427 1865 τὰ
1441 1839 1587 1874 μυστήρια.
1602 1839 1784 1874 Σεμνύνονται

995 1884 1024 1910 δὲ
1041 1883 1122 1920 δῆθεν
1136 1884 1329 1920 ἁκτημοσύνην
1340 1892 1348 1900 ·
1363 1885 1483 1919 σχίζουσι
1493 1885 1522 1911 δὲ
1537 1885 1626 1921 μάτην
1640 1883 1713 1913 οὗτοι
1737 1886 1786 1912 καὶ

997 1929 1147 1965 βλάπτουσι
1167 1930 1218 1966 τὴν
1235 1930 1317 1964 ἁγίαν
1338 1929 1405 1957 Θεοῦ
1428 1930 1601 1966 Ἐκκλησίαν,
1621 1930 1665 1957 διὰ
1677 1930 1708 1957 τὸ
1722 1931 1784 1958 ἐθε-

996 1975 1200 2011 λοθρησκεύειν,
1218 1975 1382 2007 ἐκπεσόντες
1400 1976 1450 2011 τῆς
1470 1975 1517 2002 τοῦ
1540 1975 1608 2003 Θεοῦ
1633 1976 1786 2012 φιλανθρω-

997 2022 1072 2054 πίας.
1089 2021 1157 2048 Οὖτε
1179 2022 1233 2058 γὰρ
1249 2022 1501 2058 παραπεπτωκότος
1521 2023 1594 2055 τινὸς
1619 2022 1731 2056 ετσδεξις
1744 2023 1786 2050 ἑτι

997 2068 1112 2102 γίνεται·
1128 2068 1162 2095 τὰ
1174 2069 1256 2104 ὅμοια
1279 2068 1307 2095 δὲ
1323 2070 1380 2101 τοῖς
1397 2069 1530 2096 ἀνωτάτω
1543 2069 1699 2105 λεγομένοις
1720 2078 1787 2105 φρο-

998 2114 1073 2141 νοῦσι
1089 2115 1153 2150 περί
1169 2124 1198 2142 τε
1216 2115 1264 2142 τοῦ
1289 2116 1379 2151 γάμου
1402 2115 1450 2142 καὶ
1471 2115 1525 2142 τῶν
1546 2115 1634 2143 ἄλλων
1656 2117 1788 2151 πραγμά-

157 2147 319 2196 t-zeterisque
329 2147 355 2187 id
367 2167 453 2194 genus
465 2147 528 2186 cum
545 2157 734 2192 superioribus
749 2157 802 2184 illis
815 2157 941 2185 sentiunt.

998 2169 1062 2187 των.
1080 2147 1135 2187 Καὶ
1147 2162 1171 2188 oi
1188 2161 1237 2196 μὲν
1250 2147 1372 2197 Καθαροὶ
1385 2163 1446 2194 ταῖς
1461 2163 1555 2197 ῥηταῖς
1572 2162 1651 2197 μόνον
1663 2147 1787 2198 Ιέραξαίς

157 2209 282 2242 Cumque
305 2205 416 2233 Cathari
443 2204 562 2239 receptis
577 2205 709 2230 duntaxat
726 2201 876 2238 Scripturis
898 2202 948 2229 ad-

159 2256 323 2285 liatrescant,
337 2252 382 2280 isti
398 2251 524 2282 Andreae,
549 2257 582 2277 ac
601 2250 712 2276 Thomaa
725 2249 780 2284 (ita
804 2249 877 2276 enim
897 2256 947 2275 vo-

158 2298 240 2332 cant)
259 2298 336 2324 Actis
353 2296 528 2332 potissimum
556 2295 692 2326 nituntur,
716 2297 834 2330 suntque
848 2294 882 2321 ab
897 2294 948 2321 Ec-

157 2345 250 2373 clesiae
265 2343 356 2379 regula
374 2349 487 2378 prorsus
505 2341 596 2368 alieni.

195 2389 263 2417 Nam
280 2390 302 2417 si
319 2387 511 2415 abominanda:
529 2391 594 2414 sunt
615 2387 726 2421 nuptiae,
745 2386 842 2420 impuri
869 2386 948 2420 plane

161 2436 199 2462 illi
217 2436 269 2470 ipsi
290 2437 366 2466 sunt,
380 2433 428 2469 qui
443 2441 458 2460 e
475 2433 578 2468 nuptiis
590 2433 723 2467 originem
739 2435 890 2458 traxerunt.
909 2432 948 2458 Ac

161 2483 184 2509 si
201 2481 324 2509 Ecclesia
339 2480 387 2508 Dei
402 2487 435 2508 ex
451 2480 486 2507 iis
504 2479 570 2506 solis
583 2483 703 2510 constat,
724 2479 771 2514 qui
790 2479 892 2514 nuptiis
907 2486 949 2506 re-

161 2529 323 2556 nuntiarunt
337 2536 345 2559 ;
362 2534 450 2561 neque
465 2526 576 2561 nuptiae,
594 2533 681 2560 neque
696 2529 782 2552 totuut
799 2533 948 2560 propagan-

161 2576 202 2602 da:
216 2574 318 2602 sobolis
332 2573 472 2608 negotium
487 2580 520 2599 ex
535 2572 590 2599 Deo
607 2576 659 2598 est.
675 2570 765 2604 Quare
778 2575 805 2598 et
820 2571 870 2606 ipsi
884 2579 946 2598 cum

163 2621 283 2647 indidem
304 2619 359 2646 nati
376 2618 442 2650 sint,
456 2625 471 2644 a
485 2617 540 2645 Deo
552 2621 634 2645 erunt
655 2617 745 2644 alieni.
763 2617 848 2649 Quem
866 2617 947 2652 igitur

162 2666 251 2692 locum
267 2665 376 2692 habebit
389 2663 455 2691 illud
470 2672 476 2690 :
488 2663 554 2696 Quae
568 2663 638 2690 Deus
652 2662 788 2696 conjunxit
802 2663 878 2689 homo
896 2671 947 2690 non

160 2709 378 2745 teparet‘?Nam
400 2717 432 2738 cx
452 2709 617 2737 necessitate
637 2715 777 2743 separare,
789 2708 823 2735 ab
839 2708 947 2737 homine

211 2792 219 2807 '
238 2789 331 2818 Matth.
356 2797 410 2821 xIx,
426 2789 463 2831 6-1

999 2206 1160 2242 κέχρηνται·
1178 2204 1249 2234 οὗτοι
1269 2207 1298 2234 δὲ
1317 2209 1377 2239 ταῖς
1391 2207 1552 2243 λεγομέναις
1570 2207 1705 2244 Πράξεσιν
1725 2209 1788 2234 Ἀν-

997 2252 1075 2287 δρέου
1098 2261 1128 2279 τε
1150 2254 1198 2279 καὶ
1212 2253 1298 2288 Θωμᾶ
1311 2253 1342 2280 τὸ
1363 2253 1487 2280 πλεῖστον
1509 2254 1703 2290 ὲπερείδονται,
1717 2263 1786 2282 παν-

997 2297 1115 2325 τάπασιν
1139 2298 1273 2334 ἀλλότριοι
1297 2298 1343 2325 τοῦ
1368 2300 1480 2332 κανόνος
1499 2299 1546 2326 τοῦ
1560 2299 1788 2337 ὲκκλησιαστικοῦ

999 2344 1175 2379 ὑπάρχοντες.

1032 2390 1065 2416 Et
1081 2389 1135 2425 γὰρ
1152 2389 1277 2426 βδελυρός
1293 2391 1366 2418 ἐστιν
1381 2391 1396 2417 ὸ
1413 2392 1511 2427 γάμος,
1529 2392 1584 2428 ἄρα
1596 2392 1652 2419 ὅλοι
1664 2392 1785 2428 ἀκάθαρ-

998 2444 1039 2462 τοι
1054 2436 1205 2471 ὑπάρχουσι
1219 2436 1263 2463 διὰ
1279 2437 1369 2472 γάμου
1382 2437 1570 2473 γεγενημένοι.
1586 2438 1641 2465 Καὶ
1654 2439 1678 2465 εἰ
1706 2438 1787 2474 μόνον

999 2483 1128 2519 τυγχάνει
1145 2484 1162 2520 ἡ
1183 2484 1250 2518 ἁγία
1263 2483 1310 2510 τοῦ
1327 2484 1395 2511 Θεοῦ
1417 2485 1566 2521 Ἐκκλησία
1583 2485 1637 2512 τῶν
1650 2485 1690 2520 τῷ
1705 2485 1786 2521 γάμῳ

1001 2528 1224 2564 ἀποταξαμένων,
1238 2528 1331 2555 οὐκέτι
1351 2530 1365 2555 ὁ
1378 2529 1466 2565 γάμος
1479 2530 1511 2556 ἐκ
1530 2529 1598 2556 Θεοῦ
1613 2529 1753 2565 ὑπάρχων,
1769 2530 1786 2560 ἡ

1001 2574 1077 2600 πᾶσα
1091 2574 1320 2610 παιδοποιουμένη
1344 2575 1471 2606 ὑπόθεσις
1481 2583 1488 2590 '
1506 2576 1559 2612 ἄρα
1584 2575 1631 2601 καὶ
1646 2575 1722 2602 αὺτοὶ
1738 2574 1777 2601 ἀλα

1000 2619 1100 2656 λότριοι
1113 2620 1181 2647 Θεοῦ
1197 2621 1365 2656 ὑπάρχουσιν
1378 2621 1432 2648 ἀπὸ
1441 2620 1569 2647 τοιούτων
1582 2620 1785 2656 γεγεννημένοι.

1001 2661 1066 2692 Ποῦ
1076 2666 1166 2694 τοίνυν
1185 2666 1216 2693 τὸ
1239 2667 1400 2703 εἰρημένον,
1421 2668 1455 2694 'A
1469 2670 1485 2694 ὀ
1503 2667 1576 2701 Θεὸς
1595 2667 1787 2699 συνέζευξεν,

1001 2710 1155 2745 ἅνθρωπος
1166 2712 1209 2747 μὴ
1231 2712 1390 2748 χωριζέτως
1409 2713 1446 2740 Τὸ
1470 2713 1520 2748 μὲν
1534 2712 1589 2749 γὰρ
1604 2713 1651 2740 ἀπ’
1663 2713 1791 2748 ἀνάγκης
