1958 3050
147 208 211 237 1081

473 207 534 236 ΑΜ
543 207 657 237 EIiSUS
674 208 844 237 llzlil‘ul-ZSES
865 209 927 238 LII}.

994 209 1075 237 'I0.\l.
1098 211 1117 237 Ι.
1137 226 1172 233 -
1193 209 1329 239 ΙΙΑΞΙιΕΞ.
1351 212 1419 240 LXI.

1704 213 1774 240 10ιὲ

143 267 285 304 χωρίζειν,
302 266 357 293 ἀπὸ
370 267 515 303 ἀνθρώπου
530 268 658 304 ὑπάρχει·
669 268 698 295 τὸ
708 269 736 295 δὲ
756 269 930 304 pati-tgna:-

985 275 1045 302 est;
1063 274 1161 304 sponte
1173 277 1239 297 vero
1252 271 1393 298 continere
1406 278 1478 304 sese,
1494 276 1548 298 non
1567 271 1686 299 hominis
1700 279 1771 305 essu,

147 313 249 350 ρέσεως
273 312 486 348 ἱγκρατείεσθαι
502 314 553 340 οὐκ
574 314 719 349 ἀνθρώ-του
741 315 851 348 ἔδειξεν,
866 315 934 342 ἀλλὰ

146 358 213 386 Θεοῦ
231 359 261 386 τὸ
282 359 374 395 ἔργον.
393 359 448 386 Καὶ
463 359 519 394 ἔχει
537 360 587 395 μὲν
608 360 625 395 ἡ
641 359 711 386 κατὰ
733 359 813 394 φύσιν
827 360 933 396 ἀνάγκη

147 404 276 436 πολλάκις
292 405 406 441 μέμψιν·
429 405 470 431 ὄτι
492 406 521 432 οὐ
548 406 616 441 μετά
639 405 808 440 εὐλογιστίας
831 406 861 432 τὺ
886 407 934 432 ἐπ-

145 451 263 485 άναγκες
274 450 447 484 ἓπιτελεϊται,
463 451 531 478 ἀλλὰ
540 451 616 483 ἐκτὸς
625 451 672 478 τοῦ
681 452 792 484 κανόνος
807 451 932 488 βέϐηκεν.

146 497 184 524 Οὔ
201 497 256 533 γὰρ
281 497 436 532 ἐπάναγκες
451 498 468 533 ὴ
491 498 644 525 θεοσέϐεια·
661 498 729 525 ἀλλὰ
753 500 785 525 ἐκ
807 499 934 535 προαιρέ-

145 551 215 575 σεως
230 544 247 578 ἡ
258 542 426 578 δικαιοσύνη.
447 542 488 569 Τὰ
501 543 531 570 δὲ
548 543 628 578 φύσει
644 544 684 576 εἰς
708 544 861 571 θεοσέϐειαν
886 545 934 571 ἐπ-

146 588 265 623 άναγκες
287 589 392 625 φανερά
412 589 503 623 ἐστιν,
519 589 537 617 ἃ
552 591 584 625 τῇ
607 590 687 624 φύσει
703 591 932 626 ὲπιμεμέτρηται.

146 630 208 660 οἷον
223 632 253 659 τὸ
269 632 307 668 μὴ
322 632 474 668 πορνεύειν.
491 633 522 660 τὺ
543 634 580 670 μὴ
595 634 742 670 μοιχεύειν,
757 635 788 662 τὸ
800 636 838 670 μὴ
853 636 933 663 ἀσελ-

145 677 260 712 γαίνειν,
275 677 306 704 τὸ
331 678 369 714 μὴ
388 680 417 705 ἐν
431 678 521 714 ταυτῷ
542 679 764 715 δευτερογαμεῖν.
781 680 812 706 τὸ
829 681 866 717 μὴ
881 681 933 717 άρ-

145 723 254 756 πάζειν,
271 725 302 751 τὸ
319 725 358 761 μὴ
373 725 485 757 ἀδικεῖν,
509 725 539 752 τὺ
563 725 599 761 μὴ
619 725 739 761 μεθύειν,
761 727 791 753 τὸ
809 727 846 762 μὴ
865 727 932 763 ἀδη-

146 770 256 804 φαγείν,
270 770 301 796 τὺ
327 769 365 805 μὴ
387 771 589 806 φαρμακεύειν,
608 771 638 797 τὸ
659 772 697 808 μὴ
719 772 933 808 είδωλολατρεῖν,

145 816 176 842 τὸ
192 816 230 852 μὴ
246 815 381 850 φονεύειν,
396 815 426 843 τὺ
444 816 482 852 μὴ
495 817 678 853 καταρᾶσθαι,
695 817 726 844 τὸ
742 819 780 854 μὴ
793 818 932 854 λοιδορεῖν,

145 862 176 889 τὸ
193 861 231 897 μὴ
245 861 369 897 ὀμνύναι,
382 862 545 897 ἀγανακτεῖν
556 871 586 888 τε
599 863 646 890 καὶ
660 864 728 898 ταχὺ
752 863 931 899 πραῢνεσθαι,

144 908 302 944 ὁργίζεσθαι
318 908 364 935 καὶ
382 909 419 944 μὴ
443 908 622 944 ἁμαρτάνειν,
639 909 676 944 μὴ
700 909 836 936 ἐπιδύνειν
856 909 932 945 ἥλιον

985 317 1032 344 sed
1057 315 1103 343 Dei
1118 324 1187 351 opus
1202 316 1329 344 ostendit.
1345 317 1383 343 ΑιΙ
1399 318 1454 345 lucc
1471 317 1602 345 naturalis
1616 318 1661 345 illa
1676 325 1772 345 neces-

986 362 1054 390 sitas
1066 363 1147 390 habet
1156 370 1228 397 saepe
1236 363 1487 398 reprehensionem,
1498 363 1627 398 quoniam
1635 364 1660 390 id
1671 364 1771 398 ipsum,

986 409 1058 444 quod
1075 409 1231 436 necessario
1252 409 1410 444 impositum
1427 414 1479 441 est,
1496 417 1550 436 non
1568 413 1642 436 recto
1657 409 1772 437 consilio

985 461 1017 481 ac
1042 454 1149 480 ratione
1172 453 1323 488 perﬁcitur,
1338 453 1386 483 sed
1413 453 1484 481 intra
1512 453 1634 488 regulam
1659 453 1773 480 minime

985 499 1152 526 continetur.
1168 498 1227 526 Non
1253 500 1327 527 enim
1354 499 1381 527 vi
1402 499 1588 534 extorquenda
1608 500 1695 534 pietas
1719 502 1771 527 est.

985 544 1032 572 sed
1047 544 1162 572 consilio
1181 551 1215 572 ac
1227 545 1367 572 voluntate
1380 544 1489 579 iustitia
1506 544 1667 578 suscipitur.
1691 543 1772 579 507

985 589 1070 617 Porro
1082 597 1143 625 quae
1154 590 1187 617 ad
1199 590 1327 625 pietatem
1342 590 1451 625 proprie
1465 595 1531 618 sunt
1547 591 1700 618 necessaria
1717 599 1774 617 ma-

985 635 1083 663 nifesta
1094 639 1170 668 sunt,
1187 643 1248 671 quae
1262 636 1367 664 scilicet
1380 636 1506 664 homines
1521 640 1626 663 natura:
1640 636 1714 664 velut
1724 635 1773 662 ad-

985 681 1146 709 metiuntur.
1163 680 1249 714 Quale
1263 686 1306 709 est
1323 689 1330 708 ε
1351 689 1406 709 non
1421 682 1564 713 fornicari,
1580 690 1670 717 neque
1695 682 1773 709 adul-

984 727 1083 754 terium
1102 731 1270 762 perpetrare,
1286 735 1340 755 non
1366 727 1513 755 libidinose
1543 736 1574 756 se
1593 735 1698 763 gerere,
1717 736 1772 756 non

985 773 1121 801 secundas
1144 773 1240 802 eodem
1263 778 1386 809 tempore
1403 774 1514 809 nuptias
1528 774 1701 807 contrahere,
1717 781 1772 801 non

984 826 1091 852 rapere,
1106 826 1160 847 non
1179 819 1309 854 iniuriam
1326 820 1427 852 facere,
1441 827 1495 847 non
1511 819 1653 851 inebriari,
1671 827 1724 847 non
1743 828 1773 847 se

984 865 1053 893 cibis
1066 865 1243 901 ingurgitare,
1257 873 1313 893 non
1329 866 1490 893 veneﬁcium
1506 872 1613 900 parare,
1631 873 1684 892 non
1699 865 1772 892 idola

984 911 1085 943 colere.
1099 920 1153 939 non
1174 911 1311 944 occidere,
1325 920 1380 939 non
1396 912 1552 947 imprecari,
1568 919 1622 939 non
1639 912 1772 939 convitia—

144 953 191 980 ἐπὶ
215 953 255 989 τῷ
283 953 475 989 παροργισμῷ.
502 953 547 989 Τῷ
573 953 601 980 δὲ
622 955 629 970 ¹
655 955 737 990 γάμῳ
763 954 930 989 συναφθῆναι

983 958 1019 990 ri,
1035 966 1089 985 non
1109 958 1213 993 jurare.
1230 966 1395 986 succensere
1425 966 1458 986 ac
1479 959 1535 986 cito
1559 958 1674 993 placari,
1690 957 1771 985 irasci

145 1001 216 1037 μετὰ
231 1001 370 1037 εὐνομίας,
386 1003 402 1036 ὴ
425 1001 505 1036 φύσις
519 1002 633 1038 δηλώσει
648 1003 680 1029 ὲκ
691 1002 758 1029 Θεοῦ
771 1002 929 1038 ἐκτισμένη,

145 1047 193 1074 καὶ
210 1047 404 1084 ἑπιτραπεῖσα.
428 1048 483 1075 Καὶ
502 1048 537 1075 τὰ
561 1049 639 1081 ἄλλα,
661 1049 712 1075 ὅσα
733 1049 792 1075 ἐστὶ
806 1048 930 1081 τοιαῦτα,

144 1093 215 1120 κατὰ
229 1093 341 1129 θάτερον
357 1093 412 1129 ἔχει
425 1094 474 1130 τῆς
487 1094 639 1130 ἐπισκοπῆς
649 1094 681 1121 τδ
697 1094 806 1129 μέτρον.

984 1011 1035 1032 nec
1052 1012 1177 1039 peccare,
1190 1005 1274 1032 solem
1289 1013 1372 1040 super
1387 1004 1556 1032 iracundiam
1571 1011 1624 1031 non
1637 1003 1771 1031 occidere.

984 1049 1093 1086 Nuptiis
1116 1058 1181 1078 vero
1205 1052 1328 1086 copulari
1355 1051 1496 1086 legitimis,
1513 1051 1554 1078 vel
1570 1053 1667 1077 natura
1685 1050 1742 1084 ipsa
1757 1056 1772 1076 ιι

985 1095 1040 1124 Deo
1055 1097 1163 1124 condita
1178 1097 1341 1132 permissum
1362 1097 1415 1124 sibi
1435 1105 1496 1125 esse
1522 1096 1696 1124 monstrabit.
1713 1095 1773 1123 Cae-

145 1147 202 1170 tera
224 1140 351 1174 denique,
368 1149 428 1177 quae
452 1141 574 1176 ejusdem
600 1142 715 1170 rationis
740 1146 815 1174 sunt,
832 1141 866 1169 ad
891 1142 1052 1172 alterutrum
1076 1152 1173 1181 genus,
1198 1153 1247 1180 pro
1264 1145 1344 1173 modo
1379 1152 1441 1177 suo,
1469 1152 1501 1172 ac
1523 1152 1663 1175 mensura,
1692 1150 1771 1171 revo-

144 1188 199 1215 cari
215 1193 339 1223 possunt.

178 1244 215 1272 B’.
239 1245 308 1272 Ἀλλ’
323 1245 361 1278 ὡς
377 1246 442 1282 περὶ
453 1246 556 1274 τούτων
570 1247 655 1274 εἰπεῖν
672 1247 886 1283 προειλήφαμεν,
901 1247 932 1274 ὲν

144 1291 223 1327 ὀλίγῳ
240 1291 321 1327 χώρῳ
343 1287 416 1319 οὗτοι
435 1293 597 1328 ὑπάρχουσι,
616 1294 681 1329 περὶ
697 1294 747 1329 τὴν
766 1293 885 1330 Φρυγίαν
900 1302 930 1320 τε

143 1337 190 1364 καὶ
206 1337 342 1369 Κιλικίαν,
356 1338 402 1364 καὶ
414 1338 585 1373 Παμφυλίαν.
607 1339 640 1366 Τί
650 1338 696 1366 οὖν
707 1340 761 1376 ἄρα
769 1339 931 1366 ἐκκόπτεται

144 1382 160 1417 ἡ
181 1381 327 1417 Ἐκκλησία
341 1383 358 1418 ἡ
372 1383 426 1410 ἀπὸ
440 1383 492 1418 γῆς
505 1383 631 1419 περάτων
645 1385 709 1420 ἄχρι
725 1384 776 1420 γῆς
791 1384 928 1420 περάτων,

143 1428 190 1455 καὶ
203 1428 295 1455 οὐκέτι
311 1429 355 1461 εις
367 1428 470 1457 πᾶσαν
484 1429 542 1464 τὴν
555 1430 613 1466 γῆν
625 1430 753 1465 ἐξῆλθεν
769 1433 786 1458 ὁ
799 1431 929 1466 φθόγγος

142 1483 160 1501 u
165 1473 251 1507 ὺτῶν,
257 1474 305 1501 καὶ
314 1476 357 1508 εὶς
364 1475 400 1502 τὰ
407 1476 519 1510 πέρατα
526 1476 581 1510 τῆς
587 1476 765 1511 οἰκουμένης
772 1476 808 1503 τὰ
810 1477 830 1510 ῤ
834 1476 929 1511 ripam
943 1482 946 1484 '

142 1519 256 1552 αὑτῶνς
266 1520 333 1547 Οὐδὲ
343 1520 436 1547 οὐκέτι
449 1521 480 1548 τὸ
490 1521 565 1557 παρὰ
577 1521 624 1548 τοῦ
634 1522 759 1558 Σωτῆρος
772 1522 926 1557 εἰρημένον,

142 1566 183 1598 τὸ,
197 1566 324 1594 Ἐσεσθέ
341 1576 391 1602 μοι
407 1567 557 1602 μάρτυρες
573 1568 628 1601 ἕως
642 1568 774 1603 ἐσχάτου
789 1568 844 1602 τῆς
857 1567 928 1603 γῆς

1019 1244 1051 1273 ll.
1065 1243 1166 1272 Verum
1183 1249 1222 1277 ut,
1236 1253 1297 1280 qua:
1309 1245 1342 1272 de
1356 1245 1409 1273 illis
1424 1249 1541 1273 tractare
1553 1246 1697 1281 carpimus,
1715 1255 1777 1281 per-

984 1299 1142 1326 sequamur,
1157 1291 1284 1318 habitant
1301 1291 1340 1318 illi
1358 1292 1385 1318 in
1408 1292 1506 1327 exigua
1523 1291 1638 1326 quadam
1661 1293 1775 1327 regione

983 1337 1117 1373 Phrygiae,
1146 1337 1248 1365 Ciliciae
1263 1345 1296 1364 ac
1317 1336 1493 1373 Pamphyliae.
1517 1337 1587 1370 Quid
1603 1338 1706 1373 igitur?
1722 1339 1772 1365 Er-

982 1391 1052 1420 gone
1067 1383 1197 1414 Ecclesia.
1209 1391 1268 1418 qua:
1283 1383 1316 1410 ad
1334 1387 1477 1419 utramque
1493 1388 1626 1411 terrarum
1641 1385 1770 1412 extremi-

982 1432 1064 1455 tatem
1080 1427 1238 1463 porrigitur.
1266 1427 1374 1462 penitus
1388 1427 1569 1461 exscinditur,
1586 1436 1637 1455 nec
1653 1429 1770 1464 amplius

981 1474 1009 1500 in
1034 1480 1136 1500 omnem
1157 1477 1255 1499 terram
1273 1472 1352 1499 exivit
1377 1480 1457 1499 sonus
1478 1480 1578 1503 eorum,
1603 1477 1627 1500 et
1651 1473 1678 1499 in
1704 1474 1769 1508 ﬁnes

981 1519 1052 1546 orbis
1073 1523 1150 1546 teme
1162 1517 1239 1545 verba
1254 1526 1344 1545 eorum
1361 1517 1390 1544 ’Υ
1408 1517 1463 1544 Nec
1478 1517 1544 1545 illud
1565 1517 1644 1551 valet,
1664 1519 1736 1553 quod
1754 1527 1769 1546 ιι

983 1565 1126 1593 Servatorc
1141 1564 1243 1592 dictum
1258 1567 1300 1592 est
1311 1573 1317 1591 :
1327 1563 1409 1591 Erilis
1421 1564 1486 1590 mihi
1495 1568 1572 1591 testes
1588 1573 1668 1599 usque
1680 1564 1714 1591 ad
1725 1566 1769 1592 ul-

142 1612 174 1638 Εἰ
191 1612 239 1647 μὲν
250 1612 303 1648 γὰρ
313 1613 363 1640 οὐκ
374 1613 448 1640 ἐστιν
457 1614 486 1641 ὲν
501 1614 646 1650 σεμνότητι
660 1615 674 1641 ό
686 1615 784 1650 γάμος,
794 1615 841 1641 καὶ
855 1614 927 1650 ζωὴν

983 1613 1072 1639 timum
1086 1616 1164 1639 terra:
1178 1611 1206 1638 ‘l
1228 1610 1374 1638 Enimvero
1389 1610 1412 1637 si
1427 1610 1575 1638 honestatis
1590 1611 1657 1638 nihil
1670 1611 1769 1639 habent

141 1658 211 1694 έχων
235 1659 249 1686 ὁ
267 1659 364 1694 γάμος,
388 1659 554 1696 γεννηθῶσιν
572 1660 636 1686 ἄνευ
658 1660 749 1696 γάμου
760 1668 766 1675 ·
793 1661 816 1687 εἰ
834 1660 862 1687 δὲ
874 1660 929 1686 ἀπὸ

147 1704 232 1739 γάμου
247 1705 406 1738 γεννῶνται,
419 1705 472 1741 ἄρα
485 1704 592 1741 βέϐηλοί
605 1706 657 1732 είσι
672 1706 714 1732 διὰ
729 1705 774 1732 τὸν
785 1705 884 1740 γάμον.
896 1703 929 1731 Εἰ

140 1749 170 1776 δὲ
196 1749 273 1776 αὐτοὶ
295 1749 370 1785 μόνοι
391 1751 440 1777 οὐκ
466 1751 519 1778 είσὶ
545 1750 670 1786 βέϐηλοι,
701 1751 821 1785 καίτοιγε
849 1750 931 1782 ὄντες.

140 1793 196 1820 ἀπὺ
212 1794 313 1830 γάμου,
340 1795 371 1821 οὑ
394 1794 505 1831 βέϐηλος
521 1796 536 1822 ό
555 1795 656 1830 γάμος’
684 1796 750 1822 διότι
765 1796 829 1823 ἄνευ
845 1795 929 1823 αὐτοῦ

141 1839 229 1871 οὐδεὶς
245 1839 440 1876 γεννηθήσεται
457 1848 522 1867 ποτε
539 1841 567 1867 ὲν
585 1840 689 1876 κόσμῳ.
711 1841 766 1868 Kal.
784 1840 868 1876 πολλή
886 1841 929 1872 τίς

142 1886 216 1912 ἐστιν
239 1886 256 1921 ἡ
276 1885 331 1912 τῶν
352 1885 503 1922 ἀνθρώπων
529 1886 628 1922 πλάνη,
656 1886 700 1913 διὰ
723 1887 859 1919 ποικιλίας
883 1888 930 1914 καὶ

142 1931 247 1958 πολλῶν
259 1933 421 1968 προφάσεων
433 1933 608 1969 ἐργασαμένη
623 1934 653 1960 τὸ
665 1933 765 1968 φαῦλον
778 1935 810 1969 τῇ
825 1933 931 1969 ἀνθρω-

143 1978 208 2014 πεία
224 1979 314 2012 φύσει,
333 1979 380 2006 καὶ
396 1979 556 2015 πλανήσασα
572 1979 688 2007 ἕκαστον
703 1980 748 2008 διὰ
765 1980 930 2016 προφάσεως

143 2023 198 2050 ἀπὸ
207 2023 257 2058 τῆς
271 2023 409 2059 ἀληθείας.

178 2120 216 2150 l".
234 2121 290 2148 Καὶ
301 2121 358 2156 ἔχει
374 2121 423 2156 μὲν
435 2119 482 2147 οὖν
498 2121 647 2154 ἀποταξίαν
660 2123 676 2158 ἠ
696 2121 858 2158 Ἐκκλησία’
873 2123 931 2150 ἁλλ“

143 2168 173 2194 οὗ
183 2167 352 2203 βδελύττεται
360 2167 406 2194 τὸν
414 2167 510 2203 γάμον.
522 2169 575 2195 Kal
583 2168 639 2203 ἔχει
646 2169 838 2204 ἀκτημοσύνην
846 2177 853 2184 ·
863 2169 932 2196 ἀλλὰ

142 2213 192 2239 οὐκ
201 2213 344 2249 ἐπαίρεται
350 2213 359 2228 ¹
369 2212 422 2240 τῶν
428 2214 456 2240 ἐν
464 2214 557 2249 κτήσει
563 2214 736 2250 δικαιοσύνης
743 2215 930 2250 ὑπαρχόντων,

143 2258 189 2284 καὶ
207 2259 240 2284 ὲκ
259 2257 313 2284 τῶν
336 2257 408 2284 ἰδίων
429 2258 529 2292 γονέων
543 2259 668 2294 ἐχόντων,
687 2260 761 2290 ὅπως
775 2260 880 2291 ἑαυτοῖς
900 2268 930 2287 τε

141 2305 255 2336 καὶτοῖς
264 2304 449 2340 ἐπιδεομένοις
462 2305 625 2341 ἐπαρκέσαι.
637 2305 692 2332 Kal.
702 2306 848 2340 ἀπέχονται
860 2305 931 2342 βρω-

143 2350 237 2386 μάτων
249 2350 341 2377 πολλοί
353 2359 360 2366 ·
384 2350 442 2377 ἀλλ’
456 2351 486 2377 οὐ
500 2351 658 2386 φυσιοῦνται
674 2351 744 2378 κατὰ
754 2351 808 2379 τῶν
828 2352 865 2388 μὴ
879 2351 930 2378 ἁπ-

141 2396 288 2432 εχομένων.
306 2397 334 2423 '0
344 2397 400 2432 τὰρ
409 2397 519 2424 ἐσθίων
527 2397 580 2424 τὸν
587 2397 630 2432 μὴ
641 2397 783 2425 ἐσθίοντα
793 2397 836 2433 μὴ
845 2398 930 2430 ἐξου-

141 2443 261 2470 θενείτω
271 2451 280 2459 ο
297 2442 347 2470 καὶ
362 2445 379 2470 d
393 2443 437 2478 μὴ
452 2444 560 2470 ἐσθίων
578 2444 633 2471 τὸν
648 2445 790 2472 ἐσθίοντα
803 2444 846 2479 μὴ
867 2453 929 2478 κρι-

141 2489 226 2516 νέτω.
241 2489 356 2524 Χριστῷ
370 2490 425 2525 γὰρ
437 2489 530 2516 ἐσθίει
542 2489 590 2516 καὶ
605 2490 694 2517 πίνει.
715 2490 770 2516 Kal.
785 2491 850 2526 ὁρᾷς
865 2491 929 2525 μίαν

142 2533 278 2568 ὁμόνοιαν,
293 2533 341 2560 καὶ
364 2533 427 2569 μίαν
451 2533 556 2565 ἐλπίδα.
577 2535 624 2561 καὶ
646 2535 710 2569 μίαν
736 2534 828 2561 πίστιν
851 2535 880 2560 ἐν
895 2535 928 2569 τῇ

148 2579 305 2616 Ἐκκλησία,
323 2580 430 2615 ἑκάστῳ
446 2580 627 2616 χαριζομένην
646 2580 715 2607 κατὰ
734 2580 783 2616 τὴν
802 2580 869 2607 ἰδίαν
883 2580 928 2607 δύ-

142 2634 234 2660 ναμιν.
246 2625 293 2652 καὶ
304 2625 374 2652 κατὰ
386 2625 432 2652 τὸν
443 2625 507 2652 ἴδιον
520 2625 613 2659 ἀγῶνα
624 2625 672 2652 τοῦ
685 2626 824 2661 καμάτου;
838 2626 930 2652 Ἔοικε

141 2670 170 2696 δὲ
184 2671 201 2705 ἡ
217 2670 284 2704 ἁγία
295 2669 342 2696 τοῦ
357 2669 426 2697 Θεοῦ
445 2670 592 2705 Ἐκκλησία
607 2670 663 2702 νηῒ.
684 2670 759 2703 Nai);
774 2670 803 2697 δὲ
813 2671 863 2697 οὐκ
876 2670 930 2696 ἀπὸ

143 2716 200 2748 ἐνὸς
223 2715 302 2748 ξύλου
326 2716 486 2752 ἁρμόζεται,
506 2716 564 2743 ἀλλ’
587 2717 619 2742 ἐκ
635 2716 782 2753 διαφόρων.
809 2716 863 2742 Καὶ
878 2716 930 2751 τὴν

144 2763 193 2799 μὲν
206 2762 302 2795 τρόπιν
318 2762 372 2789 ἀπὸ
387 2762 446 2794 ἑνὸς
461 2762 539 2796 ξύλου
554 2763 696 2797 κέκτηται,
714 2763 781 2789 ἀλλὰ
800 2762 831 2788 οὐ
850 2770 928 2797 μονοσ-

142 2808 236 2840 ϐόλως·
253 2808 302 2841 τὰς
318 2808 477 2844 δὲάγκύρας
492 2809 602 2845 ἐτέρων.
620 2810 766 2846 Περιτόνεά
777 2818 806 2836 τε
820 2811 865 2836 καὶ
878 2818 926 2836 σα-

177 2911 186 2928 ¹
203 2910 234 2940 ι’.
246 2912 278 2939 τὸ
287 2912 324 2940 δέ.
369 2913 378 2928 ¹
394 2911 472 2941 Deest
487 2912 567 2941 κατὰ.
604 2913 613 2928 ³
626 2911 698 2941 Psal.
712 2920 787 2946 xvm,
803 2913 828 2940 5.

867 2913 878 2928 ⁸
892 2912 952 2940 Act.
970 2919 988 2945 I,
999 2911 1024 2938 5.

979 1658 1092 1693 nuptiae,
1111 1665 1160 1684 nec
1177 1657 1230 1684 ulla
1248 1657 1288 1684 eis
1304 1656 1366 1683 vita
1379 1663 1443 1691 spes
1459 1656 1637 1690 relinquitur;
1656 1664 1770 1684 nascan-

979 1707 1024 1730 tur
1047 1703 1085 1730 illi
1113 1703 1172 1731 sine
1192 1702 1307 1737 nuptiis.
1329 1701 1378 1729 Sin
1397 1709 1431 1729 ex
1455 1702 1557 1736 nuptiis
1580 1703 1716 1734 oriuntur,
1733 1703 1769 1730 ob

978 1755 1025 1776 eas
1042 1747 1116 1782 ipsas
1135 1747 1233 1782 impuri
1251 1750 1325 1778 sunt,
1341 1750 1369 1774 et
1386 1746 1558 1774 exsecrandi.
1576 1745 1654 1779 Quod
1673 1747 1696 1774 si
1716 1748 1767 1774 soli

979 1794 1018 1821 illi
1042 1794 1142 1829 impuri
1159 1793 1270 1820 minime
1285 1796 1359 1823 sunt,
1375 1792 1439 1820 litkt
1464 1799 1479 1820 e
1502 1793 1606 1827 nuptiis
1621 1793 1764 1827 propagati

980 1839 1045 1872 sint,
1062 1847 1115 1867 non
1140 1843 1204 1866 sunt
1224 1839 1338 1873 impura:
1360 1838 1472 1873 nuptim,
1493 1838 1620 1872 quoniam
1639 1838 1698 1865 sine
1714 1839 1768 1866 il’is

980 1893 1060 1913 nemo
1071 1885 1098 1912 in
1113 1885 1185 1912 hanc
1200 1885 1286 1912 lucem
1301 1884 1408 1919 prodire
1421 1887 1519 1918 potest.
1531 1882 1642 1918 Magnus
1657 1884 1769 1911 omnino

979 1932 1121 1959 hominum
1142 1931 1252 1957 illorum
1276 1937 1354 1957 error
1369 1932 1422 1962 est,
1447 1929 1492 1964 qui
1518 1929 1603 1960 varia,
1620 1935 1652 1955 ac
1674 1929 1767 1956 multi-

980 1976 1043 2011 pliei
1063 1975 1154 2010 specie
1181 1975 1301 2002 humano
1324 1974 1416 2009 generi
1441 1974 1588 2009 perniciem
1614 1974 1714 2005 attulit,
1739 1981 1767 2001 et

980 2029 1203 2057 unumquemque
1219 2020 1294 2048 inani
1312 2019 1430 2055 quodam
1455 2023 1586 2055 prmtextu
1601 2027 1616 2046 a
1635 2024 1706 2047 recta
1724 2021 1767 2047 via

980 2067 1104 2095 veritatis
1117 2066 1239 2094 abduxit.

1017 2123 1059 2151 Ill.
1081 2122 1167 2151 Habet
1185 2123 1294 2158 quidem
1310 2121 1538 2150 renuntiationem
1560 2122 1698 2156 Ecclesia;
1719 2124 1766 2151 sed

980 2177 1036 2197 non
1052 2168 1114 2196 ideo
1129 2167 1303 2195 detestandas
1325 2167 1435 2202 nuptias
1449 2167 1596 2195 existimat.
1615 2167 1701 2196 [labet
1717 2169 1766 2196 b0-

981 2221 1079 2241 norum
1106 2213 1228 2240 omnium
1255 2212 1385 2247 inopiam,
1411 2212 1459 2239 sed
1475 2220 1530 2239 non
1553 2213 1684 2241 adversus
1706 2214 1766 2240 illos

982 2259 1132 2286 insolenter
1146 2257 1266 2290 ellertur,
1285 2257 1332 2292 qui
1347 2264 1378 2284 ea
1393 2257 1466 2292 juste
1483 2258 1623 2293 possident
1640 2265 1654 2284 a
1671 2255 1766 2293 paren-

983 2306 1056 2334 tibus
1072 2310 1193 2340 accepla,
1210 2305 1310 2340 quibus
1328 2308 1383 2331 tam
1397 2304 1459 2336 sibi,
1473 2313 1553 2340 quam
1569 2305 1630 2332 aliis
1643 2305 1765 2340 indigen-

982 2352 1056 2379 tibus
1069 2350 1241 2379 subveniant.
1256 2350 1296 2377 Ad
1310 2349 1366 2377 hzec
1380 2357 1395 2376 a
1408 2350 1530 2377 ciborum
1548 2358 1599 2377 usu
1617 2355 1764 2386 temperant

983 2398 1078 2431 multi;
1105 2397 1151 2425 sed
1173 2404 1228 2424 non
1253 2400 1348 2424 contra
1364 2404 1412 2424 eos
1431 2397 1477 2432 qui
1497 2396 1551 2424 illis
1571 2401 1696 2428 utuntur,
1719 2404 1764 2424 su-

983 2444 1066 2479 perbe
1080 2451 1109 2471 se
1123 2446 1231 2478 gerunt.
1251 2442 1303 2476 Qui
1317 2443 1387 2469 enim
1409 2442 1562 2474 manducat,
1579 2450 1630 2469 non
1651 2443 1764 2469 "Iandu-

982 2495 1084 2517 cantem
1105 2497 1157 2517 non
1172 2493 1335 2521 contemnat;
1349 2493 1373 2516 et
1392 2489 1437 2524 qui
1448 2497 1499 2515 non
1513 2488 1666 2519 manducet,
1689 2497 1764 2516 nia):-

981 2537 1119 2561 ducantem
1147 2542 1199 2560 non
1218 2534 1330 2568 judicet.
1356 2533 1463 2561 Christo
1488 2534 1557 2560 enim
1580 2533 1721 2560 "tandum!
1742 2543 1763 2561 ei

981 2580 1045 2607 bibit
1063 2580 1084 2606 ⁸.
1106 2579 1201 2607 Jamne
1223 2580 1311 2612 vides,
1326 2580 1449 2607 eamdem
1466 2580 1493 2606 in
1511 2579 1631 2607 Ecclesia
1649 2587 1762 2607 concor-

981 2625 1064 2658 diam,
1081 2625 1258 2660 eamdemque
1281 2633 1368 2660 speln,
1393 2632 1425 2652 ac
1442 2624 1521 2652 ﬁdem
1536 2633 1596 2660 qua:
1620 2625 1765 2659 unicuique

982 2671 1132 2699 secundum
1150 2671 1287 2706 propriam
1302 2671 1356 2698 vim
1371 2671 1568 2706 propriumque
1592 2670 1691 2697 laboris
1708 2677 1763 2696 cer.

983 2723 1072 2744 tamen
1088 2717 1240 2752 gratiﬁcare
1256 2716 1367 2743 studet?
1387 2715 1469 2751 508
1484 2715 1589 2742 Etenim
1609 2719 1701 2742 sancta
1719 2714 1764 2740 Dei

982 2763 1104 2790 Ecclesia
1121 2762 1183 2789 navi
1198 2762 1306 2789 cuidam
1327 2762 1424 2789 similis
1441 2765 1492 2789 est.
1511 2760 1593 2788 Navis
1614 2767 1694 2795 porro
1711 2767 1765 2786 no"

981 2817 1013 2836 ex
1025 2809 1105 2836 unica
1120 2808 1221 2840 tabula,
1239 2808 1285 2835 sed
1304 2815 1336 2835 cx
1350 2807 1466 2835 diversis
1483 2810 1697 2842 coagmentatur.
1717 2805 1759 2831 lla.

1063 2911 1074 2928 '
1085 2910 1165 2939 Rom.
1179 2919 1236 2945 xlv,
1249 2911 1276 2944 ὃ,
1292 2910 1319 2938 5.
