1958 3050
145 159 216 192 tota

456 153 645 193 snvsnsus
667 163 837 192 massas
854 164 918 191 LIB.

990 163 1072 192 TOM.
1093 163 1113 192 l.
1135 178 1170 184 —
1194 163 1331 192 HERES.
1353 163 1420 193 LXI.

1697 160 1773 192 1050'

179 222 215 248 Z'.
228 222 422 256 Γαμείτωσαν
431 221 530 254 τοίνυν,
541 224 820 258 τεκνογονείτωσαν,
827 224 931 251 οἰκοδε-

1023 222 1077 250 Vll.
1099 221 1169 257 Ergo
1181 223 1226 249 illa
1242 223 1362 258 Apostoli
1375 222 1455 250 verba
1472 242 1480 255 ,
1493 220 1610 253 Nubanl,
1621 222 1690 256 ﬁlios
1706 232 1768 258 pro-

145 268 363 299 σποτείτωσαν,
378 267 509 303 σύντομος
524 269 571 296 καὶ
582 269 664 304 μέσος
674 270 688 296 ὁ
700 269 778 304 λόγος
793 271 862 297 κατὰ
875 270 930 297 τῶν

145 314 179 341 τὰ
196 314 287 348 φαῦλα
304 314 500 350 διανοουμένων
515 316 579 351 περὶ
594 316 685 352 πάσης
701 317 931 352 ἐκκλησιαστικῆς

144 359 192 385 τοῦ
206 359 383 394 κηρύγματος
394 359 559 392 ὑποθέσεως·
571 361 798 396 παρεκὸάλλουσα
812 363 860 398 μὲν
868 363 931 393 τοὺς

144 403 273 438 λέγοντας
292 403 405 435 ἑαυτοὺς
426 404 633 437 Ἀποστολικοὺς
660 406 707 432 καὶ
741 407 929 442 Ἑγκρατίτας,

145 448 372 484 παρεκσάλλουσα
381 450 444 481 τοὺς
455 450 668 486 ύδαρευομένους
679 452 708 477 ὲν
719 452 752 487 τῇ
773 451 929 487 Ἐκκλησία,

145 496 194 523 καὶ
219 495 413 527 ὰναπείθοντας
436 498 553 530 γυναῖκα
585 498 593 512 ¹
614 497 668 523 ἀπὸ
701 497 804 524 τελείου
831 498 930 534 δρόμου

145 539 364 575 ἀναχαλασθέντα
379 540 486 568 ἀθετεῖν
504 541 553 576 τὴν
568 542 696 577 τοιαύτην
711 542 756 568 τοῦ
774 542 873 577 δρόμου
888 551 931 568 τε·

144 586 278 621 λειότητα.
294 587 350 613 Καὶ
364 586 420 622 ἔχει
437 587 488 622 μὲν
506 587 642 623 ἁμαρτίαν
658 588 705 614 καὶ
722 589 808 624 κρῖμα
829 589 843 614 ό
869 588 931 615 ἀθε-

144 631 231 666 τήσας
255 631 323 658 Θεοῦ
350 632 402 667 τὴν
428 632 588 668 παρθενίαν,
613 633 660 660 καὶ
691 633 872 669 καταισχύνας
886 634 931 660 τὸν

145 676 250 710 ἀγῶνα.
268 676 460 713 Παραφθείρας
475 677 529 714 γὰρ
550 679 642 712 ἀγῶνα
658 679 672 705 ὁ
686 678 816 714 ἀθλητὴς,
837 688 932 714 μαστι-

145 721 221 759 χθεὶς
239 722 399 750 ἐκϐάλλεται
413 723 459 749 τοῦ
477 723 591 758 ἀγῶνος.
611 724 667 751 Καὶ
686 724 875 761 παραφθείρας
890 734 932 756 τις

145 767 310 802 παρθενίαν,
336 768 497 796 ἐκϐάλλεται
524 767 571 795 τοῦ
599 769 721 796 τοιούτου
746 770 858 806 δρόμου,
884 770 932 796 καὶ

147 813 291 848 στεφάνου,
307 815 355 841 καὶ
372 814 511 850 βραϐείου.
531 815 611 842 Ἀλλὰ
625 816 748 852 κρεῖττόν
764 817 822 843 ἐστι
845 818 932 853 κρῖμα

145 859 194 886 καὶ
213 860 251 896 μὴ
270 862 438 897 κατάκριμα.
462 863 493 889 0t
513 862 568 898 γὰρ
587 862 632 889 διὰ
656 862 686 888 τὸ
704 862 740 899 μὴ
755 863 930 898 αἰσχυνθῆναι

145 905 202 936 τοῖς
231 905 384 942 ἀνθρώποις
408 907 500 942 κρυφῆ
515 907 702 943 πορνεύοντες,
733 908 837 935 ποιοῦσι
865 917 931 944 πορ-

145 952 222 984 νείας
234 954 256 984 ¹,
274 953 290 988 ἢ
306 952 461 988 μονότητος,
476 952 492 987 ἢ
509 953 682 989 ἐγκρατείας,
699 954 729 980 οὐ
748 954 814 989 πρὸς
827 953 932 989 ἀνθρώ-

146 1006 214 1030 πους
230 997 321 1033 ἔχουσι
334 997 384 1033 τὴν
396 997 551 1033 ὁμολογίαν,
569 998 637 1025 ἀλλὰ
649 999 716 1035 πρὸς
735 999 802 1026 Θεὸν
826 1000 872 1026 τὸν
893 1001 932 1026 εξ-

144 1044 208 1070 δότα
226 1043 259 1070 τὰ
286 1044 398 1080 κρύφια,
420 1044 467 1071 καὶ
483 1044 658 1080 ἐξελέγχοντα
682 1047 772 1072 πᾶσαν
792 1045 881 1082 σάρκα
903 1047 932 1072 ὲν

145 1090 179 1125 τῇ
208 1089 290 1116 αὑτοῦ
325 1090 478 1125 παρουσίᾳ,
511 1090 575 1126 περὶ
604 1086 642 1118 ὧν
669 1091 784 1123 ἕκαστος
812 1091 929 1127 ἥμαρτε.

145 1136 277 1171 Κρεϊττον
292 1136 381 1163 τοίνυν
394 1135 466 1171 ἐχειν
484 1136 620 1172 ἁμαρτίαν
637 1137 713 1172 μίαν,
727 1137 774 1164 καὶ
788 1137 824 1174 μὴ
836 1146 932 1174 περισ-

147 1180 270 1216 σοτέρας.
299 1180 430 1216 Κρεῖττον
457 1181 574 1207 πεσόντα
600 1181 654 1207 ἀπὸ
682 1180 782 1217 δρόμου
808 1181 932 1217 φανερῶς

146 1226 235 1262 ἑαυτῷ
250 1227 341 1253 λαόεῖν
360 1228 477 1261 γυναῖκα
496 1227 566 1253 κατὰ
578 1227 669 1261 νόμον,
687 1227 734 1254 καὶ
751 1228 807 1254 ἀπὸ
829 1227 932 1263 παρθε-

146 1273 206 1304 νίας
222 1272 312 1308 πολλῷ
332 1273 419 1308 χρόνῳ
437 1273 652 1309 μετανοήσαντα,
672 1273 831 1308 είσαχθῆναι
853 1273 933 1300 πάλιν

147 1320 187 1351 εις
211 1319 260 1355 τὴν
288 1318 468 1355 Ἐκκλησίαν,
492 1318 530 1350 ὡς
553 1318 645 1350 κακῶς
665 1319 869 1354 ἐργασάμενον,
895 1319 933 1351 ὡς

148 1365 353 1402 παραπεσόντα,
366 1365 412 1392 καὶ
432 1365 592 1397 κλασθέντα,
604 1364 652 1391 καὶ
666 1364 760 1400 χρείαν
769 1364 865 1399 ἔχοντα
878 1365 935 1391 ἐπι-

146 1412 273 1447 δέματος,
289 1413 336 1440 καὶ
356 1411 393 1448 μὴ
411 1412 472 1439 καθ’
492 1411 610 1446 ἑκάστην
632 1410 738 1446 ἡμέραν
756 1410 844 1445 βέλεσι
866 1419 933 1445 κρυ-

148 1458 220 1492 φίοις
234 1458 514 1494 κατατιτρώσκεσθαι,
528 1457 575 1484 καὶ
591 1457 724 1492 πονηρίας
741 1456 793 1483 ὑπὸ
810 1456 933 1482 διαδόλου

148 1503 222 1539 αὑτῷ
238 1504 449 1540 ἐπιφερομένης.
789 1540 805 1555 .

182 1636 224 1663 H'.
236 1634 329 1666 Οὕτως
340 1633 409 1662 οἶδεν
427 1635 443 1670 ἡ
458 1634 606 1670 Ἐκκλησία
621 1633 776 1670 κηρύττειν.
797 1633 890 1660 Ταῦτα
900 1631 935 1659 τὰ

147 1682 281 1717 φάρμακα
298 1681 348 1716 τῆς
363 1681 460 1712 ίάσεως
470 1688 477 1696 ’
493 1681 581 1708 ταῦτα
596 1681 630 1707 τὰ
641 1681 697 1716 εῐδη
710 1680 761 1715 τῆς
777 1678 933 1715 μυρεψικῆς

147 1727 295 1763 ἐργασίας·
320 1725 390 1762 αὕτη
409 1727 426 1762 ὴ
448 1725 604 1753 κατασκευῇ
624 1725 671 1752 τοῦ
695 1726 773 1759 ἁγίου
796 1723 886 1751 ελαίου
904 1724 933 1749 ἐν

146 1773 185 1810 τῷ
201 1773 289 1809 νόμῳ-
308 1772 377 1808 αὕτη
394 1774 410 1808 ὴ
426 1772 638 1808 ἀρωματίζουσα
658 1771 729 1807 καλὴ
749 1772 856 1802 πίστις,
874 1771 934 1796 ὲπι-

147 1820 300 1856 σφίγγουσα
326 1820 376 1856 μὲν
393 1821 438 1847 τὸν
464 1820 596 1847 ἀθλοῦντα
608 1820 648 1851 είς
670 1818 778 1853 ἀγῶνα,
801 1819 933 1852 ἐπικηρυ-

146 1867 280 1902 κευομένη
300 1866 329 1893 δὲ
355 1865 429 1901 αὒτῷ
448 1866 576 1893 διατεῖναι
593 1865 640 1892 τὸν
663 1865 773 1900 δρόμον,
800 1864 873 1894 ὅπως
888 1863 933 1889 δυ-

145 1911 214 1948 νηθῇ
232 1911 454 1947 στεφανωθῆναι·
474 1911 543 1947 αὕτη
559 1913 576 1947 ὴ
596 1911 642 1938 τοῦ
658 1910 725 1937 θεοῦ
744 1909 931 1945 πραγματεία,

147 1958 250 1989 πάντας
274 1958 427 1992 συνάγουσα
438 1958 486 1988 ἐίς
505 1957 554 1992 τὴν
575 1957 716 1992 βασιλικὴν
735 1955 867 1987 διάταξιν,
884 1954 932 1980 καὶ

146 2002 289 2038 πορφύραν
305 2003 354 2038 μὲν
369 2003 424 2030 ἀπὸ
437 2003 584 2039 θαλάσσης,
597 2003 644 2030 καὶ
664 2003 737 2038 ἔριον
757 2002 811 2028 ἀπὸ
829 2001 932 2035 προ6ά‹

146 2056 203 2079 του,
216 2048 264 2074 καὶ
279 2048 350 2074 λίνον
363 2048 395 2074 ὲκ
409 2048 471 2083 γῆς,
488 2048 535 2075 καὶ
555 2048 664 2083 βύσσον,
682 2048 730 2075 καλ⁸
745 2048 867 2083 σηρικὸν,
886 2048 932 2074 καὶ⁹

145 2093 268 2130 δέρματα
280 2094 537 2130 ἡρυθροδανωμένα,
552 2094 600 2121 καὶ
613 2094 687 2121 λίθον
702 2095 792 2130 τίμιον
804 2094 850 2121 τὸν
862 2094 932 2130 σμά-

147 2141 254 2176 ραγδον,
270 2139 375 2166 καὶτὸν
389 2140 571 2176 μαργαρίτην,
590 2141 636 2167 τὸν
658 2141 772 2177 ἀχάτην,
798 2142 854 2173 τοῖς
883 2141 931 2176 μὲν

146 2186 271 2222 χρώμασι
291 2184 494 2217 διαλλάττοντας
518 2186 618 2219 λίθους,
643 2188 676 2222 τῇ
705 2185 734 2213 δὲ
754 2187 820 2222 τιμῇ
837 2186 931 2221 ὁμοτί-

981 273 1077 301 creent,
1095 268 1206 303 {mnilice
1219 276 1309 295 curam
1324 268 1466 300 habeant’,
1484 268 1574 295 brevis
1598 271 1637 295 est
1657 276 1688 295 ac
1709 277 1772 302 me:

981 315 1044 342 dius
1058 315 1191 342 adversus
1206 315 1265 342 illos
1279 322 1380 347 sermo,
1398 315 1443 349 qui
1461 314 1494 341 de
1509 314 1581 340 ornni
1599 315 1767 341 ecclesiasti-

981 368 1021 387 ca:
1046 361 1177 388 doctrina:
1199 368 1298 395 genere
1322 368 1462 395 perperam
1486 360 1557 394 apud
1582 368 1612 387 se
1635 361 1766 396 cogitant.

981 407 1046 440 Quae
1073 406 1183 440 quidem
1206 397 1330 434 doctrina
1353 413 1400 433 eos
1426 414 1521 433 omnes
1540 406 1652 441 respuit.
1669 406 1714 441 qui
1737 414 1767 433 se

981 453 1165 487 Apostolicos.
1192 456 1219 480 et
1241 452 1396 480 Eneratitas
1422 452 1563 479 nominant
1582 462 1588 479 :
1606 460 1711 479 necnon
1741 457 1769 479 et

982 499 1055 531 illos,
1073 499 1118 534 qui
1135 499 1162 526 in
1180 498 1300 526 Ecclesia
1324 499 1462 526 molliores
1478 498 1677 533 quodammodo
1691 503 1766 530 sunt,

982 545 1084 580 quique
1101 545 1261 573 mulieribus
1283 545 1460 581 persuadent,
1477 549 1506 572 ut
1519 544 1553 572 de
1575 544 1686 579 perfecti
1709 552 1768 571 cur-

982 598 1030 618 sus
1055 591 1233 618 contentione
1259 591 1426 617 remittentes
1450 597 1509 617 eam
1533 589 1618 624 ipsam
1647 587 1768 615 funditus

982 636 1122 670 abjiciant.
1138 635 1236 663 Verum
1265 639 1376 670 peccato
1401 642 1430 662 se
1454 642 1486 661 ac
1507 634 1612 669 judicio
1637 635 1768 670 implicat,

982 673 1107 716 quisquis
1121 680 1168 707 Dei
1185 680 1367 715 virginitatem
1392 679 1461 706 tollit
1476 686 1491 706 e
1508 678 1608 710 medio,
1623 686 1655 706 ac
1680 684 1769 705 certa»

982 726 1050 754 mini
1075 725 1251 761 ignominiam
1275 724 1431 753 consciscit.
1444 723 1495 757 Qui
1515 725 1586 752 enim
1611 733 1643 752 ex
1659 725 1769 752 athletis

965 771 1141 813 ~certaminis
1154 771 1227 806 leges
1240 771 1335 804 violat,
1356 778 1418 797 cum
1436 770 1598 798 verberibus
1615 778 1629 797 a
1645 772 1769 798 certami-

983 826 1018 846 ne
1034 818 1171 852 dejicitur.
1190 817 1228 844 Ita
1246 818 1292 852 qui
1312 817 1495 852 virginitatem
1509 817 1673 852 corruperit,
1689 817 1723 844 ab
1736 826 1769 844 eo

984 866 1044 900 ipso
1060 864 1208 895 curriculo,
1225 868 1252 890 et
1268 863 1348 898 512
1363 869 1475 895 corona,
1494 863 1660 897 praemioque
1685 864 1770 898 repel-

983 909 1058 937 litur.
1072 908 1172 937 Verum
1202 909 1300 936 melius
1330 909 1423 943 utique
1449 907 1583 943 judicium
1615 913 1666 940 est,
1686 917 1768 943 quam

983 955 1131 982 damnatio.
1147 955 1213 981 Nam
1238 955 1296 990 qui,
1314 959 1344 981 ut
1363 961 1397 980 ne
1415 953 1484 989 apud
1505 954 1628 981 homines
1653 955 1680 981 in
1702 955 1770 981 infa-

982 1001 1065 1028 miam
1090 1000 1271 1032 adducantur,
1285 1000 1354 1026 clam
1382 1004 1506 1034 stuprum
1534 1004 1701 1035 perpetrant,
1716 1008 1770 1027 rno-

983 1046 1097 1074 nasticaa
1108 1047 1179 1077 vitae,
1189 1046 1231 1073 vel
1242 1045 1418 1073 continentia:
1431 1046 1578 1081 sponsione
1592 1053 1643 1074 non
1656 1054 1685 1073 se
1697 1047 1768 1080 apud

984 1092 1110 1121 homines
1134 1092 1265 1127 obligant,
1281 1091 1328 1120 sed
1353 1092 1423 1127 apud
1448 1091 1542 1124 Deum,
1556 1093 1602 1127 qui
1620 1096 1647 1119 et
1661 1092 1769 1119 occulta

984 1138 1135 1174 cognoscit,
1151 1142 1178 1165 et
1205 1138 1232 1164 in
1262 1137 1378 1164 adventu
1404 1145 1454 1164 suo
1483 1138 1635 1165 universam
1660 1145 1769 1164 carnem

983 1185 1137 1220 redarguit,
1155 1184 1181 1211 in
1203 1183 1302 1218 quibus
1324 1184 1449 1211 videlicet
1464 1184 1580 1219 quisque
1604 1185 1768 1218 peccaverit.

984 1228 1117 1260 Quocirca
1132 1229 1220 1255 satius
1236 1232 1278 1256 est
1294 1236 1349 1255 uno
1366 1236 1393 1254 se
1409 1234 1523 1263 peccato
1542 1236 1622 1263 quam
1645 1230 1770 1264 pluribus

984 1274 1163 1308 obstringere.
1181 1274 1273 1302 Satius
1298 1278 1350 1306 est,
1365 1274 1409 1301 ubi
1435 1281 1449 1300 a
1466 1274 1603 1302 curriculo
1626 1275 1768 1307 exciderit.

984 1320 1072 1355 palam
1096 1319 1148 1346 sibi
1169 1327 1280 1346 uxorem
1304 1319 1432 1354 legitimis
1449 1320 1552 1354 nuptiis
1566 1320 1723 1355 adjungcre,
1738 1329 1770 1348 ac

983 1370 1045 1400 post
1066 1364 1247 1399 virginitatem
1273 1365 1354 1400 longo
1379 1365 1522 1392 intervallo
1540 1371 1667 1401 suscepta
1684 1367 1771 1401 poeni-

984 1410 1072 1438 tentia
1097 1411 1195 1437 iterum
1219 1410 1348 1437 Ecclesiae
1374 1410 1559 1442 reconciliari,
1577 1415 1670 1446 utpote
1683 1412 1771 1447 quiet

985 1460 1126 1491 peccatum
1150 1456 1301 1486 admiserit.
1315 1459 1342 1483 et
1364 1456 1510 1491 prolapsus
1531 1456 1624 1486 fuerit.
1640 1461 1666 1484 et
1684 1457 1771 1484 infra-

986 1506 1058 1533 ctus,
1074 1505 1101 1529 et
1125 1501 1292 1536 obligatione
1307 1501 1428 1529 vulneris
1451 1509 1520 1536 opus
1543 1502 1692 1534 habeat,ut
1716 1511 1770 1531 nou

984 1547 1099 1574 occultis
1114 1547 1142 1574 in
1158 1546 1216 1574 dies
1232 1546 1360 1574 immissae
1376 1555 1390 1573 a
1404 1546 1512 1574 diabolo
1533 1547 1660 1583 nequitiae
1671 1547 1771 1583 jaeulis

984 1593 1132 1620 saueietur.

982 1669 986 1673 I
1021 1636 1087 1665 Vill.
1110 1637 1187 1664 Hunc
1212 1629 1372 1664 in‘modum
1388 1636 1537 1672 prmdicare
1561 1638 1703 1665 consuevit
1720 1637 1771 1665 Ec-

984 1683 1080 1710 clesia.
1096 1682 1159 1710 Haec
1184 1683 1217 1709 ad
1241 1683 1391 1710 remedium
1405 1688 1561 1718 comparata
1574 1684 1771 1711 medicanwnta

983 1731 1064 1759 Sunt;
1079 1727 1138 1754 haec
1159 1728 1311 1762 seplasiarii
1333 1728 1424 1762 operis
1440 1736 1540 1763 genera
1558 1733 1638 1762 sunt;
1655 1729 1712 1755 haec
1728 1738 1772 1756 5a-

984 1774 1023 1801 cri
1043 1774 1071 1801 in
1089 1774 1147 1809 lege
1172 1773 1225 1800 olei
1253 1773 1405 1806 confectio;
1431 1773 1488 1801 hwc
1509 1778 1661 1801 aromatum
1687 1774 1771 1802 odore

984 1819 1108 1854 fragrans
1131 1818 1239 1854 egregia
1264 1818 1341 1850 fides,
1357 1826 1417 1853 qua:
1441 1819 1550 1846 athleta:
1575 1819 1608 1846 ad
1632 1824 1771 1847 certamen

983 1866 1142 1901 prodeuntis
1156 1865 1323 1901 astringendi
1337 1865 1391 1892 vim
1407 1865 1498 1897 habet,
1513 1865 1655 1900 eidemque
1667 1866 1769 1892 denun-

983 1912 1043 1943 tiat.
1061 1911 1101 1938 uti
1115 1918 1225 1938 cursum
1241 1909 1400 1943 contendat,
1415 1917 1469 1945 quo
1480 1917 1610 1937 coronam
1626 1911 1711 1944 possit
1724 1919 1771 1937 au-

983 1956 1068 1989 ferre;
1090 1957 1141 1983 hoc
1155 1956 1201 1983 Dei
1221 1963 1301 1991 opus,
1317 1963 1348 1982 ac
1368 1957 1505 1990 negotium
1523 1959 1574 1988 est,
1588 1955 1660 1989 quod
1675 1962 1770 1982 omnes

982 2003 1084 2039 regiam
1096 2002 1129 2030 ad
1143 2003 1405 2030 administrationem
1419 2005 1575 2036 congregat,
1589 2001 1662 2028 velut
1674 2009 1688 2027 e
1701 2000 1769 2027 mari

982 2055 1140 2083 purpuram,
1157 2047 1248 2073 lanam
1264 2054 1298 2073 ex
1314 2046 1422 2076 ovibus,
1438 2045 1521 2072 linum
1533 2053 1548 2072 e
1560 2050 1643 2078 terra,
1658 2045 1769 2080 byssuin

982 2094 1111 2125 sericum,
1123 2093 1276 2120 rubricatas
1289 2092 1383 2126 pelles,
1397 2091 1545 2126 pretiosum
1558 2091 1686 2126 lapidem.
1697 2099 1769 2117 sma-

982 2140 1105 2175 ragdum,
1122 2139 1260 2170 unionem,
1276 2138 1410 2170 ach-atem,
1428 2137 1542 2172 lapides,
1568 2137 1688 2172 inquam,
1711 2137 1768 2172 qui,

981 2186 1032 2214 etsi
1046 2185 1183 2212 coloribus
1200 2183 1337 2213 diﬂerant.
1355 2182 1445 2217 pretio
1461 2186 1552 2209 tamen
1568 2182 1686 2216 aequales
1694 2188 1768 2209 sunt.

147 2241 212 2268 μους
229 2232 323 2263 ὄντας·
339 2232 406 2258 ἀλλὰ
420 2232 467 2258 καὶ
479 2231 589 2268 χρυσὸν,
604 2232 650 2258 καὶ
662 2232 790 2268 ἄργυρον,
807 2233 853 2259 καὶ
866 2232 931 2264 ξύλα

985 2232 1038 2260 Sed
1050 2236 1077 2259 ct
1091 2238 1199 2262 aurum,
1213 2237 1240 2257 et
1253 2233 1406 2266 argentum,
1418 2234 1444 2256 et
1458 2229 1614 2264 incorrupta
1631 2229 1713 2264 ligna,
1732 2238 1769 2256 ως

145 2279 249 2313 ἄσηπα,
264 2278 311 2305 καὶ
323 2277 433 2314 χαλκὸν,
445 2278 492 2304 καὶ
507 2278 628 2314 σίδηρον,
642 2278 711 2305 ἀλλὰ
725 2279 771 2305 καὶ
783 2278 879 2314 τρίχας
890 2279 933 2304 αἰ-

145 2324 221 2358 γείας
245 2324 282 2360 μὴ
302 2323 517 2359 ἀποδαλλομένη.
545 2324 600 2350 Καὶ
625 2323 695 2358 αὕτη
726 2324 776 2358 μὲν
790 2322 824 2360 ἦν
838 2324 898 2350 τότε
914 2325 931 2360 ή

145 2368 242 2405 σκηνὴ,
250 2368 298 2396 νῦν
309 2369 336 2396 δὲ
347 2369 396 2404 τῆς
408 2369 510 2404 σκηνῆς
520 2369 534 2394 ό
544 2365 617 2400 οἶκος
628 2368 812 2404 ὴδραιωμένος
822 2370 850 2396 ὲν
860 2369 930 2404 Θεῷ,

145 2415 266 2450 θεμέλιος
285 2415 314 2442 δὲ
331 2415 361 2442 ὲν
377 2414 499 2450 δυνάμει.
511 2414 566 2441 Καὶ
577 2414 725 2440 παυσάσθω
737 2414 811 2440 πᾶσα
826 2414 931 2449 αἵρεσις

144 2459 214 2486 κατὰ
226 2459 276 2495 τῆς
291 2459 419 2495 ἀληθείας
438 2459 647 2495 ὲπεγειρομένη,
665 2459 763 2495 μᾶλλον
785 2459 813 2486 δὲ
828 2460 928 2495 ἑαυτὴν

145 2505 200 2532 ἀπὸ
210 2505 339 2541 ἀληθείας
355 2505 501 2532 διώκουσα.

179 2549 234 2580 Καὶ
250 2549 302 2582 ἱως
317 2546 369 2577 ὦδε
383 2550 470 2577 ταῦτα
483 2551 578 2586 ὲχέτω.
597 2550 652 2586 Τὴν
668 2550 769 2586 γαῦρον
782 2550 811 2577 δὲ
825 2550 927 2585 ταύτην

144 2595 249 2630 ἔχιδναν
258 2595 336 2630 δίκην
349 2596 475 2622 ἁκοντῖου
490 2596 537 2622 τοῦ
551 2596 730 2631 καλουμένου,
745 2596 762 2631 ἦ
774 2596 921 2630 τύφλωπος

144 2640 160 2676 ἢ
179 2641 300 2677 μυάγρου
314 2640 385 2677 ξύλῳ
400 2641 447 2668 τοῦ
464 2642 581 2678 σταυροῦ
595 2642 770 2673 πεπαικότες,
786 2641 833 2668 καὶ
846 2650 928 2668 κατα-

143 2687 297 2722 λείψαντεςο
317 2688 355 2714 ίὸν
372 2688 421 2723 μὲν
436 2688 467 2714 ού
485 2688 612 2715 τοσοῦτον
629 2688 725 2724 ἔχοντα
741 2687 775 2714 τὰ
790 2687 929 2723 ἑρπετώδη

144 2732 241 2766 ταῦτα,
257 2733 328 2769 πλὴν
342 2734 390 2761 καὶ
408 2733 448 2769 τῷ
463 2734 564 2770 δρόμῳ,
583 2734 630 2760 καὶ
645 2733 682 2769 τῷ
692 2733 871 2769 γαυριάματι,
883 2733 929 2759 καὶ

142 2778 176 2813 τῇ
193 2778 357 2811 ἁκοντιάσει,
371 2778 416 2805 διὰ
430 2778 480 2814 τὴν
491 2779 579 2806 αὐτῶν
596 2778 767 2814 ὲπεντριὸὴν,
780 2777 866 2810 οὕτως
880 2786 930 2804 κα-

980 2282 1062 2313 atque
1079 2275 1195 2309 ferrum,
1212 2275 1335 2310 adeoque
1362 2282 1396 2302 ne
1417 2274 1542 2310 caprinos
1567 2274 1676 2310 quidem
1699 2275 1769 2310 pilos

979 2323 1114 2359 repudiat.
1132 2322 1222 2357 Atque
1247 2320 1382 2356 ejusmodi
1403 2321 1541 2356 quondam
1563 2321 1768 2348 tabernaculum

979 2368 1058 2400 fuit‘,
1071 2374 1145 2394 nunc
1160 2370 1249 2393 autem
1271 2366 1440 2393 tabernaculi
1457 2365 1554 2393 domus
1571 2366 1597 2393 in
1616 2365 1671 2394 Deo
1686 2367 1767 2393 staLi.

979 2415 1038 2446 lita,
1055 2413 1260 2441 fundamentum
1274 2412 1335 2446 ejus
1350 2413 1377 2439 in
1394 2412 1494 2438 virtute
1515 2412 1654 2439 consistit.
1673 2411 1766 2439 Proin-

980 2461 1068 2495 deque
1086 2458 1194 2486 desinat
1210 2458 1322 2485 haeresis
1332 2458 1432 2489 omnis,
1445 2465 1506 2492 qua:
1517 2462 1612 2484 contra
1629 2458 1768 2485 veritatem

981 2505 1108 2540 insurgit,
1123 2505 1164 2532 vel
1180 2505 1298 2539 seipsam
1314 2503 1406 2539 potius
1420 2512 1435 2531 a
1451 2505 1568 2531 veritate
1584 2508 1702 2531 removet

1015 2551 1105 2584 Atque
1129 2549 1186 2576 haac
1207 2549 1351 2576 hactenus.
1369 2548 1445 2576 Nunc
1470 2554 1651 2584 posteaquam
1675 2556 1772 2583 super--

981 2597 1042 2624 bam
1069 2595 1139 2622 hanc
1162 2595 1293 2630 viperam,
1310 2595 1422 2629 perinde
1436 2603 1467 2622 ac
1482 2596 1616 2630 serpentis
1632 2602 1718 2630 genus
1732 2595 1765 2620 il-

981 2640 1038 2672 lud,
1053 2640 1127 2675 quod
1144 2640 1265 2674 jaculum
1286 2645 1375 2672 vocat,
1390 2646 1437 2667 aut
1457 2640 1622 2676 typblopem.
1640 2641 1681 2666 vel
1696 2647 1763 2673 myn-

981 2693 1070 2721 grum,
1091 2685 1184 2712 crucis
1207 2685 1281 2719 ligno
1304 2685 1504 2719 pereussimus.
1522 2693 1553 2711 ac
1580 2684 1740 2719 reliquimus
1758 2691 1765 2709 :

981 2739 1041 2766 quae
1063 2731 1173 2765 quidem
1197 2734 1354 2765 serpentum
1372 2738 1471 2765 genera
1487 2739 1541 2758 non
1566 2734 1620 2757 tam
1639 2729 1765 2765 praesenti

982 2784 1086 2804 veneno
1098 2780 1163 2804 sunt
1180 2785 1186 2803 :
1205 2780 1396 2804 verumtamen
1416 2781 1470 2804 tam
1489 2777 1524 2804 ob
1542 2783 1636 2804 eorum
1651 2775 1758 2811 pernici-

181 2868 188 2883 ¹
203 2866 231 2895 F.
251 2868 358 2903 γύναια.
397 2872 408 2888 ¹
422 2869 502 2898 Deest
522 2869 635 2904 aliquid.
667 2869 677 2885 ³
692 2868 701 2894 Ι
719 2867 790 2897 Tim.
808 2876 834 2900 r,
851 2866 891 2894 Η.

983 2865 1045 2894 xod.
1059 2873 1121 2899 xxv,
1137 2865 1152 2892 4
1168 2873 1229 2902 Sqq.
