1958 3050
205 177 272 206 “liii
578 204 593 210 ς

913 179 943 208 S.
964 179 1133 208 EPIPHANII

1765 178 1841 206 lit-5‘2

206 242 301 269 tatem,
319 245 400 272 quam
416 238 603 271 lnsoientiam.
621 245 649 267 et
662 239 880 275 cjaculationem,
897 240 930 268 ad
943 240 991 268 ha:-

1046 239 1099 271 λῶς
1127 238 1356 271 ἀπεικασθιντας,
1384 238 1632 274 περιφρονήσαντις
1654 237 1709 264 τῶν
1731 237 1838 268 αὐτῶν.

205 283 353 310 rcticorum
378 284 486 311 illorum
511 286 660 319 perniciem
689 286 892 322 significandam
916 294 993 314 com-

205 328 286 355 mode
302 328 476 361 adhibemur.
492 331 667 365 contemptis,
685 331 806 366 inquam,
826 331 906 367 513
928 332 993 365 illis,

205 379 233 400 et
248 373 373 408 abjectis,
387 373 421 401 ad
439 374 559 409 reliquas
579 376 698 403 haereses
714 380 897 411 transeamus.

399 430 539 459 CONTRA
556 431 798 467 SABELLIANOS,

411 477 529 505 [heresis
547 477 629 506 XLII
645 480 685 506 vel
696 479 790 508 LXII.

240 532 262 560 1.
285 532 344 560 Non
372 533 466 561 multis
492 533 593 566 abhinc
615 535 696 563 annis
725 535 862 564 Sabellius
882 537 992 572 quidam

206 578 353 607 haereticus
377 580 508 607 emersit:
525 580 625 615 quippe
649 588 746 609 recens
764 582 810 609 ille
825 587 878 614 est.
904 591 920 610 a
938 591 993 618 quo

206 623 354 652 Sabelliani
372 625 488 661 profecti
511 630 587 654 sunt.
609 626 662 659 Qui
681 627 804 662 quidem,
819 628 915 663 paucis
931 629 992 663 qui-

205 670 320 698 husdam
334 671 467 706 exceptis,
494 671 588 699 eadem
606 679 668 699 cum
695 672 837 701 Noetianis
861 674 991 702 asseruit.

205 716 293 752 Atque
317 717 400 751 hujus
417 722 500 745 sectae
516 718 626 753 plurimi
644 726 707 746 cum
727 720 754 746 in
779 719 991 755 Mesopotamia,

203 766 260 789 tum
281 761 374 790 Romae
394 768 550 798 versantur,
567 765 680 792 vesania
699 765 819 801 quadam
846 766 954 802 perciti.

239 849 342 876 Horum
359 851 416 878 haec
432 851 527 886 opinio
546 855 589 879 est
604 861 612 880 :
628 851 760 880 Eumdem
784 861 847 881 esse
870 853 991 887 Patrem,

203 899 229 921 et
246 895 356 929 Filium,
378 901 404 924 et
428 896 560 933 Spiritum
588 902 726 930 sanctum,
753 903 783 926 ut
808 899 842 926 ad
865 899 989 927 eamdem

202 941 365 976 liypostasin
381 947 438 970 tres
455 944 655 978 appellationes
668 945 843 972 conveniant.
860 944 914 972 Aut
930 953 992 981 per-
1008 933 1030 961 Β

203 986 268 1014 inde
284 991 367 1023 atque
389 987 418 1015 in
444 997 499 1016 uno
522 989 634 1017 homine
658 997 768 1025 corpus,
787 994 815 1017 et
838 991 941 1024 anima,
966 995 993 1019 et

204 1033 319 1068 spiritus
335 1034 417 1062 inest.
437 1035 475 1062 Ita
493 1040 522 1062 ut
536 1035 659 1070 corporis
676 1035 764 1062 instar
777 1036 814 1063 sit
830 1035 922 1068 Pater.
937 1036 994 1064 ani-

203 1086 255 1106 ma:
271 1078 374 1113 Filius;
397 1079 518 1115 Spiritus
534 1080 653 1115 denique
670 1081 697 1108 in
713 1081 772 1116 ipsa
787 1073 929 1110 divinitate
941 1082 993 1109 hu-

204 1125 279 1151 mani
293 1125 409 1159 spiritus
427 1125 515 1152 instar
535 1125 678 1153 habeatur.
695 1125 772 1159 Quod
788 1130 816 1153 et
835 1127 903 1154 solis
917 1127 995 1155 simi-

204 1171 322 1199 litudine
336 1171 495 1204 declarant;
510 1172 537 1198 in
553 1180 608 1207 quo
623 1180 686 1199 cum
706 1179 759 1199 una
775 1177 811 1200 sit
826 1173 991 1208 hypostasis.

203 1216 301 1250 triplex
322 1217 500 1245 nihilominus
515 1222 594 1245 actus
612 1221 654 1246 est
669 1227 677 1245 :
691 1217 819 1244 nimirum
839 1218 993 1246 illustrandi

205 1262 245 1290 vis
263 1269 289 1290 et
304 1263 494 1295 calefaciendi,
521 1268 548 1291 et
573 1263 738 1291 orhicularis
762 1263 858 1300 ﬁgura.
880 1264 920 1291 Ac
937 1264 993 1292 vim

203 1309 312 1344 quidem
332 1309 405 1335 illam
424 1309 613 1343 calefaciendi,
633 1310 685 1337 hoc
700 1313 742 1337 est
764 1310 895 1343 calorem,
912 1316 994 1346 atque

202 1359 310 1385 :rstum,
333 1354 446 1388 Spiritui
464 1354 645 1389 respondere;
668 1355 840 1383 illuminandi
857 1364 922 1384 vero
938 1358 993 1385 vim

203 1398 291 1433 Filio;
303 1399 410 1427 Patrem
423 1400 542 1436 denique
554 1401 640 1428 totius
651 1401 807 1437 hypostasis
819 1403 891 1431 velut
901 1411 995 1438 quam-

204 1446 266 1473 dam
283 1454 345 1474 esse
362 1446 488 1474 formam.
506 1446 593 1482 Igitur
612 1447 711 1474 Filium
732 1447 869 1475 allirmant
883 1449 952 1476 radii
965 1449 994 1477 in

205 1500 308 1519 morem
324 1492 456 1520 emissum
475 1493 578 1525 omnia,
599 1501 660 1528 qua:
679 1494 712 1521 ad
729 1493 878 1530 Evangelii,
895 1499 923 1522 et
943 1495 994 1523 hu-

203 1546 290 1566 mana:
320 1539 418 1566 salutis
445 1539 666 1574 procurationem
693 1540 850 1572 attinerent,
884 1540 912 1568 in
942 1541 994 1569 hoc

201 1583 306 1610 mundo
324 1584 494 1618 praestitisse,
517 1589 600 1619 atque
625 1584 660 1610 ita
691 1585 719 1612 in
741 1585 841 1612 caelum
866 1585 991 1618 rediisse,

203 1630 432 1665 quemadmodum
459 1630 493 1662 is,
519 1630 566 1665 qui
587 1638 601 1656 a
623 1630 682 1658 sole
705 1631 837 1662 manavit,
855 1631 950 1659 radius
964 1632 991 1659 in

202 1675 328 1703 eumdem
342 1680 434 1710 postea
448 1676 614 1704 refunditur.
629 1676 761 1711 Spiritum
773 1685 857 1713 porro
865 1683 991 1706 sanctum

203 1722 232 1748 in
248 1722 320 1748 hunc
335 1722 429 1748 orbem
446 1722 566 1754 immitti,
585 1730 617 1750 ac
632 1722 760 1758 deinceps
779 1723 994 1760 singillatimque

202 1768 230 1795 in
246 1776 295 1795 cos
318 1775 414 1795 omnes
440 1768 525 1800 illabi,
552 1769 598 1803 qui
622 1776 655 1796 eo
677 1777 791 1797 munere
816 1771 890 1806 digni
913 1776 991 1805 sunt;

200 1814 384 1849 eumdemque
403 1815 558 1842 instaurare
574 1815 667 1848 vitam,
687 1821 715 1843 et
733 1816 856 1844 animare
870 1817 991 1852 fervore;

201 1860 295 1888 fovere
309 1860 438 1898 denique,
454 1869 487 1888 ac
500 1861 661 1893 calefacere.
678 1866 708 1889 ut
721 1862 758 1888 ita
773 1862 873 1895 dicam,
890 1864 915 1891 vi
928 1872 994 1899 qua-

202 1907 265 1934 dam
281 1908 518 1942 i-onsensioneque
541 1908 666 1943 spiritus.
695 1907 836 1943 Ejusmodi
856 1908 913 1937 fere
931 1910 994 1938 illo-

202 1960 264 1980 rum
277 1953 403 1989 dogmata
421 1957 496 1981 sunt.

237 1997 269 2024 ll.
286 1998 421 2026 Caeterum
445 1999 574 2027 omnibus
600 2003 656 2026 tam
681 1998 800 2032 Veteris,
827 2007 908 2034 quam
924 2000 993 2028 Novi

202 2044 371 2080 Testamenti
394 2044 546 2081 Scripturis
572 2050 699 2080 utuntur,
727 2047 769 2074 vel
794 2047 878 2074 certis
902 2048 993 2082 potius

201 2092 382 2124 dictionibus,
395 2099 464 2126 quas
479 2092 590 2127 ipsimet
604 2100 653 2128 pro
664 2092 763 2120 insana
779 2097 870 2120 mente
884 2101 945 2124 sua.
960 2101 993 2120 ac

203 2138 329 2166 vecordia
346 2137 477 2173 deligunt.
500 2138 640 2173 Principio
654 2138 725 2166 hanc
741 2146 757 2166 e
775 2139 862 2166 sacris
881 2138 993 2166 Litteris

203 2185 367 2212 sententiam
388 2184 535 2219 arripiunt,
563 2191 644 2219 quam
671 2184 755 2220 Moysi
781 2184 852 2212 Deus
868 2185 993 2213 elocutus

201 2235 260 2257 est:
273 2230 353 2262 Audi,
372 2229 469 2263 Israel,
484 2229 612 2257 Dominus
630 2229 712 2266 514.
729 2230 797 2258 Deus
809 2236 886 2266 ‘tuus,
899 2231 992 2259 Domi-

1045 285 1094 311 ιπὶ
1105 284 1155 317 τὰς
1171 284 1235 320 ἑξῆς
1250 284 1345 320 ἴωμεν,
1355 280 1378 311 ὦ
1392 284 1539 319 ἀγαπητοί.

1255 429 1350 456 ΚΑΤΑ
1371 427 1620 459 ΣΑΒΕΛΛΙΑΝΩΝ,

1046 474 1282 510 Τεσσαρακοστὴ
1293 473 1426 508 δευτέρα,
1442 474 1462 508 ἡ
1473 473 1523 500 καὶ
1532 472 1682 507 ὲξηκοστὴ
1697 471 1835 507 δευτέρα.

1079 532 1119 559 A'.
1141 530 1283 560 Σαὸἐλλιός
1297 538 1340 562 τις
1351 530 1380 556 ὲν
1395 529 1501 565 χρόνοις
1511 528 1610 563 ἀνέστη
1620 528 1650 554 οὐ
1662 527 1751 562 πολλῷ
1764 527 1836 563 πρό-

1042 585 1122 612 τερον
1133 575 1332 607 παλαιοτάτοις·
1347 575 1503 612 πρόσφατος
1518 574 1571 610 γὰρ
1581 571 1668 606 οὗτοςν
1683 574 1730 608 ἀφ’
1743 569 1835 609 οὗπερ

1042 623 1067 650 οἱ
1078 621 1253 649 Σαϐελλιανοὶ
1269 621 1350 648 καλού
1355 629 1439 657 μενοι.
1449 621 1504 648 Kal
1514 618 1589 653 οὗτος
1598 620 1626 647 δὲ
1633 619 1836 656 παραπλησίως

1042 668 1096 695 τῶν
1119 667 1288 704 Νοητιανῶν,
1315 666 1384 703 πλὴν
1410 666 1508 701 ὀλίγων
1535 666 1626 699 τινῶν,
1652 665 1832 702 δογματίσας.

1044 714 1141 741 Πολλοὶ
1155 714 1184 740 δὲ
1198 715 1227 740 ὲν
1237 715 1271 749 τῇ
1282 713 1360 750 Μέσῃ
1374 713 1429 739 τῶν
1444 712 1584 748 ποταμῶν,
1599 712 1646 739 καὶ
1659 713 1704 739 ἐπὶ
1713 712 1748 739 τὰ
1759 712 1832 748 μέρη

1042 761 1092 796 τῆς
1113 760 1223 796 Ῥώμης
1238 760 1286 787 τοῦ
1305 759 1389 787 αὐτοῦ
1406 759 1541 796 δόγματος
1556 759 1732 795 ὑπάρχουσιν,
1752 759 1835 794 ἀνοίᾳ

1042 807 1096 833 τινὶ
1110 807 1263 843 φερόμενοι.

1078 852 1241 889 Δογματίζει
1261 852 1315 889 γὰρ
1331 849 1407 885 οὗτος
1421 852 1469 879 καὶ
1483 852 1509 878 οἱ
1527 852 1574 878 ἀπ’
1587 851 1669 879 αὑτοῦ
1683 851 1831 879 Σαϐελλια-

1043 901 1084 927 νοὶ
1095 901 1141 927 τὸν
1152 900 1231 927 αὑτὸν
1242 897 1312 926 εἷναι
1321 899 1442 935 Πατέρα,
1452 899 1498 926 τὸν
1511 899 1592 926 αὑτὸν
1605 899 1679 930 Υἰδν,
1691 898 1737 925 τὸν
1749 899 1833 925 αὐτὸν

1043 944 1113 973 εἶναι
1130 946 1207 980 ᾰγιον
1217 945 1339 981 Πνεῦμα⁶
1351 945 1389 977 ὡς
1402 943 1471 972 εῖναι
1484 945 1514 971 ὲν
1530 945 1580 980 μιᾷ
1595 945 1743 971 ὑποστάσει
1755 945 1833 980 τρεῖς

1043 992 1201 1028 ὀνομασίας.
1224 993 1241 1028 ἦ
1259 992 1296 1024 ὡς
1311 993 1340 1019 ὲν
1353 991 1489 1028 ἀνθρώπῳ
1505 991 1596 1027 σῶμα,
1616 991 1663 1018 καὶ
1683 991 1767 1027 ψυχὴ,
1785 991 1834 1017 καὶ

1044 1039 1164 1075 πνεῦμα.
1179 1039 1235 1066 Kal
1247 1036 1317 1066 εἶναι
1333 1038 1383 1075 μὲν
1401 1039 1430 1066 τὸ
1447 1038 1536 1074 σῶμα,
1552 1038 1591 1070 ὼς
1602 1039 1698 1070 είπεῖν,
1717 1037 1763 1064 τὸν
1775 1038 1834 1064 Ila-

1043 1086 1121 1122 τέρα,
1130 1086 1220 1121 ψυχὴν
1231 1086 1271 1118 δὲ,
1283 1086 1321 1118 ὡς
1331 1086 1429 1119 εἰπεῖν,
1442 1085 1487 1112 τὸν
1502 1085 1576 1116 Υίδν,
1587 1084 1618 1111 τδ
1631 1083 1742 1119 Πνεῦμα
1755 1083 1783 1110 δὲ
1794 1083 1834 1115 ὡς

1043 1131 1198 1168 ἀνθρώπου,
1212 1131 1298 1163 οὕτως
1308 1131 1355 1158 καὶ
1366 1131 1397 1158 τὸ
1409 1130 1487 1165 ἅγιον
1498 1130 1610 1166 Πνεῦμα
1623 1130 1652 1156 ὲν
1663 1131 1696 1166 τῇ
1711 1129 1830 1164 θεότητι.

1045 1178 1080 1205 Ἣ
1089 1178 1126 1210 ὡς
1136 1176 1210 1214 ὲὰνῇ
1225 1178 1254 1204 ὲν
1269 1177 1336 1213 ἡλίῳ
1349 1177 1405 1204 δντι
1421 1177 1470 1213 μὲν
1483 1178 1511 1204 ὲν
1525 1177 1574 1212 μιᾷ
1589 1176 1746 1208 ὑποστάσει,
1758 1174 1833 1211 τρεῖς

1043 1225 1071 1251 δὲ
1087 1224 1175 1260 ἔχοντι
1188 1224 1237 1255 τὰς
1251 1223 1402 1259 ἐνεργείας·
1423 1222 1495 1259 φημὶ
1510 1223 1540 1250 δὲ
1554 1222 1585 1249 τὺ
1598 1222 1770 1257 φωτιστικδν,
1784 1221 1834 1247 καὶ

1043 1270 1074 1296 τδ
1088 1270 1200 1301 θάλπον,
1215 1270 1263 1296 καὶ
1275 1269 1342 1296 αὐτὸ
1357 1269 1388 1295 τὸ
1401 1269 1450 1304 τῆς
1462 1267 1639 1304 περιφερείας
1659 1267 1762 1302 σχῆμα.
1776 1265 1834 1292 Kal

1044 1314 1114 1344 εἶναι
1139 1316 1188 1352 μὲν
1210 1316 1241 1343 τὸ
1268 1316 1380 1349 θάλπον,
1403 1315 1492 1342 είτουν
1514 1314 1615 1351 θερμὸν
1638 1314 1686 1341 καὶ
1710 1313 1781 1345 ζέον,
1801 1313 1833 1340 τὸ

1044 1362 1168 1398 Πνεῦμα,
1186 1362 1218 1389 τὸ
1233 1361 1396 1397 φωτιατικδν
1415 1361 1443 1388 δὲ
1456 1362 1502 1388 τὸν
1518 1361 1592 1393 Υίδν,
1611 1360 1656 1387 τὸν
1674 1359 1703 1386 δὲ
1720 1359 1833 1395 Πατέρα

1044 1407 1124 1435 αὐτὸν
1140 1405 1209 1434 εἶναι
1230 1407 1261 1434 τὸ
1282 1404 1352 1439 εἶδος
1373 1406 1464 1442 πάσης
1484 1407 1533 1442 τῆς
1551 1404 1736 1436 ὑποστάσεως.
1757 1404 1834 1439 Hap-

1044 1454 1145 1489 φθέντα
1159 1454 1187 1481 δὲ
1201 1453 1247 1480 τὸν
1263 1453 1328 1480 Υίδν
1346 1452 1437 1489 καιρῷ
1452 1461 1528 1484 ποτε,
1549 1451 1643 1487 ὥσπερ
1664 1451 1773 1483 ἀκτῖνα,
1786 1450 1835 1476 καὶ

1044 1501 1232 1536 ἐργασάμενον
1246 1500 1281 1528 τά
1299 1500 1387 1528 πάντα
1403 1500 1433 1526 ὲν
1446 1499 1486 1535 τῷ
1502 1499 1597 1534 κόσμῳ
1611 1498 1645 1525 τὰ
1663 1498 1712 1533 τῆς
1728 1498 1832 1524 οίκονο-

1045 1545 1110 1580 μίας
1121 1545 1370 1581 τῆαεύαγγελικῆς.
1389 1544 1437 1571 καὶ
1454 1543 1592 1579 σωτηρίας
1603 1542 1657 1570 τῶν
1667 1541 1832 1577 ἀνθρώπων,

1044 1591 1232 1627 ἀναληφθέντα
1243 1591 1272 1618 δὲ
1284 1588 1362 1622 αὖθις
1374 1591 1414 1622 εἰς
1425 1590 1550 1626 οὐρανὸν,
1560 1589 1599 1621 ὡς
1611 1588 1664 1616 imo
1675 1588 1752 1624 ήλίου
1766 1596 1833 1623 πεμ-

1044 1637 1158 1672 φθεῖσαν
1172 1637 1280 1668 ἀκτῖνα,
1295 1636 1344 1663 καὶ
1360 1635 1442 1663 πάλιν
1456 1637 1497 1668 εὶς
1510 1636 1556 1662 τὸν
1569 1635 1646 1671 ἥλιον
1661 1633 1833 1670 ἀναδραμοῦ-

1044 1693 1104 1712 σαν.
1121 1685 1159 1712 Τδ
1172 1685 1201 1711 δὲ
1215 1685 1292 1720 ἅγιον
1306 1684 1418 1720 Πνεῦμα
1432 1683 1588 1719 πέμπεσθαι
1605 1683 1645 1714 είς
1656 1681 1701 1709 τὸν
1718 1681 1830 1716 κόσμον,

1043 1732 1090 1759 καὶ
1105 1731 1232 1766 καθεξῆς,
1247 1730 1295 1758 καὶ
1312 1730 1372 1758 καθ’
1387 1730 1490 1757 Exacta
1507 1730 1546 1761 εἰς
1565 1729 1680 1756 ἕκαστον
1695 1727 1750 1754 τῶν
1769 1735 1833 1753 κατε

1043 1777 1219 1814 αξιουμένων·
1237 1777 1432 1812 άναζωογονεϊν
1448 1777 1477 1804 δὲ
1493 1776 1538 1804 τὸν
1558 1775 1688 1807 τοιοῦτον,
1707 1774 1755 1802 καὶ
1767 1774 1833 1801 ava-

1043 1823 1125 1856 ζέειν,
1141 1822 1255 1850 θάλπειν
1269 1831 1300 1849 τε
1313 1823 1361 1849 καὶ
1375 1822 1545 1859 θερμαίνειν,
1559 1821 1598 1853 ὡς
1613 1820 1711 1851 εἰπεῖν,
1726 1818 1770 1845 διὰ
1782 1817 1833 1853 τῆς

1042 1869 1090 1896 τοῦ
1120 1868 1274 1904 πνεύματος
1300 1867 1442 1904 δυνάμεώς
1466 1877 1496 1895 τε
1519 1867 1567 1895 καὶ
1589 1865 1761 1902 συμϐάσεως.
1778 1863 1833 1890 Kal

1042 1915 1129 1943 ταῦτά
1141 1917 1215 1942 ἐστιν
1227 1915 1245 1943 a
1260 1915 1462 1950 δογματίζουσι.

1079 2006 1116 2033 Β’.
1126 2006 1282 2042 Κέχρηνται
1295 2006 1324 2033 δὲ
1335 2007 1396 2038 τατς
1406 2007 1506 2037 πάσαις
1532 2007 1652 2042 γραφαῖς
1666 2004 1788 2037 Παλαιᾶς
1799 2014 1828 2032 τε

1043 2053 1091 2080 καὶ
1106 2053 1211 2088 Καινῆς
1222 2052 1371 2088 Διαθήκης,
1387 2052 1477 2086 λέξεσι
1489 2052 1518 2079 δέ
1529 2061 1599 2078 τισιν
1612 2049 1656 2084 αῖς
1668 2051 1744 2079 αὐτοὶ
1756 2051 1832 2078 ἐκλέ-

1043 2107 1137 2133 γονται
1153 2098 1224 2126 κατὰ
1234 2098 1283 2133 τὴν
1301 2097 1369 2126 ίδίαν
1385 2097 1473 2124 αὐτῶν
1488 2097 1753 2133 παραπεποιημένην
1767 2106 1831 2134 φρε-

1043 2143 1203 2170 νοϐλάϐειαν
1221 2151 1250 2169 τε
1267 2142 1315 2170 καὶ
1330 2142 1433 2170 ἄνοιαν.
1454 2142 1566 2178 Πρῶτον
1582 2142 1632 2177 μὲν
1647 2143 1686 2178 τῷ
1705 2142 1790 2178 ῥητῷ,
1810 2139 1831 2176 ᾧ

1042 2188 1119 2217 εἶπεν
1136 2191 1150 2216 ὁ
1167 2190 1234 2221 Θεὸς
1254 2189 1321 2225 πρὸς
1336 2190 1466 2224 Μωῦσῆν,
1491 2189 1532 2216 ὅτι
1554 2190 1674 2222 Ἄκουε,
1701 2189 1831 2224 Ἰσραὴλ.

1043 2237 1151 2270 Κύριος
1164 2238 1181 2263 ό
1196 2235 1268 2268 Θεός
1281 2242 1351 2268 σου,
1362 2235 1469 2269 Κύριος
1479 2233 1524 2268 εἷς
1535 2235 1632 2262 ἐστιν.
1643 2237 1684 2262 Οὐ
1696 2236 1832 2271 ποιήσεις

201 2285 251 2303 nus
264 2284 331 2303 unus
345 2281 394 2303 est.
411 2275 473 2304 Non
489 2276 570 2311 facies
582 2277 629 2303 tibi
639 2277 700 2304 deos
713 2278 822 2305 alteros.
841 2277 901 2305 Non
914 2282 991 2305 erunt

1046 2280 1161 2314 σεαυτῷ
1183 2280 1271 2313 θεοὺς
1294 2279 1425 2314 ἑτέρους.
1459 2281 1520 2308 Οὐκ
1547 2281 1672 2308 ἔσονταί
1696 2290 1746 2308 σοι
1772 2283 1832 2310 θεοὶ

202 2322 251 2348 tibi
263 2321 301 2349 dii
317 2326 430 2349 recentes
442 2323 462 2349 ‘.
481 2322 612 2356 Quoniam
627 2331 673 2358 ego
692 2321 763 2350 Deus
781 2325 894 2358 ριὶηιιιδ,
906 2330 931 2352 ει
943 2333 991 2351 no-

203 2367 336 2399 uissimus,
350 2373 372 2394 et
384 2373 481 2401 printer
495 2376 536 2395 me
549 2376 600 2395 non
612 2373 651 2395 est
662 2368 732 2395 Deus
744 2369 814 2396 aliut
822 2370 842 2396 '.
856 2369 890 2397 Et
897 2369 920 2397 si
931 2377 992 2404 qua:

202 2413 256 2440 alia
278 2417 343 2440 sunt
365 2413 400 2440 ad
422 2417 541 2441 mentem
561 2422 639 2441 suam
658 2415 874 2447 accommodata,
892 2415 992 2451 quibus

201 2459 236 2486 ad
253 2459 469 2486 confirmandum
485 2467 606 2487 errorem
623 2460 785 2488 abutuntur.
806 2460 940 2489 Praeterea
957 2469 990 2489 ex

202 2505 350 2540 Evangelio
365 2505 431 2533 illud
447 2511 581 2541 usurpant
595 2515 602 2534 :
617 2506 673 2542 Ego
690 2507 717 2533 in
730 2506 821 2541 Patre,
833 2512 858 2534 et
873 2507 954 2534 Pater
963 2508 992 2535 in

202 2559 243 2578 me
259 2552 327 2578 est'.
342 2546 374 2577 Et
390 2560 396 2578 :
419 2551 475 2578 Duo
489 2560 570 2578 ωηιηι
586 2560 677 2579 sumtu
689 2551 709 2579 ‘.

237 2596 315 2624 Hunc
330 2601 421 2624 autem
433 2605 553 2625 errorem
569 2605 688 2630 omnem,
705 2598 821 2633 ejusque
837 2598 992 2626 ﬁrmamen-

202 2649 260 2672 tum
274 2652 306 2672 ex
324 2644 496 2679 Apocryphis
510 2644 675 2679 quibusdam
690 2645 858 2679 hauserunt;
876 2653 992 2681 praeser-

201 2693 250 2720 tim
273 2692 308 2720 ab
331 2690 523 2727 Egyptiorum
544 2690 692 2726 Evangelia
709 2700 716 2718 :
731 2692 782 2719 hoc
796 2692 870 2718 enim
885 2691 924 2719 illi
940 2699 991 2719 no-

201 2746 263 2767 men
284 2737 451 2769 indidernnt.
472 2737 499 2764 in
514 2744 570 2772 quo
585 2737 715 2773 pleraque
729 2741 795 2765 sunt
810 2737 892 2772 hujus
909 2745 991 2773 gene-

201 2785 251 2816 ris.
267 2793 327 2819 quae
345 2792 378 2812 ex
396 2791 513 2819 persona
531 2783 684 2811 Salvatoris
700 2784 769 2812 clam
785 2788 867 2819 atque
883 2784 990 2811 occulte

200 2831 275 2857 velut
292 2830 433 2865 mysteria,
454 2833 655 2866 proponuntur,
671 2830 750 2866 quasi
767 2829 912 2865 discipulis
929 2830 988 2866 ipse

237 2908 246 2924 ί
259 2907 338 2937 Deut.
351 2917 390 2943 γι,
402 2910 434 2944 ι;
454 2909 540 2938 Exod.
558 2917 603 2938 xx.
616 2909 642 2936 3.

1043 2328 1220 2362 πρόσφατοι·
1241 2327 1287 2354 ὅτι
1309 2326 1367 2362 ἐγὼ
1390 2327 1462 2360 Θεὸς
1484 2328 1501 2354 ὁ
1524 2327 1650 2362 πρῶτος,
1669 2329 1716 2355 καὶ
1732 2329 1748 2355 ὁ
1759 2329 1833 2363 μετὰ

1044 2375 1147 2405 ταῦτα,
1163 2373 1212 2399 καί
1228 2371 1313 2406 πλὴν
1326 2372 1401 2406 ἐμοῦ
1416 2372 1472 2399 οὐκ
1487 2371 1554 2399 ἔστι
1567 2372 1640 2405 Θεὸς
1652 2372 1762 2407 ἔτερος.
1779 2374 1833 2400 Kal

1043 2420 1095 2446 ὅσα
1111 2419 1194 2454 ἔτερα
1205 2417 1276 2445 κατὰ
1289 2417 1335 2444 τὸν
1352 2417 1417 2444 ίδιον
1431 2417 1522 2444 αὐτῶν
1538 2416 1612 2450 νοῦν,
1631 2418 1671 2449 είς
1686 2417 1788 2445 τούτων
1806 2418 1832 2445 δὲ

1045 2465 1220 2501 παράστασιν
1246 2463 1369 2499 φέρουσι.
1398 2463 1482 2490 Πάλιν
1510 2463 1565 2490 ἀπὸ
1589 2463 1768 2498 Εὑαγγελίου,
1793 2464 1832 2490 ὅτι

1051 2511 1122 2547 Ἐγὼ
1137 2511 1172 2538 ἐν
1193 2509 1233 2542 τῷ
1253 2509 1355 2544 Πατρί,
1376 2508 1426 2536 καὶ
1445 2510 1461 2536 ὀ
1477 2509 1580 2544 Πατὴρ
1591 2509 1626 2536 ὲν
1639 2509 1714 2544 ἐμοί’
1729 2510 1786 2542 καὶ,
1802 2510 1832 2535 οι

1043 2558 1099 2585 δύο
1112 2556 1147 2583 ἓν
1160 2556 1264 2590 ἐσμεν.

1078 2602 1134 2638 Τὴν
1147 2602 1176 2629 δὲ
1189 2602 1278 2628 πᾶσαν
1293 2600 1384 2637 αὐτῷν
1397 2601 1513 2637 πλάνην,
1536 2601 1583 2628 καὶ
1601 2600 1651 2636 τὴν
1664 2601 1714 2637 τῆς
1731 2601 1831 2636 πλάνης

1044 2648 1134 2676 αὐτῶν
1151 2647 1265 2682 δύναμιν
1287 2646 1394 2681 ἔχουσιν
1418 2647 1448 2680 ἐξ
1470 2647 1650 2683 Ἀποκρύφων
1670 2648 1763 2679 τινῶν,
1784 2647 1831 2682 μά-

1044 2693 1122 2720 λιστα
1140 2692 1196 2719 ἀπὸ
1209 2691 1257 2718 τοῦ
1277 2692 1443 2727 καλουμένου
1458 2692 1607 2727 Αἰγυπτίου
1620 2692 1797 2727 Εὑαγγελίου,
1810 2689 1830 2726 ᾧ

1043 2747 1116 2770 τινες
1133 2738 1164 2764 τὸ
1180 2737 1266 2772 ὄνομα
1283 2737 1412 2764 ἐπέθεντο
1426 2737 1515 2764 τοῦτο.
1532 2737 1577 2764 Ἐν
1590 2736 1665 2772 αὺτῷ
1679 2736 1733 2772 γὰρ
1750 2736 1830 2763 πολλὰ

1043 2783 1157 2811 τοιαῦτα
1170 2783 1207 2814 ὡς
1217 2783 1246 2809 ἐν
1257 2782 1425 2819 παραϐύστῳ
1437 2783 1634 2819 μυσττιριιιῶὦς
1645 2784 1677 2812 ὲκ
1688 2782 1829 2819 προσώπου

1042 2829 1089 2856 τοῦ
1111 2828 1238 2864 Σωτῆρος
1255 2828 1432 2864 ἀναφέρεται,
1451 2828 1489 2861 ὡς
1509 2828 1592 2856 αὐτοῦ
1613 2827 1756 2864 δηλοῦντος
1778 2828 1829 2858 τοῖς

693 2910 702 2926 ¹
719 2908 771 2937 ita.
788 2916 860 2942 xLiv,
877 2908 903 2936 6.
943 2909 953 2925 ⁸
971 2907 1050 2936 Joan.
1066 2916 1093 2936 ι.
1112 2908 1156 2935 58.
1197 2908 1206 2924 ⁸
1224 2907 1290 2936 ibid.
1311 2907 1356 2935 50.
