1958 3050
165 161 176 188 Ι
182 157 234 189 σεε

535 162 719 192 ΔΙΝΕΒΒΠΞ
739 164 906 194 ll/EDESES
925 166 953 192 Lf

1015 166 1034 194 1.
1051 166 1131 195 ΤΟΜ.
1153 166 1174 195 Ι.
1185 183 1220 188 —
1233 167 1372 197 ηλειιεε.
1390 169 1470 197 LXII.

1719 170 1790 198 1055

165 218 301 254 μαθηταῖς
310 218 355 246 τὸν
365 218 446 246 αὑτὸν
455 217 524 247 εἶναι
532 221 652 257 Πατέρα,
660 222 706 249 τὸν
714 223 796 250 αὐτὸν
808 220 877 250 εἶναι
885 224 957 257 Υἱὸν,

1012 223 1138 256 ieclaret.
1154 226 1279 254 eumdem
1297 235 1358 254 csse
1374 226 1493 258 Patrem.
1512 232 1539 254 ct
1559 226 1667 259 Filium,
1683 231 1710 254 et
1727 227 1789 262 Spi-

163 264 209 291 τὸν
218 264 299 291 αὑτὸν
309 262 377 291 εἶναι
388 264 465 299 ἀγιον
473 265 598 301 Πνεῦμα.
610 265 677 294 Εἶτα
689 268 753 295 ὅταν
767 269 951 304 συναντήσωσὶ

163 310 278 338 τισιτῶν
285 310 508 346 ἀφελεστάτων,ῆ
517 313 664 348 ἀκεραίων,
672 313 726 340 τῶν
736 313 774 350 μὴ
780 314 813 341 τὰ
822 314 894 349 σαφῆ
900 313 953 340 τῶν

167 358 229 385 θείω
233 366 244 384 ιι
251 358 270 386 Γ
271 358 365 393 τραφῶν
370 367 387 394 γ
391 360 617 396 ινωσκόντων,τὴν
624 361 719 388 πεῦσιν
725 362 757 388 αὑ
760 363 814 394 τοῖς
819 363 834 389 ὑ
838 371 873 398 φη
876 362 954 398 γοῦν-

163 412 208 430 ut
219 404 330 440 ταύτην·
341 405 373 431 Τί
384 405 418 432 ἂν
425 406 556 442 εἴπωμεν,
569 403 592 434 ὦ
607 403 695 440 obeat;
709 407 757 434 ἕνα
766 407 832 434 Θεὸν
844 408 954 444 ἔχομεν,

150 451 181 496 δἢ
201 453 277 488 τρεῖς
299 451 393 486 θεοὺς;
413 453 497 481 Ὅταν
513 454 542 480 δὲ
557 454 662 492 ἀκούσῃ
681 456 696 482 6
718 457 748 482 ὲν
760 455 890 492 εὐλαϐείᾳ
904 456 953 490 ὢν,

165 497 212 524 καὶ
228 497 265 534 μὴ
278 498 313 525 τά
327 498 417 526 τέλεια
433 499 482 534 τῆς
495 500 644 534 ἀσφαλείας
660 502 853 538 ἐπιστάμενος,
873 503 955 535 εὐθὺς

166 543 212 569 τὸν
225 544 286 571 νοῦν
302 545 459 581 ταραχθεὶς,
475 547 701 581 συγκατατίθεται
716 550 749 585 τῇ
763 549 875 576 ἐκείνων
886 548 955 576 πλά-

167 597 210 626 νῃ,
220 591 266 616 καὶ
276 591 433 626 εὑρίσκεται
446 591 613 627 ἀρνούμενος
621 593 667 620 τὸν
680 593 757 627 Θεὸν,
771 595 818 622 καὶ
830 595 955 631 εὑρίσκε-

165 644 211 663 ται
223 636 389 672 ἀρνούμενος
399 637 430 664 τὸ
445 635 513 665 εἶναι
529 637 593 665 Υίὸν
603 639 651 666 καὶ
663 639 694 666 τὸ
707 640 784 675 ἀγιον
795 641 918 677 Πνεῦμα.

202 682 239 709 I".
255 682 300 709 Ἑν
312 684 379 709 πᾶσι
391 683 420 710 δὲ
429 683 533 716 τούτοις
546 684 706 712 ἐνέπνευσεν
717 686 731 713 6
743 686 796 714 τῶν
804 687 955 723 ἀνθρώπων

167 727 315 760 ἀντίπαλος
328 729 376 756 ἀπ’
389 729 497 761 αίῶνος,
516 729 558 756 ῐνα
576 730 621 757 τὸν
635 731 685 767 μὲν
697 731 794 765 οὕτως,
812 733 856 760 τὸν
870 733 899 761 δὲ
909 733 955 761 οῦ-

170 783 235 806 τως,
256 776 320 808 τοὺς
340 775 447 808 πλείους
469 776 498 803 δὲ
519 777 586 812 ὁμοῦ
608 778 738 815 ἀπατήσῃ
759 779 807 806 καὶ
831 780 955 817 πλανήσῃ

170 820 331 857 ἀνθρώπους
344 822 398 849 ἀπὸ
413 822 462 858 τῆς
480 822 540 849 ὁδοῦ
558 824 609 859 τῆς
621 824 760 860 ἀληθείας.
774 826 831 853 Καὶ
844 826 886 853 ὅτι
905 827 955 862 μὲν

171 866 279 902 ἀληθῶς
295 864 336 898 εἷς
355 868 413 894 ἐστι
429 867 506 901 Θεὸς,
525 869 572 895 καὶ
588 869 638 896 οὐκ
653 870 726 896 ἐστιν
741 871 843 906 ἕτερος,
863 871 955 906 σαφῶς

172 913 202 940 ἐν
223 914 256 948 τῇ
280 913 345 949 ἁγίᾳ
369 912 415 940 τοῦ
441 913 510 941 Θεοῦ
526 914 673 951 Ἐκκλησία
700 915 884 952 ὡμολόγηται,
911 917 957 944 καὶ

170 958 395 996 συμπεφώνηται.
414 959 475 987 Ὀτι
485 961 515 987 οὐ
528 960 672 988 πολυθεῖαν
682 961 875 997 εἰσηγούμεθα·
889 962 958 990 ἀλλά

169 1004 319 1040 μοναρχίαν
331 1005 514 1041 κηρύττομεν.
534 1006 693 1042 Μοναρχίαν
714 1007 742 1034 δὲ
765 1007 956 1044 κηρύττοντος,

168 1050 200 1077 οὐ
222 1051 406 1086 σφαλλόμεθα,
425 1052 493 1079 ἀλλά
514 1052 700 1089 ὁμολογοῦμεν
716 1054 766 1090 τὴν
781 1054 894 1091 Τριάδα,
910 1063 959 1090 μιν

169 1097 237 1124 νάδα
249 1097 278 1124 ὲν
293 1097 399 1134 Τριάδι,
416 1099 463 1125 καὶ
480 1099 581 1134 Τριάδα
596 1100 625 1126 ὲν
642 1100 746 1135 μονάδι,
762 1100 828 1136 μίαν
844 1101 958 1137 θεότητα

170 1141 288 1178 Πατρὸς,
305 1143 353 1170 καὶ
369 1143 447 1176 Υἱοῦ,
468 1145 515 1171 καὶ
536 1145 614 1178 ἁγίου
636 1146 805 1182 Πνεύματος.
821 1147 859 1174 Οὐ
878 1147 933 1183 γὰρ
944 1149 959 1175 6

171 1189 235 1221 Υίδς
250 1189 345 1216 ἑαυτὸν
359 1190 513 1226 ἐγέννησεν·
534 1191 594 1218 οὐδὲ
612 1193 627 1218 6
647 1192 743 1229 Πατὴρ
759 1194 958 1230 μεταϐέϐληται

169 1235 225 1262 ἀπὸ
236 1234 284 1262 τοῦ
298 1235 402 1272 Πατὴρ,
416 1235 462 1263 τοῦ
474 1235 544 1264 εἶναι
555 1237 628 1269 Υἱός·
643 1237 703 1264 οὐδὲ
715 1238 746 1265 τὸ
759 1239 835 1273 ἅγιον
848 1239 960 1275 Πνεῦμα

169 1281 286 1316 Χριστὸν
312 1282 408 1308 ἑαυτὸν
433 1281 545 1310 πώποτε
569 1283 720 1319 ὠνόμασεν·
751 1284 818 1312 ἀλλά
848 1286 960 1322 Πνεῦμα

169 1326 303 1362 Χριστοῦ,
329 1329 377 1355 καὶ
397 1327 442 1355 διὰ
465 1329 583 1364 Χριστοῦ
604 1330 752 1366 διδόμενον,
777 1331 830 1358 ἀπὸ
853 1332 959 1368 Πατρὸς

170 1374 396 1410 ὶκπορευόμενον,
407 1375 456 1410 imi.
466 1375 513 1403 τοῦ
527 1376 592 1403 Υίοῦ
604 1376 751 1412 λαμϐάνον.
763 1378 959 1411 Ἐνυπόστατος

169 1420 184 1445 ὸ
207 1419 312 1455 Πατὴρ,
327 1421 508 1453 ὲνυπόστατος
522 1423 536 1448 6
550 1422 625 1455 Υἱὸς,
640 1423 823 1450 ὲνυπόστατον
836 1423 867 1451 τὸ
881 1424 959 1458 ἅγιον

171 1465 293 1501 Πνεῦμα.
308 1466 389 1494 Ἀλλά
407 1467 437 1494 οὺ
451 1467 595 1505 συναλοιφή
619 1469 635 1504 ἠ
653 1469 748 1505 Τριάς,
763 1469 801 1501 ὡς
815 1469 959 1501 Σαϐέλλιος

170 1510 306 1546 ἐνόμισεν,
323 1510 385 1538 οὔτε
405 1511 575 1548 ἢλλοιωμένη
592 1513 642 1549 τῆς
662 1513 730 1545 ἰδίας
746 1513 896 1550 ἀϊδιότητος
912 1514 960 1541 καὶ⁸

170 1556 258 1592 δόξης,
280 1557 318 1602 dit;
341 1559 356 1584 6
381 1558 489 1594 Ἀρειος
511 1559 671 1594 κεωφωνῶν
692 1560 879 1596 ἐδογμάτισεν
898 1561 956 1588 ἀλλ’
970 1572 992 1602 c

171 1602 215 1628 ἀεὶ
232 1602 282 1638 μὲν
292 1600 325 1638 ἢν
338 1603 423 1639 Τριάς
435 1603 530 1639 Τριάς,
543 1604 591 1630 καὶ
606 1603 732 1631 οὐδέποτε
745 1605 762 1640 ὴ
774 1604 858 1640 Τριάς
873 1613 957 1640 προσ-

171 1647 258 1683 θήκην
268 1648 410 1684 λαμϐάνει,
424 1649 472 1684 μία
485 1647 552 1676 οὖσα
564 1649 669 1683 θεότης,
688 1649 738 1686 μία
754 1650 893 1686 κυριότης,
910 1651 958 1686 μία

170 1693 308 1728 δοξολογία
330 1692 407 1726 οὖσα,
431 1695 499 1722 ἀλλά
523 1694 608 1730 Τριάς
628 1695 828 1731 ἀριθμουμένη,
852 1696 959 1732 Πατὴρ,

172 1741 220 1767 καὶ
235 1740 310 1773 Υἱὸς,
321 1741 367 1767 καὶ
378 1740 454 1775 ἆγιον
465 1740 587 1777 Πνεῦμα.
601 1741 658 1777 οὐχ
670 1741 708 1773 ὡς
719 1742 748 1768 ἓν
761 1750 787 1769 τι
801 1743 889 1777 τρισὶν
903 1743 961 1769 ὀνό-

173 1795 240 1823 μασι
262 1787 441 1822 κεκλημένον,
464 1786 532 1814 ἀλλά
550 1787 658 1823 ἀληθῶς
672 1787 763 1814 τέλεια
779 1788 813 1815 τά
828 1788 961 1824 ὀνόματα,

171 1833 273 1860 τέλειαι
287 1833 316 1860 αἱ
332 1832 507 1865 ὑποστάσεις,
520 1833 596 1860 οὐδὲν
610 1833 847 1869 παρηλλαγμένον.
866 1834 960 1870 Πατὴρ

171 1878 201 1906 at
216 1880 260 1906 ἀεὶ
271 1879 376 1915 Πατὴρ,
390 1879 436 1905 καὶ
448 1879 498 1905 οὐκ
509 1876 543 1914 ἦν
557 1879 653 1915 καιρὸς
666 1879 710 1906 ὅτε
727 1879 777 1906 οὐκ
791 1877 824 1916 ἦν
836 1881 850 1907 6
865 1881 961 1917 Πατὴρ

172 1925 278 1961 Πατὴρ,
290 1925 392 1957 τέλειος
403 1925 440 1952 ὣν
455 1925 498 1952 ἀεὶ
513 1926 608 1962 Πατὴρ
622 1926 816 1959 ὲνυπόστατος,
835 1928 882 1955 καὶ
898 1928 962 1961 Υἱὸς

173 1971 217 1999 ἀεὶ
233 1971 335 2002 τέλειος
351 1971 400 2003 ὢν,
417 1972 462 1998 ἀεὶ
478 1971 671 2003 ὲνυπόστατος,
684 1972 716 1999 ὲκ
730 1973 838 2009 [ἰατρὸς
851 1974 880 2000 ἐν
894 1974 962 2010 ἀλη-

174 2016 234 2052 θείᾳ.
245 2017 442 2052 γεγεννημένος
462 2017 599 2053 ἀνάρχως,
619 2018 666 2044 καὶ
676 2018 808 2054 ἀχρόνως,
823 2020 869 2046 καὶ
883 2020 963 2048 ἀνεκ-

173 2063 319 2099 διηγήτως,
340 2064 370 2090 οὐ
389 2063 550 2098 συνάδελφος
562 2057 604 2099 ’τῷ
624 2065 723 2100 Πατρὶ,
741 2065 791 2092 οὐκ
810 2065 964 2102 ἀρξάμενος

173 2109 220 2136 τοῦ
233 2107 314 2142 εἶναι,
329 2110 390 2136 οὐδὲ
410 2109 542 2137 διαλιπών
559 2119 636 2143 ποτε,
656 2111 700 2137 ἀεὶ
719 2111 748 2138 δὲ
771 2111 834 2144 Υἱὸς
851 2113 961 2148 γνήσιος

174 2156 262 2192 Πατρὶ
282 2157 472 2192 συνυπάρχων,
493 2157 525 2183 ὲκ
543 2157 649 2192 Πατρὸς
663 2157 784 2194 ἀχρόνως
797 2159 962 2195 γεγεννημέ-

174 2211 230 2235 νος,
245 2204 310 2234 ίσως
323 2202 370 2235 ὣν,
383 2202 449 2234 Θεὸς
459 2203 491 2229 ἐκ
503 2202 583 2235 Θεοῦ,
595 2203 653 2238 φῶς
666 2204 698 2230 ὲκ
711 2204 809 2239 φωτὸς,
822 2204 888 2237 Θεὸς
897 2205 964 2242 ἀλη-

1006 269 1090 297 ritum
1107 275 1246 298 sanctum.
1265 271 1368 298 Deinde
1381 272 1487 306 quoties
1503 272 1530 298 in
1546 271 1662 305 aliquem
1679 278 1712 297 ex
1726 278 1790 297 sini-

1007 315 1168 350 plicioribus
1194 323 1226 343 ac
1248 317 1407 344 rudioribus
1427 316 1584 348 inciderint,
1599 316 1645 351 qui
1664 319 1788 342 exactam

1005 361 1159 388 divinarum
1178 361 1343 390 Litterarum
1360 361 1502 390 scientiam
1517 370 1571 389 non
1588 361 1698 394 habent,
1716 360 1789 387 hunc

1005 408 1033 435 in
1046 409 1156 436 modum
1169 409 1356 445 interrogant:
1371 409 1442 443 Quid
1456 409 1576 443 tandem,
1591 408 1654 436 boni
1669 408 1733 440 viri,
1747 407 1790 435 di-

1006 454 1118 481 cemus?
1142 452 1232 481 Unum
1259 454 1393 482 habemus
1419 454 1503 482 Deum
1527 462 1563 482 an
1589 453 1663 482 tres?
1684 453 1790 486 Quibus

1005 499 1109 528 auditis
1133 501 1279 537 religiosus
1302 502 1358 534 ille,
1374 509 1424 529 nec
1446 501 1566 537 perfecta
1586 500 1620 528 ad
1640 499 1790 527 cavendum

1007 545 1128 573 scientia
1140 547 1304 582 perpolitus,
1315 547 1490 583 perturbatus
1501 546 1575 574 illico
1586 553 1681 574 eorum
1697 552 1791 572 assen-

1006 592 1074 620 titur
1093 595 1193 627 errori,
1209 602 1242 622 ac
1256 594 1342 622 Deum
1358 594 1517 630 imprudens
1532 597 1623 629 negat,
1639 595 1730 628 negat,
1748 591 1792 619 in-

1005 646 1100 674 quam.
1119 639 1217 667 Filium
1234 647 1266 668 ac
1278 639 1408 676 Spiritum
1425 644 1560 669 sanctum.

1042 687 1090 715 lll.
1108 687 1240 715 Caeterum
1264 687 1315 714 hos
1329 695 1425 715 omnes
1445 691 1591 722 perpetuus
1615 685 1659 712 ille
1681 683 1791 712 humani

1007 734 1116 769 generis
1138 734 1227 762 hostis
1250 733 1362 766 afllavit,
1388 739 1417 760 ut
1440 732 1523 760 alium
1542 731 1604 764 hoc,
1629 731 1711 758 alium
1738 728 1793 756 isto

1008 781 1099 812 modo,
1115 784 1254 814 utcunque
1270 786 1336 806 vero
1353 776 1570 813 quamplurimos
1583 773 1792 803 circumveniat.

1007 831 1090 861 atque
1113 834 1128 852 ιι
1146 825 1189 853 via
1207 825 1329 853 veritatis
1353 823 1480 851 abducat.
1506 821 1613 849 Etenim
1632 827 1716 848 unum
1732 827 1794 847 eSse

1009 880 1103 900 revera
1130 871 1226 904 Deum,
1247 878 1338 906 neque
1357 873 1455 905 ιιι-αξιοι·
1471 868 1544 896 hunc
1561 868 1687 899 alterum,
1704 865 1777 893 mani
1788 879 1795 886 ο

1009 917 1078 945 feste
1090 916 1246 944 communis
1257 915 1385 943 Ecclesiae
1401 913 1547 942 consensio
1564 911 1714 948 profitetur.
1735 910 1793 938 Non

1008 962 1079 991 enim
1094 961 1208 990 deorum
1223 961 1425 989 multitudinem
1445 960 1609 991 invehimus,
1627 957 1674 986 sed
1686 964 1795 985 monar-

1008 1007 1100 1035 chiam
1115 1008 1306 1043 praedicamus.
1321 1007 1351 1034 In
1363 1014 1394 1034 ea
1408 1012 1498 1033 autem
1510 1003 1681 1040 praedicanda
1693 1009 1796 1038 nequa-

1008 1060 1090 1088 quam
1108 1053 1284 1086 aberramus;
1301 1052 1350 1081 sed
1365 1061 1418 1080 una
1436 1051 1596 1079 Trinitatem
1616 1049 1795 1081 conﬁtemur;

1010 1101 1153 1133 unitatem,
1180 1100 1303 1134 inquam,
1333 1099 1360 1126 in
1386 1097 1531 1130 Trinitate,
1545 1101 1573 1125 et
1587 1095 1749 1124 Trinitatem
1767 1094 1796 1122 in

1011 1146 1127 1178 unitate,
1143 1153 1279 1180 unamque
1289 1143 1390 1176 Patris,
1406 1151 1433 1171 et
1448 1142 1520 1175 Filii,
1534 1151 1565 1170 ac
1577 1141 1694 1178 Spiritus
1707 1142 1796 1169 sancti

1009 1191 1190 1219 divinitatem.
1218 1189 1286 1217 Nam
1311 1197 1400 1225 neque
1424 1189 1544 1224 seipsum
1572 1187 1658 1216 Filius
1682 1187 1795 1223 genuit:

1010 1245 1098 1271 neque
1115 1235 1207 1266 Pater.
1222 1240 1252 1263 ut
1271 1241 1345 1264 esset
1357 1234 1454 1267 Filius,
1469 1242 1531 1262 esse
1542 1233 1622 1262 Pater
1638 1233 1734 1266 desiit;
1748 1241 1798 1261 ne-

1010 1290 1063 1318 que
1090 1282 1210 1317 Spiritus
1235 1285 1350 1309 sanctus
1373 1281 1494 1316 seipsum
1519 1287 1638 1315 unquam
1656 1278 1796 1306 Christum

1011 1328 1167 1363 appellavit,
1185 1327 1234 1355 sed
1256 1326 1388 1362 Spiritum
1404 1326 1518 1359 Christi,
1541 1333 1573 1352 ac
1591 1333 1638 1360 per
1656 1323 1798 1352 Christum

1011 1374 1268 1407 communicatum,
1298 1372 1489 1408 procedentem
1521 1380 1537 1399 a
1565 1371 1661 1403 Patre,
1690 1375 1717 1399 et
1746 1378 1794 1397 ae-

1012 1422 1157 1457 cipientem
1188 1428 1203 1448 a
1237 1420 1317 1449 Filio.
1347 1418 1508 1447 Subsistens
1536 1424 1579 1447 est
1611 1419 1704 1451 Pater,
1730 1418 1798 1446 sub-

1011 1469 1113 1496 sistens
1133 1466 1230 1499 Filius,
1267 1466 1420 1494 subsistens
1446 1465 1565 1501 Spiritus
1588 1469 1710 1493 sanctus.
1743 1463 1798 1491 Sed

1012 1522 1065 1541 non
1088 1513 1217 1541 confusio
1243 1512 1365 1548 quaedam
1390 1516 1432 1539 est
1449 1510 1580 1541 Trinitas.
1599 1509 1639 1538 uti
1662 1508 1799 1537 Sabellius

1010 1560 1146 1593 credidit,
1180 1559 1260 1595 515
1289 1566 1341 1586 nec
1369 1558 1405 1586 ab
1437 1557 1588 1585 aeternitate
1619 1564 1668 1585 sua
1698 1555 1799 1592 gloria-

1010 1614 1064 1642 que
1092 1606 1259 1639 dcmutatur,
1286 1609 1316 1632 ut
1344 1604 1426 1632 Arius
1450 1603 1597 1631 vanissime
1622 1603 1727 1630 docuit.
1745 1601 1798 1630 Sed

1012 1653 1134 1681 Trinitas
1151 1656 1282 1687 perpetuo
1305 1650 1426 1678 Trinitas
1451 1649 1512 1682 fuit,
1532 1657 1582 1677 nec
1605 1648 1630 1676 ei
1649 1648 1798 1684 quidquam

1012 1699 1146 1731 accessit;
1159 1705 1221 1725 cum
1235 1705 1289 1724 una
1301 1697 1337 1724 sit
1349 1696 1490 1726 divinitas,
1503 1702 1556 1722 una
1571 1693 1731 1726 dominatio,
1744 1699 1799 1720 una

1012 1744 1186 1781 praedicanda
1204 1742 1424 1777 celebrandaque
1435 1741 1530 1777 gloria.
1544 1740 1644 1769 Eadem
1659 1739 1800 1767 nihilomi-

1015 1799 1068 1819 nus
1088 1790 1210 1818 Trinitas
1225 1792 1396 1821 numeratur,
1412 1787 1501 1820 Pater,
1527 1785 1611 1813 Filius
1626 1790 1654 1813 et
1679 1784 1800 1820 Spiritus

1014 1841 1127 1866 sanctus
1143 1847 1149 1865 :
1165 1844 1220 1864 non
1235 1839 1265 1863 ut
1282 1835 1352 1864 idem
1373 1838 1456 1870 atque
1467 1841 1549 1860 unum
1568 1831 1669 1867 triplici
1681 1829 1801 1866 appella-

1015 1883 1091 1910 tione
1103 1882 1276 1914 declaretur;
1294 1880 1342 1908 sed
1356 1879 1476 1916 perfecta
1490 1884 1585 1905 revera
1598 1875 1709 1903 nomina
1723 1879 1799 1904 sunt,

1013 1927 1195 1965 perfectxeque
1209 1933 1342 1962 personae,
1363 1932 1452 1959 neque
1470 1922 1599 1959 quiddam
1612 1922 1716 1948 varium
1730 1920 1803 1947 inest

1015 1983 1048 2002 ac
1062 1974 1212 2002 diversum.
1224 1972 1305 2000 Pater
1318 1972 1377 2007 ipse
1387 1973 1518 2006 perpetuo
1529 1967 1610 1996 Pater
1622 1966 1737 1996 exstitit,
1749 1972 1801 1993 nec

1015 2021 1101 2048 ullum
1121 2027 1241 2055 unquam
1260 2023 1369 2053 tempus
1390 2017 1451 2047 fuit,
1473 2023 1527 2051 quo
1544 2014 1623 2042 Pater
1645 2021 1698 2040 non
1716 2014 1800 2039 esset.

1016 2066 1130 2101 Semper
1144 2065 1217 2093 enim
1236 2063 1373 2099 perfectus
1393 2062 1438 2089 ille
1453 2060 1534 2088 Pater
1547 2063 1599 2091 est,
1615 2063 1696 2094 atque
1711 2056 1802 2085 subsi-

1015 2117 1102 2146 stens,
1114 2117 1143 2139 ut
1153 2115 1180 2139 et
1191 2111 1329 2145 perfectus
1341 2115 1450 2143 semper
1458 2106 1556 2138 Filius,
1565 2112 1726 2143 semperque
1739 2104 1801 2131 sub-

1016 2158 1129 2189 sistens,
1143 2163 1206 2184 vere
1220 2164 1235 2183 a
1254 2155 1336 2183 Patre
1353 2154 1472 2190 genitus,
1492 2152 1595 2187 absque
1614 2151 1693 2177 initio
1711 2155 1802 2177 tamen

1017 2212 1050 2232 ac
1062 2208 1194 2238 tempore,
1211 2208 1299 2236 eoque
1312 2199 1402 2231 modo,
1416 2206 1498 2234 quem
1513 2197 1588 2225 nulla
1603 2196 1739 2232 explicare
1754 2203 1803 2230 po-

175 2249 247 2281 θινὸς
259 2250 291 2275 ἐκ
301 2249 368 2276 Θεοῦ
380 2248 519 2284 ἀληθινοῦ,
536 2249 684 2284 γεννηθεὶς,
698 2249 729 2275 οὺ
741 2249 870 2282 κτισθείς.
883 2240 957 2278 Ἀλλᾶ

1018 2256 1071 2279 test
1087 2250 1187 2278 oratio.
1199 2248 1258 2275 Non
1271 2248 1294 2275 is
1309 2246 1398 2274 Patris
1413 2245 1486 2273 velut
1497 2251 1643 2280 germanus
1655 2242 1740 2269 frater
1750 2245 1804 2272 est,

174 2296 224 2323 οὐκ
239 2296 320 2327 αὐτὸς
343 2295 449 2331 Πατὴρ,
470 2294 531 2321 οὐδὲ
551 2295 566 2321 ό
587 2295 682 2331 Πατὴρ
697 2295 778 2328 αὐτὸς
794 2296 866 2329 Υἱός,
887 2297 918 2324 Εἰ
934 2297 963 2324 δὲ

173 2341 240 2373 Θεὸς
252 2341 358 2377 Πατὴρ,
373 2341 420 2368 καὶ
431 2341 496 2372 Υἱὸς
509 2341 557 2368 καὶ
572 2341 650 2375 ἅγιον
661 2341 786 2377 Πνεῦμα.

1017 2306 1068 2325 nec
1080 2303 1143 2324 esse
1159 2295 1243 2331 cepit
1259 2301 1391 2329 unquam,
1408 2296 1455 2319 aut
1471 2289 1618 2326 aliquando
1638 2288 1734 2321 desiit;
1755 2286 1805 2315 sed

1017 2344 1155 2380 legitimus
1171 2345 1304 2377 perpetuo
1321 2339 1407 2367 Filius
1422 2342 1476 2370 est,
1489 2337 1624 2366 exsislens
1637 2343 1699 2362 cum
1713 2334 1804 2366 Patre,

174 2388 209 2415 ab
226 2395 314 2423 ecque
327 2387 386 2415 sine
407 2391 528 2423 tempore
548 2387 668 2423 genitus.
694 2387 819 2423 aequalis.
835 2387 907 2417 Deus
925 2399 959 2419 ex
976 2391 1044 2425 Deo,
1071 2391 1163 2418 lumen
1180 2389 1215 2416 de
1241 2387 1354 2418 lumine,
1391 2385 1462 2413 Deus
1482 2391 1562 2412 verus
1581 2383 1616 2410 de
1638 2381 1693 2409 Deo
1726 2387 1803 2413 vero,

174 2438 295 2472 seruitus,
314 2444 369 2464 non
387 2441 507 2464 creatus.
527 2435 620 2470 Neque
640 2440 730 2464 tamen
752 2440 799 2464 aut
817 2437 875 2472 ipse
895 2438 977 2468 Pater
990 2446 1044 2474 est,
1060 2444 1108 2468 aut
1124 2438 1205 2466 Pater
1219 2437 1278 2473 ipse
1293 2435 1389 2463 Filius.
1404 2434 1443 2461 Ac
1474 2432 1498 2460 si
1518 2431 1590 2459 Deus
1612 2430 1691 2458 Pater
1708 2433 1762 2463 est,
1777 2433 1804 2456 et

174 2484 261 2513 Filius
275 2485 368 2520 utique
379 2485 443 2515 erit,
458 2489 486 2511 et
503 2483 625 2519 Spiritus
638 2489 762 2513 sanctus.

209 2532 246 2558 A’.
261 2531 317 2558 Ἀεὶ
327 2530 381 2566 γάρ
392 2530 423 2556 τὸ
434 2529 547 2565 Πνεῦμα
559 2529 607 2556 σὺν
619 2531 707 2566 Πατρὶ
720 2531 766 2558 καὶ
781 2532 849 2568 Υίῷ,
862 2532 894 2559 οὐ
905 2541 965 2560 συν·

175 2578 287 2612 ἀδελφον
300 2577 398 2613 Πατρὶ,
412 2577 442 2603 οὺ
455 2577 594 2613 γεννητὸν,
608 2577 638 2603 οὐ
654 2578 773 2610 κτιστὸν,
787 2579 837 2605 οὐκ
851 2579 964 2614 ἀδελφὸν

175 2623 252 2654 Υἰοῦ,
263 2624 314 2650 οὐκ
328 2622 439 2657 ἔγγονον
454 2623 572 2658 Πατρὸς,
582 2623 614 2649 ἐκ
625 2623 731 2659 [ἰατρὸς
741 2624 770 2650 δὲ
781 2625 964 2661 ἐκπορευόμε-

174 2679 229 2701 νον,
253 2670 300 2696 καὶ
315 2669 362 2696 τοῦ
378 2669 443 2696 Υἱοῦ
463 2669 612 2704 λαμϐάνον,
632 2670 682 2696 οὐκ
701 2670 840 2706 ἀλλότριον
858 2670 963 2706 Πατρὸς

175 2715 222 2742 καὶ
235 2715 312 2748 Υἱοῦ,
328 2714 396 2742 ἀλλά
414 2716 447 2742 ὲκ
468 2715 518 2750 τῆς
537 2714 622 2750 αὐτῆς
636 2715 741 2748 οὐσίας,
761 2716 792 2743 ὲκ
810 2716 860 2751 τῆς
879 2716 965 2751 αὐτῆς

177 2760 313 2795 θεότητος,
336 2761 369 2787 ὲκ
386 2759 493 2796 Πατρὸς
515 2761 561 2787 καὶ
578 2760 644 2787 Υἱοῦ
660 2760 727 2797 (Si),
748 2753 796 2788 συν
811 2761 900 2798 Ilath
917 2762 964 2789 καὶ

1054 2530 1099 2558 IV.
1121 2529 1234 2565 Semper
1257 2527 1330 2555 enim
1354 2533 1416 2554 cum
1437 2524 1519 2552 Patre
1538 2523 1662 2558 Filioque
1685 2521 1806 2557 Spiritus

1017 2583 1070 2611 est,
1089 2585 1143 2604 non
1160 2574 1253 2602 Patris
1269 2573 1353 2602 veluti
1367 2572 1462 2603 frater,
1477 2578 1531 2598 non
1547 2570 1655 2605 genitus
1669 2573 1716 2596 aut
1727 2575 1805 2595 crea-

1018 2628 1075 2656 tus,
1089 2631 1144 2651 non
1162 2621 1224 2649 Filii
1242 2620 1337 2652 frater,
1351 2626 1406 2646 non
1421 2617 1511 2645 Patris
1523 2625 1619 2652 nepos,
1636 2615 1682 2643 sed
1698 2623 1713 2642 a
1725 2614 1806 2642 Patre

1018 2668 1181 2706 procedens,
1205 2670 1233 2695 et
1249 2666 1390 2701 accipiens
1404 2673 1419 2691 a
1441 2663 1520 2697 Filio,
1546 2671 1561 2690 a
1582 2662 1662 2689 Patre
1682 2660 1806 2706 Filioque

1018 2705 1073 2742 non
1090 2715 1207 2746 alienus,
1222 2720 1317 2741 verum
1339 2711 1435 2739 eadem
1459 2718 1492 2738 ex
1512 2708 1675 2739 substantia,
1696 2705 1804 2734 eadem-

1017 2769 1071 2797 que
1085 2761 1238 2793 divinitate,
1261 2766 1295 2787 cx
1315 2758 1395 2786 Patre
1408 2760 1436 2785 et
1451 2755 1520 2783 Filio
1533 2763 1539 2782 :
1553 2759 1580 2782 et
1598 2761 1660 2781 cum
1677 2751 1756 2778 Patre
1772 2758 1806 2779 ac

212 2853 269 2887 (2|)
303 2853 354 2890 'Eit
380 2851 494 2886 Πατρός
519 2851 567 2878 καὶ
584 2851 662 2878 Υίοῦ.
676 2851 799 2890 _Ali_quot
817 2851 883 2879 locis
905 2851 953 2887 Epi

1013 2851 1076 2880 nius
1094 2851 1225 2890 Spiritum
1259 2853 1385 2878 sanctum
1413 2856 1428 2875 a
1455 2846 1534 2874 Patre
1563 2850 1588 2873 et
1612 2843 1680 2872 Filio
1709 2848 1806 2878 proce-

176 2888 242 2921 dere
258 2888 401 2927 perspicue
417 2891 544 2921 testatur,
562 2887 713 2922 praesertim
729 2887 756 2915 in
768 2887 910 2917 Ancoratq.
