1958 3050
153 148 222 176 ιοδδ

860 154 888 182 S.
910 153 1079 183 EPIPHANII

1711 148 1783 185 1056

153 207 221 234 Filio
245 208 398 236 subsistens
421 217 530 245 semper
545 211 664 246 Spiritus
683 216 806 246 sanctus,
832 213 942 241 divinus

996 214 1060 250 Υἰῷ,
1077 216 1257 242 ὲνυπόστατον
1272 216 1316 242 ἀεὶ
1330 217 1442 252 Πνεῦμα
1460 216 1548 251 ἅγιον,
1565 216 1678 252 Πνεῦμα
1696 217 1781 251 θεῖον,

153 255 281 289 Spiritus,
301 256 394 290 gloria:
414 256 548 291 Spiritus.
573 258 676 285 Christi
698 258 829 294 Spiritus,
851 259 940 288 Patris

153 300 282 334 Spiritus.
300 301 365 328 Nam
379 301 494 336 Spiritus
508 303 598 330 Patris
610 305 653 339 qui
668 305 696 331 in
708 305 781 332 vobis
794 305 939 340 loquitur‘.

153 345 195 377 Et.
217 346 333 381 Spiritus
358 357 428 375 meus
451 349 478 375 in
498 349 582 376 medio
604 351 682 377 vestri
703 351 855 377 consistit'.
868 351 940 378 ldem

153 397 236 424 porro
257 392 439 425 appellatione
462 394 569 424 tertius.
595 394 736 422 divinitate
758 396 872 430 aequalis
887 400 940 428 est,

153 435 221 462 nihil
239 443 253 462 a
269 435 349 464 Patre
365 437 486 474 Filioque
503 439 675 476 dim-repans.
687 441 831 470 Trinitatis
843 451 940 476 nexus,

153 482 336 511 confessionis
361 485 492 520 sigillum.
518 486 564 514 Sic
587 488 659 514 cnim
683 488 770 517 Filius
795 490 940 525 loquitur:

154 525 210 561 Ego
225 533 249 554 et
266 528 346 555 Pater
360 538 440 556 unum
458 539 549 558 sumus
562 532 582 559 -‘.
600 531 660 560 Non
678 533 757 566 dixit,
778 535 856 563 Unus
869 543 940 568 sum,

154 573 202 601 sed
217 573 275 602 haec
290 576 381 609 verba,
400 576 455 611 Ego
471 583 495 604 et
510 577 600 610 Pater,
618 587 696 606 suam
713 580 786 607 Patri
797 589 941 616 personam

154 621 313 654 convenire,
327 630 460 658 suamque
482 623 552 652 Filio
572 625 738 660 signiﬁcant.
761 626 835 655 Duos
851 628 943 663 itaque

154 666 316 699 nominavit.
342 676 396 696 non
417 677 501 696 unum
520 670 598 699 dixit.
625 671 711 700 ltem:
736 672 822 700 Unum
838 682 941 706 sumus,

154 720 220 745 non,
237 712 312 742 Unus
321 722 391 742 sum.
406 715 536 744 Similiter
547 721 574 744 et
588 718 654 745 illud
670 720 826 754 usurpavit:
843 719 942 748 Eumer

154 760 288 794 baptizata
300 762 327 788 in
342 763 447 790 nomine
465 763 566 796 Patris,
581 770 604 792 et
621 764 698 798 Filii,
714 771 740 793 et
750 766 868 801 Spiritus
880 776 943 794 mn-

154 809 220 836 cti‘.
238 809 288 837 Ubi
304 815 361 838 tum
375 813 507 840 articulus
522 814 577 847 ille,
589 814 648 847 τοῦ,
665 819 706 844 ter
716 817 850 851 repetitus
862 821 888 845 et
902 818 941 844 in-

155 855 287 889 terjectus
301 861 353 888 est.
370 858 518 892 Sabellius,
533 860 580 895 qui
599 865 655 889 tres
667 863 694 888 in
711 871 796 889 unum
810 871 941 898 personas

154 901 309 934 confundit,
335 903 452 932 Matthiei
479 893 638 934 testimonio
659 893 842 943 redarguitiir,
862 909 944 946 516
959 893 979 921 Β

155 955 217 974 cum
247 949 270 977 is
301 958 364 977 vere
384 949 504 984 Patrem,
532 960 650 988 vereque
675 952 785 988 Filium,
819 962 851 982 ac
883 964 945 984 vele

156 993 289 1029 Spiritum
322 1002 447 1024 sanctum
477 998 616 1033 exprimit.
649 998 718 1026 Cum
747 1004 839 1027 autem
872 1001 944 1029 idem

155 1039 183 1066 in
201 1038 335 1068 Trinitate
361 1049 540 1078 personarum
561 1044 629 1071 ordo
657 1045 846 1077 constituitur.
876 1055 943 1073 uno-

153 1093 208 1121 que
230 1087 373 1120 Trinitatis
407 1089 517 1117 nomine
545 1095 682 1124 censetur,
712 1091 807 1118 Arium
835 1092 943 1125 refellit,

154 1133 201 1168 qui
219 1133 376 1161 inferiorem
401 1134 547 1170 quemdam
571 1136 597 1163 in
617 1135 752 1164 Trinitate
771 1138 895 1172 gradum,
913 1146 945 1166 ac

154 1180 315 1214 varietatem
348 1182 582 1217 mutationemque
616 1187 789 1211 commentus
816 1189 869 1212 est.
898 1184 940 1211 Et-

154 1226 227 1253 enim
254 1226 318 1254 licet
343 1227 433 1262 major
456 1235 471 1254 a
499 1227 568 1255 Filio
594 1230 788 1263 pronuntiatus
811 1230 892 1258 Pater
911 1232 946 1259 ab

154 1273 322 1307 evangelista
344 1275 503 1307 narretur',
529 1274 616 1301 eidem
637 1279 728 1302 tamen
743 1274 812 1303 Filio
829 1284 946 1305 consen-

152 1323 234 1346 tanee
248 1319 275 1346 in
292 1320 389 1354 primis
404 1320 518 1355 gloriam
535 1321 671 1348 attribuit.
683 1321 704 1347 Α
718 1329 773 1356 quo
788 1323 861 1350 enim
877 1323 946 1350 cele-

155 1364 228 1392 brari
248 1364 355 1393 Patrem
372 1365 486 1394 decebat
500 1368 602 1401 potius,
623 1374 705 1402 quam
721 1368 756 1395 ab
770 1376 803 1395 eo
815 1369 863 1403 qui
879 1368 946 1404 legi-

155 1411 240 1439 timus
253 1416 326 1439 esset
341 1411 447 1440 Filius?
461 1413 514 1440 Sed
531 1421 642 1441 rursum
657 1419 686 1440 ut
702 1414 886 1448 aequalitatem
902 1415 946 1442 in—

151 1457 239 1490 dicet,
258 1465 293 1485 ne
309 1458 420 1486 errandi
444 1459 609 1494 quibusdam
633 1460 801 1495 praeberetur
824 1461 943 1493 occasio,

155 1503 203 1537 qui
218 1502 376 1531 inferiorem
393 1503 511 1538 aliquem
529 1504 644 1539 gradum
661 1504 731 1532 Filio
744 1505 943 1545 concederent;

991 261 1105 297 Πνεῦμα
1127 262 1215 298 δόξης,
1236 262 1348 298 Πνεῦμα
1373 263 1503 299 Χριστοῦ,
1530 262 1641 299 Πνεῦμα
1662 264 1779 297 Πατρός.

995 309 1029 335 Τὸ
1051 309 1105 345 γὰρ
1123 310 1243 343 Πνεῦμα
1257 310 1310 337 τοῦ
1325 310 1440 345 Πατρὸς
1453 310 1486 337 τὸ
1501 310 1618 337 λαλοῦν
1639 311 1674 337 ἐν
1697 310 1779 344 ὑμῖν·

992 355 1048 387 καὶ,
1072 355 1108 382 Τὸ
1131 356 1252 391 Πνεῦμά
1271 365 1330 391 μου
1347 356 1515 392 ἐφέστηκεν
1530 356 1565 383 ἐν
1582 356 1666 391 μέσῳ
1686 355 1778 391 ὑμῶν.

994 400 1090 436 Τρίτον
1104 403 1137 437 τῇ
1153 402 1294 438 ὀνομασίᾳ,
1310 403 1365 429 ῑσον
1380 404 1412 438 τῇ
1431 402 1548 436 θεότητι,
1566 401 1615 428 οὑκ
1631 401 1781 436 ἠλλοιωμέ-

992 454 1036 472 νον
1054 446 1129 482 παρὰ
1144 447 1253 482 Πατέρα
1267 447 1315 474 καὶ
1328 447 1402 478 Υἰὸν,
1417 447 1565 482 σύνδεσμος
1580 446 1703 482 Τριάδος,
1719 447 1782 472 Em-

994 491 1111 526 σφραγὶς
1131 492 1182 526 τῆς
1199 491 1352 527 ὁμολογίας.
1381 492 1410 518 ’0
1433 491 1487 528 γὰρ
1511 492 1574 524 Υἱός
1595 500 1686 528 φησιν·
1710 491 1780 526 Ἐιιὼ

993 538 1041 563 καὶ
1054 539 1070 563 d
1078 537 1179 571 Πατὴρ
1190 537 1224 564 ἓν
1235 538 1338 572 ἐσμεν.
1350 538 1404 565 Καὶ
1416 539 1466 565 οὐκ
1477 536 1563 571 εἶπεν,
1576 537 1624 570 Εἷς
1633 539 1700 573 εἰμι’
1711 538 1780 565 ἀλλὰ

993 583 1034 613 τὸ.
1059 582 1130 618 Ἐγὼ
1149 583 1198 610 καὶ
1223 585 1239 610 ό
1261 583 1374 618 Πατὴρ,
1401 585 1526 619 σημαίνει
1542 584 1721 610 ἐνυπόστατον
1734 583 1780 611 τὸν

993 629 1113 664 Πατέρα.
1126 630 1173 656 καὶ
1183 630 1363 657 ὲνυπόστατον
1373 631 1419 658 τὸν
1427 631 1500 658 Υἱόν.
1514 631 1579 662 Καὶ,
1591 632 1623 658 Ol
1630 631 1695 662 δύο,
1707 628 1779 663 εἷπε,

993 676 1039 702 καὶ
1052 676 1103 703 οὐκ
1117 674 1203 708 εἶπεν,
1213 677 1240 703 Ὀ
1257 674 1307 709 εἷς.
1320 678 1375 704 Καὶ
1390 678 1480 710 πάλιν,
1490 677 1543 705 Ἕν
1556 678 1658 712 ἐσμεν·
1672 677 1718 704 καὶ
1730 678 1781 704 οὐχ

993 719 1079 753 εἶπεν,
1099 720 1147 754 Εἷς
1165 723 1232 758 εἰμι.
1252 722 1388 755 Ὡσαύτως
1403 723 1440 749 δέ·
1469 723 1658 756 Ἀπελθόντες
1671 723 1781 755 ,βαπτί-

993 776 1068 795 σατε
1079 770 1122 802 εὶς
1134 769 1167 800 τὸ
1185 769 1278 804 ὄνομα
1291 770 1345 797 τοῦ
1360 770 1487 804 Πατρός,
1501 770 1550 797 καὶ
1565 770 1619 797 τοῦ
1639 769 1718 802 Υιοῦ,
1732 769 1782 796 καὶ

993 814 1046 840 τοῦ
1064 814 1150 849 ἁγίου
1174 815 1356 850 Πνεύματος.
1382 815 1480 842 Μέτων
1501 815 1529 842 δὲ
1554 815 1702 850 τιθεμένων
1725 815 1785 842 τῶν

994 860 1103 896 ἄρθρων
1118 861 1169 895 τῆς
1187 861 1320 897 ωλλαὸἧς
1337 862 1393 894 τοῦ,
1405 862 1463 893 τοῦ,
1480 862 1527 888 καὶ
1539 862 1596 890 τοῦ.
1608 862 1662 888 Καὶ
1674 862 1782 896 ἐλέγχει

995 907 1138 934 Σαῦέλλιον
1154 907 1302 939 Ματοαῖος,
1311 908 1361 943 τὴν
1370 908 1535 943 συναλοιφὴν
1552 908 1780 943 παρεισφέροντα.

996 954 1082 980 Ὅπου
1096 954 1117 970 ¹³
1132 954 1186 988 γὰρ
1202 954 1248 981 καὶ
1262 954 1388 989 σημαίνει
1410 954 1517 989 ἀληθῶς
1537 955 1656 990 Πατέρα,
1673 955 1782 989 ἀληθῶς

995 1000 1070 1033 Υῑὸν,
1090 999 1198 1035 ἀληθῶς
1218 1000 1295 1034 ἅγιον
1310 1000 1431 1035 Πνεῦμα·
1450 1001 1529 1027 ὁπότε
1547 1000 1574 1027 δὲ
1592 1001 1749 1035 ὁμόστοιχος
1763 1001 1780 1035 ἡ

996 1045 1092 1080 Τριὰς,
1109 1045 1156 1071 καὶ
1173 1045 1202 1071 ὲν
1218 1045 1258 1071 ένὶ
1271 1045 1383 1080 ὀνόματι
1398 1045 1482 1080 Τριὰς
1495 1044 1658 1080 καλουμένη,
1675 1045 1783 1080 ἐλέγχει

994 1090 1040 1116 τὸν
1056 1091 1176 1125 Ἀρειον,
1191 1090 1324 1117 ὑπόϐασίν
1333 1099 1392 1116 τινα
1402 1090 1590 1125 διανοούμενον
1604 1091 1633 1116 ὲν
1651 1091 1684 1125 τῇ
1698 1090 1783 1125 Τριά-

995 1135 1031 1167 δι,
1043 1135 1059 1171 ἢ
1074 1134 1226 1167 ἀλλοίωσιν,
1246 1135 1262 1170 ἢ
1275 1134 1462 1170 παραλλαγήν.
1481 1135 1539 1161 Κᾶν
1548 1143 1578 1160 τε
1593 1134 1647 1169 γὰρ
1660 1135 1674 1160 ὁ
1686 1135 1782 1170 Πατὴρ

997 1181 1097 1217 μείζων
1124 1180 1201 1216 παρὰ
1228 1180 1292 1207 Υἰοῠ
1319 1181 1549 1216 δογματιζόμενος
1572 1180 1781 1214 ἀπαγγέλλεται,

996 1227 1231 1263 πρεπωδεστάτως
1240 1226 1279 1262 τῷ
1288 1226 1346 1262 Υἱῷ
1358 1226 1407 1262 τὴν
1421 1226 1500 1258 δόξαν
1516 1228 1707 1262 περιποιεῖται.
1723 1227 1783 1253 Τίνι

995 1273 1050 1309 γὰρ
1068 1273 1172 1309 ἔπρεπε
1189 1271 1310 1306 δοξάζειν
1332 1273 1397 1299 ἴδιον
1417 1272 1526 1308 Πατέρα
1543 1272 1611 1298 ἀλλὰ
1624 1272 1664 1307 τῷ
1680 1272 1784 1307 γνησίῳ

995 1320 1070 1355 Υἱῷ;
1087 1320 1170 1346 Ὀταν
1188 1319 1217 1346 δὲ
1239 1319 1321 1345 πάλιν
1341 1319 1392 1354 τὴν
1415 1319 1525 1354 ἰσότητα
1545 1318 1668 1353 βούλεται
1683 1318 1782 1351 λέγειν,

997 1367 1039 1394 ἵνα
1053 1367 1090 1402 μὴ
1104 1366 1242 1392 ὲκπέσωσί
1256 1374 1337 1397 τινες,
1354 1362 1437 1400 ἧσσον
1449 1364 1487 1396 ὡς
1497 1365 1563 1400 περὶ
1578 1364 1642 1390 Υἱοῦ
1664 1364 1785 1391 διανοού-

997 1421 1083 1448 μενοι,
1096 1411 1183 1444 οὓτως
1197 1411 1289 1447 φησίν·
1311 1411 1336 1437 '0
1345 1411 1389 1446 μὴ
1403 1409 1497 1445 τιμῶν
1509 1410 1564 1437 τὸν
1573 1411 1650 1441 Υιὸν,
1662 1410 1702 1443 ὠς
1714 1408 1785 1444 τιμᾷ

995 1459 1049 1486 τὸν
1061 1458 1188 1493 Πατέρα,
1201 1459 1256 1485 οὐκ
1269 1457 1333 1492 ἔχει
1350 1457 1427 1491 ζωὴν
1440 1457 1475 1484 ἐν
1485 1455 1590 1489 ἐαυτιῖγ
1609 1457 1666 1488 καὶ,
1682 1457 1784 1483 Πάντα

994 1507 1031 1533 τὰ
1046 1505 1101 1532 τοῦ
1114 1505 1230 1539 Πατρός
1249 1513 1318 1539 μου,
1333 1503 1390 1538 ἐμά
1402 1504 1478 1530 ἐστι.
1494 1502 1526 1529 Τί
1546 1502 1575 1529 δέ
1598 1503 1665 1535 ἐστι,
1682 1503 1718 1529 τὰ
1730 1501 1784 1528 τοῦ

156 1548 229 1576 hunc
246 1550 273 1576 in
294 1549 404 1576 modum
430 1550 567 1585 loquitur:
583 1551 636 1583 Qui
654 1559 705 1578 non
720 1551 878 1586 Itonori/icat
894 1551 943 1578 Fi-

996 1551 1123 1586 Πατρὸς,
1148 1550 1206 1577 ἀλλ’
1222 1551 1250 1586 ἦ·
1272 1550 1338 1581 Θεὸς
1365 1551 1379 1576 ὁ
1406 1549 1512 1584 Πατὴρ,
1533 1549 1599 1580 Θεός
1613 1550 1682 1584 εἰμι·
1700 1548 1756 1583 ζωὴ
1770 1549 1785 1574 ὁ

156 1595 233 1627 lium,
251 1595 319 1622 sicut
338 1595 498 1630 honori/ica:
516 1596 636 1628 Patrem,
654 1605 706 1624 non
725 1597 802 1624 habet
820 1598 900 1625 vitam
916 1601 943 1625 in

997 1598 1102 1633 Πατὴρ,
1125 1596 1181 1632 ζωή
1203 1596 1270 1632 ειμι·
1296 1595 1386 1623 πάντα
1410 1595 1445 1622 τὰ
1465 1595 1512 1622 τοῦ
1533 1594 1639 1630 Πατρός
1660 1602 1710 1629 μου
1730 1594 1787 1629 ἐμά.

155 1640 239 1674 ιεὶρεο
251 1641 271 1668 ⁸.
286 1641 341 1669 Et:
359 1642 455 1670 Omnia
479 1650 537 1677 quae
558 1642 649 1669 Patris
670 1647 743 1675 sunt,
769 1651 828 1670 mea
849 1645 941 1672 sunt".

996 1645 1085 1676 tam;

155 1687 226 1721 Quid
238 1692 280 1716 est
294 1692 384 1717 autem
401 1689 478 1719 illud.
497 1697 555 1724 quae
573 1689 664 1716 Patris
679 1694 753 1722 sunt,
769 1689 834 1723 nisi,
856 1690 1086 1724 quemadmodum
1103 1689 1175 1716 Deus
1197 1693 1239 1716 est
1253 1688 1343 1721 Pater,
1373 1688 1411 1716 ita
1437 1688 1508 1717 Deus
1525 1696 1585 1716 sum
1599 1698 1605 1722 ;
1630 1692 1668 1722 et,
1684 1693 1714 1716 ut
1728 1688 1782 1715 vita

155 1740 198 1762 cst
215 1734 304 1767 Pater,
319 1735 360 1761 sic
372 1742 422 1769 ego
434 1735 489 1762 vita
502 1742 562 1762 sum
576 1744 583 1761 :
595 1734 764 1769 proindeque
776 1735 868 1762 omnia
881 1743 943 1770 quae
959 1735 1049 1763 Patris
1063 1734 1115 1762 mei
1128 1738 1203 1765 sunt.
1220 1741 1279 1761 mea
1295 1733 1382 1761 sunt?

192 1780 225 1808 ν.
248 1779 354 1808 Videsis
371 1780 464 1815 igitur,
485 1788 502 1807 ο
527 1779 646 1811 Sabelli,
671 1787 703 1806 ac
722 1779 866 1814 diligenter
886 1781 943 1807 ani-

156 1827 313 1858 madverte;
335 1825 410 1861 aperi
428 1825 521 1852 cordis
538 1825 644 1856 oculos,
661 1832 749 1859 neque
765 1832 854 1852 caecus
868 1829 942 1858 esto;

157 1872 200 1898 fac
215 1875 244 1898 ut
257 1875 314 1903 tua,
332 1876 499 1906 tuorumque
514 1878 592 1898 mens
603 1878 666 1897 cum
682 1874 778 1898 sancto
793 1869 897 1898 Joanne
910 1870 944 1898 ad

155 1917 302 1945 Jordancm
317 1917 473 1945 conveniat.
486 1917 574 1945 Aures
589 1921 651 1944 tuas
663 1917 748 1951 aperi,
761 1921 786 1943 et
799 1916 869 1943 hanc
881 1923 944 1951 pro-

157 1965 245 2000 phetae
258 1971 352 1992 vocem
369 1964 468 1991 exaudi
482 1973 490 1990 -.
506 1963 563 1998 Ego
582 1971 632 1990 vox
651 1963 793 1989 clamantis
812 1963 839 1989 in
857 1962 946 1989 deser-

157 2016 183 2037 ιο
192 2011 213 2038 ⁸.
227 2010 296 2037 Audi
314 2010 514 2038 Praecursorem
531 2009 649 2041 Domini,
668 2010 713 2044 qui
730 2009 843 2044 angelus
856 2009 946 2044 appel-

155 2057 207 2084 lari
222 2056 332 2088 meruit,
345 2055 478 2090 Spiritum
499 2059 624 2082 sanctum
642 2063 674 2082 ex
692 2060 770 2082 utero
788 2055 884 2082 matris
904 2062 947 2082 ac-

157 2103 240 2137 cepit,
253 2106 280 2130 et
294 2102 377 2129 Maria
393 2103 513 2128 intrante
532 2101 654 2128 subsiliit
664 2102 687 2127 ⁹.
710 2100 762 2134 Qui
777 2108 839 2128 cum
855 2101 945 2128 adhuc

157 2149 254 2177 matris
271 2153 349 2176 utero
371 2148 572 2179 contineretur,
598 2146 705 2174 Domini
729 2146 771 2174 sui
792 2147 943 2182 ingressum

1031 1779 1070 1807 E'.
1088 1779 1160 1815 Ὅρα
1176 1778 1216 1809 δὲ.
1239 1775 1262 1805 ὦ
1277 1778 1415 1810 Σαϐέλλιε,
1436 1779 1483 1805 καὶ
1497 1779 1633 1806 κατανόει·
1654 1778 1784 1812 διάνοιξον

997 1826 1027 1853 τὸ
1042 1826 1119 1862 ὄμμα
1139 1826 1189 1860 τῆς
1209 1825 1323 1861 καρδίας
1342 1834 1399 1857 σου,
1419 1826 1466 1852 καὶ
1482 1827 1519 1861 μὴ
1539 1826 1677 1852 ἁὸλέπτει·
1693 1826 1783 1852 συνελ-

998 1872 1068 1898 θὲτω
1089 1873 1105 1907 ἠ
1131 1871 1235 1898 διάνοιά
1251 1879 1298 1897 σου
1315 1871 1363 1898 καὶ
1381 1871 1436 1898 τῶν
1461 1872 1513 1898 ὑπὸ
1536 1871 1582 1897 σοῦ
1602 1871 1784 1907 ἠπατημένων

1003 1918 1113 1953 Ἰωάννῃ
1130 1917 1169 1952 τῷ
1183 1917 1252 1952 ἁγίῳ
1269 1918 1309 1949 εἰς
1323 1917 1368 1944 τὸν
1394 1918 1537 1953 Ἰορδάνην.
1559 1919 1667 1952 Ἀνοιγε
1682 1918 1715 1945 τὰ
1727 1915 1784 1944 ὦτὰ

998 1973 1057 1996 σου,
1081 1964 1128 1991 καὶ
1151 1963 1233 1991 ἄκουε
1256 1963 1308 1998 τῆς
1329 1963 1421 1999 φωνῆς
1434 1963 1480 1990 τοῦ
1496 1964 1635 1999 προφήτου
1649 1963 1784 1998 λέγοντος·

1004 2009 1079 2044 Ἐγὼ
1102 2008 1187 2043 φωνὴ
1210 2007 1344 2041 βοῶντος
1369 2009 1404 2035 ἐν
1428 2008 1466 2043 τῇ
1489 2009 1596 2044 ἐρήμῳ.
1619 2009 1717 2035 Ἀκουε
1737 2010 1784 2036 τοῦ

998 2055 1156 2091 Προδρόμου
1174 2055 1288 2090 Κυρίου,
1308 2055 1355 2082 τοῦ
1372 2056 1488 2090 ἀγγέλου
1503 2055 1716 2088 καταξιωθέντος
1727 2057 1784 2083 ὀνο-

1000 2098 1148 2134 μασθῆναι,
1161 2098 1210 2125 τοῦ
1224 2099 1279 2126 ἀπὸ
1291 2099 1395 2131 κοιλίας
1410 2100 1512 2135 μητρὸς
1528 2100 1654 2132 λαϐόντος
1673 2101 1783 2136 Πνεῦμα

1000 2144 1087 2178 ἅγιον,
1110 2144 1158 2170 καὶ
1181 2145 1376 2180 σκιρτήσαντος
1388 2147 1422 2181 τῇ
1442 2146 1536 2182 εἰσόδῳ
1557 2146 1606 2182 τῆς
1621 2148 1740 2182 Μαρίας·
1755 2147 1784 2179 ὃς

158 2195 280 2231 agnovit,
297 2199 325 2222 et
344 2193 463 2226 exsiliit;
481 2193 525 2220 cui
547 2193 743 2228 patefaciendae
758 2191 843 2219 divini
865 2191 943 2219 Verbi

997 2192 1067 2226 έγνω
1081 2192 1122 2218 ἑτι
1134 2193 1162 2220 ἐν
1175 2193 1265 2228 κοιλίᾳ
1278 2193 1408 2229 ὑπάρχων
1422 2194 1524 2221 εἴσοδον
1536 2194 1583 2220 τοῦ
1604 2195 1667 2221 ἰδίου
1681 2196 1783 2221 Δεσπό-

157 2241 372 2278 praedicationis,
394 2238 632 2275 prmparaiidaaque
653 2236 760 2265 Domini
775 2238 827 2265 via:
845 2245 946 2265 munus

157 2293 202 2316 est
217 2295 391 2315 concessum.
415 2286 522 2313 Adhibe
548 2285 613 2313 huic
640 2285 731 2318 ﬁdem,
755 2293 805 2313 nec
826 2293 842 2312 a
861 2293 945 2320 scopo

157 2334 284 2362 veritatis
292 2334 413 2361 aberres.
429 2332 499 2360 Ecce
509 2332 559 2359 tibi
570 2332 758 2359 testimonium
772 2332 817 2359 ille
832 2332 944 2366 praebet.

158 2382 188 2408 In
202 2381 298 2416 primis
311 2387 373 2407 cum
389 2379 533 2406 Dominum
548 2386 627 2406 suum
640 2385 791 2413 agnoscens
805 2378 842 2404 ita
857 2377 946 2412 loqui-

159 2433 205 2455 tur
218 2438 225 2456 :
239 2427 294 2463 Ego
307 2433 331 2455 te
342 2435 406 2462 opus
422 2427 513 2460 habeo,
525 2431 550 2453 et
568 2431 597 2453 tu
608 2426 678 2452 venit
696 2424 729 2452 ad
741 2432 782 2451 me
792 2424 824 2452 ‘°.
840 2423 941 2451 Deinde

158 2480 222 2502 cum
238 2473 371 2501 dixisset:
388 2473 451 2500 Sine
471 2473 560 2504 modo,
571 2477 600 2498 ut
614 2472 754 2505 impleatur
767 2471 852 2497 opinis
863 2469 946 2504 justi-

159 2522 216 2552 tia;
227 2524 255 2548 et
265 2521 299 2546 ab
309 2519 356 2546 illo
368 2518 521 2553 baptizatus
537 2521 620 2551 esset,
632 2517 753 2544 divinum
766 2516 849 2544 refert
861 2516 945 2543 Evan-

159 2567 259 2603 gelium
278 2565 410 2592 Joannem
433 2564 475 2592 his
493 2563 584 2591 verbis
603 2562 789 2590 testimonium
813 2561 943 2589 dedisse:

160 2613 290 2647 Quoniam
311 2611 394 2645 aperti
410 2614 471 2637 sunt
484 2609 552 2642 cali,
573 2614 597 2636 et
612 2608 664 2636 uidi
679 2607 808 2643 Spiritum
826 2613 946 2634 sanctum

161 2660 188 2687 in
210 2658 294 2693 specie
317 2657 445 2684 columine
469 2655 675 2686 descendentem,
702 2659 726 2681 et
752 2654 894 2680 venientem
918 2654 946 2680 in

162 2707 245 2740 ipsum
256 2705 287 2733 ”.
307 2703 341 2731 Et
357 2711 406 2730 υοπ
419 2702 451 2730 de
468 2703 532 2729 caelo
547 2710 556 2729 :
576 2701 627 2728 Hic
642 2706 680 2728 est
704 2700 794 2727 Filius
816 2708 888 2727 meus
910 2699 948 2726 di-

163 2753 254 2784 lectus,
277 2752 304 2779 in
321 2758 372 2786 quo
388 2749 453 2776 milii
469 2748 614 2782 complacui
627 2748 660 2775 ".
676 2746 741 2774 Erat
757 2750 814 2774 tum
834 2746 862 2773 in
877 2746 947 2773 coelo

202 2814 210 2828 ‘
229 2811 325 2839 Matth.
341 2819 369 2840 ι,
385 2810 429 2837 20.
468 2811 478 2825 ¹
498 2809 555 2844 Agg

193 2847 271 2874 Joan.
284 2853 351 2877 xv".
365 2845 407 2872 10.
447 2845 458 2861 ⁸
473 2842 586 2875 ιρι-ἧι,
601 2845 635 2876 5;
654 2843 748 2870 Matth.
763 2851 804 2876 in,
823 2843 849 2869 5.
879 2843 898 2857 ’θ
918 2842 943 2868 LI

1001 2850 1030 2870 ιι,
1047 2843 1082 2869 28
1097 2851 1157 2878 sqq.

996 2247 1055 2270 του,
1078 2239 1124 2266 καὶ
1145 2239 1258 2274 ἐσκίρτα
1268 2248 1274 2254 ·
1286 2236 1309 2273 ᾧ
1321 2240 1398 2276 ἐδόθη
1413 2240 1443 2266 τὺ
1462 2241 1573 2276 μήνυμα
1585 2240 1632 2267 τοῦ
1647 2242 1779 2278 προκηρὺ-

997 2293 1111 2319 γματος,
1128 2286 1175 2312 καὶ
1187 2287 1203 2320 ἡ
1222 2285 1366 2320 ἐτοιμασΐα
1387 2286 1436 2321 τῆς
1450 2286 1511 2313 ὀδοῦ
1525 2286 1571 2313 τοῦ
1591 2287 1704 2322 Κυρίου.
1721 2287 1783 2313 Πεί-

998 2330 1077 2366 σθητι
1096 2331 1180 2366 αὐτῷ,
1196 2332 1244 2358 καὶ
1259 2332 1290 2358 οὐ
1305 2332 1450 2364 διαπέσοις
1461 2333 1514 2359 ἀπὸ
1533 2333 1580 2359 τοῦ
1598 2333 1701 2360 σκοποῦ
1719 2333 1780 2369 ἀλη-

998 2377 1084 2408 θείας.
1105 2377 1171 2404 Ἰδοὺ
1186 2377 1241 2413 γὰρ
1254 2378 1335 2409 αὐτὸς
1352 2380 1486 2414 μαρτυρεῖ
1499 2378 1596 2413 λέγων,
1613 2379 1721 2414 πρῶτον
1736 2379 1784 2414 μὲν

999 2423 1044 2450 τὸν
1058 2423 1197 2458 Δεσπότην
1211 2423 1307 2450 ἑαυτοῦ
1320 2424 1457 2457 ἐπιγνοὺς,
1472 2425 1513 2451 ὅτι
1524 2425 1599 2459 Ἐγὼ
1610 2425 1668 2452 σοῦ
1681 2427 1783 2460 χρείαν

999 2469 1070 2504 ἔχω,
1085 2470 1134 2496 καὶ
1151 2469 1192 2496 σὺ
1208 2470 1282 2504 ἔρχῃ
1298 2471 1373 2503 πρός
1387 2479 1437 2504 με.
1461 2471 1516 2498 Καὶ
1537 2471 1583 2497 τοῦ
1599 2472 1725 2508 Σωτῆρος
1740 2472 1788 2499 λέ-

997 2524 1099 2549 γοντος·
1116 2516 1203 2550 Ἄφες
1221 2515 1297 2549 ἄρτι,
1317 2515 1397 2549 ὅπως
1416 2516 1561 2551 πληρωθῇ
1575 2517 1658 2544 πᾶσα
1674 2518 1790 2545 δικαιο-

999 2562 1089 2595 σύνη·
1106 2562 1153 2588 καὶ
1174 2561 1256 2588 αὑτοῦ
1273 2561 1467 2596 βαπτισθέντος
1481 2562 1527 2588 ὑπ’
1541 2563 1634 2594 αὑτοῦ,
1658 2562 1696 2594 ῶς
1719 2572 1783 2598 φησι

999 2607 1029 2634 τὸ
1042 2607 1112 2634 θεῖον
1126 2607 1300 2641 Εὑαγγὲλιον,
1321 2608 1361 2633 ὅτι
1383 2607 1574 2643 ἐμαρτύρησεν
1596 2608 1723 2643 Ἰωάννης
1740 2609 1782 2634 λέ-

1000 2662 1066 2687 γων·
1083 2654 1149 2680 ’Ὅτι
1169 2654 1358 2688 ἠνοίχθησαν
1378 2656 1404 2681 οἱ
1419 2655 1553 2688 οὐρανοὶ,
1577 2654 1625 2681 καὶ
1649 2654 1783 2689 τεθέαμιιι

1000 2698 1034 2725 τὸ
1050 2699 1171 2733 Πνεῦμα
1185 2699 1218 2726 τὸ
1233 2699 1318 2733 ἅγιον
1330 2700 1365 2726 ἐν
1374 2700 1446 2726 εἴδει
1459 2699 1635 2734 περιστερᾶς
1648 2703 1786 2735 κατερχό-

998 2754 1102 2780 μενον,
1122 2745 1171 2772 καὶ
1193 2745 1356 2780 ἐρχόμενον
1377 2746 1422 2772 ἐπ’
1442 2747 1545 2774 αὐτόν.
1573 2747 1627 2773 Καὶ
1649 2747 1733 2781 φωνὴ
1752 2748 1784 2773 ἐν

560 2831 565 2836 .
585 2817 614 2836 ιι.
631 2809 656 2836 6.
697 2809 706 2824 ³
725 2807 804 2835 Joan.
826 2815 852 2838 κ,
875 2807 917 2834 50.

996 2806 1079 2834 ιΙιιιιΙι.
1108 2815 1203 2841 xxvm,
1221 2807 1264 2834 l9.
1302 2808 1312 2823 ⁸
1329 2806 1407 2834 Joan.
1423 2814 1478 2838 xw,
1493 2806 1538 2834 28.
1578 2807 1588 2821 ⁸
1602 2805 1679 2832 Joan.
1701 2814 1726 2834 v.
1739 2807 1776 2832 23

1214 2843 1235 2858 “
1252 2841 1346 2870 Matth.
1364 2849 1405 2875 ur,
1426 2842 1457 2869 li
1474 2850 1534 2878 sqq.
1573 2842 1593 2857 ”
1610 2841 1687 2868 Joau.
1703 2848 1723 2872 ι.
1740 2841 1784 2869 52.

163 2883 185 2900 “
196 2882 291 2910 Matth.
307 2889 349 2914 ιιι,
366 2881 408 2910 ΓΙ.
448 2881 469 2896 ⁸³
487 2879 518 2908 F.
538 2879 616 2916 ὁμοῦ,
643 2887 692 2916 pro
717 2879 795 2911 ὅπου,
818 2879 858 2906 vcl
873 2885 942 2913 cxpu

1009 2878 1073 2914 γάρ·
