1958 3050
138 121 203 149 1057

461 118 645 147 ADVERSUS
665 118 836 146 ll/ERESES
854 118 919 146 ΜΒ.

993 118 1076 146 ΤΟΜ.
1097 118 1117 147 1.
1139 135 1172 140 -
1191 119 1327 148 ΙΙΑ-ῖῐίΕδ.
1349 120 1428 149 LXII.

1694 115 1769 152 ωδε·

136 177 190 206 τοῦ
199 177 339 212 οὐρανοῦ·
351 175 448 211 Οὗτός
458 178 543 204 ἐστιν
557 179 573 204 ό
583 177 649 210 Υἱός
659 185 718 212 μου
733 179 750 204 ὁ
762 177 916 212 ἀγαπητὸς

983 177 1073 210 Pater,
1087 178 1169 206 homo
1185 180 1446 212 contentiosissime,
1462 179 1636 216 indidemque
1649 189 1701 209 vox
1718 181 1765 210 illa

136 223 182 258 ἐφ’
200 223 235 249 ὃν
249 222 416 257 ηὐδόκησα·
440 222 496 249 ἄνω
516 220 551 258 ἦν
574 223 588 249 ό
613 222 718 257 Πατὴρ,
739 219 762 249 ὦ
777 223 921 257 φιλόνεικε,

136 268 240 296 ἀνωθεν
259 269 276 304 ή
299 268 376 304 φωνὴ
395 268 505 304 ἤρχετο.
532 268 564 294 El
583 268 672 295 τοίνυν
685 268 788 295 ἄνωθεν
802 270 819 304 ἡ
837 269 922 305 φωνὴ,

136 312 273 348 διάκρινόν
293 321 338 348 μοι
361 312 411 347 τὴν
435 312 700 348 παραπεποιημένην
724 321 770 339 σου
793 312 921 341 διάνοιαν.

136 358 195 384 Τίνι
213 358 228 384 ὸ
249 357 344 394 Πατὴρ
369 357 472 392 ἔλεγεν,
491 356 585 390 οὗτός
600 358 685 384 ἐστιν
705 359 721 385 ὁ
746 358 811 392 Υἱός
827 368 887 393 μου
901 361 918 386 ό

135 403 298 438 ἀγαπητὸς,
310 403 357 438 ἐφ’
368 403 403 430 ὃν
413 403 588 438 ηὐδόκησα;
602 403 657 429 Καὶ
667 403 708 436 τίς
720 401 754 440 ἦν
768 401 859 437 οὗτος
874 404 923 432 Διὰ

134 449 205 477 τίδὲ
225 451 254 476 ὲν
280 450 345 476 εῖδει
370 451 535 485 περιστερᾶς
556 451 586 476 τὺ
609 450 721 486 Πνεῦμα
745 451 921 486 κατελήλυθε,

136 496 256 530 καίτοιγε
271 495 352 531 σῶμα
368 496 405 530 μὴ
421 496 539 531 φορέσαν
552 496 583 522 τὸ
598 495 711 532 Πνεῦμα
725 496 756 522 τὸ
776 496 868 530 ἃγιον;
893 497 923 523 '0

135 540 189 576 γὰρ
210 541 364 576 Μονογινὴς
394 541 473 576 μόνος
498 541 650 571 ἐνεδύσατο,
675 541 724 568 καὶ
748 541 857 572 τελείως
878 541 922 567 ὲν-

136 586 315 623 ηνθρώπησεν
332 587 386 614 ἀπὸ
399 587 508 622 Μαρίας
520 587 570 622 τῆς
581 587 773 623 ἁειπαρθένου,
784 587 827 613 διὰ
838 587 923 614 Πνεύ-

137 641 221 668 ματος
234 632 322 667 ἁγίοψ
338 633 388 659 οὐκ
398 632 452 659 ἀπὸ
466 633 621 668 σπέρματος
635 633 739 668 ἀνδρὸς.
755 633 822 660 ἀλλὰ
834 632 922 668 ἐαυτῷ

135 677 361 712 ἀναπλασάμενος
377 678 390 704 ό
407 678 569 713 ἁρχιτέχνας
590 678 675 712 Λόγος
697 678 775 713 σῶμα
793 678 846 705 ἀπὸ
861 679 921 705 Μα-

135 723 208 759 ρίας,
224 724 270 750 καὶ
288 724 377 760 ψυχὴν
396 724 445 759 τὴν
469 723 652 759 ἀνθρωπείαν,
669 725 716 750 xui.
733 724 804 751 νοῦν·
820 725 866 751 καὶ
882 725 921 751 ἔτι

135 769 209 795 ἐστὶν
227 769 382 805 ἄνθρωπος,
407 769 496 796 πάντα
517 769 626 801 τελείως
646 769 853 804 ἀναδεξάμενος,
874 770 921 796 καὶ

135 814 289 847 συνενώσας
308 817 341 851 τῇ
364 815 462 842 ἑαυτοῦ
481 815 598 851 Θεάτητι·
619 816 667 850 οὐχ
686 815 724 846 ὡς
743 816 771 841 ὲν
785 815 921 851 ἀνθρώπῳ

133 861 248 897 οἰκήσας
273 861 323 897 (μὴ
342 861 488 896 γένοιτοί).
514 861 596 894 αὐτὸς
616 861 644 888 δὲ
667 862 681 888 ὁ
703 861 779 896 ἅγιος
799 861 894 896 Λόγος,
907 863 921 889 ὁ
937 877 958 905 Β

133 906 199 937 Θεὸς
213 906 299 940 Λόγος
314 906 393 941 ὲνηνθ
399 905 520 942 ρώπησε.

169 960 214 992 ς’.
233 959 270 986 To
284 958 311 985 δὲ
322 958 433 994 Πνεῦμα
445 958 498 985 τίνι
510 957 628 994 τῷλόγῳ
640 958 669 985 ὲν
683 958 746 985 εἴδει
758 959 922 994 περιστερᾶς

134 1005 270 1040 φαίνεται,
288 1005 355 1032 ἀλλὰ
368 1005 442 1036 ὅπως
454 1005 535 1040 πείσῃ
550 1013 578 1031 σε
593 1005 630 1040 μὴ
642 1005 820 1040 βλασφημεῖν,
832 1001 855 1032 ὧ
864 1005 922 1032 ἐθε-

133 1051 241 1086 λόσοφε,
268 1050 316 1077 καὶ
338 1050 420 1086 μηδὲν
442 1050 624 1086 διανοούμενε,
644 1051 687 1077 ἵνα
711 1050 748 1086 μὴ
763 1050 876 1086 νομίσῃς
892 1051 922 1078 τὸ

135 1095 246 1130 Πνεῦμα
270 1094 431 1130 συναλοιφὴν
454 1093 523 1122 εῐναι
536 1095 624 1131 Πατρὶ
641 1095 657 1131 ἢ
679 1095 752 1130 Titi);
769 1095 817 1122 Διὰ
833 1095 921 1129 τοῦτο,

134 1141 235 1175 καίπερ
258 1139 341 1167 αὐτοῦ
368 1139 415 1166 τοῦ
437 1140 596 1175 Πνεύματος
626 1140 672 1167 τοῦ
696 1141 773 1175 ἁγίου
792 1141 871 1177 σῶμα
884 1142 921 1178 μὴ

134 1186 308 1220 φορέσαντος,
327 1186 354 1212 ὲν
368 1185 432 1213 εῖδει
449 1187 612 1222 περιστερᾶς
626 1187 833 1222 σχηματίζεται,
848 1187 922 1220 ὅπως

132 1231 207 1267 δείξῃ
224 1240 271 1258 σου
284 1232 331 1258 χαὶ
345 1230 442 1267 ἐλέγξῃ
466 1240 513 1258 σου
527 1231 575 1267 τὴν
591 1231 704 1267 πλάνην,
717 1233 758 1259 ὅτι
773 1232 922 1260 ὲνυπόστα-

133 1277 179 1304 τόν
195 1279 253 1303 ἐστι
267 1278 298 1303 τὸ
318 1277 433 1312 Πνεῦμα
458 1277 519 1304 καθ’
536 1277 625 1310 ἑαυτὸ,
643 1279 690 1305 καὶ
711 1279 893 1311 ὲνυπόστατος
908 1280 922 1306 ό

134 1323 239 1358 Πατὴρ,
253 1324 301 1350 καὶ
320 1323 500 1355 ὲνυπόστατος
521 1324 535 1350 ό
551 1323 721 1359 Μονογενής·
735 1323 792 1351 ἀλλ’
804 1325 834 1351 οὐ
851 1324 921 1351 διαι-

134 1369 269 1405 ρουμένης
283 1369 332 1404 τῆς
346 1369 484 1405 θεότητος,
500 1369 562 1396 οὔτε
576 1369 777 1405 ὑποδεὸηκυίας
795 1370 845 1405 τῆς
859 1371 923 1396 ἑαυ-

133 1414 182 1448 τῆς
198 1413 285 1449 δόξης.
311 1413 366 1440 Καὶ
378 1415 454 1450 ὁρᾷς,
479 1414 537 1446 πῶς
550 1414 568 1450 ἠ
586 1414 670 1450 Τριὰς
686 1414 852 1450 ἀριθμεῖται,
865 1416 922 1442 Πα-

133 1459 196 1494 τρός
208 1459 257 1494 (δὲ)
273 1459 375 1486 ἄνωθεν
392 1459 517 1495 βοῶντος,
534 1459 599 1487 Υἱοῦ
614 1461 643 1487 ὲν
663 1461 781 1497 Ἰορδάνῃ
800 1461 922 1496 βαπτιζο-

135 1503 227 1538 μένου,
243 1503 401 1539 Πνεύματος
422 1504 450 1531 δὲ
467 1504 545 1538 ἁγίου
558 1505 588 1531 ὲν
604 1504 668 1531 εῐδει
682 1505 846 1541 περιστερᾶς
860 1505 921 1531 ἐπι-

978 229 1099 250 veuerat.
1129 224 1224 260 itaque
1247 225 1270 251 si
1289 226 1359 252 cmlo
1381 226 1492 261 delapsa
1517 234 1566 254 vox
1593 231 1646 260 est,
1667 227 1763 255 falsam

977 269 1050 295 illam
1069 273 1144 296 tuam
1163 275 1292 302 mentem,
1306 278 1407 303 quzcso,
1423 271 1538 300 discute.
1553 271 1667 299 Cuinam
1683 272 1765 302 Pater

977 313 1029 341 ista
1054 314 1162 342 dicebat
1176 323 1183 341 :
1197 315 1277 350 517
1301 315 1353 343 Hic
1373 321 1411 343 est
1431 315 1519 344 Filius
1539 326 1611 344 meus
1631 318 1765 346 dilectus?

976 360 1030 386 Aut
1048 361 1110 395 quis
1137 361 1189 388 iste
1212 362 1320 388 demum
1338 363 1417 389 erat?
1434 362 1490 389 Cur
1511 363 1628 398 Spiritus
1652 368 1763 392 sanctus

976 405 1062 441 effigie
1085 407 1218 434 columbas
1243 407 1336 442 lapsus
1354 413 1406 440 cst,
1421 415 1482 434 curn
1498 410 1646 443 praesertim
1662 417 1763 445 corpus

977 452 1090 480 haberet
1112 453 1235 480 nullum?
1256 453 1338 481 Solus
1357 454 1428 481 enim
1445 454 1471 480 id
1487 453 1647 488 Unigeuitus
1662 455 1761 488 induit,

976 497 1150 533 perfectoque
1168 506 1200 526 ex
1219 498 1303 526 Maria
1319 507 1426 534 semper
1441 500 1545 534 virgine
1564 508 1611 535 per
1630 500 1762 535 Spiritum

977 549 1101 571 sanctum
1118 549 1245 572 naturam
1271 545 1389 573 hominis
1414 546 1571 581 assumpsit.
1591 546 1682 582 Neque
1699 555 1763 575 vero

976 597 1008 617 ex
1024 590 1095 617 virili
1109 597 1168 617 eam
1184 590 1287 618 semine
1301 592 1434 626 suscepit,
1453 591 1500 619 sed
1518 599 1619 626 corpus
1632 593 1683 620 sibi
1700 593 1764 621 arti-

977 635 1019 663 fex
1032 635 1152 663 Verbum
1166 644 1181 663 ε
1197 635 1281 663 Maria
1304 637 1392 669 finxit,
1411 645 1518 664 necnon
1539 638 1684 665 humanam
1704 639 1763 666 ani-

976 689 1047 708 mam
1063 689 1094 708 ac
1119 686 1235 708 mentem
1252 691 1258 709 :
1273 682 1441 718 proindeque
1452 683 1600 710 etiamnum
1614 684 1695 712 homo
1709 688 1762 717 est,

975 727 1022 762 qui
1046 728 1156 762 propria
1182 727 1300 756 hominis
1317 728 1407 756 omnia
1423 728 1543 764 perfecte
1558 729 1584 756 in
1602 737 1662 757 sese
1676 733 1765 758 trans-

975 773 1047 805 tulit,
1064 780 1096 800 ac
1110 780 1172 800 cum
1190 780 1241 800 sua
1254 773 1398 801 divinitate
1407 773 1560 808 conjunxit.
1576 774 1635 802 Non
1652 775 1693 803 sic
1707 780 1764 803 tan-

975 825 1056 854 quam
1082 819 1109 845 in
1123 819 1232 847 homine
1257 818 1390 847 duntaxat
1408 819 1545 853 habitans,
1577 820 1660 855 (absit
1677 825 1706 848 ut
1725 822 1763 849 ita

974 863 1183 900 suspicemur!)
1214 864 1261 892 sed
1288 869 1493 892 sacrosanctum
1518 866 1606 900 ipsum
1632 866 1762 900 Verbum,

973 908 1056 941 Deus.
1071 910 1194 945 inquam,
1206 909 1325 938 Verbum
1344 910 1480 938 hominem
1499 919 1528 938 se
1546 911 1620 939 fecit.

1009 954 1053 982 Vl.
1064 954 1122 982 iam
1139 954 1257 990 Spiritus
1271 960 1382 984 sanctus
1393 963 1473 991 quam
1483 957 1591 984 tandem
1601 958 1636 984 ob
1649 964 1762 986 causam

972 1002 1062 1036 specie
1078 1009 1108 1029 se
1122 1002 1255 1029 columbae
1270 1002 1415 1029 videndum
1439 1002 1570 1036 exhibuit,
1593 1003 1646 1031 nisi
1668 1009 1698 1031 ut
1713 1004 1762 1031 tibi

971 1047 1112 1082 sapientiae
1127 1047 1257 1082 opinione
1270 1047 1372 1080 inﬂato,
1388 1056 1476 1084 neque
1497 1049 1645 1084 quidquam
1663 1050 1763 1078 intelli-

971 1092 1056 1128 genti,
1072 1092 1140 1120 nihil
1160 1092 1187 1120 in
1201 1091 1285 1120 Deum
1308 1093 1504 1121 contumeliose
1524 1094 1680 1129 iaciendum
1700 1102 1762 1123 esse

973 1138 1100 1166 suaderet
1116 1146 1123 1165 :
1140 1142 1170 1165 ut
1188 1146 1223 1166 ne
1237 1138 1368 1173 Spiritum
1384 1147 1446 1166 cum
1463 1139 1543 1168 Patre
1555 1139 1677 1175 Filioque
1696 1149 1763 1168 con-

973 1182 1141 1211 fundendum
1156 1191 1218 1211 esse
1233 1184 1383 1212 crederes?
1396 1184 1552 1220 Propterea,
1568 1185 1630 1213 licet
1643 1185 1762 1221 Spiritus

973 1234 1085 1258 sanctus
1101 1230 1176 1257 nullo
1192 1233 1264 1258 esset
1280 1238 1396 1266 corpore
1417 1231 1558 1266 praeditus,
1579 1232 1613 1258 ad
1629 1232 1762 1260 columba;

973 1280 1061 1303 tamen
1077 1275 1190 1311 eﬂigiem
1215 1283 1276 1304 sese
1299 1275 1491 1309 eonformavit,
1508 1284 1563 1312 quo
1587 1281 1662 1304 tuum
1679 1277 1761 1305 nimi-

972 1329 1033 1348 rum
1044 1325 1071 1348 et
1084 1321 1259 1356 patefaceret,
1280 1326 1308 1349 et
1330 1323 1504 1350 convinceret
1529 1330 1660 1356 errorem,
1680 1323 1762 1359 idque

972 1367 1061 1402 ipsum
1080 1367 1248 1400 ostenderet,
1263 1371 1359 1402 suapte
1373 1369 1524 1396 consistere
1539 1376 1654 1404 persona
1673 1369 1762 1405 Spiri-

972 1415 1041 1443 tum,
1058 1416 1155 1446 suapte
1177 1411 1242 1439 item
1262 1419 1378 1447 persona
1400 1411 1518 1446 Patrem,
1543 1420 1574 1441 ac
1597 1418 1693 1449 suapte
1712 1422 1774 1449 por

972 1461 1073 1484 stremo
1085 1457 1192 1485 Filium.
1206 1457 1252 1485 Sic
1264 1461 1294 1485 ut
1306 1466 1360 1485 non
1373 1458 1434 1486 ideo
1445 1459 1531 1486 divisa
1544 1466 1605 1487 esse
1619 1459 1760 1491 divinitas,

974 1505 1022 1529 aut
1036 1503 1193 1538 depressum
1208 1503 1311 1539 aliquid
1329 1503 1356 1531 in
1370 1504 1430 1539 ejus
1446 1505 1543 1540 gloria,
1556 1509 1636 1540 atque
1647 1505 1767 1534 inferius

133 1548 294 1582 φοιτῶντοςς
308 1548 379 1583 Λέγε
393 1548 422 1575 δέ
441 1557 485 1584 μοι
502 1548 544 1580 τίς
556 1549 631 1576 ἐστιν
658 1550 673 1576 ὁ
694 1548 829 1585 εἰρηκὼς,
851 1549 920 1576 Ἰδοὺ

975 1556 1036 1576 esse
1050 1548 1200 1584 putandum
1214 1549 1258 1576 sit.
1275 1549 1485 1581 Animadvertis,
1507 1550 1616 1585 opinor,
1630 1551 1762 1586 quemad-

133 1594 262 1627 vvrricret
270 1595 287 1621 ὁ
294 1595 367 1628 Παῖς
375 1603 436 1630 μου
448 1596 464 1622 ὀ
474 1595 639 1630 ἀγαπητὸς,
651 1595 697 1629 ἐφ’
706 1595 742 1622 ὃν
753 1594 921 1629 ηὑδόκησα,

133 1640 170 1667 ὃν
184 1640 350 1675 ᾐρέτισενή
359 1641 445 1676 ψυχή
457 1650 527 1676 μου.
539 1640 673 1675 Θήσυμαι
685 1640 717 1668 τὸ
733 1640 854 1675 Πνεῧμά
860 1649 921 1675 μου

132 1686 178 1712 ἐπ’
189 1686 292 1718 αὐτὸν.
317 1687 368 1714 καὶ
395 1687 496 1722 κρίσιν
526 1686 589 1720 τοῖς
608 1687 728 1714 ἔθνεσιν
751 1686 921 1722 ἀπαγγελεῖ.

134 1733 195 1759 Οὐκ
210 1732 313 1766 ἐρίσει,
331 1732 402 1759 οὐδὲ
412 1731 586 1767 κραυγάσει·
603 1731 675 1759 οὐδὲ
695 1731 922 1765 ἀκουσθήσεται

131 1778 166 1804 ἐν
176 1778 332 1811 πλατείαις
345 1779 364 1813 ἡ
380 1778 465 1813 φωνὴ
484 1778 587 1806 αὐτοῦ.
599 1778 741 1812 κάλαμον
752 1785 923 1812 συντετριμ-

130 1824 224 1858 μένον
240 1825 275 1851 οὐ
292 1823 439 1857 κατεάξει,
461 1824 511 1852 καὶ
523 1825 612 1852 λίνον
625 1825 795 1859 τυφόμενον
807 1825 843 1852 οὐ
854 1824 923 1851 σϐέ-

132 1878 190 1901 σει,
201 1869 257 1902 ἕως
269 1868 307 1896 ἂν
335 1868 447 1902 ἐκϐάλῃ
469 1870 512 1902 εὶς
534 1869 617 1902 νῖκος
630 1869 687 1904 τὴν
702 1869 813 1903 κρίσιν,
829 1869 875 1896 καὶ
887 1869 922 1896 τὰ

133 1915 197 1951 ἑξῆς
213 1925 219 1947 ς
237 1915 283 1951 Μὴ
306 1916 338 1951 δὴ
357 1915 444 1943 ταῦτα
454 1916 565 1942 δύναται
578 1915 650 1951 ἐχειν
667 1915 784 1951 ἔμφασιν
796 1915 919 1951 Τριάδος,

132 1957 155 1986 ὦ
171 1960 304 1994 ῳιλόνεικε
315 1959 405 1996 ;⁷Λρα
418 1961 482 1996 περὶ
492 1960 575 1987 αὑτοῦ
585 1962 600 1987 ό
611 1961 704 1996 Πατὴρ
714 1960 749 1986 τὰ
764 1960 882 1987 τοσαῦτα
892 1961 922 1987 ὲν

133 2005 172 2041 τῷ
180 2007 308 2042 προφήτῃ
319 2006 439 2042 διεξῆλθε
450 2015 457 2039 ;
467 2007 514 2038 Τίς
524 2005 552 2033 δέ
566 2007 623 2033 ἐστι
635 2007 700 2042 περὶ
709 2002 738 2033 οὗ
751 2006 920 2042 γέγραπται,

133 2049 226 2079 Εἶπεν
238 2053 253 2078 ό
266 2053 375 2086 Κύριος
394 2052 433 2084 τῷ
459 2052 556 2086 Κυρίῳ
569 2061 629 2087 μου
642 2059 648 2066 ·
662 2051 761 2080 Κάθου
770 2052 805 2079 ἐκ
815 2051 922 2084 δεξιῶν

131 2106 190 2132 μου
202 2106 211 2130 ;
225 2097 279 2124 Καὶ
295 2098 345 2124 οὐκ
357 2095 434 2124 εἶπεν
445 2105 452 2112 ⁶
469 2097 580 2124 Εἵσελθε
602 2098 643 2130 εἰς
666 2097 717 2133 ἐμέ
729 2106 736 2113 ·
760 2098 777 2134 ἦ
790 2098 870 2125 πάλιν
884 2098 921 2130 ὡς

133 2143 206 2177 λέγει
218 2143 248 2169 τὸ
261 2143 424 2178 Εὑαγγέλιον
434 2151 442 2158 ·
455 2143 509 2170 Kal
519 2142 650 2178 ἀνῆλθεν
662 2145 704 2176 εις
715 2143 770 2170 τὸν
780 2143 920 2177 οὐρανὸν,

134 2189 184 2216 καὶ
197 2188 339 2216 ἐκάθισεν
351 2188 386 2215 ἐν
413 2188 499 2222 δεξιᾷ
519 2189 573 2216 τοῦ
592 2189 707 2223 Πατρός
719 2196 726 2203 ·
747 2189 794 2215 καὶ
813 2189 921 2223 ἔρχεται

133 2235 224 2270 κρῖναι
237 2234 340 2266 ζῶντας
352 2233 400 2261 καὶ
410 2233 536 2270 νεκρούς·
548 2235 564 2269 ἢ
577 2234 668 2266 πάλιν,
679 2233 737 2266 πῶς
749 2235 798 2260 οὐκ
808 2233 920 2261 ἔπεισάν

134 2289 165 2307 σε
180 2281 205 2307 οἱ
220 2281 265 2307 δύο
274 2280 370 2316 ἄνδρες
383 2281 408 2306 οἰ
419 2281 448 2306 ἐν
464 2280 558 2315 ἐσθῆσι
568 2280 678 2312 λευκαῖς
691 2280 841 2315 πεφηνὰτες
851 2279 920 2315 πρὸς

133 2327 196 2358 τοὺς
224 2325 347 2362 μαθητὰς
372 2326 511 2358 εἰπόντες,
538 2325 659 2360 Ἄνδρες
680 2325 848 2358 Γαλιλαῖοι,
889 2325 918 2352 τι

133 2371 280 2405 ἑστήκατε
300 2372 344 2404 εις
366 2371 420 2398 τὸν
443 2371 575 2406 οὐρανὸν
597 2370 781 2404 ἀτενίζοντες
788 2379 798 2403 ;
826 2369 921 2404 Οὗτος

140 2424 260 2458 Ἰησοῦς
273 2425 290 2451 ὁ
302 2424 352 2458 ἀφ’
371 2423 455 2458 ἡμῶν
463 2425 507 2457 εις
521 2423 576 2451 τὸν
593 2423 724 2458 οὐρανὸν
735 2423 920 2458 ἀναληφθεὶς

135 2478 229 2510 οὕτως
254 2478 421 2508 ἐλεύσεται,
444 2476 485 2510 ὡς
508 2477 601 2503 αὑτὸν
611 2476 707 2503 εῖδει-ε
717 2474 921 2510 ἀναλαμϐανό-

132 2537 246 2563 pavor;
259 2529 326 2556 Τίνα
348 2528 377 2555 δὲ
399 2527 510 2554 ἔϐλεπεν
528 2528 542 2554 ὁ
556 2526 688 2562 μακάριος
705 2525 850 2560 Στέφανος.
876 2525 919 2551 ὅτε

135 2581 228 2616 ἔλεγεν
240 2585 253 2614 ,'
273 2580 345 2608 Ἰδοὺ
363 2580 421 2616 ἐγὼ
441 2579 498 2615 ὁρῶ
512 2580 566 2606 τὸν
580 2579 708 2613 οὐρανὸν
719 2577 917 2614 ἀνεῳγμένον,

135 2631 183 2658 καὶ
196 2632 250 2659 τὸν
264 2631 333 2658 Υίὸν
346 2630 400 2658 τοῦ
411 2630 568 2665 ἀνθρώπου
582 2630 697 2657 ἑστῶτα
708 2630 742 2657 ὲκ
749 2630 856 2662 δεξιῶν
866 2629 918 2657 τοῦ

136 2684 211 2711 Θεοῦ
223 2691 232 2714 ς
242 2683 278 2710 Σὺ
289 2683 327 2715 δὲ,
343 2679 367 2709 ὦ
391 2682 463 2709 κατὰ
482 2681 570 2708 πάντα
586 2681 688 2714 ίδιῶτα,
706 2682 745 2718 μὴ
762 2683 860 2718 νοήσας
869 2681 918 2726 τὴν

136 2735 226 2770 φωνὴν
241 2735 294 2762 τῶν
308 2735 392 2770 ἁγίων
411 2734 537 2770 Γραφῶν,
561 2734 672 2761 σεαυτὸν
687 2734 786 2769 μᾶλλον
799 2733 918 2768 ἔϐλαψας

173 2814 181 2829 ³
198 2814 247 2842 Isa.
264 2821 328 2846 xul,
348 2814 359 2840 Ι
376 2821 437 2849 sqq.

475 2813 485 2828 ¹
506 2811 643 2844 Psal.cix,
662 2813 684 2839 l.
723 2812 733 2828 '
754 2811 835 2840 Marc.
856 2819 912 2843 xu,
929 2810 970 2839 l9.

972 1592 1082 1620 modum
1106 1592 1225 1620 Trinitas
1255 1593 1313 1627 ipsa
1335 1597 1503 1626 numeretur,
1519 1602 1581 1621 cum
1601 1599 1629 1622 et
1645 1594 1724 1622 Pater
1745 1602 1762 1622 ο

973 1630 1043 1666 cmlo
1060 1638 1170 1671 clamat,
1191 1642 1220 1666 et
1242 1637 1326 1666 Filius
1342 1638 1369 1666 in
1384 1638 1503 1666 Iordane
1520 1640 1643 1675 tingitur,
1658 1645 1685 1668 et
1700 1640 1747 1676 Spi

973 1685 1044 1712 ritus
1058 1687 1170 1712 sanctus
1185 1684 1275 1719 specie
1301 1684 1434 1712 columbae
1461 1686 1606 1714 delabitur.
1626 1685 1684 1718 Dic.
1715 1695 1763 1714 su-

973 1731 1032 1762 des,
1054 1730 1116 1766 quis
1133 1733 1175 1757 est
1192 1731 1237 1757 ille
1260 1730 1305 1766 qui
1331 1731 1420 1759 dixit:
1435 1731 1501 1759 Ecce
1525 1732 1650 1767 intelliget
1672 1731 1761 1760 Filius

973 1785 1046 1805 meus
1063 1777 1183 1809 dilectus,
1200 1777 1228 1804 in
1250 1785 1300 1813 quo
1326 1779 1390 1805 mihi
1408 1778 1564 1811 complacui,
1586 1787 1661 1814 quem
1682 1779 1761 1815 elegit

973 1824 1063 1851 animo
1090 1832 1158 1851 mea.
1178 1823 1278 1851 Panum
1299 1823 1426 1858 Spiritum
1444 1833 1530 1853 meum
1551 1832 1629 1859 super
1655 1826 1758 1859 ipsum,

972 1873 998 1895 et
1012 1867 1143 1904 judicium
1158 1868 1278 1904 gentibus
1296 1869 1438 1897 nuntiabit.
1458 1868 1519 1896 Non
1538 1870 1675 1897 contendet
1686 1890 1694 1903 ,
1715 1879 1761 1898 ηις

972 1922 1022 1950 que
1038 1914 1174 1947 clamabit,
1189 1922 1235 1941 nec
1256 1914 1379 1941 audietur
1397 1915 1425 1941 in
1443 1914 1537 1950 plateis
1555 1923 1603 1942 vos;
1622 1915 1688 1950 ejus.
1706 1915 1761 1945 Ca-

973 1961 1073 1988 lamum
1100 1961 1242 1988 contritum
1265 1968 1317 1987 non
1338 1960 1501 1995 confringet,
1526 1965 1552 1987 ct
1574 1961 1656 1988 linum
1679 1961 1761 1996 [unti—

972 2015 1038 2042 gam
1061 2015 1113 2033 non
1138 2007 1302 2041 exstinguat,
1333 2005 1413 2033 donec
1439 2006 1543 2032 emittat
1568 2006 1596 2033 in
1623 2007 1760 2035 victorions

967 2053 1098 2087 judicium
1116 2052 1136 2084 ί.
1153 2052 1214 2079 etc?
1232 2051 1359 2086 Nunquid
1374 2051 1419 2078 illa
1434 2051 1467 2079 ad
1480 2051 1682 2087 exprimendam
1696 2053 1759 2080 Tri-

972 2097 1085 2124 nitatem
1097 2098 1150 2124 vim
1161 2096 1262 2124 habere
1272 2097 1332 2128 tibi,
1347 2097 1486 2124 hominum
1499 2097 1758 2130 contentiosissime,

971 2142 1116 2169 videntur?
1135 2143 1176 2169 An
1192 2142 1226 2170 de
1249 2149 1279 2170 se
1297 2145 1337 2170 tot
1358 2142 1403 2169 illa
1418 2143 1500 2170 Pater
1514 2142 1584 2177 apud
1598 2143 1758 2178 prophetam

972 2188 1122 2215 disseruit?
1137 2188 1202 2222 Age,
1217 2187 1279 2222 quis
1301 2191 1344 2215 est
1365 2187 1410 2214 ille
1427 2187 1461 2215 de
1473 2195 1528 2222 quo
1546 2188 1678 2223 scriptum
1692 2192 1734 2216 est
1749 2197 1758 2216 :

937 2219 958 2246 θ
973 2233 1048 2260 Dixit
1064 2219 1198 2260 Dominus
1212 2219 1323 2260 liomino
1338 2241 1394 2260 meo
1409 2240 1418 2260 :
1433 2219 1500 2260 Sede
1514 2241 1530 2260 a
1544 2219 1643 2260 dextris
1659 2235 1760 2261 meis‘l

972 2278 1032 2305 Non
1055 2278 1141 2306 dixit:
1169 2278 1198 2305 In
1222 2286 1265 2306 me
1283 2278 1355 2306 subi.
1378 2278 1431 2305 Aut
1453 2278 1518 2305 illud
1542 2287 1666 2310 rursum,
1685 2280 1760 2314 quod

973 2325 1000 2352 in
1021 2325 1167 2360 Evangelia
1180 2325 1310 2359 scriptum
1330 2327 1373 2352 est
1389 2333 1396 2352 :
1414 2323 1448 2351 Et
1469 2324 1587 2350 ascendit
1608 2325 1635 2350 in
1653 2325 1759 2358 caelum,

973 2373 998 2396 et
1012 2369 1078 2396 sedit
1093 2369 1127 2396 ad
1142 2369 1277 2396 dexteram
1292 2368 1382 2396 Patris
1394 2369 1422 2401 ';
1437 2373 1464 2396 et
1477 2372 1608 2396 venturus
1626 2373 1669 2397 est
1685 2370 1762 2405 judi-

973 2421 1037 2442 care
1059 2414 1137 2442 vivos
1161 2419 1195 2442 ει·
1217 2418 1349 2442 mortuos.
1375 2413 1457 2449 518
1474 2413 1606 2442 Pratema
1630 2422 1680 2442 cur
1704 2423 1760 2444 non

973 2459 1088 2486 duorum
1101 2459 1209 2486 illorum
1226 2460 1345 2486 virorum
1369 2460 1416 2487 tibi
1437 2460 1582 2495 persuadet
1598 2460 1758 2495 auctoritas,

972 2505 1019 2539 qui
1034 2505 1062 2532 in
1075 2505 1197 2532 vestibus
1210 2505 1279 2532 albis
1301 2510 1464 2540 apparentes
1479 2505 1517 2532 ita
1533 2505 1681 2541 discipulos
1693 2506 1760 2533 allo-

973 2551 1029 2578 cuti
1047 2556 1111 2579 sunt
1129 2561 1136 2578 :
1152 2545 1212 2578 Viri
1238 2550 1361 2584 Galilei,
1377 2551 1440 2586 quid
1463 2552 1541 2579 statis
1564 2552 1715 2586 aspicientes
1730 2552 1759 2579 in

972 2597 1085 2624 calum?
1108 2596 1159 2623 Hic
1184 2595 1272 2629 Iesus.
1298 2597 1342 2632 qui
1367 2602 1519 2632 assumptus
1541 2602 1580 2624 est
1604 2606 1620 2624 α
1640 2597 1710 2624 vobis
1731 2598 1759 2623 iu

972 2643 1081 2675 mlum,
1099 2642 1137 2669 sic
1157 2643 1237 2670 veniet
1260 2642 1480 2678 quemadmodum
1501 2643 1578 2670 illum
1595 2643 1696 2670 vidistis
1719 2651 1761 2670 as-

972 2692 1104 2721 sumptum
1119 2687 1150 2714 λι
1163 2687 1313 2721 Quemnam
1339 2696 1404 2716 vero
1423 2689 1519 2716 beatus
1545 2688 1697 2723 Stephanus
1715 2688 1759 2715 in-

972 2734 1110 2766 tuebatur,
1124 2741 1186 2762 cum
1205 2733 1307 2763 diceret
1321 2744 1328 2762 :
1351 2734 1416 2763 Ecca
1429 2743 1475 2770 ego
1492 2734 1565 2762 video
1582 2734 1675 2762 culum
1687 2741 1760 2768 apar-

1010 2812 1020 2826 ⁵
1035 2812 1096 2838 Act.
1114 2820 1133 2846 ι,
1154 2812 1196 2840 ΙΙ.
