1958 3050
183 94 250 122 1039

869 95 898 124 S.
921 94 1090 124 EPIPHANII

1739 96 1814 124 1060

183 158 249 184 tum,
264 158 290 180 et
304 152 405 180 Filium
424 153 536 180 hominis
551 158 665 180 stantem
678 161 695 179 a
711 152 810 180 dextris
825 152 872 179 Dei
885 153 915 180 ‘2
930 152 971 179 Tu

1026 153 1069 179 καὶ
1091 152 1154 184 τοὺς
1172 153 1214 179 σοὶ
1240 152 1457 184 ὑπακούσαντας,
1479 153 1602 180 ἰκπεσὼν
1613 152 1662 188 τῆς
1679 152 1759 187 ἁγίας
1773 153 1817 179 πί-

182 207 256 230 vero,
278 199 355 227 rudis
380 199 407 226 in
421 199 548 226 omnibus
573 203 654 233 atque
676 199 809 233 imperite,
831 206 881 226 nec
902 199 967 232 quid

1023 206 1107 229 στεως
1120 197 1168 233 τῆς
1182 198 1228 224 τοῦ
1241 197 1308 224 Θεοῦ
1323 197 1460 233 ἀληθείας.

182 254 266 274 sacrae
280 246 387 274 Littera:
399 247 544 282 loquantur
563 247 725 282 intelligens,
738 247 897 282 tibimetipsi
913 255 945 273 ac
960 245 1016 274 tuis
1034 246 1266 274 ausuultatoribus
1280 245 1376 280 magis_
1388 245 1478 273 fraudi
1504 246 1592 278 fuisti,
1610 246 1674 274 dum
1692 254 1707 273 ιι
1721 254 1817 274 sacro-

183 298 277 319 sancta
292 293 390 321 divinae
403 293 526 321 veritatis
539 294 590 322 [Ide
608 294 715 329 longius
724 293 859 322 excidisti.

219 337 273 365 VII.
290 339 396 366 Etenim
419 339 508 374 reipsa
530 339 638 374 quidem
663 339 715 366 hoc
740 339 785 367 ille
805 339 873 366 dixit
890 349 897 366 :
917 338 973 373 Ego

183 393 240 412 sum
255 385 402 419 primus,ct
420 394 467 421 ego
481 386 621 420 posterior,
638 390 664 413 et
683 390 780 420 prater
800 394 840 412 me
863 394 914 412 non
934 391 972 413 est

183 432 253 458 alius
268 433 289 459 ³.
310 431 442 459 Nimirum
463 433 556 468 plures
579 432 615 459 dii
633 439 803 467 nequaquam
818 433 971 465 exsistunt;

183 476 230 504 sed
246 485 316 505 unus
332 477 464 505 duntaxat
485 477 588 513 primus
605 485 637 504 ac
658 477 804 513 posterior,
820 477 910 510 Pater,
928 477 972 505 Fi-

184 523 236 551 lius
250 527 276 550 et
292 522 409 558 Spiritus
428 527 551 551 sanctus.
567 522 626 551 Non
652 527 682 550 ut
703 523 828 552 confusio
848 524 970 559 quaedam

183 567 304 596 Trinitas
327 569 371 596 illa
392 569 436 601 sit,
462 573 509 596 aut
523 569 556 596 ab
570 569 674 597 unitate
696 577 746 598 sua
767 569 901 601 discreta;
923 570 971 597 sed

184 613 264 641 l'ater
285 622 348 643 vere
364 614 461 642 Filium
485 615 595 651 genuit;
617 619 644 643 et
667 615 752 644 Filius
768 624 831 644 vere
853 624 868 643 a
894 615 973 644 Patre

184 660 308 694 genitus,
332 660 360 688 in
378 668 494 696 persona
520 668 569 688 sua
594 661 758 692 subsistens.
785 662 855 689 initii
881 662 972 690 omnis

184 713 282 740 expers
297 713 329 733 ac
346 707 486 742 temporis.
503 707 568 734 Item
591 706 709 742 Spiritus
732 712 845 736 sanctus
863 716 878 735 a
891 708 972 735 Patre

184 755 212 778 et
224 751 302 784 Filio,
316 756 344 780 et
357 753 450 780 eadem
463 753 604 781 divinitate
616 753 744 788 praeditus
758 761 773 780 a
787 753 867 781 Patre
879 760 972 788 proce-

185 797 226 825 dit
237 797 257 830 ⁸.
270 803 299 826 et
313 805 329 825 α
342 797 409 826 Filio
423 806 531 834 semper
544 798 681 834 accipit‘;
697 806 768 826 unus
783 798 854 826 Deus
868 799 972 834 primus

185 852 217 871 ac
240 845 385 880 posterior.
407 845 492 873 Porro
515 845 628 873 alterius
646 846 789 880 cujusdam
809 845 910 881 negotii
927 843 974 871 ad-

185 889 358 918 ministrandi
368 891 465 926 gratia,
483 894 564 927 atque
583 899 617 919 ex
632 891 774 927 ipsiusmet
790 891 892 919 Christi
911 899 974 926 per—

186 942 253 962 sona
276 935 311 963 ad
332 944 395 964 eum
420 937 530 964 modum
549 938 667 966 canitur.
690 937 759 965 Cum
785 942 874 966 autem
894 938 974 966 Jesus

184 980 311 1010 Christus
322 981 452 1010 Dominus
463 987 556 1011 noster
573 991 758 1019 saepenumero
773 984 914 1019 prophetis
930 992 976 1019 ap-

186 1027 317 1061 paruerit,
329 1030 356 1055 et
367 1028 511 1056 adventum
525 1036 604 1057 suum
619 1030 796 1062 nuntiaverit,
808 1037 840 1058 se
851 1030 974 1057 nonnulli

186 1072 297 1100 minime
316 1073 391 1100 illum
413 1074 573 1109 receperint.
595 1075 641 1110 qui
668 1076 783 1103 alterum
807 1076 869 1103 loco
888 1075 976 1111 ipsius

185 1122 387 1152 exspectarent.
403 1118 507 1146 Idcirco
523 1121 557 1147 ad
579 1128 627 1148 eos
641 1121 686 1156 qui
702 1121 909 1149 simulacrorum
931 1129 975 1149 su-

187 1163 394 1197 perstitionibus
414 1164 545 1200 implicati
564 1170 652 1196 erant.
675 1174 707 1193 ac
723 1166 836 1194 deorum
856 1167 976 1194 multitu-

190 1209 283 1236 dinem
314 1209 342 1236 in
369 1209 461 1237 orbem
479 1214 612 1238 terrarum
630 1212 797 1243 invexerant,
812 1220 847 1240 ne
866 1213 976 1240 attoniti

185 1257 214 1280 et
225 1254 384 1283 aberrantes
396 1255 524 1283 Israelita:
539 1256 770 1289 Amorrhaaorum,
782 1257 974 1291 Chetlaaorum,

185 1300 411 1333 Chanancorum,
423 1301 637 1334 Pheresaeorum,
654 1303 806 1335 Evaorum.
818 1303 975 1338 Gergesseu-

187 1352 260 1377 rum,
278 1344 475 1379 Jebusaeorum,
492 1346 666 1374 Arucaeorum
677 1367 685 1380 ,
712 1348 922 1375 Assannaeorum
938 1347 976 1374 si-

187 1391 307 1418 mulacra
331 1391 462 1424 colerent,
486 1392 715 1427 quemadmodum
736 1393 896 1428 praedictum
921 1393 975 1421 illis

188 1435 286 1462 luerat.
301 1435 407 1471 Quippe
417 1442 443 1464 et
454 1436 619 1473 Beelphegor
632 1437 792 1471 adoraruut,
805 1442 833 1466 et
845 1439 974 1472 Chamos,

186 1485 213 1508 et
224 1481 372 1515 Astartem,
384 1487 411 1510 et
425 1482 578 1516 Mazuroth,
594 1488 621 1511 et
637 1483 745 1517 Neaste,
758 1488 786 1512 et
804 1484 973 1517 Beelzebath,
988 1502 1010 1531 ς

187 1532 339 1564 ceteraque
360 1529 507 1557 simulacra
531 1530 662 1566 gentium.
680 1529 826 1566 Propterea
845 1531 974 1559 Dominus

187 1575 224 1602 ita
240 1576 346 1602 locutus
360 1580 422 1603 est:
439 1575 494 1611 Ego
507 1584 566 1603 sum
585 1576 630 1611 qui
650 1585 707 1603 sum
723 1577 750 1609 ';
768 1575 824 1612 Ego
845 1585 903 1604 sum
917 1577 974 1611 pri-

188 1627 245 1648 mu
260 1626 284 1647 et
296 1621 458 1654 posterior‘.
477 1621 538 1654 Quo
561 1622 622 1649 illos
641 1621 723 1657 519
745 1622 870 1650 conﬁctis
885 1623 974 1658 genti-

188 1665 254 1695 lium
271 1666 368 1694 fabulis
390 1671 539 1700 revocaret,
558 1676 620 1703 quae
638 1668 752 1696 deorqu
774 1669 975 1697 multitudinem

188 1713 365 1740 venerantur.

223 1754 301 1788 Quod
326 1759 417 1784 autem
441 1756 539 1785 Filium
562 1757 707 1786 Dominum
731 1762 857 1787 nostrum
881 1759 974 1788 Iesum

187 1800 326 1828 Christum
356 1802 506 1830 venientem
535 1803 704 1839 repudiaturi
729 1804 829 1839 forent,
857 1805 915 1833 haec
941 1806 974 1834 ad

186 1846 296 1880 Judagos
308 1848 388 1875 verba
401 1848 464 1876 fecit
475 1857 482 1875 ε
496 1847 551 1884 Ego
562 1858 621 1876 sum
636 1850 736 1885 primus
746 1855 771 1878 et
783 1852 940 1879 novissimus
952 1852 974 1880 ".

190 1892 296 1919 Primus
306 1893 420 1925 scilicet,
439 1894 485 1928 qni
500 1894 553 1922 huc
571 1902 654 1923 carne
673 1895 802 1930 praeditus
816 1896 935 1928 advenit,
948 1899 975 1924 et

188 1938 336 1967 novissime
350 1945 481 1968 venturus
498 1940 622 1975 judicare
640 1942 715 1969 vivos
730 1947 757 1970 et
773 1947 904 1970 mortuos.
923 1942 974 1976 Qui

187 1984 296 2020 quidem
309 1985 337 2013 in
354 1993 436 2014 cruce
453 1994 550 2022 passus
572 1994 604 2014 ac
627 1987 759 2023 sepultus,
774 1993 855 2023 atque
874 1988 975 2015 excita-

188 2034 234 2057 tus
258 2037 273 2057 a
296 2031 421 2064 mortuis,
441 2039 505 2059 cum
523 2031 617 2060 eodem
636 2041 750 2068 corpore
772 2033 799 2060 in
818 2033 916 2061 cmlum
933 2037 975 2060 est

187 2074 305 2110 gloriose
331 2076 488 2110 subvectus,
510 2082 538 2105 et
562 2077 595 2105 ad
617 2085 674 2106 suae
693 2078 844 2107 divinitatis
859 2078 974 2114 gloriam

188 2125 342 2156 cooptatus,
360 2130 392 2149 ac
415 2130 485 2150 novo
509 2123 654 2159 splendore
676 2124 862 2158 collustratus,
875 2128 904 2152 ut
926 2132 974 2152 ne-

1058 335 1095 362 Z'.
1117 335 1189 371 Ἐφη
1216 335 1270 370 γὰρ
1284 334 1322 366 ὡς
1349 334 1458 371 ἀληθῶς
1471 344 1478 351 ·
1499 336 1569 371 Ἐγώ
1579 338 1637 372 ειμι
1653 339 1670 365 ὀ
1685 339 1813 373 πρῶτος,

1024 382 1073 409 καὶ
1096 381 1154 416 ἐπεὶ)
1184 382 1242 416 ειμι
1267 383 1284 408 ὀ
1304 381 1379 416 μετὰ
1392 382 1496 415 ταῦτα,
1515 384 1563 410 καὶ
1577 384 1727 420 «hiva
1756 388 1813 414 οὐκ

1023 428 1111 455 ἐστιν
1122 428 1230 462 ἔτερος.
1253 428 1297 460 Ὧς
1314 427 1422 464 ἀληθῶς
1437 429 1492 465 γὰρ
1502 430 1554 456 οὐκ
1569 431 1622 457 εἰσὶ
1636 431 1729 460 πολλοὶ
1743 433 1812 466 θεοὶ,

1024 473 1081 500 ἀλλ’
1096 471 1137 505 εἷς
1149 474 1214 506 Θεὸς
1230 475 1245 501 ό
1273 474 1393 509 πρῶτος,
1417 475 1464 502 καὶ
1475 475 1489 502 ὁ
1507 475 1576 511 μετὰ
1593 476 1690 509 ταῦτα,
1706 479 1813 516 Πατὴρ,

1024 518 1071 545 καὶ¹
1091 518 1164 550 Υἱὸς,
1190 518 1238 545 καὶ
1262 519 1338 553 ἅγιον
1361 519 1482 555 Πνεῦμα,
1502 521 1533 548 οὐ
1548 522 1694 558 συναλοιφή
1708 522 1776 552 οὖσα
1793 527 1811 560 ἡ

1023 564 1118 600 Τριὰς,
1133 565 1194 592 οὐδὲ
1206 565 1362 602 διῃρημένη
1378 568 1427 601 τῆς
1444 567 1544 602 ἑαυτῆς
1557 569 1728 605 ταυτότητος,
1743 571 1813 598 ἀλλὰ

1024 611 1118 646 Πατὴρ
1133 610 1239 646 ἀληθῶς
1252 612 1385 647 γεννήσας
1398 612 1472 645 Υὶὺν,
1493 613 1541 640 καὶ
1554 613 1617 646 Υἱὸς
1634 614 1741 650 ἀληθῶς
1750 625 1813 650 γενο

1024 656 1115 691 νηθεὶς
1132 657 1165 683 ἐκ
1180 657 1285 693 Πατρὸς
1299 658 1480 690 ἑνυπόστατος
1488 659 1613 695 ἀναρχως
1620 661 1667 687 καὶ
1679 661 1811 697 ἀχρόνως·

1024 701 1070 728 καὶ
1097 702 1209 737 Πνεῦμα
1238 702 1315 737 ἃγιον
1342 703 1449 738 ἀληθῶς
1472 704 1505 730 ὲκ
1534 704 1642 740 Πατρὺς
1661 706 1710 732 καὶ
1735 707 1812 739 Υἱοῦ,

1024 748 1072 782 τῆς
1091 748 1177 782 αὐτῆς
1191 747 1327 783 θεότητος,
1346 750 1380 775 ὲκ
1395 750 1502 785 Πατρὸς
1528 750 1752 787 ἐκπορευόμενον,
1765 754 1813 780 καὶ

1024 793 1072 820 τοῦ
1088 793 1153 820 Υίοῦ
1181 794 1320 829 λαμϐάνον
1349 796 1402 827 ἀεὶ,
1429 793 1468 827 εἷς
1481 796 1547 829 Θεὸς
1565 798 1580 824 ό
1598 798 1714 834 πρῶτος,
1731 800 1777 826 καὶ
1798 801 1814 826 ὁ

1027 839 1095 874 μετὰ
1107 840 1202 868 ταῦτα.
1219 840 1319 872 Ἀλλης
1337 841 1366 868 δὲ
1387 841 1467 868 πάλιν
1489 842 1570 870 ἕνεκα
1584 844 1750 880 οἰκονομίας,
1765 847 1814 872 καὶ

1025 885 1079 911 ἀπὸ
1091 885 1238 921 προσώπου
1251 886 1279 913 δὲ
1293 886 1377 913 αὐτοῦ
1399 887 1444 914 τοῦ
1468 888 1586 924 Χριστοῦ
1605 889 1697 926 ᾅδεται
1716 891 1812 924 οὕτως.

1024 930 1109 957 Πάλιν
1132 932 1227 968 ἐπειδὴ
1243 931 1372 964 πολλάκις
1393 934 1408 959 ό
1425 933 1525 970 Κύριος
1538 935 1615 970 ἡμῶν
1632 936 1733 972 Ἰησοῦς
1747 938 1815 973 Χρι-

1025 976 1087 1009 στὸς
1109 978 1213 1013 πέφηνε
1244 980 1300 1011 τοῖς
1324 981 1488 1016 προφήταις,
1508 981 1555 1007 καὶ
1582 983 1744 1018 κατήγγειλε
1765 984 1814 1020 τὴν

1007 1023 1121 1051 ’ἑαυτοῦ
1141 1025 1290 1061 παρουσίαν
1309 1025 1430 1058 ἔσεσθαι,
1450 1027 1521 1060 τινὲς
1543 1027 1572 1054 δὲ
1591 1028 1672 1055 αὐτὸν
1689 1030 1738 1057 οὐκ
1754 1030 1814 1057 ἑδέ-

1025 1069 1114 1102 ξαντο,
1127 1070 1332 1106 προσδοκῶντες
1356 1071 1448 1107 ἕτερον
1466 1072 1524 1098 ἀντ’
1541 1073 1635 1101 αὐτοῦ.
1665 1074 1720 1101 Kal.
1745 1076 1814 1111 πρὸς

1027 1113 1076 1148 μὲν
1090 1113 1153 1146 τοὺς
1177 1114 1377 1150 δεισιδαίμονας
1391 1115 1447 1142 τῶν
1464 1115 1593 1148 εἰδώλων,
1609 1118 1656 1145 καὶ
1669 1119 1815 1147 πολυθεῖαν

1025 1159 1063 1195 τῷ
1078 1161 1172 1196 κόσμῳ
1190 1161 1396 1197 εἰσαγηοχότας,
1413 1162 1457 1189 ἵνα
1473 1162 1512 1198 μὴ
1527 1163 1709 1198 ἐκπλαγέντες
1724 1167 1748 1192 οἱ
1762 1167 1815 1193 υἱοὶ

1031 1206 1149 1242 Ἰσραὴλ,
1162 1206 1209 1233 καὶ
1216 1207 1408 1242 ἐκτραπέντες,
1421 1208 1456 1235 τὰ
1465 1208 1561 1236 εἴδωλα
1571 1209 1624 1237 τῶν
1632 1210 1815 1248 Ἀμορραίων,

1025 1252 1072 1279 καὶ
1089 1253 1239 1285 Χετταιων,
1257 1253 1304 1280 καὶ
1327 1254 1498 1286 Χαναναίων,
1520 1256 1568 1282 καὶ
1583 1256 1746 1293 Φερεζαίων,
1768 1260 1815 1286 καὶ

1026 1298 1143 1331 Εὐαίων,
1154 1299 1202 1326 καὶ
1213 1299 1395 1334 Γεργεσαίων,
1410 1300 1456 1327 καὶ
1469 1300 1648 1335 Ἰεϐουσαίων,
1660 1303 1707 1330 καὶ
1723 1304 1815 1340 Ἆρον·

1026 1343 1121 1376 καίων,
1132 1344 1180 1371 καὶ
1204 1345 1386 1372 Ἀσσανναίων
1399 1348 1636 1383 προσκυνήσωσιν,
1653 1349 1691 1380 ὡς
1704 1349 1751 1376 καὶ
1766 1351 1816 1377 αὺ-

1026 1391 1081 1422 τοῖς
1089 1389 1301 1426 προεφητεύετο.
1313 1391 1523 1427 Προσεκύνησαν
1534 1390 1588 1429 γὰρ
1596 1393 1635 1429 τῷ
1645 1393 1815 1431 Βεελφεγὼρ,

1026 1437 1072 1462 καὶ
1081 1435 1119 1470 τῷ
1131 1435 1245 1472 Χαμῶς,
1259 1436 1346 1472 καὶτῇ
1364 1437 1510 1474 Ἀστάρτῃ,
1523 1438 1568 1465 καὶ
1580 1441 1636 1471 τοῖς
1651 1440 1815 1477 Μαζουρὼθ,

1026 1481 1073 1507 καὶ
1093 1482 1149 1513 τοῖς
1170 1481 1295 1514 Νεασθῶ,
1321 1483 1368 1509 καὶ
1386 1483 1425 1518 τῷ
1442 1483 1602 1517 Βεελζεὸἁθ,
1621 1486 1739 1518 καὶτοῖς
1760 1486 1816 1514 λοι-

1027 1528 1086 1558 ποῖς
1101 1527 1220 1560 εἰδώλοις
1230 1528 1286 1555 τῶν
1299 1528 1396 1555 ἐθνῶν.
1416 1529 1462 1556 Διὸ
1476 1530 1523 1556 καὶ
1534 1529 1626 1564 ἔλεγεν
1638 1531 1719 1563 αὐτὸς
1732 1532 1746 1557 ό
1759 1533 1817 1559 Κύ-

1026 1583 1083 1609 ριος
1094 1580 1103 1589 ·
1117 1573 1190 1609 Ἐγώ
1203 1576 1260 1609 ειμι
1271 1577 1288 1602 ό
1302 1575 1360 1602 ὢν·
1382 1575 1456 1610 Ἐγὼ
1475 1577 1492 1602 ὁ
1503 1576 1629 1610 πρῶτος,
1647 1577 1696 1606 καὶ
1709 1579 1726 1605 ό
1740 1579 1817 1613 μετὰ

1024 1620 1118 1647 ταῦτα
1130 1628 1136 1634 ·
1149 1620 1192 1647 ἴνα
1217 1621 1316 1653 αὐτοὺς
1341 1621 1501 1658 ἀποστρέψῃ
1521 1622 1571 1658 τῆς
1586 1622 1641 1650 τῶν
1660 1623 1816 1659 ὲθνομύθων

1025 1665 1139 1700 πλάνης,
1158 1666 1212 1693 τῶν
1227 1666 1451 1702 προσκυνούντων
1465 1668 1515 1703 τὴν
1529 1667 1682 1696 πολυθεῖαν.

1060 1752 1114 1778 Καὶ
1131 1753 1222 1789 ἐπειδὴ
1236 1753 1348 1789 ἔμελλον
1364 1755 1415 1791 τὴν
1429 1757 1580 1792 παρουσίαν
1595 1757 1677 1784 αὑτοῦ
1689 1758 1737 1785 τοῦ
1749 1759 1815 1786 Υίοῦ

1025 1796 1192 1825 ἀπωθεῖσθαι
1216 1798 1263 1825 τοῦ
1281 1798 1381 1836 Κυρίου
1405 1801 1484 1836 ἡμῶν
1504 1802 1591 1837 Ἰησοῦ
1613 1803 1742 1839 Χριστοῦ,
1761 1804 1815 1841 ἔφη

1025 1843 1093 1879 πρὸς
1104 1845 1167 1876 τοὺς
1191 1845 1334 1878 Ἰουδαίους
1346 1854 1353 1861 '
1389 1848 1463 1883 Ἐγώ
1474 1850 1534 1884 ειμι
1558 1851 1574 1876 ὁ
1596 1849 1720 1884 πρῶτος,
1735 1852 1784 1878 καὶ
1797 1853 1816 1879 ὁ

1022 1890 1097 1924 μετὰ
1109 1890 1211 1918 ταῦτα.
1231 1891 1260 1918 '0
1277 1893 1384 1928 πρῶτος
1402 1895 1431 1921 ὲν
1450 1895 1530 1930 σαρκὶ
1544 1895 1727 1931 ἐπιδημήσας,
1742 1897 1816 1924 καὶὸ

1027 1936 1096 1971 μετὰ
1109 1936 1196 1963 ταῦτα
1209 1937 1372 1973 ἐρχόμενος
1384 1939 1481 1974 κρῖναι
1496 1939 1605 1974 ζῶντας
1616 1941 1665 1968 καὶ
1677 1943 1814 1977 νεκρούς

1025 1981 1071 2007 ἐπὶ
1081 1981 1119 2016 τῷ
1137 1982 1246 2018 σταυρῷ
1264 1984 1416 2017 πεπονθὼς,
1431 1985 1478 2012 καὶ
1501 1986 1608 2020 ταφεὶς,
1624 1987 1671 2013 καὶ
1683 1987 1813 2021 ἀναστὰς,

1025 2027 1054 2053 ὲν
1070 2026 1131 2063 δόξῃ
1147 2027 1196 2063 μὲν
1223 2029 1252 2055 ὲν
1278 2029 1353 2065 αὺτῷ
1373 2030 1412 2066 τῷ
1445 2031 1551 2067 σώματι
1569 2032 1745 2069 ἀναληφθεὶς.
1773 2035 1816 2067 εἰς

1025 2072 1104 2104 δόξαν
1128 2073 1156 2100 δὲ
1175 2073 1226 2109 τῆς
1252 2075 1335 2102 αὑτοῦ
1359 2076 1484 2112 θεότητος
1501 2078 1653 2112 ἐνωθέντος,
1679 2080 1726 2107 καὶ
1749 2089 1815 2115 φαι-

1026 2116 1196 2152 δρυνθέντος,
1218 2119 1266 2146 καὶ
1280 2120 1380 2156 μηκέτι
1397 2121 1450 2148 ὑπὸ
1464 2122 1536 2159 ἁφὴν
1548 2123 1741 2160 ἐμπίπτοντος,
1755 2127 1816 2153 νυνὶ

187 2172 445 2203 qne_contreetetur
468 2170 596 2204 amplius,
623 2178 713 2205 neque
745 2175 860 2198 mortem
886 2170 972 2205 possit

1027 2163 1125 2198 μηκέτι
1137 2163 1253 2192 Θανάτου
1268 2166 1437 2202 μετέχοντος.
1463 2168 1586 2204 Ἀνέστη
1603 2171 1669 2205 γὰρ,
1681 2171 1719 2203 ὧς
1732 2180 1816 2207 φησιν

186 2212 333 2240 sustinere.
351 2213 473 2241 Surrexit
495 2215 576 2249 enim,
592 2216 631 2243 ait
647 2215 817 2251 Scriptura‘.
835 2215 975 2248 Christus;

188 2267 258 2286 mars
274 2258 316 2286 illi
334 2259 406 2286 ultra
428 2269 480 2287 non
498 2260 689 2294 dominabitur,
712 2261 801 2298 inquit
819 2261 974 2297 Apostolus.

187 2303 227 2331 Ac
239 2304 302 2332 vide
314 2313 396 2340 quam
412 2310 509 2334 exacta
523 2307 671 2344 Scriptura:
687 2309 757 2336 ratio
771 2313 888 2342 constet,
902 2313 976 2336 tulo-

186 2357 241 2385 que
256 2350 372 2378 deducat
385 2351 533 2386 hominem,
547 2360 581 2380 ne
603 2353 632 2380 in
655 2353 814 2381 alterutram
833 2361 848 2381 a
864 2354 976 2382 veritate

189 2397 294 2429 partem
311 2395 430 2427 excidat,
446 2400 476 2424 ut
487 2404 549 2424 cum
564 2397 636 2425 illius
649 2406 727 2426 mens
740 2398 833 2434 plures
844 2399 896 2426 sibi
910 2398 977 2427 deos

188 2440 314 2476 eilingere
339 2442 465 2476 voluerit,
492 2443 586 2470 statim
614 2443 680 2471 illud
711 2443 830 2471 audiat:
848 2444 976 2471 Dominus

187 2483 259 2512 Dm
279 2490 339 2513 tum
362 2495 430 2514 unus
455 2493 494 2515 est
512 2489 533 2516 '.
549 2489 618 2517 Cum
642 2493 733 2517 autem
757 2490 873 2517 alterum
898 2489 978 2519 Chri—

186 2535 269 2564 stum,
287 2536 384 2566 praeter
399 2541 460 2560 eum
475 2534 522 2569 qui
538 2534 595 2569 jam
612 2535 732 2568 advenit,
749 2529 852 2570 poiteri
868 2535 977 2564 lsraelis

185 2577 420 2610 exspectaverint,
448 2579 561 2606 audiant
584 2580 726 2608 vicissim:
743 2579 799 2616 Ego
821 2581 933 2615 primus,
949 2586 975 2608 et

185 2630 232 2657 ego
247 2622 402 2651 novissimus
410 2631 421 2656 ;
433 2628 460 2652 et
475 2626 547 2661 :Ego
562 2633 620 2653 sum
633 2629 656 2654 A
669 2631 694 2653 et
704 2628 728 2653 0
743 2627 776 2654 ὀ,
791 2627 824 2658 Δ,
838 2627 974 2659 videlicet,

186 2668 258 2704 quod
278 2669 406 2699 deorsum
420 2672 540 2707 respicit,
555 2676 583 2700 et
597 2673 618 2699 Ω
632 2694 640 2706 ,
653 2673 726 2709 quod
751 2681 862 2702 sursum
878 2674 976 2702 obver-

190 2786 202 2802 ν
331 2765 380 2802 Ψ·
395 2758 462 2802 δξκ,
479 2760 489 2775 ²
501 2758 554 2788 lsa'
566 2768 640 2802 Ἶσιν,
655 2762 703 2802 (ξι,-
720 2762 730 2778 ³
743 2761 822 2790 Joan.
835 2770 881 2802 _xv,

211 2788 264 2819 lea.
279 2800 334 2826 xu,
347 2788 380 2822 ϐξ
415 2795 426 2810 ⁸
442 2794 561 2830 ﬂorum,
580 2797 607 2826 9.
620 2788 640 2795 Ἴ
660 2798 671 2813 '
685 2788 856 2834 υευίξῦίζῑ

992 2762 1002 2777 ⁵
1015 2761 1093 2789 Joan.
1110 2770 1164 2795 xvt,
1181 2761 1224 2796 Η,
1242 2762 1285 2790 15.

896 2798 918 2814 ¹⁹
933 2797 1017 2833 Apoc.
1033 2805 1053 2831 ι,
1064 2799 1090 2826 8.

1024 2209 1040 2244 ἡ
1059 2209 1163 2245 Γραφὴ,
1189 2212 1206 2238 ό
1230 2211 1371 2246 Χριστός·
1395 2214 1526 2248 Θάνατος
1540 2216 1633 2243 αὐτοῦ
1647 2217 1746 2244 οὐκέτι
1766 2226 1816 2245 κυ-

1019 2255 1146 2288 ριεύσει,
1171 2259 1252 2291 φησὶν
1268 2259 1282 2285 ό
1301 2259 1470 2291 ’Δπόστολος.
1492 2260 1546 2286 Καὶ
1561 2261 1612 2296 ὅρα
1627 2261 1685 2294 πῶς
1698 2262 1715 2297 ἡ
1733 2262 1816 2298 ἀκρίη

1029 2306 1091 2333 σεια
1114 2306 1254 2342 κυριεύει,
1281 2306 1327 2332 καὶ
1353 2305 1444 2341 ὁδηγεῖ
1460 2306 1505 2334 τὸν
1528 2307 1680 2343 ἄνθρωπον,
1712 2309 1756 2336 ἶνα
1777 2309 1816 2345 μὴ

1028 2352 1133 2388 ἐκπέσῃ
1146 2352 1216 2379 κατὰ
1229 2351 1350 2386 θατέρων
1364 2351 1418 2378 τῶν
1433 2351 1483 2387 τῆς
1493 2352 1620 2388 ἀληθείας
1640 2353 1746 2389 μερῶψ
1760 2355 1816 2387 ἵνα,

1029 2398 1095 2424 ὃταν
1117 2397 1167 2432 μὲν
1183 2396 1324 2432 βουληθείη
1340 2398 1354 2424 ό
1367 2397 1429 2429 νοῦς
1445 2397 1589 2425 πολυθεταν
1605 2398 1816 2435 ἐξεργάσασθαι.
1832 2415 1836 2426 -.

1025 2442 1141 2479 ἀκούσῃ,
1169 2443 1210 2470 ὅτι
1232 2443 1339 2476 Κύριος
1350 2444 1367 2470 ὁ
1379 2444 1452 2476 Θεός
1463 2451 1521 2471 σου
1535 2441 1581 2477 εἷς
1594 2444 1694 2472 ἐστιν·
1710 2445 1775 2472 ὅταν
1789 2446 1818 2473 δὲ

1025 2488 1142 2524 Χριστὸν
1157 2488 1252 2524 ἕτερον
1263 2488 1339 2525 παρὰ
1354 2489 1400 2516 τὸν
1413 2489 1526 2517 ἐλθόντα
1541 2490 1593 2516 υἱοὶ
1610 2490 1718 2526 Ἰσραὴλ
1733 2499 1818 2526 προσ-

1025 2535 1186 2571 δοκήσωσιν,
1211 2534 1379 2562 ἀκούσωσιν·
1400 2535 1494 2571 Ἐγὼό
1506 2535 1632 2570 πρῶτος,
1653 2537 1703 2563 καὶ
1717 2538 1734 2563 ό
1740 2537 1817 2571 μετὰ

1026 2580 1139 2608 ταῦτα·
1163 2580 1222 2612 καὶ,
1248 2580 1320 2615 Ἐγώ
1345 2581 1404 2615 ειμι
1415 2581 1447 2608 τὸ
1462 2583 1486 2608 Δ
1505 2581 1555 2608 καὶ
1574 2581 1642 2608 too
1655 2589 1662 2596 ·
1684 2580 1714 2608 τὸ
1742 2582 1763 2607 Δ
1784 2581 1816 2608 τὸ

1028 2627 1104 2654 κάτω
1134 2626 1242 2661 βλέπον,
1262 2627 1354 2653 καὶτὸ
1372 2627 1393 2653 Ω
1423 2626 1453 2654 τὺ
1475 2626 1532 2654 ἄνω
1561 2626 1674 2662 βλέπον·
1688 2627 1732 2654 ἵνα
1747 2626 1816 2662 πλη-

1031 2673 1104 2710 ρωθῇ
1124 2673 1154 2700 τὸ
1167 2673 1329 2709 εἰρημένονυ
1347 2672 1379 2700 '0
1403 2674 1544 2707 καταϐὰς,
1570 2674 1661 2706 αὐτός
1688 2673 1774 2700 ἐστιν
1797 2674 1816 2700 ό

1340 2761 1350 2777 ³
1365 2761 1451 2789 Exod.
1468 2769 1508 2794 ιιι,
1525 2762 1565 2790 Η.
1604 2762 1614 2778 ⁸
1631 2761 1681 2790 Isa.
1701 2768 1773 2796 xuv,
1785 2761 1814 2790 6.
