  <div class='ocr_page' id='page_1' title='image "/cluster/home/n/w/nwhite01/storage/ocr_20150623/41/njp.32101007805813/557.png"; bbox 0 0 1958 3050; ppageno 0'>
   <div class='ocr_carea' id='block_1_1' title="bbox 194 97 262 122">
    <p class='ocr_par' dir='ltr' id='par_1_1' title="bbox 194 97 262 122">
     <span class='ocr_line' id='line_1_1' title="bbox 194 97 262 122; baseline -0.015 0"><span class='ocrx_word' id='word_1_1' title='bbox 194 97 262 122; x_wconf 72' lang='grc' dir='ltr'><strong>ΗΝ,ίῆ</strong></span> 
     </span>
    </p>
   </div>
   <div class='ocr_carea' id='block_1_2' title="bbox 901 97 1121 128">
    <p class='ocr_par' dir='ltr' id='par_1_2' title="bbox 901 97 1121 128">
     <span class='ocr_line' id='line_1_2' title="bbox 901 97 1121 128; baseline 0 -3"><span class='ocrx_word' id='word_1_2' title='bbox 901 98 929 126; x_wconf 88' lang='lat' dir='ltr'><strong>S.</strong></span> <span class='ocrx_word' id='word_1_3' title='bbox 951 97 1121 128; x_wconf 69' lang='lat' dir='ltr'><strong>El’lPllANll</strong></span> 
     </span>
    </p>
   </div>
   <div class='ocr_carea' id='block_1_3' title="bbox 1751 97 1829 125">
    <p class='ocr_par' dir='ltr' id='par_1_3' title="bbox 1751 97 1829 125">
     <span class='ocr_line' id='line_1_3' title="bbox 1751 97 1829 125; baseline 0 -1"><span class='ocrx_word' id='word_1_4' title='bbox 1751 97 1829 125; x_wconf 62' lang='grc' dir='ltr'>ηοω.</span> 
     </span>
    </p>
   </div>
   <div class='ocr_carea' id='block_1_4' title="bbox 194 153 981 194">
    <p class='ocr_par' dir='ltr' id='par_1_4' title="bbox 194 153 981 191">
     <span class='ocr_line' id='line_1_4' title="bbox 194 153 981 191; baseline 0.006 -11"><span class='ocrx_word' id='word_1_5' title='bbox 194 154 306 184; x_wconf 75' lang='lat' dir='ltr'><strong>omittio,</strong></span> <span class='ocrx_word' id='word_1_6' title='bbox 319 153 365 188; x_wconf 84' lang='lat' dir='ltr'><strong>qui</strong></span> <span class='ocrx_word' id='word_1_7' title='bbox 395 159 576 189; x_wconf 78' lang='lat' dir='ltr'><strong>cognomento</strong></span> <span class='ocrx_word' id='word_1_8' title='bbox 595 155 750 191; x_wconf 84' lang='lat' dir='ltr'><strong>Syntactcs,</strong></span> <span class='ocrx_word' id='word_1_9' title='bbox 771 157 822 184; x_wconf 89' lang='lat' dir='ltr'><strong>hoc</strong></span> <span class='ocrx_word' id='word_1_10' title='bbox 845 162 888 185; x_wconf 85' lang='lat' dir='ltr'><strong>est</strong></span> <span class='ocrx_word' id='word_1_11' title='bbox 913 158 981 185; x_wconf 82' lang='lat' dir='ltr'><strong>lucu-</strong></span> 
     </span>
    </p>
   </div>
   <div class='ocr_carea' id='block_1_5' title="bbox 1034 153 1825 194">
    <p class='ocr_par' dir='ltr' id='par_1_5' title="bbox 1038 155 1825 194">
     <span class='ocr_line' id='line_1_5' title="bbox 1038 155 1825 194; baseline -0.003 -8"><span class='ocrx_word' id='word_1_12' title='bbox 1038 159 1136 186; x_wconf 81' lang='grc' dir='ltr'>τάκτου</span> <span class='ocrx_word' id='word_1_13' title='bbox 1152 158 1219 194; x_wconf 72' lang='lat'><strong>(22),</strong></span> <span class='ocrx_word' id='word_1_14' title='bbox 1231 158 1248 194; x_wconf 73' lang='grc' dir='ltr'>ἢ</span> <span class='ocrx_word' id='word_1_15' title='bbox 1259 158 1340 186; x_wconf 71' lang='grc' dir='ltr'>ἄλλου</span> <span class='ocrx_word' id='word_1_16' title='bbox 1353 158 1425 190; x_wconf 80' lang='grc' dir='ltr'>τινὸς</span> <span class='ocrx_word' id='word_1_17' title='bbox 1432 157 1512 190; x_wconf 74' lang='grc' dir='ltr'>εἶναι,</span> <span class='ocrx_word' id='word_1_18' title='bbox 1523 157 1622 192; x_wconf 77' lang='grc' dir='ltr'>ἀγνοῶ.</span> <span class='ocrx_word' id='word_1_19' title='bbox 1635 157 1729 192; x_wconf 84' lang='grc' dir='ltr'><strong>Ὅμως</strong></span> <span class='ocrx_word' id='word_1_20' title='bbox 1744 155 1825 184; x_wconf 78' lang='grc' dir='ltr'>τοῦτο</span> 
     </span>
    </p>
   </div>
   <div class='ocr_carea' id='block_1_6' title="bbox 194 199 986 238">
    <p class='ocr_par' dir='ltr' id='par_1_6' title="bbox 194 199 986 238">
     <span class='ocr_line' id='line_1_6' title="bbox 194 199 986 238; baseline 0.008 -13"><span class='ocrx_word' id='word_1_21' title='bbox 194 201 295 229; x_wconf 81' lang='lat' dir='ltr'><strong>brutor.</strong></span> <span class='ocrx_word' id='word_1_22' title='bbox 313 203 356 226; x_wconf 86' lang='lat' dir='ltr'><strong>est</strong></span> <span class='ocrx_word' id='word_1_23' title='bbox 374 199 475 233; x_wconf 90' lang='lat' dir='ltr'><strong>dictus,</strong></span> <span class='ocrx_word' id='word_1_24' title='bbox 499 208 533 227; x_wconf 89' lang='lat' dir='ltr'><strong>an</strong></span> <span class='ocrx_word' id='word_1_25' title='bbox 556 201 591 228; x_wconf 84' lang='lat' dir='ltr'><strong>ab</strong></span> <span class='ocrx_word' id='word_1_26' title='bbox 608 202 699 237; x_wconf 86' lang='lat' dir='ltr'><strong>aliquo</strong></span> <span class='ocrx_word' id='word_1_27' title='bbox 725 203 830 236; x_wconf 80' lang='lat' dir='ltr'><strong>altero;</strong></span> <span class='ocrx_word' id='word_1_28' title='bbox 846 204 930 238; x_wconf 80' lang='lat' dir='ltr'><strong>quod,</strong></span> <span class='ocrx_word' id='word_1_29' title='bbox 956 209 986 231; x_wconf 89' lang='lat' dir='ltr'><strong>ot</strong></span> 
     </span>
    </p>
   </div>
   <div class='ocr_carea' id='block_1_7' title="bbox 192 245 982 284">
    <p class='ocr_par' dir='ltr' id='par_1_7' title="bbox 192 245 982 284">
     <span class='ocr_line' id='line_1_7' title="bbox 192 245 982 284; baseline 0.008 -13"><span class='ocrx_word' id='word_1_30' title='bbox 192 246 258 275; x_wconf 76' lang='lat' dir='ltr'><strong>dixi.</strong></span> <span class='ocrx_word' id='word_1_31' title='bbox 277 246 385 280; x_wconf 83' lang='lat' dir='ltr'><strong>penitus</strong></span> <span class='ocrx_word' id='word_1_32' title='bbox 401 245 507 281; x_wconf 77' lang='lat' dir='ltr'><strong>ignoro,</strong></span> <span class='ocrx_word' id='word_1_33' title='bbox 522 255 572 275; x_wconf 87' lang='lat' dir='ltr'><strong>nec</strong></span> <span class='ocrx_word' id='word_1_34' title='bbox 587 248 660 275; x_wconf 81' lang='lat' dir='ltr'><strong>aliud</strong></span> <span class='ocrx_word' id='word_1_35' title='bbox 675 255 771 283; x_wconf 83' lang='lat' dir='ltr'><strong>pra:ter</strong></span> <span class='ocrx_word' id='word_1_36' title='bbox 781 249 872 284; x_wconf 86' lang='lat' dir='ltr'><strong>ipsum</strong></span> <span class='ocrx_word' id='word_1_37' title='bbox 887 257 982 277; x_wconf 87' lang='lat' dir='ltr'><strong>nomen</strong></span> 
     </span>
    </p>
   </div>
   <div class='ocr_carea' id='block_1_8' title="bbox 192 299 296 325">
    <p class='ocr_par' dir='ltr' id='par_1_8' title="bbox 192 299 296 325">
     <span class='ocr_line' id='line_1_8' title="bbox 192 299 296 325; baseline 0.01 -8"><span class='ocrx_word' id='word_1_38' title='bbox 192 299 296 325; x_wconf 73' lang='lat' dir='ltr'><strong>aeccpt.</strong></span> 
     </span>
    </p>
   </div>
   <div class='ocr_carea' id='block_1_9' title="bbox 228 336 986 375">
    <p class='ocr_par' dir='ltr' id='par_1_9' title="bbox 228 336 986 375">
     <span class='ocr_line' id='line_1_9' title="bbox 228 336 986 375; baseline 0.005 -12"><span class='ocrx_word' id='word_1_39' title='bbox 228 336 331 364; x_wconf 88' lang='lat' dir='ltr'><strong>l‘lorum</strong></span> <span class='ocrx_word' id='word_1_40' title='bbox 344 345 408 365; x_wconf 80' lang='lat' dir='ltr'><strong>vero</strong></span> <span class='ocrx_word' id='word_1_41' title='bbox 425 337 537 366; x_wconf 60' lang='lat' dir='ltr'><strong>hieresis</strong></span> <span class='ocrx_word' id='word_1_42' title='bbox 554 339 586 366; x_wconf 89' lang='lat' dir='ltr'><strong>ad</strong></span> <span class='ocrx_word' id='word_1_43' title='bbox 599 338 748 374; x_wconf 86' lang='lat' dir='ltr'><strong>Epiphanis</strong></span> <span class='ocrx_word' id='word_1_44' title='bbox 768 340 865 375; x_wconf 75' lang='lat' dir='ltr'><strong>dogma</strong></span> <span class='ocrx_word' id='word_1_45' title='bbox 877 340 986 368; x_wconf 82' lang='lat' dir='ltr'><strong>confor-</strong></span> 
     </span>
    </p>
   </div>
   <div class='ocr_carea' id='block_1_10' title="bbox 192 383 986 418">
    <p class='ocr_par' dir='ltr' id='par_1_10' title="bbox 192 383 986 418">
     <span class='ocr_line' id='line_1_10' title="bbox 192 383 986 418; baseline 0.005 -10"><span class='ocrx_word' id='word_1_46' title='bbox 192 386 264 409; x_wconf 79' lang='lat' dir='ltr'><strong>mata</strong></span> <span class='ocrx_word' id='word_1_47' title='bbox 279 383 396 413; x_wconf 76' lang='lat' dir='ltr'><strong>videtur.</strong></span> <span class='ocrx_word' id='word_1_48' title='bbox 409 383 443 411; x_wconf 90' lang='lat' dir='ltr'><strong>de</strong></span> <span class='ocrx_word' id='word_1_49' title='bbox 460 391 515 418; x_wconf 89' lang='lat' dir='ltr'><strong>quo</strong></span> <span class='ocrx_word' id='word_1_50' title='bbox 529 384 556 410; x_wconf 94' lang='lat' dir='ltr'><strong>in</strong></span> <span class='ocrx_word' id='word_1_51' title='bbox 577 383 769 411; x_wconf 82' lang='lat' dir='ltr'><strong>Gnoslicorum</strong></span> <span class='ocrx_word' id='word_1_52' title='bbox 785 390 859 412; x_wconf 87' lang='lat' dir='ltr'><strong>secta</strong></span> <span class='ocrx_word' id='word_1_53' title='bbox 881 393 986 413; x_wconf 81' lang='lat' dir='ltr'><strong>sermo-</strong></span> 
     </span>
    </p>
   </div>
   <div class='ocr_carea' id='block_1_11' title="bbox 193 428 985 458">
    <p class='ocr_par' dir='ltr' id='par_1_11' title="bbox 193 428 985 458">
     <span class='ocr_line' id='line_1_11' title="bbox 193 428 985 458; baseline 0.005 -4"><span class='ocrx_word' id='word_1_54' title='bbox 193 436 253 455; x_wconf 85' lang='lat' dir='ltr'><strong>nem</strong></span> <span class='ocrx_word' id='word_1_55' title='bbox 277 433 354 455; x_wconf 82' lang='lat' dir='ltr'><strong>antea</strong></span> <span class='ocrx_word' id='word_1_56' title='bbox 377 428 501 456; x_wconf 81' lang='lat' dir='ltr'><strong>fecimus.</strong></span> <span class='ocrx_word' id='word_1_57' title='bbox 519 429 601 456; x_wconf 86' lang='lat' dir='ltr'><strong>Iidem</strong></span> <span class='ocrx_word' id='word_1_58' title='bbox 625 430 749 458; x_wconf 84' lang='lat' dir='ltr'><strong>diversos</strong></span> <span class='ocrx_word' id='word_1_59' title='bbox 773 438 805 458; x_wconf 73' lang='lat' dir='ltr'><strong>ex</strong></span> <span class='ocrx_word' id='word_1_60' title='bbox 825 430 918 458; x_wconf 81' lang='lat' dir='ltr'><strong>Vetere</strong></span> <span class='ocrx_word' id='word_1_61' title='bbox 931 431 985 458; x_wconf 80' lang='lat' dir='ltr'><strong>No-</strong></span> 
     </span>
    </p>
   </div>
   <div class='ocr_carea' id='block_1_12' title="bbox 194 473 984 510">
    <p class='ocr_par' dir='ltr' id='par_1_12' title="bbox 194 473 984 510">
     <span class='ocr_line' id='line_1_12' title="bbox 194 473 984 510; baseline 0.004 -10"><span class='ocrx_word' id='word_1_62' title='bbox 194 482 280 508; x_wconf 85' lang='lat' dir='ltr'><strong>voque</strong></span> <span class='ocrx_word' id='word_1_63' title='bbox 295 473 468 502; x_wconf 81' lang='lat' dir='ltr'><strong>Testamento</strong></span> <span class='ocrx_word' id='word_1_64' title='bbox 492 475 575 502; x_wconf 83' lang='lat' dir='ltr'><strong>libros</strong></span> <span class='ocrx_word' id='word_1_65' title='bbox 607 475 759 503; x_wconf 82' lang='lat' dir='ltr'><strong>asciscunt.</strong></span> <span class='ocrx_word' id='word_1_66' title='bbox 794 475 910 510; x_wconf 85' lang='lat' dir='ltr'><strong>Nuptias</strong></span> <span class='ocrx_word' id='word_1_67' title='bbox 939 484 984 503; x_wconf 91' lang='lat' dir='ltr'><strong>re-</strong></span> 
     </span>
    </p>
   </div>
   <div class='ocr_carea' id='block_1_13' title="bbox 194 521 984 556">
    <p class='ocr_par' dir='ltr' id='par_1_13' title="bbox 194 521 984 556">
     <span class='ocr_line' id='line_1_13' title="bbox 194 521 984 556; baseline 0.005 -10"><span class='ocrx_word' id='word_1_68' title='bbox 194 521 315 555; x_wconf 83' lang='lat' dir='ltr'><strong>pudiant.</strong></span> <span class='ocrx_word' id='word_1_69' title='bbox 335 529 420 556; x_wconf 78' lang='lat' dir='ltr'><strong>neque</strong></span> <span class='ocrx_word' id='word_1_70' title='bbox 441 526 530 548; x_wconf 86' lang='lat' dir='ltr'><strong>tamen</strong></span> <span class='ocrx_word' id='word_1_71' title='bbox 550 522 678 550; x_wconf 87' lang='lat' dir='ltr'><strong>obscenis</strong></span> <span class='ocrx_word' id='word_1_72' title='bbox 698 522 856 550; x_wconf 80' lang='lat' dir='ltr'><strong>libidinibus</strong></span> <span class='ocrx_word' id='word_1_73' title='bbox 875 523 984 550; x_wconf 90' lang='lat' dir='ltr'><strong>modum</strong></span> 
     </span>
    </p>
   </div>
   <div class='ocr_carea' id='block_1_14' title="bbox 194 566 986 602">
    <p class='ocr_par' dir='ltr' id='par_1_14' title="bbox 194 566 986 602">
     <span class='ocr_line' id='line_1_14' title="bbox 194 566 986 602; baseline 0.004 -10"><span class='ocrx_word' id='word_1_74' title='bbox 194 566 277 592; x_wconf 85' lang='lat' dir='ltr'><strong>ullum</strong></span> <span class='ocrx_word' id='word_1_75' title='bbox 294 566 433 596; x_wconf 65' lang='lat' dir='ltr'><strong>adhibent.</strong></span> <span class='ocrx_word' id='word_1_76' title='bbox 448 567 571 602; x_wconf 79' lang='lat' dir='ltr'><strong>adeoque</strong></span> <span class='ocrx_word' id='word_1_77' title='bbox 589 568 662 594; x_wconf 92' lang='lat' dir='ltr'><strong>omni</strong></span> <span class='ocrx_word' id='word_1_78' title='bbox 682 575 782 602; x_wconf 80' lang='lat' dir='ltr'><strong>genere</strong></span> <span class='ocrx_word' id='word_1_79' title='bbox 804 568 943 602; x_wconf 73' lang='lat' dir='ltr'><strong>spurcitia:</strong></span> <span class='ocrx_word' id='word_1_80' title='bbox 958 572 986 596; x_wconf 85' lang='lat' dir='ltr'><strong>et</strong></span> 
     </span>
    </p>
   </div>
   <div class='ocr_carea' id='block_1_15' title="bbox 193 613 984 648">
    <p class='ocr_par' dir='ltr' id='par_1_15' title="bbox 193 613 984 648">
     <span class='ocr_line' id='line_1_15' title="bbox 193 613 984 648; baseline 0.003 -10"><span class='ocrx_word' id='word_1_81' title='bbox 193 621 292 647; x_wconf 76' lang='lat' dir='ltr'><strong>t&#39;OrpllS</strong></span> <span class='ocrx_word' id='word_1_82' title='bbox 308 621 398 644; x_wconf 69' lang='lat' dir='ltr'><strong>Slllllll.</strong></span> <span class='ocrx_word' id='word_1_83' title='bbox 413 617 438 640; x_wconf 89' lang='lat' dir='ltr'><strong>cl</strong></span> <span class='ocrx_word' id='word_1_84' title='bbox 459 618 576 639; x_wconf 86' lang='lat' dir='ltr'><strong>tuentem</strong></span> <span class='ocrx_word' id='word_1_85' title='bbox 594 613 768 648; x_wconf 84' lang='lat' dir='ltr'><strong>animamque</strong></span> <span class='ocrx_word' id='word_1_86' title='bbox 787 614 984 641; x_wconf 86' lang='lat' dir='ltr'><strong>contaminant.</strong></span> 
     </span>
    </p>
   </div>
   <div class='ocr_carea' id='block_1_16' title="bbox 193 658 984 694">
    <p class='ocr_par' dir='ltr' id='par_1_16' title="bbox 193 658 984 694">
     <span class='ocr_line' id='line_1_16' title="bbox 193 658 984 694; baseline 0.003 -10"><span class='ocrx_word' id='word_1_87' title='bbox 193 658 306 691; x_wconf 82' lang='lat' dir='ltr'><strong>Quidam</strong></span> <span class='ocrx_word' id='word_1_88' title='bbox 321 659 393 685; x_wconf 86' lang='lat' dir='ltr'><strong>enim</strong></span> <span class='ocrx_word' id='word_1_89' title='bbox 415 666 445 685; x_wconf 74' lang='lat' dir='ltr'><strong>er</strong></span> <span class='ocrx_word' id='word_1_90' title='bbox 464 659 496 685; x_wconf 87' lang='lat' dir='ltr'><strong>iis</strong></span> <span class='ocrx_word' id='word_1_91' title='bbox 515 659 693 686; x_wconf 73' lang='lat' dir='ltr'><strong>monasticam</strong></span> <span class='ocrx_word' id='word_1_92' title='bbox 713 659 796 686; x_wconf 87' lang='lat' dir='ltr'><strong>vitam</strong></span> <span class='ocrx_word' id='word_1_93' title='bbox 813 660 903 694; x_wconf 91' lang='lat' dir='ltr'><strong>specie</strong></span> <span class='ocrx_word' id='word_1_94' title='bbox 926 660 984 694; x_wconf 84' lang='lat' dir='ltr'><strong>ipsa</strong></span> 
     </span>
    </p>
   </div>
   <div class='ocr_carea' id='block_1_17' title="bbox 193 704 985 740">
    <p class='ocr_par' dir='ltr' id='par_1_17' title="bbox 193 704 985 740">
     <span class='ocr_line' id='line_1_17' title="bbox 193 704 985 740; baseline 0.003 -11"><span class='ocrx_word' id='word_1_95' title='bbox 193 704 363 739; x_wconf 75' lang='lat' dir='ltr'><strong>proﬁtentur,</strong></span> <span class='ocrx_word' id='word_1_96' title='bbox 387 704 465 739; x_wconf 76' lang='lat'><strong>521</strong></span> <span class='ocrx_word' id='word_1_97' title='bbox 493 704 642 740; x_wconf 73' lang='lat' dir='ltr'><strong>itidemque</strong></span> <span class='ocrx_word' id='word_1_98' title='bbox 669 705 799 732; x_wconf 86' lang='lat' dir='ltr'><strong>mulieres</strong></span> <span class='ocrx_word' id='word_1_99' title='bbox 830 705 900 732; x_wconf 80' lang='lat' dir='ltr'><strong>idem</strong></span> <span class='ocrx_word' id='word_1_100' title='bbox 923 706 985 732; x_wconf 71' lang='lat' dir='ltr'><strong>vitm</strong></span> 
     </span>
    </p>
   </div>
   <div class='ocr_carea' id='block_1_18' title="bbox 193 749 985 785">
    <p class='ocr_par' dir='ltr' id='par_1_18' title="bbox 193 749 985 785">
     <span class='ocr_line' id='line_1_18' title="bbox 193 749 985 785; baseline 0.001 -9"><span class='ocrx_word' id='word_1_101' title='bbox 193 751 345 776; x_wconf 78' lang='lat' dir='ltr'><strong>institutum</strong></span> <span class='ocrx_word' id='word_1_102' title='bbox 373 751 529 784; x_wconf 68' lang='lat' dir='ltr'><strong>prmlerunt.</strong></span> <span class='ocrx_word' id='word_1_103' title='bbox 556 749 608 782; x_wconf 85' lang='lat' dir='ltr'><strong>Qui</strong></span> <span class='ocrx_word' id='word_1_104' title='bbox 636 758 730 778; x_wconf 88' lang='lat' dir='ltr'><strong>omnes</strong></span> <span class='ocrx_word' id='word_1_105' title='bbox 757 751 894 785; x_wconf 72' lang='lat' dir='ltr'><strong>corruptis</strong></span> <span class='ocrx_word' id='word_1_106' title='bbox 921 755 985 778; x_wconf 87' lang='lat' dir='ltr'><strong>sunt.</strong></span> 
     </span>
    </p>
   </div>
   <div class='ocr_carea' id='block_1_19' title="bbox 192 795 984 832">
    <p class='ocr_par' dir='ltr' id='par_1_19' title="bbox 192 795 984 832">
     <span class='ocr_line' id='line_1_19' title="bbox 192 795 984 832; baseline 0.005 -11"><span class='ocrx_word' id='word_1_107' title='bbox 192 796 373 830; x_wconf 82' lang='lat' dir='ltr'><strong>corporibus:</strong></span> <span class='ocrx_word' id='word_1_108' title='bbox 391 795 458 822; x_wconf 83' lang='lat' dir='ltr'><strong>adeo</strong></span> <span class='ocrx_word' id='word_1_109' title='bbox 478 799 507 821; x_wconf 92' lang='lat' dir='ltr'><strong>ut</strong></span> <span class='ocrx_word' id='word_1_110' title='bbox 529 803 592 822; x_wconf 92' lang='lat' dir='ltr'><strong>cum</strong></span> <span class='ocrx_word' id='word_1_111' title='bbox 609 795 748 824; x_wconf 88' lang='lat' dir='ltr'><strong>libidinem</strong></span> <span class='ocrx_word' id='word_1_112' title='bbox 764 797 816 832; x_wconf 84' lang='lat' dir='ltr'><strong>ipsi</strong></span> <span class='ocrx_word' id='word_1_113' title='bbox 836 805 914 825; x_wconf 77' lang='lat' dir='ltr'><strong>suam</strong></span> <span class='ocrx_word' id='word_1_114' title='bbox 936 806 984 825; x_wconf 84' lang='lat' dir='ltr'><strong>ex-</strong></span> 
     </span>
    </p>
   </div>
   <div class='ocr_carea' id='block_1_20' title="bbox 1035 203 1390 240">
    <p class='ocr_par' dir='ltr' id='par_1_20' title="bbox 1035 203 1390 240">
     <span class='ocr_line' id='line_1_20' title="bbox 1035 203 1390 240; baseline -0.003 -8"><span class='ocrx_word' id='word_1_115' title='bbox 1035 206 1065 232; x_wconf 81' lang='grc' dir='ltr'><strong>τὺ</strong></span> <span class='ocrx_word' id='word_1_116' title='bbox 1077 205 1162 240; x_wconf 76' lang='grc' dir='ltr'>ὄνομα</span> <span class='ocrx_word' id='word_1_117' title='bbox 1176 203 1390 240; x_wconf 74' lang='grc' dir='ltr'>κατειλήφαμεν.</span> 
     </span>
    </p>
   </div>
   <div class='ocr_carea' id='block_1_21' title="bbox 1075 337 1823 375">
    <p class='ocr_par' dir='ltr' id='par_1_21' title="bbox 1075 337 1823 375">
     <span class='ocr_line' id='line_1_21' title="bbox 1075 337 1823 375; baseline -0.004 -9"><span class='ocrx_word' id='word_1_118' title='bbox 1075 340 1108 366; x_wconf 88' lang='lat' dir='ltr'><strong>&#39;H</strong></span> <span class='ocrx_word' id='word_1_119' title='bbox 1134 340 1239 375; x_wconf 77' lang='grc' dir='ltr'>αἵρεσις</span> <span class='ocrx_word' id='word_1_120' title='bbox 1261 339 1290 366; x_wconf 76' lang='grc' dir='ltr'>δὲ</span> <span class='ocrx_word' id='word_1_121' title='bbox 1319 339 1384 374; x_wconf 78' lang='grc' dir='ltr'>παρ’</span> <span class='ocrx_word' id='word_1_122' title='bbox 1400 339 1491 370; x_wconf 78' lang='grc' dir='ltr'>αὐτοῖς</span> <span class='ocrx_word' id='word_1_123' title='bbox 1510 337 1707 374; x_wconf 81' lang='grc' dir='ltr'>νομιστεύεται,</span> <span class='ocrx_word' id='word_1_124' title='bbox 1722 337 1823 372; x_wconf 31' lang='grc' dir='ltr'>,ὥσπερ</span> 
     </span>
    </p>
   </div>
   <div class='ocr_carea' id='block_1_22' title="bbox 1035 383 1822 421">
    <p class='ocr_par' dir='ltr' id='par_1_22' title="bbox 1035 383 1822 421">
     <span class='ocr_line' id='line_1_22' title="bbox 1035 383 1822 421; baseline -0.005 -8"><span class='ocrx_word' id='word_1_125' title='bbox 1035 385 1239 421; x_wconf 80' lang='grc' dir='ltr'>ἁπεικαζομένη</span> <span class='ocrx_word' id='word_1_126' title='bbox 1259 387 1294 421; x_wconf 80' lang='grc' dir='ltr'><strong>τῇ</strong></span> <span class='ocrx_word' id='word_1_127' title='bbox 1309 385 1356 412; x_wconf 84' lang='grc' dir='ltr'><strong>τοῦ</strong></span> <span class='ocrx_word' id='word_1_128' title='bbox 1378 385 1551 419; x_wconf 80' lang='grc' dir='ltr'>Ἐπιφάνους,</span> <span class='ocrx_word' id='word_1_129' title='bbox 1564 384 1620 411; x_wconf 80' lang='grc' dir='ltr'>ἄνω</span> <span class='ocrx_word' id='word_1_130' title='bbox 1633 393 1678 419; x_wconf 88' lang='grc' dir='ltr'><strong>μοι</strong></span> <span class='ocrx_word' id='word_1_131' title='bbox 1690 383 1822 419; x_wconf 86' lang='grc' dir='ltr'>προδεδη-</span> 
     </span>
    </p>
   </div>
   <div class='ocr_carea' id='block_1_23' title="bbox 1035 429 1822 467">
    <p class='ocr_par' dir='ltr' id='par_1_23' title="bbox 1035 429 1822 467">
     <span class='ocr_line' id='line_1_23' title="bbox 1035 429 1822 467; baseline -0.005 -9"><span class='ocrx_word' id='word_1_132' title='bbox 1035 431 1157 467; x_wconf 89' lang='grc' dir='ltr'>λωμένου</span> <span class='ocrx_word' id='word_1_133' title='bbox 1182 432 1211 458; x_wconf 83' lang='grc' dir='ltr'><strong>ἑν</strong></span> <span class='ocrx_word' id='word_1_134' title='bbox 1232 432 1292 463; x_wconf 79' lang='grc' dir='ltr'>ταῖς</span> <span class='ocrx_word' id='word_1_135' title='bbox 1313 431 1383 458; x_wconf 82' lang='grc' dir='ltr'>κατὰ</span> <span class='ocrx_word' id='word_1_136' title='bbox 1410 431 1474 462; x_wconf 81' lang='grc' dir='ltr'>τοὺς</span> <span class='ocrx_word' id='word_1_137' title='bbox 1500 430 1668 462; x_wconf 81' lang='grc' dir='ltr'>Γνωστικοὺς</span> <span class='ocrx_word' id='word_1_138' title='bbox 1687 429 1822 465; x_wconf 80' lang='grc' dir='ltr'><strong>αἱρέσεσι.</strong></span> 
     </span>
    </p>
   </div>
   <div class='ocr_carea' id='block_1_24' title="bbox 1035 474 1824 512">
    <p class='ocr_par' dir='ltr' id='par_1_24' title="bbox 1035 474 1824 512">
     <span class='ocr_line' id='line_1_24' title="bbox 1035 474 1824 512; baseline -0.005 -8"><span class='ocrx_word' id='word_1_139' title='bbox 1035 477 1145 512; x_wconf 86' lang='grc' dir='ltr'>Γραφὰς</span> <span class='ocrx_word' id='word_1_140' title='bbox 1168 477 1197 504; x_wconf 74' lang='grc' dir='ltr'>δὲ</span> <span class='ocrx_word' id='word_1_141' title='bbox 1222 474 1294 504; x_wconf 78' lang='grc' dir='ltr'>οὗτοι</span> <span class='ocrx_word' id='word_1_142' title='bbox 1317 476 1532 511; x_wconf 77' lang='grc' dir='ltr'><strong>ἀναγινώσκουσι</strong></span> <span class='ocrx_word' id='word_1_143' title='bbox 1553 475 1696 511; x_wconf 80' lang='grc' dir='ltr'>διαφόρους</span> <span class='ocrx_word' id='word_1_144' title='bbox 1718 474 1824 509; x_wconf 79' lang='grc' dir='ltr'>Καινῆς</span> 
     </span>
    </p>
   </div>
   <div class='ocr_carea' id='block_1_25' title="bbox 1035 513 1822 559">
    <p class='ocr_par' dir='ltr' id='par_1_25' title="bbox 1035 513 1822 559">
     <span class='ocr_line' id='line_1_25' title="bbox 1035 513 1822 559; baseline -0.004 -10"><span class='ocrx_word' id='word_1_145' title='bbox 1035 523 1083 549; x_wconf 77' lang='grc' dir='ltr'>καὶ</span> <span class='ocrx_word' id='word_1_146' title='bbox 1101 523 1223 555; x_wconf 81' lang='grc' dir='ltr'>Παλαιᾶς</span> <span class='ocrx_word' id='word_1_147' title='bbox 1248 523 1396 559; x_wconf 82' lang='grc' dir='ltr'>Διαθήκης.</span> <span class='ocrx_word' id='word_1_148' title='bbox 1417 523 1552 550; x_wconf 83' lang='grc' dir='ltr'>’Δθετοῦσι</span> <span class='ocrx_word' id='word_1_149' title='bbox 1566 522 1594 549; x_wconf 80' lang='grc' dir='ltr'>δὲ</span> <span class='ocrx_word' id='word_1_150' title='bbox 1609 513 1708 557; x_wconf 66' lang='grc' dir='ltr'>γάμον,</span> <span class='ocrx_word' id='word_1_151' title='bbox 1723 520 1770 547; x_wconf 76' lang='grc' dir='ltr'>καὶ</span> <span class='ocrx_word' id='word_1_152' title='bbox 1789 520 1822 546; x_wconf 81' lang='grc' dir='ltr'>οὐ</span> 
     </span>
    </p>
   </div>
   <div class='ocr_carea' id='block_1_26' title="bbox 1036 565 1823 604">
    <p class='ocr_par' dir='ltr' id='par_1_26' title="bbox 1036 565 1823 604">
     <span class='ocr_line' id='line_1_26' title="bbox 1036 565 1823 604; baseline -0.004 -10"><span class='ocrx_word' id='word_1_153' title='bbox 1036 568 1152 595; x_wconf 76' lang='grc' dir='ltr'>παύεται</span> <span class='ocrx_word' id='word_1_154' title='bbox 1168 569 1215 595; x_wconf 86' lang='grc' dir='ltr'><strong>ἀπ’</strong></span> <span class='ocrx_word' id='word_1_155' title='bbox 1227 569 1317 596; x_wconf 84' lang='grc' dir='ltr'>αὐτῶν</span> <span class='ocrx_word' id='word_1_156' title='bbox 1336 569 1352 604; x_wconf 79' lang='grc' dir='ltr'>ἡ</span> <span class='ocrx_word' id='word_1_157' title='bbox 1370 569 1493 604; x_wconf 81' lang='grc' dir='ltr'>λαγνεία.</span> <span class='ocrx_word' id='word_1_158' title='bbox 1516 568 1665 596; x_wconf 79' lang='grc' dir='ltr'>Μολύνουσι</span> <span class='ocrx_word' id='word_1_159' title='bbox 1675 567 1703 593; x_wconf 77' lang='grc' dir='ltr'>δὲ</span> <span class='ocrx_word' id='word_1_160' title='bbox 1716 565 1823 593; x_wconf 80' lang='grc' dir='ltr'><strong>ἑαυτῶν</strong></span> 
     </span>
    </p>
   </div>
   <div class='ocr_carea' id='block_1_27' title="bbox 1034 609 1821 649">
    <p class='ocr_par' dir='ltr' id='par_1_27' title="bbox 1034 609 1821 649">
     <span class='ocr_line' id='line_1_27' title="bbox 1034 609 1821 649; baseline -0.005 -9"><span class='ocrx_word' id='word_1_161' title='bbox 1034 614 1065 641; x_wconf 82' lang='grc' dir='ltr'>τὸ</span> <span class='ocrx_word' id='word_1_162' title='bbox 1083 614 1172 649; x_wconf 85' lang='grc' dir='ltr'>σῶμα,</span> <span class='ocrx_word' id='word_1_163' title='bbox 1187 614 1234 640; x_wconf 74' lang='grc' dir='ltr'><strong>καὶ</strong></span> <span class='ocrx_word' id='word_1_164' title='bbox 1251 613 1296 640; x_wconf 83' lang='grc' dir='ltr'><strong>τὸν</strong></span> <span class='ocrx_word' id='word_1_165' title='bbox 1313 614 1386 646; x_wconf 88' lang='grc' dir='ltr'>νοῦν,</span> <span class='ocrx_word' id='word_1_166' title='bbox 1407 614 1454 640; x_wconf 78' lang='grc' dir='ltr'>καὶ</span> <span class='ocrx_word' id='word_1_167' title='bbox 1468 614 1518 649; x_wconf 85' lang='grc' dir='ltr'>τὴν</span> <span class='ocrx_word' id='word_1_168' title='bbox 1535 613 1625 648; x_wconf 75' lang='grc' dir='ltr'>ψυχὴν</span> <span class='ocrx_word' id='word_1_169' title='bbox 1641 612 1670 639; x_wconf 81' lang='grc' dir='ltr'><strong>ἑν</strong></span> <span class='ocrx_word' id='word_1_170' title='bbox 1682 609 1821 645; x_wconf 76' lang='grc' dir='ltr'><strong>ἀσελγείᾳ.</strong></span> 
     </span>
    </p>
   </div>
   <div class='ocr_carea' id='block_1_28' title="bbox 1035 657 1822 696">
    <p class='ocr_par' dir='ltr' id='par_1_28' title="bbox 1035 657 1822 696">
     <span class='ocr_line' id='line_1_28' title="bbox 1035 657 1822 696; baseline -0.006 -9"><span class='ocrx_word' id='word_1_171' title='bbox 1035 661 1067 687; x_wconf 79' lang='grc' dir='ltr'><strong>υἱ</strong></span> <span class='ocrx_word' id='word_1_172' title='bbox 1088 661 1136 696; x_wconf 84' lang='grc' dir='ltr'>μὲν</span> <span class='ocrx_word' id='word_1_173' title='bbox 1154 660 1209 696; x_wconf 82' lang='grc' dir='ltr'>γάρ</span> <span class='ocrx_word' id='word_1_174' title='bbox 1232 661 1285 687; x_wconf 82' lang='grc' dir='ltr'>εἰσι</span> <span class='ocrx_word' id='word_1_175' title='bbox 1309 660 1483 696; x_wconf 79' lang='grc' dir='ltr'><strong>προσχήματι</strong></span> <span class='ocrx_word' id='word_1_176' title='bbox 1495 659 1673 694; x_wconf 77' lang='grc' dir='ltr'>μοναζόντων,</span> <span class='ocrx_word' id='word_1_177' title='bbox 1691 657 1758 684; x_wconf 70' lang='grc' dir='ltr'>αἰδὲ</span> <span class='ocrx_word' id='word_1_178' title='bbox 1772 657 1822 683; x_wconf 82' lang='grc' dir='ltr'>σὺν</span> 
     </span>
    </p>
   </div>
   <div class='ocr_carea' id='block_1_29' title="bbox 1035 703 1823 742">
    <p class='ocr_par' dir='ltr' id='par_1_29' title="bbox 1035 703 1823 742">
     <span class='ocr_line' id='line_1_29' title="bbox 1035 703 1823 742; baseline -0.004 -10"><span class='ocrx_word' id='word_1_179' title='bbox 1035 707 1126 738; x_wconf 76' lang='grc' dir='ltr'>αὐτοῖς</span> <span class='ocrx_word' id='word_1_180' title='bbox 1149 705 1227 733; x_wconf 78' lang='grc' dir='ltr'>οὖσαι</span> <span class='ocrx_word' id='word_1_181' title='bbox 1244 707 1417 742; x_wconf 81' lang='grc' dir='ltr'><strong>προσχήματι</strong></span> <span class='ocrx_word' id='word_1_182' title='bbox 1435 705 1618 742; x_wconf 82' lang='grc' dir='ltr'>μοναζουσῶν.</span> <span class='ocrx_word' id='word_1_183' title='bbox 1642 703 1823 739; x_wconf 81' lang='grc' dir='ltr'>Ἐφθαρμένοι</span> 
     </span>
    </p>
   </div>
   <div class='ocr_carea' id='block_1_30' title="bbox 1034 750 1823 788">
    <p class='ocr_par' dir='ltr' id='par_1_30' title="bbox 1034 750 1823 788">
     <span class='ocr_line' id='line_1_30' title="bbox 1034 750 1823 788; baseline -0.005 -10"><span class='ocrx_word' id='word_1_184' title='bbox 1034 752 1062 778; x_wconf 84' lang='grc' dir='ltr'><strong>δέ</strong></span> <span class='ocrx_word' id='word_1_185' title='bbox 1075 753 1128 779; x_wconf 84' lang='grc' dir='ltr'>εἰσι</span> <span class='ocrx_word' id='word_1_186' title='bbox 1141 753 1197 784; x_wconf 86' lang='grc' dir='ltr'>τοῖς</span> <span class='ocrx_word' id='word_1_187' title='bbox 1211 752 1327 788; x_wconf 84' lang='grc' dir='ltr'>σώμασι,</span> <span class='ocrx_word' id='word_1_188' title='bbox 1344 752 1393 787; x_wconf 82' lang='grc' dir='ltr'><strong>τὴν</strong></span> <span class='ocrx_word' id='word_1_189' title='bbox 1412 752 1462 787; x_wconf 82' lang='grc' dir='ltr'>μὲν</span> <span class='ocrx_word' id='word_1_190' title='bbox 1476 751 1622 786; x_wconf 72' lang='grc' dir='ltr'><strong>ἐπιθυμίαν</strong></span> <span class='ocrx_word' id='word_1_191' title='bbox 1635 750 1723 777; x_wconf 83' lang='grc' dir='ltr'>αὐτῶν</span> <span class='ocrx_word' id='word_1_192' title='bbox 1744 750 1823 775; x_wconf 79' lang='grc' dir='ltr'>ἐκτε-</span> 
     </span>
    </p>
   </div>
   <div class='ocr_carea' id='block_1_31' title="bbox 1034 794 1822 833">
    <p class='ocr_par' dir='ltr' id='par_1_31' title="bbox 1034 794 1822 833">
     <span class='ocr_line' id='line_1_31' title="bbox 1034 794 1822 833; baseline -0.005 -10"><span class='ocrx_word' id='word_1_193' title='bbox 1034 796 1158 830; x_wconf 83' lang='grc' dir='ltr'>λοῦντες,</span> <span class='ocrx_word' id='word_1_194' title='bbox 1176 797 1216 833; x_wconf 81' lang='grc' dir='ltr'>τῷ</span> <span class='ocrx_word' id='word_1_195' title='bbox 1233 797 1261 824; x_wconf 79' lang='grc' dir='ltr'>δὲ</span> <span class='ocrx_word' id='word_1_196' title='bbox 1288 797 1361 833; x_wconf 77' lang='grc' dir='ltr'>ἔργῳ</span> <span class='ocrx_word' id='word_1_197' title='bbox 1391 796 1564 832; x_wconf 82' lang='grc' dir='ltr'>κεχρημένοι,</span> <span class='ocrx_word' id='word_1_198' title='bbox 1589 796 1633 822; x_wconf 82' lang='grc' dir='ltr'><strong>ἵνα</strong></span> <span class='ocrx_word' id='word_1_199' title='bbox 1661 794 1822 830; x_wconf 84' lang='grc' dir='ltr'>σεμνότερον</span> 
     </span>
    </p>
   </div>
   <div class='ocr_carea' id='block_1_32' title="bbox 193 835 981 879">
    <p class='ocr_par' dir='ltr' id='par_1_32' title="bbox 193 841 981 879">
     <span class='ocr_line' id='line_1_32' title="bbox 193 841 981 879; baseline 0.005 -11"><span class='ocrx_word' id='word_1_200' title='bbox 193 843 293 876; x_wconf 77' lang='lat' dir='ltr'><strong>pleant,</strong></span> <span class='ocrx_word' id='word_1_201' title='bbox 319 842 434 874; x_wconf 78' lang='lat' dir='ltr'><strong>facinus,</strong></span> <span class='ocrx_word' id='word_1_202' title='bbox 459 845 489 868; x_wconf 92' lang='lat' dir='ltr'><strong>ut</strong></span> <span class='ocrx_word' id='word_1_203' title='bbox 511 841 654 869; x_wconf 82' lang='lat' dir='ltr'><strong>honestius</strong></span> <span class='ocrx_word' id='word_1_204' title='bbox 675 843 775 875; x_wconf 83' lang='lat' dir='ltr'><strong>dicam,</strong></span> <span class='ocrx_word' id='word_1_205' title='bbox 801 843 866 870; x_wconf 92' lang='lat' dir='ltr'><strong>illud</strong></span> <span class='ocrx_word' id='word_1_206' title='bbox 889 851 981 879; x_wconf 86' lang='lat' dir='ltr'><strong>perpe-</strong></span> 
     </span>
    </p>
   </div>
   <div class='ocr_carea' id='block_1_33' title="bbox 1034 835 1821 879">
    <p class='ocr_par' dir='ltr' id='par_1_33' title="bbox 1035 840 1821 877">
     <span class='ocr_line' id='line_1_33' title="bbox 1035 840 1821 877; baseline -0.004 -7"><span class='ocrx_word' id='word_1_207' title='bbox 1035 845 1113 877; x_wconf 74' lang='grc' dir='ltr'>εἴπω,</span> <span class='ocrx_word' id='word_1_208' title='bbox 1125 843 1172 870; x_wconf 87' lang='grc' dir='ltr'><strong>τοῦ</strong></span> <span class='ocrx_word' id='word_1_209' title='bbox 1197 843 1261 870; x_wconf 80' lang='grc' dir='ltr'>Υἱοῦ</span> <span class='ocrx_word' id='word_1_210' title='bbox 1288 843 1336 869; x_wconf 86' lang='grc' dir='ltr'><strong>τοῦ</strong></span> <span class='ocrx_word' id='word_1_211' title='bbox 1358 843 1441 870; x_wconf 81' lang='grc' dir='ltr'>Ἰούδα</span> <span class='ocrx_word' id='word_1_212' title='bbox 1464 842 1511 869; x_wconf 84' lang='grc' dir='ltr'><strong>τοῦ</strong></span> <span class='ocrx_word' id='word_1_213' title='bbox 1530 842 1619 868; x_wconf 81' lang='grc' dir='ltr'>Δὺνᾶν</span> <span class='ocrx_word' id='word_1_214' title='bbox 1643 840 1821 875; x_wconf 72' lang='grc' dir='ltr'>καλουμένου.</span> 
     </span>
    </p>
   </div>
   <div class='ocr_carea' id='block_1_34' title="bbox 192 887 984 926">
    <p class='ocr_par' dir='ltr' id='par_1_34' title="bbox 192 887 984 926">
     <span class='ocr_line' id='line_1_34' title="bbox 192 887 984 926; baseline 0.006 -12"><span class='ocrx_word' id='word_1_215' title='bbox 192 893 274 921; x_wconf 85' lang='lat' dir='ltr'><strong>trent,</strong></span> <span class='ocrx_word' id='word_1_216' title='bbox 292 888 364 924; x_wconf 86' lang='lat' dir='ltr'><strong>quod</strong></span> <span class='ocrx_word' id='word_1_217' title='bbox 386 887 462 916; x_wconf 75' lang='lat' dir='ltr'><strong>Judze</strong></span> <span class='ocrx_word' id='word_1_218' title='bbox 482 888 553 916; x_wconf 84' lang='lat' dir='ltr'><strong>titius</strong></span> <span class='ocrx_word' id='word_1_219' title='bbox 576 888 653 916; x_wconf 85' lang='lat' dir='ltr'><strong>Onan</strong></span> <span class='ocrx_word' id='word_1_220' title='bbox 678 889 823 918; x_wconf 82' lang='lat' dir='ltr'><strong>admisisse</strong></span> <span class='ocrx_word' id='word_1_221' title='bbox 847 890 945 926; x_wconf 74' lang='lat' dir='ltr'><strong>legitur</strong></span> <span class='ocrx_word' id='word_1_222' title='bbox 963 891 984 920; x_wconf 80' lang='lat'><strong>‘.</strong></span> 
     </span>
    </p>
   </div>
   <div class='ocr_carea' id='block_1_35' title="bbox 196 934 986 967">
    <p class='ocr_par' dir='ltr' id='par_1_35' title="bbox 196 934 986 967">
     <span class='ocr_line' id='line_1_35' title="bbox 196 934 986 967; baseline 0.005 -6"><span class='ocrx_word' id='word_1_223' title='bbox 196 934 263 962; x_wconf 82' lang='lat' dir='ltr'><strong>Nam</strong></span> <span class='ocrx_word' id='word_1_224' title='bbox 284 939 312 962; x_wconf 92' lang='lat' dir='ltr'><strong>ut</strong></span> <span class='ocrx_word' id='word_1_225' title='bbox 329 936 379 962; x_wconf 88' lang='lat' dir='ltr'><strong>iste</strong></span> <span class='ocrx_word' id='word_1_226' title='bbox 394 942 455 962; x_wconf 93' lang='lat' dir='ltr'><strong>cum</strong></span> <span class='ocrx_word' id='word_1_227' title='bbox 480 934 614 962; x_wconf 80' lang='lat' dir='ltr'><strong>Tltamare</strong></span> <span class='ocrx_word' id='word_1_228' title='bbox 632 935 732 967; x_wconf 80' lang='lat' dir='ltr'><strong>coibat,</strong></span> <span class='ocrx_word' id='word_1_229' title='bbox 750 943 783 963; x_wconf 90' lang='lat' dir='ltr'><strong>ac</strong></span> <span class='ocrx_word' id='word_1_230' title='bbox 802 937 906 964; x_wconf 90' lang='lat' dir='ltr'><strong>libidini</strong></span> <span class='ocrx_word' id='word_1_231' title='bbox 930 945 986 965; x_wconf 59' lang='lat' dir='ltr'><strong>sua:</strong></span> 
     </span>
    </p>
   </div>
   <div class='ocr_carea' id='block_1_36' title="bbox 192 981 985 1019">
    <p class='ocr_par' dir='ltr' id='par_1_36' title="bbox 192 981 985 1019">
     <span class='ocr_line' id='line_1_36' title="bbox 192 981 985 1019; baseline 0.004 -12"><span class='ocrx_word' id='word_1_232' title='bbox 192 981 389 1011; x_wconf 81' lang='lat' dir='ltr'><strong>satisfaciebat.</strong></span> <span class='ocrx_word' id='word_1_233' title='bbox 414 988 502 1015; x_wconf 82' lang='lat' dir='ltr'><strong>neque</strong></span> <span class='ocrx_word' id='word_1_234' title='bbox 527 981 677 1016; x_wconf 77' lang='lat' dir='ltr'><strong>quidquam</strong></span> <span class='ocrx_word' id='word_1_235' title='bbox 694 987 783 1009; x_wconf 89' lang='lat' dir='ltr'><strong>tamen</strong></span> <span class='ocrx_word' id='word_1_236' title='bbox 802 983 834 1010; x_wconf 82' lang='lat' dir='ltr'><strong>ad</strong></span> <span class='ocrx_word' id='word_1_237' title='bbox 851 991 985 1019; x_wconf 77' lang='lat' dir='ltr'><strong>propaga-</strong></span> 
     </span>
    </p>
   </div>
   <div class='ocr_carea' id='block_1_37' title="bbox 193 1027 985 1062">
    <p class='ocr_par' dir='ltr' id='par_1_37' title="bbox 193 1027 985 1062">
     <span class='ocr_line' id='line_1_37' title="bbox 193 1027 985 1062; baseline 0.004 -8"><span class='ocrx_word' id='word_1_238' title='bbox 193 1029 292 1054; x_wconf 90' lang='lat' dir='ltr'><strong>tionem</strong></span> <span class='ocrx_word' id='word_1_239' title='bbox 315 1027 426 1059; x_wconf 85' lang='lat' dir='ltr'><strong>sobolis.</strong></span> <span class='ocrx_word' id='word_1_240' title='bbox 452 1027 606 1062; x_wconf 70' lang='lat' dir='ltr'><strong>cuiusmodi</strong></span> <span class='ocrx_word' id='word_1_241' title='bbox 628 1028 787 1056; x_wconf 85' lang='lat' dir='ltr'><strong>hominibus</strong></span> <span class='ocrx_word' id='word_1_242' title='bbox 809 1037 825 1056; x_wconf 89' lang='lat' dir='ltr'><strong>e</strong></span> <span class='ocrx_word' id='word_1_243' title='bbox 845 1028 900 1057; x_wconf 88' lang='lat' dir='ltr'><strong>Deo</strong></span> <span class='ocrx_word' id='word_1_244' title='bbox 917 1037 985 1057; x_wconf 88' lang='lat' dir='ltr'><strong>con-</strong></span> 
     </span>
    </p>
   </div>
   <div class='ocr_carea' id='block_1_38' title="bbox 191 1074 985 1110">
    <p class='ocr_par' dir='ltr' id='par_1_38' title="bbox 191 1074 985 1110">
     <span class='ocr_line' id='line_1_38' title="bbox 191 1074 985 1110; baseline 0 -8"><span class='ocrx_word' id='word_1_245' title='bbox 191 1082 270 1102; x_wconf 85' lang='lat' dir='ltr'><strong>cessa</strong></span> <span class='ocrx_word' id='word_1_246' title='bbox 284 1079 336 1104; x_wconf 83' lang='lat' dir='ltr'><strong>est.</strong></span> <span class='ocrx_word' id='word_1_247' title='bbox 351 1074 500 1106; x_wconf 81' lang='lat' dir='ltr'><strong>elliciebat;</strong></span> <span class='ocrx_word' id='word_1_248' title='bbox 528 1075 582 1100; x_wconf 91' lang='lat' dir='ltr'><strong>imo</strong></span> <span class='ocrx_word' id='word_1_249' title='bbox 594 1081 659 1101; x_wconf 82' lang='lat' dir='ltr'><strong>vero</strong></span> <span class='ocrx_word' id='word_1_250' title='bbox 678 1074 730 1101; x_wconf 82' lang='lat' dir='ltr'><strong>sibi</strong></span> <span class='ocrx_word' id='word_1_251' title='bbox 754 1081 786 1102; x_wconf 90' lang='lat' dir='ltr'><strong>eo</strong></span> <span class='ocrx_word' id='word_1_252' title='bbox 808 1074 868 1110; x_wconf 89' lang='lat' dir='ltr'><strong>ipso</strong></span> <span class='ocrx_word' id='word_1_253' title='bbox 891 1075 985 1108; x_wconf 82' lang='lat' dir='ltr'><strong>modo,</strong></span> 
     </span>
    </p>
   </div>
   <div class='ocr_carea' id='block_1_39' title="bbox 191 1119 984 1155">
    <p class='ocr_par' dir='ltr' id='par_1_39' title="bbox 191 1119 984 1155">
     <span class='ocr_line' id='line_1_39' title="bbox 191 1119 984 1155; baseline 0.001 -8"><span class='ocrx_word' id='word_1_254' title='bbox 191 1128 246 1155; x_wconf 89' lang='lat' dir='ltr'><strong>quo</strong></span> <span class='ocrx_word' id='word_1_255' title='bbox 258 1120 388 1155; x_wconf 78' lang='lat' dir='ltr'><strong>ﬂagitium</strong></span> <span class='ocrx_word' id='word_1_256' title='bbox 406 1120 470 1146; x_wconf 89' lang='lat' dir='ltr'><strong>illud</strong></span> <span class='ocrx_word' id='word_1_257' title='bbox 485 1119 619 1154; x_wconf 80' lang='lat' dir='ltr'><strong>patrabat,</strong></span> <span class='ocrx_word' id='word_1_258' title='bbox 634 1120 823 1148; x_wconf 81' lang='lat' dir='ltr'><strong>consciscebat</strong></span> <span class='ocrx_word' id='word_1_259' title='bbox 838 1121 984 1155; x_wconf 84' lang='lat' dir='ltr'><strong>injuriam:</strong></span> 
     </span>
    </p>
   </div>
   <div class='ocr_carea' id='block_1_40' title="bbox 192 1165 986 1200">
    <p class='ocr_par' dir='ltr' id='par_1_40' title="bbox 192 1165 986 1200">
     <span class='ocr_line' id='line_1_40' title="bbox 192 1165 986 1200; baseline 0.001 -7"><span class='ocrx_word' id='word_1_260' title='bbox 192 1166 233 1193; x_wconf 84' lang='lat' dir='ltr'><strong>sic</strong></span> <span class='ocrx_word' id='word_1_261' title='bbox 247 1166 402 1200; x_wconf 83' lang='lat' dir='ltr'><strong>Origeniani</strong></span> <span class='ocrx_word' id='word_1_262' title='bbox 421 1165 448 1192; x_wconf 92' lang='lat' dir='ltr'><strong>in</strong></span> <span class='ocrx_word' id='word_1_263' title='bbox 461 1165 622 1193; x_wconf 80' lang='lat' dir='ltr'><strong>detestanda</strong></span> <span class='ocrx_word' id='word_1_264' title='bbox 644 1167 689 1193; x_wconf 82' lang='lat' dir='ltr'><strong>illa</strong></span> <span class='ocrx_word' id='word_1_265' title='bbox 713 1174 762 1194; x_wconf 88' lang='lat' dir='ltr'><strong>sua</strong></span> <span class='ocrx_word' id='word_1_266' title='bbox 781 1167 892 1194; x_wconf 85' lang='lat' dir='ltr'><strong>libidine</strong></span> <span class='ocrx_word' id='word_1_267' title='bbox 911 1173 986 1194; x_wconf 93' lang='lat' dir='ltr'><strong>com-</strong></span> 
     </span>
    </p>
   </div>
   <div class='ocr_carea' id='block_1_41' title="bbox 192 1211 984 1247">
    <p class='ocr_par' dir='ltr' id='par_1_41' title="bbox 192 1211 984 1247">
     <span class='ocr_line' id='line_1_41' title="bbox 192 1211 984 1247; baseline 0.004 -10"><span class='ocrx_word' id='word_1_268' title='bbox 192 1211 335 1244; x_wconf 75' lang='lat' dir='ltr'><strong>mittenda,</strong></span> <span class='ocrx_word' id='word_1_269' title='bbox 360 1212 490 1238; x_wconf 86' lang='lat' dir='ltr'><strong>usitatam</strong></span> <span class='ocrx_word' id='word_1_270' title='bbox 516 1219 642 1239; x_wconf 80' lang='lat' dir='ltr'><strong>venerem</strong></span> <span class='ocrx_word' id='word_1_271' title='bbox 666 1213 792 1247; x_wconf 87' lang='lat' dir='ltr'><strong>persequi</strong></span> <span class='ocrx_word' id='word_1_272' title='bbox 815 1213 913 1240; x_wconf 85' lang='lat' dir='ltr'><strong>solent.</strong></span> <span class='ocrx_word' id='word_1_273' title='bbox 926 1212 984 1240; x_wconf 88' lang='lat' dir='ltr'><strong>Non</strong></span> 
     </span>
    </p>
   </div>
   <div class='ocr_carea' id='block_1_42' title="bbox 190 1259 982 1297">
    <p class='ocr_par' dir='ltr' id='par_1_42' title="bbox 190 1259 982 1297">
     <span class='ocr_line' id='line_1_42' title="bbox 190 1259 982 1297; baseline 0.001 -11"><span class='ocrx_word' id='word_1_274' title='bbox 190 1259 271 1297; x_wconf 46' lang='lat' dir='ltr'><strong>enim.</strong></span> <span class='ocrx_word' id='word_1_275' title='bbox 293 1259 330 1286; x_wconf 89' lang='lat' dir='ltr'><strong>illi</strong></span> <span class='ocrx_word' id='word_1_276' title='bbox 351 1259 514 1291; x_wconf 76' lang='lat' dir='ltr'><strong>castitatem.</strong></span> <span class='ocrx_word' id='word_1_277' title='bbox 538 1259 585 1286; x_wconf 84' lang='lat' dir='ltr'><strong>sed</strong></span> <span class='ocrx_word' id='word_1_278' title='bbox 609 1259 745 1287; x_wconf 78' lang='lat' dir='ltr'><strong>castitatis</strong></span> <span class='ocrx_word' id='word_1_279' title='bbox 767 1259 982 1291; x_wconf 84' lang='lat' dir='ltr'><strong>simulationem.</strong></span> 
     </span>
    </p>
   </div>
   <div class='ocr_carea' id='block_1_43' title="bbox 191 1303 983 1338">
    <p class='ocr_par' dir='ltr' id='par_1_43' title="bbox 191 1303 983 1338">
     <span class='ocr_line' id='line_1_43' title="bbox 191 1303 983 1338; baseline 0 -8"><span class='ocrx_word' id='word_1_280' title='bbox 191 1304 236 1331; x_wconf 84' lang='lat' dir='ltr'><strong>cui</strong></span> <span class='ocrx_word' id='word_1_281' title='bbox 262 1304 331 1331; x_wconf 75' lang='lat' dir='ltr'><strong>falso</strong></span> <span class='ocrx_word' id='word_1_282' title='bbox 354 1312 453 1331; x_wconf 80' lang='lat' dir='ltr'><strong>nomen</strong></span> <span class='ocrx_word' id='word_1_283' title='bbox 480 1303 547 1330; x_wconf 91' lang='lat' dir='ltr'><strong>illud</strong></span> <span class='ocrx_word' id='word_1_284' title='bbox 576 1304 721 1335; x_wconf 86' lang='lat' dir='ltr'><strong>tribuitur.</strong></span> <span class='ocrx_word' id='word_1_285' title='bbox 745 1312 800 1338; x_wconf 64' lang='lat' dir='ltr'><strong>prae</strong></span> <span class='ocrx_word' id='word_1_286' title='bbox 823 1312 853 1332; x_wconf 88' lang='lat' dir='ltr'><strong>se</strong></span> <span class='ocrx_word' id='word_1_287' title='bbox 881 1303 983 1332; x_wconf 78' lang='lat' dir='ltr'><strong>ferunt.</strong></span> 
     </span>
    </p>
   </div>
   <div class='ocr_carea' id='block_1_44' title="bbox 191 1349 983 1384">
    <p class='ocr_par' dir='ltr' id='par_1_44' title="bbox 191 1349 983 1384">
     <span class='ocr_line' id='line_1_44' title="bbox 191 1349 983 1384; baseline 0 -8"><span class='ocrx_word' id='word_1_288' title='bbox 191 1349 257 1382; x_wconf 71' lang='lat' dir='ltr'><strong>Qua:</strong></span> <span class='ocrx_word' id='word_1_289' title='bbox 272 1350 297 1377; x_wconf 92' lang='lat' dir='ltr'><strong>id</strong></span> <span class='ocrx_word' id='word_1_290' title='bbox 318 1349 435 1379; x_wconf 78' lang='lat' dir='ltr'><strong>aﬂ‘ectat.</strong></span> <span class='ocrx_word' id='word_1_291' title='bbox 460 1353 500 1380; x_wconf 84' lang='lat' dir='ltr'><strong>ut.</strong></span> <span class='ocrx_word' id='word_1_292' title='bbox 525 1357 586 1384; x_wconf 70' lang='lat' dir='ltr'><strong>quae</strong></span> <span class='ocrx_word' id='word_1_293' title='bbox 608 1353 786 1384; x_wconf 84' lang='lat' dir='ltr'><strong>constuprata</strong></span> <span class='ocrx_word' id='word_1_294' title='bbox 810 1351 847 1376; x_wconf 85' lang='lat' dir='ltr'><strong>sit.</strong></span> <span class='ocrx_word' id='word_1_295' title='bbox 874 1350 983 1382; x_wconf 87' lang='lat' dir='ltr'><strong>mulier,</strong></span> 
     </span>
    </p>
   </div>
   <div class='ocr_carea' id='block_1_45' title="bbox 192 1394 983 1430">
    <p class='ocr_par' dir='ltr' id='par_1_45' title="bbox 192 1394 983 1430">
     <span class='ocr_line' id='line_1_45' title="bbox 192 1394 983 1430; baseline -0.001 -9"><span class='ocrx_word' id='word_1_296' title='bbox 192 1403 336 1430; x_wconf 64' lang='lat' dir='ltr'><strong>praegnans</strong></span> <span class='ocrx_word' id='word_1_297' title='bbox 354 1403 409 1421; x_wconf 93' lang='lat' dir='ltr'><strong>non</strong></span> <span class='ocrx_word' id='word_1_298' title='bbox 436 1394 491 1426; x_wconf 81' lang='lat' dir='ltr'><strong>liat,</strong></span> <span class='ocrx_word' id='word_1_299' title='bbox 519 1398 566 1420; x_wconf 89' lang='lat' dir='ltr'><strong>aut</strong></span> <span class='ocrx_word' id='word_1_300' title='bbox 592 1402 626 1422; x_wconf 89' lang='lat' dir='ltr'><strong>ne</strong></span> <span class='ocrx_word' id='word_1_301' title='bbox 651 1394 723 1422; x_wconf 78' lang='lat' dir='ltr'><strong>fetus</strong></span> <span class='ocrx_word' id='word_1_302' title='bbox 752 1394 856 1430; x_wconf 88' lang='lat' dir='ltr'><strong>aliquid</strong></span> <span class='ocrx_word' id='word_1_303' title='bbox 883 1395 983 1430; x_wconf 84' lang='lat' dir='ltr'><strong>pariat,</strong></span> 
     </span>
    </p>
   </div>
   <div class='ocr_carea' id='block_1_46' title="bbox 192 1440 985 1476">
    <p class='ocr_par' dir='ltr' id='par_1_46' title="bbox 192 1440 985 1476">
     <span class='ocr_line' id='line_1_46' title="bbox 192 1440 985 1476; baseline 0.001 -9"><span class='ocrx_word' id='word_1_304' title='bbox 192 1449 259 1468; x_wconf 78' lang='lat' dir='ltr'><strong>neve</strong></span> <span class='ocrx_word' id='word_1_305' title='bbox 278 1441 304 1468; x_wconf 91' lang='lat' dir='ltr'><strong>id</strong></span> <span class='ocrx_word' id='word_1_306' title='bbox 325 1440 448 1467; x_wconf 88' lang='lat' dir='ltr'><strong>homines</strong></span> <span class='ocrx_word' id='word_1_307' title='bbox 477 1441 647 1472; x_wconf 78' lang='lat' dir='ltr'><strong>resciscant;</strong></span> <span class='ocrx_word' id='word_1_308' title='bbox 671 1440 741 1474; x_wconf 89' lang='lat' dir='ltr'><strong>apud</strong></span> <span class='ocrx_word' id='word_1_309' title='bbox 768 1449 838 1476; x_wconf 91' lang='lat' dir='ltr'><strong>quos</strong></span> <span class='ocrx_word' id='word_1_310' title='bbox 862 1448 912 1468; x_wconf 86' lang='lat' dir='ltr'><strong>suo</strong></span> <span class='ocrx_word' id='word_1_311' title='bbox 937 1440 985 1468; x_wconf 91' lang='lat' dir='ltr'><strong>illo</strong></span> 
     </span>
    </p>
   </div>
   <div class='ocr_carea' id='block_1_47' title="bbox 191 1486 984 1522">
    <p class='ocr_par' dir='ltr' id='par_1_47' title="bbox 191 1486 984 1522">
     <span class='ocr_line' id='line_1_47' title="bbox 191 1486 984 1522; baseline 0.001 -8"><span class='ocrx_word' id='word_1_312' title='bbox 191 1487 370 1519; x_wconf 71' lang='lat' dir='ltr'><strong>castimoniae,</strong></span> <span class='ocrx_word' id='word_1_313' title='bbox 396 1492 426 1513; x_wconf 90' lang='lat' dir='ltr'><strong>ut</strong></span> <span class='ocrx_word' id='word_1_314' title='bbox 450 1490 558 1522; x_wconf 84' lang='lat' dir='ltr'><strong>putant,</strong></span> <span class='ocrx_word' id='word_1_315' title='bbox 585 1486 711 1513; x_wconf 80' lang='lat' dir='ltr'><strong>instituto</strong></span> <span class='ocrx_word' id='word_1_316' title='bbox 737 1486 764 1514; x_wconf 95' lang='lat' dir='ltr'><strong>in</strong></span> <span class='ocrx_word' id='word_1_317' title='bbox 789 1487 876 1522; x_wconf 89' lang='lat' dir='ltr'><strong>pretio</strong></span> <span class='ocrx_word' id='word_1_318' title='bbox 902 1491 984 1522; x_wconf 84' lang='lat' dir='ltr'><strong>atque</strong></span> 
     </span>
    </p>
   </div>
   <div class='ocr_carea' id='block_1_48' title="bbox 190 1519 1018 1567">
    <p class='ocr_par' dir='ltr' id='par_1_48' title="bbox 190 1519 1018 1567">
     <span class='ocr_line' id='line_1_48' title="bbox 190 1519 1018 1567; baseline 0.002 -7"><span class='ocrx_word' id='word_1_319' title='bbox 190 1532 396 1560; x_wconf 80' lang='lat' dir='ltr'><strong>existimatione</strong></span> <span class='ocrx_word' id='word_1_320' title='bbox 408 1539 469 1559; x_wconf 84' lang='lat' dir='ltr'><strong>esse</strong></span> <span class='ocrx_word' id='word_1_321' title='bbox 489 1532 614 1567; x_wconf 86' lang='lat' dir='ltr'><strong>cupiunt.</strong></span> <span class='ocrx_word' id='word_1_322' title='bbox 629 1532 718 1567; x_wconf 85' lang='lat' dir='ltr'><strong>Atque</strong></span> <span class='ocrx_word' id='word_1_323' title='bbox 734 1532 786 1559; x_wconf 89' lang='lat' dir='ltr'><strong>hoc</strong></span> <span class='ocrx_word' id='word_1_324' title='bbox 804 1533 982 1562; x_wconf 85' lang='lat' dir='ltr'><strong>nihilominus</strong></span> <span class='ocrx_word' id='word_1_325' title='bbox 997 1519 1018 1548; x_wconf 70' lang='grc' dir='ltr'>ο</span> 
     </span>
    </p>
   </div>
   <div class='ocr_carea' id='block_1_49' title="bbox 191 1576 980 1613">
    <p class='ocr_par' dir='ltr' id='par_1_49' title="bbox 191 1576 980 1613">
     <span class='ocr_line' id='line_1_49' title="bbox 191 1576 980 1613; baseline 0.004 -9"><span class='ocrx_word' id='word_1_326' title='bbox 191 1585 261 1613; x_wconf 87' lang='lat' dir='ltr'><strong>opus</strong></span> <span class='ocrx_word' id='word_1_327' title='bbox 277 1578 384 1604; x_wconf 90' lang='lat' dir='ltr'><strong>illorum</strong></span> <span class='ocrx_word' id='word_1_328' title='bbox 400 1582 442 1604; x_wconf 83' lang='lat' dir='ltr'><strong>est</strong></span> <span class='ocrx_word' id='word_1_329' title='bbox 461 1585 491 1604; x_wconf 80' lang='lat' dir='ltr'><strong>ac</strong></span> <span class='ocrx_word' id='word_1_330' title='bbox 512 1576 628 1604; x_wconf 77' lang='lat' dir='ltr'><strong>facinus.</strong></span> <span class='ocrx_word' id='word_1_331' title='bbox 646 1577 698 1605; x_wconf 86' lang='lat' dir='ltr'><strong>Sed</strong></span> <span class='ocrx_word' id='word_1_332' title='bbox 718 1578 763 1604; x_wconf 84' lang='lat' dir='ltr'><strong>alii</strong></span> <span class='ocrx_word' id='word_1_333' title='bbox 783 1582 890 1613; x_wconf 90' lang='lat' dir='ltr'><strong>turpem</strong></span> <span class='ocrx_word' id='word_1_334' title='bbox 906 1579 980 1607; x_wconf 87' lang='lat' dir='ltr'><strong>illam</strong></span> 
     </span>
    </p>
   </div>
   <div class='ocr_carea' id='block_1_50' title="bbox 193 1622 982 1657">
    <p class='ocr_par' dir='ltr' id='par_1_50' title="bbox 193 1622 982 1657">
     <span class='ocr_line' id='line_1_50' title="bbox 193 1622 982 1657; baseline 0.004 -9"><span class='ocrx_word' id='word_1_335' title='bbox 193 1623 410 1656; x_wconf 74' lang='lat' dir='ltr'><strong>ﬂagitiosamque</strong></span> <span class='ocrx_word' id='word_1_336' title='bbox 425 1630 481 1648; x_wconf 75' lang='lat' dir='ltr'><strong>rem</strong></span> <span class='ocrx_word' id='word_1_337' title='bbox 497 1622 549 1648; x_wconf 88' lang='lat' dir='ltr'><strong>alia</strong></span> <span class='ocrx_word' id='word_1_338' title='bbox 569 1622 684 1654; x_wconf 86' lang='lat' dir='ltr'><strong>ratione,</strong></span> <span class='ocrx_word' id='word_1_339' title='bbox 701 1630 781 1657; x_wconf 84' lang='lat' dir='ltr'><strong>quam</strong></span> <span class='ocrx_word' id='word_1_340' title='bbox 803 1631 865 1650; x_wconf 81' lang='lat' dir='ltr'><strong>cum</strong></span> <span class='ocrx_word' id='word_1_341' title='bbox 885 1625 982 1652; x_wconf 90' lang='lat' dir='ltr'><strong>mulie-</strong></span> 
     </span>
    </p>
   </div>
   <div class='ocr_carea' id='block_1_51' title="bbox 191 1667 980 1702">
    <p class='ocr_par' dir='ltr' id='par_1_51' title="bbox 191 1667 980 1702">
     <span class='ocr_line' id='line_1_51' title="bbox 191 1667 980 1702; baseline 0.003 -7"><span class='ocrx_word' id='word_1_342' title='bbox 191 1668 278 1699; x_wconf 90' lang='lat' dir='ltr'><strong>ribus,</strong></span> <span class='ocrx_word' id='word_1_343' title='bbox 291 1672 434 1699; x_wconf 82' lang='lat' dir='ltr'><strong>exercent;</strong></span> <span class='ocrx_word' id='word_1_344' title='bbox 453 1675 484 1694; x_wconf 86' lang='lat' dir='ltr'><strong>ac</strong></span> <span class='ocrx_word' id='word_1_345' title='bbox 499 1668 556 1694; x_wconf 88' lang='lat' dir='ltr'><strong>suis</strong></span> <span class='ocrx_word' id='word_1_346' title='bbox 570 1667 625 1702; x_wconf 86' lang='lat' dir='ltr'><strong>ipsi</strong></span> <span class='ocrx_word' id='word_1_347' title='bbox 640 1669 766 1696; x_wconf 84' lang='lat' dir='ltr'><strong>manibus</strong></span> <span class='ocrx_word' id='word_1_348' title='bbox 781 1669 814 1696; x_wconf 79' lang='lat' dir='ltr'><strong>ad</strong></span> <span class='ocrx_word' id='word_1_349' title='bbox 831 1669 980 1698; x_wconf 63' lang='lat' dir='ltr'><strong>foeditatem</strong></span> 
     </span>
    </p>
   </div>
   <div class='ocr_carea' id='block_1_52' title="bbox 191 1713 980 1750">
    <p class='ocr_par' dir='ltr' id='par_1_52' title="bbox 191 1713 980 1750">
     <span class='ocr_line' id='line_1_52' title="bbox 191 1713 980 1750; baseline 0.004 -10"><span class='ocrx_word' id='word_1_350' title='bbox 191 1715 352 1741; x_wconf 90' lang='lat' dir='ltr'><strong>abutuntur.</strong></span> <span class='ocrx_word' id='word_1_351' title='bbox 373 1714 429 1740; x_wconf 82' lang='lat' dir='ltr'><strong>Nec</strong></span> <span class='ocrx_word' id='word_1_352' title='bbox 454 1714 544 1740; x_wconf 88' lang='lat' dir='ltr'><strong>minus</strong></span> <span class='ocrx_word' id='word_1_353' title='bbox 574 1713 618 1740; x_wconf 84' lang='lat' dir='ltr'><strong>isti</strong></span> <span class='ocrx_word' id='word_1_354' title='bbox 641 1713 727 1745; x_wconf 65' lang='lat' dir='ltr'><strong>Judaz,</strong></span> <span class='ocrx_word' id='word_1_355' title='bbox 749 1722 829 1750; x_wconf 87' lang='lat' dir='ltr'><strong>quem</strong></span> <span class='ocrx_word' id='word_1_356' title='bbox 850 1715 980 1748; x_wconf 78' lang='lat' dir='ltr'><strong>diximus.</strong></span> 
     </span>
    </p>
   </div>
   <div class='ocr_carea' id='block_1_53' title="bbox 191 1759 981 1793">
    <p class='ocr_par' dir='ltr' id='par_1_53' title="bbox 191 1759 981 1793">
     <span class='ocr_line' id='line_1_53' title="bbox 191 1759 981 1793; baseline 0.004 -7"><span class='ocrx_word' id='word_1_357' title='bbox 191 1759 333 1786; x_wconf 86' lang='lat' dir='ltr'><strong>imitantur</strong></span> <span class='ocrx_word' id='word_1_358' title='bbox 355 1759 459 1791; x_wconf 87' lang='lat' dir='ltr'><strong>lilium;</strong></span> <span class='ocrx_word' id='word_1_359' title='bbox 483 1759 547 1785; x_wconf 89' lang='lat' dir='ltr'><strong>dum</strong></span> <span class='ocrx_word' id='word_1_360' title='bbox 571 1759 684 1786; x_wconf 76' lang='lat' dir='ltr'><strong>uelariis</strong></span> <span class='ocrx_word' id='word_1_361' title='bbox 703 1760 761 1787; x_wconf 88' lang='lat' dir='ltr'><strong>suis</strong></span> <span class='ocrx_word' id='word_1_362' title='bbox 779 1761 939 1793; x_wconf 86' lang='lat' dir='ltr'><strong>sceleribus,</strong></span> <span class='ocrx_word' id='word_1_363' title='bbox 953 1766 981 1789; x_wconf 83' lang='lat' dir='ltr'><strong>et</strong></span> 
     </span>
    </p>
   </div>
   <div class='ocr_carea' id='block_1_54' title="bbox 190 1804 980 1834">
    <p class='ocr_par' dir='ltr' id='par_1_54' title="bbox 190 1804 980 1834">
     <span class='ocr_line' id='line_1_54' title="bbox 190 1804 980 1834; baseline 0.003 -2"><span class='ocrx_word' id='word_1_364' title='bbox 190 1805 365 1832; x_wconf 84' lang='lat' dir='ltr'><strong>abominandi</strong></span> <span class='ocrx_word' id='word_1_365' title='bbox 392 1805 515 1832; x_wconf 88' lang='lat' dir='ltr'><strong>humoris</strong></span> <span class='ocrx_word' id='word_1_366' title='bbox 536 1804 720 1833; x_wconf 89' lang='lat' dir='ltr'><strong>destillatione</strong></span> <span class='ocrx_word' id='word_1_367' title='bbox 740 1810 840 1833; x_wconf 86' lang='lat' dir='ltr'><strong>terram</strong></span> <span class='ocrx_word' id='word_1_368' title='bbox 857 1814 980 1834; x_wconf 87' lang='lat' dir='ltr'><strong>comma-</strong></span> 
     </span>
    </p>
   </div>
   <div class='ocr_carea' id='block_1_55' title="bbox 1041 887 1821 925">
    <p class='ocr_par' dir='ltr' id='par_1_55' title="bbox 1041 887 1821 925">
     <span class='ocr_line' id='line_1_55' title="bbox 1041 887 1821 925; baseline -0.005 -9"><span class='ocrx_word' id='word_1_369' title='bbox 1041 890 1083 921; x_wconf 85' lang='grc' dir='ltr'><strong>Ὠς</strong></span> <span class='ocrx_word' id='word_1_370' title='bbox 1092 890 1146 925; x_wconf 84' lang='grc' dir='ltr'>γὰρ</span> <span class='ocrx_word' id='word_1_371' title='bbox 1159 890 1260 921; x_wconf 74' lang='grc' dir='ltr'>ἐκεῖνος</span> <span class='ocrx_word' id='word_1_372' title='bbox 1270 889 1308 925; x_wconf 83' lang='grc' dir='ltr'>τῷ</span> <span class='ocrx_word' id='word_1_373' title='bbox 1323 889 1429 925; x_wconf 84' lang='grc' dir='ltr'>σώματι</span> <span class='ocrx_word' id='word_1_374' title='bbox 1443 889 1492 925; x_wconf 82' lang='grc' dir='ltr'>μὲν</span> <span class='ocrx_word' id='word_1_375' title='bbox 1506 890 1538 924; x_wconf 81' lang='grc' dir='ltr'>τῇ</span> <span class='ocrx_word' id='word_1_376' title='bbox 1551 888 1648 923; x_wconf 80' lang='grc' dir='ltr'>Θάμαρ</span> <span class='ocrx_word' id='word_1_377' title='bbox 1663 887 1821 922; x_wconf 78' lang='grc' dir='ltr'>συνήτιτετο,</span> 
     </span>
    </p>
   </div>
   <div class='ocr_carea' id='block_1_56' title="bbox 1035 932 1823 972">
    <p class='ocr_par' dir='ltr' id='par_1_56' title="bbox 1035 932 1823 972">
     <span class='ocr_line' id='line_1_56' title="bbox 1035 932 1823 972; baseline -0.005 -10"><span class='ocrx_word' id='word_1_378' title='bbox 1035 937 1081 962; x_wconf 79' lang='grc' dir='ltr'>καὶ</span> <span class='ocrx_word' id='word_1_379' title='bbox 1094 936 1143 972; x_wconf 79' lang='grc' dir='ltr'>τὴν</span> <span class='ocrx_word' id='word_1_380' title='bbox 1157 936 1305 971; x_wconf 69' lang='grc' dir='ltr'>ἐπιθυμίαν</span> <span class='ocrx_word' id='word_1_381' title='bbox 1323 935 1450 968; x_wconf 77' lang='grc' dir='ltr'>ἐξετέλει,</span> <span class='ocrx_word' id='word_1_382' title='bbox 1469 936 1508 967; x_wconf 80' lang='grc' dir='ltr'><strong>είς</strong></span> <span class='ocrx_word' id='word_1_383' title='bbox 1526 934 1678 969; x_wconf 77' lang='grc' dir='ltr'>καταϐολὴν</span> <span class='ocrx_word' id='word_1_384' title='bbox 1705 932 1734 959; x_wconf 78' lang='grc' dir='ltr'>δὲ</span> <span class='ocrx_word' id='word_1_385' title='bbox 1758 940 1823 959; x_wconf 77' lang='grc' dir='ltr'>παι-</span> 
     </span>
    </p>
   </div>
   <div class='ocr_carea' id='block_1_57' title="bbox 1034 978 1822 1018">
    <p class='ocr_par' dir='ltr' id='par_1_57' title="bbox 1034 978 1822 1018">
     <span class='ocr_line' id='line_1_57' title="bbox 1034 978 1822 1018; baseline -0.006 -9"><span class='ocrx_word' id='word_1_386' title='bbox 1034 982 1154 1014; x_wconf 82' lang='grc' dir='ltr'>δοποιίας</span> <span class='ocrx_word' id='word_1_387' title='bbox 1180 982 1250 1009; x_wconf 84' lang='grc' dir='ltr'>κατὰ</span> <span class='ocrx_word' id='word_1_388' title='bbox 1276 982 1326 1018; x_wconf 85' lang='grc' dir='ltr'>τὴν</span> <span class='ocrx_word' id='word_1_389' title='bbox 1350 982 1403 1008; x_wconf 78' lang='grc' dir='ltr'><strong>ὑπὸ</strong></span> <span class='ocrx_word' id='word_1_390' title='bbox 1419 981 1485 1008; x_wconf 85' lang='grc' dir='ltr'>Θεοῦ</span> <span class='ocrx_word' id='word_1_391' title='bbox 1501 981 1622 1007; x_wconf 84' lang='grc' dir='ltr'>δοθεῖσαν</span> <span class='ocrx_word' id='word_1_392' title='bbox 1650 978 1822 1006; x_wconf 80' lang='grc' dir='ltr'>παιδοποιίαν</span> 
     </span>
    </p>
   </div>
   <div class='ocr_carea' id='block_1_58' title="bbox 1035 1020 1822 1063">
    <p class='ocr_par' dir='ltr' id='par_1_58' title="bbox 1035 1020 1822 1063">
     <span class='ocr_line' id='line_1_58' title="bbox 1035 1020 1822 1063; baseline -0.005 -9"><span class='ocrx_word' id='word_1_393' title='bbox 1035 1028 1085 1054; x_wconf 78' lang='grc' dir='ltr'>οὐκ</span> <span class='ocrx_word' id='word_1_394' title='bbox 1110 1027 1319 1063; x_wconf 78' lang='grc' dir='ltr'>ἑτελεσιούργει,</span> <span class='ocrx_word' id='word_1_395' title='bbox 1342 1027 1410 1054; x_wconf 78' lang='grc' dir='ltr'>ἀλλὰ</span> <span class='ocrx_word' id='word_1_396' title='bbox 1426 1026 1521 1053; x_wconf 79' lang='grc' dir='ltr'>ἑαυτὸν</span> <span class='ocrx_word' id='word_1_397' title='bbox 1537 1026 1635 1060; x_wconf 74' lang='grc' dir='ltr'>ἠδίκει,</span> <span class='ocrx_word' id='word_1_398' title='bbox 1647 1020 1669 1058; x_wconf 78' lang='grc' dir='ltr'>ᾧ</span> <span class='ocrx_word' id='word_1_399' title='bbox 1686 1024 1778 1060; x_wconf 88' lang='grc' dir='ltr'>τρόπῳ</span> <span class='ocrx_word' id='word_1_400' title='bbox 1791 1023 1822 1050; x_wconf 77' lang='grc' dir='ltr'><strong>τδ</strong></span> 
     </span>
    </p>
   </div>
   <div class='ocr_carea' id='block_1_59' title="bbox 1036 1068 1822 1109">
    <p class='ocr_par' dir='ltr' id='par_1_59' title="bbox 1036 1068 1822 1109">
     <span class='ocr_line' id='line_1_59' title="bbox 1036 1068 1822 1109; baseline -0.005 -9"><span class='ocrx_word' id='word_1_401' title='bbox 1036 1073 1153 1109; x_wconf 79' lang='grc' dir='ltr'>πονηρὸν</span> <span class='ocrx_word' id='word_1_402' title='bbox 1168 1073 1310 1108; x_wconf 77' lang='grc' dir='ltr'>εἰργάζετο</span> <span class='ocrx_word' id='word_1_403' title='bbox 1322 1081 1328 1088; x_wconf 94' lang='grc'><strong>·</strong></span> <span class='ocrx_word' id='word_1_404' title='bbox 1355 1072 1426 1099; x_wconf 78' lang='grc' dir='ltr'>οὕτω</span> <span class='ocrx_word' id='word_1_405' title='bbox 1446 1073 1493 1099; x_wconf 58' lang='grc' dir='ltr'><strong>καὶ¹</strong></span> <span class='ocrx_word' id='word_1_406' title='bbox 1508 1068 1580 1098; x_wconf 79' lang='grc' dir='ltr'>οὗτοι</span> <span class='ocrx_word' id='word_1_407' title='bbox 1598 1071 1746 1106; x_wconf 77' lang='grc' dir='ltr'>κέχρηνται</span> <span class='ocrx_word' id='word_1_408' title='bbox 1772 1069 1822 1105; x_wconf 84' lang='grc' dir='ltr'>μὲν</span> 
     </span>
    </p>
   </div>
   <div class='ocr_carea' id='block_1_60' title="bbox 1034 1115 1823 1155">
    <p class='ocr_par' dir='ltr' id='par_1_60' title="bbox 1034 1115 1823 1155">
     <span class='ocr_line' id='line_1_60' title="bbox 1034 1115 1823 1155; baseline -0.006 -9"><span class='ocrx_word' id='word_1_409' title='bbox 1034 1121 1094 1152; x_wconf 84' lang='grc' dir='ltr'>ταῖς</span> <span class='ocrx_word' id='word_1_410' title='bbox 1118 1119 1320 1155; x_wconf 76' lang='grc' dir='ltr'>νομιζομέναις,</span> <span class='ocrx_word' id='word_1_411' title='bbox 1347 1118 1485 1150; x_wconf 78' lang='grc' dir='ltr'><strong>τελοῦντες</strong></span> <span class='ocrx_word' id='word_1_412' title='bbox 1511 1117 1612 1153; x_wconf 84' lang='grc' dir='ltr'>ταύτην</span> <span class='ocrx_word' id='word_1_413' title='bbox 1624 1116 1672 1152; x_wconf 83' lang='grc' dir='ltr'><strong>τὴν</strong></span> <span class='ocrx_word' id='word_1_414' title='bbox 1693 1115 1823 1151; x_wconf 85' lang='grc' dir='ltr'>ἀθέμιτον</span> 
     </span>
    </p>
   </div>
   <div class='ocr_carea' id='block_1_61' title="bbox 1035 1162 1822 1201">
    <p class='ocr_par' dir='ltr' id='par_1_61' title="bbox 1035 1162 1822 1201">
     <span class='ocr_line' id='line_1_61' title="bbox 1035 1162 1822 1201; baseline -0.005 -9"><span class='ocrx_word' id='word_1_415' title='bbox 1035 1165 1177 1201; x_wconf 78' lang='grc' dir='ltr'>ἐργασίαν.</span> <span class='ocrx_word' id='word_1_416' title='bbox 1208 1164 1422 1201; x_wconf 81' lang='grc' dir='ltr'>Πεφιλοτίμηται</span> <span class='ocrx_word' id='word_1_417' title='bbox 1451 1164 1506 1200; x_wconf 87' lang='grc' dir='ltr'>γὰρ</span> <span class='ocrx_word' id='word_1_418' title='bbox 1533 1164 1597 1199; x_wconf 79' lang='grc' dir='ltr'>παρ’</span> <span class='ocrx_word' id='word_1_419' title='bbox 1623 1163 1714 1194; x_wconf 72' lang='grc' dir='ltr'>αὐτοῖς</span> <span class='ocrx_word' id='word_1_420' title='bbox 1736 1162 1786 1197; x_wconf 75' lang='grc' dir='ltr'>οὐχ</span> <span class='ocrx_word' id='word_1_421' title='bbox 1804 1162 1822 1196; x_wconf 79' lang='grc' dir='ltr'><strong>ἠ</strong></span> 
     </span>
    </p>
   </div>
   <div class='ocr_carea' id='block_1_62' title="bbox 1036 1209 1822 1246">
    <p class='ocr_par' dir='ltr' id='par_1_62' title="bbox 1036 1209 1822 1246">
     <span class='ocr_line' id='line_1_62' title="bbox 1036 1209 1822 1246; baseline -0.005 -9"><span class='ocrx_word' id='word_1_422' title='bbox 1036 1211 1142 1245; x_wconf 79' lang='grc' dir='ltr'><strong>ἁγνεία,</strong></span> <span class='ocrx_word' id='word_1_423' title='bbox 1157 1211 1214 1237; x_wconf 83' lang='grc' dir='ltr'>ἀλλ’</span> <span class='ocrx_word' id='word_1_424' title='bbox 1232 1210 1394 1246; x_wconf 81' lang='grc' dir='ltr'>ὑποκριτικὴ</span> <span class='ocrx_word' id='word_1_425' title='bbox 1424 1210 1472 1245; x_wconf 78' lang='grc' dir='ltr'>μὲν</span> <span class='ocrx_word' id='word_1_426' title='bbox 1487 1210 1582 1244; x_wconf 82' lang='grc' dir='ltr'>ἁγνεία</span> <span class='ocrx_word' id='word_1_427' title='bbox 1597 1209 1636 1244; x_wconf 82' lang='grc' dir='ltr'>τῷ</span> <span class='ocrx_word' id='word_1_428' title='bbox 1648 1209 1760 1243; x_wconf 84' lang='grc' dir='ltr'>ὀνόματι</span> <span class='ocrx_word' id='word_1_429' title='bbox 1771 1215 1822 1234; x_wconf 84' lang='grc' dir='ltr'>κα·</span> 
     </span>
    </p>
   </div>
   <div class='ocr_carea' id='block_1_63' title="bbox 1035 1255 1821 1294">
    <p class='ocr_par' dir='ltr' id='par_1_63' title="bbox 1035 1255 1821 1294">
     <span class='ocr_line' id='line_1_63' title="bbox 1035 1255 1821 1294; baseline -0.004 -10"><span class='ocrx_word' id='word_1_430' title='bbox 1035 1258 1164 1294; x_wconf 80' lang='grc' dir='ltr'>λουμένη,</span> <span class='ocrx_word' id='word_1_431' title='bbox 1173 1258 1347 1293; x_wconf 88' lang='grc' dir='ltr'>φιλοτίμησις</span> <span class='ocrx_word' id='word_1_432' title='bbox 1356 1257 1385 1284; x_wconf 77' lang='grc' dir='ltr'>δὲ</span> <span class='ocrx_word' id='word_1_433' title='bbox 1398 1257 1450 1289; x_wconf 82' lang='grc' dir='ltr'>ἓως</span> <span class='ocrx_word' id='word_1_434' title='bbox 1463 1256 1509 1284; x_wconf 87' lang='grc' dir='ltr'><strong>τοῦ</strong></span> <span class='ocrx_word' id='word_1_435' title='bbox 1524 1256 1561 1292; x_wconf 84' lang='grc' dir='ltr'>μὴ</span> <span class='ocrx_word' id='word_1_436' title='bbox 1576 1256 1759 1291; x_wconf 81' lang='grc' dir='ltr'>ἑγκυμονῆσαι</span> <span class='ocrx_word' id='word_1_437' title='bbox 1771 1255 1821 1290; x_wconf 82' lang='grc' dir='ltr'>τὴν</span> 
     </span>
    </p>
   </div>
   <div class='ocr_carea' id='block_1_64' title="bbox 1036 1300 1820 1339">
    <p class='ocr_par' dir='ltr' id='par_1_64' title="bbox 1036 1300 1820 1339">
     <span class='ocr_line' id='line_1_64' title="bbox 1036 1300 1820 1339; baseline -0.004 -9"><span class='ocrx_word' id='word_1_438' title='bbox 1036 1304 1088 1331; x_wconf 79' lang='grc' dir='ltr'><strong>ὑπὸ</strong></span> <span class='ocrx_word' id='word_1_439' title='bbox 1103 1304 1150 1330; x_wconf 82' lang='grc' dir='ltr'><strong>τοῦ</strong></span> <span class='ocrx_word' id='word_1_440' title='bbox 1170 1303 1312 1336; x_wconf 80' lang='grc' dir='ltr'>δοκοῦντος</span> <span class='ocrx_word' id='word_1_441' title='bbox 1335 1305 1344 1319; x_wconf 86' lang='grc'>¹</span> <span class='ocrx_word' id='word_1_442' title='bbox 1369 1303 1503 1339; x_wconf 75' lang='grc' dir='ltr'>ἐφθάρθαι</span> <span class='ocrx_word' id='word_1_443' title='bbox 1524 1303 1658 1337; x_wconf 80' lang='grc' dir='ltr'>γυναῖκα·</span> <span class='ocrx_word' id='word_1_444' title='bbox 1683 1301 1700 1336; x_wconf 85' lang='grc' dir='ltr'>ἢ</span> <span class='ocrx_word' id='word_1_445' title='bbox 1720 1301 1763 1327; x_wconf 78' lang='grc' dir='ltr'>ἵνα</span> <span class='ocrx_word' id='word_1_446' title='bbox 1782 1300 1820 1335; x_wconf 80' lang='grc' dir='ltr'>μὴ</span> 
     </span>
    </p>
   </div>
   <div class='ocr_carea' id='block_1_65' title="bbox 1035 1344 1822 1386">
    <p class='ocr_par' dir='ltr' id='par_1_65' title="bbox 1035 1344 1822 1386">
     <span class='ocr_line' id='line_1_65' title="bbox 1035 1344 1822 1386; baseline -0.008 -8"><span class='ocrx_word' id='word_1_447' title='bbox 1035 1351 1196 1386; x_wconf 81' lang='grc' dir='ltr'>φωραθῶσιν</span> <span class='ocrx_word' id='word_1_448' title='bbox 1208 1350 1260 1377; x_wconf 82' lang='grc' dir='ltr'><strong>ὑπὸ</strong></span> <span class='ocrx_word' id='word_1_449' title='bbox 1279 1349 1438 1386; x_wconf 78' lang='grc' dir='ltr'>ἀνθρώπιον,</span> <span class='ocrx_word' id='word_1_450' title='bbox 1450 1349 1605 1384; x_wconf 83' lang='grc' dir='ltr'>βουλόμενοι</span> <span class='ocrx_word' id='word_1_451' title='bbox 1627 1349 1657 1375; x_wconf 84' lang='grc' dir='ltr'><strong>ὲν</strong></span> <span class='ocrx_word' id='word_1_452' title='bbox 1671 1348 1738 1382; x_wconf 80' lang='grc' dir='ltr'>τιμῇ</span> <span class='ocrx_word' id='word_1_453' title='bbox 1753 1344 1822 1373; x_wconf 79' lang='grc' dir='ltr'>εἶναι</span> 
     </span>
    </p>
   </div>
   <div class='ocr_carea' id='block_1_66' title="bbox 1034 1393 1822 1432">
    <p class='ocr_par' dir='ltr' id='par_1_66' title="bbox 1034 1393 1822 1432">
     <span class='ocr_line' id='line_1_66' title="bbox 1034 1393 1822 1432; baseline -0.005 -9"><span class='ocrx_word' id='word_1_454' title='bbox 1034 1397 1078 1424; x_wconf 78' lang='grc' dir='ltr'><strong>διὰ</strong></span> <span class='ocrx_word' id='word_1_455' title='bbox 1092 1397 1140 1432; x_wconf 85' lang='grc' dir='ltr'>τὴν</span> <span class='ocrx_word' id='word_1_456' title='bbox 1152 1397 1334 1432; x_wconf 80' lang='grc' dir='ltr'>νομιζομένην</span> <span class='ocrx_word' id='word_1_457' title='bbox 1356 1396 1420 1432; x_wconf 82' lang='grc' dir='ltr'>παρ’</span> <span class='ocrx_word' id='word_1_458' title='bbox 1444 1396 1537 1427; x_wconf 85' lang='grc' dir='ltr'>αὐτοῖς</span> <span class='ocrx_word' id='word_1_459' title='bbox 1549 1395 1598 1431; x_wconf 83' lang='grc' dir='ltr'>τῆς</span> <span class='ocrx_word' id='word_1_460' title='bbox 1613 1394 1722 1429; x_wconf 83' lang='grc' dir='ltr'>ἁγνείας</span> <span class='ocrx_word' id='word_1_461' title='bbox 1735 1393 1822 1428; x_wconf 79' lang='grc' dir='ltr'>ἀσκη-</span> 
     </span>
    </p>
   </div>
   <div class='ocr_carea' id='block_1_67' title="bbox 1036 1437 1824 1476">
    <p class='ocr_par' dir='ltr' id='par_1_67' title="bbox 1036 1437 1824 1476">
     <span class='ocr_line' id='line_1_67' title="bbox 1036 1437 1824 1476; baseline -0.005 -8"><span class='ocrx_word' id='word_1_462' title='bbox 1036 1450 1092 1468; x_wconf 90' lang='grc' dir='ltr'>σιν·</span> <span class='ocrx_word' id='word_1_463' title='bbox 1107 1442 1182 1476; x_wconf 80' lang='grc' dir='ltr'>ὅμως</span> <span class='ocrx_word' id='word_1_464' title='bbox 1193 1441 1272 1468; x_wconf 85' lang='grc' dir='ltr'>τοῦτο</span> <span class='ocrx_word' id='word_1_465' title='bbox 1284 1441 1373 1468; x_wconf 78' lang='grc' dir='ltr'>αὐτῶν</span> <span class='ocrx_word' id='word_1_466' title='bbox 1389 1441 1446 1467; x_wconf 80' lang='grc' dir='ltr'>ἐστι</span> <span class='ocrx_word' id='word_1_467' title='bbox 1463 1439 1493 1466; x_wconf 77' lang='grc' dir='ltr'>τὸ</span> <span class='ocrx_word' id='word_1_468' title='bbox 1511 1439 1599 1476; x_wconf 76' lang='grc' dir='ltr'>ἔργον,</span> <span class='ocrx_word' id='word_1_469' title='bbox 1615 1438 1741 1474; x_wconf 79' lang='grc' dir='ltr'>ἑτεροιδὲ</span> <span class='ocrx_word' id='word_1_470' title='bbox 1756 1437 1824 1464; x_wconf 75' lang='grc' dir='ltr'>αὐτὸ</span> 
     </span>
    </p>
   </div>
   <div class='ocr_carea' id='block_1_68' title="bbox 1035 1483 1822 1522">
    <p class='ocr_par' dir='ltr' id='par_1_68' title="bbox 1035 1483 1822 1522">
     <span class='ocr_line' id='line_1_68' title="bbox 1035 1483 1822 1522; baseline -0.006 -8"><span class='ocrx_word' id='word_1_471' title='bbox 1035 1487 1112 1514; x_wconf 85' lang='grc' dir='ltr'>τοῦτο</span> <span class='ocrx_word' id='word_1_472' title='bbox 1125 1487 1327 1522; x_wconf 76' lang='grc' dir='ltr'>φιλοτιμοῦνται</span> <span class='ocrx_word' id='word_1_473' title='bbox 1348 1487 1379 1513; x_wconf 74' lang='grc' dir='ltr'><strong>τὸ</strong></span> <span class='ocrx_word' id='word_1_474' title='bbox 1403 1486 1523 1522; x_wconf 81' lang='grc' dir='ltr'>μυσαρὸν</span> <span class='ocrx_word' id='word_1_475' title='bbox 1537 1484 1682 1517; x_wconf 71' lang='grc' dir='ltr'>ἐπιτελεῖν,</span> <span class='ocrx_word' id='word_1_476' title='bbox 1703 1484 1764 1519; x_wconf 76' lang='grc' dir='ltr'>οὐχὶ</span> <span class='ocrx_word' id='word_1_477' title='bbox 1777 1483 1822 1510; x_wconf 75' lang='grc' dir='ltr'><strong>διὰ</strong></span> 
     </span>
    </p>
   </div>
   <div class='ocr_carea' id='block_1_69' title="bbox 1033 1529 1822 1568">
    <p class='ocr_par' dir='ltr' id='par_1_69' title="bbox 1033 1529 1822 1568">
     <span class='ocr_line' id='line_1_69' title="bbox 1033 1529 1822 1568; baseline -0.006 -8"><span class='ocrx_word' id='word_1_478' title='bbox 1033 1533 1179 1568; x_wconf 84' lang='grc' dir='ltr'>γυναικῶν.</span> <span class='ocrx_word' id='word_1_479' title='bbox 1192 1533 1260 1560; x_wconf 79' lang='grc' dir='ltr'>ἀλλὰ</span> <span class='ocrx_word' id='word_1_480' title='bbox 1275 1533 1322 1559; x_wconf 79' lang='grc' dir='ltr'><strong>καὶ</strong></span> <span class='ocrx_word' id='word_1_481' title='bbox 1342 1532 1432 1563; x_wconf 79' lang='grc' dir='ltr'>ἄλλοις</span> <span class='ocrx_word' id='word_1_482' title='bbox 1447 1533 1568 1568; x_wconf 79' lang='grc' dir='ltr'>τρόποις,</span> <span class='ocrx_word' id='word_1_483' title='bbox 1587 1530 1667 1561; x_wconf 76' lang='grc' dir='ltr'>ἰδίαις</span> <span class='ocrx_word' id='word_1_484' title='bbox 1679 1529 1757 1565; x_wconf 68' lang='grc' dir='ltr'>χερσὶ</span> <span class='ocrx_word' id='word_1_485' title='bbox 1773 1537 1822 1564; x_wconf 65' lang='grc' dir='ltr'>με·</span> 
     </span>
    </p>
   </div>
   <div class='ocr_carea' id='block_1_70' title="bbox 1034 1575 1823 1614">
    <p class='ocr_par' dir='ltr' id='par_1_70' title="bbox 1034 1575 1823 1614">
     <span class='ocr_line' id='line_1_70' title="bbox 1034 1575 1823 1614; baseline -0.005 -10"><span class='ocrx_word' id='word_1_486' title='bbox 1034 1578 1183 1614; x_wconf 80' lang='grc' dir='ltr'>λυνόμενοι.</span> <span class='ocrx_word' id='word_1_487' title='bbox 1195 1578 1250 1604; x_wconf 77' lang='grc' dir='ltr'><strong>Καὶ</strong></span> <span class='ocrx_word' id='word_1_488' title='bbox 1261 1578 1390 1609; x_wconf 80' lang='grc' dir='ltr'><strong>ὡσαύτως</strong></span> <span class='ocrx_word' id='word_1_489' title='bbox 1407 1577 1552 1613; x_wconf 81' lang='grc' dir='ltr'>μιμοῦνται</span> <span class='ocrx_word' id='word_1_490' title='bbox 1565 1577 1611 1603; x_wconf 82' lang='grc' dir='ltr'>τὸν</span> <span class='ocrx_word' id='word_1_491' title='bbox 1625 1575 1823 1612; x_wconf 77' lang='grc' dir='ltr'>προειρημένον</span> 
     </span>
    </p>
   </div>
   <div class='ocr_carea' id='block_1_71' title="bbox 1034 1621 1820 1659">
    <p class='ocr_par' dir='ltr' id='par_1_71' title="bbox 1034 1621 1820 1659">
     <span class='ocr_line' id='line_1_71' title="bbox 1034 1621 1820 1659; baseline -0.004 -9"><span class='ocrx_word' id='word_1_492' title='bbox 1034 1624 1092 1650; x_wconf 78' lang='grc' dir='ltr'>υἱὸν</span> <span class='ocrx_word' id='word_1_493' title='bbox 1102 1623 1149 1650; x_wconf 85' lang='grc' dir='ltr'><strong>τοῦ</strong></span> <span class='ocrx_word' id='word_1_494' title='bbox 1169 1623 1261 1656; x_wconf 75' lang='grc' dir='ltr'>Ἰούδα,</span> <span class='ocrx_word' id='word_1_495' title='bbox 1275 1623 1324 1659; x_wconf 83' lang='grc' dir='ltr'><strong>τὴν</strong></span> <span class='ocrx_word' id='word_1_496' title='bbox 1336 1624 1389 1659; x_wconf 86' lang='grc' dir='ltr'><strong>γῆν</strong></span> <span class='ocrx_word' id='word_1_497' title='bbox 1407 1625 1465 1655; x_wconf 80' lang='grc' dir='ltr'>ταῖς</span> <span class='ocrx_word' id='word_1_498' title='bbox 1478 1622 1618 1658; x_wconf 79' lang='grc' dir='ltr'>ἀθεμίτοις</span> <span class='ocrx_word' id='word_1_499' title='bbox 1631 1621 1722 1648; x_wconf 85' lang='grc' dir='ltr'>αὐτῶν</span> <span class='ocrx_word' id='word_1_500' title='bbox 1736 1622 1820 1657; x_wconf 75' lang='grc' dir='ltr'>ἔργα·</span> 
     </span>
    </p>
   </div>
   <div class='ocr_carea' id='block_1_72' title="bbox 1035 1668 1822 1706">
    <p class='ocr_par' dir='ltr' id='par_1_72' title="bbox 1035 1668 1822 1706">
     <span class='ocr_line' id='line_1_72' title="bbox 1035 1668 1822 1706; baseline -0.004 -9"><span class='ocrx_word' id='word_1_501' title='bbox 1035 1670 1106 1702; x_wconf 88' lang='grc' dir='ltr'>σίαις</span> <span class='ocrx_word' id='word_1_502' title='bbox 1116 1670 1162 1697; x_wconf 74' lang='grc' dir='ltr'>καὶ</span> <span class='ocrx_word' id='word_1_503' title='bbox 1174 1671 1308 1706; x_wconf 86' lang='grc' dir='ltr'>μυσαραῖς</span> <span class='ocrx_word' id='word_1_504' title='bbox 1319 1669 1446 1704; x_wconf 79' lang='grc' dir='ltr'>σταγόσιν</span> <span class='ocrx_word' id='word_1_505' title='bbox 1459 1669 1675 1705; x_wconf 83' lang='grc' dir='ltr'>ἑπιμολύνοντες,</span> <span class='ocrx_word' id='word_1_506' title='bbox 1686 1668 1732 1695; x_wconf 77' lang='grc' dir='ltr'>καὶ</span> <span class='ocrx_word' id='word_1_507' title='bbox 1742 1668 1822 1695; x_wconf 74' lang='grc' dir='ltr'>ποσὶν</span> 
     </span>
    </p>
   </div>
   <div class='ocr_carea' id='block_1_73' title="bbox 1034 1715 1822 1753">
    <p class='ocr_par' dir='ltr' id='par_1_73' title="bbox 1034 1715 1822 1753">
     <span class='ocr_line' id='line_1_73' title="bbox 1034 1715 1822 1753; baseline -0.003 -10"><span class='ocrx_word' id='word_1_508' title='bbox 1034 1717 1137 1744; x_wconf 84' lang='grc' dir='ltr'>ἑαυτῶν</span> <span class='ocrx_word' id='word_1_509' title='bbox 1150 1717 1242 1753; x_wconf 78' lang='grc' dir='ltr'>ῥύσεις</span> <span class='ocrx_word' id='word_1_510' title='bbox 1265 1715 1395 1752; x_wconf 81' lang='grc' dir='ltr'>[ἑαυτῶν]</span> <span class='ocrx_word' id='word_1_511' title='bbox 1407 1716 1596 1752; x_wconf 79' lang='grc' dir='ltr'>ἀνατρίόοντες</span> <span class='ocrx_word' id='word_1_512' title='bbox 1608 1716 1637 1742; x_wconf 84' lang='grc' dir='ltr'><strong>ἑν</strong></span> <span class='ocrx_word' id='word_1_513' title='bbox 1652 1716 1684 1750; x_wconf 81' lang='grc' dir='ltr'><strong>τῇ</strong></span> <span class='ocrx_word' id='word_1_514' title='bbox 1705 1716 1739 1751; x_wconf 87' lang='grc' dir='ltr'><strong>γῇ</strong></span> <span class='ocrx_word' id='word_1_515' title='bbox 1754 1723 1762 1731; x_wconf 87' lang='grc'>·</span> <span class='ocrx_word' id='word_1_516' title='bbox 1777 1715 1822 1742; x_wconf 80' lang='grc' dir='ltr'>ἵνα</span> 
     </span>
    </p>
   </div>
   <div class='ocr_carea' id='block_1_74' title="bbox 1035 1760 1821 1798">
    <p class='ocr_par' dir='ltr' id='par_1_74' title="bbox 1035 1760 1821 1798">
     <span class='ocr_line' id='line_1_74' title="bbox 1035 1760 1821 1798; baseline -0.003 -9"><span class='ocrx_word' id='word_1_517' title='bbox 1035 1763 1072 1798; x_wconf 82' lang='grc' dir='ltr'>μὴ</span> <span class='ocrx_word' id='word_1_518' title='bbox 1089 1762 1236 1798; x_wconf 83' lang='grc' dir='ltr'>ἁρπαγῶσι</span> <span class='ocrx_word' id='word_1_519' title='bbox 1255 1762 1290 1789; x_wconf 86' lang='grc' dir='ltr'><strong>τὰ</strong></span> <span class='ocrx_word' id='word_1_520' title='bbox 1311 1762 1415 1789; x_wconf 83' lang='grc' dir='ltr'>ἑαυτῶν</span> <span class='ocrx_word' id='word_1_521' title='bbox 1431 1762 1576 1798; x_wconf 82' lang='grc' dir='ltr'>σπέρματα</span> <span class='ocrx_word' id='word_1_522' title='bbox 1590 1761 1644 1788; x_wconf 79' lang='grc' dir='ltr'>ὑπὸ</span> <span class='ocrx_word' id='word_1_523' title='bbox 1658 1760 1821 1796; x_wconf 73' lang='grc' dir='ltr'><strong>ἀκαθάρτων</strong></span> 
     </span>
    </p>
   </div>
   <div class='ocr_carea' id='block_1_75' title="bbox 1034 1807 1637 1845">
    <p class='ocr_par' dir='ltr' id='par_1_75' title="bbox 1034 1807 1637 1845">
     <span class='ocr_line' id='line_1_75' title="bbox 1034 1807 1637 1845; baseline -0.002 -10"><span class='ocrx_word' id='word_1_524' title='bbox 1034 1808 1208 1845; x_wconf 81' lang='grc' dir='ltr'>πνευμάτων,</span> <span class='ocrx_word' id='word_1_525' title='bbox 1221 1809 1261 1840; x_wconf 82' lang='grc' dir='ltr'>εἰς</span> <span class='ocrx_word' id='word_1_526' title='bbox 1270 1807 1403 1843; x_wconf 81' lang='grc' dir='ltr'>ὑποδοχὴν</span> <span class='ocrx_word' id='word_1_527' title='bbox 1416 1808 1637 1844; x_wconf 80' lang='grc' dir='ltr'>ἑγκυμονήσεως.</span> 
     </span>
    </p>
   </div>
   <div class='ocr_carea' id='block_1_76' title="bbox 190 1849 1821 1888">
    <p class='ocr_par' dir='ltr' id='par_1_76' title="bbox 190 1849 1821 1888">
     <span class='ocr_line' id='line_1_76' title="bbox 190 1849 1821 1888; baseline 0.002 -11"><span class='ocrx_word' id='word_1_528' title='bbox 190 1850 300 1884; x_wconf 84' lang='lat' dir='ltr'><strong>colant;</strong></span> <span class='ocrx_word' id='word_1_529' title='bbox 318 1851 373 1877; x_wconf 89' lang='lat' dir='ltr'><strong>imo</strong></span> <span class='ocrx_word' id='word_1_530' title='bbox 400 1858 464 1877; x_wconf 83' lang='lat' dir='ltr'><strong>vero</strong></span> <span class='ocrx_word' id='word_1_531' title='bbox 489 1849 649 1884; x_wconf 81' lang='lat' dir='ltr'><strong>proﬂuvium</strong></span> <span class='ocrx_word' id='word_1_532' title='bbox 677 1850 741 1877; x_wconf 86' lang='lat' dir='ltr'><strong>illud</strong></span> <span class='ocrx_word' id='word_1_533' title='bbox 766 1859 846 1878; x_wconf 89' lang='lat' dir='ltr'><strong>suum</strong></span> <span class='ocrx_word' id='word_1_534' title='bbox 868 1851 896 1878; x_wconf 93' lang='lat' dir='ltr'><strong>in</strong></span> <span class='ocrx_word' id='word_1_535' title='bbox 919 1853 979 1880; x_wconf 88' lang='lat' dir='ltr'><strong>solo</strong></span> <span class='ocrx_word' id='word_1_536' title='bbox 991 1853 1107 1888; x_wconf 88' lang='lat' dir='ltr'><strong>pedibus</strong></span> <span class='ocrx_word' id='word_1_537' title='bbox 1125 1858 1273 1884; x_wconf 77' lang='lat' dir='ltr'><strong>exterunt;</strong></span> <span class='ocrx_word' id='word_1_538' title='bbox 1293 1861 1328 1881; x_wconf 90' lang='lat' dir='ltr'><strong>ne</strong></span> <span class='ocrx_word' id='word_1_539' title='bbox 1344 1854 1503 1888; x_wconf 86' lang='lat' dir='ltr'><strong>subreptum</strong></span> <span class='ocrx_word' id='word_1_540' title='bbox 1536 1854 1571 1881; x_wconf 88' lang='lat' dir='ltr'><strong>ab</strong></span> <span class='ocrx_word' id='word_1_541' title='bbox 1604 1852 1719 1888; x_wconf 87' lang='lat' dir='ltr'><strong>impuris</strong></span> <span class='ocrx_word' id='word_1_542' title='bbox 1738 1852 1821 1888; x_wconf 84' lang='lat' dir='ltr'><strong>spiri-</strong></span> 
     </span>
    </p>
   </div>
   <div class='ocr_carea' id='block_1_77' title="bbox 190 1895 942 1933">
    <p class='ocr_par' dir='ltr' id='par_1_77' title="bbox 190 1895 942 1933">
     <span class='ocr_line' id='line_1_77' title="bbox 190 1895 942 1933; baseline 0.001 -9"><span class='ocrx_word' id='word_1_543' title='bbox 190 1897 263 1925; x_wconf 84' lang='lat' dir='ltr'><strong>tibus</strong></span> <span class='ocrx_word' id='word_1_544' title='bbox 278 1897 311 1923; x_wconf 87' lang='lat' dir='ltr'><strong>ad</strong></span> <span class='ocrx_word' id='word_1_545' title='bbox 325 1897 407 1923; x_wconf 83' lang='lat' dir='ltr'><strong>ullam</strong></span> <span class='ocrx_word' id='word_1_546' title='bbox 425 1895 496 1923; x_wconf 80' lang='lat' dir='ltr'><strong>fetus</strong></span> <span class='ocrx_word' id='word_1_547' title='bbox 511 1897 726 1931; x_wconf 79' lang='lat' dir='ltr'><strong>procreationem</strong></span> <span class='ocrx_word' id='word_1_548' title='bbox 741 1898 828 1932; x_wconf 87' lang='lat' dir='ltr'><strong>possit</strong></span> <span class='ocrx_word' id='word_1_549' title='bbox 843 1898 942 1933; x_wconf 81' lang='lat' dir='ltr'><strong>excipi.</strong></span> 
     </span>
    </p>
   </div>
   <div class='ocr_carea' id='block_1_78' title="bbox 228 1941 978 1979">
    <p class='ocr_par' dir='ltr' id='par_1_78' title="bbox 228 1941 978 1979">
     <span class='ocr_line' id='line_1_78' title="bbox 228 1941 978 1979; baseline 0.005 -11"><span class='ocrx_word' id='word_1_550' title='bbox 228 1943 259 1970; x_wconf 94' lang='lat' dir='ltr'><strong>Il.</strong></span> <span class='ocrx_word' id='word_1_551' title='bbox 275 1943 407 1970; x_wconf 69' lang='lat' dir='ltr'><strong>titeterum</strong></span> <span class='ocrx_word' id='word_1_552' title='bbox 424 1943 516 1969; x_wconf 85' lang='lat' dir='ltr'><strong>varios</strong></span> <span class='ocrx_word' id='word_1_553' title='bbox 530 1961 537 1973; x_wconf 89' lang='lat'><strong>,</strong></span> <span class='ocrx_word' id='word_1_554' title='bbox 553 1941 592 1968; x_wconf 89' lang='lat' dir='ltr'><strong>uti</strong></span> <span class='ocrx_word' id='word_1_555' title='bbox 620 1941 688 1973; x_wconf 80' lang='lat' dir='ltr'><strong>dixi,</strong></span> <span class='ocrx_word' id='word_1_556' title='bbox 704 1945 759 1969; x_wconf 83' lang='lat' dir='ltr'><strong>tam</strong></span> <span class='ocrx_word' id='word_1_557' title='bbox 774 1942 879 1972; x_wconf 81' lang='lat' dir='ltr'><strong>Veteris</strong></span> <span class='ocrx_word' id='word_1_558' title='bbox 896 1952 978 1979; x_wconf 86' lang='lat' dir='ltr'><strong>quam</strong></span> 
     </span>
    </p>
   </div>
   <div class='ocr_carea' id='block_1_79' title="bbox 191 1987 980 2025">
    <p class='ocr_par' dir='ltr' id='par_1_79' title="bbox 191 1987 980 2025">
     <span class='ocr_line' id='line_1_79' title="bbox 191 1987 980 2025; baseline 0.001 -9"><span class='ocrx_word' id='word_1_559' title='bbox 191 1987 258 2016; x_wconf 79' lang='lat' dir='ltr'><strong>Novi</strong></span> <span class='ocrx_word' id='word_1_560' title='bbox 271 1987 439 2015; x_wconf 82' lang='lat' dir='ltr'><strong>Testamenti</strong></span> <span class='ocrx_word' id='word_1_561' title='bbox 457 1987 542 2014; x_wconf 85' lang='lat' dir='ltr'><strong>libros</strong></span> <span class='ocrx_word' id='word_1_562' title='bbox 562 1987 714 2020; x_wconf 84' lang='lat' dir='ltr'><strong>adhibent;</strong></span> <span class='ocrx_word' id='word_1_563' title='bbox 733 1996 782 2015; x_wconf 90' lang='lat' dir='ltr'><strong>nec</strong></span> <span class='ocrx_word' id='word_1_564' title='bbox 801 1996 856 2016; x_wconf 89' lang='lat' dir='ltr'><strong>non</strong></span> <span class='ocrx_word' id='word_1_565' title='bbox 871 1994 898 2016; x_wconf 83' lang='lat' dir='ltr'><strong>et</strong></span> <span class='ocrx_word' id='word_1_566' title='bbox 914 1997 980 2025; x_wconf 87' lang='lat' dir='ltr'><strong>apo-</strong></span> 
     </span>
    </p>
   </div>
   <div class='ocr_carea' id='block_1_80' title="bbox 191 2033 978 2070">
    <p class='ocr_par' dir='ltr' id='par_1_80' title="bbox 191 2033 978 2070">
     <span class='ocr_line' id='line_1_80' title="bbox 191 2033 978 2070; baseline 0.001 -8"><span class='ocrx_word' id='word_1_567' title='bbox 191 2035 310 2070; x_wconf 86' lang='lat' dir='ltr'><strong>cryphos</strong></span> <span class='ocrx_word' id='word_1_568' title='bbox 324 2034 469 2069; x_wconf 75' lang='lat' dir='ltr'><strong>quosdam,</strong></span> <span class='ocrx_word' id='word_1_569' title='bbox 484 2034 559 2060; x_wconf 77' lang='lat' dir='ltr'><strong>velut</strong></span> <span class='ocrx_word' id='word_1_570' title='bbox 572 2033 696 2065; x_wconf 61' lang='lat' dir='ltr'><strong>Andreae,</strong></span> <span class='ocrx_word' id='word_1_571' title='bbox 713 2039 740 2062; x_wconf 94' lang='lat' dir='ltr'><strong>ct.</strong></span> <span class='ocrx_word' id='word_1_572' title='bbox 753 2035 867 2062; x_wconf 85' lang='lat' dir='ltr'><strong>aliorum</strong></span> <span class='ocrx_word' id='word_1_573' title='bbox 882 2035 978 2063; x_wconf 82' lang='lat' dir='ltr'><strong>Actus.</strong></span> 
     </span>
    </p>
   </div>
   <div class='ocr_carea' id='block_1_81' title="bbox 191 2079 977 2116">
    <p class='ocr_par' dir='ltr' id='par_1_81' title="bbox 191 2079 977 2116">
     <span class='ocr_line' id='line_1_81' title="bbox 191 2079 977 2116; baseline 0.001 -9"><span class='ocrx_word' id='word_1_574' title='bbox 191 2081 274 2108; x_wconf 84' lang='lat' dir='ltr'><strong>Iidem</strong></span> <span class='ocrx_word' id='word_1_575' title='bbox 291 2084 318 2107; x_wconf 87' lang='lat' dir='ltr'><strong>et</strong></span> <span class='ocrx_word' id='word_1_576' title='bbox 338 2079 371 2107; x_wconf 92' lang='lat' dir='ltr'><strong>de</strong></span> <span class='ocrx_word' id='word_1_577' title='bbox 395 2079 497 2107; x_wconf 86' lang='lat' dir='ltr'><strong>incesta</strong></span> <span class='ocrx_word' id='word_1_578' title='bbox 524 2080 569 2107; x_wconf 88' lang='lat' dir='ltr'><strong>illa</strong></span> <span class='ocrx_word' id='word_1_579' title='bbox 597 2088 648 2108; x_wconf 89' lang='lat' dir='ltr'><strong>sua</strong></span> <span class='ocrx_word' id='word_1_580' title='bbox 668 2088 768 2108; x_wconf 84' lang='lat' dir='ltr'><strong>venere</strong></span> <span class='ocrx_word' id='word_1_581' title='bbox 790 2080 877 2116; x_wconf 87' lang='lat' dir='ltr'><strong>palam</strong></span> <span class='ocrx_word' id='word_1_582' title='bbox 895 2081 977 2108; x_wconf 84' lang='lat' dir='ltr'><strong>etiam</strong></span> 
     </span>
    </p>
   </div>
   <div class='ocr_carea' id='block_1_82' title="bbox 191 2126 979 2163">
    <p class='ocr_par' dir='ltr' id='par_1_82' title="bbox 191 2126 979 2163">
     <span class='ocr_line' id='line_1_82' title="bbox 191 2126 979 2163; baseline -0.001 -9"><span class='ocrx_word' id='word_1_583' title='bbox 191 2127 301 2163; x_wconf 77' lang='lat' dir='ltr'><strong>gloriari</strong></span> <span class='ocrx_word' id='word_1_584' title='bbox 329 2134 383 2153; x_wconf 89' lang='lat' dir='ltr'><strong>non</strong></span> <span class='ocrx_word' id='word_1_585' title='bbox 412 2126 558 2158; x_wconf 80' lang='lat' dir='ltr'><strong>dubitant;</strong></span> <span class='ocrx_word' id='word_1_586' title='bbox 577 2130 604 2153; x_wconf 82' lang='lat' dir='ltr'><strong>et.</strong></span> <span class='ocrx_word' id='word_1_587' title='bbox 627 2133 687 2153; x_wconf 89' lang='lat' dir='ltr'><strong>eam</strong></span> <span class='ocrx_word' id='word_1_588' title='bbox 715 2126 844 2153; x_wconf 88' lang='lat' dir='ltr'><strong>audacter</strong></span> <span class='ocrx_word' id='word_1_589' title='bbox 863 2133 894 2153; x_wconf 90' lang='lat' dir='ltr'><strong>ac</strong></span> <span class='ocrx_word' id='word_1_590' title='bbox 919 2126 979 2153; x_wconf 87' lang='lat' dir='ltr'><strong>sine</strong></span> 
     </span>
    </p>
   </div>
   <div class='ocr_carea' id='block_1_83' title="bbox 1061 1939 1817 1977">
    <p class='ocr_par' dir='ltr' id='par_1_83' title="bbox 1061 1939 1817 1977">
     <span class='ocr_line' id='line_1_83' title="bbox 1061 1939 1817 1977; baseline 0 -9"><span class='ocrx_word' id='word_1_591' title='bbox 1061 1941 1098 1968; x_wconf 88' lang='lat' dir='ltr'><strong>B’.</strong></span> <span class='ocrx_word' id='word_1_592' title='bbox 1110 1941 1264 1977; x_wconf 83' lang='grc' dir='ltr'>Κέχρηνται</span> <span class='ocrx_word' id='word_1_593' title='bbox 1275 1941 1313 1973; x_wconf 78' lang='grc' dir='ltr'>δὲ,</span> <span class='ocrx_word' id='word_1_594' title='bbox 1326 1940 1363 1972; x_wconf 90' lang='grc' dir='ltr'><strong>ὡς</strong></span> <span class='ocrx_word' id='word_1_595' title='bbox 1374 1939 1453 1975; x_wconf 75' lang='grc' dir='ltr'>ἔφην,</span> <span class='ocrx_word' id='word_1_596' title='bbox 1466 1939 1606 1975; x_wconf 83' lang='grc' dir='ltr'>διαφόροις</span> <span class='ocrx_word' id='word_1_597' title='bbox 1616 1941 1747 1976; x_wconf 78' lang='grc' dir='ltr'>γραφαῖς,</span> <span class='ocrx_word' id='word_1_598' title='bbox 1758 1941 1817 1968; x_wconf 81' lang='grc' dir='ltr'><strong>Πα-</strong></span> 
     </span>
    </p>
   </div>
   <div class='ocr_carea' id='block_1_84' title="bbox 1025 1986 1816 2023">
    <p class='ocr_par' dir='ltr' id='par_1_84' title="bbox 1025 1986 1816 2023">
     <span class='ocr_line' id='line_1_84' title="bbox 1025 1986 1816 2023; baseline 0 -9"><span class='ocrx_word' id='word_1_599' title='bbox 1025 1986 1103 2019; x_wconf 65' lang='lat' dir='ltr'><strong>lani;</strong></span> <span class='ocrx_word' id='word_1_600' title='bbox 1114 1987 1161 2014; x_wconf 64' lang='lat' dir='ltr'><strong>Kal.</strong></span> <span class='ocrx_word' id='word_1_601' title='bbox 1172 1987 1276 2023; x_wconf 78' lang='grc' dir='ltr'>Καινῆς</span> <span class='ocrx_word' id='word_1_602' title='bbox 1288 1986 1436 2022; x_wconf 86' lang='grc' dir='ltr'>Διαθήκης,</span> <span class='ocrx_word' id='word_1_603' title='bbox 1448 1986 1495 2012; x_wconf 81' lang='grc' dir='ltr'>καὶ</span> <span class='ocrx_word' id='word_1_604' title='bbox 1506 1987 1676 2022; x_wconf 75' lang='grc' dir='ltr'>ἀποκρύφοις</span> <span class='ocrx_word' id='word_1_605' title='bbox 1686 1988 1750 2019; x_wconf 79' lang='grc' dir='ltr'>τισὶ,</span> <span class='ocrx_word' id='word_1_606' title='bbox 1763 1989 1816 2022; x_wconf 75' lang='grc' dir='ltr'><strong>μά-</strong></span> 
     </span>
    </p>
   </div>
   <div class='ocr_carea' id='block_1_85' title="bbox 1023 2031 1816 2068">
    <p class='ocr_par' dir='ltr' id='par_1_85' title="bbox 1023 2031 1816 2068">
     <span class='ocr_line' id='line_1_85' title="bbox 1023 2031 1816 2068; baseline 0 -8"><span class='ocrx_word' id='word_1_607' title='bbox 1023 2035 1101 2060; x_wconf 84' lang='grc' dir='ltr'>λιστα</span> <span class='ocrx_word' id='word_1_608' title='bbox 1112 2033 1171 2064; x_wconf 87' lang='grc' dir='ltr'>ταῖς</span> <span class='ocrx_word' id='word_1_609' title='bbox 1181 2031 1342 2068; x_wconf 84' lang='grc' dir='ltr'>λεγομέναις</span> <span class='ocrx_word' id='word_1_610' title='bbox 1354 2033 1488 2068; x_wconf 77' lang='grc' dir='ltr'>Πράξεσιν</span> <span class='ocrx_word' id='word_1_611' title='bbox 1505 2032 1629 2068; x_wconf 78' lang='grc' dir='ltr'>Ἀνδρέου</span> <span class='ocrx_word' id='word_1_612' title='bbox 1642 2033 1689 2059; x_wconf 77' lang='grc' dir='ltr'><strong>καὶ</strong></span> <span class='ocrx_word' id='word_1_613' title='bbox 1702 2032 1757 2058; x_wconf 86' lang='grc' dir='ltr'><strong>τῶν</strong></span> <span class='ocrx_word' id='word_1_614' title='bbox 1768 2033 1816 2060; x_wconf 75' lang='grc' dir='ltr'><strong>ἄλ-</strong></span> 
     </span>
    </p>
   </div>
   <div class='ocr_carea' id='block_1_86' title="bbox 1023 2078 1814 2114">
    <p class='ocr_par' dir='ltr' id='par_1_86' title="bbox 1023 2078 1814 2114">
     <span class='ocr_line' id='line_1_86' title="bbox 1023 2078 1814 2114; baseline -0.003 -7"><span class='ocrx_word' id='word_1_615' title='bbox 1023 2079 1086 2107; x_wconf 88' lang='grc' dir='ltr'>λων.</span> <span class='ocrx_word' id='word_1_616' title='bbox 1106 2079 1175 2114; x_wconf 84' lang='grc' dir='ltr'>Ἢδη</span> <span class='ocrx_word' id='word_1_617' title='bbox 1186 2078 1214 2105; x_wconf 86' lang='grc' dir='ltr'>δὲ</span> <span class='ocrx_word' id='word_1_618' title='bbox 1229 2079 1350 2105; x_wconf 83' lang='grc' dir='ltr'>κάκεῖνοι</span> <span class='ocrx_word' id='word_1_619' title='bbox 1368 2079 1446 2106; x_wconf 79' lang='grc' dir='ltr'>αὐτοὶ</span> <span class='ocrx_word' id='word_1_620' title='bbox 1465 2079 1654 2114; x_wconf 79' lang='grc' dir='ltr'>ἑκαυχήσαντο</span> <span class='ocrx_word' id='word_1_621' title='bbox 1672 2078 1814 2110; x_wconf 80' lang='grc' dir='ltr'>πολλάκις,</span> 
     </span>
    </p>
   </div>
   <div class='ocr_carea' id='block_1_87' title="bbox 1023 2123 1816 2161">
    <p class='ocr_par' dir='ltr' id='par_1_87' title="bbox 1023 2123 1816 2161">
     <span class='ocr_line' id='line_1_87' title="bbox 1023 2123 1816 2161; baseline -0.003 -9"><span class='ocrx_word' id='word_1_622' title='bbox 1023 2126 1060 2158; x_wconf 85' lang='grc' dir='ltr'>ὼς</span> <span class='ocrx_word' id='word_1_623' title='bbox 1074 2125 1361 2161; x_wconf 74' lang='grc' dir='ltr'>πεπαρρησιασμένως</span> <span class='ocrx_word' id='word_1_624' title='bbox 1372 2125 1452 2151; x_wconf 89' lang='grc' dir='ltr'>τοῦτο</span> <span class='ocrx_word' id='word_1_625' title='bbox 1464 2124 1609 2152; x_wconf 78' lang='grc' dir='ltr'>ἐπιτελεῖν.</span> <span class='ocrx_word' id='word_1_626' title='bbox 1624 2123 1816 2160; x_wconf 83' lang='grc' dir='ltr'>Κατηγοροῦσι</span> 
     </span>
    </p>
   </div>
   <div class='ocr_carea' id='block_1_88' title="bbox 192 2159 981 2207">
    <p class='ocr_par' dir='ltr' id='par_1_88' title="bbox 192 2159 979 2206">
     <span class='ocr_line' id='line_1_88' title="bbox 192 2159 979 2206; baseline 0 -8"><span class='ocrx_word' id='word_1_627' title='bbox 192 2159 248 2198; x_wconf 72' lang='lat' dir='ltr'><strong>ullo</strong></span> <span class='ocrx_word' id='word_1_628' title='bbox 275 2171 379 2206; x_wconf 85' lang='lat' dir='ltr'><strong>pudore</strong></span> <span class='ocrx_word' id='word_1_629' title='bbox 399 2174 566 2205; x_wconf 85' lang='lat' dir='ltr'><strong>perpetrant.</strong></span> <span class='ocrx_word' id='word_1_630' title='bbox 597 2169 707 2197; x_wconf 89' lang='lat' dir='ltr'><strong>Interim</strong></span> <span class='ocrx_word' id='word_1_631' title='bbox 735 2178 799 2197; x_wconf 84' lang='lat' dir='ltr'><strong>vero</strong></span> <span class='ocrx_word' id='word_1_632' title='bbox 829 2171 979 2198; x_wconf 85' lang='lat' dir='ltr'><strong>catholicos</strong></span> 
     </span>
    </p>
   </div>
   <div class='ocr_carea' id='block_1_89' title="bbox 1034 2159 1816 2207">
    <p class='ocr_par' dir='ltr' id='par_1_89' title="bbox 1034 2159 1816 2207">
     <span class='ocr_line' id='line_1_89' title="bbox 1034 2159 1816 2207; baseline -0.003 -9"><span class='ocrx_word' id='word_1_633' title='bbox 1034 2171 1049 2198; x_wconf 67' lang='lat' dir='ltr'><strong>e</strong></span> <span class='ocrx_word' id='word_1_634' title='bbox 1059 2171 1139 2207; x_wconf 82' lang='grc' dir='ltr'>δῆθεν</span> <span class='ocrx_word' id='word_1_635' title='bbox 1210 2171 1240 2197; x_wconf 79' lang='grc' dir='ltr'><strong>ἑν</strong></span> <span class='ocrx_word' id='word_1_636' title='bbox 1249 2159 1284 2206; x_wconf 72' lang='grc' dir='ltr'>τῇ</span> <span class='ocrx_word' id='word_1_637' title='bbox 1291 2170 1441 2206; x_wconf 70' lang='grc' dir='ltr'>Ἐκκλησία</span> <span class='ocrx_word' id='word_1_638' title='bbox 1448 2170 1497 2202; x_wconf 85' lang='grc' dir='ltr'><strong>τὰς</strong></span> <span class='ocrx_word' id='word_1_639' title='bbox 1505 2170 1659 2205; x_wconf 76' lang='grc' dir='ltr'>ἀταπητὰς</span> <span class='ocrx_word' id='word_1_640' title='bbox 1666 2159 1816 2205; x_wconf 81' lang='grc' dir='ltr'>λεγομένας</span> 
     </span>
    </p>
   </div>
   <div class='ocr_carea' id='block_1_90' title="bbox 192 2215 978 2250">
    <p class='ocr_par' dir='ltr' id='par_1_90' title="bbox 192 2215 978 2250">
     <span class='ocr_line' id='line_1_90' title="bbox 192 2215 978 2250; baseline -0.003 -7"><span class='ocrx_word' id='word_1_641' title='bbox 192 2218 253 2243; x_wconf 92' lang='lat' dir='ltr'><strong>illos</strong></span> <span class='ocrx_word' id='word_1_642' title='bbox 268 2215 384 2243; x_wconf 70' lang='lat' dir='ltr'><strong>clericos</strong></span> <span class='ocrx_word' id='word_1_643' title='bbox 401 2219 549 2247; x_wconf 87' lang='lat' dir='ltr'><strong>accusant,</strong></span> <span class='ocrx_word' id='word_1_644' title='bbox 569 2215 615 2249; x_wconf 91' lang='lat' dir='ltr'><strong>qui</strong></span> <span class='ocrx_word' id='word_1_645' title='bbox 639 2215 767 2248; x_wconf 74' lang='lat' dir='ltr'><strong>dilectas,</strong></span> <span class='ocrx_word' id='word_1_646' title='bbox 782 2223 851 2250; x_wconf 86' lang='lat' dir='ltr'><strong>quas</strong></span> <span class='ocrx_word' id='word_1_647' title='bbox 870 2220 978 2247; x_wconf 80' lang='lat' dir='ltr'><strong>vocant,</strong></span> 
     </span>
    </p>
   </div>
   <div class='ocr_carea' id='block_1_91' title="bbox 191 2260 980 2296">
    <p class='ocr_par' dir='ltr' id='par_1_91' title="bbox 191 2260 980 2296">
     <span class='ocr_line' id='line_1_91' title="bbox 191 2260 980 2296; baseline -0.001 -7"><span class='ocrx_word' id='word_1_648' title='bbox 191 2268 216 2289; x_wconf 80' lang='lat' dir='ltr'><strong>et</strong></span> <span class='ocrx_word' id='word_1_649' title='bbox 232 2261 430 2288; x_wconf 73' lang='lat' dir='ltr'><strong>contubernales</strong></span> <span class='ocrx_word' id='word_1_650' title='bbox 449 2260 563 2289; x_wconf 80' lang='lat' dir='ltr'><strong>feminas</strong></span> <span class='ocrx_word' id='word_1_651' title='bbox 585 2261 743 2288; x_wconf 85' lang='lat' dir='ltr'><strong>asciscunt:</strong></span> <span class='ocrx_word' id='word_1_652' title='bbox 764 2269 833 2296; x_wconf 86' lang='lat' dir='ltr'><strong>quos</strong></span> <span class='ocrx_word' id='word_1_653' title='bbox 852 2268 980 2289; x_wconf 81' lang='lat' dir='ltr'><strong>asserunt</strong></span> 
     </span>
    </p>
   </div>
   <div class='ocr_carea' id='block_1_92' title="bbox 190 2307 978 2343">
    <p class='ocr_par' dir='ltr' id='par_1_92' title="bbox 190 2307 978 2343">
     <span class='ocr_line' id='line_1_92' title="bbox 190 2307 978 2343; baseline 0.001 -9"><span class='ocrx_word' id='word_1_654' title='bbox 190 2309 346 2334; x_wconf 71' lang='lat' dir='ltr'><strong>clanculum</strong></span> <span class='ocrx_word' id='word_1_655' title='bbox 363 2307 437 2335; x_wconf 86' lang='lat' dir='ltr'><strong>istud</strong></span> <span class='ocrx_word' id='word_1_656' title='bbox 453 2307 542 2342; x_wconf 86' lang='lat' dir='ltr'><strong>ipsum</strong></span> <span class='ocrx_word' id='word_1_657' title='bbox 561 2311 670 2342; x_wconf 87' lang='lat' dir='ltr'><strong>propter</strong></span> <span class='ocrx_word' id='word_1_658' title='bbox 688 2307 828 2335; x_wconf 88' lang='lat' dir='ltr'><strong>hominum</strong></span> <span class='ocrx_word' id='word_1_659' title='bbox 848 2309 978 2343; x_wconf 88' lang='lat' dir='ltr'><strong>pudorem</strong></span> 
     </span>
    </p>
   </div>
   <div class='ocr_carea' id='block_1_93' title="bbox 190 2353 978 2388">
    <p class='ocr_par' dir='ltr' id='par_1_93' title="bbox 190 2353 978 2388">
     <span class='ocr_line' id='line_1_93' title="bbox 190 2353 978 2388; baseline 0.001 -8"><span class='ocrx_word' id='word_1_660' title='bbox 190 2354 378 2385; x_wconf 79' lang='lat' dir='ltr'><strong>committere,</strong></span> <span class='ocrx_word' id='word_1_661' title='bbox 406 2356 436 2380; x_wconf 88' lang='lat' dir='ltr'><strong>ut</strong></span> <span class='ocrx_word' id='word_1_662' title='bbox 460 2356 486 2380; x_wconf 88' lang='lat' dir='ltr'><strong>et</strong></span> <span class='ocrx_word' id='word_1_663' title='bbox 506 2360 568 2380; x_wconf 84' lang='lat' dir='ltr'><strong>cum</strong></span> <span class='ocrx_word' id='word_1_664' title='bbox 588 2353 709 2388; x_wconf 88' lang='lat' dir='ltr'><strong>nequitia</strong></span> <span class='ocrx_word' id='word_1_665' title='bbox 730 2353 774 2380; x_wconf 86' lang='lat' dir='ltr'><strong>illa</strong></span> <span class='ocrx_word' id='word_1_666' title='bbox 791 2354 978 2388; x_wconf 82' lang='lat' dir='ltr'><strong>sepeliantur;</strong></span> 
     </span>
    </p>
   </div>
   <div class='ocr_carea' id='block_1_94' title="bbox 190 2394 977 2434">
    <p class='ocr_par' dir='ltr' id='par_1_94' title="bbox 190 2394 977 2434">
     <span class='ocr_line' id='line_1_94' title="bbox 190 2394 977 2434; baseline 0.001 -8"><span class='ocrx_word' id='word_1_667' title='bbox 190 2404 217 2427; x_wconf 88' lang='lat' dir='ltr'><strong>et</strong></span> <span class='ocrx_word' id='word_1_668' title='bbox 233 2400 323 2434; x_wconf 88' lang='lat' dir='ltr'><strong>specie</strong></span> <span class='ocrx_word' id='word_1_669' title='bbox 339 2404 429 2429; x_wconf 85' lang='lat' dir='ltr'><strong>tenus.</strong></span> <span class='ocrx_word' id='word_1_670' title='bbox 456 2394 492 2426; x_wconf 85' lang='grc' dir='ltr'><strong>οῐ)</strong></span> <span class='ocrx_word' id='word_1_671' title='bbox 507 2399 623 2426; x_wconf 85' lang='lat' dir='ltr'><strong>aliorum</strong></span> <span class='ocrx_word' id='word_1_672' title='bbox 638 2399 830 2427; x_wconf 85' lang='lat' dir='ltr'><strong>verecundiam</strong></span> <span class='ocrx_word' id='word_1_673' title='bbox 845 2419 853 2431; x_wconf 86' lang='grc'><strong>,</strong></span> <span class='ocrx_word' id='word_1_674' title='bbox 869 2401 977 2427; x_wconf 82' lang='lat' dir='ltr'><strong>castita-</strong></span> 
     </span>
    </p>
   </div>
   <div class='ocr_carea' id='block_1_95' title="bbox 190 2446 977 2481">
    <p class='ocr_par' dir='ltr' id='par_1_95' title="bbox 190 2446 977 2481">
     <span class='ocr_line' id='line_1_95' title="bbox 190 2446 977 2481; baseline 0.001 -8"><span class='ocrx_word' id='word_1_675' title='bbox 190 2446 226 2473; x_wconf 88' lang='lat' dir='ltr'><strong>tis</strong></span> <span class='ocrx_word' id='word_1_676' title='bbox 243 2447 352 2474; x_wconf 88' lang='lat' dir='ltr'><strong>nomine</strong></span> <span class='ocrx_word' id='word_1_677' title='bbox 371 2446 532 2481; x_wconf 76' lang='lat' dir='ltr'><strong>glorientur.</strong></span> <span class='ocrx_word' id='word_1_678' title='bbox 549 2447 588 2473; x_wconf 81' lang='lat' dir='ltr'><strong>Ac</strong></span> <span class='ocrx_word' id='word_1_679' title='bbox 615 2446 740 2473; x_wconf 87' lang='lat' dir='ltr'><strong>nonnulli</strong></span> <span class='ocrx_word' id='word_1_680' title='bbox 768 2454 802 2474; x_wconf 77' lang='lat' dir='ltr'><strong>ex</strong></span> <span class='ocrx_word' id='word_1_681' title='bbox 828 2447 861 2474; x_wconf 86' lang='lat' dir='ltr'><strong>iis</strong></span> <span class='ocrx_word' id='word_1_682' title='bbox 887 2453 977 2475; x_wconf 87' lang='lat' dir='ltr'><strong>certos</strong></span> 
     </span>
    </p>
   </div>
   <div class='ocr_carea' id='block_1_96' title="bbox 190 2492 977 2527">
    <p class='ocr_par' dir='ltr' id='par_1_96' title="bbox 190 2492 977 2527">
     <span class='ocr_line' id='line_1_96' title="bbox 190 2492 977 2527; baseline 0.001 -8"><span class='ocrx_word' id='word_1_683' title='bbox 190 2492 332 2524; x_wconf 82' lang='lat' dir='ltr'><strong>homines,</strong></span> <span class='ocrx_word' id='word_1_684' title='bbox 349 2492 395 2527; x_wconf 86' lang='lat' dir='ltr'><strong>qui</strong></span> <span class='ocrx_word' id='word_1_685' title='bbox 411 2492 466 2527; x_wconf 78' lang='lat' dir='ltr'><strong>jam</strong></span> <span class='ocrx_word' id='word_1_686' title='bbox 486 2492 541 2519; x_wconf 83' lang='lat' dir='ltr'><strong>vita</strong></span> <span class='ocrx_word' id='word_1_687' title='bbox 559 2492 643 2519; x_wconf 79' lang='lat' dir='ltr'><strong>functi</strong></span> <span class='ocrx_word' id='word_1_688' title='bbox 660 2496 724 2518; x_wconf 89' lang='lat' dir='ltr'><strong>sunt</strong></span> <span class='ocrx_word' id='word_1_689' title='bbox 737 2511 744 2523; x_wconf 90' lang='lat'><strong>,</strong></span> <span class='ocrx_word' id='word_1_690' title='bbox 762 2492 797 2519; x_wconf 90' lang='lat' dir='ltr'><strong>ad</strong></span> <span class='ocrx_word' id='word_1_691' title='bbox 814 2499 857 2520; x_wconf 88' lang='lat' dir='ltr'><strong>me</strong></span> <span class='ocrx_word' id='word_1_692' title='bbox 877 2492 977 2520; x_wconf 83' lang='lat' dir='ltr'><strong>detule-</strong></span> 
     </span>
    </p>
   </div>
   <div class='ocr_carea' id='block_1_97' title="bbox 189 2537 979 2573">
    <p class='ocr_par' dir='ltr' id='par_1_97' title="bbox 189 2537 979 2573">
     <span class='ocr_line' id='line_1_97' title="bbox 189 2537 979 2573; baseline 0.003 -9"><span class='ocrx_word' id='word_1_693' title='bbox 189 2543 273 2571; x_wconf 85' lang='lat' dir='ltr'><strong>runt-;</strong></span> <span class='ocrx_word' id='word_1_694' title='bbox 291 2545 306 2564; x_wconf 87' lang='lat' dir='ltr'><strong>a</strong></span> <span class='ocrx_word' id='word_1_695' title='bbox 330 2538 431 2573; x_wconf 87' lang='lat' dir='ltr'><strong>quibus</strong></span> <span class='ocrx_word' id='word_1_696' title='bbox 446 2538 624 2566; x_wconf 85' lang='lat' dir='ltr'><strong>commissum</strong></span> <span class='ocrx_word' id='word_1_697' title='bbox 648 2537 701 2565; x_wconf 89' lang='lat' dir='ltr'><strong>hoc</strong></span> <span class='ocrx_word' id='word_1_698' title='bbox 723 2537 817 2572; x_wconf 73' lang='lat' dir='ltr'><strong>ﬂagitii</strong></span> <span class='ocrx_word' id='word_1_699' title='bbox 837 2545 923 2573; x_wconf 77' lang='lat' dir='ltr'><strong>genus</strong></span> <span class='ocrx_word' id='word_1_700' title='bbox 937 2537 979 2566; x_wconf 79' lang='lat' dir='ltr'><strong>af-</strong></span> 
     </span>
    </p>
   </div>
   <div class='ocr_carea' id='block_1_98' title="bbox 190 2583 980 2619">
    <p class='ocr_par' dir='ltr' id='par_1_98' title="bbox 190 2583 980 2619">
     <span class='ocr_line' id='line_1_98' title="bbox 190 2583 980 2619; baseline 0.003 -9"><span class='ocrx_word' id='word_1_701' title='bbox 190 2583 346 2615; x_wconf 80' lang='lat' dir='ltr'><strong>ﬁrmarent,</strong></span> <span class='ocrx_word' id='word_1_702' title='bbox 365 2583 447 2618; x_wconf 86' lang='lat' dir='ltr'><strong>idque</strong></span> <span class='ocrx_word' id='word_1_703' title='bbox 461 2591 491 2611; x_wconf 90' lang='lat' dir='ltr'><strong>se</strong></span> <span class='ocrx_word' id='word_1_704' title='bbox 506 2584 540 2611; x_wconf 89' lang='lat' dir='ltr'><strong>ab</strong></span> <span class='ocrx_word' id='word_1_705' title='bbox 562 2583 646 2618; x_wconf 87' lang='lat' dir='ltr'><strong>ipsis,</strong></span> <span class='ocrx_word' id='word_1_706' title='bbox 662 2590 731 2618; x_wconf 87' lang='lat' dir='ltr'><strong>quas</strong></span> <span class='ocrx_word' id='word_1_707' title='bbox 745 2583 784 2610; x_wconf 92' lang='lat' dir='ltr'><strong>illi</strong></span> <span class='ocrx_word' id='word_1_708' title='bbox 806 2591 980 2619; x_wconf 81' lang='lat' dir='ltr'><strong>compresse-</strong></span> 
     </span>
    </p>
   </div>
   <div class='ocr_carea' id='block_1_99' title="bbox 189 2629 976 2666">
    <p class='ocr_par' dir='ltr' id='par_1_99' title="bbox 189 2629 976 2666">
     <span class='ocr_line' id='line_1_99' title="bbox 189 2629 976 2666; baseline 0.004 -10"><span class='ocrx_word' id='word_1_709' title='bbox 189 2634 265 2662; x_wconf 79' lang='lat' dir='ltr'><strong>rant,</strong></span> <span class='ocrx_word' id='word_1_710' title='bbox 290 2630 459 2657; x_wconf 84' lang='lat' dir='ltr'><strong>mulierculis</strong></span> <span class='ocrx_word' id='word_1_711' title='bbox 475 2629 624 2664; x_wconf 83' lang='lat' dir='ltr'><strong>accepisse.</strong></span> <span class='ocrx_word' id='word_1_712' title='bbox 642 2629 716 2657; x_wconf 89' lang='lat' dir='ltr'><strong>Inter</strong></span> <span class='ocrx_word' id='word_1_713' title='bbox 739 2637 809 2665; x_wconf 84' lang='lat' dir='ltr'><strong>quos</strong></span> <span class='ocrx_word' id='word_1_714' title='bbox 831 2630 976 2666; x_wconf 84' lang='lat' dir='ltr'><strong>quemdam</strong></span> 
     </span>
    </p>
   </div>
   <div class='ocr_carea' id='block_1_100' title="bbox 227 2707 749 2740">
    <p class='ocr_par' dir='ltr' id='par_1_100' title="bbox 227 2707 749 2740">
     <span class='ocr_line' id='line_1_100' title="bbox 227 2707 749 2740; baseline 0 -4"><span class='ocrx_word' id='word_1_715' title='bbox 227 2708 309 2736; x_wconf 84' lang='lat' dir='ltr'><strong>|Gen.</strong></span> <span class='ocrx_word' id='word_1_716' title='bbox 320 2715 433 2740; x_wconf 74' lang='lat' dir='ltr'><strong>xxxvnt,</strong></span> <span class='ocrx_word' id='word_1_717' title='bbox 444 2707 470 2735; x_wconf 89' lang='lat'><strong>9.</strong></span> <span class='ocrx_word' id='word_1_718' title='bbox 508 2709 518 2724; x_wconf 88' lang='grc'>¹</span> <span class='ocrx_word' id='word_1_719' title='bbox 531 2707 561 2735; x_wconf 85' lang='lat' dir='ltr'><strong>F.</strong></span> <span class='ocrx_word' id='word_1_720' title='bbox 572 2708 601 2734; x_wconf 87' lang='grc' dir='ltr'>οὐ</span> <span class='ocrx_word' id='word_1_721' title='bbox 610 2708 749 2736; x_wconf 83' lang='grc' dir='ltr'>δοκοῦσαν.</span> 
     </span>
    </p>
   </div>
   <div class='ocr_carea' id='block_1_101' title="bbox 1029 2217 1818 2253">
    <p class='ocr_par' dir='ltr' id='par_1_101' title="bbox 1029 2217 1818 2253">
     <span class='ocr_line' id='line_1_101' title="bbox 1029 2217 1818 2253; baseline 0 -9"><span class='ocrx_word' id='word_1_722' title='bbox 1029 2217 1248 2250; x_wconf 81' lang='grc' dir='ltr'>συνεισάκτους</span> <span class='ocrx_word' id='word_1_723' title='bbox 1262 2218 1394 2251; x_wconf 87' lang='grc' dir='ltr'>γυναῖκας</span> <span class='ocrx_word' id='word_1_724' title='bbox 1410 2218 1596 2253; x_wconf 75' lang='grc' dir='ltr'>κεκτημένων,</span> <span class='ocrx_word' id='word_1_725' title='bbox 1611 2218 1649 2249; x_wconf 87' lang='grc' dir='ltr'>ὡς</span> <span class='ocrx_word' id='word_1_726' title='bbox 1663 2218 1711 2244; x_wconf 75' lang='grc' dir='ltr'>καὶ</span> <span class='ocrx_word' id='word_1_727' title='bbox 1726 2218 1818 2245; x_wconf 85' lang='grc' dir='ltr'>αὐτῶν</span> 
     </span>
    </p>
   </div>
   <div class='ocr_carea' id='block_1_102' title="bbox 1028 2263 1819 2300">
    <p class='ocr_par' dir='ltr' id='par_1_102' title="bbox 1028 2263 1819 2300">
     <span class='ocr_line' id='line_1_102' title="bbox 1028 2263 1819 2300; baseline 0.001 -11"><span class='ocrx_word' id='word_1_728' title='bbox 1028 2263 1107 2290; x_wconf 84' lang='grc' dir='ltr'>τοῦτο</span> <span class='ocrx_word' id='word_1_729' title='bbox 1123 2263 1319 2291; x_wconf 72' lang='grc' dir='ltr'>ἐπιτελούντων</span> <span class='ocrx_word' id='word_1_730' title='bbox 1342 2263 1435 2300; x_wconf 82' lang='grc' dir='ltr'>κρυφῆ</span> <span class='ocrx_word' id='word_1_731' title='bbox 1457 2264 1500 2290; x_wconf 86' lang='grc' dir='ltr'><strong>διὰ</strong></span> <span class='ocrx_word' id='word_1_732' title='bbox 1523 2264 1571 2300; x_wconf 77' lang='grc' dir='ltr'>τὴν</span> <span class='ocrx_word' id='word_1_733' title='bbox 1591 2263 1644 2290; x_wconf 86' lang='grc' dir='ltr'><strong>τῶν</strong></span> <span class='ocrx_word' id='word_1_734' title='bbox 1664 2263 1819 2299; x_wconf 84' lang='grc' dir='ltr'>ἀνθρώπων</span> 
     </span>
    </p>
   </div>
   <div class='ocr_carea' id='block_1_103' title="bbox 1030 2310 1820 2346">
    <p class='ocr_par' dir='ltr' id='par_1_103' title="bbox 1030 2310 1820 2346">
     <span class='ocr_line' id='line_1_103' title="bbox 1030 2310 1820 2346; baseline 0.001 -10"><span class='ocrx_word' id='word_1_735' title='bbox 1030 2310 1112 2336; x_wconf 76' lang='grc' dir='ltr'>αἰδῶ·</span> <span class='ocrx_word' id='word_1_736' title='bbox 1128 2310 1172 2337; x_wconf 82' lang='grc' dir='ltr'><strong>ἵνα</strong></span> <span class='ocrx_word' id='word_1_737' title='bbox 1190 2310 1239 2345; x_wconf 80' lang='grc' dir='ltr'><strong>μὲν</strong></span> <span class='ocrx_word' id='word_1_738' title='bbox 1251 2312 1283 2346; x_wconf 84' lang='grc' dir='ltr'>τῇ</span> <span class='ocrx_word' id='word_1_739' title='bbox 1301 2310 1416 2346; x_wconf 82' lang='grc' dir='ltr'>πονηρίᾳ</span> <span class='ocrx_word' id='word_1_740' title='bbox 1429 2310 1644 2342; x_wconf 80' lang='grc' dir='ltr'>συνθάπτωνται,</span> <span class='ocrx_word' id='word_1_741' title='bbox 1661 2310 1700 2346; x_wconf 85' lang='grc' dir='ltr'>τῷ</span> <span class='ocrx_word' id='word_1_742' title='bbox 1709 2310 1737 2336; x_wconf 83' lang='grc' dir='ltr'>δὲ</span> <span class='ocrx_word' id='word_1_743' title='bbox 1752 2319 1820 2346; x_wconf 86' lang='grc' dir='ltr'>προ-</span> 
     </span>
    </p>
   </div>
   <div class='ocr_carea' id='block_1_104' title="bbox 1031 2356 1818 2393">
    <p class='ocr_par' dir='ltr' id='par_1_104' title="bbox 1031 2356 1818 2393">
     <span class='ocr_line' id='line_1_104' title="bbox 1031 2356 1818 2393; baseline 0.003 -11"><span class='ocrx_word' id='word_1_744' title='bbox 1031 2357 1151 2391; x_wconf 77' lang='grc' dir='ltr'>σχήματι</span> <span class='ocrx_word' id='word_1_745' title='bbox 1162 2356 1216 2383; x_wconf 87' lang='grc' dir='ltr'>τῶν</span> <span class='ocrx_word' id='word_1_746' title='bbox 1230 2357 1380 2393; x_wconf 81' lang='grc' dir='ltr'>ἀνθρώπων</span> <span class='ocrx_word' id='word_1_747' title='bbox 1391 2357 1472 2384; x_wconf 79' lang='grc' dir='ltr'>ἑνεκα</span> <span class='ocrx_word' id='word_1_748' title='bbox 1481 2357 1511 2384; x_wconf 82' lang='grc' dir='ltr'>τὸ</span> <span class='ocrx_word' id='word_1_749' title='bbox 1523 2357 1608 2392; x_wconf 76' lang='grc' dir='ltr'>ὄνομα</span> <span class='ocrx_word' id='word_1_750' title='bbox 1622 2357 1818 2392; x_wconf 82' lang='grc' dir='ltr'>σεμνύνωνται.</span> 
     </span>
    </p>
   </div>
   <div class='ocr_carea' id='block_1_105' title="bbox 1030 2401 1821 2438">
    <p class='ocr_par' dir='ltr' id='par_1_105' title="bbox 1030 2401 1821 2438">
     <span class='ocr_line' id='line_1_105' title="bbox 1030 2401 1821 2438; baseline 0.001 -11"><span class='ocrx_word' id='word_1_751' title='bbox 1030 2401 1210 2437; x_wconf 80' lang='grc' dir='ltr'>Διελέχοησαν</span> <span class='ocrx_word' id='word_1_752' title='bbox 1230 2403 1259 2429; x_wconf 82' lang='grc' dir='ltr'>δὲ</span> <span class='ocrx_word' id='word_1_753' title='bbox 1279 2404 1345 2438; x_wconf 79' lang='grc' dir='ltr'>ἡμῖν</span> <span class='ocrx_word' id='word_1_754' title='bbox 1362 2404 1409 2430; x_wconf 85' lang='grc' dir='ltr'><strong>καί</strong></span> <span class='ocrx_word' id='word_1_755' title='bbox 1424 2412 1496 2435; x_wconf 88' lang='grc' dir='ltr'>τινες</span> <span class='ocrx_word' id='word_1_756' title='bbox 1513 2403 1575 2438; x_wconf 84' lang='grc' dir='ltr'>περί</span> <span class='ocrx_word' id='word_1_757' title='bbox 1589 2411 1670 2430; x_wconf 87' lang='grc' dir='ltr'>τινων</span> <span class='ocrx_word' id='word_1_758' title='bbox 1692 2402 1821 2437; x_wconf 82' lang='grc' dir='ltr'>τελευτη-</span> 
     </span>
    </p>
   </div>
   <div class='ocr_carea' id='block_1_106' title="bbox 1031 2449 1820 2486">
    <p class='ocr_par' dir='ltr' id='par_1_106' title="bbox 1031 2449 1820 2486">
     <span class='ocr_line' id='line_1_106' title="bbox 1031 2449 1820 2486; baseline 0 -11"><span class='ocrx_word' id='word_1_759' title='bbox 1031 2450 1146 2481; x_wconf 84' lang='grc' dir='ltr'>σάντων,</span> <span class='ocrx_word' id='word_1_760' title='bbox 1162 2450 1208 2477; x_wconf 80' lang='grc' dir='ltr'><strong>καὶ</strong></span> <span class='ocrx_word' id='word_1_761' title='bbox 1219 2450 1299 2486; x_wconf 75' lang='grc' dir='ltr'>δῆθεν</span> <span class='ocrx_word' id='word_1_762' title='bbox 1315 2450 1353 2482; x_wconf 87' lang='grc' dir='ltr'>ὡς</span> <span class='ocrx_word' id='word_1_763' title='bbox 1371 2450 1453 2477; x_wconf 86' lang='grc' dir='ltr'>τινῶν</span> <span class='ocrx_word' id='word_1_764' title='bbox 1468 2450 1547 2477; x_wconf 86' lang='grc' dir='ltr'>τοῦτο</span> <span class='ocrx_word' id='word_1_765' title='bbox 1561 2449 1767 2482; x_wconf 74' lang='grc' dir='ltr'>ἐπιτελούντων,</span> <span class='ocrx_word' id='word_1_766' title='bbox 1781 2449 1820 2480; x_wconf 86' lang='grc' dir='ltr'>ὠς</span> 
     </span>
    </p>
   </div>
   <div class='ocr_carea' id='block_1_107' title="bbox 1030 2495 1818 2532">
    <p class='ocr_par' dir='ltr' id='par_1_107' title="bbox 1030 2495 1818 2532">
     <span class='ocr_line' id='line_1_107' title="bbox 1030 2495 1818 2532; baseline -0.001 -11"><span class='ocrx_word' id='word_1_767' title='bbox 1030 2496 1083 2522; x_wconf 81' lang='grc' dir='ltr'><strong>ὑπὸ</strong></span> <span class='ocrx_word' id='word_1_768' title='bbox 1093 2495 1147 2522; x_wconf 85' lang='grc' dir='ltr'><strong>τῶν</strong></span> <span class='ocrx_word' id='word_1_769' title='bbox 1159 2495 1344 2532; x_wconf 78' lang='grc' dir='ltr'>βεϐιασμένων</span> <span class='ocrx_word' id='word_1_770' title='bbox 1355 2497 1401 2523; x_wconf 81' lang='grc' dir='ltr'><strong>ὑπ’</strong></span> <span class='ocrx_word' id='word_1_771' title='bbox 1409 2496 1498 2523; x_wconf 85' lang='grc' dir='ltr'>αὐτῶν</span> <span class='ocrx_word' id='word_1_772' title='bbox 1510 2495 1647 2530; x_wconf 82' lang='grc' dir='ltr'>γυναικῶν</span> <span class='ocrx_word' id='word_1_773' title='bbox 1657 2495 1818 2531; x_wconf 81' lang='grc' dir='ltr'>ἀκηκοότεςο</span> 
     </span>
    </p>
   </div>
   <div class='ocr_carea' id='block_1_108' title="bbox 1031 2539 1819 2578">
    <p class='ocr_par' dir='ltr' id='par_1_108' title="bbox 1031 2539 1819 2578">
     <span class='ocr_line' id='line_1_108' title="bbox 1031 2539 1819 2578; baseline -0.001 -10"><span class='ocrx_word' id='word_1_774' title='bbox 1031 2542 1060 2568; x_wconf 83' lang='grc' dir='ltr'><strong>ἑν</strong></span> <span class='ocrx_word' id='word_1_775' title='bbox 1085 2539 1127 2573; x_wconf 80' lang='grc' dir='ltr'>οἷς</span> <span class='ocrx_word' id='word_1_776' title='bbox 1152 2542 1200 2569; x_wconf 75' lang='grc' dir='ltr'>καὶ</span> <span class='ocrx_word' id='word_1_777' title='bbox 1217 2543 1302 2577; x_wconf 77' lang='grc' dir='ltr'>ὄνομα</span> <span class='ocrx_word' id='word_1_778' title='bbox 1317 2543 1466 2570; x_wconf 79' lang='grc' dir='ltr'>ἐπισκόπου</span> <span class='ocrx_word' id='word_1_779' title='bbox 1488 2543 1527 2574; x_wconf 81' lang='grc' dir='ltr'>εἰς</span> <span class='ocrx_word' id='word_1_780' title='bbox 1550 2542 1632 2578; x_wconf 78' lang='grc' dir='ltr'>μέσον</span> <span class='ocrx_word' id='word_1_781' title='bbox 1648 2542 1753 2577; x_wconf 79' lang='grc' dir='ltr'>ἔφερον.</span> <span class='ocrx_word' id='word_1_782' title='bbox 1774 2541 1819 2567; x_wconf 85' lang='grc' dir='ltr'>Ἐν</span> 
     </span>
    </p>
   </div>
   <div class='ocr_carea' id='block_1_109' title="bbox 1032 2586 1819 2623">
    <p class='ocr_par' dir='ltr' id='par_1_109' title="bbox 1032 2586 1819 2623">
     <span class='ocr_line' id='line_1_109' title="bbox 1032 2586 1819 2623; baseline 0 -11"><span class='ocrx_word' id='word_1_783' title='bbox 1032 2587 1109 2613; x_wconf 85' lang='grc' dir='ltr'>πόλει</span> <span class='ocrx_word' id='word_1_784' title='bbox 1127 2588 1214 2623; x_wconf 81' lang='grc' dir='ltr'>μικρᾷ</span> <span class='ocrx_word' id='word_1_785' title='bbox 1240 2589 1290 2623; x_wconf 86' lang='grc' dir='ltr'>τῆς</span> <span class='ocrx_word' id='word_1_786' title='bbox 1317 2587 1500 2623; x_wconf 85' lang='grc' dir='ltr'>Παλαιστίνης</span> <span class='ocrx_word' id='word_1_787' title='bbox 1526 2587 1571 2614; x_wconf 80' lang='grc' dir='ltr'>τὸν</span> <span class='ocrx_word' id='word_1_788' title='bbox 1594 2586 1644 2614; x_wconf 75' lang='grc' dir='ltr'><strong>τοῦ</strong></span> <span class='ocrx_word' id='word_1_789' title='bbox 1670 2586 1819 2613; x_wconf 68' lang='grc' dir='ltr'>ἐπισκόπου</span> 
     </span>
    </p>
   </div>
   <div class='ocr_carea' id='block_1_110' title="bbox 1031 2631 1819 2670">
    <p class='ocr_par' dir='ltr' id='par_1_110' title="bbox 1031 2631 1819 2670">
     <span class='ocr_line' id='line_1_110' title="bbox 1031 2631 1819 2670; baseline 0 -12"><span class='ocrx_word' id='word_1_790' title='bbox 1031 2632 1129 2668; x_wconf 80' lang='grc' dir='ltr'>κλῆρον</span> <span class='ocrx_word' id='word_1_791' title='bbox 1143 2633 1189 2659; x_wconf 71' lang='grc' dir='ltr'><strong>ἐπὶ</strong></span> <span class='ocrx_word' id='word_1_792' title='bbox 1209 2634 1308 2666; x_wconf 83' lang='grc' dir='ltr'>ἱκανοῖς</span> <span class='ocrx_word' id='word_1_793' title='bbox 1325 2634 1397 2661; x_wconf 75' lang='grc' dir='ltr'>ἔτεσι</span> <span class='ocrx_word' id='word_1_794' title='bbox 1413 2634 1611 2670; x_wconf 82' lang='grc' dir='ltr'>διοικήσαντος,</span> <span class='ocrx_word' id='word_1_795' title='bbox 1630 2632 1776 2668; x_wconf 74' lang='grc' dir='ltr'>ἐσχηκότος</span> <span class='ocrx_word' id='word_1_796' title='bbox 1788 2631 1819 2658; x_wconf 65' lang='grc' dir='ltr'>δὲ</span> 
     </span>
    </p>
   </div>
   <div class='ocr_carea' id='block_1_111' title="bbox 224 2783 981 2826">
    <p class='ocr_par' dir='ltr' id='par_1_111' title="bbox 224 2786 977 2826">
     <span class='ocr_line' id='line_1_111' title="bbox 224 2786 977 2826; baseline 0.004 -12"><span class='ocrx_word' id='word_1_797' title='bbox 224 2787 279 2822; x_wconf 67' lang='grc' dir='ltr'><strong>(Ξὲ)</strong></span> <span class='ocrx_word' id='word_1_798' title='bbox 302 2786 494 2826; x_wconf 57' lang='grc' dir='ltr'>Καλουλιένςξυ</span> <span class='ocrx_word' id='word_1_799' title='bbox 516 2786 576 2826; x_wconf 46' lang='grc' dir='ltr'><strong>τοῦ</strong></span> <span class='ocrx_word' id='word_1_800' title='bbox 602 2787 784 2826; x_wconf 62' lang='grc' dir='ltr'>Σξυνζάλιτου.</span> <span class='ocrx_word' id='word_1_801' title='bbox 808 2787 920 2817; x_wconf 88' lang='lat' dir='ltr'><strong>llieron.</strong></span> <span class='ocrx_word' id='word_1_802' title='bbox 949 2788 977 2816; x_wconf 70' lang='lat' dir='ltr'><strong>in</strong></span> 
     </span>
    </p>
   </div>
   <div class='ocr_carea' id='block_1_112' title="bbox 1034 2783 1818 2826">
    <p class='ocr_par' dir='ltr' id='par_1_112' title="bbox 1034 2783 1818 2826">
     <span class='ocr_line' id='line_1_112' title="bbox 1034 2783 1818 2826; baseline -0.01 -8"><span class='ocrx_word' id='word_1_803' title='bbox 1034 2791 1052 2826; x_wconf 77' lang='lat' dir='ltr'><strong>f.</strong></span> <span class='ocrx_word' id='word_1_804' title='bbox 1085 2790 1162 2826; x_wconf 75' lang='lat' dir='ltr'><strong>Apol.</strong></span> <span class='ocrx_word' id='word_1_805' title='bbox 1188 2790 1227 2818; x_wconf 91' lang='lat' dir='ltr'><strong><em>I:</em></strong></span> <span class='ocrx_word' id='word_1_806' title='bbox 1249 2790 1302 2818; x_wconf 81' lang='lat' dir='ltr'><strong>Pro</strong></span> <span class='ocrx_word' id='word_1_807' title='bbox 1316 2789 1462 2817; x_wconf 72' lang='lat' dir='ltr'><strong>eruditione</strong></span> <span class='ocrx_word' id='word_1_808' title='bbox 1489 2796 1541 2823; x_wconf 87' lang='lat' dir='ltr'><strong>qua</strong></span> <span class='ocrx_word' id='word_1_809' title='bbox 1569 2787 1663 2821; x_wconf 75' lang='lat' dir='ltr'><strong>palla,</strong></span> <span class='ocrx_word' id='word_1_810' title='bbox 1684 2790 1708 2812; x_wconf 76' lang='lat' dir='ltr'><strong>et</strong></span> <span class='ocrx_word' id='word_1_811' title='bbox 1733 2783 1818 2818; x_wconf 67' lang='lat' dir='ltr'><strong>int-:9-</strong></span> 
     </span>
    </p>
   </div>
   <div class='ocr_carea' id='block_1_113' title="bbox 188 2822 744 2856">
    <p class='ocr_par' dir='ltr' id='par_1_113' title="bbox 188 2822 744 2856">
     <span class='ocr_line' id='line_1_113' title="bbox 188 2822 744 2856; baseline -0.002 -6"><span class='ocrx_word' id='word_1_812' title='bbox 188 2828 230 2850; x_wconf 70' lang='grc' dir='ltr'><strong>ειη</strong></span> <span class='ocrx_word' id='word_1_813' title='bbox 246 2824 398 2856; x_wconf 78' lang='grc' dir='ltr'>συντάκτης</span> <span class='ocrx_word' id='word_1_814' title='bbox 415 2823 441 2849; x_wconf 85' lang='lat' dir='ltr'><strong>in</strong></span> <span class='ocrx_word' id='word_1_815' title='bbox 457 2822 598 2849; x_wconf 64' lang='lat' dir='ltr'><strong>Occidente</strong></span> <span class='ocrx_word' id='word_1_816' title='bbox 614 2823 744 2850; x_wconf 74' lang='lat' dir='ltr'><strong>laudaris.</strong></span> 
     </span>
    </p>
   </div>
  </div>
