1958 3050
160 168 225 196 1065

490 167 674 196 ADVERSUS
693 167 862 195 ιιΑίιιΕεΕε
879 167 942 194 LIB.

1016 167 1097 196 TOM.
1117 168 1137 194 1.
1150 183 1182 188 -
1202 166 1340 194 lleRES.
1361 165 1453 194 LXlll.

1700 165 1768 195 1006

159 229 282 261 τοιαύτας
295 230 425 263 γυναῖκας
447 229 700 265 ἐξυπηρετουμένας
717 229 801 263 αὐτῷ,
820 228 890 263 φημὶ
907 227 936 254 δὲ

998 227 1145 263 episcopum
1165 227 1362 259 nominabant,
1378 227 1426 262 qui
1452 227 1479 253 in
1504 226 1602 261 exiguo
1619 225 1770 254 Palatstina:
1810 219 1813 222 ’

159 275 358 306 συνεισάκτους.
379 275 458 302 Ἀλλὰ
474 275 521 302 καὶ
537 274 566 307 ἐξ
581 274 755 310 ὀμολογητῶν
764 274 809 300 τὸν
822 273 940 300 τοιοῦτον

159 320 220 346 bum
244 320 363 354 οἴδαμεν.
381 321 475 356 Ὅμως
495 322 550 352 τοῖς
575 320 696 356 είρηκόσι
721 319 799 346 τοῦτο
823 320 868 346 καὶ
887 319 941 346 ἀπὸ

159 367 210 392 τῶν
227 365 363 399 γυναικῶν
379 365 525 401 ἀκηκοέναι
545 365 694 400 φάσκουσιν
707 365 737 391 οὔ
760 363 942 390 πεπιστεύκα-

159 419 218 445 μεν.
237 411 268 436 Ἡ
284 410 339 446 γὰρ
352 411 458 445 ἀνάγκη
472 411 522 446 τῆς
533 410 587 437 τῶν
601 411 749 446 εἰρηκότων
761 410 941 445 κακοτροπίας

158 455 308 482 ὑπέϐαλλεν
324 457 390 491 ἡμῖν
405 457 469 483 ποτὲ
485 456 533 491 μὲν
554 456 700 487 πιστεύειν,
715 455 779 482 ποτὲ
796 456 824 482 δὲ
846 455 882 490 μὴ
898 464 942 481 πι-

159 491 276 531 στεῦειν,
297 503 343 528 ἐπὶ
364 502 412 537 τὴν
434 502 480 528 τοῦ
504 502 702 538 προειρημένου
733 502 859 537 γέροντος
881 503 941 528 ἑπι-

159 547 260 573 σκὸπου
288 548 356 582 μετὰ
379 548 429 583 τὴν
450 547 531 574 αὑτοῦ
555 547 680 583 τελευτὴν
704 547 887 582 κακοφημίαν.
909 547 942 573 Ἠ

159 591 214 627 γὰρ
228 593 302 619 αἰτία
315 594 331 628 ἡ
348 594 387 625 είς
401 593 481 619 αὑτὸν
495 593 622 628 φθάσασα
643 592 754 628 τοιαύτη
768 601 809 624 τις
822 593 940 627 γέγονεν’

165 638 251 664 Ἑάλω
268 647 308 670 τις
323 639 441 670 τοιοῦτος
457 639 502 666 ἐπὶ
526 639 646 674 ἁμαρτία
669 639 806 671 γυναικός,
830 639 885 665 Καὶ
905 639 942 670 ὡς

160 683 288 718 ἠλέγχετο
313 684 357 718 ὑφ’
377 684 466 719 ἡμῶν,
488 684 634 718 ἀπολογίαν
658 684 759 720 ταύτην
780 684 886 719 ἔφερεν,
905 684 942 715 ὡς

160 730 210 764 τῆς
225 730 428 765 συμνρθαρείσης
443 730 517 765 αὐτῷ
532 730 668 764 γυναικὸς,
692 731 811 765 καίτοιγε
827 731 876 765 ήδη
896 738 943 756 πε-

161 776 353 812 παλαιωμένης
374 776 418 803 τὸν
440 776 550 811 χρόνον,
580 777 627 803 καὶ
653 777 681 802 ἐν
707 776 798 812 ἡλικίᾳ
821 776 943 812 γηραλέᾳ

161 821 345 857 ὑπαρχούσης,
368 821 496 857 εἰπούσης
516 822 590 857 αὐτῷ
613 822 661 857 τὴν
682 822 732 857 τῆς
755 822 942 858 κακοπραγίας

161 867 311 901 ὲργασίανο
327 867 364 898 ὡς
385 867 500 902 χρῆσθαι
524 869 572 903 μὲν
595 868 676 895 αὑτὸν
702 868 852 901 ἐδίδασκεν,
877 868 943 900 ἔξω·

991 273 1090 308 oppido
1110 273 1203 301 multis
1228 274 1306 300 anuis
1333 272 1461 300 Ecclesia:
1487 272 1609 307 prazl'uit,
1638 271 1718 308 522
1744 277 1772 300 et

991 319 1199 346 contubernales
1216 319 1370 346 istiusmodi
1397 318 1511 346 feminas
1537 319 1570 345 ad
1592 319 1770 347 domesticum

991 364 1172 392 ministerium
1189 365 1301 391 habuit-
1321 372 1401 399 quem
1419 371 1468 392 nos
1481 365 1561 392 etiam
1580 373 1612 392 ex
1637 365 1774 394 confesso-

992 417 1051 436 rum
1067 417 1180 437 numero
1194 409 1280 437 fuisse
1297 410 1409 438 scimus.
1421 410 1473 438 Sed
1489 410 1532 441 iis.
1548 411 1594 445 qui
1609 410 1642 438 de
1656 419 1689 439 eo
1699 411 1772 439 istud

992 454 1168 487 aﬂirmarcnt,
1189 459 1216 483 ct
1242 456 1275 483 de
1291 455 1459 483 mulierculis
1475 456 1543 491 ipsis
1558 457 1718 492 cognovisse
1733 457 1772 484 di-

992 505 1096 532 cerent,
1114 500 1192 528 ﬁdem
1208 501 1310 528 nullam
1327 501 1506 529 adhibendam
1523 503 1688 537 putavimus.
1705 502 1772 530 Nam

992 553 1087 572 eorum
1104 546 1151 581 qui
1178 545 1203 572 id
1220 545 1361 580 iactabant
1373 566 1381 579 ,
1397 546 1557 581 improbitas
1583 547 1772 574 necessitatem

992 591 1137 626 quamdam
1165 592 1276 624 attulit,
1293 596 1323 620 ut
1349 592 1494 628 aliquando
1509 592 1682 621 crederemus
1697 614 1704 626 ,
1724 593 1774 620 ali-

992 636 1101 671 quando
1117 637 1227 664 minime
1244 640 1417 665 crederemus
1431 646 1491 673 qua:
1507 638 1540 665 ad
1561 645 1636 666 senis
1651 639 1723 666 illius
1737 640 1775 666 in-

993 682 1102 708 famiam
1118 683 1250 718 episcopi,
1266 687 1328 718 post
1346 683 1406 718 ejus
1420 684 1536 715 obitum,
1552 684 1694 711 referrent.
1711 685 1776 712 Por-

993 734 1024 755 ro
1040 727 1141 754 crimen
1155 728 1218 758 illud
1232 728 1310 763 cujus
1325 729 1544 761 insimulabatur,
1563 729 1696 763 ejusmodi
1713 730 1774 757 fuit.

993 773 1061 799 Cum
1075 780 1108 800 ex
1120 780 1151 800 ea
1165 773 1281 801 factione
1294 780 1325 800 ac
1340 781 1420 809 grege
1432 774 1541 809 quidam
1555 774 1683 802 facinoris
1696 775 1776 802 istius

993 817 1135 845 convictus
1155 825 1169 844 a
1187 818 1269 846 nobis
1292 819 1516 854 redargueretur,
1538 820 1589 847 hoc
1614 820 1646 847 ad
1662 828 1776 856 purgan-

993 863 1059 889 dum
1076 870 1138 890 sese
1155 864 1181 890 in
1201 863 1319 891 medium
1333 865 1436 892 attulit:
1453 865 1487 892 ab
1502 872 1532 892 ea
1543 885 1551 897 ,
1568 873 1649 901 quam
1668 872 1775 894 constu-

162 911 207 939 Θεν
224 913 252 939 δὲ
269 913 317 945 τὰς
340 914 464 949 μυσαρὰς
488 914 569 941 αὑτοῦ
595 915 663 950 ρυὰς
690 915 736 941 ἐπὶ
758 914 810 950 γῆς
836 914 942 941 διασκε-

998 913 1118 942 praverat
1133 929 1140 941 ,
1157 909 1257 936 femina
1269 929 1277 941 ,
1307 917 1462 945 quanquam
1481 910 1559 938 eﬂ‘eta
1581 911 1637 946 jam
1654 916 1681 939 et
1707 920 1776 941 auus

161 958 194 984 δά
212 967 261 986 ειν.

203 1102 235 1129 i".
252 1102 307 1129 Καὶ
321 1102 390 1138 αὕτη
415 1103 463 1138 μὲν
483 1104 499 1138 ὴ
516 1103 616 1129 τούτων
641 1103 750 1138 μυσαρά
771 1104 842 1129 ἐστιν
862 1103 944 1139 ἐργα-

163 1149 217 1179 σία,
232 1149 278 1175 τὸν
292 1149 352 1175 νοῦν
373 1149 462 1176 αὐτῶν
477 1149 618 1181 ἀπατῶσα,
639 1149 685 1175 καὶ
706 1150 738 1175 ὲκ
762 1148 883 1175 διαϐόλου
900 1157 944 1175 τε-

163 1194 334 1230 τυφλωμένη.
347 1192 397 1221 ’Ὧν
407 1195 455 1226 τὰς
472 1195 623 1230 μαρτυρίας
636 1195 668 1221 δι’
683 1191 720 1222 ὧν
740 1194 891 1226 πίπτουσιν,
904 1195 943 1226 εἰς

164 1241 244 1276 μέσον
259 1240 351 1276 φέρειν
365 1241 414 1267 οὐκ
425 1241 572 1274 ἀναγκαῖον
585 1241 701 1276 ἥγημαι,
716 1241 759 1267 ἵνα
779 1240 815 1275 μὴ
825 1240 943 1276 δόξωμεν

162 1286 195 1313 δι’
220 1284 257 1314 ὧν
284 1286 432 1322 βουλόμεθα
457 1287 642 1322 ἀκριϐολογεῖν
660 1288 700 1318 εἰς
724 1287 881 1322 ἀποτροπὴν
894 1286 945 1320 τῆς

163 1333 291 1368 ἀθεμίτου
306 1333 448 1367 ἀσελγείας
466 1333 582 1367 ἑκάστης
603 1332 744 1368 αἱρέσεως,
760 1333 859 1368 μᾶλλον
878 1341 944 1368 προ-

163 1378 307 1414 τρέπεσθαι
322 1378 375 1405 τῶν
390 1378 561 1413 ὰστηρίκτων
575 1379 620 1404 καὶ
643 1378 830 1413 χαυνουμένων
842 1378 886 1404 ἀεὶ
897 1377 944 1413 τὴν

163 1423 291 1455 διάνοιαν,
305 1423 358 1449 τῶν
374 1423 404 1450 τὸ
418 1424 533 1458 πονηρὸν
546 1423 651 1454 ἑαυτοῖς
665 1422 798 1458 θηρᾶσθαι
812 1422 881 1458 ὑπὲρ
896 1423 944 1458 τὴν

163 1469 316 1504 ἀγαθὸτητα
330 1469 541 1504 ἐπιθυμούντων.
559 1469 606 1500 Εἰς
624 1469 732 1504 ἔλεγχον
743 1468 771 1495 δὲ
784 1469 883 1504 μᾶλλον
895 1468 945 1504 τῆς

163 1513 252 1549 δεινῆς
267 1514 366 1549 ταύτης
394 1515 440 1540 καὶ
457 1514 624 1550 ἑρπετώδους
645 1515 775 1550 αἱρέσεως
795 1515 873 1549 ὀλίγα
891 1514 945 1542 ἀπὸ

165 1558 268 1585 πολλῶν
287 1559 488 1587 παοαθίκσοιιαι.

201 1699 284 1726 Πόθεν
305 1701 442 1736 εἰλήφατε,
458 1697 481 1727 ὦ
497 1697 580 1732 οὗτοι,
599 1700 647 1736 τὴν
661 1701 710 1736 τῆς
724 1700 853 1736 ἀθεμίτου
865 1701 947 1738 ἐργα-

166 1746 226 1777 σίας
238 1747 356 1772 ἐπίνοιαν
369 1755 375 1777 ;
390 1746 569 1782 Πρῶτον”μὲν
588 1747 652 1783 γὰρ,
669 1747 710 1774 ὅτι
732 1747 762 1774 τὸ
782 1747 835 1774 πᾶν
846 1748 899 1774 τίνι
916 1747 946 1774 οὑ

164 1792 243 1827 δῆλόν
259 1793 341 1825 ἐστιν,
354 1792 394 1818 ὅτι
415 1792 548 1828 δαιμόνων
569 1793 640 1819 ἐστὶν
653 1794 670 1828 ἡ
687 1792 806 1828 ὑμετέρα
824 1793 948 1820 διδασκα-

164 1838 218 1870 λία,
242 1838 423 1874 ἠπατημένων
449 1838 477 1865 δὲ
507 1838 551 1864 τὸν
577 1838 638 1864 νοῦν
661 1838 708 1865 καὶ
732 1838 909 1874 ἐφθαρμένων

166 1883 358 1918 ὲπινενοημένη
381 1883 588 1919 κακομηχανία;
613 1884 644 1910 Et
664 1883 718 1918 γὰρ
744 1883 810 1915 ὅλως
833 1884 948 1919 πονηρὸν

165 1928 196 1955 τὸ
208 1930 339 1958 κυΐσκειν,
351 1930 401 1955 οὑκ
416 1929 469 1965 ἄρα
480 1930 522 1956 διὰ
538 1929 568 1956 τὸ
584 1931 760 1965 τεκνογονεῖν,
779 1929 846 1957 ἀλλὰ
861 1930 905 1956 διὰ
919 1929 949 1956 τὸ

167 1974 346 2001 συνάπτεσθαι
362 1974 477 2010 σώματι.
499 1975 560 2007 Πῶς
579 1973 624 2002 οὖν
637 1975 781 2011 ἡττημένοι
796 1976 875 2011 ἡδονῇ
888 1985 949 2002 συν-

166 2018 282 2045 άπτεσθε
299 2019 420 2054 σώματι;
443 2019 498 2046 Καὶ
514 2021 538 2046 εξ
561 2020 591 2046 οὐ
607 2021 722 2056 πονηρὸν
738 2020 767 2047 τὸ
782 2021 949 2056 συναφοῆναι

167 2061 281 2096 σώματι,
299 2063 359 2089 οὐδὲ
376 2064 491 2099 πονηρὸν
507 2065 536 2090 τὸ
556 2064 753 2100 τελεσιουργεῖν
770 2065 801 2091 τὸ
819 2073 946 2100 γεγεννηι

168 2107 256 2142 μένον.
277 2108 311 2134 ’Ἡ
330 2108 384 2144 γὰρ
398 2109 602 2145 ἀποταξάμενον
617 2111 625 2125 ¹
644 2110 785 2145 ἄνθρωπον
805 2112 842 2147 μὴ
864 2120 950 2148 γεωρ-

167 2154 224 2187 γεῖν
247 2154 280 2181 τὰ
303 2154 348 2180 ἐπὶ
363 2154 413 2188 τῆς
427 2155 489 2188 γῆς.
504 2155 541 2185 ὡς
559 2157 573 2182 ὁ
586 2156 668 2182 ’Ἅϐελ
686 2154 720 2192 ἦν
737 2156 836 2192 ποιμὴν
850 2158 950 2192 προϐά-

166 2207 231 2229 των,
249 2199 317 2225 Κάῑν
337 2199 364 2225 δὲ
386 2199 565 2235 ἐργαζόμενος
584 2201 632 2236 τὴν
647 2201 708 2236 γῆν.
730 2203 760 2228 El
785 2202 814 2228 δὲ
833 2205 951 2238 γεωργεῖ

166 2253 207 2275 τις
221 2244 269 2280 τὴν
283 2245 343 2279 γῆν,
354 2245 391 2276 ὡς
406 2247 420 2271 ὁ
435 2245 507 2277 Νῶε,
522 2246 563 2272 ὅτι
579 2246 708 2281 Ἐγένετο
721 2247 798 2281 ἀνὴρ
812 2248 947 2282 γεωργὸς,
963 2244 986 2271 Ῑ)

166 2290 215 2317 καὶ
228 2291 394 2324 ἐφύτευσεν
403 2291 571 2326 ἀμπελῶνα,
584 2292 633 2318 οὐκ
643 2292 789 2326 ἐφύτευσεν
800 2292 949 2327 ἀμπελῶνα

168 2337 227 2372 [οὐκ
242 2336 411 2372 ὲφύτευσεν],
435 2337 476 2363 ἵνα
495 2337 591 2372 βότρυν
612 2337 648 2373 μὴ
671 2338 769 2374 ἐνέγκῃ
781 2347 788 2354 ·
814 2338 869 2364 ἀλλ’
883 2338 948 2373 ἐφύ-

166 2391 255 2415 τευσε,
271 2384 317 2410 καὶ
334 2383 417 2409 ἔπιεν
438 2384 469 2410 ὲκ
493 2383 540 2409 τοῦ
567 2383 671 2419 καρποῦ
691 2384 783 2416 αὑτοῦ,
809 2383 859 2411 καὶ
884 2384 949 2419 ἐμε-

166 2431 272 2461 θύσθη,
301 2429 338 2460 ὡς
365 2429 526 2464 γέγραπται.
543 2427 597 2456 Ἦν
622 2430 650 2456 δὲ
669 2429 832 2465 συγγνώμην
849 2430 886 2465 τῷ
905 2430 950 2464 γέ-

168 2484 239 2511 ροντι
262 2475 415 2509 ἀπονεῖμαι.
431 2475 582 2510 Εὐάρεστος
600 2475 652 2510 γὰρ
672 2475 711 2510 τῷ
729 2475 788 2510 Θεῴ
810 2476 950 2512 ὑπάρχων,

166 2522 196 2547 οὺ
216 2521 258 2546 διὰ
274 2521 393 2546 ἀσωτίαν
406 2521 454 2554 τὴν
470 2520 555 2556 μέθην
571 2520 684 2556 ὑπέστη,
702 2521 769 2547 ἀλλὰ
784 2521 856 2558 λύπῃ
871 2522 950 2558 φερό-

167 2575 246 2601 μενος
258 2565 327 2600 τάχα
339 2566 492 2601 ὲκεκάρωτο
502 2574 509 2580 ·
524 2566 571 2592 καὶ
587 2566 623 2602 μὴ
641 2567 732 2602 φέρων
746 2566 775 2598 ἐξ
790 2567 951 2602 ἀμφοτέρων

165 2612 209 2637 διὰ
222 2611 252 2637 τὸ
272 2610 383 2642 ἀσθενὲς
407 2611 454 2637 καὶ
476 2611 618 2646 γηραλέον,
643 2613 770 2647 ἀσθενείᾳ
797 2613 950 2640 ὑπέπεσεν·

166 2658 215 2692 οὐχ
229 2657 271 2683 ἵνα
285 2656 419 2692 χλευασθῇ
442 2657 494 2682 ὑπὸ
513 2657 619 2683 τέκνου.
638 2655 668 2684 ’0
689 2658 728 2689 δὲ,
752 2658 951 2692 καταγελάσας,

167 2703 254 2738 ἑαυτῷ
267 2702 359 2737 εἴληφε
371 2702 420 2737 τὴν
437 2702 567 2738 κατάραν,
581 2703 623 2729 ἵνα
638 2704 804 2736 κολάζωνται
817 2705 841 2730 οἱ
855 2706 952 2740 ἐνσκή-

168 2758 278 2781 mone;
294 2750 350 2781 τοῖς
367 2749 502 2784 πατράσιν
521 2749 610 2785 ὓϐριν,
631 2750 678 2777 καὶ
698 2751 723 2776 οἱ
743 2751 771 2778 ὲν
785 2751 849 2786 ὑμῖν
864 2751 951 2778 διαλου

202 2859 210 2874 ¹
223 2858 302 2886 Deest
317 2858 366 2886 δεῖ,
405 2859 415 2874 ¹
430 2859 497 2886 Gen.
514 2866 552 2890 Iv.
568 2859 595 2886 2.
636 2857 646 2873 ³
661 2857 727 2885 Gen.
745 2866 782 2889 ιι,
803 2859 837 2884 20
853 2866 912 2893 ειη.

321 2917 457 2947 Ι¹Ατιιοιη
475 2917 533 2947 Gn.
550 2912 631 2948 ΧΗ.

993 959 1070 988 erat;
1087 955 1247 984 fmdissimte
1262 956 1334 983 illius
1348 956 1468 984 libidinis
1486 957 1617 984 rationem
1636 958 1774 992 didicisse,

994 1001 1028 1028 ab
1048 1009 1134 1036 eaque
1151 1003 1189 1028 uti
1205 1002 1351 1030 concubitu
1367 1002 1407 1029 sic
1421 1003 1558 1032 edoctum.
1577 1007 1606 1029 ut
1623 1003 1775 1031 detestandi

994 1047 1117 1075 humoris
1136 1047 1296 1083 proﬂuvium
1312 1048 1339 1075 in
1355 1051 1455 1075 terram
1470 1054 1618 1083 spargeret.

1030 1101 1072 1128 Ιςι.
1088 1101 1176 1137 Atque
1190 1102 1241 1129 hoc
1256 1102 1366 1137 quidem
1388 1102 1575 1137 turpissimum
1591 1107 1618 1131 et
1631 1111 1775 1131 exsecran-

994 1145 1058 1173 dum
1087 1151 1128 1174 est
1147 1147 1254 1174 illorum
1270 1147 1377 1180 scelus,
1399 1147 1471 1183 quod
1486 1151 1513 1174 et
1533 1148 1652 1183 ipsorum
1676 1149 1777 1185 decipit

994 1193 1114 1225 animos,
1135 1197 1161 1220 et
1180 1201 1194 1220 a
1213 1193 1345 1220 diabolica
1370 1194 1492 1221 caecitate
1510 1194 1700 1229 proﬁciscitur.
1714 1195 1777 1229 Qui-

994 1239 1110 1267 busnam
1139 1247 1200 1267 vero
1225 1240 1433 1269 auctoritatibus
1462 1242 1679 1278 testimoniisque
1715 1243 1776 1271 lreti

995 1286 1028 1312 ad
1046 1286 1090 1313 illa
1106 1286 1209 1321 delapsi
1225 1286 1297 1317 sint,
1318 1286 1345 1313 in
1369 1287 1485 1314 medium
1505 1287 1601 1315 aﬂcrre
1614 1296 1667 1315 non
1685 1291 1776 1324 putavi

994 1331 1191 1362 necessarium,
1208 1339 1242 1359 ne
1258 1332 1321 1358 dum
1340 1332 1373 1359 ad
1392 1332 1525 1367 cujusque
1539 1333 1650 1361 haeresis
1665 1333 1778 1370 ﬂagitio-

995 1384 1053 1404 sam
1072 1376 1210 1404 libidinem
1233 1377 1411 1404 aversandam
1432 1379 1586 1406 accuratius
1601 1380 1706 1415 singula
1721 1389 1779 1416 per-

994 1422 1155 1457 sequimur,
1181 1421 1386 1449 imbecilliorum
1411 1431 1442 1450 ac
1464 1423 1570 1452 levitate
1593 1425 1709 1460 quadam
1726 1429 1779 1455 ela-

994 1470 1082 1493 torum
1112 1466 1250 1494 hominum
1279 1467 1383 1494 animos
1414 1467 1448 1494 ad
1482 1475 1513 1496 ea
1550 1471 1635 1504 magis
1666 1471 1780 1499 incitare

994 1511 1149 1540 videamur:
1162 1512 1208 1547 qui
1220 1512 1328 1547 quidem
1340 1513 1440 1539 malum
1456 1520 1510 1547 pra:
1526 1513 1598 1541 bono
1610 1515 1661 1542 sibi
1677 1516 1781 1543 consci—

958 1573 980 1602 ο
997 1565 1072 1586 scere
1095 1565 1126 1585 ac
1148 1561 1258 1592 captare
1269 1563 1444 1585 consuerunt.
1464 1557 1561 1586 Verum
1575 1559 1609 1587 ad
1627 1561 1777 1589 uberiorem

997 1603 1138 1630 horrenda:
1164 1602 1237 1630 illius
1263 1610 1294 1629 ac
1313 1604 1475 1638 serpentium
1490 1605 1601 1633 haeresis
1614 1606 1779 1634 confutatio-

998 1657 1058 1677 nem
1071 1669 1078 1682 ,
1097 1657 1183 1685 pauca
1206 1650 1240 1677 de
1259 1649 1353 1677 multis
1370 1655 1497 1677 attexam.

1032 1705 1110 1734 Unde
1124 1707 1215 1741 igitur,
1231 1714 1333 1742 quaso,
1354 1711 1409 1734 tam
1427 1709 1560 1736 nefarium
1574 1711 1664 1738 scelus
1678 1712 1782 1747 excogi-

999 1757 1055 1780 tare
1077 1752 1228 1781 didicistis?
1244 1753 1366 1781 Primum
1380 1755 1452 1781 enim
1466 1775 1473 1788 ,
1489 1759 1518 1782 ut
1538 1758 1663 1785 universe
1680 1757 1780 1791 dicam,

998 1799 1060 1833 quis
1072 1806 1127 1826 non
1148 1800 1235 1832 videt,
1250 1807 1313 1828 cum
1331 1800 1482 1828 daemonum
1501 1803 1639 1837 propriam
1664 1809 1780 1832 vestram

998 1844 1069 1872 hanc
1085 1852 1146 1873 esse
1165 1845 1331 1878 doctrinam,
1352 1850 1409 1874 tum
1441 1848 1506 1876 illud
1538 1853 1644 1876 tantum
1671 1854 1781 1886 tamque

999 1893 1077 1917 atrox
1107 1897 1122 1916 a
1140 1890 1218 1918 vobis
1242 1892 1378 1918 inventum
1399 1891 1528 1927 ﬂagitium
1556 1895 1664 1922 nonnisi
1690 1903 1783 1923 errore

999 1936 1155 1970 depravatis
1185 1936 1341 1964 hominibus
1368 1945 1400 1964 ac
1434 1940 1587 1973 corruptela
1616 1942 1782 1968 convenire?

999 1980 1065 2007 Nam
1081 1981 1102 2008 si
1118 1982 1230 2008 omnino
1242 1983 1386 2017 concipere
1405 1983 1506 2010 malum
1520 1988 1572 2016 est,
1589 1985 1711 2019 profecto
1726 1994 1779 2014 non

999 2026 1034 2053 ob
1054 2027 1139 2061 ipsam
1156 2027 1257 2055 sobolis
1269 2028 1502 2062 procreationem,
1523 2031 1568 2057 sed
1584 2031 1619 2058 ob
1636 2039 1780 2067 corporum

1000 2073 1198 2107 copulationem
1222 2074 1321 2100 malum
1341 2082 1402 2102 esse
1429 2075 1573 2103 videbitur.
1599 2076 1687 2109 Quare
1714 2079 1779 2113 quid

1000 2125 1048 2144 vos
1068 2118 1163 2144 attinet
1193 2118 1330 2152 voluplate
1348 2123 1491 2154 superatos
1516 2122 1694 2149 commiscere
1719 2130 1782 2150 cor-

1001 2162 1085 2197 pora?
1104 2163 1158 2189 Aut
1183 2163 1205 2189 si
1224 2170 1369 2197 corporum
1395 2164 1440 2191 illa
1461 2165 1618 2199 conjunctio
1636 2167 1706 2193 mala
1726 2175 1780 2194 non

999 2213 1052 2239 est,
1068 2207 1232 2243 ueidipsum
1256 2208 1364 2243 quidem
1389 2209 1461 2243 quod
1487 2210 1606 2245 gignitur
1622 2211 1656 2238 ad
1679 2212 1781 2239 exitum

1002 2253 1159 2287 perducere,
1179 2254 1279 2281 malum
1292 2258 1344 2282 est.
1362 2255 1467 2282 Etenim
1487 2256 1529 2283 vel
1551 2256 1683 2285 abdicatis
1693 2259 1783 2286 omni-

1002 2298 1064 2331 bus,
1078 2299 1270 2334 agriculturam
1289 2300 1401 2327 omnino
1425 2308 1479 2328 non
1498 2302 1631 2338 attingere
1645 2302 1781 2332 hominem

1002 2348 1127 2380 oportet:
1145 2345 1372 2380 quemadmodum
1386 2346 1453 2374 Abel
1470 2347 1559 2375 ovium
1577 2347 1660 2376 fuisse
1679 2354 1783 2384 pastor,

1002 2390 1103 2418 Cainus
1131 2395 1231 2418 terram
1260 2391 1378 2419 coluisse
1399 2392 1501 2419 dicitur
1522 2393 1545 2420 ’.
1570 2392 1618 2421 Vel
1644 2395 1667 2422 si
1695 2396 1783 2423 solum

1003 2436 1082 2471 523
1103 2444 1230 2464 exercere
1255 2437 1354 2472 aliquis
1372 2438 1508 2471 instituit,
1538 2439 1577 2466 uti
1604 2439 1661 2468 Noe
1690 2441 1786 2469 iecisse

1001 2482 1112 2515 dicitur,
1127 2483 1191 2517 qui,
1209 2487 1238 2510 ut
1261 2484 1392 2519 scriptum
1407 2489 1464 2516 est,
1482 2485 1522 2511 m'r
1538 2485 1589 2519 fuit
1610 2487 1736 2522 agricola,
1760 2495 1785 2515 et

1001 2528 1130 2562 plantavit
1147 2529 1246 2556 vineam
1259 2530 1288 2556 ἰ
1306 2538 1360 2556 non
1376 2530 1446 2562 ideo,
1462 2535 1538 2566 puto,
1555 2532 1661 2559 vineam
1677 2534 1785 2568 planta-

1001 2573 1057 2606 vit,
1075 2578 1103 2600 ut
1125 2581 1158 2600 ne
1177 2582 1299 2602 racemos
1317 2575 1467 2610 proferret;
1483 2577 1531 2604 sed
1554 2582 1582 2605 et
1597 2578 1743 2612 plantavit,
1759 2585 1787 2607 et

1003 2617 1036 2645 de
1052 2618 1140 2645 fructu
1157 2619 1229 2647 illius
1243 2620 1305 2646 bibit
1319 2641 1326 2652 ,
1343 2626 1367 2647 et
1392 2622 1538 2649 inebriatus
1553 2628 1591 2651 est
1604 2643 1612 2656 ,
1633 2628 1663 2651 ut
1678 2632 1710 2651 eo
1725 2625 1786 2651 loco

1004 2662 1112 2699 legitur.
1128 2663 1155 2690 In
1182 2673 1236 2699 quo
1250 2673 1315 2692 sane
1335 2666 1413 2693 venia
1436 2666 1535 2701 dignus
1560 2675 1642 2696 senex
1667 2668 1712 2695 ille
1725 2667 1785 2695 fuit.

1004 2707 1056 2741 Qui
1075 2717 1137 2739 cum
1156 2709 1210 2737 Deo
1222 2715 1315 2746 gratus
1340 2716 1432 2744 essm,
1449 2720 1504 2740 non
1519 2721 1551 2740 ex
1579 2713 1787 2748 intemperantia

1005 2754 1032 2780 in
1048 2754 1121 2781 illam
1140 2755 1297 2783 ebrietatem
1317 2756 1428 2790 incidit;
1445 2757 1502 2792 sed,
1518 2761 1548 2784 ut
1567 2757 1673 2792 opinor,
1687 2764 1721 2785 ex
1736 2758 1788 2785 tri-

1575 2911 1612 2944 34
