1958 3050
160 141 245 170 ’1067

870 141 898 169 S.
917 141 1089 169 EI‘IPHANII

1725 141 1806 168 1068

159 198 248 226 stitia
264 204 296 225 ac
312 204 429 225 mterore
439 196 549 232 quidam
565 197 591 224 ei
609 197 700 224 somni
715 201 810 232 torpor
824 197 955 232 obrepsit.

1011 198 1104 234 γισμοὶ
1124 198 1328 234 ἑπεγειρόμενοι
1349 197 1419 225 κατὰ
1442 197 1492 233 τῆς
1515 197 1561 224 τοῦ
1582 197 1650 224 Θεοῦ
1669 197 1809 233 γνώσεως

160 243 241 271 Ὀιηῐὶ
258 247 348 270 autem
364 243 508 278 utriusque
519 243 573 270 vim
583 243 719 271 sustinere
734 243 769 270 ob
786 242 958 270 imbecillita-

1011 243 1058 269 καὶ
1080 243 1170 274 καλῶς
1183 242 1352 278 τεταγμένης
1367 242 1522 275 διατάξεως.

161 293 227 316 .tem
248 292 276 315 et
298 292 404 315 aetatem
423 296 478 315 non
500 293 612 324 posset,
638 288 666 315 in
687 295 748 315 eam
769 288 952 316 inﬁrmitatem
966 289 1115 324 prolapsus
1129 293 1188 316 est:
1218 296 1267 315 nec
1291 288 1351 316 idco
1371 293 1463 315 tamen
1499 288 1597 323 dignus
1621 292 1696 320 erat,
1726 293 1758 315 ut
1776 297 1807 315 ei

163 334 245 362 .ﬁlius
263 334 396 362 illuderet.
413 334 503 368 Quare
515 335 563 370 qui
582 335 664 362 illum
683 335 780 362 derisit
794 354 802 367 .
822 335 849 362 in
885 336 1061 371 senietipsum
1083 336 1309 370 imprecationem
1345 335 1491 363 convertit.
1508 335 1542 363 Ut
1564 336 1583 363 ii
1613 337 1702 371 pomis
1737 337 1809 363 alli-

173 384 299 417 ciantul,
323 384 369 419 qui
390 384 548 420 parentibus
566 384 624 412 suis
648 379 839 411 contumeliam
867 384 1023 419 imponunt,
1041 383 1162 419 adeoque
1175 384 1356 419 cogitationes
1386 384 1454 414 illst,
1489 391 1550 418 qua:
1583 383 1713 411 adversus
1752 383 1809 411 Dei

174 432 355 468 cognitionem
371 437 399 460 et
417 436 490 459 recte
509 431 688 459 constitutum
707 431 832 459 ordinem
847 432 1006 467 insurgunt.
1719 439 1721 441 '

209 478 253 506 IV.
269 478 413 506 Enimvero
427 479 490 506 licet
501 482 593 507 tantus
609 479 713 514 nuptiis
727 479 826 510 honor,
838 484 958 514 quantus

176 525 338 560 virginitati,
355 525 466 552 minime
480 525 516 552 sit
532 524 683 557 habendus,
695 525 795 552 et'lia‘c
812 525 865 553 illis
882 529 960 552 ante-

173 571 297 606 ponenda
311 572 364 604 sit;
382 579 443 599 cum
468 579 500 599 ea
513 575 604 598 tamen
623 579 687 598 vera
701 571 845 607 virginitas
865 571 959 606 appel-

174 619 255 650 latur,
269 626 330 653 quae
345 625 406 644 cum
420 618 561 645 honestate
571 622 614 645 est
635 622 661 645 et
672 618 774 645 virtute
799 617 958 652 conjuncta.

173 667 232 690 tum
249 664 422 692 honorabiles
433 663 533 698 nuptiae
550 663 558 678 '
575 671 590 690 ει
612 663 757 691 liberorum
771 665 958 699 procreationc

173 718 229 737 non
253 710 419 742 abhorrent,
443 717 531 744 neque
545 709 578 736 ad
595 710 771 744 ignominiam
790 717 822 736 ea
845 710 959 736 trahunt

173 763 233 790 quae
248 762 263 782 ο
287 754 342 782 Deo
365 755 494 790 praeclare
511 754 621 781 condita
637 758 701 781 sunt
714 773 721 784 .
745 753 800 780 imo
815 761 879 780 vero
904 761 957 781 non

173 802 252 830 aliter
277 801 465 836 praescriptum
486 800 614 827 divinitus
634 800 764 834 nuptialis
786 800 958 834 conjunctio-

172 848 217 875 nis
232 848 341 874 modum
361 853 393 874 ac
410 847 542 873 rationem
559 850 702 881 usurpant.
724 845 829 881 Quippe
845 847 959 882 virgini-

1044 482 1080 508 A'.
1091 481 1121 507 Ei
1130 480 1184 515 γὰρ
1193 480 1239 507 καὶ
1249 480 1280 506 οὐ
1291 480 1443 512 δεδόξασται
1452 481 1466 505 ὀ
1479 478 1566 515 γάμος
1577 479 1614 510 ὠς
1625 480 1642 514 ἡ
1653 479 1804 514 παρθενία,

1011 526 1080 561 ὑπὲρ
1107 525 1188 552 αὑτὸν
1213 526 1241 552 δὲ
1266 526 1382 561 ὑπάρχει
1404 527 1421 560 ἡ
1447 525 1589 560 παρθενία,
1612 525 1744 560 παρθενία
1771 525 1806 551 δὲ

1010 571 1177 607 ἀληθεύουσα
1191 571 1294 604 ἔνδοξος
1311 572 1358 598 καὶ
1373 572 1499 607 ἐνάρετος
1513 571 1652 606 κέκληται,
1664 571 1695 596 οὐ
1713 579 1807 606 μεμο-

1009 617 1140 654 λυσμένη.
1155 618 1202 645 καὶ
1216 619 1231 644 ὁ
1245 617 1343 653 σεμνὸς
1354 618 1382 644 δὲ
1397 618 1484 653 γάμος
1508 617 1678 644 παιδοποιίαν
1694 617 1743 643 οὐκ
1759 618 1805 648 εἰς

1011 663 1141 698 αἰσχύνην
1155 663 1188 690 τὰ
1206 664 1238 690 ὲκ
1254 663 1321 690 Θεοῦ
1343 663 1433 695 καλῶς
1449 664 1596 698 ἐκτισμένα
1614 663 1803 698 ἀπαγορεύει·

1009 707 1067 734 ἀλλ’
1086 707 1147 734 οὔτε
1164 708 1250 739 ἄλλως
1265 708 1483 744 μεταχειρίζεται
1506 708 1556 744 τῆς
1577 709 1624 735 τοῦ
1639 709 1728 744 γάμου
1744 717 1804 736 κοι-

1010 754 1106 786 νωνίας
1119 754 1168 790 τὴν
1186 754 1218 780 ὲκ
1245 754 1313 781 Θεοῦ
1337 754 1507 789 τεταγμένην
1523 755 1645 789 ἀγωγήν.
1661 754 1803 790 Παρθενία

1010 801 1064 837 γάρ
1082 802 1155 828 ἐστιν
1168 801 1285 836 ἀληθῶς,
1300 801 1338 832 ὼς
1352 801 1445 836 ἐκείνη
1462 801 1479 836 ὴ
1491 800 1545 827 ὑπὸ
1554 800 1601 827 τοῦ
1619 801 1695 834 ἀγίου
1714 801 1803 826 Ἀπο-

1010 847 1103 873 στόλου
1117 847 1316 882 ἐπαινουμένη,
1338 847 1378 874 ὅτι
1395 847 1428 874 Ἡ
1448 847 1594 881 παρθένος
1615 847 1663 874 καὶ
1685 847 1703 881 ἡ
1723 847 1802 882 ἀγα-

171 897 216 920 tas
239 899 332 920 revera
357 892 417 926 ejus
444 891 531 918 instar
548 896 590 918 est
604 911 612 922 ,
634 898 715 926 quam
743 892 888 926 Apostolus
917 892 957 919 his

1011 902 1064 927 ιιος
1076 892 1202 927 μεριμνᾷ
1221 894 1256 919 τὰ
1270 892 1323 919 τοῦ
1339 893 1459 927 Κυρίου,
1486 891 1548 925 πῶς
1567 893 1668 927 ὰρέσει
1685 892 1724 925 τῷ
1738 895 1801 920 Κυ-

172 937 263 965 verbis
284 937 430 972 praedicat:
454 936 532 972 Virgo
551 941 576 963 et
604 937 712 970 innupta
738 937 854 963 sollicita
871 942 911 964 est
926 937 958 966 de

173 985 205 1011 iis
222 992 280 1019 quia
297 989 360 1010 sunt
379 984 496 1016 Domini,
511 984 639 1019 quomodo
653 985 756 1018 placeat
779 984 909 1015 Domino.
930 990 957 1012 ut

172 1030 206 1056 tit
219 1035 311 1057 sancta
323 1037 430 1061 corpore
443 1034 468 1056 et
478 1030 567 1056 animo
577 1031 598 1057 ¹,
616 1029 650 1057 Ut
664 1030 829 1062 ostenderet,
844 1032 957 1062 nullam,

173 1083 207 1103 ne
221 1076 361 1103 minimam
377 1076 486 1111 quidem
501 1096 508 1108 .
528 1076 711 1111 suspicionem
729 1077 883 1104 solitarium
898 1078 958 1104 vita:

172 1130 259 1156 genus
286 1122 439 1150 admittere.
463 1121 564 1150 Verum
594 1126 622 1150 et
645 1122 829 1150 Abrahamum
856 1124 958 1151 scimus

173 1167 266 1195 liberis
292 1175 403 1202 operam
433 1167 562 1199 dedisse.
588 1172 616 1196 et
640 1169 758 1195 amicum
781 1169 889 1196 interim
911 1168 958 1196 Dei

172 1213 277 1245 fuisse,
301 1212 414 1247 perinde
433 1217 514 1248 atque
541 1213 663 1240 lsaacum
677 1233 684 1245 ,
704 1217 731 1240 et
759 1213 910 1247 Iacobum,
927 1222 959 1242 ac

173 1258 302 1293 deinceps
321 1263 443 1285 caeteros.
463 1258 516 1291 Qui
533 1266 620 1294 neque
636 1259 798 1294 semetipsos
811 1267 958 1287 exsecran-

171 1303 216 1332 dis
232 1303 355 1339 ﬂagitiis,
372 1311 403 1331 ac
416 1303 574 1331 foedissimis
589 1304 753 1339 usurpandis
768 1305 850 1332 rebus
867 1305 959 1340 inqui-

173 1356 293 1381 narunt.
316 1357 405 1385 neque
423 1354 501 1377 recte
517 1357 532 1377 ιι
551 1350 605 1378 Deo
629 1351 785 1378 constitutae
812 1351 958 1378 liberorum

173 1403 221 1430 per
235 1395 344 1430 nuptias
359 1394 543 1430 procreationi
560 1394 688 1430 refragati
705 1399 778 1423 sunt.
793 1394 884 1430 Neque
901 1403 960 1430 por-

172 1450 204 1470 ro
222 1441 269 1476 qui
297 1442 368 1469 inter
399 1441 472 1476 ipsos
499 1441 686 1469 castimoniam
713 1448 747 1468 ac
778 1441 960 1476 virginitatem

173 1488 358 1519 instituerant,
372 1487 531 1515 certaminis
553 1487 626 1522 leges
646 1486 794 1519 violarunt,
808 1490 870 1518 aut.
887 1487 960 1514 velut

172 1535 335 1569 quibusdam
348 1534 504 1569 praestigiis,
527 1533 597 1561 lianc
611 1534 719 1560 virtutis
735 1534 960 1560 exercitationem

1003 938 1070 978 ρίφ,
1097 937 1146 963 ἵνα
1167 934 1188 972 ᾖ
1212 937 1281 971 ἁγία
1301 935 1342 969 τῷ
1362 937 1474 970 σώματι
1495 938 1542 964 καὶ
1567 937 1604 971 τῇ
1625 938 1719 972 ψυχῇ.
1740 939 1801 964 Ἶνα

1008 982 1092 1018 δείξῃ,
1106 983 1148 1009 ὅτι
1167 982 1295 1018 οὐδεμίαν
1314 982 1403 1008 αίτίαν
1416 982 1644 1018 ἀμπλακημάτων
1663 985 1714 1010 κᾶν
1729 984 1800 1011 ὑπο-

1008 1028 1136 1064 νοηθῆναι
1150 1029 1166 1064 ἡ
1179 1028 1293 1063 μονότης
1307 1027 1452 1062 ἐνδέχεται.
1471 1028 1550 1054 Ἀλλὰ
1561 1029 1608 1055 καὶ
1622 1029 1800 1065 τὸνἉὸραὰμ

1012 1073 1122 1108 οἴδαμεν
1146 1073 1370 1107 παιδοποιοῦντα,
1396 1074 1471 1108 φίλον
1497 1074 1524 1100 δὲ
1547 1074 1611 1100 ὄντα
1633 1074 1670 1110 τῷ
1692 1075 1799 1110 Κυρίῳ,

1015 1119 1107 1146 Ἰσαὰκ
1121 1119 1149 1146 δὲ
1166 1120 1213 1146 καὶ
1231 1120 1327 1147 Ἰακὼϐ
1337 1141 1344 1152 ,
1362 1121 1409 1146 καὶ
1432 1121 1495 1152 τοὺς
1517 1120 1633 1157 καθεξῆς
1646 1130 1652 1135 ·
1672 1122 1718 1148 καὶ
1733 1121 1798 1148 οὔτε

1010 1166 1122 1197 ἑαυτοὺς
1139 1165 1271 1201 ἐμόλυναν
1289 1166 1429 1201 ἀθεμίτοις
1451 1167 1577 1202 πράξεσι,
1593 1168 1798 1203 παραπτόμενοι

1011 1210 1151 1246 μυσαρῶν,
1174 1210 1235 1237 οὔτε
1255 1211 1399 1243 ἀντιθέτως
1419 1211 1496 1246 ἔσχον
1520 1213 1588 1248 πρὸς
1608 1212 1657 1248 τὴν
1675 1214 1706 1240 ὲκ
1728 1213 1799 1240 Θεοῦ

1010 1256 1099 1288 καλῶς
1114 1257 1283 1292 τεταγμένην
1307 1256 1351 1284 διὰ
1374 1258 1472 1292 σεμνοῦ
1500 1258 1588 1293 γάμου
1608 1259 1776 1286 παιδοποιίαν
1789 1267 1796 1274 ·

1010 1302 1057 1328 καὶ
1077 1302 1138 1328 οὔτε
1167 1302 1193 1327 oi.
1221 1302 1250 1328 ὲν
1275 1303 1367 1334 αὐτοῖς
1395 1303 1504 1337 ἁγνείαν
1526 1312 1556 1330 τε
1579 1305 1626 1330 καὶ
1649 1305 1797 1341 παρθενίαν

1010 1348 1179 1383 ἀσκήσαντες
1205 1347 1390 1383 παρέφθειραν
1418 1350 1464 1376 τὸν
1494 1350 1598 1385 ἀγῶνα,
1625 1351 1671 1377 καὶ
1697 1351 1798 1387 ἑτέρως

1012 1395 1234 1429 μετεποιήσαντο,
1255 1394 1292 1426 ὡς
1314 1395 1359 1421 διὰ
1378 1395 1505 1429 κυϐείας,
1531 1397 1575 1423 τὸν
1600 1398 1725 1432 ἐνάρετον
1747 1397 1797 1432 τῆς

1011 1439 1150 1475 ἀθλήσεως
1170 1441 1281 1475 τρόπον.
1306 1441 1360 1467 Καὶ
1381 1441 1473 1473 Ἠλίας
1492 1443 1542 1477 μὲν
1558 1443 1696 1474 παντελῶς
1706 1443 1734 1469 ὲν
1749 1443 1796 1470 πό-

1010 1486 1068 1513 λεσι
1080 1487 1171 1522 τάχιον
1187 1489 1238 1514 οὐκ
1256 1488 1352 1524 είσῄει,
1369 1489 1429 1515 οὐδὲ
1446 1490 1514 1525 μετά
1535 1490 1672 1524 γυναικῶν
1688 1492 1795 1526 συνόμι-

1010 1532 1055 1564 λος
1069 1533 1172 1566 ἐγίνετο
1184 1542 1190 1548 ·
1213 1534 1241 1559 ὲν
1263 1533 1290 1559 δὲ
1308 1534 1438 1569 ἐρημίαις
1459 1535 1587 1562 διατελῶν
1610 1536 1715 1572 ὑπῆρχε
1727 1545 1733 1551 ·
1750 1536 1794 1562 καὶ

172 1565 227 1607 alio
254 1580 335 1607 modo
348 1565 573 1607 'comm'utarunt.
593 1580 681 1615 Atque
696 1579 770 1607 Elias
794 1587 860 1607 sane
876 1579 957 1607 urbes

1017 1575 1175 1609 Ἐλισσαῖος,
1198 1579 1244 1605 καὶ
1267 1579 1402 1614 Ἰωάννης,
1418 1580 1464 1606 καὶ
1483 1581 1582 1613 πάντες
1596 1582 1619 1607 οἱ
1630 1581 1641 1597 ⁴
1653 1581 1698 1608 τὸν
1711 1581 1794 1616 μέγαν

172 1627 247 1661 ipsas
261 1625 457 1661 propemodum
483 1633 516 1653 ne
544 1626 750 1662 ingrcdiebatur
762 1625 890 1660 quidem,
908 1633 957 1652 nec

1011 1624 1114 1651 τουτονὶ
1126 1625 1285 1660 χαρακτῆρα
1295 1625 1344 1660 τῆς
1356 1625 1409 1651 τῶν
1418 1626 1540 1660 ἀγγέλων
1552 1628 1695 1663 μιμήσεως
1707 1627 1793 1660 καλῶς

171 1672 244 1700 inter
262 1672 390 1699 mulieres
415 1671 592 1703 versabatur;
622 1671 670 1699 sed
696 1671 723 1698 in
748 1670 866 1698 desertis
891 1671 957 1698 locis

1011 1669 1082 1696 κατὰ
1093 1669 1144 1705 τὴν
1161 1670 1340 1706 εύαγγελικὴν
1355 1671 1474 1704 διάταξιν
1488 1671 1534 1698 τοῦ
1550 1673 1651 1709 Κυρίου
1671 1674 1792 1706 ἑαυτοὺς

172 1717 282 1745 assidue
302 1717 423 1750 vivebat,
438 1715 667 1751 quemadmodum
683 1714 808 1749 Elisaeus,
821 1720 848 1742 et
877 1714 958 1742 Joan—

1010 1714 1059 1742 διὰ
1074 1715 1238 1748 βασιλείαν
1251 1717 1386 1751 οὐρανῶν
1400 1719 1592 1753 εὐνούχισαν.

173 1771 232 1796 nes,
248 1771 280 1791 ac
294 1763 385 1791 caiteri
397 1770 510 1796 omnes;
524 1763 583 1798 qui.
605 1766 634 1789 ut
650 1762 780 1797 praeclare
792 1770 826 1789 ex
840 1761 997 1797 evangelico
1017 1761 1101 1798 52‘.
1112 1760 1219 1789 Domini
1248 1764 1377 1791 mandato
1405 1764 1539 1799 insignem
1559 1765 1632 1792 illam
1666 1765 1791 1794 imitatio-

172 1811 215 1839 nis
242 1809 370 1845 angelicae
387 1813 479 1836 nolam
494 1813 576 1843 atque
602 1807 717 1835 formam
728 1808 922 1843 exprimerent,
943 1813 1094 1841 semetipsos
1108 1814 1214 1843 propter
1227 1817 1335 1844 regnum
1357 1810 1459 1838 caeleste
1478 1815 1659 1838 castraret-uni
1673 1812 1692 1839 ³.

207 1856 346 1884 Postremo
368 1855 431 1882 licet
449 1853 534 1881 multa
554 1853 589 1881 de
610 1853 654 1881 his
668 1854 695 1881 in
714 1854 833 1881 medium
859 1853 956 1881 all'erre

171 1903 321 1938 possimus,
335 1906 362 1929 et
379 1900 493 1928 intinitis
518 1899 667 1935 Scriptum
686 1900 850 1928 testimoniis
866 1903 894 1928 et
909 1907 956 1927 au-

171 1948 344 1976 ctoritatibus
376 1947 484 1974 illusam
515 1953 532 1973 a
562 1945 671 1973 diabolo
698 1951 816 1973 mentem
849 1946 957 1973 illorum

171 1995 352 2030 redarguere,
378 1993 473 2029 paucis
497 1992 551 2020 illis
579 1992 682 2020 erimus
697 1992 833 2025 contenti,
854 2000 915 2019 cum
930 1996 958 2020 et

172 2040 272 2075 alioqui
295 2038 439 2066 manifesto
462 2041 569 2066 constet
585 2038 659 2065 nulla
674 2037 709 2065 ab
734 2037 878 2073 prudentia
898 2037 958 2065 illo-

170 2094 232 2114 rum
244 2085 381 2121 prolicisci
396 2084 511 2117 facinus,
534 2091 586 2112 nec
601 2083 740 2118 ejusmodi
756 2091 770 2111 a
784 2083 840 2111 Deo
853 2083 958 2111 deriva-

170 2136 225 2159 tam
244 2139 307 2160 esse
328 2130 470 2158 scientiam
485 2150 493 2163 ,
507 2129 555 2158 sed
568 2137 601 2157 ex
623 2130 775 2157 daemonum
796 2129 888 2157 alliatu
913 2131 956 2158 lu-

170 2175 288 2204 dibrium
318 2175 391 2203 istud
418 2181 499 2202 omne
526 2181 559 2202 ac
573 2173 684 2202 nefandi
710 2175 823 2202 sceleris
850 2175 954 2203 crimen

1045 1854 1100 1880 Καὶ
1111 1854 1198 1882 πολλὰ
1209 1854 1259 1890 μὲν
1272 1853 1318 1882 οὖν
1330 1855 1435 1891 ἔχοντες
1446 1857 1509 1892 περὶ
1520 1857 1622 1884 τούτων
1637 1858 1735 1892 λέγειν,
1749 1861 1790 1887 καί

1009 1901 1042 1926 ἐκ
1055 1899 1158 1927 πολλῶν
1173 1901 1329 1928 συστάσεων
1350 1903 1400 1938 τῆς
1415 1903 1490 1935 θείας
1512 1903 1633 1940 Γραφῆς,
1645 1905 1694 1941 τὴν
1707 1906 1792 1933 αὐτῶν

1008 1945 1199 1981 διελέγχουσαν
1210 1947 1220 1963 ⁸
1233 1947 1351 1975 διάνοιαν
1364 1949 1416 1975 ὑπὸ
1435 1950 1558 1977 διαϐόλου
1578 1951 1791 1988 ὲμπαιζομένην,

1009 1993 1167 2029 ἀρκούμεθα
1179 1995 1235 2026 τοῖς
1245 1994 1344 2030 ὀλίγοις
1356 1995 1470 2028 τούτοις·
1496 1996 1591 2032 ἐπειδὴ
1611 1998 1699 2033 πάντη
1712 1999 1791 2033 σαφές

1009 2040 1093 2071 ἐστιν,
1115 2040 1157 2066 ὅτι
1173 2041 1204 2067 οὐ
1224 2041 1358 2074 συνέσεως
1379 2043 1445 2078 παρ’
1459 2043 1550 2075 αὐτοῖς
1563 2044 1580 2079 ἡ
1596 2043 1720 2079 ἐργασία,
1735 2045 1790 2072 οὺδέ

1009 2085 1041 2112 ἐκ
1056 2085 1123 2112 Θεοῦ
1138 2087 1155 2122 ἡ
1168 2087 1279 2124 τοιαύτη
1290 2087 1391 2122 γνῶσις
1401 2097 1408 2104 ·
1427 2088 1495 2116 ἀλλὰ
1509 2089 1642 2123 δαιμόνων
1657 2092 1790 2127 ἐνεργείας

1008 2131 1024 2166 ἡ
1041 2131 1121 2167 χλεύη
1146 2132 1192 2159 καὶ
1216 2132 1319 2165 πτῶσις
1338 2133 1428 2160 αὐτῶν
1447 2135 1497 2170 τῆς
1512 2134 1644 2170 ἀθεμίτου
1665 2136 1792 2171 ἐργασίας

1008 2177 1120 2211 γίνεται.
1145 2179 1199 2207 Καὶ
1222 2179 1323 2216 ταύτην
1346 2180 1375 2206 δὲ
1401 2181 1603 2217 παρωσάμενοι,
1630 2181 1724 2218 ὥσπερ
1743 2182 1790 2219 τὴν

169 2231 231 2251 esse
251 2221 407 2250 conﬂatum.
430 2221 562 2255 Quocirca
579 2228 640 2248 cum
658 2229 708 2249 nos
723 2222 847 2250 haeresim
861 2221 953 2253 istam,

1011 2224 1095 2260 δεινὴν
1115 2226 1290 2261 σκυτάλην,
1312 2227 1361 2263 τὴν
1378 2227 1482 2262 ἔχιδναν
1505 2228 1685 2265 καλουμένην,
1711 2227 1789 2256 οὖσαν

168 2270 269 2303 vipera
283 2268 371 2296 instar
384 2268 444 2302 ejus
455 2287 463 2300 ,
484 2275 565 2302 quam
589 2267 708 2302 scytalen
725 2272 837 2299 vocant,
852 2267 957 2303 repule-

169 2313 273 2345 rimus;
288 2311 360 2348 quod
376 2312 485 2346 quidem
509 2312 643 2346 serpentis
665 2319 752 2347 genus
768 2320 831 2339 cum
856 2313 956 2347 pusillo

168 2365 284 2393 corpore
298 2359 343 2390 sit,
360 2359 504 2385 molestum
521 2364 554 2384 ac
567 2357 715 2386 vehemens
727 2358 835 2386 asthma
850 2366 955 2386 veneno

168 2413 219 2433 suo
236 2405 339 2440 injicit,
357 2410 385 2432 et
409 2405 691 2440 appropinquantibus
706 2405 794 2433 labem
812 2413 845 2433 ac
868 2407 955 2441 perni-

167 2453 238 2479 ciem
267 2451 403 2486 inspirat:
423 2458 486 2478 cum
508 2451 579 2478 hanc
604 2451 687 2488 igitur
714 2451 848 2480 hactenus
872 2453 956 2480 obtri-

1007 2271 1057 2306 μὲν
1072 2271 1112 2307 τῷ
1129 2271 1234 2308 σώματι
1246 2273 1387 2309 βραχεῖαν,
1398 2276 1432 2310 τῇ
1445 2275 1474 2301 δὲ
1490 2275 1592 2311 ίοὸολίᾳ
1606 2275 1691 2303 δεινὸν
1700 2274 1788 2312 ἆσθμα

1005 2318 1188 2353 ἐμπνέουσαν,
1206 2319 1254 2346 καὶ
1271 2320 1312 2351 είς
1331 2321 1394 2352 τοὺς
1416 2321 1613 2356 πλησιάζοντας
1636 2322 1685 2357 τὴν
1705 2322 1789 2358 λύμην

1004 2363 1189 2398 ὲμφυσῶσαν-
1219 2365 1321 2401 ταύτην
1352 2367 1559 2402 συντρίψαντες.
1587 2367 1634 2394 ἐπὶ
1657 2368 1705 2400 τὰς
1729 2369 1789 2404 ἑξῆς

1005 2409 1100 2444 ἴωμεν,
1128 2409 1193 2436 Θεὸν
1218 2410 1325 2446 ἀρωγὸν
1347 2413 1590 2449 ἐπικαλεσάμενοι,
1615 2415 1655 2445 εἰς
1674 2415 1724 2451 τὴν
1742 2415 1787 2451 τῆς

1004 2455 1095 2490 πάσης
1106 2457 1297 2492 πραγματείας
1311 2458 1389 2494 ήμῶν
1399 2459 1490 2486 ἔνθεον
1502 2460 1677 2494 ἐπαγγελίαν.

167 2499 307 2531 vei-imus,
327 2498 360 2525 ad
386 2498 504 2533 reliquas
531 2501 722 2530 transeamus,
750 2500 773 2526 si
798 2500 876 2535 prius
901 2499 948 2527 Dei
969 2507 1047 2536 opem
1071 2502 1329 2538 imploraverimus,
1350 2509 1380 2532 ut
1414 2505 1537 2533 divinum
1571 2508 1652 2542 plane
1672 2508 1786 2543 suscepti

167 2545 258 2581 operis
270 2545 425 2572 institutum
439 2543 532 2571 favore
546 2552 596 2571 suo
609 2550 802 2581 prosequatur.

236 2600 421 2630 ADVERSUS
439 2601 616 2630 ORIGENEM
638 2601 877 2634 ADAMANTIUM.

360 2647 476 2676 {heresis
494 2648 586 2676 XLIV
603 2650 655 2676 sive
669 2649 774 2676 LXIV.

202 2705 223 2734 l.
238 2705 368 2742 Origenes
381 2725 389 2738 ,
407 2709 587 2741 cognomento
605 2705 795 2738 Adamantius.
816 2706 950 2742 sequitur.

1040 2603 1135 2631 ΚΑΤΑ
1152 2605 1343 2633 ΩΡΙΓΕΝΟΥΣ
1361 2605 1418 2642 (25)
1433 2606 1502 2634 ΤΟΥ
1520 2607 1754 2640 ΔΔΑΜΑΙΝΤΙΟΥ,

1007 2650 1239 2685 Τεσσαρακοστὴ
1249 2652 1383 2687 τετάρτη,
1397 2653 1415 2688 ἡ
1427 2653 1476 2680 καὶ
1489 2652 1640 2688 ἑξηκοστή
1655 2652 1782 2687 τετάρτη.

1038 2705 1077 2734 A'.
1102 2706 1250 2743 Ὠριγένης,
1264 2709 1279 2735 ὁ
1291 2709 1337 2736 καὶ
1356 2709 1530 2746 Ἀδαμάντιος
1547 2709 1713 2746 ἐπικληθεὶς,
1729 2710 1781 2737 καθ-

205 2774 214 2789 ¹
230 2773 310 2802 Hebr.
325 2781 384 2807 xtu,
399 2773 442 2800 Η.
480 2772 512 2799 'l
529 2773 591 2801 Cor.
613 2781 663 2806 vn,
679 2773 726 2800 54.
764 2773 774 2788 ³
795 2772 890 2802 Matth.
905 2780 957 2800 ιιι.

1011 2773 1025 2800 l.
1063 2772 1075 2789 ⁸
1086 2771 1166 2800 Deest
1179 2773 1292 2808 aliquid.
1330 2774 1342 2790 '
1356 2774 1419 2803 Cor.
1435 2775 1592 2811 διελέγχειν.

202 2829 258 2865 (‘25)
294 2830 468 2865 Ὤριγιένους.
497 2828 652 2865 Proximum
687 2828 861 2865 Qrigenianis
893 2829 949 2860 τοῖς

168 2863 360 2901 αἰσχροποιοῐς
375 2866 464 2893 locum
487 2864 648 2900 Origenista‘.
671 2863 723 2892 sibi
743 2863 896 2896 vindicant,
914 2864 948 2890 ab

1001 2827 1118 2859 Origene
1139 2827 1198 2865 illo
1214 2827 1279 2865 dicti
1305 2828 1386 2865 cujus
1410 2836 1518 2858 errores
1537 2830 1726 2865 copiosissime
1752 2831 1783 2858 in-

1003 2866 1123 2890 sectatur
1152 2862 1345 2898 Epiphanius.’
1365 2863 1467 2892 llorum
1496 2862 1652 2901 θη1ω“ρι’;ο
1680 2866 1782 2893 caeteris
