1958 3050
193 153 259 181 1071

898 158 925 184 S.
947 157 1116 186 EPlPllANll

1742 164 1810 191 1072

191 218 244 238 non
264 210 426 245 permansit.
443 210 549 238 Etenim
563 211 598 239 ob
614 213 740 240 eximiam
761 214 934 240 sanrtitatem
951 222 956 239 4

1007 228 1014 245 λ
1029 215 1115 246 τέλος.
1130 215 1178 242 Διὰ
1193 215 1246 252 γὰρ
1261 216 1290 242 τὸ
1309 215 1474 251 ἐξοχώτατον
1487 218 1537 253 τῆς
1561 219 1703 254 ἁγιότητος
1728 221 1812 248 αὐτοῦ

188 255 381 287 eruditionem,
411 263 545 283 summam
566 261 607 284 est
626 257 652 283 in
665 257 795 284 invidiam
827 258 973 290 adductus,

188 307 273 334 eaque
299 308 342 328 res
369 302 545 336 magistratus
571 311 602 330 ac
634 304 774 338 prmfcctos
802 305 932 338 majorem
947 305 974 332 in

190 345 299 371 modum
317 345 400 372 acuit.
422 345 489 373 Ttiin
518 347 583 374 illud
611 355 675 374 vero
700 348 801 375 diaboli
827 349 974 376 calliditate

189 390 372 425 improbitatis
395 392 514 420 artiﬁces
537 394 683 420 commenti
703 399 778 426 sunt.
794 400 822 421 ut
841 395 875 422 ad
889 396 974 430 turpi-

187 435 290 462 tudinis
316 438 506 464 nccessitatem
542 438 680 465 hominem
709 440 860 475 adigerent,
891 445 972 476 atque

187 481 321 516 ejusmodi
341 490 447 517 pmnam
474 488 637 518 statuerent,
656 489 685 512 ut
714 485 747 512 ad
777 486 849 514 illius
863 488 972 522 corpori

186 531 311 561 stuprum
331 527 500 555 inferendum
521 527 678 563 [Ethiopem
705 535 905 565 compararent.
930 531 971 558 Ad

186 571 242 598 haec
255 571 386 606 Origenes
402 572 605 600 fraudulentum
623 574 688 600 illud
705 575 806 602 diaboli
824 576 970 604 consilium

185 625 241 644 non
259 619 411 650 sustinens,
443 626 536 646 vocem
564 620 636 646 illam
661 621 756 652 edidit,
783 630 836 656 qua
865 622 971 650 duobus

185 665 240 692 illis
257 665 415 700 propositis,
437 667 593 694 sacriﬁcare
609 667 713 694 maluit.
739 667 898 703 Quanquam
915 678 968 696 non

183 718 294 736 omnino
309 715 405 746 sponte
429 711 493 737 illml
510 719 559 738 sua
574 713 734 746 praestitinse
748 714 829 748 vulgo
845 714 946 741 dicitur
960 724 967 749 ;

183 756 230 784 sed
249 758 294 783 ubi
307 757 390 784 semel
409 758 458 784 hoc
474 765 503 785 se
521 766 583 785 esse
603 757 736 785 facturum
761 768 891 788 assensus
916 766 966 793 est,

181 802 245 829 thus
261 803 287 829 in
304 811 412 830 manum
429 803 503 830 illius
521 803 680 838 itnpositum
696 805 723 831 in
742 805 896 840 subjectum
913 813 968 833 ara:

181 850 270 876 focum
288 850 444 877 excussisse
458 851 572 885 gentiles
589 856 726 878 asserunt.
746 852 801 879 lloc
818 853 897 881 modo
910 858 937 882 ct
951 862 965 880 a

1026 263 1072 289 καὶ
1087 263 1135 297 τῆς
1146 263 1322 298 προπαιδείας
1333 264 1378 290 ἐπὶ
1393 264 1517 292 πλεῖστον
1529 265 1625 299 φθόνον
1637 266 1795 302 διεϐέϐλητο
1804 277 1810 282 ·

1025 309 1072 335 καὶ
1090 309 1189 343 μᾶλλον
1205 309 1285 336 τοῦτο
1307 309 1450 345 παρώξυνε
1468 311 1530 342 τοὺς
1552 311 1621 338 κατὰ
1641 312 1736 348 καιρὸν
1750 313 1811 339 τότε

1024 355 1072 391 τὴν
1084 355 1289 390 ὲξουσιαστικὴν
1304 356 1392 391 ἀρχὴν
1404 356 1556 388 διέποντας.
1570 358 1770 394 Κακομηχανίᾳ
1782 360 1811 386 δὲ

1023 400 1163 436 διαϐολικῇ
1183 401 1334 436 ἐπενόησαν
1348 402 1373 428 οἱ
1393 401 1442 437 τῆς
1455 403 1555 434 κακίας
1571 403 1685 438 ἐργάται
1698 404 1807 440 αἰσχρό-

1023 455 1092 481 τητα
1106 446 1146 481 τῷ
1175 447 1252 482 ἀνδρὶ
1271 447 1432 482 ἐπινοῆσαι,
1463 448 1509 474 καὶ
1525 449 1659 485 τιμωρίαν
1682 450 1810 485 τοιαύτην

1022 491 1120 527 ὁρίσαι,
1137 493 1176 524 εἰς
1195 493 1368 528 παράχρησιν
1388 493 1420 529 δὴ
1439 493 1486 520 τοῦ
1504 494 1587 521 αὐτοῦ
1610 495 1744 530 σώματος,
1760 497 1809 522 Αί-

1022 537 1103 564 θίοπα
1121 538 1194 573 αὑτῷ
1211 539 1428 574 παρασκευάσαι.
1449 540 1477 566 ’0
1488 540 1527 570 δὲ,
1543 540 1580 576 μὴ
1593 534 1683 576 φέρων
1698 541 1746 577 τὴν
1759 542 1809 576 τῆς

1021 582 1177 618 διαϐολικῆς
1194 583 1333 619 ἐνεργείας
1357 584 1495 615 ἐπίνοιαν,
1515 584 1613 620 ερρηξε
1632 585 1732 621 φωνὴν,
1753 586 1808 613 τῶν

1022 628 1184 663 ἀμφοτέρων
1208 628 1394 663 προτεθέντων
1418 629 1492 664 αὺτῷ
1516 630 1704 665 πραγμάτων,
1726 630 1806 657 θῦσαι

1023 673 1122 708 μᾶλλον
1137 673 1273 708 ἐλόμενος.
1295 674 1332 699 Οὐ
1347 674 1400 708 μὴν
1413 673 1440 700 δὲ
1459 674 1572 710 Excitat;
1589 674 1686 711 γνώμῃ
1707 675 1806 710 μᾶλλον

1019 717 1098 744 τοῦτο
1108 717 1276 749 ἐπετέλεσεν,
1289 718 1326 750 ὡς
1339 717 1420 748 πολὺς
1431 717 1522 753 ᾅδεται
1536 718 1628 752 λόγος’
1644 719 1700 745 ἀλλ’
1712 720 1804 755 ἐπειδὴ

1019 763 1088 795 ὅλως
1117 764 1329 800 καθωμολόγησε
1358 764 1438 790 τοῦτο
1465 765 1577 800 πρᾶξαι,
1607 765 1733 800 βαλόντες
1758 766 1805 792 ἐπὶ

1019 811 1097 846 χεῖρα
1110 809 1192 836 αὐτοῦ
1210 810 1328 842 λίϐανον,
1341 812 1380 842 εἰς
1393 810 1442 846 τὴν
1459 811 1505 837 τοῦ
1523 810 1615 846 βωμοῦ
1633 811 1722 846 πυρὰν
1737 812 1804 838 καϐ-

1019 857 1098 891 ῆκαν.
1116 856 1172 883 Καὶ
1187 856 1273 888 οὕτως
1288 856 1334 883 τοῦ
1349 857 1498 892 μαρτυρίου
1512 857 1565 883 ἀπὸ
1584 857 1638 883 τῶν
1653 857 1802 892 κρινάντων

180 896 305 931 martyrii
333 895 417 930 gloria
442 896 632 929 con[essoi'tini
675 901 890 933 martyrumque,
918 908 953 934 qu

1016 901 1189 937 ὁμολογητῶν
1207 911 1237 928 τε
1262 903 1308 928 καὶ
1336 901 1481 938 μαρτύρων
1501 901 1642 937 ἀπεϐλήθη
1662 902 1740 934 τότε,
1756 903 1802 929 καὶ

180 941 254 969 illius
270 942 438 976 temporibus
457 948 546 975 erant,
567 942 673 976 judicio
699 943 810 977 excidit,
827 946 901 972 etab
919 945 966 973 Ec-

178 987 261 1014 clesia
285 986 409 1021 dejectus
430 991 481 1014 cst.
505 988 610 1015 Accidit
636 988 687 1015 hoc
710 989 897 1024 Alexandriae;
918 991 964 1018 ubi

179 1039 242 1058 cum
257 1032 479 1067 exprobrantium
497 1033 613 1060 ludibria
626 1034 697 1061 ferre
711 1042 765 1062 non
781 1037 964 1069 posset,illinc

178 1078 255 1111 abiit,
272 1083 298 1105 et
313 1079 339 1105 in
362 1078 516 1111 Palaestina,
533 1080 590 1107 sive
603 1079 697 1108 Judtea
712 1081 879 1109 domicilium
899 1090 964 1110 con-

179 1125 276 1152 stituit.
294 1124 374 1152 Forte
391 1125 505 1160 contigit
530 1130 559 1152 ut
576 1125 793 1162 Hierosolymam
812 1127 962 1162 profectus,

179 1176 208 1198 ut
222 1174 280 1198 erat
302 1179 442 1199 sacrarum
469 1172 620 1200 litterarum
647 1173 772 1208 egregius
791 1179 817 1200 et
830 1174 963 1202 eruditis-

176 1219 263 1244 simus
278 1217 424 1252 interpres,
441 1218 475 1245 ab
493 1219 666 1246 sacerdotum
698 1219 813 1254 collegio
836 1220 909 1254 (nam
937 1227 963 1248 et

176 1263 233 1298 ipse
245 1284 252 1295 ,
272 1263 429 1298 priusquam
452 1264 628 1296 sacriﬁcaret.
642 1264 675 1292 ad
686 1264 830 1292 sacerdotii
847 1265 961 1300 gradum

174 1311 330 1344 pervenisse
345 1309 467 1345 dicitur),
492 1310 524 1337 ad
546 1311 627 1338 verba
645 1311 672 1337 in
697 1311 817 1338 Ecclesia
835 1310 959 1339 facienda

174 1355 378 1382 sollicitaretur.
407 1355 531 1391 Cumque
558 1356 593 1384 ab
617 1356 661 1388 iis,
679 1357 718 1384 uti
736 1357 804 1389 dixi,
821 1356 868 1392 qui
895 1362 959 1384 tunc

174 1402 371 1429 sacerdotalem
388 1402 415 1429 in
430 1402 551 1430 Ecclesia
568 1403 727 1438 dignitatem
747 1403 916 1435 obtinebant.
931 1405 957 1431 vi

175 1447 369 1481 propemodum
390 1448 423 1475 ad
447 1448 474 1475 id
492 1448 626 1483 agendum
654 1449 850 1484 impelleretur,
866 1450 911 1477 ille
930 1450 957 1476 in

173 1494 254 1529 pedes
267 1501 448 1529 consurgens,
467 1495 579 1529 reliquis
601 1494 726 1522 versibus
753 1495 956 1529 praetermissis,

210 1586 218 1600 ¹
228 1585 257 1613 F.
273 1585 500 1622 προτρεπομένων
514 1586 552 1612 δέ.

1016 947 1070 974 ἀπὸ
1092 948 1140 982 τῆς
1167 947 1330 981 Ἐκκλησίας
1358 947 1470 982 ὲξεώθη.
1499 948 1542 973 Ὲν
1565 947 1752 983 Ἀλεξανδρεία
1773 948 1801 974 δὲ

1015 991 1094 1017 τοῦτο
1108 991 1244 1023 ὑποστὰς,
1270 991 1317 1017 καὶ
1334 991 1370 1026 μὴ
1393 991 1541 1026 δυνάμενος
1553 990 1601 1026 τὴν
1627 991 1681 1017 τῶν
1705 991 1801 1017 ὀνειδεο

1016 1037 1116 1069 ζόντων
1137 1036 1236 1072 χλεύην
1260 1036 1363 1071 φέρειν,
1383 1036 1551 1071 ἀνεχώρησε,
1570 1037 1616 1064 καὶ
1637 1037 1685 1072 τὴν
1700 1037 1801 1064 Παλαι-

1017 1082 1119 1116 στίνην,
1140 1082 1262 1109 τουτέστι
1277 1083 1325 1118 τῆς
1345 1083 1476 1114 Ἰουδαίας
1489 1084 1626 1109 κατοικεῖν
1639 1084 1689 1118 γῆν
1704 1083 1799 1111 ens-ro.

1022 1127 1152 1154 Ἀνελοὼν
1167 1127 1232 1162 γοῦν
1245 1129 1284 1159 εἰς
1303 1128 1337 1154 τὰ
1357 1128 1544 1163 Ἰεροσόλυμα,
1562 1129 1607 1154 καὶ
1629 1129 1666 1160 ὡς
1681 1128 1801 1160 τοιοῦτος

1014 1172 1149 1208 ἐξηγητὴς
1163 1173 1208 1198 καὶ
1224 1173 1323 1206 λόγιος,
1336 1173 1519 1208 προετρέπετο
1530 1174 1582 1200 ἀπὸ
1596 1173 1642 1200 τοῦ
1656 1175 1798 1210 ίερατείου.

1013 1219 1080 1245 Φασὶ
1102 1218 1155 1254 γὰρ
1177 1219 1257 1245 αὑτὸν
1275 1219 1322 1245 καὶ
1344 1219 1541 1254 πρεσϐυτερίου
1563 1220 1745 1255 κατηξιῶιτθαι
1768 1221 1800 1247 τὸ

1013 1265 1095 1300 πρὶν,
1111 1264 1192 1300 πρινὴ
1209 1264 1256 1290 τοῦ
1277 1264 1367 1292 Θῦσαι.
1386 1266 1604 1300 Προτρεπόμενοι
1615 1267 1634 1297 ⁸,
1651 1266 1689 1298 ὼς
1712 1267 1780 1302 ἔφην
1791 1287 1798 1298 ,

1012 1311 1093 1339 αὑτὸν
1112 1311 1157 1338 ἐπὶ
1187 1311 1236 1346 τῆς
1257 1311 1418 1346 Ἐκκλησίας
1442 1312 1543 1342 εἰπεῖν,
1562 1312 1608 1337 καὶ
1630 1312 1713 1338 πολλὰ
1733 1321 1798 1339 κατ-

1012 1357 1223 1391 αναγωσάντων
1234 1355 1383 1392 τηνικαῦτα
1398 1357 1426 1382 ὲν
1438 1355 1632 1392 Ἰεροσολύμοις
1648 1358 1697 1392 τὴν
1715 1358 1795 1393 ἱερω-

1012 1403 1093 1438 σύνην
1113 1403 1161 1438 τῆς
1190 1403 1272 1437 ἁγίας
1303 1401 1463 1437 Ἑκκλησίας
1487 1402 1652 1434 διεπόντων,
1679 1403 1797 1435 ἀναστὰς

1010 1449 1056 1475 ἐπὶ
1077 1448 1160 1479 πόδας
1178 1448 1209 1475 τὸ
1226 1448 1307 1484 ῥητὸν
1333 1447 1412 1482 μόνον
1429 1446 1474 1474 τοῦ
1494 1446 1602 1482 ψαλμοῦ
1624 1448 1671 1475 τοῦ
1698 1458 1796 1476 τεσσα-

1012 1494 1143 1530 ρακοστοῦ
1165 1495 1260 1522 ἐνάτου
1276 1494 1379 1527 εἰπὼν,
1397 1493 1446 1529 τὴν
1462 1493 1551 1520 πᾶσαν
1566 1494 1709 1530 διαστολὴν
1727 1504 1798 1531 παρ-

171 1675 348 1715 niiiiit.Atqui
360 1683 409 1702 nos
417 1675 596 1710 Epiphanium
612 1675 785 1710 opponimus,
797 1683 852 1710 quo
867 1682 955 1715 neque
969 1678 989 1705 C
1007 1675 1086 1714 cujus
1100 1678 1243 1714 tantopere
1259 1673 1336 1715 illum
1351 1673 1514 1715 paenituisse
1528 1675 1642 1715 scirent.
1653 1682 1693 1715 _t_ie
1706 1675 1793 1715 homi-

169 1711 516 1745 antiquioremauctorem,
542 1718 629 1745 neque
649 1718 800 1745 gravrorem
815 1711 955 1745 requirere

169 1744 316 1778 debemus;
345 1746 390 1780 qui
418 1745 452 1772 de
474 1744 592 1779 Origene
610 1744 682 1772 velut.
706 1744 870 1780 cmnpertain
899 1753 953 1772 rem

169 1781 334 1815 minimeque
356 1779 467 1808 dubiam
499 1781 563 1807 illud
600 1781 687 1814 ipsum
715 1781 815 1807 retulit.
845 1779 873 1806 In
898 1788 953 1814 quo

169 1823 332 1851 magnopere
357 1815 560 1851 ponderandum
579 1815 649 1842 istud
675 1819 727 1847 est.
753 1815 860 1851 quoties
879 1815 954 1848 ejus—

169 1852 241 1878 modi
256 1851 356 1885 aiiquid
370 1850 495 1886 proponit
506 1850 682 1885 Epiphanius.
696 1851 768 1884 quod
780 1850 812 1877 ad
824 1850 951 1886 alicujus.

168 1887 249 1912 etiam
260 1885 378 1920 alioquin
389 1885 519 1916 haeretici,
530 1893 560 1912 ac
570 1886 665 1912 nefarii
676 1885 803 1916 hominis,
823 1885 951 1912 invidiam

169 1921 401 1956 ignominiamque
422 1921 558 1955 pertinet,
587 1920 625 1951 id,
640 1920 662 1948 si
677 1920 766 1947 dubiae
788 1920 952 1955 minimeque

169 1957 321 1983 constantis
335 1956 413 1983 inmte
429 1957 475 1986 sit,
491 1956 621 1982 nonnulla
639 1963 701 1982 cum
723 1956 898 1982 excusatione
920 1963 953 1982 ac

168 1991 318 2019 titubanter
338 1992 371 2018 ab
396 1992 441 2017 illo
460 1991 626 2026 signiﬁcari;
653 1995 733 2024 atque
751 1991 802 2017 hoc
824 1991 950 2026 inprimis

168 2026 270 2059 caveri,
288 2034 321 2053 ne
337 2026 439 2053 incerta
457 2025 736 2052 re’commemoranda
755 2030 855 2052 certam
870 2025 952 2053 alicui

170 2061 309 2088 infamiam
325 2069 356 2088 ac
379 2062 498 2088 dedecus
514 2062 651 2096 imponat.
664 2059 720 2086 lloe
735 2068 800 2087 vero
814 2061 874 2087 low
889 2062 951 2087 nul—

168 2096 222 2123 lam
245 2096 398 2123 istiusmodi
416 2097 568 2122 cautionem
591 2095 724 2126 adhibuit,
752 2096 810 2126 sed,
834 2103 895 2122 cum
917 2096 951 2123 de

167 2132 243 2166 lapsu
260 2136 287 2159 et
305 2133 404 2166 injecto
417 2132 494 2158 Ihure
506 2135 655 2159 constaret.
668 2131 717 2156 hoe
733 2138 815 2157 unum
827 2131 933 2165 excepit
942 2151 948 2161 ,

165 2167 237 2201 quod
253 2168 274 2193 si
287 2175 378 2193 verum
392 2171 444 2198 est,
455 2166 486 2193 ad
500 2166 695 2193 sublevandam
707 2166 852 2201 Origenem
865 2167 948 2198 valet,

166 2203 359 2229 nonnullorum
374 2201 471 2235 jactari
493 2201 676 2232 sermonibus,
699 2208 868 2235 nequaquam
886 2201 948 2228 Ori-

166 2245 260 2270 geriem
277 2238 363 2272 ipsum
381 2238 444 2264 thus
459 2236 621 2266 adolevisse.
636 2236 682 2263 sed
698 2243 759 2262 cum
777 2236 837 2270 ejus
857 2235 948 2270 digitis

165 2276 238 2299 esset
254 2272 419 2307 impositum,
438 2272 465 2298 in
485 2272 637 2307 subjectum
653 2278 707 2297 arte
725 2272 813 2297 focum
830 2278 844 2297 a
859 2272 948 2305 genti-

167 2307 238 2334 libus
254 2306 399 2334 exi-ussum
419 2307 512 2333 fuisse.
545 2306 622 2338 Quod
641 2306 722 2340 igitur
738 2306 764 2332 iu
781 2307 946 2333 sacriﬁcium

166 2350 198 2368 ac
213 2343 341 2376 majorem
365 2342 477 2369 sceleris
500 2346 603 2375 partem
619 2343 788 2368 consenserit
802 2341 945 2375 ()rio'enes.

166 2365 946 2411 adrogantiae?Epignmus:"aii-.15;"spissis;
963 2365 985 2392 υ

165 2412 217 2438 hoc
233 2414 266 2438 ab
284 2412 367 2438 invito
382 2412 486 2439 facinus
497 2412 619 2445 ejusdem
634 2419 715 2438 tuatui
730 2411 948 2438 administratun‘i

166 2447 258 2477 fuerit.
276 2448 300 2473 id
319 2455 382 2473 vero
395 2447 537 2474 dubitavit.
556 2447 652 2473 (Ξκιριῆ
665 2446 710 2480 qui
725 2449 765 2473 vcl
780 2447 949 2481 antiquiores

165 2482 335 2516 Epiphanio.
375 2483 415 2508 vel
443 2482 516 2509 illius
538 2482 668 2517 temporis
703 2489 834 2516 suppares
860 2487 947 2514 erant,

166 2522 264 2551 partim
276 2517 400 2551 Origenis
417 2525 509 2544 amore
524 2517 749 2548 dissimularunt,
767 2517 864 2550 partim
875 2518 948 2551 quod

166 2552 200 2579 ad
228 2561 283 2578 rem
306 2553 417 2578 minime
442 2553 560 2584 faceret,
593 2551 738 2579 scribendo
769 2553 948 2586 praetermise-

164 2591 238 2613 runt.
275 2588 362 2621 Atque
392 2587 523 2614 Eusebius
546 2587 671 2621 quidem,
703 2591 797 2621 utpote
821 2586 946 2621 Origenis

164 2623 323 2653 admirator,
348 2623 473 2649 consulto
491 2627 520 2648 ut
536 2622 684 2654 omitteret,
707 2622 805 2649 fecisse
824 2622 945 2655 videtur;

164 2664 226 2684 nam
243 2657 310 2684 nihil
326 2665 419 2684 eorum
442 2658 537 2689 Iacuit,
554 2666 614 2692 qua:
630 2657 662 2683 ad
685 2657 757 2684 illius
772 2657 947 2684 commenda—

164 2693 266 2719 tionem
276 2712 283 2723 .
299 2692 365 2719 nihil
380 2692 479 2723 attulit,
489 2693 561 2727 quod
576 2693 608 2719 ad
623 2692 795 2719 minuendam
803 2692 944 2720 existima-

164 2728 265 2754 tionem
283 2728 393 2755 valeret.
413 2727 519 2762 Reliqui
537 2731 591 2754 tam
607 2727 738 2759 fautores,
755 2735 836 2761 quani
850 2727 946 2754 adver-

163 2763 229 2789 sarii
240 2762 375 2798 Origeuis,
385 2771 446 2790 cum
458 2765 492 2790 de
504 2764 594 2798 impiis
607 2762 666 2797 ejus
678 2763 850 2797 dogmatibus
862 2767 944 2797 atque

162 2798 303 2833 erroribus
317 2798 343 2825 in
359 2804 495 2826 certamen
511 2798 777 2833 disputationemque
792 2799 940 2828 vertissent,

162 2831 242 2868 facile
257 2837 444 2868 contempsere
461 2831 569 2860 caetera.
596 2834 635 2860 Ae
652 2831 774 2868 prol'eeto
792 2833 825 2860 de
839 2841 871 2860 eo
887 2834 942 2859 cri-

161 2867 235 2895 mine
249 2868 323 2896 sileri
351 2867 374 2896 a,
390 2869 572 2897 sanctissimis
585 2867 850 2903 virisizequissimum
874 2868 941 2901 fuit,

1007 1710 1049 1736 nis
1068 1710 1204 1736 memoriae
1226 1709 1595 1745 insultare,obtrectarique
1619 1710 1686 1737 velle
1702 1712 1793 1745 potius

1005 1752 1086 1778 quam
1098 1752 1206 1771 errores
1217 1743 1349 1771 damnare
1359 1744 1527 1771 viderentur.
1540 1743 1577 1772 De
1590 1745 1662 1776 aliis.
1675 1743 1792 1780 quorum

1005 1780 1105 1813 scripta
1133 1787 1187 1806 non
1212 1783 1330 1810 exstant,
1354 1779 1532 1814 pronuntiare
1556 1780 1665 1808 nonnisi
1684 1779 1793 1808 temere

1005 1822 1162 1848 possumus.
1177 1815 1267 1841 Altera
1283 1814 1309 1840 in
1325 1813 1472 1841 Annalibus
1488 1814 1644 1848 conjectura
1661 1823 1714 1842 non
1732 1817 1792 1850 plus

981 1859 984 1862 ⁴
1003 1850 1136 1882 veritatis,
1148 1850 1240 1876 minus
1256 1849 1337 1876 etiam
1356 1849 1554 1884 probabilitatis
1568 1850 1660 1878 habet.
1688 1850 1791 1878 Falsis-

1004 1885 1101 1911 simum
1117 1886 1188 1911 enim
1206 1888 1247 1910 est
1261 1884 1391 1911 intextam
1408 1884 1477 1911 hanc
1495 1885 1647 1913 Epiphanio
1663 1886 1790 1913 laciniam

1003 1927 1074 1949 esse.
1098 1927 1159 1946 cum
1178 1926 1266 1953 neque
1289 1919 1322 1946 de
1339 1920 1409 1954 slylo
1433 1920 1491 1954 ipso
1506 1919 1623 1947 dubitari
1640 1921 1736 1955 pos>it.
1763 1925 1791 1948 et

1003 1955 1102 1989 quibus
1119 1955 1144 1980 id
1157 1954 1325 1989 argumentis
1340 1955 1464 1986 edicitur,
1478 1955 1546 1982 levia
1559 1955 1624 1988 sint,
1637 1957 1690 1982 imo
1702 1957 1787 1983 nulla.

1003 1990 1181 2024 Epiphanius,
1195 1990 1291 2024 inquit,
1306 1989 1374 2016 libro
1388 1989 1423 2016 De
1437 1991 1568 2017 mensuris
1582 1999 1613 2017 ac
1629 1991 1789 2023 ponderibus

1001 2025 1080 2060 plane
1092 2026 1228 2052 contraria
1241 2024 1340 2051 docuit.
1359 2025 1459 2051 Scribit
1468 2026 1540 2052 enim
1553 2034 1558 2050 :
1570 2025 1710 2052 Floruisse
1727 2026 1789 2053 Uri-

1000 2068 1089 2095 genem
1104 2068 1120 2086 a
1137 2060 1296 2094 temporibus
1312 2060 1382 2086 Decii
1395 2068 1475 2094 usque
1491 2060 1525 2086 ad
1544 2060 1649 2087 Gallum
1667 2067 1690 2087 et
1710 2061 1789 2088 l’olu-

1001 2096 1117 2122 sianum.
1136 2095 1185 2122 Ubi
1203 2103 1264 2126 xox,
1281 2095 1381 2130 ﬂoruit,
1397 2102 1450 2121 non
1464 2095 1532 2122 idem
1548 2101 1589 2123 est
1603 2103 1634 2122 ac
1652 2096 1725 2124 via‘il.
1740 2097 1789 2124 sed

1000 2131 1170 2165 splendorem
1187 2138 1220 2158 ex
1237 2130 1362 2166 doctrina
1380 2131 1523 2164 quaasitum
1540 2130 1685 2166 signiﬁcat.
1708 2132 1748 2158 Ac
1762 2133 1786 2159 si

1001 2170 1057 2192 tum
1075 2166 1168 2200 lapsus
1186 2172 1257 2192 esset
1273 2165 1415 2200 Origenes.
1432 2174 1487 2192 non
1509 2165 1583 2192 illum
1606 2166 1730 2194 ﬂoruisse
1745 2167 1788 2194 di-

1000 2204 1073 2228 ceret
1091 2200 1269 2235 Epiphanius.
1288 2201 1391 2236 rVerum
1407 2200 1541 2235 ἀκμάζειν
1556 2207 1583 2228 et
1604 2201 1698 2235 ﬂorere
1713 2203 1786 2236 apud

1000 2236 1181 2272 clironologos
1192 2235 1259 2262 nihil
1270 2235 1340 2261 aliud
1350 2239 1489 2270 est,quam
1499 2236 1685 2263 commendari
1695 2240 1785 2272 Vulgo,

998 2275 1026 2298 et
1040 2272 1066 2297 in
1083 2271 1174 2305 aliqua
1190 2275 1301 2306 propter
1323 2271 1502 2306 eruditionem
1527 2275 1574 2297 aut
1594 2271 1720 2298 virtutem
1737 2271 1787 2299 no-

1000 2306 1081 2333 minis
1098 2305 1222 2332 claritate
1236 2306 1350 2332 versari.
1367 2305 1443 2332 lianc
1456 2313 1522 2333 vero
1535 2308 1668 2333 uoctrime
1684 2306 1784 2334 famam

1001 2349 1032 2367 ac
1050 2341 1221 2375 splendoretn
1236 2340 1346 2374 Origeni
1361 2349 1449 2375 neque
1468 2342 1543 2375 prior
1560 2342 1605 2367 illa
1623 2342 1786 2370 idololatria:

1000 2377 1088 2410 culpa,
1107 2384 1188 2410 quam
1213 2376 1371 2409 pmniteutia
1393 2377 1520 2406 diluerat.
1541 2377 1647 2410 eripere
1670 2377 1784 2411 debuit;

999 2419 1086 2446 neque
1103 2411 1238 2445 posterior
1254 2415 1294 2437 tot
1308 2419 1339 2437 ac
1360 2415 1415 2437 tam
1433 2411 1622 2445 multiplicium
1639 2411 1784 2439 hmresiutn

999 2446 1110 2473 infantia
1129 2446 1216 2480 potuit
1230 2446 1393 2480 opprimere.
1411 2446 1512 2472 Deinde
1527 2447 1594 2473 l‘also
1609 2446 1717 2473 Decium
1735 2455 1785 2481 pro

998 2482 1099 2508 Severo
1119 2482 1163 2508 hic
1181 2485 1339 2516 usurpatum
1354 2483 1388 2507 ab
1406 2481 1556 2516 Epiphanio
1574 2483 1652 2516 paulo
1663 2486 1725 2509 ante
1734 2483 1785 2508 do-

997 2517 1113 2543 cuimus.
1131 2515 1286 2543 Secundum
1302 2516 1357 2543 haec
1370 2517 1539 2552 Augustinus
1552 2515 1631 2544 nobis
1643 2517 1782 2551 objicitur,

996 2553 1042 2586 qui
1060 2559 1122 2578 cum
1137 2552 1170 2578 de
1185 2552 1300 2586 Origene
1318 2553 1409 2578 omnia
1432 2552 1468 2578 sit
1493 2560 1526 2579 ex
1551 2552 1704 2586 Epiphanio
1720 2561 1782 2579 inti--

997 2591 1100 2616 tuatus.
1122 2587 1156 2614 de
1183 2586 1343 2620 turpissimo
1369 2587 1417 2613 illo
1439 2587 1516 2621 lapstt
1541 2589 1652 2614 vctbum
1677 2588 1782 2615 nullum

996 2622 1122 2656 aspersit.
1141 2622 1193 2649 Sed
1208 2626 1298 2648 utrum
1312 2622 1364 2649 hoc
1374 2622 1654 2657 EpiphaniiAdversus
1670 2623 1782 2649 Iiwreses

997 2657 1164 2684 luculentum
1176 2664 1245 2692 opus
1254 2658 1287 2684 ab
1296 2659 1448 2692 Augustino
1461 2658 1559 2684 lectum
1571 2659 1661 2690 fuerit,
1672 2664 1783 2693 propter

995 2700 1042 2718 eas
1053 2700 1150 2720 causas
1162 2692 1279 2719 dubitari
1295 2698 1391 2727 potest,
1406 2701 1466 2727 quae
1478 2694 1504 2719 in
1517 2692 1686 2728 prmi‘atione,
1698 2702 1781 2728 quam

996 2728 1070 2761 operi
1091 2728 1143 2762 ipsi
1164 2729 1338 2762 prteliximus.
1363 2729 1395 2755 ad
1413 2730 1541 2755 lectorem
1565 2729 1689 2762 pluribus
1716 2734 1782 2755 sunt

995 2769 1010 2788 a
1027 2762 1106 2789 nobis
1119 2765 1257 2797 expositae.
1279 2762 1390 2790 Frustra
1408 2764 1500 2798 igitur,
1528 2769 1556 2790 ut
1571 2763 1680 2798 quidem
1697 2771 1782 2798 appa-

995 2802 1045 2829 ret,
1062 2798 1209 2825 sullicitata
1232 2803 1274 2825 est
1292 2799 1318 2825 in
1345 2801 1489 2826 annalibus
1515 2800 1681 2825 narrationis
1708 2800 1781 2826 illius

993 2833 1127 2867 istiusque
1143 2834 1194 2861 loci
1219 2833 1295 2865 ﬁdes.
1313 2842 1374 2860 cum
1390 2835 1462 2860 nulla
1483 2834 1516 2861 ad
1538 2842 1597 2861 eam
1614 2833 1782 2861 labefactan-

993 2870 1055 2894 dam
1071 2868 1138 2896 satis
1153 2869 1230 2896 ﬁrma
1246 2870 1314 2896 ratio
1328 2870 1363 2897 sit
1379 2870 1469 2896 allata.
