1958 3050
148 152 216 179 1075

498 150 683 178 ADVERSUS
701 149 870 177 IlA-LRESES
891 149 955 177 LIB.
974 149 1005 176 ll.
1023 150 1105 177 ’l‘OM.
1127 150 1185 178 l.—
1205 151 1340 180 HERES.
1362 150 1452 178 LXIV.

1701 150 1768 178 10Ἵῶ

147 210 242 241 ἐλθὼν.
255 210 292 242 ὡς
310 210 382 244 λέγει
407 211 421 236 ὁ
436 210 553 245 ψαλμὺς,
569 209 610 242 Τῷ
626 210 660 236 δὲ
672 208 834 244 ἁμαρτωλῷ
849 206 930 236 εἶπεν

985 213 1131 244 postquam
1158 209 1230 237 hunc
1262 218 1347 237 unum
1380 217 1394 237 e
1419 209 1524 244 psalmo
1557 207 1768 243 quadragesimo

147 257 164 282 ὀ
178 258 249 289 Θεός
260 265 266 271 ·
286 257 349 283 Ἵνα
367 257 396 283 τι
413 256 453 283 σὺ
469 255 594 291 ὲκδιηγῇ
614 256 650 283 τὰ
665 255 845 290 δικαιώματά
863 264 933 290 μου,

146 302 197 328 καὶ
212 302 433 336 ἁναὶημϐάνεις
446 302 502 335 τὴν
522 302 669 336 διαθήκην
683 311 742 336 μου
761 302 809 328 διὰ
825 302 935 336 στεῇιια-

146 350 196 381 τός
211 356 289 380 a’ov;
304 349 406 381 πτύξας
413 348 443 375 τὸ
459 348 559 383 βιϐλίον
576 349 722 380 ἐπέδωκεν,
737 348 847 375 ἐκάθισε
866 348 935 383 μετὰ

146 394 284 429 κλαυθμοῦ
315 395 362 421 καὶ
388 394 532 430 δακρύων,
559 395 667 421 πάντων
690 394 758 429 ὁμοῦ
786 395 834 421 σὺν
860 395 935 430 αὐτῷ

148 439 306 467 κλαιόντων.

181 486 219 512 I".
241 487 295 513 Καὶ
315 485 385 521 μετὰ
407 487 501 522 χρόνον
525 487 690 513 ἅπεντεῦθεν
705 488 934 523 προτρεπομένων

147 532 227 558 αὑτὸν
248 532 370 565 πολλῶν,
392 534 438 560 καὶ
464 533 670 567 ἀναγκαζόντων
684 555 691 566 ,
707 533 861 569 ’Δμὸροσίῳ
882 534 934 561 τινὶ

147 578 283 613 συντυχὼν
298 579 351 604 τῶν
367 579 504 613 διαφανῶν
518 581 547 607 ὲν
561 580 654 612 αὐλαῖς
681 580 831 615 βασιλικαῖς
847 580 934 615 (τινὲς

145 623 173 652 δὲ
195 627 290 653 τοῦτον
313 625 358 654 τὸν
385 626 546 662 Ἂμϐρόσιον
566 625 670 661 ἔφασαν
692 627 717 653 οἱ
738 626 787 661 μὲν
803 626 934 661 Μαρκιω-

145 673 250 707 νιστὴν,
278 673 302 698 οἱ
326 673 354 698 δὲ
385 671 593 707 Σαδελλιανόν)’
625 672 763 707 κατήχησε
793 671 858 705 γοῦν
888 671 933 697 τὸν

145 718 225 744 αὑτὸν
250 718 304 745 ἀπὸ
324 718 373 753 τῆς
390 718 521 753 αἱρέσεως
546 718 676 749 ἐκκλῖναι,
696 717 743 744 καὶ
767 717 934 752 ἀναθεματί-

146 773 206 797 σαι,
240 765 288 791 καὶ
318 764 368 800 τὴν
414 765 505 791 πίστιν
549 763 729 796 ἀναλέξασθαι
769 764 819 798 τῆς
854 763 934 797 ἁγίας

144 810 212 837 Θεοῦ
240 811 413 846 Ἐκκλησίας.
434 811 463 836 'O
485 811 514 837 δὲ
537 809 734 845 προειρημένος
755 809 932 844 Ἀμῧρόσιος,

144 857 237 892 ἐπειδὴ
265 858 318 884 ἀπὸ
349 857 448 892 πολλῆς
479 857 609 892 αἱρέσεως
639 855 763 891 ὑπῆρχε,
794 856 839 882 καὶ
864 856 933 892 ἀνὴρ

143 903 232 937 λόγιος
255 904 300 930 καὶ
332 903 474 934 σπουδαῖος
502 902 566 938 περὶ
591 903 641 934 τὰς
666 901 740 934 θείας
767 901 933 936 ἀναγνώσεις

144 949 198 975 τῶν
214 949 293 975 θείων
317 949 449 984 Γραφῶν,
464 948 508 975 διὰ
528 948 576 983 τὴν
595 948 624 973 ἐν
645 949 705 979 ταῖς
727 947 811 978 θείαις
832 947 932 982 βίϐλοις

146 993 284 1029 βαθύτητα
297 993 351 1020 τῶν
365 993 518 1029 νοημάτων,
530 993 630 1027 ἠξίωσε
643 993 688 1019 τὸν
699 992 780 1019 αὐτὸν
791 993 933 1028 Ὠριγένην

145 1041 247 1076 φράσαι
270 1040 353 1075 αὐτῷ.
382 1040 410 1066 ’0
436 1040 465 1066 δὲ
491 1040 651 1075 βουλόμενος
675 1041 716 1072 εἰς
738 1039 842 1066 ἐκείνου
873 1039 931 1074 (28)

145 1086 266 1121 καθῆκον
282 1086 329 1112 καὶ
349 1085 507 1121 προτροπὴν
522 1085 613 1121 πάσης
638 1085 758 1120 Γραφῆς,
774 1085 812 1117 ὡς
834 1086 930 1117 εἰπεῖν,

144 1132 280 1168 ἑρμηνεὺς
291 1131 416 1166 γενέσθαι
434 1132 481 1158 καὶ
502 1131 697 1167 ἐξηγήσασθαι,
716 1131 861 1167 ἐπετήδευε
885 1131 932 1158 καὶ

144 1178 174 1205 ἐν
190 1179 222 1213 τῇ
237 1178 318 1214 Τύρῳ
332 1177 382 1213 τῆς
397 1178 532 1213 Φοινίκης,
545 1178 582 1210 ὡς
601 1177 678 1212 λόγος
691 1177 759 1214 ἔχει,
774 1177 933 1205 εἰκοσιοκτὼ

144 1223 191 1258 ἔτη
203 1224 325 1260 πολιτείᾳ
344 1224 392 1259 μὲν
413 1223 631 1260 ὑπερϐαλλούσῃ,
649 1224 695 1250 καὶ
711 1225 803 1259 σχολῇ,
819 1225 865 1250 καὶ
881 1232 932 1251 κα-

146 1271 234 1306 μάτῳ,
249 1270 296 1297 τοῦ
313 1271 362 1305 μὲν
380 1269 544 1306 Ἀμδροσίου
558 1269 592 1296 τὰ
605 1270 673 1306 πρὸς
686 1270 788 1306 τροφὴν
802 1269 875 1305 αὐτῷ
890 1279 932 1303 τε,

144 1317 192 1343 καὶ
215 1319 272 1348 τοῖς
299 1317 479 1352 ὀξυγράφοις,
507 1318 554 1344 καὶ
581 1318 637 1348 τοῖς
655 1316 837 1353 ὑπηρετοῦσιν
858 1316 933 1352 αὐτῷ

144 1361 337 1397 ἐπαρκοῦντας,
359 1361 463 1397 χάρτην
475 1370 505 1388 τε
523 1362 570 1388 καὶ
587 1362 621 1389 τὰ
642 1361 708 1388 ἄλλα
720 1362 774 1388 τῶν
790 1362 934 1397 ἀναλωμά-

143 1414 207 1437 των,
221 1406 268 1432 καὶ
280 1405 328 1432 τοῦ
349 1406 501 1441 Ὠριγένους
513 1406 542 1433 ἐν
558 1415 587 1433 τε
606 1407 771 1442 ἀγρυπνίαις
786 1408 833 1434 καὶ
850 1408 931 1443 σχολῇ

146 1451 263 1488 μεγίστῃ
276 1451 320 1477 τὸν
335 1452 456 1486 κάματον
470 1452 516 1479 τὸν
531 1453 595 1488 περὶ
612 1453 663 1487 τῆς
681 1453 790 1488 Γραφῆς
809 1453 932 1480 διανὺον-

144 1505 198 1529 τος.
208 1497 288 1524 Ὅθεν
299 1499 331 1524 τὸ
344 1499 451 1533 πρῶτον
466 1498 547 1525 αὑτοῦ
563 1499 762 1535 ὲπιμελῶς(29)
776 1500 933 1535 ἐφιλοτιμή-

145 1551 210 1570 σατο
226 1546 388 1578 συναγαγεῖν
404 1544 458 1571 τῶν
469 1545 498 1577 ἒξ
515 1546 680 1581 ὲρμηνειῶν,
695 1546 805 1578 Ἀκύλα,
819 1547 933 1582 Συμμά-
946 1561 967 1590 C

143 1597 203 1624 χου,
216 1589 269 1616 τῶν
284 1598 312 1616 τε
331 1590 588 1625 Ἑϐδομηκονταδύο,
600 1591 645 1618 καὶ
657 1591 844 1623 θεοδοτίωνος,
860 1592 932 1627 Πέμ-

144 1642 214 1670 πτης
236 1644 278 1667 τε,
305 1636 352 1662 καὶ
368 1635 470 1671 Ἕκτης
496 1636 639 1668 ἐκδόσεως,
658 1637 727 1672 μετὰ
755 1637 932 1673 παραθέσεως

143 1680 262 1716 ἑκάστης
291 1681 390 1714 λέξεως
409 1681 572 1717 Ἐὃραϊκῆς,
599 1683 646 1709 καὶ
672 1683 761 1709 αὐτῶν
787 1683 854 1718 ὁμοῦ
878 1682 932 1709 τῶν

144 1727 282 1762 στοιχείων
293 1736 300 1741 ·
315 1728 347 1753 ἐκ
360 1727 531 1763 παραλλήλου
543 1729 572 1755 δὲ
582 1728 710 1764 ἄντικρυς
721 1729 834 1765 δευτέρᾳ
849 1729 930 1756 σελίδι

143 1772 284 1809 χρώμενος
312 1775 382 1800 κατὰ
396 1773 519 1800 σύνθεσιν
545 1774 692 1810 Ἐϐραῑκὴν
713 1775 762 1810 μὲν
780 1777 813 1811 τῇ
839 1775 928 1808 λέξει,

149 1819 295 1855 Ἑλληνικῷ
311 1819 339 1845 δὲ
356 1819 395 1855 τῷ
410 1821 572 1856 γράμματι,
588 1821 684 1856 ἑτέραν
698 1821 778 1848 πάλιν
797 1822 930 1857 πεποίηκε

143 1865 276 1891 σύνθεσιν.

180 1945 186 1959 ¹
205 1943 276 1971 Psal.
290 1944 421 1977 thx,16.

180 2020 236 2056 (‘28)
257 2022 283 2048 Ὁ
301 2022 334 2047 δὲ
346 2021 536 2055 ,Βουλόμενος
552 2021 595 2053 εὶς
610 2020 738 2056 ἐκείνου.
756 2019 874 2056 Vulgata
889 2024 932 2056 est

143 2056 256 2083 historia
280 2057 323 2083 illa
346 2057 379 2084 de
401 2064 509 2083 seressu
533 2056 624 2090 'l‘yrio,
649 2055 737 2089 deque
750 2055 785 2082 ‘28
799 2055 878 2082 antiis
895 2055 930 2081 ibi

144 2093 290 2118 transactis
312 2093 345 2117 ab
364 2092 490 2126 Origene.
513 2099 575 2117 cum
591 2098 684 2118 sacros
712 2090 821 2117 codices
845 2090 930 2126 inter—

144 2131 306 2160 pretaretur.
327 2125 463 2159 Quam'ex
479 2127 530 2153 hoc
547 2125 688 2161 Epipbanii
704 2125 774 2156 loco,
790 2130 821 2161 et
833 2133 865 2152 ex
881 2125 928 2151 Lb.

144 2159 182 2188 De
194 2162 272 2195 pond.
285 2171 316 2188 ac
327 2170 408 2188 mens.
426 2159 585 2195 chrunologi
598 2159 686 2196 atque
701 2159 824 2188 historici
839 2164 930 2196 trans-

145 2198 275 2224 tulerunt.
292 2197 343 2224 Sed
360 2197 416 2223 haec
432 2197 529 2223 vellem
547 2196 591 2223 isli
609 2195 765 2223 accuratius
783 2195 928 2230 expendis-

143 2236 215 2264 sent,
231 2240 262 2258 ac
278 2240 339 2259 cum
353 2232 438 2267 gestis
450 2230 586 2266 Origenis,
599 2235 626 2258 et
640 2231 749 2258 Eusebii
760 2231 807 2257 lib.
823 2238 849 2267 v_I
861 2238 927 2267 con—

144 2268 280 2294 tulissent.
299 2265 441 2294 Non‘enini
458 2267 616 2293 dubitamus
642 2267 708 2301 quin
736 2273 811 2292 mera
836 2265 926 2291 fabula

143 2303 179 2329 sit
189 2323 196 2333 .
217 2303 298 2337 idque
310 2302 393 2329 certis
408 2306 489 2336 atque
502 2301 671 2337 evulentibus
682 2301 849 2337 argumentis
865 2307 928 2334 pos-

144 2338 181 2364 sit
195 2335 312 2364 ostendi.
331 2337 397 2364 Nam
417 2338 473 2363 lucc
490 2337 516 2363 in
534 2335 634 2371 Tyrum
653 2335 785 2371 proféelio
802 2337 929 2370 contigit,

144 2378 173 2399 ut
189 2376 306 2399 testatur
326 2372 504 2407 Epiphanius,
522 2376 582 2406 post
595 2371 721 2406 Origenis
734 2372 853 2407 lapsum,
866 2379 927 2397 cum

143 2408 197 2442 iam
217 2409 359 2443 presbyter
379 2407 521 2434 ordinatus
540 2411 624 2433 esset.
639 2442 643 2443 ν
659 2407 718 2433 Non
734 2406 805 2443 illud
815 2406 871 2443 jam
887 2414 930 2443 re:

144 2441 223 2478 pcto,
255 2441 381 2478 Uri-genis
411 2443 593 2468 calamitatem
620 2442 705 2469 videri
725 2449 761 2478 rex
786 2441 930 2478 Epiphanii

143 2477 232 2505 mente
256 2477 312 2504 sub
332 2478 413 2505 Decio
433 2477 628 2508 eollocandam,
654 2477 747 2512 paucis
771 2481 833 2503 ante
856 2477 929 2512 illius

142 2514 245 2539 obitunt
262 2514 351 2540 annis.
380 2512 525 2547 Fingamus
545 2513 590 2538 diu
607 2511 670 2539 ante
685 2512 843 2546 contigisse.
870 2511 929 2538 Duo

142 2556 174 2574 ex
193 2548 309 2574 Eusebio
324 2553 396 2574 certa
412 2552 475 2574 sunt
489 2557 495 2574 :
529 2547 672 2582 Origenem
684 2556 716 2574 eo
733 2550 854 2582 tempore
869 2555 929 2581 pre-

142 2583 282 2618 sbyterum
298 2585 427 2611 Ctesarea:
440 2591 500 2610 esse
525 2582 636 2614 factum,
662 2590 716 2617 quo
732 2582 850 2609 Zebinus
866 2582 929 2608 Phi-

143 2617 196 2645 leto
210 2623 317 2645 mortuo
333 2619 531 2645 Antiochenam
553 2619 643 2644 sedent
664 2618 791 2649 obtinuit,
815 2625 877 2644 eum
900 2617 929 2644 in

142 2653 272 2680 Gratciani
294 2662 340 2688 per
355 2654 528 2680 Palaestinam
544 2654 595 2680 iter
613 2653 721 2683 faceret,
738 2652 811 2687 quod
829 2652 875 2679 lib.
891 2661 927 2685 v1,

142 2696 202 2722 cap.
214 2689 258 2720 17,
268 2687 371 2716 narrat.
388 2689 451 2715 Item
464 2693 524 2723 post
533 2696 632 2723 annum
640 2688 785 2714 Alexandri
793 2687 926 2714 decimum

142 2724 292 2761 Caesaream
307 2759 312 2761 _
325 2722 522 2761 profugit-ptem
533 2759 538 2761 ἒ
551 2722 649 2761 ibidem
674 2723 776 2761 diutius
793 2723 926 2761 Jitesisse.

143 2759 219 2793 Apud
234 2757 380 2786 Eusebium
397 2757 422 2785 in
439 2758 568 2786 Chronico
580 2757 705 2785 Zebcnus
718 2763 779 2793 post
793 2757 927 2784 Philctum

143 2795 330 2822 Antiochentts
354 2795 499 2828 episcopus
518 2794 605 2820 factus
619 2798 670 2823 est.
697 2801 769 2820 attito
781 2793 927 2820 Alexandri

143 2837 187 2860 \tl,
200 2831 245 2863 qui
261 2829 485 2859 estClii'isti228.
497 2836 558 2855 cum
570 2829 699 2863 Origenes
717 2836 818 2854 anluun
836 2832 929 2862 ageret

143 2871 215 2890 xuu.
252 2866 347 2891 Annus
368 2872 433 2891 vero
454 2864 577 2890 decimus
594 2863 750 2892 Alexandri.
769 2863 870 2889 Christi
887 2868 928 2890 est

142 2899 202 2931 251,
215 2899 339 2935 Origenis
351 2907 410 2927 uri
423 2908 430 2932 ;
444 2907 458 2926 a
472 2907 526 2934 quo
544 2901 576 2927 ad
588 2899 648 2934 ejus
665 2899 779 2930 obitum,
795 2899 841 2933 qui
857 2907 928 2925 anno

986 262 1058 281 nono
1073 255 1162 281 locum
1178 255 1330 282 attulisset:
1344 253 1479 281 Peccatori
1494 259 1581 281 autem
1594 253 1663 280 dixit
1679 252 1749 281 Deut
1760 261 1770 280 :

987 300 1075 333 Quare
1088 306 1116 327 tu
1129 309 1240 328 enarra:
1252 301 1375 336 jttstilt'as
1396 309 1477 334 nicas,
1502 305 1526 327 et
1556 300 1670 327 assumis
1691 304 1772 327 testa-

986 352 1099 374 mentum
1115 356 1200 374 meum
1219 356 1264 382 per
1278 356 1307 374 os
1323 352 1396 373 tuum
1414 346 1443 373 ’?
1459 346 1650 381 complicatum
1672 345 1771 372 librum

986 393 1116 426 reddidit,
1136 394 1259 428 flensque
1285 396 1312 420 et
1338 393 1493 428 lacrymans
1516 391 1627 423 resedit,
1645 390 1772 419 ﬂentibus

986 447 1046 466 cuin
1063 447 1096 466 eo
1116 439 1161 474 qui
1181 439 1295 466 aderant
1310 438 1457 466 universis.

1022 486 1064 513 lll.
1085 487 1208 514 Posthtec
1226 486 1318 513 multis
1333 485 1517 517 hortantibus,
1534 484 1588 511 imo
1600 483 1772 519 cogentibus.

986 533 1305 566 clAmbrosiicujusdam
1319 531 1370 558 viri
1393 531 1474 566 526
1485 531 1555 557 inter
1567 530 1703 565 palatinos
1719 529 1775 564 pri-

986 580 1064 606 marii
1095 579 1283 606 familiaritate
1313 587 1379 606 usus
1407 580 1502 612 (quem
1520 576 1645 604 nonnulli
1660 575 1777 602 Marcio-

985 627 1094 657 nistam,
1120 626 1164 652 alii
1196 625 1378 652 Sabelliannm
1398 623 1483 650 fuisse
1508 621 1691 655 memorant),
1709 620 1775 648 huic

985 671 1049 706 ipsi,
1069 676 1098 698 ut
1117 671 1242 698 haeresim
1258 670 1378 704 ejuraret
1398 677 1430 696 ac
1447 668 1601 700 damnaret,
1628 671 1709 702 atque
1723 665 1775 693 Ec-

985 718 1077 745 clesia:
1095 717 1238 744 catholicae
1251 716 1331 743 fidem
1346 715 1567 750 amplecteretur,
1581 717 1677 741 auctor
1691 713 1774 740 exsti-

984 764 1030 790 tit.
1047 763 1209 790 Ambrosius
1224 770 1300 794 vero,
1326 769 1388 788 cmn
1411 761 1439 788 in
1461 761 1586 788 haeresim
1611 765 1774 793 magnopere

985 810 1141 845 implicatus
1165 809 1300 836 hactenus
1318 808 1423 838 fuisset.
1446 811 1472 834 et
1486 806 1611 834 eruditus
1623 805 1724 840 alioqui
1742 811 1774 832 ac

985 857 1141 883 divinarum
1171 855 1323 882 litterarum
1353 854 1489 888 imprimis
1521 852 1662 880 studiosus
1689 854 1772 882 esset,

949 886 971 916 Β
988 906 1098 936 propter
1112 901 1324 931 sententiarum.
1337 908 1396 935 qua:
1411 899 1508 927 iisdem
1520 899 1607 926 sacris
1630 898 1773 925 codicibus

983 948 1171 979 continentur,
1187 946 1416 982 profunditatem,
1437 945 1471 973 ab
1486 945 1600 981 Origene
1612 943 1772 980 pOstulavit,

985 999 1015 1021 ut
1029 1002 1060 1021 ea
1078 993 1130 1021 sibi
1151 993 1376 1028 interpretatione
1402 999 1451 1020 sua
1471 991 1646 1027 patefaceret.
1670 989 1721 1023 Qui
1744 993 1773 1017 ut

984 1040 1104 1067 hortanti
1118 1039 1271 1071 Ambrosio.
1290 1046 1339 1074 pro
1364 1046 1397 1066 eo
1420 1041 1501 1073 atque
1529 1037 1567 1064 illi
1593 1035 1772 1071 congruebat,

986 1086 1170 1118 satisfaceret,
1188 1085 1344 1112 universam
1365 1083 1535 1119 Scripturam
1548 1083 1773 1118 interpretatione

984 1141 1033 1160 sua
1054 1137 1080 1160 et
1096 1132 1268 1167 expositione
1289 1131 1429 1159 declarare
1456 1131 1584 1159 instituit.
1600 1129 1774 1165 Proindeque

983 1179 1012 1205 in
1042 1178 1110 1206 urbe
1134 1177 1218 1214 Tyro,
1240 1185 1301 1213 qua:
1329 1177 1476 1205 Phtenicize
1503 1180 1560 1209 est,
1587 1176 1682 1212 viginti
1711 1180 1774 1204 octo

984 1232 1071 1252 annos
1094 1224 1235 1252 excellenti
1257 1223 1374 1259 quadam
1401 1223 1463 1250 vita:
1481 1223 1585 1250 ratione
1607 1223 1633 1250 in
1660 1222 1717 1250 otio
1741 1230 1773 1249 ac

983 1270 1186 1298 conunentandi
1204 1270 1297 1298 labore
1317 1269 1469 1304 transegit;
1484 1276 1546 1296 cum
1570 1275 1596 1296 et
1611 1268 1773 1296 Ambrosius

984 1324 1044 1352 qua:
1071 1316 1104 1343 ad
1137 1315 1263 1343 alendum
1297 1316 1386 1351 ipsum
1418 1323 1471 1342 una
1503 1323 1564 1342 eum
1593 1314 1723 1345 librariis.
1741 1320 1772 1341 ac

984 1362 1088 1390 caeteris
1106 1361 1276 1389 administris
1305 1361 1460 1388 necessaria
1499 1365 1594 1392 erant,
1618 1367 1722 1387 necnon
1745 1362 1772 1386 et

985 1410 1108 1436 chartam
1124 1415 1156 1435 ac
1169 1408 1290 1443 reliquos
1301 1412 1426 1442 sumptus
1438 1407 1553 1442 benigne
1565 1407 1750 1442 suppeditaret
1762 1427 1771 1440 .

984 1460 1011 1482 et
1026 1454 1159 1489 Origenes
1179 1454 1284 1489 magnis
1312 1453 1411 1489 vigiliis
1434 1453 1591 1487 ingentique
1618 1453 1674 1480 otio
1698 1453 1772 1480 hunc

984 1500 1144 1528 enarranda}
1171 1499 1322 1535 Scriptura:
1337 1499 1458 1527 laborem
1473 1503 1696 1534 proscqueretur.
1709 1498 1771 1542 Pri:

984 1556 1058 1575 nium
1074 1547 1097 1574 ei
1116 1547 1236 1574 studium
1257 1545 1306 1572 fuit
1323 1554 1371 1573 sex
1388 1545 1416 1572 in
1435 1553 1518 1572 unum
1531 1545 1772 1580 interpretationes

986 1592 1127 1619 conferre:
1140 1592 1255 1627 Aquilae,
1271 1591 1438 1627 Symmachi,
1453 1590 1629 1626 Septuaginta
1642 1591 1770 1624 duorum,

987 1637 1194 1670 Tlieodotionis,
1210 1645 1263 1664 una
1283 1645 1346 1663 cum
1371 1637 1490 1664 editione
1507 1636 1606 1669 Quinta
1625 1644 1657 1664 ac
1672 1636 1770 1664 Sexta:

985 1683 1085 1719 quibus
1125 1684 1247 1718 singulas
1289 1682 1436 1710 Hebraicis
1476 1682 1613 1710 dictiones
1649 1683 1769 1718 propriis

986 1729 1129 1756 elementis
1146 1729 1313 1764 perscriptas
1340 1729 1445 1756 addidit
1464 1739 1470 1756 :
1489 1734 1548 1756 tum
1578 1738 1612 1758 ex
1641 1730 1779 1762 adverso,

986 1775 1071 1802 altera
1091 1775 1118 1802 iu
1143 1775 1241 1810 pagina
1268 1779 1427 1802 contextum
1452 1775 1567 1802 alterunt
1589 1774 1652 1803 fecit
1667 1784 1699 1804 ex
1715 1775 1772 1804 lle-

985 1821 1086 1849 braicis
1103 1820 1271 1848 dictionibus
1288 1820 1388 1849 Graecis
1407 1821 1505 1849 litteris
1517 1822 1646 1849 exaratis.

986 2020 1087 2047 Christi
1101 2020 1154 2047 25i
1171 2021 1280 2052 accidit,
1297 2021 1360 2048 anni
1387 2026 1451 2048 sunt
1466 2028 1520 2048 non
1546 2021 1637 2056 piures
1652 2020 1698 2047 25.
1714 2019 1770 2047 Me-

985 2056 1063 2082 minit
1087 2055 1168 2090 hujus
1192 2057 1318 2083 secundae
1343 2057 1369 2084 in
1394 2055 1565 2083 Palaastinani
1594 2056 1770 2090 profectionis

986 2090 1056 2116 idem
1074 2090 1207 2118 Eusebius
1223 2091 1250 2118 in
1262 2091 1402 2122 Chronico,
1421 2092 1453 2118 ad
1469 2099 1569 2118 annum
1583 2091 1710 2118 Antonini
1729 2099 1768 2118 χι.

987 2124 1084 2152 Verum
1101 2131 1162 2152 ante
1180 2127 1230 2152 hoc
1248 2131 1363 2160 tempus.
1385 2126 1511 2153 hortante
1523 2126 1677 2157 Ambrosio.
1693 2134 1769 2153 com-

985 2162 1133 2196 mentarios
1150 2161 1178 2187 in
1192 2169 1295 2188 sacram
1308 2160 1473 2196 Scriptorum
1482 2161 1668 2192 elucubrasse.
1687 2161 1769 2196 idque

981 2196 1079 2231 partim
1093 2195 1233 2231 Caesarea).
1255 2197 1352 2231 partim
1368 2195 1434 2224 alibi
1451 2197 1561 2226 fecisse.
1580 2205 1634 2223 non
1651 2196 1769 2224 obscure

980 2230 1115 2265 signiﬁcat
1131 2230 1274 2262 Eusebius.
1296 2239 1356 2265 cap.
1374 2232 1417 2263 17,
1445 2232 1490 2258 ubi
1519 2231 1613 2258 eodem
1635 2236 1767 2266 tempore,

981 2273 1036 2300 quo
1058 2270 1169 2294 auctore
1183 2266 1327 2294 Ambrosio
1347 2267 1374 2293 in
1390 2267 1600 2294 commentando
1615 2270 1673 2294 erat
1685 2274 1768 2293 occu-

981 2305 1070 2335 patus.
1082 2302 1299 2336 proficiscentem
1315 2302 1389 2328 illum
1401 2303 1428 2329 in
1450 2301 1581 2328 Graeciam
1600 2306 1692 2328 narrat
1706 2302 1767 2329 Cae—

981 2344 1065 2364 sareae
1087 2337 1241 2373 ordinatum
1259 2345 1320 2364 esse
1336 2338 1534 2373 presbyterum.
1561 2336 1695 2373 Quocirca
1714 2337 1766 2364 fal-

980 2379 1040 2408 sum
1070 2376 1112 2408 est
1137 2372 1279 2406 Origeneni
1311 2371 1383 2400 totos
1407 2371 1442 2399 28
1463 2380 1555 2403 annos
1574 2371 1637 2408 Tyri
1670 2380 1767 2400 consc-

979 2407 1063 2442 disse,
1080 2407 1170 2441 ibique
1183 2409 1440 2435 commentariorum
1468 2407 1605 2442 ingentem
1622 2408 1693 2434 illam
1708 2415 1767 2434 mo-

980 2441 1033 2469 lem
1044 2441 1172 2470 edidisse.
1190 2442 1246 2469 Hoc
1257 2443 1329 2469 cuitu
1341 2441 1518 2474 Alexandrini.
1531 2442 1671 2473 Caesareae.
1684 2443 1767 2470 Allie-

979 2477 1032 2508 nis,
1045 2477 1342 2513 tliversiswtemporibus
1356 2479 1421 2513 egit,
1434 2479 1471 2505 uti
1483 2486 1543 2513 cap.
1558 2479 1590 2505 18
1604 2478 1700 2505 seribit
1715 2478 1767 2505 Eu-

980 2513 1082 2540 sebius.
1107 2512 1144 2540 De
1157 2512 1239 2548 Tyrio
1259 2521 1368 2541 secessu
1378 2512 1464 2540 ’nulla
1477 2512 1604 2548 est’apud
1618 2513 1764 2542 Eusebium

979 2548 1051 2582 quod
1068 2548 1164 2580 sciam,
1179 2548 1290 2576 mentio.
1308 2548 1567 2581 [lieron.duntaxat,
1577 2548 1663 2583 Epist.
1729 2549 1768 2576 Ile

979 2583 1110 2610 erroribus
1125 2584 1199 2618 Orig.
1217 2584 1250 2611 ad
1267 2583 1372 2610 Palnm.
1384 2605 1390 2614 ,
1401 2582 1521 2616 Centum,
1536 2582 1634 2619 inquit,
1649 2584 1766 2619 quadrn-

979 2619 1052 2654 ginta
1072 2619 1135 2645 anni
1150 2627 1229 2653 prope
1240 2623 1310 2652 sunt,
1332 2627 1364 2645 ea:
1378 2627 1428 2654 quo
1447 2619 1571 2654 Origenes
1589 2625 1708 2646 morum;
1726 2623 1765 2646 est

981 2653 1062 2688 Tyri:
1087 2655 1159 2688 quod
1177 2655 1246 2681 idem
1273 2654 1300 2681 in
1320 2653 1441 2689 Cutatog.
1461 2653 1551 2689 script.
1568 2654 1630 2682 εει-ί.
1646 2662 1765 2689 comme-

979 2694 1077 2725 morat.
1101 2689 1305 2725 Verisimileiest
1320 2691 1401 2725 igitur
1417 2688 1571 2724 Origenem,
1589 2697 1651 2717 cum
1667 2690 1693 2715 in
1712 2688 1763 2715 De-

979 2723 1014 2760 _eii
1031 2726 1219 2758 persecutione
1235 2723 1404 2759 aﬂecta’jain
1427 2723 1505 2752 amite
1523 2725 1617 2760 lapsus
1636 2728 1720 2755 esset,
1737 2725 1764 2751 in

979 2758 1150 2786 Palaestinam
1167 2760 1325 2795 recessisse,
1343 2758 1375 2787 ac
1388 2759 1452 2795 Tyri
1467 2758 1604 2787 mortuum
1620 2768 1692 2787 esse.

1016 2795 1070 2829 (‘29)
1088 2796 1171 2821 Ὅθεν
1185 2795 1217 2821 τὸ
1238 2794 1354 2828 πρῶτον
1368 2794 1460 2822 αὑτοῦ
1480 2795 1625 2829 ἐπιμελῶς
1656 2794 1718 2828 Agit
1730 2802 1765 2822 ue

979 2828 1022 2856 his
1047 2830 1172 2864 Origenis
1198 2830 1364 2857 cditionibus
1393 2828 1600 2858 accuratissime
1626 2830 1696 2856 libro
1727 2829 1763 2857 lle

978 2865 1057 2898 pund.
1072 2871 1095 2892 et
1106 2873 1197 2896 limits.‘
1214 2865 1258 2891 ubi
1274 2873 1332 2899 qu:e
1344 2865 1477 2897 Hexapla,
1490 2871 1516 2892 et
1526 2865 1637 2899 Octaplu
1649 2864 1761 2898 fuerint,

978 2900 1098 2935 exponit.
1119 2899 1184 2927 Vide
1198 2908 1258 2934 qua:
1275 2900 1308 2927 ad
1326 2909 1353 2927 u.
1369 2900 1402 2927 19
1416 2899 1515 2927 ibidem
1529 2901 1716 2930 observamus.
