1958 3050
152 98 222 126 1075

151 204 264 232 utatur,
281 201 438 236 composuit
454 207 463 228 ‘:
479 208 541 236 quas
557 206 655 236 praeter
677 201 785 230 Graecas
804 201 938 230 editiones

151 247 220 274 duas
229 246 342 281 insuper
351 246 475 274 Hebraici
487 248 623 276 sermonis
630 248 772 276 columnas
785 247 937 279 continent,

152 292 267 319 alteram
286 291 427 320 Hebraicis
446 293 524 328 ipsis.
547 294 659 320 alteram
678 293 781 321 Graecis
796 293 939 321 elementis

152 341 337 373 conscriptam
353 348 359 365 :
371 339 440 366 adeo
450 345 479 366 ut
488 339 570 367 Vetus
582 347 663 367 omne
671 340 874 367 Testamentum
883 343 938 366 tam

152 383 284 418 llcxaplis
300 384 449 419 ejusmodi,
464 393 545 420 quam
563 386 664 421 duplici
681 385 877 413 Hebraicorum
891 393 938 412 vo-

152 429 313 457 cabulorum
340 435 468 459 contextu
500 433 728 467 comprehensum
749 431 839 460 fuerit.
870 432 938 460 Cum

152 474 204 501 hoc
217 479 303 502 totum
328 483 398 511 opus
413 484 521 504 summo
538 478 583 504 ille
604 485 666 504 culti
682 477 774 505 labore
796 477 940 513 studioque

152 519 325 554 perfecisset,
348 529 403 549 non
429 527 561 557 perpetuo
589 523 706 550 nominis
736 523 778 550 sui
803 531 835 550 ac
848 523 940 558 gloriae

152 565 337 601 integritatem
361 568 485 601 retinuit,
514 569 561 596 sed
591 573 665 596 tanta
689 569 820 597 doctrina:
839 570 880 597 vis
908 577 941 597 ac

156 612 234 646 copia
251 613 338 640 ruina
352 613 391 641 illi
410 622 442 642 ac
464 614 630 642 calamitatis
657 615 830 643 occasionem
855 615 938 643 dedit.

153 656 222 684 Nam
246 665 320 691 cum,
338 665 368 686 ut
392 659 444 687 sibi
472 664 664 695 proposuerat,
680 661 782 688 nullam
800 669 940 689 sacrarum

154 703 307 731 litterarum
323 709 438 738 partem,
461 713 544 741 quam
562 713 615 733 non
638 706 797 742 epricaret,
816 707 942 734 omittere

94 755 97 757 ’
153 750 245 782 vellet,
257 751 285 778 in
297 750 393 786 ingens
402 759 430 778 se
440 757 581 786 peccatum
589 752 737 784 commisit,
745 759 777 778 ac
785 750 942 779 mortiferas

154 794 288 829 quasdam
300 801 381 822 voces
393 795 535 830 exposuit:
544 796 616 823 unde
632 795 848 831 Origenistarom
867 801 942 824 secta

864 96 892 125 S.
914 96 1085 124 EPIPHANII

187 154 265 181 llunc
286 154 312 181 in
327 155 437 182 modum
455 162 592 183 volumina
611 156 668 188 illa,
682 163 743 192 quae
758 154 876 191 Hexapla
895 155 937 183 di-
950 162 975 192 Α

1706 93 1776 123 illis

1029 154 1073 186 Ὠς
1088 152 1157 182 εἶναι
1181 153 1230 189 μέν
1249 152 1335 180 ταῦτα
1355 152 1404 180 καὶ
1426 152 1568 180 καλεῖσθαι
1587 150 1714 185 Ἐξαπλᾶ,
1728 153 1776 180 ἐπὶ

988 200 1038 232 τὰς
1053 199 1213 235 Ἑλληνικὰς
1234 199 1383 235 ἑρμηνείας
1394 198 1442 225 δύο
1460 198 1528 233 ὸμοῦ
1546 199 1712 234 παραθέσεις
1725 198 1778 234 τῆς

994 246 1141 282 Ἑϐραῖκῆς
1170 245 1266 280 φύσει,
1297 245 1330 272 δι’
1363 244 1515 281 Ἑϐραϊκῶν
1538 245 1586 271 καὶ
1612 244 1777 280 Ἑλληνικῶν

990 292 1127 327 στοιχείων
1140 301 1145 307 ·
1160 292 1231 319 ὥστε
1250 290 1319 318 εἶναι
1333 291 1382 327 τὴν
1398 291 1489 318 πᾶσαν
1505 291 1626 318 Παλαιὰν
1638 291 1778 326 Διαθήκην

989 339 1021 366 δι’
1035 339 1175 371 Ἐξαπλῶν
1185 338 1370 374 καλουμένων,
1382 339 1430 366 καὶ
1443 337 1487 365 διὰ
1497 338 1550 364 τῶν
1561 337 1607 365 δύο
1625 337 1777 373 Ἑϐραϊκῶν

991 386 1131 421 ῥημάτων.
1150 385 1258 421 Ταύτην
1282 385 1349 420 ὁμοῦ
1363 386 1453 412 πᾶσαν
1473 385 1524 420 τὴν
1551 384 1740 420 πραγματείαν
1761 384 1778 411 6

991 431 1062 466 ἀνὴρ
1089 431 1160 466 μετὰ
1187 430 1311 465 καμάτου
1342 429 1555 465 πεφιλοτίμητο·
1585 429 1641 457 ἀλλ’
1665 430 1714 457 οὐκ
1735 431 1778 462 είς

991 476 1068 509 τέλος
1087 477 1118 503 τὸ
1136 477 1213 508 κλέος
1229 476 1311 503 αὐτοῦ
1329 476 1458 504 ἄσϐεστον
1476 476 1594 512 διήνυσε.
1615 475 1777 511 Συμὸέὸηκε

991 523 1048 558 γὰρ
1064 523 1138 558 αὐτῷ
1153 523 1184 549 τὸ
1200 523 1251 558 τῆς
1266 522 1443 559 πολυπειρίας
1455 523 1496 554 είς
1513 522 1585 557 μέγα
1603 522 1713 558 πτῶμα.
1731 522 1778 554 Ἐξ

992 569 1074 596 αὑτοῦ
1091 569 1145 605 γὰρ
1159 569 1206 596 τοῦ
1230 569 1332 596 σκοποῦ
1350 569 1510 605 βουλόμενος
1532 569 1614 604 μηδὲν
1629 568 1683 596 τῶν
1698 568 1778 596 Θείων

992 615 1108 650 Γραφῶν
1130 615 1209 642 ἐάσαι
1225 616 1435 651 ἀνερμήνευτον.
1451 615 1492 646 είς
1517 614 1664 650 ἐπαγωγὴν
1683 613 1779 640 ἑαυτὸν

993 662 1152 697 περιέϐαλεν
1168 662 1320 697 ἁμαρτίας,
1337 663 1383 689 καὶ
1404 662 1541 697 θανάσιμα
1560 660 1713 696 ἐξηγήσατο
1730 660 1779 696 ῥή-

996 714 1083 740 ματα·
1101 707 1129 739 ἐξ
1150 703 1235 742 οὗπερ
1250 708 1275 733 οἱ
1300 707 1501 741 Ὠριγενιασταὶ
1528 705 1705 741 καλούμενοι,
1729 704 1779 740 οὐχ

994 752 1018 778 οἱ
1035 751 1138 787 πρῶτοι
1148 752 1168 783 ¹,
1185 753 1209 779 οἱ
1234 753 1284 787 τὴν
1300 752 1504 788 αἰσχρουργίαν.
1518 752 1555 779 Οὐ
1572 751 1625 786 γὰρ
1647 751 1700 786 ἔχω
1715 749 1781 785 περὶ

995 797 1107 824 ἐκείνων
1126 797 1233 832 λέγειν,
1258 797 1295 829 ὠς
1319 798 1367 824 καὶ
1389 798 1440 833 ἤδη
1463 798 1608 833 προεῖπον,
1633 797 1658 822 εί
1681 797 1713 822 ἐκ
1730 794 1780 822 τοῦ

155 839 295 875 proﬂuxit,
311 848 366 868 non
381 841 554 876 superiorum
574 841 693 875 illorum,
709 842 756 877 qui
773 843 874 878 insigni
885 848 943 869 tur-

1002 842 1153 878 Ὠριγένους
1169 843 1216 869 τοῦ
1232 843 1278 870 καὶ
1289 843 1466 878 Ἀδαμαντίου
1479 843 1611 878 ἐσχήκασι
1620 842 1668 876 τὴν
1681 841 1780 877 ἀρχὴν.

156 886 278 922 pitudine
305 891 379 914 sunt.
408 886 445 914 De
474 887 528 915 illis
550 888 634 918 enim.
655 892 685 914 ut
704 892 767 915 ante
781 888 848 920 dixi,
874 888 941 915 certi

156 932 224 960 nihil
241 931 375 960 allii-mare
389 940 501 968 possum
511 953 518 964 ,
533 937 624 961 utrum
640 934 674 960 ab
689 934 850 961 Adamantio
862 933 941 968 527

156 977 284 1013 Origene,
308 985 343 1004 an
371 978 407 1005 ab
430 978 522 1013 aliquo
545 979 609 1011 alio,
630 978 676 1014 qui
697 982 724 1005 et
739 977 870 1013 Origenes
885 980 943 1013 ipse

156 1023 306 1057 diceretur,
332 1024 439 1051 initium
469 1025 633 1060 acceperint.
658 1024 792 1052 Caeterum
818 1026 943 1052 eumdem

157 1070 234 1097 illum
258 1069 403 1105 Origenem
429 1076 544 1098 narrant
566 1071 694 1106 quiddam
710 1071 736 1097 in
752 1072 943 1106 corpusculum

157 1115 330 1152 excogitasse
357 1125 455 1150 suum;
484 1119 541 1145 sive
566 1125 680 1145 nervum
711 1117 774 1144 sibi.
789 1121 819 1144 ut
832 1118 943 1152 quidam

157 1162 325 1196 existimant,
347 1163 484 1195 inciderit.
500 1171 555 1199 quo
570 1171 599 1192 se
616 1164 806 1191 illecebrarum
822 1164 945 1191 molestia

159 1207 300 1242 liberaret,
322 1217 412 1244 neque
428 1210 555 1245 turpibus
576 1210 700 1245 corporis
728 1210 847 1238 motibus
875 1211 948 1237 velut

158 1254 286 1282 incendio
301 1255 421 1290 quodam
432 1260 561 1284 aestuaret
575 1265 582 1289 ;
601 1256 667 1287 sive,
683 1256 753 1291 quod
774 1257 818 1283 alii
832 1256 945 1288 malunt,

158 1294 360 1329 medicamento
386 1301 478 1337 aliquo
501 1301 624 1337 partibus
644 1302 699 1330 illis
718 1301 847 1337 imposito
862 1302 947 1329 resic-

159 1346 239 1373 carit.
250 1345 322 1374 Sunt
346 1347 392 1382 qui
418 1347 472 1374 alia
488 1347 611 1383 quaedam
636 1347 675 1374 illi
707 1347 838 1379 tribuant,
865 1347 948 1375 veluti

159 1391 233 1426 quod
248 1392 280 1419 ad
292 1392 440 1428 juvandam
456 1393 615 1421 memoriam
629 1393 790 1420 medicatam
802 1392 948 1428 quamdam

995 889 1012 924 ἦ
1025 889 1117 924 ἕτερόν
1139 897 1201 916 τινα
1222 889 1342 924 ἀρχηγὸν
1359 889 1518 924 ἐσχήκασιν,
1544 888 1683 924 Ὠριγένην
1702 887 1780 922 λεγό-

999 943 1086 969 μενον.
1096 935 1165 961 Φασὶ
1176 935 1204 961 δὲ
1216 935 1264 961 καὶ
1281 934 1373 962 τοῦτον
1386 935 1432 961 τὸν
1451 934 1592 970 Ὠριγένην
1607 933 1782 969 ἐπινενοηκέ-

997 988 1041 1006 vat
1053 980 1141 1016 ἐαυτῷ
1159 980 1227 1007 κατὰ
1245 981 1275 1007 τὸ
1292 981 1439 1016 σωμάτιον.
1455 981 1486 1007 Ul
1505 981 1554 1016 μὲν
1567 980 1674 1014 λέγουσι
1686 979 1781 1015 νεῦρον

998 1027 1218 1062 ἀποτετμηκέναι
1235 1026 1279 1053 διὰ
1299 1026 1329 1053 τὸ
1347 1026 1383 1062 μὴ
1403 1026 1482 1062 ἡδονῇ
1496 1025 1648 1061 ὀχλεῖσῡαι,
1672 1024 1738 1060 μηδὲ
1753 1024 1782 1051 ἐν

997 1073 1057 1103 ταῖς
1078 1073 1201 1108 κινήσεσι
1229 1074 1289 1104 ταῖς
1319 1073 1487 1108 σωματικαῖς
1509 1071 1655 1106 φλέγεσθαί
1683 1079 1712 1097 τε
1735 1069 1784 1097 καὶ

998 1118 1206 1154 πυρόολεῖσθαι·
1223 1118 1297 1146 ἄλλοι
1311 1119 1339 1144 δὲ
1354 1118 1413 1153 οὐχί
1428 1126 1520 1152 φασιν,
1531 1117 1598 1144 ἀλλὰ
1611 1115 1741 1151 ἐπενόησέ
1756 1123 1783 1142 τι

999 1165 1144 1199 φάρμακον
1167 1164 1299 1191 ἐπιθεῖναι
1315 1165 1371 1196 τοῖς
1392 1164 1514 1200 μορίοις,
1537 1163 1583 1190 καὶ
1602 1162 1782 1198 ἀποξηρᾶναι.

999 1210 1110 1246 ’Ἑτεροι
1124 1211 1153 1237 δὲ
1173 1211 1219 1238 καὶ
1237 1211 1304 1238 ἄλλα
1321 1213 1361 1242 είς
1377 1211 1457 1238 αὑτὸν
1472 1211 1617 1245 ἀναφέρειν
1636 1208 1784 1245 τολμῶσιν,

999 1255 1036 1287 ὡς
1051 1256 1092 1282 ὅτι
1115 1257 1161 1283 καὶ
1181 1257 1295 1292 βοτάνην
1318 1257 1379 1284 τινὰ
1397 1257 1513 1293 εὕρηκεν
1538 1255 1660 1292 ἰατρικὴν
1676 1254 1785 1290 μνήμης

999 1301 1089 1329 ἕνεκα.
1106 1303 1162 1330 Καὶ
1180 1303 1214 1329 τὰ
1236 1304 1285 1338 μὲν
1306 1304 1446 1340 ὑπέρογκα
1467 1303 1536 1338 ὑπὲρ
1555 1301 1638 1329 αὑτοῦ
1654 1301 1786 1336 λεγόμενα

1000 1347 1071 1374 πάνυ
1093 1349 1331 1385 πεπιστεύκαμεν·
1359 1350 1433 1385 ὅμως
1453 1350 1488 1376 τὰ
1509 1348 1645 1384 λεγόμενα
1668 1346 1786 1380 ἐξειπεῖν

999 1393 1030 1420 οὐ
1046 1394 1242 1429 παρελίπομεν.

160 1437 274 1465 herbam
301 1439 444 1474 repererit.
477 1438 543 1472 Quae
562 1439 644 1474 igitur
670 1439 783 1474 grandia
811 1438 844 1465 de
862 1438 909 1465 illo
924 1446 956 1465 ac
971 1439 1113 1474 magniﬁca
1139 1441 1302 1476 produntur,
1323 1449 1378 1468 non
1403 1440 1515 1468 omnino
1543 1440 1595 1468 lide
1623 1443 1704 1475 digna
1722 1445 1788 1466 cen—

161 1493 265 1513 semus.
295 1485 482 1514 Nihilominus
511 1495 571 1522 qua:
594 1487 733 1514 communi
755 1494 881 1514 sermone
894 1487 1120 1521 percrebuerunt,
1140 1489 1280 1524 praeterire
1295 1489 1444 1516 noluimus.

198 1532 241 1560 ιν.
263 1533 342 1566 Quod
357 1533 390 1561 ad
408 1534 533 1562 haeresim
547 1535 620 1562 illam
637 1535 743 1567 attinet,
761 1534 841 1569 cujus
856 1538 950 1561 auctor

1038 1535 1075 1562 A'.
1097 1537 1128 1563 'll
1151 1537 1179 1563 δὲ
1203 1537 1233 1569 ἐξ
1249 1537 1331 1564 αὐτοῦ
1347 1536 1419 1571 φῦσα
1438 1536 1552 1571 αἵρεσις,
1574 1535 1680 1570 πρῶτον
1694 1533 1743 1569 μὲν
1756 1533 1787 1560 ιν

162 1579 225 1612 fuit,
240 1587 271 1607 ca
293 1580 411 1615 primum
435 1581 462 1607 in
479 1579 597 1616 Egypto
611 1584 769 1616 propagata,
786 1580 867 1608 hodie
881 1580 952 1608 inter

162 1626 325 1661 pracipuos,
351 1630 441 1661 atque.
453 1634 503 1654 eos
526 1626 642 1652 maxime
658 1625 741 1661 viget,
758 1624 805 1660 qui
820 1625 950 1653 monasti-

165 1679 228 1698 cum
246 1672 308 1699 vitae
324 1679 409 1706 genus
432 1671 524 1707 specie
539 1672 598 1706 ipsa
612 1671 773 1706 proﬁtentur
785 1680 791 1698 :
805 1671 904 1706 quippe
922 1679 953 1699 se

164 1720 191 1743 ct
211 1716 238 1743 in
257 1716 420 1744 solitudines
439 1716 614 1749 abdiderunt,
630 1719 657 1743 et
682 1720 868 1751 paupertatem
890 1724 951 1752 pro-

166 1762 276 1790 ﬁtentur
292 1770 300 1789 :
317 1761 448 1797 pestifera
465 1762 511 1789 illa
532 1761 653 1797 quidem,
668 1769 701 1788 ac
727 1766 833 1789 veteres
857 1769 954 1790 omnes

165 1810 339 1845 improbitate
355 1816 498 1844 superans,
523 1815 639 1843 quarum
661 1815 770 1836 errores
795 1808 953 1844 complecti-

166 1861 222 1882 tur.
240 1854 306 1882 Nam
321 1855 384 1882 licet
402 1854 507 1882 nullum
521 1853 704 1882 sectatoribus
720 1854 778 1882 suis
795 1862 875 1882 usum
896 1858 955 1882 tur-

167 1901 301 1938 pitudinis
316 1902 448 1936 importat,
467 1899 614 1928 absurdam
630 1903 721 1928 tamen
741 1900 903 1936 impiamque
922 1901 956 1929 de

170 1948 225 1975 Deo
242 1946 406 1975 sententiam
430 1952 477 1980 per
488 1952 623 1972 summam
639 1945 834 1980 turpitudinem
848 1945 953 1974 inserit.

168 1991 208 2020 Ex
227 1993 279 2020 hoc
291 1991 364 2019 enim
380 1989 454 2017 fonte
463 1989 567 2017 erroris
581 1989 624 2017 sui
641 1997 734 2018 ansam
745 1991 827 2018 Arius
842 1991 955 2026 accepit,

169 2045 202 2064 ac
230 2035 328 2072 reliqui
350 2035 478 2069 deinceps
501 2042 606 2067 omnes,
632 2035 705 2062 velut
729 2035 854 2063 Anotnmi
879 2040 906 2063 et
930 2036 956 2063 id

169 2090 255 2119 genus
268 2083 325 2109 alii.

206 2129 344 2165 Principio
359 2137 394 2157 eo
404 2130 565 2157 temeritatis
577 2137 739 2164 progressus
751 2133 803 2160 est,
814 2132 844 2155 ut
855 2133 959 2156 asserat

171 2176 341 2212 unigenitum
359 2175 458 2203 Filiqu
476 2175 583 2203 Patrem
599 2175 690 2203 videre
705 2183 757 2202 non
770 2182 860 2209 posse,
870 2181 959 2209 neque

1001 1582 1034 1617 τῇ
1050 1582 1104 1609 τῶν
1117 1583 1274 1617 Αἰγυπτίων
1288 1583 1365 1619 χώρᾳ
1383 1583 1551 1618 ὑπάρχουσα,
1571 1581 1605 1608 τὰ
1620 1581 1666 1609 νῦν
1677 1580 1706 1607 δὲ
1721 1579 1787 1616 παρ’

1002 1630 1095 1661 αὐτοῖς
1104 1630 1161 1661 τοῖς
1173 1629 1361 1665 ὲξοχωτάτοις,
1371 1630 1419 1656 καὶ
1434 1628 1541 1656 δοκοῦσι
1556 1628 1601 1654 τὸν
1614 1627 1718 1663 μονήρη
1730 1626 1789 1661 βίον

1003 1675 1189 1710 ἀναδέχεσθαι,
1203 1676 1279 1712 παρὰ
1292 1677 1349 1707 τοῖς
1368 1675 1448 1710 φύσει
1469 1674 1540 1702 κατὰ
1554 1674 1670 1710 ἐρημίας
1682 1673 1788 1707 ἀναχω-

1005 1721 1082 1756 ροῦσί
1107 1731 1136 1748 τε
1162 1723 1208 1749 καὶ
1222 1722 1270 1758 τὴν
1292 1722 1484 1757 ἀκτημοσύνην
1503 1720 1653 1756 ἑλομένοις,
1666 1718 1739 1753 δεινή
1757 1726 1790 1744 τε

1004 1768 1052 1794 καὶ
1065 1766 1145 1803 αὕτη,
1169 1768 1216 1795 καὶ
1234 1767 1328 1794 πασῶν
1343 1767 1398 1794 τῶν
1413 1766 1535 1793 παλαιῶν
1551 1765 1749 1802 μοχθηροτέρα,
1770 1764 1789 1798 ἡ

1005 1813 1052 1838 καὶ
1067 1813 1115 1840 σὺν
1134 1812 1248 1845 ἐκείνοις
1268 1813 1304 1840 τὰ
1326 1813 1407 1847 ὃμοια
1428 1811 1573 1848 φρονοῦσα.
1595 1810 1654 1838 Κᾶν
1670 1809 1724 1846 γὰρ
1747 1809 1790 1836 αἰ--

1006 1859 1142 1894 σχρότητα
1155 1859 1288 1886 ἐπιτελεῖν
1304 1860 1334 1886 οὐ
1353 1858 1555 1894 παρασκευάζει
1569 1858 1633 1888 τοὺς
1650 1856 1718 1891 αὐτῇ
1736 1863 1789 1890 μα-

1006 1904 1219 1940 θητευομένους,
1240 1904 1298 1931 ἀλλ’
1320 1902 1366 1931 οὖν
1389 1912 1421 1938 γε
1442 1903 1475 1929 δι’
1497 1901 1674 1938 αἱσχρότητος
1701 1900 1791 1934 δεινὴν

1008 1949 1134 1976 ὑπόνοιαν
1156 1951 1195 1982 είς
1215 1950 1280 1976 αὐτὸ
1295 1949 1325 1976 τὸ
1344 1949 1420 1975 Θεῖον
1443 1949 1599 1983 ἐνσκήπτει.
1624 1947 1672 1974 Ἐκ
1695 1945 1791 1972 τούτου

1007 1994 1062 2029 γὰρ
1090 1995 1137 2021 καὶ
1160 1995 1174 2021 ὁ
1201 1995 1310 2030 Ἄρειος
1330 1993 1379 2025 τὰς
1397 1993 1548 2029 προφάσεις
1565 1991 1676 2026 εἴληφε,
1696 1989 1742 2016 καὶ
1766 1990 1791 2015 ot

1007 2039 1134 2074 καθεξῆς,
1146 2039 1280 2075 Ἀνὸμοιοί
1293 2048 1323 2065 τε
1338 2039 1384 2065 καὶ
1399 2037 1484 2065 ἄλλοι.

1042 2130 1144 2156 Φάσκει
1158 2129 1212 2165 γὰρ
1223 2126 1310 2162 οὗτος,
1324 2128 1459 2164 τολμήσας
1468 2127 1548 2163 δῆθεν
1561 2125 1631 2153 κατὰ
1646 2124 1693 2160 τὴν
1705 2123 1793 2160 ἀρχὴν

1008 2175 1107 2209 λέγειν,
1127 2175 1235 2210 πρῶτον
1248 2175 1308 2210 μὲν,
1325 2175 1366 2201 ὅτι
1378 2175 1392 2200 ὁ
1402 2174 1466 2205 Υἱὸς
1479 2173 1493 2199 ὁ
1512 2170 1656 2208 μονογενὴς
1669 2170 1733 2205 ὁρᾷν
1747 2169 1795 2196 τὸν

173 2222 306 2257 Spiritum
323 2221 433 2253 Filium.
463 2229 551 2256 neque
578 2221 689 2256 angelos
712 2220 854 2255 Spiritum,
870 2227 950 2254 nequi

1011 2220 1120 2255 Πατέρα
1134 2219 1165 2246 οὐ
1182 2219 1309 2246 δύναται·
1329 2219 1397 2246 ἀλλὰ
1414 2218 1475 2246 οὕτε
1490 2218 1520 2244 τὸ
1537 2216 1648 2251 Πνεῦμα
1667 2215 1712 2242 τὸν
1729 2214 1796 2241 Υίδν

172 2268 298 2296 homines
322 2267 443 2302 angelos.
458 2266 547 2302 Atque
572 2267 616 2294 hic
643 2267 748 2302 primus
775 2266 848 2293 illius
867 2265 960 2301 lapsus

172 2313 235 2340 fuit.
251 2312 290 2340 Ita
314 2313 388 2341 cnim
412 2321 446 2341 ex
480 2312 568 2340 Patris
596 2311 748 2340 substantia
777 2310 876 2338 Filium
899 2317 961 2338 esse

172 2363 279 2393 censet,
302 2363 331 2386 ut
346 2359 526 2386 nihilominus
545 2362 656 2386 creatus
683 2357 776 2385 fuerit.
789 2356 874 2390 Quem
897 2356 961 2391 qui-

173 2406 235 2433 dem
250 2405 309 2433 sola
326 2405 354 2433 id
370 2405 457 2441 gratia
470 2408 648 2433 consecutum
671 2403 819 2436 existimat,
835 2407 864 2430 ut
876 2401 962 2429 Filius

174 2451 323 2478 diceretur.
341 2450 395 2478 Sed
424 2450 486 2478 aliis
515 2451 596 2486 longe
622 2449 795 2485 gravioribus
820 2448 961 2476 erroribus

174 2497 330 2533 implicatus
348 2500 400 2524 est.
422 2495 491 2523 Nam
508 2496 626 2523 animam
650 2494 769 2523 hominis
784 2497 846 2522 ante
862 2501 963 2529 corpus

168 2543 314 2571 exstitisse
328 2546 414 2578 putat,
431 2547 460 2570 et
484 2542 594 2570 easdem
614 2542 725 2578 angelos
739 2549 810 2573 esse,
836 2541 965 2568 virtutes-

176 2597 231 2626 que
254 2590 420 2625 superiores,
450 2597 511 2625 quaa
538 2589 610 2625 quod
639 2593 749 2624 peccata
766 2587 963 2618 contraxerint,

178 2637 306 2672 supplicii
321 2643 404 2664 causa
421 2636 448 2663 in
465 2636 517 2663 hoc
531 2643 632 2671 corpus
645 2635 758 2663 inclusa:
773 2640 853 2668 sunt;
869 2633 963 2669 proin—

173 2683 266 2719 ,deque
279 2684 312 2710 ad
330 2690 426 2718 poenas
439 2681 597 2710 subeundas
619 2689 634 2709 a
658 2681 714 2709 Deo
731 2680 858 2716 relegari,
877 2684 906 2708 ut
920 2679 965 2707 hic

175 2729 272 2765 judicii
287 2729 388 2764 prioris
415 2728 617 2757 damnationem
638 2729 801 2757 sustineant.
821 2726 908 2760 Quam
929 2726 965 2754 ob

223 2808 234 2823 ‘
249 2806 343 2836 Manen
359 2812 401 2837 est
414 2807 510 2836 oratio.

1009 2264 1120 2291 δύναται
1134 2264 1291 2297 θεάσασθαι,
1303 2264 1364 2291 οὔτε
1377 2263 1430 2300 μὴν
1440 2263 1550 2298 ἄγγελοι
1561 2262 1590 2289 τὸ
1600 2261 1721 2297 Πνεῦμα,
1733 2259 1795 2286 οὔτε

1009 2311 1035 2337 οἱ
1053 2310 1190 2346 ἄνθρωποι
1202 2311 1265 2342 τοὺς
1283 2309 1426 2345 ἀγγέλους.
1445 2310 1500 2336 Καὶ
1511 2309 1580 2344 αὕτη
1599 2307 1696 2343 πρώτη
1712 2306 1796 2333 αὑτοῦ

1010 2358 1027 2393 ἡ
1044 2357 1156 2389 πτῶσις.
1176 2357 1224 2383 Ἐκ
1239 2357 1295 2392 γὰρ
1320 2357 1370 2391 τῆς
1388 2355 1481 2387 οὐσίας
1501 2354 1548 2382 τοῦ
1574 2353 1681 2388 Πατρὺς
1701 2352 1797 2379 τοῦτον

1011 2404 1176 2438 εἰσηγεῖται,
1197 2402 1304 2428 κτιστὸν
1324 2401 1353 2429 δὲ
1375 2402 1446 2437 ἅμα.
1472 2400 1600 2427 Βούλεται
1621 2398 1650 2425 δὲ
1669 2397 1707 2429 ὼς
1727 2397 1798 2424 κατὰ

1011 2450 1090 2485 χάριν
1104 2449 1149 2476 τὸν
1170 2449 1234 2475 Υἱὸν
1249 2448 1330 2475 αὐτὸν
1350 2447 1490 2475 καλεῖσθαι
1508 2447 1608 2481 λέγειν.
1625 2445 1687 2472 Εἰσὶ
1706 2444 1735 2471 δὲ
1751 2444 1798 2470 καὶ

1011 2494 1090 2521 ἄλλαι
1108 2493 1190 2520 αὑτοῦ
1211 2493 1328 2524 πτώσεις
1352 2492 1470 2529 μείζους.
1493 2492 1548 2526 Τὴν
1565 2489 1654 2525 ψυχὴν
1670 2487 1724 2523 γὰρ
1749 2487 1799 2521 τὴν

1012 2540 1182 2576 ἀνθρωπείαν
1197 2539 1270 2573 λέγει
1292 2538 1490 2574 προῦπάρχειν,
1506 2536 1637 2570 ἀγγέλους
1654 2534 1682 2560 δὲ
1698 2533 1799 2563 ταύτας

1013 2584 1098 2616 εἶναι.
1125 2585 1172 2612 καὶ
1187 2585 1317 2620 δυνάμεις
1335 2585 1404 2617 ἄνω,
1427 2585 1455 2610 ἐν
1477 2582 1623 2618 ἁμαρτίαις
1642 2580 1672 2607 δὲ
1690 2578 1798 2614 ἀμπλα-

1017 2632 1150 2667 κησάσας,
1167 2632 1213 2658 καὶ
1229 2631 1324 2658 τούτου
1339 2631 1430 2657 ἕνεκεν
1443 2631 1483 2662 είς
1496 2630 1573 2656 τοῦτο
1585 2629 1615 2655 τὸ
1630 2628 1709 2664 σῶμα
1720 2634 1800 2654 κατα-

1018 2677 1223 2712 κεκλεισμένας.
1249 2677 1412 2713 Πεπέμφθαι
1439 2676 1467 2703 δὲ
1488 2676 1542 2703 ἀπὸ
1567 2675 1636 2702 Θεοῦ
1655 2675 1695 2706 εἰς
1713 2683 1798 2710 τιμω-

1020 2725 1100 2761 ρίαν,
1116 2724 1191 2756 ὅπως
1217 2723 1334 2751 ἐνταῦθα
1361 2723 1473 2760 πρώτην
1495 2722 1585 2758 κρίσιν
1618 2721 1800 2754 ὑποδέξονται.
