1958 3050
159 130 225 158 i071

489 132 673 161 ADVERSUS
693 133 865 162 li/EBESES
883 134 948 162 LIB.
965 133 997 162 Ii.
1018 132 1098 160 TOM.
1115 130 1325 159 I.—IIERES.
1344 129 1435 158 LXIV.

1701 127 1771 155 1073

159 190 267 226 Διόπερ,
285 192 361 225 φησὶ,
379 193 425 219 καὶ
442 192 526 227 δέμας
544 192 675 227 κέκληται
689 193 719 220 τὸ
738 194 828 229 σῶμα,
847 194 894 221 διὰ·
908 194 938 220 τὸ

995 199 1109 224 causam,
1124 191 1173 224 ait.
1194 195 1221 220 et
1239 198 1341 225 corpus
1361 190 1445 226 δέμας
1465 188 1607 224 appellari,
1620 187 1692 223 quod
1709 194 1772 214 cor-

158 235 277 262 δεδέσθαι
302 237 352 272 τὴν
369 237 458 273 ψυχὴν
479 238 508 264 ἐν
531 237 570 273 τῷ
593 238 717 274 σώματι·
746 239 795 274 τὴν
824 239 940 266 παλαιὰν

164 279 295 313 Ἑλλήνων
312 281 419 316 μυθώδη
433 281 558 309 ὑπόνοιαν
573 283 782 318 φανταζόμενος.
797 285 842 316 Εἰς
855 284 940 311 ταῦτα

158 324 186 351 δὲ
197 326 242 351 καὶ
257 325 357 360 μύθους
373 326 518 355 ἐκτίθεται.
528 328 622 363 Ψυχὴν
637 328 702 365 γὰρ,
713 331 789 365 φησὶ,
805 329 849 356 διὰ
863 329 940 356 τοῦτο

158 370 302 403 καλοῦμεν,
313 371 357 398 διὰ
368 372 398 398 τὸ
412 372 514 400 ἀνωθεν
527 373 650 409 ὲψύχθαι.

193 458 350 494 Μαρτυρίας
360 461 387 487 δὲ
398 461 468 488 κατὰ
477 461 521 489 τδν
536 462 600 489 ἴδιον
614 462 675 489 νοῦν
685 463 878 490 ὲπιπλάττεται
887 463 941 490 ἀπὸ

158 503 212 529 τῶν
223 503 302 531 θείων
318 505 445 541 Γραφῶν,
463 508 512 543 οὐχ
534 508 621 540 οὕτως
637 508 765 544 ἐχούσας,
779 509 839 535 οὐδὲ
856 508 941 540 οὕτως

159 549 310 586 δεδομένας.
318 553 354 579 Τὸ
363 553 417 593 γὰρ
427 555 523 587 εἰπεῖν,
536 557 611 590 φησὶ,
620 555 664 582 τὸν
680 556 837 592 Προφήτην,
848 555 940 590 Πρινὴ

157 598 376 632 ταπεινωθῆναι
391 609 439 634 με,
459 600 516 636 ἐγὼ
531 601 768 636 ἐπλημμέλησα,
795 601 825 635 ἐξ
845 602 940 637 αὐτῆς,

159 642 236 676 φησι,
251 642 300 679 τῆς
318 644 407 680 ψυχῆς
421 647 434 672 ό
451 646 539 680 λόγος,
554 646 591 678 ὡς
607 647 662 674 ἄνω
677 647 705 674 ἑν
721 646 827 682 οὐρανῷ
838 647 942 682 ἐπλημ-

160 687 271 723 μέλησε,
289 691 371 726 πρινὴ
389 692 419 718 ὲν
433 692 472 727 τῷ
485 692 589 728 σώματι
599 693 826 720 τεταπεινῶσθαι·
845 693 892 720 καὶ
903 693 942 729 τῷ

160 732 263 766 εἰπεῖν,
286 735 382 770 φησὶν,
401 737 611 772 Ἐπίστρεψον,
633 739 719 773 ψυχή
738 748 808 772 μου,
829 740 872 772 είς
886 739 943 773 τὴν

159 777 334 806 ἀνάεταυσίν
348 789 417 814 σου,
434 781 472 814 ὡς
491 783 538 809 τοῦ
560 783 812 819 ἀνδραγαθήσαντος
828 783 943 810 ἐνταῦθα

159 823 188 849 ὲν
201 824 369 862 ἀγαθοεργίᾳ
387 828 594 864 ἐπιστρέφοντος
611 830 651 861 είς
663 830 713 865 τὴν
725 829 780 856 ἄνω
791 829 943 856 ἀνάπαυσιν

991 239 1050 274 pori
1077 237 1179 273 illigata
1207 237 1243 265 sit
1268 237 1368 265 anima.
1391 235 1420 262 In
1446 243 1501 270 quo
1513 239 1602 262 vetera
1615 234 1771 261 Grecorum

991 284 1096 312 somnia
1120 290 1152 310 ac
1182 290 1267 318 nugas
1288 282 1394 310 retexit.
1410 281 1481 314 Quin
1498 279 1643 308 nonnullas
1653 279 1687 305 ad
1698 285 1772 305 eam-

991 329 1053 356 dem
1067 328 1229 356 sententiam
1246 327 1352 354 fabulas
1366 325 1561 354 accommodat.
1574 323 1640 351 Nam
1653 322 1772 350 animam

991 373 1073 409 528
1087 373 1124 401 ob
1139 373 1177 406 id,
1201 373 1299 408 inquit,
1311 371 1400 407 ψυχὴν
1420 371 1547 403 dicimus,
1574 369 1646 405 quod
1665 369 1773 397 cmlitus

991 419 1078 446 atliata
1096 419 1142 446 sit.

1026 464 1070 491 Ad
1091 463 1150 491 haec
1176 467 1266 491 certas
1289 462 1323 490 ad
1349 462 1486 497 opinionis
1515 461 1590 490 falsa:
1615 459 1773 496 praesidium

992 510 1169 537 auctoritates
1185 508 1273 543 attert,
1284 516 1354 544 quas
1368 508 1519 544 Scripturis
1532 507 1619 536 sacris
1630 513 1773 542 perperam

992 555 1094 591 atlingit
1109 565 1116 583 :
1133 562 1193 590 qua:
1216 562 1267 582 nec
1291 555 1327 582 ita
1345 562 1406 582 sese
1432 554 1543 586 habent,
1555 561 1587 581 ac
1601 553 1680 588 longe
1696 551 1775 578 aliter

992 607 1057 630 sunt
1081 601 1169 630 editas.
1194 601 1272 635 Quod
1297 601 1370 628 enim
1397 608 1412 627 a
1438 599 1572 635 Propheta
1587 599 1690 626 dictum
1707 600 1774 628 est,

993 647 1152 682 Primquam
1179 647 1343 677 humiliarer.
1370 654 1416 682 ego
1447 646 1582 681 deliqui’.
1602 644 1683 672 verba
1714 648 1776 670 esse

993 694 1090 720 animae
1101 693 1187 728 ipsius
1199 692 1323 722 atIirmat.
1336 699 1397 718 cum
1414 692 1441 719 in
1463 692 1533 718 cmlo
1547 695 1627 718 antea
1641 688 1775 722 deliquis-

991 744 1045 770 set,
1063 746 1144 774 quam
1161 739 1195 766 ad
1214 738 1266 766 hoc
1289 745 1390 772 corpus
1411 737 1586 772 abjiceretur,
1607 733 1686 768 Quod
1711 741 1777 761 vero

993 783 1056 811 alibi
1079 783 1211 818 scriptum
1235 787 1288 815 est,
1314 782 1479 814 Convertere,
1503 782 1593 809 anima
1613 789 1682 811 mea.
1698 780 1726 807 in
1738 787 1776 806 re-

993 831 1078 865 quiem
1090 834 1163 857 tuam
1175 832 1197 862 ¹,
1209 837 1242 858 eo
1257 829 1430 857 referendum
1451 832 1538 864 putat.
1555 827 1628 863 quod
1645 827 1692 862 qui
1706 829 1776 854 stre-

158 868 202 895 διὰ
229 871 279 906 τὴν
306 873 389 899 αὑτοῦ
417 874 465 909 τῆς
491 875 623 909 ἐργασίας
646 875 863 911 δικαιοπραγίαν.
887 875 942 902 Καὶ

995 883 1047 903 nue
1067 879 1149 911 atque
1168 875 1276 910 egregie
1293 883 1323 902 se
1343 874 1371 901 in
1388 874 1440 902 hoc
1465 873 1568 901 mundo
1593 872 1719 908 gesserit,
1740 871 1778 898 ob

159 916 244 943 πολλά
260 917 333 944 ἐστιν
355 919 422 946 ἄλλα
440 920 551 947 τοιαῦτα
563 921 663 955 λέγειν.
683 921 719 947 Τὸ
735 921 896 948 κατέῑκόνα
914 921 943 948 δέ

158 968 240 996 φησιν
254 962 451 992 ἀπολωλεκέναι
467 966 512 992 τὸν
527 967 621 1002 Ἀδάμ.
638 967 787 1000 Ἐντεῦθεν,
801 968 879 1002 φησὶ,
897 968 944 994 καὶ

157 1007 221 1039 τοὺς
240 1009 356 1043 χιτῶνας
375 1011 438 1043 τοὺς
453 1011 631 1047 δερματίνους
655 1013 877 1048 ἐπισημήνασθαι
894 1013 944 1049 τὴν

158 1052 287 1089 Γραφὴν,
316 1056 356 1082 ὅτι
391 1057 548 1090 Ἐποίησεν
570 1059 691 1092 αὐτοῖς,
711 1059 794 1094 φησὶ,
818 1058 945 1094 χιτῶνας

158 1098 370 1134 δερμιιτινους,
400 1103 448 1128 καὶ
478 1102 623 1131 ἐνέδυσεν
644 1105 776 1137 αὐτοὺς,
799 1104 829 1131 τὸ
853 1104 942 1139 σῶμα,

158 1144 250 1178 φησιν,
267 1146 334 1174 ἐστὶ.
357 1147 411 1173 Καὶ
427 1147 510 1184 πολλή
528 1149 569 1181 τίς
592 1150 649 1175 ἐστι
665 1150 730 1185 παρ’
754 1149 834 1176 αὐτοῦ
847 1151 864 1184 ἡ
884 1150 945 1186 ᾁδο-

160 1191 228 1225 μένη
244 1191 338 1227 χλεύη.
361 1192 416 1227 Τήν
430 1202 460 1220 τε
485 1194 539 1221 τῶν
558 1195 661 1231 νεκρῶν
681 1195 827 1222 ἀνάστασιν
848 1196 943 1232 ὲλλιπῆ

158 1236 285 1267 ποιεῖται,
306 1236 343 1272 πὴ
365 1237 414 1272 μὲν
429 1238 500 1274 λόγῳ
522 1239 661 1274 παριστῶν
673 1239 785 1275 ταύτην,
803 1241 843 1276 πὴ
856 1241 884 1267 δὲ
902 1241 945 1274 ἐξ·

157 1282 239 1316 αρνού
244 1291 323 1317 μενος
338 1283 502 1316 τελεώτατα,
514 1285 607 1312 ἄλλοτε
621 1285 708 1312 δὲκαὶ
723 1287 805 1322 μέρος
816 1286 845 1318 ἐξ
859 1287 944 1322 αὐτῆς

157 1326 326 1356 ἀνίστασθαι.
350 1329 508 1365 Ἀλληγορεῖ
532 1330 560 1356 δὲ
584 1331 675 1357 λοιπὸν
694 1332 798 1367 ὅσαπερ
821 1332 942 1364 δύναται,

159 1372 203 1398 τόν
227 1382 256 1399 τε
280 1375 464 1410 παράδεισον,
488 1376 522 1402 τά
544 1385 573 1402 τε
596 1377 690 1404 τούτου
706 1377 807 1409 ὕδατα,
839 1379 885 1404 καὶ
910 1378 945 1405 τὰ

159 1417 251 1444 ἐπάνω
266 1420 320 1446 τῶν
338 1421 472 1456 οὐρανῶν,
497 1422 544 1448 καὶ
562 1423 592 1448 τὸ
607 1422 678 1458 ὕδωρ
692 1423 722 1449 τὸ
747 1423 874 1450 ὑποκάτω
894 1424 944 1459 τῆς

159 1463 220 1497 γῆς.
240 1464 331 1491 Ταῦτα
356 1465 383 1492 δὲ
409 1466 508 1493 καὶτὰ
528 1467 633 1499 τούτοις
657 1468 737 1503 ὃμοια
761 1467 887 1504 φλυαρῶν
913 1469 944 1495 οὐ

158 1508 300 1537 διαλείπει.
320 1512 390 1547 Ἤδη
403 1513 431 1539 δὲ
448 1513 494 1539 καὶ
514 1513 543 1539 ὲν
556 1513 645 1545 ἄλλοις
660 1515 716 1540 τισὶ
729 1514 822 1546 τόποις
834 1514 868 1541 τά
888 1523 944 1541 τοι·

159 1554 229 1582 αὖτα
243 1557 306 1592 περὶ
321 1558 403 1584 αὐτοῦ
420 1558 584 1595 μνησθέντες
595 1559 832 1595 διεξεληλύθαμεν.

995 920 1125 955 praeclara
1136 926 1185 947 sua
1199 919 1270 946 facta
1285 919 1422 954 vitamque
1431 925 1464 946 ex
1472 918 1577 953 justit‘ia
1587 920 1780 952 temperatam..

995 965 1029 992 ad
1043 972 1198 1000 supremam
1210 965 1282 992 illam
1294 964 1488 999 caelestemque
1503 963 1625 999 requiem
1639 969 1700 990 sese
1710 967 1781 988 con—

994 1017 1091 1040 vertat.
1104 1011 1238 1040 Sexcenta
1252 1011 1286 1039 ad
1300 1019 1362 1039 eum
1373 1011 1482 1038 modum
1489 1009 1697 1038 commemorari
1710 1015 1776 1043 pos-

995 1063 1069 1087 sunt.
1094 1058 1162 1087 Illud
1189 1065 1272 1094 porro
1294 1058 1403 1091 divina,
1420 1057 1493 1092 quod
1510 1056 1637 1088 habebat,
1651 1054 1777 1090 imaginis

994 1105 1079 1133 decus
1092 1104 1227 1132 Adamum
1244 1104 1397 1139 perdidisse
1411 1107 1515 1131 narrat.
1530 1101 1599 1129 Hinc
1610 1105 1664 1134 est,
1677 1100 1782 1135 inquit.

994 1150 1068 1186 quod
1083 1150 1258 1185 pellicearum
1282 1151 1438 1177 tunicarum
1458 1150 1485 1176 in
1500 1148 1641 1184 Scriptura
1655 1147 1691 1174 lit.
1700 1153 1775 1173 mem

996 1196 1033 1224 tio
1048 1205 1054 1223 :
1070 1195 1145 1223 Fecit
1175 1196 1228 1222 illis
1252 1196 1355 1222 tunicas
1382 1195 1514 1230 pellicem,
1533 1199 1558 1222 et
1572 1193 1657 1220 induit
1670 1194 1739 1228 ipso:
1755 1192 1785 1219 ³..

994 1241 1071 1274 Quod
1086 1241 1120 1268 de
1132 1249 1248 1277 corpore
1263 1241 1372 1276 accipit.
1387 1240 1505 1268 Omnino
1519 1239 1623 1266 infinita
1646 1239 1699 1266 alia
1713 1242 1787 1266 sunt-

995 1288 1029 1315 ab
1044 1295 1078 1315 eo
1091 1287 1234 1315 decantata
1257 1287 1392 1323 dogmata.
1409 1287 1466 1314 risu
1487 1293 1521 1313 ac
1544 1285 1660 1312 ludibrio
1684 1284 1776 1318 digna.

994 1332 1062 1360 Nam
1086 1336 1114 1360 et
1136 1336 1306 1360 IDOI'IUOI‘IIIII
1334 1331 1561 1358 resurrectionem
1591 1337 1715 1355 mancam
1746 1335 1786 1356 κ.

994 1377 1126 1405 defectam
1143 1376 1253 1404 asserit.
1267 1375 1355 1408 Quam
1370 1375 1479 1410 quidem
1507 1374 1612 1409 partim.
1631 1373 1722 1401 verbis
1737 1372 1783 1400 at"

994 1424 1095 1457 tirmat,
1113 1422 1210 1458 partim
1235 1421 1358 1449 funditus
1384 1421 1463 1448 tollit.
1486 1420 1560 1448 Alias
1586 1427 1649 1446 vero
1674 1423 1781 1453 partem

994 1470 1127 1497 duntaxat
1137 1467 1256 1495 hominis
1269 1467 1383 1495 excitari
1391 1471 1476 1502 putat.
1486 1465 1597 1493 Dcnmm
1611 1472 1782 1501 quaecunque

995 1517 1093 1549 potest.
1109 1513 1144 1541 ad
1162 1512 1308 1548 allegorias
1327 1511 1468 1542 transfert.
1484 1511 1556 1538 velut
1571 1510 1737 1546 paradisum,
1751 1513 1788 1536 et.

955 1557 978 1586 (Ξ
994 1568 1080 1596 aquas
1104 1567 1164 1595 qua:
1189 1559 1217 1586 in
1231 1566 1264 1587 eo
1280 1563 1359 1591 sunt.
1378 1565 1494 1593 quaeque
1510 1562 1538 1585 et
1552 1564 1635 1592 supra
1651 1556 1781 1583 ctelestes

161 1602 253 1635 orbes,
268 1607 295 1630 et
309 1604 363 1631 sub
381 1609 454 1631 terra
473 1606 651 1634 collocantur.
664 1605 726 1633 Haec
751 1610 778 1633 et
791 1606 834 1634 bis
859 1606 960 1634 similia
978 1608 1074 1642 nugari
1099 1614 1152 1635 non
1169 1605 1279 1638 desinit,
1313 1611 1430 1640 quorum
1454 1603 1617 1631 mentionem
1638 1601 1695 1636 jam
1718 1601 1787 1629 aliis-

160 1647 190 1676 in
203 1649 268 1676 locis
283 1650 458 1684 aspersimus.

196 1697 233 1722 E’.
253 1696 336 1723 Οὐδὲν
346 1697 375 1723 δὲ
393 1698 439 1724 καὶ
453 1698 500 1724 νῦν
517 1698 633 1734 λυπήσει
646 1696 724 1730 αὖθις
738 1698 767 1725 ὲν
779 1699 811 1734 τῇ
826 1699 885 1725 κατ’
899 1698 945 1725 αὑ·

159 1742 210 1778 τὴν
226 1743 331 1778 αἱρέσει
345 1743 410 1778 περὶ
424 1743 473 1778 τῆς
494 1743 577 1770 αὐτοῦ
595 1744 770 1780 περιπετείας
785 1743 831 1770 καὶ
850 1743 946 1770 ὑποθέ-

161 1796 230 1819 σεως
240 1788 432 1824 διηγήσασθαι,
448 1790 495 1816 καὶ
510 1789 540 1821 ἐξ
553 1789 634 1816 αὑτοῦ
654 1789 708 1815 τῶν
720 1789 765 1815 ὑπ’
782 1789 863 1816 αὑτοῦ
878 1789 944 1816 om-

161 1834 336 1869 δαλλομένων
353 1834 402 1870 τὴν
423 1835 579 1871 ἀνατροπὴν
598 1835 771 1871 ποιήσασθαι.
790 1835 876 1870 Πολλὴ
891 1834 945 1870 γὰρ

160 1880 178 1915 ὴ
194 1880 289 1907 τούτου
304 1880 415 1916 ὕστερον
429 1881 562 1917 γενομένη
587 1881 695 1912 ἀτοπία,
711 1881 759 1908 καὶ
774 1881 944 1916 ἐπιτήδευσις

161 1927 424 1962 παραπεποιημένης
446 1927 565 1960 ἑννοίας,
589 1927 637 1954 καὶ
663 1927 716 1959 ἔξω
741 1926 873 1963 βεϐηκυῖα
895 1927 945 1962 τῆς

160 1971 297 2006 ἀληθείας.
315 1973 407 2005 Ἔδοξε
427 1973 480 2009 γὰρ
495 1973 567 2000 κατὰ
587 1974 719 2008 αἱρέσεων
743 1973 838 1999 πασῶν
857 1973 945 2007 λέγειν

160 2017 214 2043 τῶν
231 2018 283 2053 πρὸ
297 2017 389 2049 αὑτοῦ,
407 2019 454 2045 καὶ¹
481 2018 644 2054 ἀνατρέπειν
669 2019 803 2053 ἑκάστην·
833 2018 946 2054 ὕστερον

160 2062 189 2089 δὲ
205 2064 252 2089 καὶ
270 2063 461 2099 αὺτὸςαϊρεσιν
474 2065 504 2090 οὐ
517 2065 566 2100 τὴν
579 2063 714 2099 τυχοῦσαν
725 2064 826 2100 ταύτην
842 2064 881 2099 τῷ
896 2065 946 2100 βίῳ

161 2109 287 2145 ἐξήμεσε.
304 2110 358 2136 Καὶ
373 2109 479 2145 πρῶτον
498 2110 547 2145 μὲν
561 2108 607 2137 οὖν
625 2111 659 2137 τὰ
675 2111 720 2137 ὑπ’
733 2111 814 2137 αὑτοῦ
831 2111 946 2146 ρηθέντα

160 2155 200 2186 είς
212 2155 322 2190 ἔλεγχον
334 2155 384 2190 τῆς
400 2155 484 2182 αὑτοῦ
499 2156 764 2191 παραπεποιημένης
779 2156 945 2183 ὲπιπλάστου

160 2199 264 2231 ὲννοίας
276 2199 487 2235 παραθήσομαι·
502 2200 596 2227 ἔπειτα
613 2201 642 2227 δὲ
658 2201 705 2227 καὶ
717 2202 751 2228 τὰ
765 2201 847 2228 αὑτοῦ
861 2201 944 2237 ρηθη-
959 2210 981 2237 ι)

161 2245 263 2280 σόμενα
286 2246 334 2280 τῆς
353 2245 431 2280 ἡμῶν
453 2245 628 2281 μετριότητος
648 2245 788 2279 ὑποδείξω.
811 2247 865 2274 Καὶ
885 2247 941 2272 ἐστι

160 2290 235 2323 τάδε,
249 2291 352 2326 ὅσαπερ
373 2291 402 2316 ἐν
422 2290 461 2325 τῷ
477 2290 578 2326 πρώτῳ
600 2291 700 2326 ψαλμῷ
721 2292 884 2327 εἰσηγήσατο
903 2292 943 2326 τῷ

162 2336 222 2372 βιῳ.
255 2337 299 2362 Ἐν
316 2336 391 2372 πάσῃ
413 2336 466 2373 γὰρ
479 2336 583 2374 Τραφῇ
611 2337 655 2363 ἀεὶ
676 2337 851 2370 ὀλισθαὶνων,
874 2338 944 2364 κατὰ

161 2381 233 2414 λέξιν
248 2383 277 2408 ὲν
288 2383 344 2414 τοῖς
355 2382 514 2416 ἀναγκαίοις
525 2383 688 2418 παρέπεσεν.
702 2383 810 2418 Ἐπειδὴ
821 2383 850 2410 δὲ
863 2383 945 2417 ὄγκος

162 2428 245 2460 πολύς
264 2429 337 2455 ἐστι·
364 2428 471 2462 λέγεται
491 2428 546 2464 γὰρ
567 2428 667 2464 πολλὴν
685 2430 863 2464 πεποιηκέναι
880 2429 941 2456 σύνι

160 2472 246 2507 ταξιν.
265 2473 312 2504 Εἰς
329 2472 446 2508 ἑκάστην
461 2473 515 2508 γάρ
533 2472 709 2512 Γραφὴνηὼς
729 2473 806 2508 ἔφην,
824 2475 855 2500 οὺ
874 2483 944 2509 παρ-

160 2519 279 2554 ῃτήσατο
303 2519 390 2545 ειπεῖν
404 2518 422 2546 ἃ.
436 2519 509 2554 αὐτῷ
525 2518 607 2551 ἔδοξε.
623 2520 678 2546 Καὶ
690 2519 740 2546 ὅσα
755 2520 804 2554 μὲν
816 2521 844 2546 ὲν
861 2528 945 2556 προσ-

159 2564 289 2600 ομιλιαις,
302 2564 348 2590 καὶ
366 2564 410 2591 διὰ
426 2564 480 2591 τῶν
494 2565 655 2600 προοιμίων,
671 2566 711 2596 είς
724 2565 776 2600 ἢθη
788 2573 819 2592 τε
838 2566 885 2592 καὶ
902 2567 942 2598 είς

161 2608 255 2643 φύσεις
267 2607 343 2640 ζώων
363 2616 393 2634 τε
423 2609 471 2635 καὶ
486 2609 539 2636 τῶν
560 2609 650 2636 ἄλλων
665 2608 782 2645 εἴρηται,
797 2609 877 2644 μέσος
896 2618 942 2645 φε-

160 2654 273 2689 ρόμενος
298 2653 426 2685 πολλάκις
449 2654 576 2689 χαρίεντα
600 2654 763 2689 διηγήσατο·
780 2655 830 2681 ὅσα
849 2655 879 2681 δὲ
902 2656 943 2687 εἰς

159 2699 280 2734 δόγματα
296 2699 466 2735 ἐδογμάτισε,
483 2701 531 2727 καὶ
544 2700 608 2736 περὶ
621 2700 747 2733 πίστεως,
759 2702 805 2728 καὶ
822 2702 942 2737 μείζονος

159 2744 287 2780 θεωρίας,
303 2745 358 2772 τῶν
374 2745 482 2773 πάντων
496 2745 656 2774 ἀτοπώτατα
668 2746 723 2774 τῶν
733 2746 787 2782 πρὸ
798 2747 881 2774 αὑτοῦ
895 2748 942 2775 καὶ

197 2833 207 2850 ⁸
223 2832 295 2862 Psal.
308 2841 406 2869 cum,
418 2835 462 2862 67.
500 2835 510 2850 ¹
521 2833 592 2863 Psal.
610 2841 682 2868 cxiv,
703 2835 727 2862 7.
766 2835 776 2852 ³
789 2835 856 2863 Gen.
875 2841 918 2868 ιιι,
931 2835 977 2863 2t.

1032 1694 1065 1721 ν.
1086 1695 1144 1722 Hoc
1167 1703 1230 1724 vero
1247 1695 1383 1731 loco,quo
1405 1694 1537 1721 adversus
1562 1693 1633 1720 hanc
1654 1692 1779 1720 haeresim

995 1743 1131 1777 praecipue
1155 1742 1337 1777 disputamus,
1361 1741 1520 1769 temerarias
1543 1740 1615 1767 illius
1638 1739 1779 1774 opiniones

995 1795 1027 1815 ac
1040 1787 1168 1823 dogmata
1189 1791 1313 1823 repetere
1324 1795 1378 1815 non
1394 1787 1578 1823 gravabiinur,
1593 1789 1620 1814 et
1635 1785 1670 1813 ab
1683 1785 1779 1813 eodem

995 1832 1055 1867 ipso
1065 1833 1244 1860 conﬁctarum
1264 1832 1299 1859 ab
1315 1840 1348 1860 eo
1362 1831 1513 1860 fabularum
1529 1831 1718 1859 refutationem
1736 1838 1780 1857 ar-

995 1886 1112 1907 cessere.
1133 1878 1252 1914 Longius
1269 1878 1369 1914 quippe
1397 1878 1526 1912 deinceps
1549 1877 1666 1904 hominis
1680 1876 1779 1904 absur-

994 1925 1074 1957 ditas,
1090 1931 1288 1960 pravarumque
1305 1923 1463 1958 opinionum
1485 1928 1512 1950 et
1534 1931 1550 1950 a
1565 1923 1678 1950 veritate
1690 1929 1779 1949 remo.

994 1970 1162 1997 tissimarum
1179 1969 1318 1997 atl‘ectatio
1341 1976 1486 2004 progressa
1512 1973 1564 1995 est.
1579 1967 1635 2008 .Qui
1656 1974 1717 1994 cum
1731 1966 1779 1994 ad-

994 2023 1090 2043 versus
1116 2015 1270 2050 superiores
1300 2022 1395 2042 omnes
1421 2014 1538 2041 haereses
1564 2013 1728 2047 disputasse,
1746 2019 1780 2040 ac

996 2061 1116 2095 singulas
1138 2060 1269 2088 evertisse
1293 2060 1369 2087 visus
1387 2059 1433 2092 sit,
1449 2063 1543 2094 postea
1559 2062 1649 2085 tamen
1661 2065 1738 2085 suam
1752 2063 1785 2085 et.

996 2107 1054 2141 ipse
1070 2106 1206 2138 heresim,
1221 2111 1248 2135 et
1262 2106 1371 2142 quidem
1394 2105 1466 2133 haud
1488 2104 1627 2141 vulgarem
1642 2105 1670 2131 in
1684 2104 1785 2132 orbem.

995 2155 1130 2178 terrarum
1154 2152 1284 2179 evomuit.
1311 2150 1388 2178 Libet
1414 2158 1489 2183 vero.
1517 2151 1549 2178 ad
1565 2150 1785 2178 commentitiam.

995 2196 1068 2223 illius
1092 2196 1247 2232 opinionem
1267 2196 1493 2229 convincendam.
1514 2205 1575 2232 qua:
1601 2197 1635 2224 ab
1657 2204 1691 2224 eo
1705 2196 1783 2224 dicta

995 2247 1060 2270 stitit
1072 2244 1160 2280 primo
1175 2243 1236 2272 loco
1251 2243 1385 2278 subjicere
1397 2263 1406 2276 ,
1419 2243 1517 2271 deinde
1527 2251 1586 2278 qua:
1600 2243 1635 2270 ab
1648 2243 1782 2270 tenuitate

996 2294 1090 2317 nostra
1107 2289 1239 2318 adversus
1255 2290 1331 2317 illum
1352 2289 1466 2317 dicenda
1486 2288 1597 2320 fuerint.
1620 2288 1726 2315 atl‘erre.
1740 2289 1779 2316 Ea

996 2343 1062 2362 vero
1074 2339 1149 2367 sunt,
1164 2343 1225 2370 qua:
1244 2335 1278 2362 ad
1303 2335 1420 2372 primunt
1441 2335 1575 2370 psalmum
1606 2335 1634 2361 in
1660 2333 1779 2362 medium

997 2380 1118 2408 adduxit.
1149 2380 1216 2408 Nam
1245 2389 1306 2409 cum
1337 2381 1366 2408 in
1391 2381 1466 2408 omni
1483 2380 1624 2416 Scriptura
1649 2386 1780 2415 perpetuo

997 2426 1079 2461 529
1095 2426 1244 2462 sitlapsus,
1260 2427 1287 2454 in
1302 2427 1448 2462 praecipuis
1470 2435 1501 2454 ac
1516 2427 1679 2454 necessariis
1693 2427 1779 2461 potis-

997 2473 1112 2500 simum:
1127 2473 1244 2510 singulis
1267 2481 1335 2509 pene
1355 2475 1521 2503 dictionibus
1541 2475 1660 2501 aberrat.
1680 2473 1778 2501 Verum

996 2518 1064 2546 illud
1080 2518 1249 2553 eofacimus,
1263 2519 1337 2555 quod
1358 2520 1521 2555 scriptorum
1544 2520 1654 2548 illorum
1681 2520 1779 2553 ingens

995 2564 1120 2600 quaedam
1135 2566 1222 2594 moles
1233 2571 1287 2594 est.
1302 2566 1370 2593 Nam
1385 2566 1493 2594 inﬁnita
1507 2566 1652 2602 scripsisse
1666 2565 1778 2599 dicitur,

995 2618 1057 2638 cum
1080 2610 1114 2638 ad
1130 2611 1254 2647 singulos
1277 2611 1425 2647 Scriptura:
1437 2612 1532 2643 libros,
1555 2619 1616 2648 quae
1641 2611 1693 2639 sibi
1708 2611 1778 2639 vide.

995 2661 1093 2685 rentur
1116 2657 1225 2686 eliutire
1252 2666 1308 2686 non
1330 2659 1503 2687 dubitaverit.
1519 2658 1652 2687 Caeterum
1669 2666 1730 2693 quae
1750 2659 1777 2686 in

996 2703 1168 2732 sermonibus
1195 2704 1229 2731 ad
1256 2705 1386 2740 populum
1414 2704 1525 2737 habitis,
1539 2713 1571 2732 ac
1585 2704 1725 2740 procemiis
1743 2704 1778 2731 de

997 2749 1129 2784 moribus,
1146 2755 1173 2779 et
1187 2751 1468 2785 mimaliuminatura.
1480 2750 1640 2786 ceterisque
1654 2750 1680 2777 id
1691 2757 1783 2785 genus
