1958 3050
151 95 219 124 101‘.)

858 94 886 122 S.
903 95 1058 122 EPIPHANI

1700 91 1770 119 1080

150 153 289 187 disseruit,
305 154 392 182 media
407 155 522 190 quadam
539 154 671 182 insistens
698 154 740 181 via
764 155 831 182 scite
857 146 937 188 atque

991 154 1049 189 μετ’
1066 153 1146 180 αὐτὸν
1165 153 1330 188 εὑρίσκεται,
1348 152 1417 187 πλὴν
1437 152 1490 178 τῶν
1509 153 1536 178 ὲν
1555 151 1615 183 ταῖς
1633 149 1769 185 αἱρέσεσιν

150 199 287 233 eleganter
296 199 454 234 plerumque
469 200 625 234 disputavit.
638 199 702 232 Quae
715 208 778 226 vero
785 200 817 226 de
824 199 932 234 dogma-

983 199 1192 235 αἰσχρουργιῶν.

150 245 222 272 tibus
250 245 429 276 elucubravit,
457 245 544 280 deque
562 246 623 277 fide,
647 253 678 273 ac
694 246 806 280 reliquis
834 246 929 280 majori
947 247 1178 281 contemplatione
1199 245 1298 280 dignis,
1317 245 1396 280 longe
1413 247 1518 272 caeteris
1537 250 1631 270 eorum
1648 241 1769 268 omnium

183 386 222 414 Ac
237 384 344 412 videtur
367 392 434 412 sane
454 389 481 412 et
498 389 651 412 ascetarum
669 386 740 414 idem
763 387 809 413 ille
827 387 937 414 institu-

150 436 209 458 tum
231 432 382 467 amplexus.
398 431 628 466 quemadmodum
645 436 725 459 antea
745 432 836 459 docui.
855 431 894 460 0b
911 433 936 460 id

150 478 323 505 stomachum
338 478 418 513 iillius
435 478 526 505 ferunt
541 482 651 512 propter
666 477 829 512 exquisitam
844 485 939 512 quam-

151 524 214 551 dam
233 524 297 551 vitae
312 525 456 555 rationein,
473 527 500 551 et
512 524 641 555 inediam,
658 529 739 559 atque
761 525 795 550 ab
809 524 937 551 animatis

151 570 281 598 omnibus
301 570 510 604 temperantiam
529 570 695 598 concidisse.
721 569 774 597 Sed
787 570 842 604 jam
860 570 934 597 illius

151 615 235 642 verba
259 615 431 650 proferamus
458 624 492 643 ex
522 616 583 651 ejus
606 616 639 643 ad
662 617 779 650 priorem
802 616 933 650 psalmum

152 662 356 688 commentariis
371 661 543 696 deprompta,
564 665 591 688 et
612 669 646 689 ex
668 661 935 689 considerationibus

153 707 186 733 ad
210 707 335 734 eumdem
364 707 456 738 editis,
483 707 695 742 dogmatumque
716 706 934 738 tractationibus,

152 751 264 779 totidem
278 753 376 786 quibus
393 752 504 787 scripsit
524 752 570 778 ille
589 752 692 784 verbis,
707 759 742 779 ne
757 752 819 785 quis
839 759 889 779 nos
904 752 936 778 il-

103 319 106 323 ,
150 293 281 323 decretis.
311 293 358 327 qui
391 296 438 320 aut
463 297 680 324 antecesserunt,
706 298 753 320 aut
777 298 838 328 post
861 294 937 320 illum
967 294 1140 326 exstiterunt,
1168 293 1302 328 ineptiora
1334 296 1362 320 et
1390 291 1549 319 absurdiora
1578 290 1721 321 videntur,
1746 288 1769 315 si

104 352 106 355 τ
150 338 281 366 duntaxat
303 339 418 366 aliarum
440 339 578 366 haereseon
604 338 704 373 ﬂagitia
733 347 764 366 ac
791 339 925 367 fmditates
943 339 1072 374 excipias.

1028 386 1120 418 Ἔδοξε
1138 385 1192 420 γὰρ
1214 385 1260 412 καὶ
1284 383 1412 418 ἀσκητῶν
1439 383 1495 418 βίον
1511 381 1706 417 ἐπανῃρῆσθαι,
1732 382 1769 413 ὡς

991 432 1039 457 κα)⁵
1055 431 1110 458 ἄνω
1143 438 1187 465 μοι
1213 429 1421 465 προδεδήλωται.
1451 428 1496 454 Διὸ
1522 427 1634 454 καὶτὸν
1659 427 1769 462 θώρακα

990 476 1073 504 αὑτοῦ
1093 476 1158 511 φασί
1172 484 1243 507 τινες
1259 475 1313 502 ἀπὺ
1329 474 1481 510 ὑπερδολῆς
1499 473 1644 505 πολιτείας,
1665 473 1769 505 ἀσιτίας

989 531 1019 549 τε
1041 522 1087 549 καὶ
1105 522 1210 557 ἀποχῆς
1225 521 1364 557 ἐμψύχων,
1383 521 1562 548 πεπτωκέναι.
1587 520 1655 556 Φέρε
1674 519 1705 555 δὴ
1724 517 1769 546 οὖν

989 569 1074 600 αὐτὰς
1087 568 1136 600 τὰς
1149 567 1231 594 αὑτοῦ
1248 567 1333 600 λέξεις
1351 566 1563 603 παραθησόμεθα
1587 567 1618 592 ὲκ
1631 565 1679 592 τοῦ
1696 565 1768 601 πρώ-

985 624 1032 642 του
1050 614 1172 650 ψαλμοῦ,
1195 614 1240 641 καὶ
1269 614 1323 640 τῶν
1347 614 1375 640 ἐν
1404 613 1478 648 αὐτῷ
1497 612 1633 647 θεωριῶν,
1661 611 1707 638 καὶ
1732 607 1769 638 ὧν

985 660 1162 695 ἐδογμάτισεν
1175 660 1266 691 αὐτοῖς
1279 661 1334 691 τοῖς
1349 659 1453 693 λόγοις·
1470 659 1512 686 ἵνα
1528 659 1564 694 μή
1580 666 1652 689 τινες
1672 657 1769 683 εἴπωσι

986 706 1020 733 τὰ
1036 707 1095 733 κατ’
1111 706 1193 733 αὐτοῦ
1211 707 1256 740 ὑφ’
1271 706 1349 741 ἡμῶν
1364 705 1496 740 λεγόμενα
1506 702 1768 738 σεσυκοφαντῆσθαι.

986 752 1041 778 Καὶ
1067 751 1115 786 οὐχ
1133 751 1174 778 ὅτι
1197 751 1305 783 πάντως
1330 751 1408 786 μόνον
1431 751 1460 776 ἐν
1487 749 1525 785 τῷ
1546 749 1648 786 πρώτῳ
1670 748 1770 784 ψαλμῷ

152 797 207 824 lius
223 797 304 825 dictis
327 798 492 825 calumniam
507 797 605 825 fecisse
621 798 706 824 dicat.
727 797 816 832 Atque
831 805 864 825 ex
884 798 935 824 hoc

991 797 1097 833 ἐξέπεσε
1114 798 1162 832 τῆς
1178 797 1317 832 ἀληθείας,
1336 796 1373 828 ὡς
1388 796 1517 827 πολλάκις
1534 793 1620 828 εἷπον,
1640 794 1707 821 ἀλλὰ
1723 795 1770 821 καὶ

152 844 322 878 potissimum
337 844 397 871 loco
411 844 563 872 transferre
579 844 732 877 voluimus;
748 852 803 871 non
820 843 893 879 quod
907 844 934 870 in

152 889 196 915 bis
210 889 342 916 duntaxat
359 890 392 917 ad
412 891 531 925 priorem
547 890 681 925 psalmum
700 890 904 918 commentariis
919 897 934 916 a

152 935 266 962 veritate
284 934 423 967 ceciderit,
449 939 478 962 ut
495 943 615 970 persaepe
637 939 753 963 testatus
773 943 849 968 sum;
872 943 934 962 nam

152 979 180 1006 in
203 979 330 1007 omnibus
344 980 424 1015 plane
449 981 606 1013 aberravit;
631 980 678 1008 sed
694 980 767 1015 quod
791 981 934 1008 innumera

151 1027 208 1054 sint
226 1027 260 1054 ab
276 1035 310 1055 eo
328 1027 494 1056 monimenta
511 1029 616 1059 relicta.
632 1028 771 1056 nonnullis
787 1036 821 1056 ex
843 1036 876 1056 eo
889 1028 936 1056 illo

151 1074 258 1108 psalmo
282 1074 416 1108 collectis,
443 1083 477 1102 ex
504 1083 558 1102 una
577 1079 624 1102 aut
655 1076 751 1107 altera,
779 1076 820 1103 vel
846 1075 935 1103 tribus

151 1121 226 1144 certe
243 1119 354 1146 vocibus
375 1126 484 1146 omnem
502 1120 575 1148 illius
590 1122 616 1147 in
642 1121 695 1152 his,
716 1128 776 1156 qua:
798 1120 831 1148 ad
856 1121 934 1148 ﬁdem

151 1162 300 1196 pertinent,
321 1163 522 1198 improbitatem
538 1166 691 1199 aperiemus
706 1174 713 1193 :
730 1173 761 1192 ac
778 1166 935 1193 necessario

151 1207 246 1234 eadem
263 1208 362 1242 quibus
384 1209 429 1236 ille
455 1217 521 1237 usus
542 1214 583 1237 est
604 1211 684 1238 verba
705 1210 865 1238 referemus.
887 1210 936 1238 Est

153 1252 237 1287 igitur
253 1254 470 1290 uniuscujusque
488 1255 617 1283 dictionis
633 1257 706 1283 velut
724 1257 810 1284 solum
825 1264 857 1283 ac
873 1256 935 1283 fun-

153 1298 311 1326 damentum
330 1299 497 1334 hujusmodi,
517 1305 546 1328 ut
570 1301 653 1334 illud,
678 1302 800 1330 studiose
817 1302 934 1335 auditor,

153 1344 300 1380 intelligas,
316 1346 540 1375 manifestissime
551 1346 649 1375 Filium
664 1347 711 1375 Dei
730 1352 883 1376 creaturam
901 1349 935 1376 ab

986 844 1015 868 ὲν
1039 842 1141 879 ἑκάστῃ
1163 842 1302 878 ἐξηγήσει.
1327 842 1376 868 Διὰ
1402 841 1430 867 δὲ
1447 841 1493 868 τὸν
1514 841 1594 875 δγκον
1616 839 1666 875 τῆς
1687 839 1769 866 αὐτοῦ

985 889 1177 923 πραγματείας
1205 888 1259 915 ἀπὸ
1280 887 1327 914 τοῦ
1353 886 1550 922 προειρημένου
1572 885 1679 920 ψαλμοῦ
1707 885 1770 911 συλκ

985 935 1111 967 λέξαντες
1137 934 1267 965 ἐνταῦθα,
1284 934 1338 961 ἀπὸ
1362 934 1412 968 τῆς
1439 932 1543 968 μιᾶς,ἢ
1569 931 1625 963 δύο,
1648 932 1664 967 ἢ
1687 931 1770 967 τριῶν

986 979 1092 1012 λέξεων,
1118 981 1148 1008 τὸ
1162 982 1216 1007 πᾶν
1239 980 1270 1006 τὸ
1295 981 1360 1016 περὶ
1371 980 1419 1016 τὴν
1436 979 1525 1006 πίστιν
1546 979 1596 1014 τῆς
1620 978 1770 1014 μοχθηρίας

985 1026 1067 1052 αὑτοῦ
1094 1025 1322 1060 ἀποκαλύψωμεν,
1344 1025 1400 1052 Καὶ
1421 1025 1518 1052 ταυτὸν
1534 1032 1563 1050 τε
1584 1024 1670 1050 εἰπεῖν
1683 1023 1771 1057 ἀναγ-

986 1073 1071 1104 καίως
1096 1071 1328 1107 ἐπιμελησόμεθα.
1365 1071 1420 1098 Καὶ
1446 1070 1518 1097 ἔστιν
1547 1069 1626 1101 εὐθὺς
1653 1069 1771 1104 ἑκάστης

987 1120 1084 1152 λέξεως
1099 1120 1129 1146 τὸ
1151 1119 1257 1154 ὲδάφιον
1278 1119 1374 1150 οὕτως,
1390 1119 1463 1149 ὅπως
1478 1117 1578 1153 γνῴης,
1599 1114 1621 1143 ὥ
1644 1115 1771 1150 φιλόκαλε

987 1160 1119 1202 ἀκροατὰ,
1135 1167 1176 1192 ὅτι
1189 1166 1366 1202 φανερώτατα
1379 1165 1424 1191 τὸν
1441 1163 1504 1190 Υἱδν
1523 1162 1569 1190 τοῦ
1582 1161 1648 1189 Θεοῦ
1671 1161 1771 1196 κτίσμα

988 1212 1159 1247 ἐδογμάτισε.
1184 1212 1238 1238 Καὶ
1262 1211 1317 1238 ἀπὸ
1343 1211 1391 1246 τῆς
1418 1210 1482 1246 περὶ
1510 1208 1556 1236 τοῦ
1582 1208 1646 1235 Υἱοῦ
1672 1207 1771 1242 τόλμης

988 1258 1088 1293 γνῴης,
1104 1259 1143 1285 ὄτι
1165 1259 1211 1286 καὶ
1225 1259 1255 1285 τὸ
1271 1258 1382 1292 Πνεῦμα
1403 1257 1432 1284 τὸ
1449 1256 1525 1290 ἅγιον
1539 1254 1645 1282 κτιστδν
1660 1253 1771 1288 εἰσηγή-

989 1313 1063 1331 σατο.
1086 1305 1145 1331 Ἀπ’
1169 1305 1255 1340 ἀρχῆς
1271 1302 1317 1330 οὖν
1337 1303 1509 1337 ἁναλέξωμεν
1526 1302 1572 1328 τὸν
1588 1300 1703 1336 ψαλμὸν,
1721 1299 1771 1331 ἓως

988 1350 1075 1384 αὐτῆς
1090 1350 1138 1385 τῆς
1154 1350 1263 1382 λέξεως,
1278 1349 1315 1380 ὠς
1331 1349 1410 1380 αὐτὸς
1431 1347 1568 1384 Ὠριγένης
1583 1345 1645 1381 ἔφη.

153 1390 200 1418 ί¹¹ο
230 1393 390 1426 Ρηεάίοπὶς
411 1398 438 1421 ct
457 1402 491 1422 ex
514 1395 560 1422 illa
588 1395 616 1422 in
635 1395 732 1422 Filium
752 1397 903 1424 temeritate
941 1404 1090 1432 cognoscas
1113 1398 1195 1425 etiam
1216 1396 1348 1432 Spiritum
1372 1399 1497 1423 sanctum
1518 1397 1639 1421 creatum
1669 1391 1703 1418 ab
1726 1397 1772 1417 eo-

153 1438 215 1466 dem
226 1442 346 1468 censeri.
363 1441 498 1476 Quocirca
529 1444 664 1479 psalmum
691 1444 767 1472 illum
787 1445 821 1471 ab
852 1444 930 1472 initio
960 1449 1134 1481 repetemus,
1167 1444 1336 1480 totidemque
1370 1443 1480 1475 verbis,
1511 1441 1612 1477 quibus
1644 1438 1772 1467 Oriveues

154 1486 274 1521 scripsit.

155 1544 198 1572 Ea:
224 1544 346 1580 Origenis
373 1546 568 1573 commentariis
593 1546 628 1572 ad
655 1546 785 1581 psalmum
811 1547 934 1582 primum.
950 1552 973 1582 α

189 1600 236 1628 Vl.
256 1601 370 1629 Clausus
392 1601 608 1637 obsignatasque
632 1601 790 1638 Scripturas
813 1611 874 1631 esse
897 1611 941 1631 sa-

155 1655 218 1675 cras
234 1647 327 1675 divina
340 1651 475 1675 testantur
488 1649 616 1682 oracula;
634 1648 715 1683 idque
729 1648 839 1677 Davidis
853 1650 940 1681 clave,

155 1700 188 1720 ac
203 1692 316 1720 forsitan
332 1696 359 1719 et
374 1692 474 1728 sigillo,
490 1692 524 1720 de
537 1700 591 1728 quo
607 1693 739 1728 scriptum
756 1699 799 1721 est
814 1703 820 1720 :
838 1693 941 1728 Figura

157 1739 240 1774 sigilli
255 1739 384 1766 sanctitas
402 1739 515 1766 Domina
529 1739 549 1765 ι.
564 1738 641 1772 Quod
656 1739 690 1766 de
703 1739 805 1766 virtute
823 1739 879 1772 Dei,
893 1740 941 1774 qui

155 1791 188 1812 ea
199 1784 313 1818 largitus
334 1788 387 1817 est,
411 1784 525 1819 intelligi
550 1784 642 1816 debet,
660 1792 721 1819 qua;
744 1784 870 1813 videlicet
893 1793 941 1820 per

157 1830 275 1864 Sigillum
298 1829 485 1857 adumbratur.
504 1829 584 1865 530
599 1831 706 1858 btentm
724 1830 833 1858 clausas
859 1834 941 1864 atque

156 1875 313 1909 obsignatas
335 1881 397 1902 esse
413 1873 569 1909 Scripturas
585 1883 704 1902 Joannes
729 1876 757 1902 in
777 1875 940 1909 Apocalypsi

157 1919 277 1946 declarat
293 1919 335 1947 his
348 1919 454 1947 verbis:
467 1918 502 1946 Et
516 1919 607 1954 angelo
624 1919 759 1951 Ecclesiae,
773 1927 831 1954 qua:
848 1919 941 1946 Phila-

156 1963 267 1998 delphite
283 1968 332 1996 est,
353 1964 437 1991 scribe
451 1972 460 1990 :
475 1964 538 1992 Ha'c
552 1965 615 1990 dicit
635 1964 759 1997 Sanctus,
783 1964 874 1997 Verus,
896 1965 941 1999 qui

157 2008 233 2035 habet
246 2009 344 2036 clavem
360 2009 445 2036 David
454 2017 464 2042 ,'
477 2010 522 2045 qui
539 2010 634 2044 aperit,
647 2015 672 2037 et
686 2018 761 2036 nemo
776 2009 900 2042 claudet;
916 2015 941 2036 et

157 2055 267 2085 claudit,
282 2059 308 2082 et
328 2063 402 2082 nemo
415 2056 523 2090 aperiet.
541 2055 610 2084 Novi
628 2063 707 2089 opera
723 2061 786 2087 tua;
803 2055 879 2090 posui
899 2055 941 2090 fa-

157 2108 198 2126 res
220 2108 310 2127 coram
330 2105 353 2127 te
368 2106 484 2135 apertas,
507 2108 572 2135 quas
589 2109 664 2128 nemo
680 2101 802 2129 claudere
823 2101 939 2135 patest’.

158 2146 260 2173 Deinde
272 2147 353 2181 paulo
369 2150 430 2182 post
445 2156 451 2173 :
470 2146 504 2173 Et
515 2147 568 2173 vidi
580 2147 615 2174 ad
628 2147 763 2175 dexteram
780 2147 893 2174 sedentis
914 2147 941 2176 in

159 2193 252 2219 throno
268 2192 362 2219 librum
375 2193 501 2227 scriptum
515 2193 585 2219 intus
600 2197 625 2219 et
643 2201 659 2219 a
675 2197 756 2228 tergo,
774 2193 940 2228 obsignatum

158 2240 300 2279 signaculis
325 2244 430 2274 septem.
457 2238 491 2265 Et
515 2238 569 2266 vidi
591 2239 712 2273 angelum
735 2239 942 2273 proclamantem

157 2293 216 2311 voce
229 2293 324 2320 magna
337 2292 346 2310 :
358 2285 424 2317 Quis
450 2288 488 2311 est
503 2284 597 2318 dignus
613 2284 714 2318 aperire
731 2283 826 2310 librum
845 2288 870 2310 et
888 2283 943 2310 sol-

158 2339 214 2357 vere
230 2330 366 2365 signacula
382 2330 458 2364 ejus?
475 2329 509 2356 Et
528 2338 602 2356 nemo
615 2334 716 2364 poterat
733 2330 761 2356 in
776 2329 848 2360 coelo,
863 2337 942 2364 neque

158 2377 185 2402 in
201 2381 281 2406 terra,
297 2384 376 2410 neque
387 2375 474 2402 subter
483 2380 579 2402 (errant
589 2375 689 2410 aperire
701 2375 807 2406 librum,
817 2383 862 2402 nec
875 2375 942 2409 aspi-

159 2429 214 2448 cere
229 2422 313 2448 illum.
330 2421 364 2447 Et
380 2421 486 2455 ﬂebam.
506 2422 629 2456 quoniam
652 2428 725 2447 nemo
742 2420 836 2455 dignus
850 2421 941 2446 inven-

160 2473 201 2493 tus
225 2471 263 2492 est
290 2467 392 2500 aperire
418 2466 525 2498 librant,
546 2475 626 2501 neque
655 2467 770 2500 aspicere
792 2466 878 2493 illum.
907 2465 941 2492 Et

159 2520 226 2538 unus
243 2511 275 2537 de
288 2511 432 2538 senioribus
446 2510 513 2537 dixit
527 2512 608 2538 mihi:
621 2511 685 2537 Noli
700 2511 762 2545 ﬂere
779 2519 788 2537 :
805 2519 862 2538 ecce
882 2511 942 2538 vicit

159 2559 198 2584 leo
213 2558 244 2584 de
262 2557 332 2583 tribu
353 2556 435 2588 Juda,
459 2557 537 2584 radix
560 2556 653 2589 David,
679 2558 779 2591 aperire
795 2557 901 2590 librum,
918 2561 943 2584 et

160 2609 255 2637 septum
272 2603 410 2639 signacula
428 2604 485 2636 ejus
498 2603 517 2629 ³.
534 2603 570 2630 De
588 2604 646 2630 sola
662 2611 724 2631 vera
751 2603 941 2638 obsignatione

159 2650 197 2676 ita
211 2649 330 2683 loquitur
346 2648 429 2676 Isaias
444 2659 450 2676 :
465 2648 498 2675 Et
511 2654 585 2676 erunt
598 2649 668 2676 vobis
681 2649 757 2676 verba
769 2649 824 2676 Ita'c
840 2650 938 2680 omnia,

159 2696 228 2722 sicut
239 2704 369 2723 sermones
384 2695 444 2722 libri
456 2695 532 2730 hujus
545 2696 685 2730 obsignati,
699 2704 774 2730 quem
786 2696 809 2722 si
822 2695 939 2722 dederint

1095 1545 1158 1573 Τῶν
1179 1545 1344 1580 Ὡριγένους
1359 1546 1402 1577 εὶς
1419 1544 1472 1571 τὸν
1492 1546 1518 1570 α’
1533 1543 1666 1577 ψαλιιόν.

1027 1604 1071 1636 q'.
1093 1601 1255 1629 Κεκλεῖσθαι
1278 1601 1325 1628 καὶ
1348 1599 1528 1636 ὲσφραγίσθαι
1551 1599 1600 1630 τὰς
1614 1598 1688 1630 θείας
1705 1597 1772 1633 Γρα-

992 1649 1043 1682 (pa;
1059 1650 1082 1675 οι
1097 1648 1163 1675 Θεῖοί
1183 1656 1250 1682 φασι
1271 1647 1343 1681 λύγοι
1367 1647 1400 1682 τῇ
1422 1645 1507 1672 κλειδὶ
1524 1645 1572 1671 τοῦ
1588 1644 1680 1675 Δαϐὶδ,
1704 1644 1771 1679 τάχα

990 1694 1018 1721 δὲ
1039 1693 1087 1721 καὶ
1108 1693 1245 1728 σφραγῖδι,
1263 1692 1326 1727 περὶ
1349 1690 1383 1727 ἦς
1401 1691 1507 1726 εἴρηται
1531 1689 1581 1721 τὸ,
1602 1689 1772 1723 Ἐκτύπωμα

990 1739 1154 1774 σφραγῖδος
1172 1739 1306 1773 ἀτίασμα
1331 1737 1445 1770 Κυρίῳ“
1469 1735 1591 1762 τουτέστι
1606 1736 1639 1770 τῇ
1663 1734 1772 1768 δυνάμει

989 1786 1036 1812 τοῦ
1065 1785 1210 1816 δεδωκότος
1226 1784 1310 1815 αὑτὰς
1326 1783 1404 1814 Θεοῦ,
1426 1783 1459 1818 τῇ
1483 1781 1536 1808 ὑπὸ
1556 1782 1606 1816 τῆς
1630 1780 1772 1815 σφραγῖδος

989 1831 1150 1867 δηλουμένη.
1171 1829 1238 1865 Περὶ
1254 1829 1304 1864 μὲν
1318 1826 1365 1856 οὖν
1383 1828 1430 1854 τοῦ
1445 1827 1597 1854 κεκλεῖσθαι
1615 1826 1660 1852 καὶ
1673 1826 1772 1861 ἐσφρα-

990 1876 1082 1911 γίσθαι
1107 1877 1121 1902 ὁ
1150 1876 1276 1910 Ἰωάννης
1297 1874 1465 1901 ἀναδιδάσκει
1492 1874 1521 1899 ὲν
1541 1874 1574 1908 τῇ
1595 1871 1773 1906 Ἀποκαλύψει

989 1923 1076 1956 λέγων
1086 1930 1092 1937 ·
1113 1921 1168 1948 Kal
1184 1920 1224 1953 τῷ
1239 1921 1354 1956 ἀγγέλῳ
1372 1919 1427 1954 τῆς
1439 1919 1474 1946 ἐν
1489 1918 1688 1952 Φιλαδελφείςι
1709 1918 1773 1944 Ἐλ-

991 1967 1121 2001 κλησίας
1140 1965 1270 2001 γράψον·
1291 1964 1362 1993 Τάδε
1382 1965 1461 1999 λέγει
1480 1966 1496 1992 ὁ
1511 1965 1610 1998 ’Ἄγιος
1627 1966 1643 1990 ὀ
1663 1964 1774 1997 Ἀληθις

990 2013 1053 2046 νὸς,
1076 2016 1093 2040 ό
1108 2013 1186 2047 ἔχων
1209 2012 1266 2046 τὴν
1287 2012 1372 2038 κλεῖν
1397 2011 1449 2038 τοῦ
1469 2010 1573 2037 Δαϐίδ·
1594 2011 1610 2036 ό
1637 2009 1773 2044 ἀνοίγων,

991 2059 1039 2085 καὶ
1067 2057 1166 2091 οὐδεὶς
1197 2058 1328 2089 κλείσει,
1362 2057 1412 2084 καὶ
1446 2057 1567 2088 κλείων,
1594 2055 1644 2082 καὶ
1675 2055 1773 2087 οὐδεὶς

990 2105 1114 2137 ἀνοίξει.
1140 2103 1212 2131 Οἶδά
1225 2111 1283 2131 σου
1301 2104 1338 2130 τὰ
1357 2103 1444 2138 ἔργω
1461 2102 1525 2129 ιόοὺ
1549 2101 1664 2128 δέδωκα
1682 2102 1774 2135 θύραν

989 2150 1117 2177 ἐνώπιόν
1144 2157 1201 2177 σου
1228 2147 1435 2184 ἀνεῳγμένην,
1462 2147 1502 2181 ἣν
1525 2147 1624 2180 οὐδεὶς
1652 2147 1774 2173 δύναται

992 2196 1110 2223 κλεῖσαι
1135 2195 1246 2228 αὺτήν’
1273 2197 1320 2221 καὶ
1344 2195 1403 2230 μετ’
1427 2194 1520 2228 ὀλίγα·
1544 2193 1599 2220 Kal
1624 2191 1705 2220 εἶδον
1725 2192 1773 2219 ἐπὶ

992 2243 1050 2277 τὴν
1069 2242 1170 2274 δεξιὰν
1191 2241 1245 2269 τοῦ
1262 2240 1430 2275 καθημένου
1452 2241 1502 2266 ἐπὶ
1526 2240 1579 2266 τὸν
1603 2239 1710 2273 θρόνον
1727 2238 1774 2270 ,ϐι-

993 2289 1078 2315 ϐλίον
1100 2287 1301 2322 γεγραμμένον
1322 2286 1434 2313 ἔσωθεν
1466 2285 1516 2312 καὶ
1546 2285 1680 2315 ὄπισθεν,
1707 2292 1774 2310 κατ-

991 2333 1231 2368 εσφραγισμένον
1246 2332 1409 2366 σφραγῖσιν
1419 2331 1502 2358 ἑπτά.
1520 2331 1574 2357 Kal
1588 2328 1669 2356 εἶδον
1689 2329 1774 2364 ἀγγε-

992 2380 1049 2405 λον
1086 2377 1212 2412 ἰσχυρὸν
1245 2377 1438 2413 κηρύσσοντα
1457 2375 1542 2410 φωνῇ
1555 2369 1670 2410 μεγάλῃ
1685 2383 1692 2390 ν
1729 2375 1775 2406 Τίς

993 2424 1075 2457 ἄξιος
1093 2423 1208 2455 ἀνοῖξαι
1222 2423 1254 2450 τὸ
1266 2423 1396 2455 βιϐλίον,
1411 2422 1461 2450 καὶ
1475 2421 1568 2449 λῦσαι
1586 2421 1639 2454 τὰς
1653 2419 1774 2454 σφραγῖ-

993 2470 1047 2502 δας
1068 2469 1178 2500 αὑτοῦ;
1195 2468 1250 2496 Kal
1273 2468 1373 2501 οὐδεὶς
1399 2468 1529 2501 ἠδύνατο
1545 2467 1580 2493 ἐν
1593 2465 1633 2498 τῷ
1648 2465 1774 2500 οἰφανῷ,

994 2515 1062 2542 οὗτε
1077 2515 1126 2541 ἐπὶ
1138 2515 1193 2548 τῆς
1211 2514 1277 2549 τῆς,
1290 2515 1358 2541 οὔτε
1371 2513 1509 2540 ὑποκάτω
1521 2512 1575 2546 τῆς
1589 2511 1645 2546 Τῆς
1661 2511 1775 2543 ἀνοῖξαι

993 2561 1027 2588 τὸ
1042 2561 1172 2593 βιϐλίον,
1196 2561 1265 2587 οὔτε
1275 2560 1403 2592 ,ϐλέπειν
1414 2560 1495 2586 αὑτό.
1514 2559 1569 2587 Καὶ
1584 2559 1716 2589 ἔκλαιον,
1731 2557 1775 2583 ὅτι

994 2605 1091 2638 οὐδεὶς
1111 2605 1195 2638 ἄξιος
1217 2606 1323 2639 εὐρέοη
1353 2604 1469 2636 ἀνοῖξαι
1491 2604 1525 2630 τὸ
1549 2603 1685 2635 βιϐλίον,
1707 2603 1775 2629 οὔτε

991 2650 1119 2681 βλέπειν
1137 2651 1218 2678 αὑτό.
1241 2651 1295 2678 Καὶ
1310 2647 1353 2682 εἷς
1376 2650 1410 2676 ἐκ
1431 2648 1489 2676 τῶν
1504 2647 1712 2682 πρεσϐυτέριον
1724 2647 1774 2674 λέ-

994 2704 1038 2730 γει
1055 2705 1121 2730 μοι·
1150 2695 1200 2730 Μὴ
1215 2695 1298 2724 κλαῖε
1310 2704 1316 2711 ·
1336 2694 1400 2723 ἰδοὺ
1415 2694 1557 2728 ἐνίκησεν
1577 2694 1594 2720 ὀ
1611 2691 1688 2720 λέων
1703 2693 1720 2720 d
1741 2691 1776 2718 ἐκ

199 2773 205 2789 ³
223 2773 308 2801 Exod.
325 2780 419 2806 xxviii,
433 2773 475 2801 56.
499 2773 509 2788 ¹
536 2773 620 2808 Apoc.
640 2781 679 2806 in,
698 2774 723 2800 7.
763 2773 773 2788 ³
789 2773 873 2809 Apoc.
889 2781 916 2806 v,
933 2773 994 2803 1-5.
