1958 3050
144 135 207 164 I08I

483 139 667 168 ADVERSUS
687 141 855 170 IIA'IRESES
874 143 938 169 LIB.
959 142 990 169 II.
1008 142 1090 170 TOM.
1112 144 1169 170 1.-
1185 143 1320 170 Il/ERES.
1341 143 1431 172 LXIV.

1683 128 1752 171 me

144 190 196 225 τῆς
211 190 313 226 φυλῆς
333 193 437 225 Ἰούδα,
460 196 480 229 ἠ
497 195 562 229 ῥίζα
577 196 675 228 Δαϐὶδ,
697 197 813 230 ἀνοῖξαι
829 198 862 224 τὸ
876 199 924 231 ,βι-

981 198 1074 226 iomim'
1096 199 1189 225 scienti
1209 198 1322 228 litteras.
1345 198 1458 224 dicentes
1472 206 1480 224 :
1494 197 1558 232 Lege
1582 198 1656 229 ista;
1676 203 1699 224 et
1716 206 1758 225 re-

144 238 227 264 σλΐον
247 238 296 265 καὶ
322 239 375 271 τὰς
399 240 473 266 ἑπτὰ
494 241 658 276 σφραγῖδας
678 243 780 270 αὑτοῦ.
807 245 874 279 Περὶ
895 244 924 270 δὲ

145 282 187 309 τοῦ
202 283 382 318 ὲσφραγίσύαι
397 286 476 320 μόνον
490 285 504 310 ό
524 286 634 318 Ἡσαΐας
647 287 733 319 οὕτως
743 296 751 302 ·
773 289 827 314 Kal
841 289 925 315 ἔσται

144 329 211 362 ὑμῖν
225 329 260 356 τὰ
276 329 394 364 ῥήματα
415 331 509 358 ταῦτα
530 332 637 364 πάντα,
657 333 697 366 ὡς
719 335 746 360 al
770 334 851 368 λόγοι
872 334 925 360 τοῦ

145 373 260 403 βιϐλίου
277 375 384 401 τούτου
400 375 453 402 τοῦ
466 376 717 411 ἐσφραγισμένοι).
734 377 749 403 ὂ
766 377 821 404 ἐὰν
833 376 926 404 δῶσιν

145 419 213 446 αὐτὸ
234 420 374 454 ἀνθρώπῳ
387 422 574 456 ἐπισταμένῳ
595 423 758 457 γράμματα,
773 424 922 458 ,λέγοντες-

148 464 301 499 Άνιὶγνωθι
323 467 430 493 ταῦτα·
459 468 507 494 καὶ
537 467 614 501 ἐρεῖ·
646 469 687 495 σὺ
706 468 833 502 δύναμαι
856 469 927 495 ἁνα-

145 510 266 545 γψῶναν
282 512 478 547 ἐσφράγισται
497 513 563 548 γάρ.
586 513 639 541 Καὶ
653 513 811 547 δοθήσεται
830 514 863 540 τὸ
877 515 926 547 βι-

144 556 226 582 ϐλίον
250 557 337 584 τοῦτο
359 559 402 591 εὶς
423 558 524 592 χεῷας
538 559 695 593 ἀνθρώπου
709 559 752 594 μὴ
769 559 926 593 ἐπισταμέ-

144 610 196 627 νου
219 602 383 637 γράμματα,
411 604 460 630 καὶ
478 605 553 638 ἐρεῖ·
577 606 638 632 Οὺκ
658 605 817 638 (im/atatim
838 604 927 639 τράμ-

145 656 229 679 μίιτα.
254 648 346 675 Ταῦτα
357 649 410 685 γὰρ
424 650 454 676 οὐ
478 651 558 685 μόνον
576 652 639 687 περὶ
652 651 701 687 τῆς
720 650 928 684 ’Λποκαλύψεως

149 691 272 718 Ἰωάννου
283 694 329 719 καὶ
347 693 392 720 τοῦ
417 695 528 721 Ἡσαΐου
543 695 683 730 νομιστέον
702 695 837 728 λέγεσθαι,
860 695 928 721 ἀλλὰ

145 737 190 763 καὶ
214 738 277 773 περὶ
294 739 384 774 πάσης
401 739 475 771 Θείας
494 740 605 776 Γραφῆς
630 741 865 775 ὁμολογουμένως,
881 740 928 768 καὶ

146 783 220 818 παρὰ
234 785 288 816 τοῖς
309 785 426 820 μετρίως
443 786 547 813 ἐπαΐειν
560 786 646 820 λόγων
665 785 743 812 θείων
761 786 926 821 δυναμένοις,

145 827 367 862 πεπληρωμένοις
392 830 559 864 αἰνιγμάτων
584 830 631 856 καὶ
661 829 834 866 παραϐολῶν,
864 838 927 856 σκο-

975 243 1125 277 spondebit.‘
1139 243 1199 270 Non
1214 251 1320 277 possunt
1335 243 1435 277 legere;
1450 247 1487 269 est
1509 243 1577 269 enim
1596 241 1757 275 obsignatus.

976 289 1008 315 Et
1023 288 1131 315 dabitur
1147 288 1212 315 liber
1227 289 1268 314 Iric
1282 290 1307 315 in
1327 297 1420 315 munus
1434 289 1546 315 hominis
1567 287 1702 314 nescientis
1715 287 1760 314 lit-

976 338 1062 365 teras;
1082 339 1107 361 et
1128 335 1220 361 dicet:
1243 334 1337 361 Nescio
1359 335 1460 360 litteras
1474 335 1496 360 ¹.
1521 333 1583 360 Haec
1608 334 1679 360 enim
1705 341 1760 360 non

975 380 1009 406 ad
1026 379 1208 415 Apocalypsin
1231 380 1319 407 solum
1335 379 1460 410 Joannis,
1480 383 1527 406 aut
1542 378 1617 406 lsaire
1634 379 1760 406 vaticinia

975 426 1112 459 pertinere
1126 426 1274 460 putandum
1291 430 1342 457 est,
1359 426 1405 453 sed
1423 425 1455 452 de
1474 425 1601 452 universa
1617 424 1759 459 Scriptura

976 477 1053 497 sacra
1079 471 1188 506 penitus
1214 470 1372 505 accipienda
1399 473 1473 497 sunt.
1497 470 1574 502 Quod
1603 477 1669 497 sane
1687 468 1759 503 apud

975 515 1037 542 illos
1060 516 1088 543 in
1113 516 1242 543 confesso
1269 519 1330 546 est,
1356 517 1402 550 qui
1429 515 1582 542 divinarum
1606 515 1759 541 litterarum

978 560 1101 587 notitiam
1121 561 1162 587 \el
1181 560 1354 587 mediocriter
1381 561 1500 587 assecuti
1524 564 1598 587 sunt.
1615 559 1680 592 Qua}
1701 559 1761 593 qui-

976 605 1036 632 dem
1051 606 1226 640 aznigmatum
1243 606 1403 636 involucris,
1419 613 1449 632 ac
1465 606 1612 640 parabolis,
1633 605 1761 631 tenebro-

977 651 1070 685 sisque
1091 651 1273 681 sermonibus,
1300 659 1332 677 ac
1359 651 1476 678 diversis
1499 651 1562 678 aliis
1585 650 1762 677 obscuritatis

977 696 1132 730 generibus,
1155 704 1215 730 quae
1237 696 1356 723 hominis
1380 696 1490 730 ingenio
1512 695 1621 723 dillicile
1638 702 1763 729 compre-

977 740 1145 772 henduntur,
1169 741 1276 768 refertae
1293 745 1367 768 sunt.
1387 741 1464 774 Quod
1479 746 1506 769 et
1525 742 1651 769 Salvator
1668 746 1762 769 osten-

978 786 1041 813 dere
1061 787 1165 818 volens,
1190 788 1291 814 clavem
1316 787 1385 821 apud
1412 787 1524 814 Scribas
1552 792 1579 814 et
1611 786 1763 814 Pharisaaos

977 838 1038 857 esse
1054 830 1132 862 dixit,
1153 831 1200 865 qui
1217 835 1246 858 ut
1265 832 1337 858 viam
1357 831 1389 858 ad
1403 831 1580 866 aperiendum
1597 831 1763 861 invenirent.

146 872 237 898 τεινὼν
256 881 286 898 τε
312 873 409 907 λόγων,
431 875 478 900 καὶ
501 874 588 901 ἄλλων
613 875 741 902 ποικίλων
761 875 839 901 εἱδῶν
861 875 925 902 ἀσα-

981 876 1088 903 minime
1096 877 1303 904 contenderent.
1319 876 1363 908 Et,
1387 877 1429 904 Va:
1445 877 1527 910 vobis,
1544 878 1643 912 inquit,
1661 876 1765 911 legispe-

146 917 232 951 φείας,
255 918 413 953 δυσλήπτων
429 921 461 955 τῇ
485 919 643 957 ἀνθρωπίνῃ
666 920 755 955 φύσει.
779 921 867 957 Ὅπερ
886 922 926 948 δι-

146 963 220 996 δάξαι
236 963 394 999 βουλόμενος
418 965 465 991 καὶ
480 966 494 992 ὁ
515 966 608 1001 Σωτήρ
626 975 718 1001 φησιν,
735 967 773 998 ὠς
789 967 838 1001 τῆς
852 967 926 994 κλει-

981 922 1052 953 ritis,
1075 924 1198 956 quoniam
1222 922 1322 948 tulistis
1346 922 1443 949 clavem
1464 923 1590 955 scientia,
1612 930 1692 956 neque
1713 921 1764 956 ipsi

979 969 1111 1000 intrastis,
1123 975 1147 996 et
1162 971 1289 996 intrantes
1302 978 1352 996 non
1366 970 1517 1003 permittitis
1531 969 1630 1005 ingredi
1643 969 1663 996 ’.

145 1009 187 1040 δὸς
212 1009 294 1045 οὔσης
311 1011 385 1046 παρὰ
399 1013 455 1042 τοῖς
482 1011 672 1046 γραμματεῦτι
689 1013 736 1039 καὶ
751 1013 918 1048 Φαρισαίοις,
937 1014 986 1040 οὐκ
1010 1015 1220 1049 ἀγωνιζομένοις
1243 1015 1292 1050 τὴν
1305 1015 1364 1041 ὁδὸν
1389 1016 1478 1050 εὑρεῖν
1503 1015 1549 1042 τοῦ
1571 1015 1684 1048 ἀνοῖξαι,
1721 1013 1764 1054 τὺ,

145 1055 216 1082 Οὐαὶ
250 1056 320 1091 ὑμῖν
345 1056 407 1089 τοῖς
426 1056 575 1091 νομικοῖς·
599 1057 642 1083 ὅτι
663 1057 753 1091 ἤρατε
775 1057 831 1091 τὴν
851 1057 956 1086 κλεῖδα
974 1058 1028 1092 τῆς
1057 1059 1204 1094 γνώσεως,
1228 1060 1312 1087 αὐτοὶ
1338 1061 1394 1086 οὐκ
1418 1060 1583 1095 statumen:
1612 1060 1663 1087 καὶ
1692 1059 1764 1093 τοὺς

145 1103 370 1137 εἰσερχομένους
385 1103 439 1129 οὐκ
459 1102 562 1136 ἀφίετε
580 1103 738 1130 εἰσελθεῖν.

177 1152 213 1177 Ζ¹.
234 1149 325 1176 Ταῦτα
340 1149 368 1176 δὲ
383 1150 448 1184 ἡμῖν
470 1149 499 1175 ὲν
514 1149 648 1184 προοιμίῳ
663 1149 797 1180 λέλεκται.
817 1151 858 1182 εἰς
880 1150 927 1186 μέ-

148 1204 234 1231 γιστον
259 1194 362 1229 ἀγῶνα,
391 1195 438 1220 καὶ
463 1194 686 1229 ὁμολογουμένως
707 1195 776 1230 ὑπὲρ
791 1196 865 1230 ἡμᾶς
881 1195 929 1222 καὶ

147 1242 192 1277 τὴν
207 1240 262 1272 ἕξιν
279 1240 368 1275 ἡμῶν,
383 1238 615 1274 ἀναγκαζομένοις
629 1239 682 1266 ὑπὸ
697 1240 746 1275 τῆς
766 1240 864 1276 πολλῆς
881 1249 927 1267 σου

145 1286 333 1322 φιλομαθείας,
348 1286 395 1312 καὶ
408 1284 624 1320 δυσωπουμένοις
645 1285 697 1312 ὑπὸ
713 1287 761 1321 τῆς
779 1287 928 1322 χρηστότη-

146 1341 189 1364 τος
206 1333 252 1359 καὶ
267 1332 317 1367 τῆς
335 1331 508 1367 μετριότητός
531 1340 589 1362 σου,
613 1331 670 1367 ίερὲ
692 1332 847 1367 Ἀμϐρόσιε,
863 1342 928 1360 κατ-

145 1377 241 1404 ελθεῖν.
258 1377 313 1404 Καὶ
326 1377 367 1404 ὅτι
381 1386 412 1411 γε
428 1378 473 1403 ἐπὶ
492 1377 557 1404 πολὺ
580 1377 760 1413 ἁναδυόμενόν
778 1387 821 1414 με,
841 1378 885 1405 διὰ
898 1379 929 1405 τὸ

145 1423 240 1450 ειδέναι
257 1423 301 1449 τὸν
324 1423 443 1450 κίνδυνον
465 1423 495 1450 οὐ
522 1423 601 1458 μόνον
616 1422 663 1449 τοῦ
688 1423 777 1458 λέγειν
794 1425 858 1460 περὶ
874 1425 928 1451 τῶν

146 1469 241 1503 ἁγίων,
266 1468 334 1495 ἀλλὰ
359 1467 449 1503 πολλῷ
468 1468 559 1495 πλεῖον
582 1469 629 1495 τοῦ
653 1469 780 1504 γράφειν.
808 1470 854 1496 καὶ
873 1471 928 1501 τοῖς

1008 1149 1064 1176 VII.
1086 1148 1148 1176 Haec
1167 1157 1181 1175 a
1196 1150 1275 1178 nobis
1290 1149 1507 1185 velutprazfandi
1520 1150 1607 1185 gratia
1628 1151 1766 1185 proposita

977 1200 1050 1227 sunt,
1076 1196 1122 1229 qui
1150 1195 1177 1222 in
1204 1196 1353 1222 maximum
1376 1200 1526 1228 certamen,
1550 1196 1676 1230 quodque
1696 1197 1767 1225 vires

976 1247 1085 1269 nostras
1111 1250 1143 1268 ac
1163 1241 1240 1276 531
1260 1242 1417 1269 facultatem
1443 1243 1503 1269 sine
1529 1242 1583 1268 ulla
1598 1241 1767 1271 dubitatione

978 1293 1090 1323 supcrat
1110 1288 1143 1314 ab
1165 1288 1266 1322 ingenti
1291 1292 1350 1319 tuo,
1369 1288 1496 1316 Ambrosi
1515 1288 1556 1314 vir
1577 1289 1765 1321 sanctissime,

979 1341 1044 1368 erga
1062 1333 1166 1360 litteras
1186 1333 1277 1360 studio
1293 1333 1422 1360 concitati
1442 1333 1554 1366 fuimus,
1567 1338 1594 1361 et
1608 1338 1638 1361 ut
1657 1334 1684 1361 in
1700 1335 1766 1362 illud

978 1379 1208 1406 descenderemus
1236 1379 1405 1406 humanitate
1432 1383 1478 1406 tua
1516 1387 1547 1406 ac
1582 1379 1768 1408 moderatione

975 1424 1110 1462 perpulsi.
1127 1423 1354 1459 Quandoquidem
1370 1425 1416 1452 diu
1435 1432 1488 1455 me.
1502 1429 1640 1460 comperta
1652 1426 1766 1460 periculi

980 1471 1181 1505 magnitudine,
1195 1475 1377 1503 recusantem,
1397 1479 1451 1498 non
1471 1471 1552 1498 modo
1573 1471 1713 1506 disputare
1732 1472 1766 1500 de

147 1514 203 1549 μεθ’
230 1514 302 1549 ἡμᾶς
317 1514 488 1547 καταλιπεῖν,
504 1514 682 1546 παντοδαπῶς
706 1515 864 1550 κατεπᾴδων
884 1524 929 1550 φι-

981 1518 1067 1545 sacris
1089 1517 1218 1549 Litteris,
1250 1518 1297 1545 sed
1314 1522 1340 1544 ct
1362 1517 1448 1544 multo
1469 1517 1555 1552 magis
1581 1518 1711 1549 scribere,
1736 1525 1768 1545 ac

146 1559 240 1591 λικῶς,
256 1560 303 1586 καὶ
321 1560 391 1586 κατὰ
415 1560 554 1596 προκοπὴν
570 1560 694 1596 θεότητος
710 1562 750 1594 είς
768 1561 847 1588 τοῦτο
861 1562 930 1598 ἠγα-

147 1604 193 1638 τές
211 1613 244 1640 με
256 1613 264 1620 ·
290 1604 394 1640 μάρτυς
417 1605 463 1632 ἔσο
486 1613 531 1639 μοι
546 1606 614 1642 πρὸς
635 1606 701 1633 Θεὸν
719 1606 778 1641 μεθ’
797 1607 859 1634 ὅλου
882 1607 929 1634 τοῦ

146 1650 214 1684 βίου,
230 1650 276 1677 καὶ
294 1650 358 1685 περὶ
371 1650 424 1677 τῶν
443 1651 671 1686 ὑπηγορευμένων
690 1651 889 1687 ἐξεταζομένων
907 1653 928 1685 ¹,

148 1695 208 1730 ποίᾳ
222 1703 250 1721 τε
266 1695 393 1730 προθέσει
406 1695 451 1722 τοῦ
459 1705 483 1722 to
497 1697 654 1732 γεγένηται.
676 1698 732 1724 Καὶ
754 1699 791 1733 πὴ
819 1699 867 1733 μὲν
885 1699 930 1724 ὲνο

149 1742 324 1776 τυγχάνομεν,
352 1742 389 1774 πὴ
418 1742 445 1768 δὲ
471 1743 531 1777 ἦτοι
558 1743 706 1778 βιαζόμεθα
729 1744 889 1780 βιαιότερον,
912 1745 929 1780 ῆ

146 1786 275 1821 δοκοῦμέν
296 1795 321 1812 τι
335 1787 434 1821 λέγειν.
457 1787 665 1824 Ἐξιχνεὺσαμεν
684 1790 712 1816 δὲ
730 1790 760 1816 τὸ
773 1791 932 1826 γεγραμμέ-

147 1841 189 1858 νον
204 1831 235 1858 οὐ
248 1832 480 1868 καταφρονοῦντες
495 1833 554 1866 τοῦ,
570 1834 635 1861 Ὅτε
646 1834 745 1869 λέγεις
757 1836 822 1869 περὶ
845 1837 929 1868 Θεοῦ,

147 1876 231 1910 κρίνῃ
247 1876 304 1903 ὑπὸ
325 1877 408 1911 Θεοῦ,
429 1877 519 1910 καλῶς
547 1879 702 1914 εἰρημένου.
727 1881 781 1907 Καὶ
806 1881 845 1911 τὸ,
863 1881 932 1914 Περὶ

147 1922 220 1948 Θεοῦ
243 1922 292 1948 καὶ
317 1922 432 1957 τάληθῆ
463 1925 573 1958 λέγειν,
594 1924 736 1958 κίνδυνος
762 1927 797 1953 οὺ
812 1928 930 1960 μικρός.

153 1967 294 2002 Ἀξιοῠμεν
325 1969 426 2001 τοίνυν,
453 1970 514 1996 ὲπιὶ
539 1970 622 2005 μηδὲν
655 1972 739 2006 χωρὶς
761 1972 828 1999 Θεοῦ
850 1972 933 2000 καλὸν

147 2011 217 2040 εἶναι
231 2013 352 2047 δύναται,
369 2016 415 2041 καὶ
434 2016 550 2050 μάλιστα
565 2017 656 2052 νόησις
673 2017 788 2053 Γραφῶν
807 2018 934 2045 θεοπνεύ-

149 2067 229 2090 στων,
246 2059 330 2090 ὅπως,
348 2060 386 2096 τῷ
405 2061 492 2097 Πατρὶ
507 2062 561 2088 τῶν
577 2063 645 2089 ὅλων
668 2063 727 2099 Θεῷ
746 2063 790 2090 διὰ
812 2064 858 2090 τοῦ
875 2065 932 2092 Σωα

147 2104 229 2139 τῆρος
246 2105 325 2140 ἡμῶν
339 2106 386 2132 καὶ
401 2106 562 2142 ἀρχιερέως,
587 2108 719 2143 γεννητοῦ
740 2108 807 2135 Θεοῦ
825 2109 933 2144 προσιέ-

147 2157 200 2180 ναι,
228 2149 348 2184 αἰτήσεις
369 2149 476 2184 δοθῆναι
496 2151 560 2185 ἡμῖν
585 2151 692 2186 πρῶτον
720 2151 810 2184 καλῶς
830 2151 931 2186 ζητεῖν.

153 2192 306 2220 Ἐπῖκειται
330 2194 384 2230 γὰρ
400 2196 456 2226 τοῖς
481 2195 607 2231 ζητοῦσιν
620 2189 772 2231 ἐπαγγελία
795 2197 841 2224 τοῦ
861 2197 934 2233 εὑρί-

149 2247 224 2266 σκειν
236 2248 242 2254 ·
261 2239 332 2275 τάχα
350 2240 409 2266 οὐδὲ
427 2240 476 2276 τὴν
498 2242 585 2277 ἀρχὴν
603 2243 642 2274 εἰς
665 2243 813 2278 ζητοῦντας
827 2242 933 2276 λογιζο-

151 2285 240 2321 μένων
257 2285 332 2321 παρὰ
341 2286 401 2320 Θεῷ
416 2286 470 2312 τῶν
485 2287 534 2322 οὐχ
551 2287 603 2322 ὀδῷ
619 2289 665 2315 ἐπὶ
679 2288 758 2315 τοῦτο
774 2288 931 2324 προῖόντων.

149 2331 226 2363 Ἕως
237 2327 295 2357 ὧδε
314 2330 349 2357 τὰ
361 2331 418 2358 ἀπὸ
435 2332 613 2366 Ὠριγένους.

980 1563 1098 1598 posteris
1116 1563 1282 1597 relinquere,
1308 1561 1395 1589 modis
1419 1561 1546 1589 omnibus
1574 1567 1655 1596 atque
1674 1562 1767 1589 illece-

980 1607 1039 1635 bris
1059 1607 1226 1640 demulsisti,
1250 1611 1278 1634 et
1299 1606 1333 1633 ad
1355 1607 1406 1634 hoc
1429 1606 1593 1641 quibusdam
1617 1606 1769 1635 divinitatis

980 1652 1220 1687 progressionibus
1247 1651 1395 1678 adduxisti.
1423 1649 1464 1677 Tu
1492 1651 1574 1686 igitur
1594 1651 1673 1679 testis
1700 1652 1769 1679 mihi

981 1698 1051 1733 apud
1065 1697 1150 1726 Deum
1165 1697 1230 1729 eris,
1254 1701 1311 1724 tum
1328 1704 1390 1724 cum
1407 1697 1440 1724 de
1458 1697 1514 1724 vita
1536 1704 1595 1724 mea
1611 1704 1642 1724 ac
1658 1697 1770 1732 scriptis

981 1743 1110 1778 inquiret,
1127 1750 1247 1777 quonam
1261 1742 1345 1769 animi
1355 1742 1471 1770 consilio
1485 1742 1520 1770 sit
1536 1742 1601 1769 illud
1613 1749 1628 1769 a
1648 1750 1691 1770 me
1704 1751 1769 1770 sus-

981 1792 1102 1822 ceptum.
1134 1788 1173 1814 Ae
1191 1795 1385 1823 nonnunquam
1407 1787 1516 1822 quidem
1532 1788 1672 1815 veritatem
1694 1796 1770 1816 asse-

985 1833 1318 1868 quimurmonnunquam
1335 1837 1382 1860 aut
1394 1833 1540 1860 violentius
1552 1833 1768 1868 perrumpimus,

982 1882 1030 1905 aut
1046 1878 1138 1906 dicere
1160 1879 1262 1914 aliquid
1278 1879 1414 1906 videmur.
1438 1878 1524 1905 Porro
1539 1878 1612 1913 quod
1636 1878 1768 1912 scriptum

981 1927 1024 1951 est
1039 1924 1242 1958 vestigavimus,
1259 1931 1314 1950 non
1335 1924 1371 1950 ita
1392 1928 1420 1950 ut
1435 1923 1566 1958 praeclare
1582 1923 1648 1949 illud
1664 1923 1769 1950 dictum

983 1973 1219 1997 contemneremus
1235 1979 1241 1996 :
1257 1969 1322 1996 Cum
1341 1969 1373 1996 de
1391 1969 1446 1996 Deo
1463 1969 1542 2001 dicis,
1563 1978 1579 1996 α
1601 1968 1770 2004 Deojutlica-

983 2016 1030 2042 ris.
1046 2016 1109 2042 Item
1126 2015 1191 2042 illud
1206 2025 1212 2042 :
1231 2015 1268 2042 De
1283 2015 1335 2042 Deo
1351 2015 1430 2041 etiam
1449 2023 1509 2042 uera
1527 2015 1621 2047 dicere,
1650 2023 1701 2042 non
1717 2021 1770 2042 me-

983 2061 1071 2087 diocre
1089 2061 1234 2094 periculum
1258 2065 1306 2087 est.
1337 2060 1519 2093 Quamobrem
1536 2068 1598 2088 cum
1618 2061 1686 2087 nihil
1711 2060 1770 2088 sine

985 2106 1041 2134 Deo
1068 2114 1129 2134 esse
1148 2107 1234 2141 possit
1259 2107 1408 2141 egregium,
1439 2106 1645 2141 prmsertimque
1665 2106 1770 2133 divina-

985 2159 1046 2179 rum
1063 2150 1226 2178 Litterarum
1250 2150 1444 2185 intelligentia;
1467 2150 1515 2177 abs
1533 2154 1559 2176 te
1584 2149 1665 2176 etiam
1686 2152 1771 2183 atque

986 2197 1069 2224 etiam
1095 2197 1222 2231 petimus,
1246 2200 1276 2223 ut
1300 2200 1438 2230 parentem
1464 2195 1585 2223 onmium
1610 2194 1693 2222 Deum
1723 2202 1770 2229 per

988 2242 1156 2269 Salvatorem
1170 2246 1294 2269 nostrum
1311 2250 1342 2268 ae
1362 2242 1528 2276 pontiﬁcem,
1548 2241 1668 2276 genitum
1685 2240 1771 2268 Deum

985 2289 1132 2316 obsecrare
1152 2288 1231 2318 velis.
1249 2288 1330 2322 idque
1354 2288 1388 2313 ab
1405 2294 1438 2314 eo
1458 2287 1537 2314 nobis
1560 2287 1717 2322 impetrare,
1741 2289 1770 2313 ut

986 2333 1121 2369 imprimis
1152 2337 1227 2360 recte
1257 2341 1379 2368 qua-rere
1404 2333 1550 2368 possimus.
1582 2331 1774 2364 Quaerentibus

149 2377 221 2405 enim
241 2377 379 2412 proposita
397 2383 438 2405 est
458 2380 620 2414 assequendi
643 2381 800 2414 promissio.
825 2380 863 2407 Ac
886 2381 981 2408 nescio
997 2388 1030 2407 an
1045 2380 1092 2415 qui
1107 2379 1141 2406 ad
1168 2379 1234 2406 illud
1260 2379 1303 2406 via
1332 2387 1364 2406 ac
1386 2379 1491 2406 ratione
1521 2378 1634 2405 minime
1653 2384 1770 2406 conten-

149 2423 228 2454 dttnt,
249 2423 320 2450 inter
340 2431 388 2451 eos
403 2424 448 2459 qui
468 2430 594 2459 quierunt
613 2426 684 2460 apud
702 2425 785 2453 Deum
810 2434 864 2452 non
885 2426 1047 2454 habeantur.
1063 2425 1197 2452 Hactenus
1214 2424 1335 2460 Origenis
1351 2425 1438 2450 verba.

185 2469 226 2498 Μ’.
252 2469 335 2505 ’Λρχή
354 2478 399 2505 μοι
413 2471 501 2504 λέγειν
520 2472 589 2507 πρὸς
607 2473 652 2499 τὸν
673 2472 816 2508 κομπώδη,
830 2473 877 2498 καὶ
889 2473 930 2499 δοε

148 2517 228 2551 κήτει
250 2516 343 2549 eam,
367 2518 415 2543 καὶ
430 2518 578 2554 ὲρευνητὴν
594 2518 646 2545 τῶν
661 2519 860 2554 ἀνερευνήτων,
888 2520 934 2545 καὶ

148 2563 315 2598 ὲκόιϐαστὴν
337 2564 390 2590 τῶν
409 2565 588 2600 ἐπουρανίων,
610 2566 715 2592 τουτονὶ
738 2566 782 2592 τὸν
802 2565 935 2602 φλυαρίας

149 2608 328 2644 ἐμπλήσαντα
342 2609 386 2635 τὸν
412 2608 479 2644 βίον,
493 2609 530 2640 ὡς
545 2610 592 2635 καὶ
610 2611 624 2636 ὁ
637 2609 768 2644 κρείττων
781 2610 796 2644 ἡ
801 2609 859 2644 μῶν
874 2609 934 2635 κατ’

149 2654 232 2680 αὑτοῦ
248 2654 352 2689 εἴρηκε,
372 2655 479 2690 πρῶτον
497 2655 560 2690 περὶ
575 2655 702 2690 γεννητοῦ
717 2654 794 2681 Θεοῦ.
818 2655 872 2681 Καὶ
893 2655 932 2681 ὅτι

152 2699 202 2734 μὲν
216 2699 354 2734 ὀμολεξὶαι
368 2708 395 2726 τε
415 2700 459 2727 καὶ
473 2700 630 2735 ὁμωνυμίαι
654 2699 748 2726 πολλαὶ
772 2700 800 2726 ὲν
824 2700 863 2735 τῷ
884 2700 933 2734 βίῳ

151 2746 214 2778 εἰσὶ,
231 2746 320 2781 πάντη
335 2746 414 2773 τοῦτο
429 2746 507 2782 δῆλον
524 2748 591 2773 ἐστι.
610 2747 664 2773 Καὶ
681 2747 705 2772 εἰ
723 2746 772 2782 μὲν
789 2746 840 2772 ὑπὸ
853 2746 931 2773 ἄλλου

1018 2471 1086 2498 VIII.
1112 2471 1252 2498 Adversus
1271 2475 1444 2506 arrogantem
1468 2469 1541 2496 hunc
1567 2469 1718 2501 hominem,
1745 2475 1771 2495 et

982 2518 1109 2552 opinione
1136 2517 1178 2544 sui
1200 2517 1334 2547 inﬂatum,
1357 2523 1506 2550 eorumque
1537 2522 1597 2549 quae
1615 2515 1779 2549 investigari

984 2566 1134 2597 nequeunt,
1159 2565 1354 2590 serutatorem.
1376 2561 1422 2595 qui
1451 2560 1537 2587 cmlos
1557 2560 1632 2595 ipsos
1660 2564 1771 2594 prieter-

983 2617 1095 2644 gressns
1110 2612 1170 2640 est,
1191 2608 1293 2643 quique
1309 2607 1478 2642 ineptissima
1496 2606 1660 2640 loquacitate
1677 2605 1773 2631 orbem

987 2659 1120 2682 terrarum
1132 2655 1265 2689 implevit.
1278 2652 1506 2689 quemadmodum
1523 2653 1601 2687 longe
1613 2651 1691 2678 nobis
1703 2657 1770 2684 prae‘

986 2701 1103 2728 stantior
1117 2701 1188 2728 alius
1202 2700 1229 2727 in
1248 2700 1323 2727 illum
1341 2704 1420 2726 antea
1436 2699 1516 2729 dixit,
1531 2698 1618 2733 prima
1633 2696 1667 2724 de
1677 2695 1772 2732 genito

985 2747 1041 2775 Deo
1060 2747 1204 2774 tractanda
1229 2745 1380 2780 disputatio
1395 2748 1446 2773 est.
1466 2744 1494 2771 In
1511 2751 1566 2779 quo
1587 2742 1654 2770 illud
1677 2742 1771 2769 obser-

193 2825 202 2841 ¹
217 2824 247 2853 F.
263 2824 457 2861 ἐξεταζομένῳ.
497 2827 506 2842 ¹
524 2826 575 2854 Isa.
595 2834 667 2859 uix,
686 2826 730 2858 II,
744 2826 788 2853 I‘i.
828 2826 837 2841 ³
853 2825 919 2854 Luc.
939 2826 1036 2860 ι1,ἱί2.
