1958 3050
155 81 219 106 I083

864 85 892 112 S.
913 84 1084 112 EPlPllANll

1712 82 1783 111 1084

155 135 270 162 randum
290 144 343 168 εει,
359 139 575 173 quamplurimas
598 140 625 166 in
653 140 771 167 humana
793 146 941 169 consuetu-

994 142 1010 178 ἡ
1026 142 1098 174 λέξις
1111 141 1228 176 ὲλέγετο,
1243 139 1276 177 ἦν
1291 142 1388 173 εἰπεῖν,
1409 141 1450 167 ὅτι
1466 139 1537 167 κατὰ
1557 139 1640 175 ὀρθὴν
1662 138 1782 166 διάνοιαν

156 182 214 210 line
234 183 428 212 similitudines
442 192 538 212 vocum
556 189 583 212 et
606 185 795 222 homonymias
815 195 894 221 esse;
913 188 940 215 id

152 228 223 264 quod
245 229 383 261 omnibus,
410 230 517 265 opinor,
539 235 583 258 est
601 231 785 260 manifestum.
803 234 842 260 Ac
860 234 882 260 si
907 234 941 261 ab

153 272 205 298 alio
221 273 349 307 quopiam
375 275 539 302 vocabulum
561 275 627 302 illud
651 284 841 312 usurparetur,
866 283 940 305 recto

153 324 182 344 ac
206 319 314 345 sincero
343 320 434 346 animo
460 322 666 355 pronuntiatum
694 330 755 350 esse
778 324 939 351 existimare

154 371 303 396 possemus.
325 365 403 392 Nunc
425 373 486 392 cum
510 367 538 394 in
560 367 622 395 aliis
640 368 777 403 plerisque
805 370 872 397 locis
895 370 942 397 de-

154 410 363 444 prehendamus,
383 413 550 447 unigenitum
577 413 660 440 Deum
677 422 690 441 a
705 419 815 449 paterna
841 416 941 443 divini-

154 459 207 481 tate
223 459 303 489 atque
319 456 471 483 substantia
488 458 522 484 ah
536 459 631 485 eodem
649 465 764 487 auctore
793 461 940 496 segregari,

153 508 257 527 necnon
270 505 296 528 et
306 503 436 536 Spiritum
446 509 583 536 sanctum.
597 510 740 542 propterea
749 508 871 542 γενητόν,
891 509 941 535 hoc

153 551 193 573 est
209 549 364 577 producam:
391 549 486 582 Deum,
514 550 617 578 idcirco
633 552 735 580 dixisse
756 553 832 579 illum
861 560 942 588 appa-

152 596 203 621 ret.
227 593 297 626 quod
318 598 441 620 creatum
466 599 610 623 statueret.
632 596 711 629 Quod
734 598 806 624 enim
826 599 941 633 argutiis

154 637 351 666 circumvenire
369 647 418 666 nos
434 640 491 668 suis
514 648 546 667 ac
567 641 657 669 dicere
682 643 806 669 nonnulli
829 644 940 676 volunt,

154 680 225 708 idem
236 689 296 710 esse
315 685 427 719 γενητόν
439 692 501 711 eum
514 686 644 721 γεννητῷ,
659 687 738 723 532
751 695 811 715 cum
835 688 868 715 de
888 688 942 716 Deo

154 727 252 761 agitur,
287 737 458 765 nequaquam
489 732 653 760 audiendum
682 741 739 766 est,
765 735 812 762 sed
841 735 941 762 creatis

154 772 284 801 duntaxat
304 775 330 802 in
350 777 441 804 rebus.
461 777 539 804 Aliud
568 779 640 806 enim
663 784 705 806 est
727 781 849 816 γενητόν,
868 782 941 808 aliud

156 821 291 866 γεννητόν.
317 822 394 854 Quod
424 824 507 857 igitur
536 824 570 852 ab
592 832 625 851 eo
639 825 739 852 dictum
758 831 798 852 est
823 826 945 866 γενητόν,

155 863 207 892 hoc
233 870 275 892 est
295 869 451 900 productum
481 869 564 896 Deum
590 869 708 904 primum
735 870 800 897 illud
823 863 946 898 sciscite;

154 917 226 938 mur.
252 911 367 944 Quinam
393 914 480 940 creari
498 916 584 948 potuit
606 916 640 948 is,
662 917 708 950 qui
730 924 744 941 a
766 920 791 943 te
811 913 945 950 ejusmodi

156 955 294 983 vocabulo
310 956 423 984 honoris
438 965 521 985 causa
542 959 657 986 ailicitur
670 960 763 987 Deus?
782 960 945 988 Adorandus

155 1008 221 1028 vero
243 1001 380 1035 quomodo
403 1002 511 1030 tandem
538 1005 600 1037 erit,
629 1005 651 1032 si
676 1005 764 1032 factus
792 1006 853 1033 est?
877 1005 946 1033 Volo

154 1047 226 1074 enim
243 1047 315 1074 illam
331 1047 455 1082 Apostoli
470 1049 712 1083 reprehensionem
726 1059 879 1084 removeas,
890 1061 944 1087 qua

154 1099 202 1120 eos
226 1094 402 1128 prosequitur
416 1095 462 1129 qui
480 1096 579 1123 creatis
603 1097 685 1124 rebus
698 1097 870 1125 divinitatem
895 1097 943 1125 tri-

155 1139 269 1166 buerent
283 1141 303 1166 ¹.
318 1141 357 1166 Ac
376 1141 455 1167 talem
472 1142 537 1168 mihi
561 1141 646 1169 Deum
664 1143 786 1170 exhiberi
800 1145 870 1175 volo,
896 1145 943 1180 qui

154 1187 314 1215 adoratione
328 1188 428 1222 dignus
443 1189 479 1215 sit
498 1190 565 1223 :qui
590 1188 660 1216 idem
683 1194 756 1216 recta
783 1191 944 1226 sinceraque

155 1233 217 1265 ﬁde,
240 1242 300 1269 quae
322 1235 431 1270 qtl'dem
452 1235 574 1262 Creatori
600 1234 660 1266 soli,
686 1243 740 1262 non
761 1235 824 1263 item
843 1238 943 1264 creatis

154 1281 190 1308 ab
212 1282 259 1308 illo
284 1282 366 1308 rebus
390 1282 577 1309 adorationem
600 1282 731 1316 impertit,
755 1287 863 1310 creatus
894 1284 943 1310 ali—

154 1327 266 1362 quando
289 1332 444 1355 censeatur.
471 1327 529 1356 Hoc
555 1328 578 1355 si
599 1328 789 1356 demonstrare
810 1331 941 1364 potueris,

155 1377 213 1400 tum
245 1373 354 1402 demum
387 1375 502 1402 mendax
531 1374 598 1401 illud
633 1380 710 1402 tuum
738 1375 943 1412 conﬁctumque

153 1420 250 1455 dogma
275 1421 372 1448 rationi
398 1425 623 1453 consentaneum,
646 1429 696 1448 nec
716 1422 751 1449 ab
766 1422 942 1456 antiquorum

154 1465 266 1494 Patrum
280 1467 380 1502 pietate
397 1468 514 1496 alienum
526 1475 586 1495 esse
598 1467 745 1495 videbitur.
759 1467 861 1495 Verum
874 1477 941 1495 nun-

154 1521 235 1548 quam
259 1513 324 1540 illud
345 1513 425 1541 nobis
450 1515 591 1542 ostendes.
617 1515 656 1541 Ac
681 1514 789 1542 tametsi
811 1515 944 1542 interver—

993 188 1041 215 καὶ
1057 188 1135 214 τοῦτο
1149 189 1272 224 εἴρηται·
1289 187 1371 213 ὁπότε
1387 187 1416 213 δὲ
1434 187 1463 212 ὲν
1478 186 1585 217 πολλοῖς
1596 185 1689 216 τόποις
1702 183 1783 219 εὕρο-

993 244 1043 270 μεν
1067 234 1148 262 αὑτὸν
1161 235 1205 260 τὸν
1229 235 1360 269 μονογενῆ
1387 234 1453 259 Θεὸν
1479 230 1711 266 ἀπαλλοτριοῦντα
1732 229 1783 265 τῆς

991 281 1038 308 τοῦ
1054 281 1159 316 Πατρὺς
1182 281 1307 316 θεότητός
1321 288 1351 306 τε
1367 280 1414 305 καὶ
1436 278 1539 310 οὐσίας,
1555 277 1623 312 ὁμοῦ
1636 285 1666 303 τε
1688 276 1735 303 καὶ
1752 275 1782 302 τὸ

992 327 1103 362 Πνεῦμα
1117 327 1148 354 τὸ
1173 327 1260 361 ἅγιον,
1284 326 1378 352 τούτου
1402 325 1481 360 χάριν
1506 324 1536 350 τὺ
1558 325 1568 338 ⁸
1584 322 1697 357 γενητὸν
1716 320 1783 348 Θεὺν

992 372 1132 408 εἰρηκέναι
1147 372 1228 398 αὐτὸν
1254 371 1340 405 σαφές
1358 372 1441 402 ἐστιν,
1461 370 1503 396 ὃτι
1528 369 1635 395 κτιστὺν
1650 367 1781 403 ὁρίζεται.

998 419 1043 450 Ὠς
1078 419 1132 454 γάρ
1157 427 1231 450 τινες
1256 419 1329 453 ἡμᾶς
1356 416 1495 452 βούλονται
1525 414 1580 451 (50)
1613 413 1780 448 σοφίζεσθαι,

993 464 1040 490 καὶ
1060 463 1150 498 λέγειν
1177 465 1234 490 ἴσον
1258 463 1288 490 τὸ
1312 462 1424 497 γενητὸν
1449 460 1516 488 εἶναι
1539 460 1577 496 τῷ
1601 458 1733 494 γεννητῷ,
1749 457 1781 484 οὐ

992 509 1178 545 παραδεκτέον
1204 508 1232 535 δὲ
1257 508 1303 535 ἐπὶ
1327 507 1394 534 Θεοῦ
1422 507 1528 540 λέγειν,
1555 505 1611 532 ἀλλ’
1637 505 1654 539 ἢ
1679 504 1725 530 ἐπὶ
1746 502 1782 528 τὰ

992 556 1130 590 κτίσματα
1158 555 1248 590 μόνον.
1275 554 1389 589 Ἕτερον
1416 554 1471 588 γάρ
1496 553 1553 579 ἐστι
1580 551 1710 586 γενητὸν,
1734 548 1781 575 καὶ

992 602 1085 636 ἕτερον
1097 601 1234 636 γεννητόν.
1251 601 1288 627 Τὸ
1303 600 1368 634 γοῦν
1382 599 1446 634 παρ’
1464 598 1545 625 αὑτοῦ
1563 597 1643 633 ῥηθὲν
1663 597 1720 630 ἦτοι
1735 603 1785 628 γε-

992 647 1072 682 νητὸν
1101 645 1186 677 Θεὸν,
1218 645 1325 680 πρῶτον
1355 643 1518 680 ἐρωτῶμεν,
1550 641 1636 672 ποίοις
1667 639 1780 675 τρόποις

992 694 1115 721 ἔκτισται
1129 694 1144 720 ό
1163 692 1237 727 παρὰ
1255 692 1296 718 σοὶ
1311 691 1354 718 διὰ
1368 690 1417 726 τῆς
1431 688 1646 722 λέξεως¹ταύτης
1661 685 1782 721 τιμώμε-

992 748 1034 770 νος
1050 738 1131 770 Θεό;;
1162 737 1224 768 Πῶς
1240 737 1267 763 δὲ
1287 735 1326 762 ἔτι
1346 734 1531 770 προσκυνητὸς
1553 732 1638 763 ἔσται,
1661 731 1685 757 εἰ
1704 730 1781 756 ἔσται

996 784 1121 819 ποιητόςς
1146 782 1246 816 Ἀφελε
1259 781 1313 817 γὰρ
1326 781 1375 816 τὴν
1394 779 1495 815 μέμψιν
1512 778 1560 813 τὴν
1574 776 1648 812 παρὰ
1660 775 1699 810 τῷ
1711 775 1780 809 ἁγίῳ

963 823 983 849 Β
1004 829 1157 864 Ἀποστόλῳ
1186 828 1233 855 ἐπὶ
1263 828 1320 858 τοῖς
1349 826 1398 862 τὴν
1425 826 1511 852 κτίσιν
1533 821 1704 857 θεολογοῦσι·
1733 820 1781 847 καὶ

997 876 1087 908 ἐπίδος
1110 884 1153 911 μοι
1176 874 1242 900 θεὸν
1261 871 1497 908 προσκυνούμενον
1519 869 1625 896 κτιατὸν
1639 866 1710 894 κατὰ
1728 865 1785 901 τὴν.

997 922 1095 957 εὐσεϐῆ
1125 921 1226 952 πίστιν,
1253 919 1302 954 τὴν
1328 918 1427 953 μηκέτι
1454 917 1541 942 κτίσει
1566 911 1779 949 προσκυνοῦσαν,

997 967 1064 994 ἀλλᾶ
1142 965 1280 992 κτίσαντι·
1307 963 1354 990 καὶ
1377 963 1450 988 ἐσται
1472 960 1548 996 παρὰ
1571 958 1612 985 σοὶ
1634 957 1744 989 εὔλογος
1763 956 1780 990 ὴ

995 1013 1042 1040 τοῦ
1062 1011 1269 1047 πεπλανημένου
1285 1019 1330 1037 σου
1354 1009 1434 1042 λόγου
1450 1007 1504 1034 ἀπὸ
1522 1007 1572 1041 τῆς
1582 1004 1636 1032 τῶν
1651 1003 1781 1036 Πατέρων

996 1059 1134 1089 εὐσεϐείας
1158 1056 1313 1084 ἀκολουθία.
1345 1055 1424 1081 Ἀλλὰ
1448 1054 1479 1080 οὺ
1500 1052 1552 1088 μὴν
1573 1051 1683 1077 δύνασαι
1702 1048 1782 1075 τοῦτο

996 1104 1180 1140 παραστῆσαι,
1200 1103 1229 1129 Εἰ
1252 1103 1280 1128 δὲ
1300 1102 1347 1128 καὶ
1368 1100 1483 1135 ἐτόλμας
1506 1095 1672 1130 ἀποσυλῆσαί
1688 1093 1779 1140 ποθεν,

995 1138 1043 1177 καί
1058 1149 1212 1185 βιάσασθαι,
1230 1148 1290 1174 οὐδὲ
1313 1148 1342 1173 ὲν
1360 1145 1447 1180 τούτῳ
1461 1144 1506 1170 τὸν
1527 1142 1636 1176 εὔλογον
1651 1138 1781 1174 λογισμὸν

993 1196 1049 1222 τῶν
1067 1194 1200 1221 θεοσεῦὦν
1215 1192 1415 1229 παρεκτρέπειν
1423 1191 1462 1221 είς
1472 1188 1605 1223 τοσαύτην
1617 1185 1780 1220 φαυλότητα,

994 1237 1152 1275 ὧθεήλατε.
1175 1237 1364 1272 ’Δντιμάχεται
1379 1235 1432 1271 γάρ
1451 1242 1492 1260 σοι
1519 1233 1565 1260 καὶ
1590 1231 1621 1258 τὸ
1643 1230 1780 1275 φρόνημα,

994 1286 1041 1312 καὶ
1095 1285 1184 1318 λόγος.
1209 1283 1266 1309 Πᾶν
1288 1281 1342 1317 γὰρ
1356 1281 1386 1307 τὸ
1407 1279 1514 1306 κτιστὸν
1533 1278 1564 1304 οὐ
1585 1273 1781 1310 προσκυνητδν,

992 1332 1031 1363 ὡς
1054 1331 1132 1366 ἔφην.
1154 1330 1185 1356 Et
1208 1329 1236 1355 δὲ
1264 1328 1331 1359 ὃλως
1360 1324 1546 1362 προσκυνητδν
1570 1321 1674 1350 πολλῶν
1696 1320 1784 1348 ἄλλων

994 1365 1171 1412 ὑπαρχόντων
1184 1374 1312 1404 κτιστῶν,
1339 1373 1415 1399 οὐδὲν
1437 1371 1470 1398 ἃν
1484 1369 1578 1396 διοίσει
1599 1368 1630 1394 τὸ
1651 1365 1781 1417 καὶῗλμας

995 1411 1065 1458 μετᾶ
1085 1421 1132 1448 τοῦ
1149 1422 1209 1453 ἐνὸς
1231 1418 1342 1447 κτιστοῦ
1357 1418 1392 1445 τὰ
1405 1417 1452 1444 ὅλα
1471 1415 1634 1451 προσκυνεῖν
1655 1411 1784 1438 σύνδουλα

993 1468 1070 1499 ὅντα,
1088 1465 1136 1493 καὶ
1148 1466 1181 1501 τῇ
1193 1465 1260 1500 αὐτῇ
1277 1464 1372 1498 ἀγωγῇ
1389 1462 1438 1497 τῆς
1457 1459 1605 1495 ὀνομασίας
1621 1458 1780 1484 ὑποπεπτω-

996 1513 1063 1540 κότα.
1068 1534 1073 1539 .

154 1565 213 1589 tere
227 1561 349 1596 quaedam
369 1566 396 1589 et
413 1562 446 1589 ad
471 1566 545 1589 tuam
565 1562 726 1590 sententiam
740 1570 882 1597 perperam
897 1561 1106 1589 accommodare
1119 1567 1204 1588 ausus
1221 1558 1320 1591 fueris,
1334 1564 1390 1584 non
1405 1557 1432 1583 in
1463 1555 1520 1605 hoc
1546 1558 1643 1605 tamen.
1676 1551 1780 1605 religio-

154 1615 247 1636 sorum
266 1609 441 1644 coniunctam
465 1617 527 1636 cum
550 1614 623 1637 recta
642 1610 748 1636 ratione
773 1610 938 1638 sententiam
953 1609 988 1637 ad
1012 1613 1115 1636 tantam
1145 1607 1317 1643 pravitatem,
1344 1603 1486 1631 hominum
1507 1599 1700 1630 furiosissime.
1732 1598 1780 1624 de-

154 1659 282 1690 torquere
296 1643 407 1689 poteris.
425 1653 491 1680 Nam
519 1657 546 1681 et
560 1661 658 1681 sensus
691 1654 740 1681 tibi
771 1654 935 1690 refragatur.
957 1659 985 1682 et
1005 1655 1085 1681 ratio.
1107 1653 1213 1681 Etenim
1236 1649 1370 1687 quidquid
1388 1652 1512 1676 creatum
1530 1651 1583 1680 est,
1605 1643 1724 1675 adorari,
1752 1646 1786 1670 ut-

155 1702 223 1732 dixi.
235 1710 289 1729 non
312 1705 410 1737 potest.
435 1700 484 1728 Sin
509 1701 669 1729 adoratione
692 1702 802 1738 dignum
825 1703 938 1730 omnino
958 1703 1077 1736 videtur,
1095 1710 1158 1730 cum
1178 1701 1232 1728 alia
1248 1698 1449 1735 quamplurima
1474 1699 1566 1724 creata
1590 1695 1661 1727 sint,
1693 1693 1782 1728 profe-

154 1754 199 1776 cto
219 1748 285 1776 nihil
301 1751 424 1781 interest,
458 1749 524 1784 quin
543 1754 570 1777 et
583 1757 634 1777 nos
651 1757 713 1777 cum
730 1749 811 1778 unico
833 1754 958 1778 creatore
995 1754 1095 1779 caetera
1121 1751 1267 1778 adoremus
1293 1749 1402 1782 omnia,
1430 1755 1492 1784 qua:
1518 1745 1610 1775 servili
1641 1742 1781 1771 nobiscum

154 1797 309 1825 conditione
322 1797 470 1832 eademque
480 1798 599 1826 nominis
612 1799 717 1826 ratione
730 1799 915 1831 contirﬁitur.

191 1842 236 1869 ιχ.
257 1843 313 1877 Age
339 1850 404 1870 vero
422 1843 562 1871 videamus
587 1844 615 1871 in
638 1848 758 1879 quatuor
774 1844 940 1880 Evangeliis,

154 1889 256 1924 quibus
281 1889 363 1916 vitam
386 1896 493 1916 omnem
520 1894 644 1917 nostram
673 1889 788 1918 Verbum
812 1890 884 1919 Deus
909 1891 943 1918 ad

155 1943 208 1962 nos
217 1936 330 1962 veniens
353 1934 540 1962 administrari
559 1936 656 1968 voluit,
682 1937 800 1964 nuncubi
818 1936 945 1964 Christus

157 1981 195 2008 ita
213 1981 321 2008 locutus
346 1981 403 2009 sit:
419 1981 489 2008 Deus
510 1990 551 2009 me
575 1983 685 2014 creavit,
700 1983 753 2015 vel,
777 1983 857 2010 Pater
872 1992 944 2010 meus

156 2025 253 2052 creavit
281 2033 330 2052 me.
360 2026 414 2052 Aut
442 2030 535 2053 utrum
566 2025 648 2054 Pater
681 2027 709 2053 in
735 2027 790 2054 ullo
825 2034 944 2061 unquam

157 2071 304 2107 Evangelio
326 2072 564 2105 pronuntiaverit:
584 2072 640 2108 Ego
666 2074 751 2100 creavi
781 2071 892 2105 Filium,
919 2078 945 2100 et

157 2117 219 2144 misi
243 2117 277 2145 ad
303 2126 358 2144 vos.
376 2116 429 2144 Sed
446 2117 480 2145 de
498 2117 541 2145 his
557 2118 700 2146 hactenus.
722 2118 790 2146 Nam
815 2118 888 2154 quod
910 2118 945 2146 ad

157 2164 318 2192 testimonia
332 2164 460 2198 pertinet,
486 2171 535 2191 nos
550 2165 751 2199 quamplurima
765 2173 836 2200 saepe
849 2165 945 2192 adver-

1026 1842 1064 1869 Θο
1096 1838 1209 1876 Ἰὁωμεν
1235 1840 1264 1866 δὲ
1285 1839 1330 1866 διὰ
1356 1839 1411 1867 τῶν
1437 1839 1577 1874 τεσσάρων
1599 1837 1779 1871 Εὑαγγελὶων.

990 1887 1024 1914 δι’
1038 1884 1075 1914 ὧν
1091 1887 1139 1922 τὴν
1163 1887 1252 1913 πᾶσαν
1275 1886 1352 1921 ἡμῶν
1376 1885 1448 1921 ζωὴν
1471 1884 1646 1920 ᾠκονόμησεν
1665 1882 1750 1909 ἐλθὼν
1770 1883 1780 1908 ι

991 1935 1057 1966 Θεὺς
1080 1934 1180 1968 Λόγος,
1198 1933 1275 1960 εἵπου
1297 1933 1407 1968 εἴρηκεν
1426 1932 1440 1957 ό
1460 1931 1593 1966 Χριστός·
1612 1930 1643 1956 '0
1663 1929 1735 1961 Θεός
1746 1936 1779 1962 με

994 1981 1133 2011 ἔκτισεν,
1162 1980 1191 2015 ἢ,
1215 1981 1242 2006 Ὀ
1264 1979 1365 2013 Πατήρ
1384 1987 1444 2013 μου
1469 1977 1570 2005 ἐκτισέ
1591 1986 1639 2012 με.
1670 1977 1779 2011 ’Ὶδωμει

993 2028 1023 2055 δὲ
1036 2028 1083 2054 καὶ
1094 2028 1105 2044 ⁵
1119 2029 1133 2054 ὁ
1147 2027 1241 2063 Πατὴρ
1258 2027 1415 2062 ἀπεφήνατο
1430 2026 1458 2051 ἐν
1472 2025 1512 2051 ἐνί
1524 2024 1576 2051 τῶν
1600 2023 1780 2057 Εὑαγγελίων,

997 2075 1038 2101 ὃτι
1055 2075 1180 2101 Ἕχτισα
1192 2074 1245 2099 τὸν
1261 2073 1335 2105 Ηὸν,
1350 2072 1398 2099 καὶ
1415 2070 1591 2098 ἀπέσταλκα
1604 2069 1686 2104 ὑμῖν.
1705 2068 1779 2095 Ἀλλδ

998 2121 1063 2156 περὶ
1090 2120 1185 2146 τούτου
1209 2119 1261 2150 ἕως
1289 2115 1341 2145 ὦδε
1366 2119 1400 2145 τὰ
1421 2118 1469 2144 νῦν
1501 2116 1596 2152 ἐχέτω.
1629 2115 1696 2150 Περὶ
1730 2115 1779 2148 γὰι

1001 2165 1158 2202 μαρτυριῶν
1185 2165 1315 2196 πολλάκις
1340 2163 1475 2200 περὶτῶν
1493 2163 1524 2190 τὸ
1549 2162 1650 2197 κτίσμα
1670 2169 1779 2197 παρεισ-

157 2218 206 2238 sus
228 2210 290 2238 illos
313 2210 465 2242 attulimus,
482 2210 528 2245 qui
543 2214 698 2238 creaturam
720 2199 941 2239 nobisrobtrude-

998 2199 1118 2245 αγόντων
1129 2211 1213 2237 πολλὰ
1237 2199 1393 2245 ἐξεθέμεοα.
1415 2208 1497 2235 Οὐδὲν
1512 2208 1540 2234 δὲ
1557 2208 1672 2243 λυπήσει
1688 2207 1735 2234 καὶ
1754 2208 1786 2233 ὲν

158 2256 234 2284 bant.
251 2255 324 2283 Nihil
338 2259 429 2282 tamen
445 2255 472 2282 in
495 2257 639 2291 praesentia
652 2257 740 2292 palam
761 2256 850 2285 facere
867 2257 943 2292 pige-

157 2299 208 2333 bit,
224 2308 306 2335 quam
326 2299 406 2328 facile
433 2300 558 2336 redargui
584 2309 661 2329 error
684 2302 729 2329 ille
745 2303 840 2337 possit,
862 2307 944 2338 atque

158 2346 197 2373 ita
220 2346 357 2373 hominem
380 2346 468 2378 illum.
488 2347 535 2382 qui
551 2347 661 2382 sapiens
685 2348 738 2375 sibi
757 2349 876 2380 videtur,
897 2357 944 2384 ag-

159 2391 245 2427 gredi.
259 2391 362 2425 Potest,
376 2392 411 2419 mi
429 2392 522 2426 homo,
535 2397 644 2421 creatus
661 2393 706 2421 ille
718 2401 779 2422 esse
793 2395 840 2429 qui
855 2394 941 2422 dixit:

160 2436 215 2471 Ego
234 2437 260 2463 in
278 2436 359 2464 Patre
375 2443 400 2465 et
415 2437 497 2465 Pater
511 2439 538 2465 in
555 2447 595 2466 me
609 2440 681 2472 eu';
697 2443 742 2467 et:
757 2440 840 2468 Ambo
862 2449 943 2468 unum

158 2483 288 2510 sumus“!
305 2483 398 2512 Potest
417 2491 481 2512 vero
501 2484 626 2513 diversus
650 2493 722 2520 esse,
741 2486 789 2521 qui
810 2486 942 2522 aqualem

996 2256 1036 2292 τῷ
1057 2257 1171 2292 παρόντι
1189 2255 1274 2288 δεῖξαι
1290 2256 1324 2282 .τὺ
1342 2255 1475 2290 εὔληπτον
1494 2253 1541 2280 τοῦ
1564 2254 1653 2287 λόγου,
1677 2253 1724 2279 καὶ
1744 2253 1785 2280 εἰ-

996 2304 1057 2330 πεῖν
1086 2304 1153 2338 πρὸς
1181 2303 1275 2329 τοῦτον
1305 2303 1350 2329 τὸν
1377 2301 1549 2335 ὲθελόσοφον,
1584 2299 1646 2330 Πῶς
1674 2299 1785 2326 δύναται

996 2349 1115 2381 κτιστὺς,
1131 2346 1154 2376 ὧ
1173 2346 1261 2381 οὗτος,
1284 2347 1354 2375 εἶναι
1370 2349 1384 2374 ὁ
1397 2348 1484 2382 λέγων
1495 2355 1501 2362 ·
1531 2346 1600 2381 Ἐγὼ
1616 2347 1652 2372 ἑν
1672 2345 1712 2378 τῷ
1725 2347 1786 2372 Πα-

996 2396 1053 2430 τρὶ,
1068 2395 1117 2423 καὶ
1133 2397 1149 2423 ό
1168 2395 1268 2430 Πατὴρ
1284 2395 1319 2422 ἐν
1329 2395 1404 2430 ἐμοι·
1425 2394 1482 2424 καὶ,
1499 2395 1530 2419 Ol
1550 2393 1603 2419 δύο
1618 2392 1652 2419 ἓν
1669 2392 1785 2425 ἐσμεν;

996 2442 1059 2473 Πῶς
1073 2441 1102 2467 δὲ
1115 2441 1227 2468 δύναται
1248 2441 1327 2473 ἄλλος
1344 2438 1413 2467 εἶναι
1433 2440 1447 2466 ό
1464 2439 1512 2475 τὴν
1533 2438 1593 2474 ἴσην
1615 2438 1702 2473 τιμὴν,
1717 2437 1784 2472 πρὸς

995 2487 1103 2522 Πατρὸς
1124 2487 1211 2520 ἔγων;
1235 2487 1339 2519 οὐδεὶς
1357 2485 1412 2521 γὰρ
1431 2483 1492 2512 οἶδε
1507 2485 1560 2511 τὸν
1582 2484 1659 2515 rm,
1674 2485 1700 2510 sl
1710 2483 1753 2518 μὴ
1768 2485 1785 2509 ὁ

194 2562 204 2576 ¹
218 2560 297 2589 Rom.
315 2569 334 2594 ι,
347 2561 393 2589 25.
431 2563 440 2579 ¹
455 2562 533 2590 Joan.
545 2564 662 2598 xtv,10;
678 2573 705 2597 x,
721 2564 765 2592 50.
804 2564 815 2580 ³
831 2563 912 2593 Joan.
924 2573 940 2592 ιι

994 2568 1009 2592 ι.
1046 2566 1058 2581 ⁵
1071 2564 1103 2593 F.
1117 2565 1166 2600 τῷ.
1204 2566 1214 2582 ⁸
1232 2565 1297 2602 Leg.
1309 2566 1344 2592 εἰ.

195 2642 250 2676 (50)
271 2641 318 2674 Ὠς
334 2640 389 2676 γάρ
408 2649 488 2675 τινες
509 2641 585 2676 ἡμᾶς
603 2643 778 2675 βούλονται.
801 2642 938 2676 Quantum

159 2677 217 2704 haec
232 2678 363 2713 vocabula
383 2676 438 2704 duo
454 2678 566 2713 γενητόν
593 2683 620 2705 et
647 2678 775 2713 γεννητόν
804 2678 939 2706 scribendi

160 2712 407 2747 pronuntiandique
427 2712 555 2740 aﬂinitate
578 2712 728 2747 conjuncta
741 2718 815 2745 sunt,
833 2717 939 2740 tantum

159 2747 365 2782 signiﬁcationis
387 2755 438 2775 usu
456 2755 487 2774 ac
503 2748 668 2782 proprietate
690 2749 803 2776 distant.
827 2748 882 2776 Nec
898 2753 941 2776 est

159 2782 214 2810 ulla
237 2789 300 2818 vox,
326 2783 355 2810 in
373 2790 427 2818 qua
449 2783 601 2812 uberiorem
626 2783 770 2811 cavillandi
793 2787 820 2811 et
837 2784 941 2812 calum-

992 2643 1087 2670 niandi
1105 2643 1244 2671 materiam
1261 2643 1333 2671 nacti
1344 2642 1399 2670 sint
1412 2643 1516 2673 Ariani.
1537 2647 1567 2669 ut
1581 2649 1614 2669 ex
1635 2641 1784 2668 Anommo-

992 2686 1052 2705 rum
1076 2678 1172 2706 hairesi
1197 2679 1266 2706 infra
1294 2678 1440 2706 constabit.
1465 2677 1530 2704 Nam
1551 2677 1663 2712 γενητός
1682 2677 1782 2709 factum

993 2713 1220 2749 signiﬁcat.quod
1232 2720 1385 2742 creatarum
1395 2721 1485 2749 rerum
1496 2713 1636 2749 proprium
1648 2716 1705 2743 est;
1721 2719 1783 2749 γεν-

994 2748 1078 2811 ἶιηιὲἳν⁵
1083 2747 1162 2811 lvero'
1168 2749 1283 2785 genitum
1294 2753 1346 2783 ost,
1359 2749 1432 2784 quod
1445 2747 1513 2775 Filio
1529 2747 1664 2775 catholica
1679 2747 1785 2774 veritas

1009 2791 1032 2811 ιι
1054 2791 1080 2811 ιιι
1094 2802 1103 2811 .

997 2784 1103 2813 tribuit.
