1958 3050
145 130 155 157 l
161 129 212 158 085

474 128 658 158 ADVERSUS
676 129 848 158 IMERESES
863 130 927 158 LIB.
948 129 980 158 ll.
1001 130 1082 159 TOM.
1105 132 1162 159 I.—
1181 131 1317 160 HIERES.
1334 131 1426 160 LXIV.

1697 130 1767 159 1086

143 185 263 220 Πατὴρ,
289 185 360 214 οὐδὲ
388 186 442 213 τὸν
469 187 585 222 Πατέρα
609 188 637 214 εὶ
661 188 704 223 μὴ
733 190 750 216 ὁ
775 189 850 221 Υίός.
877 188 930 214 Καὶ

995 197 1044 216 ‘um
1061 188 1143 217 Patre
1158 189 1289 218 honorem
1303 190 1444 218 obtineat?
1458 189 1542 218 Nemo
1553 191 1623 218 enim
1636 193 1706 219 novit
1720 191 1768 219 Fi-

143 233 182 264 τὺ,
204 233 236 259 ’0
255 232 392 267 ἑωρακὼς
412 233 474 268 ἐμὲ,
496 233 606 268 ἑώρακε
619 234 674 261 τὸν
691 234 815 268 Πατέρα.
840 233 923 261 Πάλιν

143 279 171 305 δὲ
194 278 324 311 ὡσαύτως
346 279 397 306 ὅσα
413 279 487 314 αὐτῷ
508 279 572 316 περὶ
596 280 771 312 ἀναστάσεως
792 279 929 315 ἀμφιϐάλν

143 325 227 357 λεται,
250 325 440 361 ἐπιλαϐόμενοι
455 327 504 362 τῆς
520 326 692 358 ἀκολουθίας,
717 324 794 358 αὖθις
813 326 930 362 ἐροῦμεν

143 373 175 398 ὲκ
190 371 244 398 τῶν
261 371 342 398 αὐτοῦ
367 372 472 407 ῥητῶν·
499 372 553 400 ἀπὸ
577 373 641 408 μιᾶς
663 373 692 399 δὲ
712 372 811 405 λέξεως
827 371 857 398 τδ
875 371 930 398 πᾶν

144 417 191 452 τῆς
217 416 330 453 γνώμης
361 417 444 445 αὐτοῦ
470 419 657 454 ἀποδείξομεν,
679 420 726 446 καὶ
759 419 789 445 τὸ
816 418 930 445 ἄπιστον

145 464 193 498 τῆς
219 463 298 499 δόξης
319 464 366 491 τοῦ
388 464 470 491 αὐτοῦ
503 464 637 500 δόγματος
660 464 880 500 άποκαλύψομεν.
897 463 930 490 Εί

146 511 192 541 καὶ
213 510 257 537 διὰ
270 510 397 543 ’πλάτους
418 511 493 547 αὑτῷ
513 512 621 547 εἴρηται
639 511 769 542 πολλάκις
791 510 855 546 περὶ
869 509 933 536 τού-

146 564 192 581 του
204 574 211 587 ,
240 555 288 582 καὶ
306 556 336 582 ὲν
370 555 481 587 πολλαῖς
518 555 619 592 βίϐλοις
639 556 839 591 πεφλυάρηται,
859 555 934 590 ὅμως

144 600 193 635 τὴν
225 599 328 634 ἔλεγξιν
352 601 558 637 παραθήσομαι,
586 598 685 636 ἀφ’ὧν
713 602 742 627 ὲν
768 600 807 636 τῷ
835 599 936 634 πρώτῳ

144 647 244 683 ψαλμῷ
264 648 416 683 ἐξηγήσατο
437 649 507 675 κατὰ
528 649 578 684 τὴν
593 649 740 676 ἀνάστασιν
756 648 806 683 τῆς
823 646 935 683 βεϐαίας

146 692 252 726 ἐλπίδος
271 694 351 729 ἡμῶν
368 695 597 722 πεπιστευκότων.

980 234 1055 267 lium,
1072 235 1123 262 nisi
1147 235 1239 266 Pater,
1253 243 1332 270 neque
1353 236 1470 268 Patrem,
1492 236 1543 263 nisi
1559 236 1645 263 Filius
1657 238 1678 264 ¹.
1697 237 1767 264 Tum

980 281 1046 307 illud
1064 281 1137 313 ιριιί
1156 281 1224 308 videt
1245 289 1296 313 me,
1320 281 1386 308 videt
1412 286 1437 308 et
1461 281 1565 309 Patrem
1577 282 1599 309 ³.
1615 282 1680 316 Quae
1704 290 1769 310 vero

980 326 1110 354 adversus
1133 327 1359 354 resurrectionem
1380 328 1414 355 ab
1431 328 1525 355 eodem
1541 329 1676 364 disputata
1693 334 1768 363 sunt,

980 375 1090 399 servato
1105 372 1212 403 ordine.
1229 380 1261 400 ex
1278 373 1403 408 ipsismet
1417 373 1489 401 illius
1500 374 1592 402 verbis
1607 376 1688 410 paulo
1704 380 1766 410 post

980 416 1143 452 aiferemus,
1161 418 1240 454 533
1255 423 1338 454 atque
1353 427 1386 446 ex
1403 419 1484 447 unica
1505 428 1571 448 voce
1588 425 1672 449 totazn
1695 422 1770 450 illius

981 464 1145 492 sententiam
1172 464 1339 500 aperiemus,
1363 468 1532 500 etquantuin
1561 467 1597 494 sit
1620 467 1648 494 in
1669 475 1702 495 eo
1725 468 1772 496 do-

981 515 1072 546 gmate
1084 510 1253 538 infidelitatis
1266 511 1490 539 monstrabimus.
1504 511 1664 547 Quanquam
1678 517 1770 541 autem

983 556 1036 584 hoc
1053 561 1244 592 argumentum
1259 565 1330 592 saepe
1345 557 1390 585 ille
1406 558 1516 595 copiose
1537 559 1704 592 tractaverit,
1719 568 1769 587 va-

986 602 1090 637 riisque
1103 602 1130 629 in
1147 602 1227 630 libris
1240 602 1364 638 ingentes
1378 611 1466 639 nugas
1477 603 1615 637 ell‘utierit,
1629 604 1663 632 iis
1677 609 1768 633 tamen

987 649 1021 676 ad
1035 649 1111 676 illum
1127 648 1305 676 refellendum
1326 657 1374 677 ero
1392 654 1549 682 contentus,
1566 659 1627 686 qua:
1649 651 1677 678 in
1696 659 1773 679 com-

987 695 1130 722 mentariis
1147 695 1174 722 in
1190 695 1307 730 priorem
1326 696 1470 730 psalmum,
1494 696 1626 725 adversus
1642 697 1704 725 illos
1717 698 1773 726 dis-

146 741 243 775 seruit,
259 741 305 776 qui
322 744 552 770 resurrectionem
573 746 649 770 certa
668 743 747 770 nobis
766 750 814 778 spe
834 743 987 778 ﬁduciaque
1005 742 1172 778 propositam
1187 750 1250 770 esse
1263 742 1315 770 sibi
1330 743 1516 777 persuadent.l

181 786 208 812 I’.
229 786 285 813 Καὶ
298 786 371 813 ἐστιν
393 782 431 819 ὡς
447 787 537 822 λέγει’
554 787 605 814 Διὰ
626 786 714 814 τοῦτο
730 789 786 815 οὐκ
802 788 935 819 ἀναστή-

146 838 252 859 σονται
277 832 395 866 ἀσεϐεῖς
420 833 455 860 ὲν
482 834 587 868 κρίσει.
614 831 682 859 Εἶτα
709 833 746 865 ὡς
775 833 835 865 ἔθος
860 833 934 860 ἐστὶν

1024 787 1058 814 Χ.
1081 786 1127 814 Est
1142 790 1232 814 autem
1245 787 1291 814 hic
1307 788 1400 815 locus:
1415 787 1558 824 Propterea
1571 798 1623 817 mm
1640 796 1774 826 rerurgent

989 833 1062 867 impii
1089 833 1117 860 in
1132 832 1234 867 judicio
1247 833 1268 859 ⁸.
1290 832 1392 861 Deinde
1413 834 1643 869 quemadmodum
1665 837 1773 866 collatis

147 877 223 913 αὺτῷ
245 878 298 905 ἀπὸ
321 878 375 905 τῶν
400 878 530 905 ὲκδόσεων
559 878 722 913 φαντάζειν,
748 879 848 914 ὁμοίως
871 879 937 913 φησι

995 879 1156 906 :ditionibus
1175 878 1268 906 fucum
1290 878 1379 906 facere
1394 879 1473 912 solet,
1490 880 1527 907 ita
1544 881 1632 916 inquit
1650 882 1774 911 Theodo-

147 923 304 957 Θεοδοτίων,
324 924 439 957 Ἀκύλας
449 945 456 955 ,
473 924 630 960 Σύμμαχος.
645 921 711 959 Εἶτα
725 924 849 960 ἐπιφέρει
863 924 933 951 κατὰ

147 967 202 995 τῶν
217 968 282 996 υίῶν
292 969 342 1005 τῆς
354 969 481 1006 ἀληθείας
494 968 665 1001 σκωπτωδὼς
679 976 687 984 ι

989 924 1038 954 tio.
1056 923 1155 959 Aquila
1175 927 1202 951 et
1222 923 1413 959 Symmachus.
1431 923 1498 951 Tum
1518 924 1626 953 demum
1642 927 1774 957 adversus

988 970 1112 997 veritatis
1127 969 1198 998 ﬁlios
1217 969 1371 997 cavillando
1384 970 1435 997 ista
1450 970 1577 1006 subjicit:

781 1026 824 1053 Ea:
835 1025 955 1062 Origenis
964 1028 1161 1054 conmentario.

191 1085 339 1117 Ἐντεῦθεν,
358 1086 440 1121 φησὶν
453 1106 460 1117 ,
474 1085 498 1112 οί
517 1085 695 1121 άπλούστεροι
715 1085 770 1112 τῶν
789 1093 934 1112 πεπιστευ-

148 1131 235 1159 κότων
259 1131 414 1168 ὁρμώμενοι
439 1131 578 1167 νομίζουσι
599 1132 663 1164 τοὺς
681 1132 789 1163 ἀσεϐεῖς
803 1132 852 1167 τῆς
869 1132 934 1158 ἀνα-

150 1178 271 1210 στάσεως
295 1178 332 1213 μὴ
355 1177 519 1210 τεύξασθαι,
541 1177 588 1204 καὶ
606 1178 656 1213 τῆς
678 1177 752 1209 θείας
766 1178 882 1214 κρίσεως
898 1178 935 1214 μὴ

149 1223 353 1255 καταξιοῦσθαι,
369 1223 394 1249 τί
411 1222 532 1254 νοοῦντες
546 1223 597 1258 τὴν
612 1223 758 1250 ἀνάστασιν
768 1243 775 1255 ,
791 1223 838 1250 καὶ
851 1232 934 1249 ποτα-

149 1269 205 1304 πὴν
220 1269 269 1304 τὴν
283 1268 372 1304 κρίσιν
387 1268 592 1304 φανταζόμενοι.
604 1268 634 1295 οὐ
648 1269 717 1295 πάνυ
732 1269 934 1304 σαφηνίζοντες.

150 1315 211 1341 Κᾶν
230 1314 326 1347 δόξωσι
346 1315 526 1350 περὶτούτων
543 1314 739 1350 ἀποφαίνεσθαι
756 1336 764 1346 ,
789 1316 805 1350 ἡ
823 1315 938 1350 βάσανος

151 1360 250 1391 αὐτοὺς
267 1360 397 1394 διελέγξει
409 1379 416 1391 ,
436 1361 466 1387 τὸ
484 1360 546 1395 ἑξῆς
563 1359 716 1392 ἀκολούθως
730 1360 826 1392 σώζειν
843 1360 873 1387 οὐ
891 1360 938 1387 δυ-

153 1405 300 1441 ναμένους,
321 1405 359 1440 μὴ
380 1406 584 1441 κεκρατηκότας
604 1406 649 1432 τὸν
672 1406 736 1442 περὶ
763 1406 939 1438 ἀναστάσεως

152 1451 200 1477 καὶ
223 1450 337 1485 κρίσεως
356 1451 465 1485 τρόπον.
486 1451 548 1478 Ἐὰν
569 1449 615 1478 οὖν
636 1451 848 1487 πυνθανώμεθα,
868 1452 939 1484 τίνος

1025 1085 1123 1120 llujus,
1142 1085 1242 1121 inquit,
1258 1085 1310 1113 loci
1325 1086 1489 1114 auctoritate
1503 1086 1577 1120 freti,
1593 1087 1776 1123 simpliciores

988 1132 1099 1167 quidam
1124 1139 1157 1160 ex
1176 1131 1303 1159 ﬁdelibus
1325 1135 1426 1168 negant
1451 1133 1540 1160 malos
1563 1135 1775 1163 resurreclionis

987 1180 1127 1212 compotes
1141 1176 1259 1210 futuros,
1273 1181 1320 1205 aut
1336 1177 1382 1205 Dei
1396 1178 1502 1212 judicio
1511 1178 1675 1214 dignandos,
1687 1189 1776 1217 neque

987 1222 1143 1257 cujusmodi
1163 1224 1403 1258 resurrectionem,
1419 1228 1465 1252 aut
1477 1225 1559 1260 quale
1575 1226 1626 1254 sibi
1639 1226 1774 1261 judicium

990 1269 1106 1305 ﬁngant,
1124 1273 1216 1304 aperte
1234 1269 1301 1297 satis
1320 1270 1487 1305 exprimunt.
1508 1272 1547 1300 Ac
1571 1272 1635 1300 licet
1650 1281 1727 1300 suam
1742 1274 1777 1302 de

991 1314 1034 1342 his
1048 1315 1213 1342 sententiam
1228 1312 1335 1353 aperire
1354 1315 1508 1349 videantur,
1529 1316 1589 1352 ipsa
1606 1317 1669 1345 illos
1688 1318 1778 1353 inqui-

992 1359 1057 1387 sitio
1074 1359 1231 1393 convincet,
1248 1359 1430 1395 ostendetque
1452 1368 1503 1388 nec
1517 1361 1590 1397 quod
1605 1369 1779 1399 consequens

991 1409 1032 1433 est
1050 1412 1082 1433 ac
1105 1405 1246 1433 cohaerens
1267 1405 1370 1433 servari
1387 1406 1421 1433 ab
1436 1406 1490 1434 illis
1508 1414 1599 1442 posse,
1614 1416 1666 1436 nec
1686 1417 1780 1436 resur-

993 1450 1125 1478 rectionis
1141 1457 1173 1477 ac
1195 1450 1292 1485 judicii
1320 1450 1431 1477 modum
1456 1456 1483 1478 et
1504 1452 1635 1479 rationem
1655 1453 1780 1489 intelligi.

153 1496 300 1528 ἀνάστασις
315 1496 434 1530 γίνεται;
461 1498 674 1533 ἀποκρίνονται.
695 1499 796 1533 φησιν.
820 1499 861 1525 ὃτι
886 1499 941 1526 τῶν

995 1495 1079 1531 Igitur
1093 1495 1116 1524 si
1141 1495 1344 1531 interrogemus
1361 1496 1504 1531 cujusnam
1520 1497 1556 1524 sit
1579 1497 1671 1525 futura
1689 1506 1783 1526 resur-

155 1543 300 1579 σωμάτων,
318 1540 355 1569 ὧν
371 1543 552 1579 περικείμεθα
571 1544 629 1571 νῦν.
647 1542 713 1571 Εἶτα
728 1552 942 1580 προσεπερωτη-

156 1589 259 1616 σάντων
279 1588 372 1624 ἡμῶν,
397 1589 509 1625 πότερον
526 1590 576 1625 τῆς
600 1590 695 1622 οὐσίας
717 1590 781 1626 ὅλης
803 1590 909 1623 αὐτῶν,
924 1591 941 1626 ἢ

155 1634 216 1671 οὐχί
229 1644 237 1668 ',
255 1635 320 1670 πρὶν
336 1635 479 1670 βασανίσαι
498 1635 623 1670 λέγουσιν
636 1657 643 1667 ,
659 1637 700 1663 ὅτι
717 1636 767 1672 τῆς
782 1636 855 1671 ὅλης.
881 1636 944 1664 Ἐὰν

155 1681 185 1708 δὲ
200 1682 455 1717 προσαπορήσωμεν
481 1683 745 1718 συμπεριφερόμενοι
759 1683 792 1718 τῇ
817 1682 944 1718 ἀκεραιό-

156 1725 337 1762 τητιαὺτῶν,
359 1727 406 1753 καὶ
428 1727 503 1753 οὐδὲν
528 1726 653 1762 περὶτοῦ
677 1726 792 1763 ῥευστὴν
812 1725 945 1762 εἶναιτὴν

157 1770 252 1796 οὐσίαν
268 1769 438 1803 ἐξετάζοντες
450 1789 458 1802 ,
472 1771 497 1797 εί
514 1770 742 1805 συναναστήσεται
761 1769 796 1796 τὰ
809 1768 946 1806 ἀπορρεύ-

159 1824 243 1843 σαντα
259 1816 287 1842 ὲν
302 1815 495 1851 φλεϐοτομίαις
511 1816 625 1851 αἵματα,
641 1816 688 1843 καὶ
701 1816 729 1843 αἱ
749 1817 904 1843 ἐκτακεῖσαι
918 1815 947 1841 ὲν

159 1862 246 1893 νόσοις
261 1861 361 1898 σάρκες
371 1882 378 1893 ,
396 1862 443 1889 καὶ
456 1862 547 1898 τρίχες
562 1864 648 1888 πᾶσαι
666 1863 694 1888 αι
710 1862 820 1888 πώποτε
835 1861 947 1897 γενόμε-

158 1917 203 1936 ναι
213 1929 222 1942 ,
241 1909 257 1944 ἢ
274 1909 352 1944 μόναι
368 1909 396 1935 αἱ
419 1909 488 1944 πρὸς
508 1910 541 1944 τῇ
557 1909 639 1944 ἐξόδῳ
653 1908 824 1944 θλιϐόμεναιο
839 1907 884 1934 ὁτὲ
899 1907 947 1942 μὲν

161 1950 362 1990 προσκόπτουσι
381 1954 428 1982 καὶ
450 1955 484 1990 τῇ
511 1955 641 1991 γινομένῃ
665 1955 803 1988 ἐξετάσει,
829 1953 948 1988 οἰόμενοι

160 1999 214 2026 δεῖν
241 2000 396 2037 ἐπιτρέπειν
422 2000 460 2037 τῷ
474 2001 550 2037 Θεῷ,
575 2001 590 2028 ὃ
613 2001 737 2037 βούλεται
759 2001 823 2037 περὶ
846 1999 949 2027 τούτων

162 2048 265 2073 ποιεῖν’
290 2047 335 2074 ὁτὲ
360 2047 403 2079 δὲ,
421 2047 562 2079 δοκοῦντες
583 2047 826 2081 συγκαταϐαίνειν.
843 2047 891 2080 τὰς
904 2047 951 2074 ἐπὶ

161 2093 234 2120 τέλει
249 2092 349 2128 ταύτης
364 2093 413 2129 τῆς
435 2093 507 2128 ζωῆς
523 2093 619 2129 τρίχας
640 2093 722 2128 φασὶν
745 2093 812 2129 ἡμῖν
835 2102 951 2121 συνανα-

164 2139 320 2174 στήσεσθαι.
341 2140 372 2165 υἱ
387 2139 416 2165 δὲ
430 2139 612 2174 γενναιότεροι
626 2139 726 2173 αὐτῶν,
746 2139 789 2165 ἵνα
811 2138 848 2174 μὴ
866 2139 950 2172 ἀναγ-

992 1541 1094 1569 rectio:
1113 1548 1271 1576 corporum,
1290 1542 1466 1577 respondent,
1481 1550 1542 1576 qua:
1557 1550 1607 1571 nos
1623 1543 1702 1571 modo
1726 1544 1783 1571 cir-

994 1586 1136 1614 cumdant.
1164 1587 1333 1615 lnstantibus
1356 1587 1453 1619 nobis,
1476 1589 1560 1616 totius
1587 1589 1695 1616 illorum
1719 1589 1786 1617 sub-

995 1633 1104 1661 stantiae
1118 1640 1207 1660 necne
1218 1633 1308 1660 futura
1325 1633 1377 1660 sit:
1394 1637 1539 1668 anlequani
1555 1634 1700 1670 diligenter
1712 1634 1785 1662 istud

995 1678 1186 1713 cxpeudcrint.
1199 1678 1284 1706 totius
1293 1678 1351 1706 fore
1360 1679 1547 1713 pronuntiant.
1562 1679 1639 1712 Quod
1651 1680 1675 1707 si
1691 1688 1741 1708 nos
1752 1680 1788 1708 ad

995 1725 1104 1752 illorum
1117 1724 1317 1759 simplicitatem
1329 1724 1585 1757 accommodantes,
1604 1732 1693 1760 neque
1712 1724 1789 1761 quid-

996 1778 1078 1806 quam
1092 1770 1126 1798 de
1141 1770 1213 1797 ﬂuxa
1227 1777 1259 1797 ac
1282 1770 1407 1797 mutabili
1424 1777 1569 1806 corporum
1583 1775 1680 1798 natura
1694 1771 1790 1806 dispu-

999 1819 1100 1849 tantes,
1116 1815 1266 1843 dubitando
1282 1822 1392 1843 rursum
1419 1815 1635 1851 interrogemus,
1652 1823 1717 1843 num
1732 1823 1789 1844 una

998 1863 1110 1900 sanguis
1134 1862 1180 1890 ille
1200 1862 1291 1889 omnis
1309 1865 1448 1897 resurgat,
1464 1861 1511 1897 qui
1540 1865 1615 1890 secta
1640 1862 1790 1890 identidem

1001 1916 1069 1936 vena
1086 1907 1241 1940 deﬂuxerit,
1257 1915 1289 1935 ac
1307 1907 1439 1943 quidquid
1456 1911 1586 1943 praeterea
1605 1907 1698 1935 carnis
1715 1915 1792 1935 mor-

1002 1954 1101 1982 borum
1115 1954 1157 1982 vis
1180 1954 1376 1989 absumpserit,
1388 1961 1496 1981 necnon
1512 1957 1539 1981 et
1554 1954 1602 1989 pili
1623 1961 1730 1986 omnes,
1743 1954 1791 1989 qui

1001 2008 1122 2036 unquam
1137 2001 1211 2027 enati
1223 2004 1298 2033 sunt,
1313 2007 1349 2028 an
1360 2000 1378 2027 ii
1394 2000 1542 2032 duntaxat,
1554 2001 1601 2035 qui
1619 2001 1671 2028 sub
1685 2000 1791 2028 obitum

999 2051 1124 2075 nostrum
1147 2046 1315 2074 eliloruerint
1332 2055 1339 2073 :
1361 2054 1560 2081 nonnunquam
1583 2045 1617 2073 ad
1634 2054 1694 2074 eam
1714 2053 1791 2082 qum-

1001 2094 1119 2122 stionem
1145 2092 1297 2125 oll‘endunt,
1316 2100 1349 2120 ac
1365 2092 1422 2120 Deo
1437 2092 1649 2127 permittendum
1666 2099 1729 2120 esse
1750 2091 1794 2120 di-

1002 2142 1079 2171 cunt,
1087 2141 1117 2164 ut
1127 2137 1259 2172 quidquid
1268 2137 1383 2164 voluerit
1395 2137 1429 2165 de
1436 2144 1468 2164 ea
1479 2137 1644 2170 constituat;
1654 2136 1792 2164 interdum

163 2172 299 2218 κάξωνται
316 2185 349 2212 τὰ
360 2172 464 2219 αἵματα
481 2172 641 2219 συναγαγεῖν
657 2185 696 2220 τῷ
709 2184 791 2220 λόγῳ,
805 2172 941 2212 τὰγπολλάη

1004 2192 1079 2216 vero.
1086 2183 1160 2212 velut
1169 2183 1354 2216 assentiendo,
1364 2183 1438 2211 solos
1447 2183 1508 2210 illos
1520 2183 1661 2211 nobiscum
1671 2190 1794 2210 resurre-

164 2239 208 2263 κις
221 2230 403 2265 ἀποκριθέντα
420 2229 474 2256 τῶν
492 2230 625 2265 σωμάτων
637 2230 715 2266 ἡμῶν
724 2250 732 2262 ,
746 2231 793 2257 καὶ
807 2230 859 2262 τὰς
871 2237 952 2265 μετα-

1004 2233 1100 2257 cturos
1116 2237 1178 2257 esse
1201 2229 1272 2264 pilos
1289 2233 1426 2261 asserunt,
1448 2237 1518 2264 quos
1540 2229 1592 2257 sub
1609 2229 1672 2256 vita
1689 2229 1794 2256 exitum

165 2275 314 2307 θαλλούσας
327 2276 431 2312 σάρκας
450 2277 479 2302 ὲν
495 2276 582 2308 νόσοις
605 2276 612 2292 ¹
634 2275 764 2312 ἱδρῶτας,
785 2275 802 2312 ἢ
826 2275 884 2302 οἵαν
905 2275 941 2311 δήι

1007 2276 1196 2304 habuerimus.
1209 2276 1244 2302 At
1257 2275 1304 2310 qui
1321 2276 1408 2311 magis
1422 2275 1493 2303 inter
1508 2275 1571 2303 illos
1590 2274 1695 2302 strenui
1716 2277 1792 2308 sunt,

166 2331 232 2349 ποτε
259 2322 345 2358 ὓλην,
371 2322 437 2356 φασὶ
462 2321 497 2348 τὰ
522 2322 568 2349 ἐπὶ
595 2321 665 2348 τέλει
690 2321 768 2357 ἡμῶν
794 2320 941 2349 άνίστασθα

1007 2330 1042 2350 ne
1067 2322 1209 2358 sanguinis
1232 2322 1339 2357 copiam
1363 2329 1492 2355 omnem,
1507 2321 1556 2356 qui
1576 2329 1611 2349 ex
1632 2320 1794 2356 corporibus

167 2368 290 2404 σώματα.

1008 2367 1112 2396 nostris
1137 2367 1298 2402 plerumque
1319 2365 1401 2402 53E.
1419 2369 1541 2394 secretus
1559 2369 1618 2398 est,
1646 2365 1796 2400 itidemque

167 2423 277 2444 carnem
299 2422 418 2446 onmem.
433 2422 494 2450 quae
509 2423 557 2450 per
576 2415 687 2443 morbos
703 2415 729 2442 in
750 2416 889 2445 sudorem,
907 2419 955 2442 aut
973 2414 1054 2442 aliam
1071 2414 1209 2449 ejusmodi
1228 2414 1372 2442 materiam
1403 2412 1481 2446 abiit,
1515 2412 1542 2440 in
1564 2419 1648 2440 unum
1669 2411 1797 2439 conferre

168 2469 217 2491 sua
233 2462 356 2489 oratione
378 2465 522 2497 cogantur,
540 2462 631 2497 qualia
651 2462 703 2489 sub
717 2467 833 2490 mortem
849 2462 1016 2495 exstiterint,
1033 2469 1178 2497 resurgere
1198 2468 1315 2497 corpora
1331 2464 1425 2489 nostra
1443 2459 1602 2495 praedicant.

204 2519 252 2546 ΙΝ.
274 2518 365 2545 Ταῦτά
381 2519 439 2545 ἐστι
463 2518 498 2545 τὰ
511 2518 558 2545 τοῦ
574 2518 775 2554 προειρημένου
796 2517 956 2552 ὲθελοσόφου

169 2564 358 2601 ἑπαπορητικὰ
377 2565 445 2600 πρὸς
461 2565 511 2601 τὴν
531 2565 658 2601 ἀλήθειαν
681 2565 810 2597 λεξείδια·
831 2564 849 2591 ἃ
874 2565 958 2598 ἀναγ-

170 2611 255 2643 καίως
279 2610 439 2647 παρεθέμην
463 2612 502 2642 εἰς
519 2611 690 2647 παράστασιν
709 2611 765 2643 τοῖς
787 2610 958 2645 βουλομένοις

170 2656 268 2683 ειδέναι
281 2655 329 2682 τὸν
341 2655 430 2682 πάντα
449 2655 511 2682 νοῦν
530 2655 620 2682 αὐτῶν
638 2655 687 2691 τῆς
704 2655 768 2691 περὶ
784 2654 960 2685 ἀναστάσεως

1041 2516 1088 2545 XI.
1110 2516 1157 2544 Ha:
1179 2516 1309 2552 opinione
1338 2521 1387 2543 sua
1410 2513 1541 2549 sapientis
1574 2512 1649 2540 illius
1676 2511 1798 2539 hominis

1009 2563 1142 2591 adversus
1156 2563 1300 2590 veritatem
1317 2561 1464 2597 proposita;
1480 2558 1691 2594 objectiunculaa
1711 2561 1774 2585 sunt
1788 2566 1795 2585 :

1005 2616 1067 2644 qua:
1079 2608 1146 2636 mihi
1161 2607 1319 2636 necessario
1332 2606 1500 2642 proferenda:
1523 2605 1644 2637 fuerunt,
1665 2610 1694 2632 ut
1713 2611 1795 2639 quam

1007 2655 1054 2683 ille
1074 2654 1108 2682 de
1124 2654 1328 2683 resurrectione
1343 2660 1439 2689 parum
1460 2660 1527 2680 sane
1553 2659 1585 2678 ac
1602 2650 1717 2678 ﬁdeliter
1733 2656 1796 2676 sen-

175 2701 311 2733 Ξιπιστίας.
329 2701 384 2728 Καὶ
404 2700 459 2737 γὰρ
479 2701 527 2728 καὶ
540 2701 606 2728 ἄλλα
626 2701 682 2736 ἔχει
699 2700 758 2736 μεθ’
775 2701 856 2736 ἕτερα
875 2700 941 2727 πολλ

1009 2700 1087 2732 serit,
1104 2700 1164 2735 ejus
1178 2699 1217 2728 rei
1236 2699 1420 2735 intelligenda!
1433 2698 1540 2734 cupidis
1555 2697 1666 2733 planum
1683 2695 1796 2723 omnino

173 2747 202 2775 ὲν
221 2745 307 2783 ταύτῃ
322 2748 355 2782 τῇ
381 2746 427 2773 τοῦ
452 2746 561 2782 ψαλμοῦ
588 2746 744 2782 ἀκολουθίᾳ.
766 2746 867 2773 Φάσκει
890 2746 960 2781 γάρ’

212 2824 224 2838 ’
235 2824 314 2858 Deest
328 2827 378 2859 είς.

1010 2746 1139 2774 facerem.
1150 2745 1218 2774 Nam
1232 2749 1260 2774 et
1271 2745 1323 2774 alia
1334 2745 1368 2774 ad
1381 2745 1506 2774 eumdem
1519 2743 1654 2780 psalmum
1667 2740 1799 2776 deinceps

417 2827 426 2842 '
442 2825 535 2853 Matth.
553 2833 590 2856 ιι,
606 2825 650 2852 ‘21.
690 2825 698 2840 ³
712 2824 791 2853 Joau.
807 2833 861 2857 xtv,
875 2823 901 2851 9.
942 2824 951 2839 ⁸
964 2822 1036 2852 Psal.
1057 2831 1077 2855 I.
