1958 3050
152 104 220 131 1087

863 103 893 131 S.
912 101 1082 129 EPIPHANII

1712 99 1779 127 1088

152 161 186 187 ad
203 160 274 187 hunc
290 161 399 188 modum
421 160 542 189 disserit.
559 160 604 188 Sic
620 169 693 189 enim
710 161 850 195 loquitur:
868 160 939 188 Pro-

998 161 1042 187 Διὰ
1052 159 1139 186 τοῦτο
1153 159 1208 186 οὐκ
1221 157 1444 190 ἀναστήσονται
1457 160 1483 185 οὶ
1495 158 1613 191 ἀσεϐεῖς
1624 159 1660 185 ἐν
1672 159 1777 193 κρίσει.

152 210 241 239 plcrea
261 215 312 232 non
334 212 469 242 resurgant
485 207 560 240 impii
579 207 605 233 in
613 207 727 242 judicio.
742 207 812 234 Tum
830 215 878 234 eos
898 215 942 234 re-

152 252 286 286 darguere
312 253 416 288 pergit.
433 253 479 288 qui
502 257 604 280 certam
628 261 689 281 esse
713 254 941 281 resurrectionem

153 296 305 330 definiunt,
334 302 361 325 et
376 299 536 326 excitandos
554 299 587 325 ad
613 299 696 326 vitam
725 303 848 326 mortuos
876 306 943 326 con-

154 343 236 370 stanti
251 351 298 379 spe
315 351 346 370 ac
363 344 414 371 lide
431 344 601 379 profitentur.
614 344 689 378 Quos
704 345 814 379 quidem
827 345 942 372 nimium

155 389 201 416 ille
216 389 356 424 simplices
370 394 457 425 putat,
471 398 502 418 ac
519 391 603 418 multa
616 391 746 419 adversus
763 391 824 418 illos
837 391 942 418 nefaria

155 435 330 470 depromens,
349 441 375 464 et
400 437 550 471 sophistica
568 437 686 472 quadam
702 437 874 464 cavillatione
894 445 943 472 ag—

155 482 295 516 grediens,
309 490 396 517 neque
419 483 566 518 quidquam
584 491 617 510 ex
632 483 787 510 Christiana
807 483 858 510 (ide
874 483 942 518 peti-

156 533 225 559 tum,
242 529 290 555 sed
308 529 562 556 ratiocinationibus
580 528 736 561 collectum,
754 529 820 556 nihil
841 537 893 556 non
908 528 942 556 ad

155 581 214 605 eos,
235 574 335 608 quibus
357 576 519 609 persuadere
540 575 679 609 potuerit,
698 575 861 602 evertendos
877 575 943 603 atre-

157 627 232 652 rens,
246 629 278 647 ex
302 620 336 647 iis
358 621 426 655 ipsis
448 628 509 655 qua:
525 621 687 648 naturaliter
709 621 789 648 nobis
803 621 942 652 eveniunt,

156 666 182 693 id
207 667 316 702 assequi
338 673 454 694 conatus
477 672 535 700 est,
567 672 597 694 ut
614 668 824 695 resurrectionis
843 672 945 695 nostra:

156 721 219 740 cum
237 722 284 749 spe
306 719 379 741 certa
397 714 573 748 conjunctam
596 714 795 749 professionem
822 714 945 742 funditus

157 760 274 787 tolleret.
284 760 340 795 Ego
354 768 418 787 vero
433 760 467 787 iis
480 760 548 794 ipsis
561 761 607 794 qui
619 765 682 788 ante
695 768 738 788 me
753 761 780 787 in
792 768 853 788 eum
870 761 945 787 labo-

156 807 213 833 rem
237 806 432 838 incubuerunl,
453 812 481 834 et
502 807 632 834 oratoriis
656 807 800 834 lenociniis
825 806 943 834 fucatam

998 205 1138 232 Ἐντεῦθεν
1165 205 1194 231 δὲ
1222 204 1436 240 ἐπιλαμϐάνεται
1451 205 1498 232 καὶ
1514 205 1642 232 ἐπέκεινα
1662 205 1716 231 τῶν
1730 205 1781 240 τὴν

993 252 1101 287 ἀσφαλῆ
1113 252 1261 278 ἀνάστασιν
1276 251 1430 287 ὁριζόντων,
1445 251 1493 278 καὶ
1510 252 1560 287 τὴν
1577 252 1689 287 βεϐαίαν
1705 253 1781 280 ἐλπί-

992 298 1025 324 δα
1047 298 1096 333 τῆς
1121 297 1176 323 τῶν
1202 296 1306 332 νεκρῶν
1325 297 1501 328 ἀναστάσεως
1525 298 1726 331 πιστευόντων,
1744 299 1782 330 ὡς

993 343 1130 378 ἀκεραίων
1145 343 1229 370 ὄντων
1239 364 1246 375 ,
1273 343 1358 369 πολλὰ
1374 343 1498 378 μοχθηρὰ
1516 343 1651 376 ἐπειπὼν,
1666 344 1714 371 καὶ
1738 353 1783 371 σο-

994 389 1120 424 φιστικήν
1139 397 1199 415 τινα
1216 389 1343 415 ὑπόνοιαν
1360 389 1570 424 ὑφηγησάμενος
1581 409 1587 421 ,
1605 388 1635 415 οὔ
1650 399 1675 416 τι
1690 399 1781 416 πιστι-

994 436 1041 462 κδν
1051 456 1057 467 ,
1079 435 1145 462 ἀλλὰ
1161 434 1362 469 συλλογιστικὸν
1373 455 1379 467 ,
1398 436 1452 462 πᾶν
1468 435 1556 462 ὁτιοῦν
1575 436 1615 467 είς
1630 444 1781 472 καταστρο-

994 480 1046 516 φὴν
1061 481 1115 507 τῶν
1130 480 1204 516 αὐτῷ
1222 481 1397 510 πεισθέντων.
1417 481 1448 507 ἐκ
1467 481 1520 507 τῶν
1535 481 1605 508 κατὰ
1621 482 1700 516 φύσιν
1716 483 1782 517 ἡμῖν

995 527 1197 562 συμϐαινόντων
1224 527 1372 562 ἀνατρέψαι
1390 527 1521 562 ἐπειράθη
1538 528 1587 562 τῆς
1606 528 1691 562 αὐτῆς
1715 529 1781 554 ἀνα-

995 574 1115 605 στάσεως
1139 573 1217 608 ήμῶν
1240 573 1269 598 ὲν
1294 572 1409 608 ἀληθείᾳ
1428 572 1532 604 ἐλπίδος
1554 572 1603 608 τὴν
1626 573 1779 608 ὁμολογίαν.

1000 619 1069 653 Ἐγὼ
1084 619 1111 645 δὲ
1127 619 1180 645 τῶν
1194 618 1286 650 καλῶς
1302 618 1352 653 ἤδη
1365 618 1554 653 κεκμηκότων,
1569 619 1615 645 καὶ
1626 618 1782 645 δικαιότατα

994 665 1201 701 ἀνατρεψάντων
1217 665 1266 699 τὴν
1283 665 1372 691 πᾶσαν
1400 664 1482 690 αὐτοῦ
1507 665 1718 700 ὲπινενοημένην
1734 666 1784 700 ρη-

993 713 1105 749 τορικὴν
1124 713 1292 747 κακουργίαν
1313 712 1351 747 μὴ
1370 713 1398 739 ἐν
1415 712 1502 749 τόλμῃ
1520 713 1636 740 καλλίων
1656 713 1783 748 βουλόμε-

994 767 1039 790 νος
1056 756 1135 791 εἶναι,
1155 755 1198 785 οἷα
1212 758 1244 793 δὴ
1260 758 1362 794 βραχὺς
1380 758 1525 793 ὑπάρχων,
1548 758 1712 794 ἀρκεᾶθῆναι
1727 759 1784 785 ἐνό-

997 812 1063 840 μισα
1078 803 1167 836 καλῶς
1180 804 1251 839 ἔχειν
1267 805 1324 835 τοῖς
1341 805 1394 830 ὑπὸ
1417 805 1463 830 τοῦ
1480 805 1629 840 μακαρίτου
1640 805 1782 838 Μεθοδίου,

156 853 275 880 hominis
288 853 437 888 nequitiam
452 853 614 887 jnstissimis
629 854 782 881 rationibus
792 853 941 886 diluerunt,

998 851 1034 882 εις
1050 851 1094 877 τὸν
1110 851 1178 884 Περὶ
1194 850 1390 883 ἀναστάσεως
1412 849 1489 884 λόγον
1500 871 1507 882 ,
1535 851 1606 877 κατὰ
1629 851 1676 877 τοῦ
1701 851 1783 878 αὐτοῦ

157 899 330 933 praestantior
342 899 428 926 videri
443 907 616 935 nequaquam
632 899 772 931 affectans,
788 904 881 935 utpote
895 900 942 934 qui

156 945 287 972 mediocri
303 946 353 972 sim
370 946 478 981 ingenio
496 946 639 981 prtedilns,
667 950 825 973 contentum
850 953 893 973 me
909 947 942 974 iis

155 997 217 1018 esse
235 995 361 1026 oportere
386 991 496 1026 putavi,
524 1000 584 1027 quze
608 992 705 1019 beatus
733 991 886 1018 Methodius
914 989 941 1016 in

1001 897 1153 932 Ὠριγὲνους
1169 897 1334 932 εἰρημένοις.
1356 897 1450 923 ’Ἂτινα
1479 897 1597 924 ἐνταῦθα
1618 898 1688 924 κατὰ
1713 898 1784 930 λέξιν

996 944 1200 979 παραθήσομαι.
1218 943 1272 969 Καὶ
1289 943 1346 969 ἐστι
1359 942 1394 969 τὰ
1408 943 1459 969 ὑπὸ
1475 943 1606 970 Μεθοδίου
1625 943 1710 976 οὕτως
1721 964 1729 976 ,
1746 944 1785 976 ὡς

997 990 1043 1017 καὶ
1061 991 1142 1022 αὐτὸς
1162 990 1252 1022 ἔταξα.

156 1039 291 1070 oratione,
325 1047 406 1074 quam
435 1039 474 1066 De
490 1040 680 1066 resurrectione
707 1039 828 1074 scripsit,
849 1038 982 1066 adversus
1000 1037 1281 1072 enmdemOrigenem
1303 1038 1442 1066 disseruit.
1460 1038 1525 1072 Quae
1552 1039 1661 1074 quidem
1683 1039 1727 1067 hic
1751 1039 1785 1066 ad

157 1087 267 1114 verbum
285 1088 376 1114 omnia
397 1089 589 1116 transcribam.
605 1088 651 1115 Sic
671 1088 755 1123 igitur
782 1086 947 1118 Methodius,
968 1090 999 1114 ut
1011 1086 1083 1114 infra
1099 1087 1232 1121 scriptum
1248 1089 1305 1117 est,
1322 1087 1451 1121 loquitur.

229 1154 346 1188 Epitome
366 1155 518 1190 dogmatum
537 1155 658 1190 Origenis
679 1163 711 1182 ea:
729 1155 873 1183 Met/mdia.

190 1211 248 1239 XII.
267 1211 323 1238 lloc
340 1212 424 1247 igitur
441 1211 500 1239 loco
511 1213 557 1247 qui
574 1221 607 1240 ex
625 1212 751 1240 ﬁdelibus
766 1212 946 1247 simpliciores

156 1261 219 1284 sunt
238 1257 354 1284 maxime
378 1257 457 1289 freti,
484 1258 583 1293 impios
608 1262 707 1293 negant
735 1258 946 1285 resurrectionis

156 1309 297 1338 compotes
313 1303 432 1337 futuros,
453 1312 543 1339 neque
563 1305 628 1340 quid
643 1313 692 1340 per
713 1305 944 1333 resurrectionem

157 1349 321 1384 intelligant,
343 1351 411 1378 satis
434 1352 582 1386 explicant.
600 1351 666 1379 Nam
694 1352 744 1380 etsi
761 1360 837 1379 suam
855 1353 887 1380 de
903 1352 946 1380 bis

157 1397 323 1423 sententiam
342 1399 522 1432 pronuntiare
547 1397 704 1430 vidcantur,
728 1406 761 1426 ex
778 1398 835 1433 ipsa
854 1402 945 1425 tamen

156 1443 335 1478 inquisitione
360 1444 498 1471 constabit
523 1444 636 1472 minime
666 1445 738 1477 illos,
765 1452 826 1479 qua:
850 1452 946 1471 conse-

156 1489 269 1524 quentia
287 1493 363 1520 sunt,
380 1497 460 1524 posse
473 1498 593 1518 servare.
613 1490 704 1524 Quare
723 1490 746 1518 si
764 1497 812 1518 eos
830 1490 947 1518 interro-
960 1509 980 1538 ο

157 1543 261 1570 gemus,
278 1537 421 1570 cujusnam
436 1537 601 1564 resurrectio
621 1536 711 1563 futura
728 1537 780 1564 sit:
796 1543 942 1571 corporum

158 1580 237 1616 535
256 1582 359 1616 utique,
376 1582 549 1617 respondent,
563 1581 662 1616 quibus
684 1581 765 1608 modo
781 1582 942 1608 circumdati

158 1635 263 1654 sumus.
283 1627 334 1654 Sed
351 1627 517 1654 instantibus
540 1628 619 1655 nobis
642 1628 761 1655 totiusne
785 1628 945 1655 substantiae

157 1680 244 1700 necne
258 1681 319 1700 esse
329 1673 425 1700 debeat
439 1682 445 1700 :
462 1679 606 1709 antequam
620 1673 764 1708 diligenter
778 1674 944 1708 expendunt,

158 1717 242 1745 totius
262 1726 324 1746 esse
336 1719 479 1746 deliuiuut.
496 1718 572 1752 Quod
592 1720 615 1747 si
631 1727 682 1747 nos
696 1719 729 1746 ad
754 1719 860 1746 illorum
880 1720 945 1747 sim-

157 1763 308 1798 plicitatem
332 1765 572 1792 accommodantes
603 1765 701 1791 iterum
721 1765 872 1792 dubitando
886 1773 947 1800 per-

159 1814 311 1842 contemur,
332 1819 397 1838 num
423 1819 477 1838 una
496 1810 609 1845 sanguis
631 1810 676 1838 ille
703 1810 874 1844 restituatur,
900 1811 946 1846 qui

159 1860 233 1884 secta
261 1857 409 1884 identidem
426 1865 494 1884 vena
519 1856 632 1885 defusus
649 1861 701 1889 est,
716 1865 822 1884 necnon
838 1861 865 1884 et
884 1865 947 1884 caro

159 1903 259 1935 omnis,
275 1910 306 1930 ac
323 1903 380 1938 pili,
403 1903 449 1938 qui
467 1911 585 1938 unquam
598 1903 671 1931 enati
696 1907 770 1942 sunt,
787 1911 820 1930 an
841 1904 859 1930 ii
877 1904 947 1930 dun-

160 1953 244 1981 taxat,
258 1950 304 1985 qui
319 1949 370 1977 sub
381 1949 484 1977 exitum
500 1954 623 1978 nostrum
636 1949 803 1978 efﬂoruerint
813 1969 820 1980 .
837 1958 868 1978 eo
882 1959 948 1978 con-

161 1994 277 2031 fugiunt,
294 2001 323 2024 ut
339 1995 395 2024 Deo
419 1997 632 2032 permittendum
649 2005 711 2024 esse
725 1996 828 2028 dicant,
842 2001 872 2024 ut
889 2005 949 2032 qua:

160 2042 234 2074 velit,
249 2041 356 2070 efﬁciat.
372 2043 406 2069 At
422 2043 468 2078 qui
482 2043 569 2078 magis
584 2043 655 2070 inter
674 2043 735 2071 illos
750 2043 854 2071 strenui
874 2048 948 2076 sunt,

159 2094 194 2114 ne
222 2087 363 2122 sanguinis
389 2087 495 2122 copiam
523 2087 710 2122 omnem,qni
730 2095 763 2115 ex
788 2089 950 2123 corporibus

160 2133 263 2160 nostris
276 2133 436 2168 plerumque
454 2137 579 2161 secretus
594 2137 647 2165 est,
673 2133 701 2160 in
724 2141 808 2161 unum
825 2133 950 2161 conferre

1010 1154 1071 1181 Τῶν
1087 1153 1257 1188 Ὠριγένους
1273 1154 1396 1189 ἐπιτομὴ
1413 1155 1470 1189 (El)
1490 1154 1523 1180 ἐκ
1541 1153 1598 1181 τῶν
1617 1154 1774 1182 Μεθοδίου.

1031 1211 1082 1237 ΙΒ¹.
1107 1210 1247 1237 Ἐντεῦθεν
1263 1212 1286 1237 οἱ
1303 1211 1481 1246 άπλοὺστεροι
1495 1210 1550 1237 τῶν
1566 1211 1788 1238 πεπιστευκότων

995 1255 1150 1292 ὁρμώμενοι
1163 1276 1170 1287 ,
1187 1255 1327 1291 νομίζουσι
1346 1257 1409 1288 τοὺς
1427 1257 1533 1288 ἁσεὸεῖς
1549 1257 1599 1292 τῆς
1614 1257 1787 1290 ἀναστάσεως

997 1303 1033 1339 μὴ
1048 1303 1197 1335 τεύξεσθαι,
1209 1303 1235 1329 τί
1254 1303 1376 1335 νοοῦντες
1392 1303 1440 1339 τὴν
1459 1304 1605 1330 ἀνάστασιν
1618 1324 1625 1336 ,
1641 1305 1688 1331 καὶ⁸
1703 1314 1787 1332 ποταη

995 1349 1048 1384 πὴν
1061 1349 1111 1384 τὴν
1125 1349 1214 1383 κρίσιν
1228 1348 1435 1383 φανταζόμενοι,
1450 1349 1481 1375 οὑ
1498 1349 1567 1376 πάνυ
1584 1348 1785 1384 σαφηνίζοντες.

996 1395 1056 1421 Κᾶν
1076 1394 1129 1429 γὰρ
1146 1394 1254 1421 δοκοῦσι
1269 1395 1332 1430 περὶ
1351 1394 1454 1422 τούτων
1469 1395 1683 1429 ἀποφαίνεσθαι,
1701 1396 1717 1431 ἡ
1732 1396 1788 1431 βά-

997 1450 1075 1472 σανος
1090 1441 1188 1472 αὐτοὺς
1207 1441 1356 1475 διελέγξει,
1385 1441 1420 1467 τὰ
1440 1441 1504 1476 ἑξῆς
1518 1441 1671 1474 ἀκολούθως
1691 1442 1788 1474 σώζειν

999 1490 1036 1526 μὴ
1051 1490 1225 1525 δυναμένους.
1245 1489 1307 1516 Ἐὰν
1321 1487 1367 1517 οὖν
1385 1490 1594 1526 πυνθανώμεθα,
1612 1490 1684 1522 τίνος
1697 1490 1788 1517 αὐτῶν

997 1537 1174 1572 ή.ὰνάστασις
1194 1535 1317 1570 γίνεταις
1336 1536 1545 1571 ἀποκρίνονται,
1561 1537 1601 1563 ὅτι
1617 1536 1671 1563 τῶν
1695 1537 1788 1571 σωμά-

995 1592 1060 1613 των,
1075 1579 1112 1610 ὦν
1126 1583 1174 1609 νῦν
1189 1583 1380 1618 περικείμεθα.
1397 1581 1463 1609 Εἶτα
1483 1583 1788 1619 προσεπερωτησάντων

995 1629 1085 1664 ἡμῶν,
1101 1629 1215 1664 πότερον
1229 1630 1278 1664 τῆς
1299 1629 1393 1661 οὐσίας
1405 1629 1494 1655 αὐτῶν
1509 1629 1583 1665 ὃλης,
1603 1630 1620 1665 ἢ
1637 1629 1709 1664 οὐχί;
1723 1629 1789 1664 πρὶν

997 1674 1141 1710 βασανίσαι
1163 1675 1288 1709 λέγουσιν
1301 1696 1308 1707 ,
1328 1676 1369 1702 ὃτι
1384 1675 1458 1710 ὅλης.
1487 1675 1549 1702 Ἐὰν
1565 1675 1594 1701 δὲ
1611 1675 1788 1711 προσαπορή-

998 1728 1088 1755 σωμεν
1105 1720 1371 1756 συμπεριφερόμενοι
1392 1721 1426 1756 τῇ
1447 1720 1622 1756 ἁκεραιότητι
1637 1719 1726 1747 αὐτῶν
1738 1741 1744 1753 ,
1762 1720 1787 1746 εἰ

998 1766 1229 1801 συναναστήσεται
1256 1767 1289 1794 τὰ
1307 1766 1515 1802 ἀπορρεύσαντα
1541 1768 1570 1793 ὲν
1597 1766 1786 1801 φλεϐοτομίαις

997 1812 1100 1847 αἵματα
1112 1833 1118 1842 .
1135 1813 1181 1839 καὶ
1205 1814 1232 1840 αἱ
1257 1814 1357 1849 σάρκες
1371 1834 1379 1844 ,
1399 1814 1445 1840 καὶ
1468 1815 1495 1840 αί
1515 1814 1607 1849 τρίχες
1623 1814 1652 1840 αἱ
1677 1812 1786 1840 πώποτε

997 1859 1157 1894 γενόμεναι,
1182 1859 1198 1894 ἢ
1221 1860 1299 1895 μόναι
1326 1861 1355 1887 αἱ
1372 1860 1440 1896 πρὸς
1464 1862 1497 1896 τῇ
1515 1861 1597 1895 ἐξόδῳ
1613 1859 1786 1895 Θλισόμεναι·

998 1906 1038 1937 είς
1055 1905 1086 1932 τὸ
1111 1906 1149 1941 τῷ
1164 1906 1223 1941 Θεῷ
1248 1907 1335 1933 ποιεῖν
1351 1907 1359 1921 ¹
1378 1907 1396 1934 ἂ
1416 1907 1539 1942 βούλεται
1564 1907 1786 1942 προστρέχουσιν.

999 1950 1029 1976 Οί
1050 1951 1078 1976 δὲ
1093 1952 1274 1987 γενναιότεροι
1288 1951 1377 1978 αὐτῶν
1390 1973 1397 1985 ,
1415 1952 1458 1979 ἵνα
1474 1953 1510 1988 μὴ
1533 1953 1738 1987 ἀναγκάζωνται
1753 1951 1789 1978 τὰ

998 1996 1068 2023 αὐτὰ
1086 1997 1189 2032 αἵματα
1205 2000 1366 2032 συναγαγεῖν
1381 1998 1419 2034 τῷ
1440 1998 1526 2034 λόγῳ,
1544 1999 1562 2026 ἃ
1577 1999 1706 2030 πολλάκις
1721 1999 1789 2025 ἀπο-

999 2042 1126 2078 κριθῆναι
1140 2043 1196 2070 τῶν
1213 2045 1346 2080 σωμάτων
1362 2044 1441 2080 ἡμῶν
1466 2045 1582 2080 συνέϐη,
1607 2045 1673 2079 φασὶ
1689 2046 1719 2071 τὸ
1742 2045 1788 2071 ἐπὶ

1000 2088 1070 2114 τέλει
1093 2088 1171 2124 ἡμῶν
1199 2089 1399 2128 ἀναστήσεσθαι
1419 2089 1508 2125 σῶμα.
1534 2090 1788 2125 Προσηπορήσαμεν

1000 2133 1037 2165 δὲ,
1058 2134 1101 2161 διὰ
1121 2134 1152 2161 τὸ
1166 2136 1285 2171 τρεπτὴν
1304 2134 1374 2162 εἶναι
1392 2136 1441 2171 τὴν
1458 2135 1616 2172 σωματικὴν
1631 2136 1727 2170 φύσιν,
1743 2135 1789 2161 καὶ

160 2179 285 2206 oratione
299 2187 348 2206 sua
363 2183 508 2214 cogantur,
524 2178 659 2214 ejusmodi
673 2185 816 2214 resurgere
831 2186 944 2214 corpora

998 2180 1119 2213 τοιαῦτα,
1132 2180 1226 2217 ὥσπερ
1242 2182 1281 2213 εἰς
1294 2181 1325 2208 τὸ
1339 2181 1472 2218 ἡμέτερον
1490 2181 1569 2218 σῶμα
1582 2182 1610 2209 αἱ
1629 2181 1727 2217 τροφαὶ
1742 2190 1789 2207 κα-

160 2224 325 2259 praedicant,
345 2226 437 2260 qualia
462 2225 643 2252 morientibus
668 2225 747 2252 uobis
780 2225 945 2253 exstiterint.

159 2270 261 2298 Contra
280 2279 350 2306 quos
370 2271 438 2298 illud
455 2272 566 2307 insuper
581 2271 737 2306 objicimus,
757 2278 819 2298 cum
836 2271 872 2298 sit
884 2279 946 2298 cor-

160 2324 256 2352 porum
268 2319 366 2344 natura
385 2317 534 2350 mutabilis,
554 2317 784 2352 quemadmodum
802 2317 830 2344 in
847 2324 948 2352 corpus

199 2396 205 2404 '
223 2395 303 2424 Deest
334 2397 500 2432 ἐπιτρέπειν.

195 2475 253 2509 (51)
272 2474 333 2502 Τῶν
355 2475 523 2510 Ὠριγένους
550 2474 686 2509 ἐπιτομὴ.
713 2474 764 2502 llic
780 2479 823 2502 est
838 2474 943 2503 Metho-

160 2511 222 2538 tlius
238 2510 282 2537 ille
296 2510 402 2546 Olympi
419 2511 516 2545 Lyciae,
535 2510 632 2538 deinde
646 2510 710 2545 Tyri
721 2511 883 2546 episcopus,
896 2511 943 2545 qni

161 2547 341 2586 interemerit
351 2545 389 2586 De
403 2546 599 2586 Resurrectione
611 2550 706 2572 contra
715 2545 858 2586 Origenem
876 2553 945 2579 opus

161 2581 273 2615 scripsit
288 2581 436 2614 eximium;
456 2586 484 2608 et
499 2581 531 2608 ad
547 2586 699 2608 extremum
715 2581 870 2608 novissimae
886 2589 947 2616 per-

162 2616 321 2647 secutionis,
339 2617 406 2648 sive,
424 2621 453 2643 ut
470 2617 514 2642 alii
531 2616 676 2648 allirmant,
692 2617 744 2644 sub
759 2616 839 2644 Decio
854 2621 881 2643 et
893 2616 946 2643 Va-

162 2652 275 2687 leriano,
290 2651 316 2678 in
331 2651 458 2679 Chalcide
469 2651 579 2678 Graeciae
590 2652 722 2687 martyrio
734 2656 880 2679 coronatus
893 2656 945 2679 est.

163 2686 225 2713 Ilaec
240 2687 419 2722 Hieronymus
433 2687 493 2714 Cat.
507 2688 555 2713 vir.
571 2686 670 2713 illustr.
692 2687 819 2714 Socrates
843 2687 890 2713 lib.
908 2695 946 2718 vr,

162 2730 224 2755 cap.
243 2723 286 2753 l5,
301 2727 419 2756 quatuor
435 2727 569 2754 recenset,
594 2723 640 2756 qui
658 2723 790 2749 adversus
803 2722 946 2756 Origenem

164 2757 300 2793 prmcipue
313 2758 411 2793 stylum
421 2757 608 2790 exercuerint;
625 2765 705 2793 quem
722 2758 779 2792 ipse
791 2757 947 2793 κακολόγων

163 2791 313 2826 τετρακτύν
330 2791 501 2827 impudenter
515 2791 642 2827 appellat;
663 2791 772 2819 Primus
787 2797 828 2820 est
844 2792 947 2819 Metho-

164 2827 237 2859 dins,
247 2828 382 2856 secundus
393 2827 753 2861 EustathiusAntiocltcnus,
765 2828 949 2862 lcrtiusApol-

1000 2223 1194 2259 τατάττονται,
1211 2228 1256 2254 καὶ
1273 2227 1467 2262 μεταϐάλλουσι
1484 2227 1532 2260 τὰς
1549 2228 1710 2263 ὁμοιότητας
1721 2248 1728 2259 ,
1745 2226 1790 2253 οὖ-

1000 2281 1054 2304 τως
1068 2274 1113 2299 καὶ
1137 2273 1171 2300 τὰ
1184 2273 1307 2309 ἡμέτερα
1321 2273 1435 2308 σώματα
1451 2273 1681 2308 μεταϐάλλονται,
1699 2273 1745 2300 καὶ
1761 2273 1790 2298 ἐν

1000 2320 1057 2349 τοῖς
1074 2318 1251 2354 σαρκοϐόροις
1266 2320 1370 2351 οἰωνοῖς
1384 2320 1430 2346 καὶ
1444 2319 1548 2355 θηρίοις
1564 2319 1702 2354 γίγνονται
1718 2319 1789 2355 μέρη

997 2474 1108 2507 linnris,
1139 2477 1255 2508 quartus
1274 2471 1451 2508 Theophilus.
1494 2470 1591 2502 Addit,
1622 2469 1788 2497 Methodium

997 2515 1101 2545 postea.
1122 2507 1205 2535 veluti
1219 2507 1355 2545 palinodia
1374 2510 1622 2545 rge:_tntata_.__quem
1640 2509 1789 2545 accusarat

997 2541 1141 2580 Origeuen}
1158 2541 1486 2580 cor-Litteudassedialogo
1510 2542 1566 2580 illo,
1591 2548 1673 2575 quem
1689 2541 1789 2580 inscri-

997 2575 1192 2615 ρεὶῖΞενῶνα.
1208 2578 1260 2605 Sed
1270 2578 1393 2615 Socratis
1399 2575 1607 2615 calumniam.“
1617 2575 1787 2615 mendacium

1000 2611 1032 2643 ex
1054 2615 1220 2649 Hieronymo
1240 2613 1378 2649 convincit
1399 2612 1543 2649 Baronius_
1675 2619 1747 2649 ,__n._
1759 2611 1787 2637 5.

1001 2651 1100 2677 Scribit
1117 2645 1187 2676 enim
1204 2649 1248 2675 ille
1261 2648 1338 2682 Apol.
1355 2648 1380 2680 Ι,
1394 2648 1421 2673 in
1447 2647 1510 2682 Ruf.
1524 2646 1671 2673 Eusebium
1686 2645 1789 2682 Matho:-

1001 2686 1046 2712 (lio
1060 2686 1086 2711 in
1101 2692 1125 2711 vt
1149 2685 1218 2710 libro
1236 2680 1371 2717 Apulogirr
1394 2683 1465 2709 istud
1489 2680 1674 2716 exprobrasse
1693 2702 1700 2706 .
1718 2680 1787 2713 Quid

1002 2720 1078 2747 modo
1101 2728 1181 2746 ausus
1205 2723 1244 2745 est
1264 2718 1414 2745 Metttodtus
1437 2725 1505 2744 nunc
1529 2721 1621 2743 contra
1651 2717 1788 2751 Urigenem

1002 2755 1125 2787 scribere,
1140 2754 1184 2790 qui
1198 2755 1253 2790 lucc
1267 2759 1290 2790 et
1306 2755 1360 2780 liter:
1375 2753 1413 2790 der
1424 2753 1549 2790 Origenis
1560 2752 1669 2790 (oculus
1685 2756 1722 2790 est
1738 2751 1787 2790 d_o-

1000 2791 1132 2826 gmatibus
1142 2787 1154 2816 f?
1165 2789 1241 2821 Quod
1256 2789 1290 2826 ab
1301 2789 1400 2826 Ariano
1409 2789 1517 2826 homine
1526 2787 1609 2822 objici
1618 2787 1682 2815 dicit
1691 2787 1788 2814 claris-

1002 2823 1071 2854 simo
1089 2830 1115 2854 et
1132 2824 1356 2860 cloquentissimo
1372 2823 1493 2855 martyri.
