1958 3050
143 192 155 220 ι
160 192 212 220 089

458 189 644 218 ADVERSUS
658 190 829 218 IIASRESES
848 190 912 218 LIB.

987 191 1069 219 TOM.
1091 192 1157 219 1.-
1178 192 1314 222 ΗιΕῐῖΕδ.
1336 193 1427 221 LXIV.

1696 196 1766 224 “‘90

140 247 196 275 τῶν
220 247 331 274 ἐκείνων
358 247 502 282 σωμάτων.
526 248 580 274 Καὶ
604 248 685 275 πάλιν
704 249 796 275 ἐκεῖνα
812 249 864 275 ὑπὸ
883 249 928 275 ἀν‹

982 252 1105 277 nostrutn
1143 249 1272 277 alimenta
1307 250 1488 286 digeruntur,
1520 251 1767 288 similitudinesque

141 293 258 329 ορὼπων
280 293 298 327 ἢ
324 293 424 328 ἑτέρων
438 292 515 325 ζώων
531 293 675 329 ἐσθιόμενα
695 294 929 329 ἀντιμεταδάλλει,

139 339 302 373 καὶγίνεται
316 338 466 374 ἀνθρώπων
484 339 500 374 ἦ
518 340 619 375 ἐτέρων
633 339 710 371 ζώων
730 339 853 375 σώματα.
876 341 931 367 Καὶ

139 385 235 412 τούτου
250 385 297 412 ἐπὶ
313 385 380 412 πολὺ
394 385 555 420 γιγνομένου
568 405 575 418 ,
593 386 699 422 ἀνάγκη
714 386 745 412 τὸ
767 386 833 413 αὐτὸ
851 386 931 422 σῶμα

139 431 271 457 πλειόνων
282 430 433 466 ἀνθρώπων
451 431 581 462 πολλάκις
596 432 723 465 γενέσθαι
745 432 837 467 μέρος.
853 432 931 464 Τίνος

139 476 186 504 οὖν
205 477 282 504 ἔσται
307 477 386 512 σῶμα
405 478 434 503 ὲν
457 479 491 513 τῇ
522 478 683 511 ἁναστάσει;
705 478 760 504 Καὶ
779 478 865 510 οὕτως
890 480 930 511 εἰς

141 523 220 559 βυθὸν
248 523 382 560 φλυαρίας
404 523 478 558 ἡμᾶς
507 524 620 558 ἀλόγους
647 525 654 539 ¹
682 523 852 559 συμϐήσεται
877 525 928 560 ἐμ-

141 571 261 597 πίπτειν.
885 587 889 591 .

980 300 1177 331 transmutant,
1193 297 1229 324 ita
1244 303 1269 325 et
1282 305 1396 334 corpora
1409 303 1503 327 nostra
1515 300 1648 333 converti,
1666 305 1692 328 ct
1706 309 1766 328 car-

980 341 1084 370 nivoris
1104 343 1200 369 avibus
1215 343 1334 378 ferisque
1356 343 1468 379 depasta
1490 353 1635 379 corporum
1656 346 1764 373 illorum

980 393 1071 424 partes
1093 389 1173 417 ellici.
1193 389 1260 422 Quae
1281 390 1390 425 quidem
1412 399 1519 418 rursum
1547 392 1581 418 ab
1609 392 1766 420 hominibus

981 438 1028 461 aut
1045 435 1106 461 aliis
1133 434 1297 462 animalibus
1313 436 1440 462 devorata
1466 436 1587 463 vicissim
1613 442 1765 469 mutantur.

981 483 1010 506 et
1021 480 1160 506 hominum
1181 480 1222 507 vel
1247 480 1362 506 aliorum
1378 481 1534 508 animalium
1550 489 1664 517 corpora
1681 483 1764 509 liuut:

981 533 1034 560 qua
1055 533 1084 552 re
1101 526 1200 561 saepius
1228 527 1352 561 repetita,
1375 535 1487 554 necesse
1505 531 1546 554 est
1571 527 1642 554 idem
1666 536 1766 563 corpus

981 572 1162 606 complurium
1181 572 1320 598 hominum
1341 573 1441 607 saepius
1459 580 1520 600 esse
1540 577 1654 608 partem.
1667 574 1767 608 Cujus-

139 625 203 645 nam
223 618 306 653 igitur
326 617 353 644 in
375 617 574 644 resurrectione
602 624 703 652 corpus
719 626 780 645 esse
799 617 930 644 debebit?
947 618 986 645 Ita
1023 627 1072 646 nos
1097 620 1168 646 velut
1186 619 1292 646 ratione
1310 619 1432 647 destituti
1455 621 1481 646 in
1503 619 1651 647 altissimas
1684 627 1767 655 quas-

140 665 203 692 dam
220 672 307 699 nugas
323 669 404 699 atque
417 664 533 698 ineptias
548 664 731 691 devolvimur.

176 713 224 739 ll".
246 713 300 739 Καὶ
322 713 391 748 μετά
411 713 513 745 ταύτας
528 714 577 745 τὰς
592 713 708 749 ἀπορίας
724 713 770 739 ἐπὶ
791 713 821 739 τὸ
839 713 928 739 πάντα

139 757 240 786 δυνατὰ
253 757 323 786 εἶναι
343 759 381 795 τῷ
396 759 457 795 Θεῷ
473 760 673 794 καταφεύγουσι
686 781 693 791 ,
712 761 758 787 καὶ
773 760 858 792 λέξεις
872 760 927 786 τῶν

140 805 255 840 Γραφῶν
267 805 419 841 δυναμένας
434 806 504 833 κατὰ
517 807 566 842 τὴν
581 807 724 843 πρόχειρον
738 806 850 842 ἐκδοχὴν
865 807 928 833 ὐπο-

141 851 248 878 6ἀλλειν
264 851 294 878 τὸ
313 851 456 887 νοούμενον
475 853 566 884 αὐτοῖς
584 853 776 888 προφέρονται.
802 849 864 878 Οἷον
878 852 928 887 τὴν

140 897 169 923 ἐν
183 897 221 932 τῷ
242 897 370 933 ’[εζεκιὴλ
379 907 386 913 ·
402 899 456 925 Kal
471 898 589 934 ἐγένετο
603 899 649 926 ἐπ’
662 898 714 934 ἐμὲ
730 899 793 934 χεὶρ
805 898 927 932 Κυρίου·

141 943 198 974 καὶ,
231 943 372 978 Ἐξήταγέ
384 952 423 978 με
440 944 473 970 ἐν
490 945 653 979 πνεύματι,
674 944 723 971 καὶ
743 944 832 978 ἔθηκέ
842 952 880 978 με
894 943 929 969 ἐν

136 988 221 1023 μέσῳ
235 989 357 1022 πεδίου,
383 990 430 1016 καὶ
448 989 535 1016 τοῦτο
557 988 597 1025 ἦν
608 991 722 1025 μεστὸν
741 989 855 1016 ὀστέων
878 989 930 1015 ἀν-

140 1035 272 1070 θρώπων.
301 1036 356 1062 Kal
381 1035 541 1071 περιήγαγέ
564 1045 601 1071 με
620 1037 666 1063 ἐπ’
685 1037 762 1064 αὐτὰ
780 1036 929 1063 κυκλόθεν

140 1083 258 1115 κύκλῳ·
278 1083 325 1109 καὶ
343 1081 407 1109 ὶδοὺ
432 1082 533 1109 πολλὰ
557 1083 675 1117 σφόδρα
696 1083 744 1110 ἐπὶ
767 1083 928 1117 προσώπου

141 1128 193 1155 τοῦ
212 1128 333 1154 πεδίουσ
352 1128 400 1154 καὶ
417 1127 482 1154 ἰδοὺ
497 1128 573 1155 αὐτὰ
598 1128 675 1162 ξηρὰ
698 1129 776 1158 λίαν,
795 1129 848 1156 Καὶ
864 1127 929 1156 εἷπε

141 1173 215 1207 πρὸς
231 1173 287 1208 μέ·
314 1174 362 1200 ΥΙέ
385 1173 542 1208 ἀνθρώπου
555 1195 561 1203 .
583 1175 608 1201 εὶ
630 1173 749 1206 ζήσεται
775 1174 811 1201 τὰ
837 1175 929 1202 ὀστέα

140 1220 249 1251 ταῦτα;
272 1220 326 1246 Kal
345 1218 448 1247 εἷπον·
466 1221 556 1254 Κύριε
574 1221 591 1246 ὀ
607 1220 692 1253 Θεὸς,
713 1220 753 1247 σὺ
766 1221 929 1248 ἐπίστασαι

140 1266 244 1293 ταῦτα.
260 1266 315 1293 Kal
335 1264 400 1293 εἷπε
413 1265 487 1300 πρὸς
498 1265 551 1300 μέ·
566 1265 781 1300 Προφήτευσον
791 1287 798 1299 ,
815 1266 861 1293 υἱὲ
874 1267 927 1293 ἀν-

141 1312 266 1346 θρώπου.
284 1312 339 1338 Kal
357 1310 444 1339 εἷπον
463 1312 537 1346 πρὸς
549 1311 644 1339 αὑτά·
661 1311 698 1339 Τὰ
717 1311 808 1339 ὀστέα
823 1312 859 1339 τὰ
876 1312 929 1347 ξη-

137 1357 178 1390 ρὰ
192 1356 286 1383 ταῦτα
297 1376 304 1388 ,
322 1357 473 1384 ἀκούσατε
496 1357 589 1392 λόγον
614 1358 725 1391 Κιιρίου
739 1365 745 1372 ·
760 1357 835 1384 Τάδε
849 1358 929 1393 λέγει

147 1401 262 1429 Ἀδοναῖ
278 1403 385 1437 Κύριος
409 1403 470 1435 τοῖς
491 1403 608 1436 ὀστέοις
622 1404 752 1436 τούτοις·
776 1403 853 1431 Ἰδοὺ
872 1404 929 1440 ἐγὼ

140 1448 250 1483 εἰσάγω
273 1450 317 1482 εἰς
342 1448 419 1484 ὑμᾶς
446 1449 564 1484 πνεῦμα
588 1449 676 1483 ζωῆς·
696 1450 743 1476 καὶ
774 1450 860 1477 δώσω
885 1452 929 1484 εις

140 1493 220 1527 ἰζαᾶς
239 1494 331 1528 νεῦρα
343 1502 349 1509 ·
376 1495 425 1521 καὶ
440 1495 541 1527 ἐπάξω
562 1496 607 1531 ἐφ’
628 1495 706 1531 ὑμᾶς
724 1497 854 1531 σάρκας,
881 1498 928 1525 καὶ

141 1539 252 1566 ἐκτενῶ
274 1541 320 1574 ἐφ’
337 1540 416 1575 ὑμᾶς
439 1541 548 1575 δέρμα·
566 1542 615 1569 καὶ
640 1542 725 1570 δώσω
751 1543 784 1569 τὸ
811 1543 929 1578 πνεῦμά

1022 711 1086 739 ⁸(ΙΙΙ.
1107 711 1241 739 Caeterum
1259 715 1319 746 post
1343 712 1402 738 hac
1422 719 1436 738 a
1454 711 1534 738 nobis
1552 712 1658 746 objecta
1673 720 1706 740 eo
1720 713 1767 740 dc-

981 765 1055 785 mum
1079 766 1108 785 sc
1132 757 1253 785 referunt
1267 777 1275 789 ,
1300 761 1329 784 ut
1351 758 1442 801 omn‘ia
1469 757 1524 785 Deo
1546 759 1685 792 possibilia
1706 767 1767 787 esse

981 804 1083 835 dicant,
1102 808 1182 839 atque
1205 804 1239 831 ad
1265 805 1420 839 opinionem
1445 811 1522 831 suam
1544 805 1666 839 quaedam
1691 805 1765 833 Scri-

981 855 1068 886 pturm
1082 851 1246 882 testimonia,
1267 858 1327 885 qua:
1352 851 1441 885 primo
1457 850 1592 886 obvioque
1608 859 1690 878 sensu
1706 852 1767 879 illo-

983 904 1042 922 rum
1067 896 1229 923 conﬁrmare
1255 897 1352 930 dogma
1383 896 1530 927 videntur,
1560 897 1766 925 accommodare

980 943 1117 970 nituntur.
1133 942 1219 975 Quale
1241 946 1283 969 cst
1303 941 1452 970 Ezechielis
1475 941 1559 969 illud:
1583 942 1617 969 Et
1639 943 1711 977 facta
1727 948 1765 969 est

981 997 1058 1023 super
1073 996 1112 1015 me
1124 996 1216 1014 manus
1228 987 1349 1019 Domini;
1363 992 1390 1015 et
1402 997 1407 1013 ς
1419 987 1517 1014 Eduxit
1531 996 1570 1014 me
1580 988 1606 1014 iu
1620 988 1724 1022 spiritu,
1741 993 1765 1014 et

980 1035 1067 1068 posuit
1084 1042 1124 1061 me
1135 1034 1161 1060 iu
1176 1034 1260 1061 medio
1271 1035 1367 1068 campi,
1382 1039 1406 1061 et
1422 1034 1465 1060 hic
1480 1039 1536 1060 erat
1554 1034 1646 1067 plenus
1662 1034 1765 1060 ossibus

980 1081 1125 1108 hominum.
1142 1080 1176 1107 Et
1193 1081 1365 1108 circumduxit
1389 1088 1429 1107 me
1444 1079 1478 1106 ad
1493 1088 1524 1106 ea
1545 1087 1591 1113 per
1608 1080 1765 1112 circuitum;

980 1133 1004 1155 et
1019 1136 1075 1155 ecce
1090 1127 1173 1154 multa
1190 1127 1265 1154 valde
1278 1128 1306 1154 in
1321 1127 1459 1161 superﬁcie
1481 1126 1586 1160 campi;
1599 1130 1623 1153 et
1639 1133 1696 1153 erce
1710 1127 1765 1160 ipsa

980 1173 1058 1200 arida
1075 1173 1160 1200 valde.
1178 1172 1212 1200 Et
1226 1173 1295 1199 dixit
1314 1174 1348 1199 ad
1363 1179 1419 1199 me:
1437 1172 1493 1198 Fili
1508 1172 1632 1204 hominis.
1645 1172 1668 1200 si
1682 1173 1766 1199 vireat

979 1228 1041 1246 ossa
1063 1221 1139 1246 lucc?
1153 1219 1186 1246 Et
1203 1220 1279 1246 dixi:
1298 1218 1408 1245 Domine
1427 1218 1504 1250 Deus,
1523 1223 1549 1245 tu
1566 1220 1619 1245 ista
1638 1220 1717 1246 nosti.
1733 1219 1766 1245 Et

980 1266 1049 1292 dixit
1059 1266 1092 1292 ad
1109 1273 1164 1293 me:
1175 1265 1346 1300 Prophetiza,
1358 1265 1397 1300 [ili
1408 1265 1532 1292 hominis.
1547 1264 1580 1291 Et
1592 1265 1692 1292 locutus
1709 1275 1765 1292 sum

982 1312 1015 1339 ad
1027 1311 1096 1339 ha'c:
1107 1311 1175 1340 Ossa
1184 1312 1272 1342 arida,
1286 1311 1375 1338 audite
1383 1311 1487 1338 verbum
1499 1311 1603 1338 Domini
1610 1321 1619 1338 :
1631 1312 1693 1339 Ilwc
1701 1313 1764 1339 dirit

981 1358 1110 1386 Dominus
1123 1358 1190 1385 Deus
1202 1359 1303 1385 ossibus
1314 1359 1390 1384 istis:
1401 1357 1466 1385 Ecce
1475 1359 1542 1385 enim
1553 1359 1676 1384 inducam
1687 1360 1712 1385 in
1722 1367 1766 1386 ros

982 1405 1104 1439 spiritum
1119 1404 1189 1435 vine,
1203 1408 1227 1430 et
1242 1412 1338 1438 ponam
1353 1404 1379 1430 in
1393 1403 1464 1430 vobis
1479 1411 1590 1435 nervos;
1607 1408 1630 1430 et
1642 1404 1765 1430 inducunt

980 1451 1007 1476 in
1023 1458 1066 1476 eos
1082 1458 1184 1479 carnes,
1207 1454 1230 1476 et
1252 1450 1390 1476 extent/am
1413 1457 1490 1483 super
1507 1457 1550 1476 vos
1566 1455 1667 1481 cutem;
1686 1450 1767 1485 536

980 1499 1005 1522 et
1024 1495 1092 1522 dabo
1107 1495 1229 1528 spiritum
1249 1503 1334 1522 meum
1353 1495 1381 1521 iu
1398 1503 1452 1525 vos,
1469 1500 1493 1521 et
1511 1495 1613 1527 vinetis,
1633 1500 1656 1522 et
1670 1503 1766 1529 panum

981 1550 1024 1569 vos
1041 1542 1068 1568 in
1084 1547 1154 1568 terra
1169 1547 1265 1571 vestra.
1280 1546 1304 1568 et
1325 1541 1485 1577 cognoscetis
1501 1542 1562 1576 quia
1579 1549 1624 1576 ego
1640 1550 1698 1568 sum
1714 1541 1767 1568 Du—

138 1594 198 1619 μου
215 1585 261 1619 ἐφ’
280 1585 374 1620 ὑμᾶς.
397 1587 446 1613 καὶ
468 1587 594 1620 ζήσεσθε
607 1595 614 1602 θ
631 1588 680 1614 καὶ
702 1588 832 1623 θήσομαι
854 1588 928 1623 ὑμᾶς

982 1589 1068 1616 minus
1079 1588 1099 1614 ³.
1115 1587 1170 1615 Hoc
1186 1588 1268 1621 igitur
1282 1587 1450 1622 probabilius
1464 1587 1570 1614 ctcteris
1581 1587 1765 1614 testimonium

141 1631 191 1657 ἐπὶ
212 1632 269 1665 τὴν
290 1632 350 1666 γῆν
363 1632 463 1667 ὑμῶν,
480 1633 528 1660 καὶ
550 1634 720 1668 γνώσεσθε,
738 1634 782 1661 ὅτι
801 1634 858 1670 ἐγώ
871 1636 930 1670 ειμι

140 1677 257 1710 Κύριος,
278 1677 371 1712 Τούτῳ
398 1678 448 1713 μὲν
476 1677 522 1706 οὖν
551 1679 726 1716 πιθανωτέρῳ
747 1681 865 1716 χρῶνται
891 1682 930 1717 τῷ

142 1722 226 1758 ῥητῷ.
248 1722 299 1750 Καὶ
317 1723 384 1750 ἄλλα
402 1724 430 1750 δὲ
448 1724 571 1758 λέγουσιν
587 1725 752 1759 εὐαγγελικά
766 1735 772 1741 ·
803 1725 858 1754 οἷον
869 1747 877 1760 ,
893 1727 930 1759 ὡς

141 1769 181 1800 τὸ,
208 1769 283 1796 Ἐκεῖ
303 1770 388 1796 ἔσται
403 1772 420 1797 ὁ
437 1771 591 1805 κλαυθμὸς
609 1772 658 1798 καὶ
680 1773 696 1798 ὁ
709 1773 846 1807 ,βρυγμὸς
873 1773 931 1800 τῶν

142 1813 275 1840 ὀδόντων
289 1822 296 1828 ·
321 1815 368 1841 καὶ
383 1815 430 1845 τὸ.
453 1812 605 1849 Φοϐήθητε
620 1815 674 1842 τὸν
694 1817 865 1852 δυνάμενον
881 1819 928 1845 καὶ

140 1860 248 1895 ψυχὴν
261 1861 309 1887 καὶ
325 1861 410 1896 σῶμα
424 1862 571 1889 ἀπολέσαι
595 1863 630 1890 ἐν
646 1863 754 1898 γεέννῃ
771 1872 778 1879 ⁶
795 1864 841 1890 καὶ
855 1864 886 1890 τὸ
902 1865 930 1890 ἐν

141 1905 181 1940 τῷ
195 1905 293 1941 Παύλῳ
306 1914 312 1919 ·
334 1906 517 1938 Ζωοποιήσει
540 1907 575 1933 τὰ
591 1907 673 1942 ὑμῶν
688 1908 811 1943 σώματα
833 1908 881 1936 διὰ
898 1909 931 1936 τὸ

141 1951 279 1978 ἐνοικοῦν
289 1953 381 1979 αὺτοῦ
391 1952 509 1987 πνεῦμα
518 1954 553 1980 ὲν
567 1953 648 1988 ὑμῖν.

178 1999 227 2024 1Δ’.
240 1998 299 2034 Χρὴ
316 1999 344 2024 δὲ
358 1999 446 2025 πάντα
461 1998 506 2025 τὸν
520 1999 652 2036 φιλαλήθη
669 2001 728 2028 κατ’
746 2001 827 2028 αὑτὸν
844 2001 854 2016 ²
870 2000 932 2027 τού-

143 2051 198 2075 τοις
212 2043 257 2070 τὸν
269 2044 330 2070 νοῦν
341 2045 526 2080 ἐπιστήσαντα
540 2047 604 2082 περὶ
615 2047 665 2082 τῆς
679 2048 851 2080 ἀναστάσεως
862 2048 932 2081 ἀγω-

143 2090 278 2120 νῖσασῢαι,
294 2090 380 2117 σῶσαί
398 2100 426 2118 τε
440 2092 486 2118 καὶ
501 2092 549 2128 τὴν
566 2093 619 2119 τῶν
635 2093 756 2129 ἀρχαίων
772 2094 929 2130 παράδοσιν,

142 2135 190 2162 καὶ
205 2135 374 2170 φυλάξασθαι
391 2137 520 2172 ἐμπεσεῖν
535 2139 574 2170 εἰς
591 2138 724 2174 φλυαρίαν
743 2140 856 2174 πτωχῶν
870 2147 932 2174 νοη-

145 2181 237 2216 μάτων
250 2203 256 2213 ,
271 2181 409 2208 ἀδυνάτων
428 2190 458 2208 τε
474 2182 532 2217 ἅμα
558 2184 605 2210 καὶ
620 2183 687 2211 Θεοῦ
703 2185 829 2218 ἀναξίων.
846 2184 931 2211 Τοῦτο

142 2225 189 2254 οὖν
213 2228 252 2258 εἰς
274 2227 319 2253 τὸν
344 2227 424 2254 τόπον
448 2227 620 2264 διαληπτέον,
645 2230 686 2256 ὅτι
704 2230 762 2256 Πᾶν
779 2230 858 2265 σῶμα
878 2231 930 2257 ὑπὸ

981 1639 1033 1665 est,
1049 1642 1109 1668 quze
1126 1640 1341 1660 commemorare
1364 1632 1470 1662 solent;
1495 1637 1593 1666 praeter
1609 1632 1680 1666 quod
1698 1640 1767 1659 non-

981 1681 1053 1708 nttlla
1070 1688 1103 1707 ex
1116 1679 1269 1714 Evangeliis
1282 1684 1455 1713 cxpromum.
1473 1678 1551 1705 Velut
1567 1688 1572 1705 :
1592 1677 1632 1706 [Μ
1650 1679 1698 1704 erit
1719 1678 1764 1713 ﬂe-

981 1733 1023 1753 tus
1044 1731 1069 1753 et
1090 1726 1190 1753 stridor
1219 1726 1372 1758 deutium‘;
1400 1726 1485 1752 item:
1513 1724 1610 1752 Timete
1628 1733 1697 1756 eum,
1722 1725 1767 1760 qui

980 1777 1063 1807 potest
1080 1777 1103 1799 et
1119 1773 1235 1799 animam
1256 1777 1280 1798 et
1300 1779 1395 1805 corpus
1415 1770 1522 1804 perdere
1542 1771 1569 1797 in
1583 1777 1723 1806 gehennam
1734 1771 1743 1785 ³
1757 1780 1763 1801 ;

982 1824 1038 1845 tum
1053 1818 1117 1844 illud
1135 1826 1167 1844 ex
1182 1817 1265 1843 I’aulu
1278 1826 1284 1844 :
1307 1815 1454 1850 Vit‘ificabil
1470 1815 1595 1842 mortalia
1609 1820 1692 1842 vestra
1710 1823 1767 1841 tor-

981 1873 1057 1900 pora,
1073 1869 1178 1899 propter
1191 1863 1381 1890 inhabitantth
1397 1864 1452 1897 ejus
1470 1862 1591 1896 spiritum
1605 1862 1630 1888 in
1644 1861 1715 1888 vobis
1727 1862 1747 1888 ι.

1016 1996 1086 2023 XIV.
1105 1995 1202 2023 Verum
1217 2002 1312 2022 omnes
1325 2003 1371 2021 eos
1388 2002 1500 2022 necesse
1515 1998 1566 2025 est,
1583 1993 1628 2028 qui
1643 1993 1767 2020 veritatis

982 2042 1073 2069 studio
1087 2043 1233 2073 ducuntur,
1247 2048 1307 2067 cum
1323 2041 1356 2067 ad
1371 2048 1401 2066 ea
1416 2041 1535 2066 animum
1549 2039 1708 2073 adjecerint.
1723 2039 1767 2066 atl-

982 2095 1078 2115 versus
1090 2087 1156 2114 istos
1169 2086 1202 2113 de
1219 2086 1418 2113 resurrectione
1432 2083 1606 2116 contendere,
1624 2088 1653 2111 ut
1666 2088 1692 2111 et
1706 2092 1766 2119 qua:

982 2142 997 2161 a
1006 2133 1141 2160 veteribus
1150 2133 1248 2159 tradita
1256 2137 1329 2164 sunt,
1338 2132 1518 2164 retineantur,
1525 2130 1765 2165 idquecaveamus,

983 2188 1017 2207 ne
1025 2180 1051 2206 in
1061 2186 1190 2206 sensuum
1199 2177 1419 2205 inanissimorum
1428 2177 1543 2212 ineptias
1552 2176 1765 2207 descendamus,

981 2234 1076 2254 eorutn
1094 2225 1209 2257 scilicet,
1228 2232 1287 2259 qua:
1304 2231 1392 2258 neqtte
1407 2223 1464 2250 ﬁeri
1481 2227 1607 2258 possunt,
1628 2228 1655 2250 et
1674 2222 1765 2249 divina

143 2273 249 2307 φύσεως
265 2273 441 2308 συνεχόμενον
454 2273 503 2309 τῆς
520 2275 741 2310 καταταττούσης
756 2275 854 2307 ἔξωθέν
869 2284 928 2302 τινα

982 2272 1122 2307 majestate
1132 2275 1196 2298 sunt
1216 2271 1335 2304 indigna.
1348 2269 1481 2303 Quocirca
1498 2269 1537 2296 sic
1554 2268 1587 2295 ad
1599 2277 1660 2296 eum
1677 2269 1767 2295 let-um

142 2318 220 2353 δίκην
244 2319 346 2354 τροιρῆς
369 2321 409 2351 εἰς
423 2320 498 2350 αὐτὸ,
517 2320 564 2346 καὶ
587 2321 788 2357 ἀποχρινούσης
800 2322 860 2348 ἀντὶ
877 2323 930 2348 τῶν

142 2365 361 2399 ἐπεισαγομένων
375 2365 467 2401 ἕτερα,
481 2366 575 2402 ὥσπερ
589 2368 622 2394 τὰ
640 2367 693 2393 τῶν
706 2367 798 2402 φυτῶν
813 2368 860 2394 καὶ
876 2368 929 2394 τῶν

142 2410 229 2442 ζώων,
247 2410 277 2437 τὺ
295 2410 385 2437 ὑλικὸν
404 2411 584 2447 ὑποκείμενον
600 2412 727 2439 οὐδέποτε
747 2413 804 2448 ἔχει
822 2414 929 2440 ταυτόν.

142 2456 241 2491 Διόπερ
261 2457 292 2482 οὐ
317 2457 438 2492 ποταμὸς
456 2457 613 2493 ὠνόμασται
637 2459 667 2485 τὸ
690 2459 780 2494 σῶμα.
801 2459 873 2486 Διότι
892 2460 930 2492 ὠς

143 2503 211 2538 πρὸς
237 2503 268 2528 τὸ
292 2503 405 2538 ἀκριϐὲς
422 2503 491 2538 τάχα
507 2504 567 2530 οὐδὲ
593 2504 638 2531 δύο
656 2505 767 2540 ἡμερῶν
782 2505 812 2532 τὸ
824 2506 931 2542 πρῶτον

142 2547 320 2581 ὑποκείμενον
335 2547 431 2574 ταυτὸν
447 2549 520 2575 ἐστιν
541 2549 569 2575 ἐν
589 2549 627 2584 τῷ
642 2549 748 2585 σώματι
761 2551 838 2586 ἡμῶν
849 2560 855 2566 ·
873 2552 933 2578 καί·

140 2601 214 2627 τοίγε
234 2593 280 2619 τοῦ
299 2590 354 2620 οἷον
378 2593 394 2628 ἢ
411 2593 528 2625 Παύλου,
549 2595 564 2630 ἢ
596 2595 699 2630 Πέτρου
713 2615 719 2626 ,
734 2596 776 2622 ἀεὶ
789 2596 835 2623 τοῦ
850 2597 932 2624 αὐτοῦ

141 2639 217 2670 ὄντος
229 2659 235 2669 ,
253 2639 283 2665 οὐ
301 2639 348 2665 τοῦ
372 2639 441 2666 κατὰ
463 2640 551 2676 ψυχὴν
573 2641 653 2676 μόνου
668 2663 674 2673 ,
694 2640 727 2677 ἧς
745 2642 760 2677 ἡ
779 2641 857 2668 οὐσία
871 2642 932 2669 οὔτε

128 2685 182 2727 ,ῥεῖ
197 2684 258 2711 καθ’
272 2686 345 2720 ἡμᾶς
357 2705 364 2716 ,
375 2685 430 2712 οὒτ’
446 2686 658 2722 ἐπεισαγόμενόν
672 2696 698 2713 τι
713 2686 768 2722 ἔχει
785 2688 858 2719 ποτὲ,
877 2688 927 2714 κᾶν

129 2731 240 2766 ’ρευστὴ
256 2729 288 2767 ᾖν
305 2732 321 2766 ὴ
340 2731 419 2766 φύσις
433 2732 479 2758 τοῦ
497 2732 621 2767 σώματος
631 2753 637 2764 ,
654 2733 692 2769 τῷ
707 2734 737 2760 τὸ
752 2732 818 2766 εἶδος
832 2734 862 2760 τὸ
879 2743 928 2769 χα-

143 2778 305 2813 ρακτηρίζον
324 2777 355 2804 τὸ
375 2778 455 2814 σῶμα
471 2779 568 2805 ταυτὸν
584 2777 668 2806 εἶναι·
682 2780 719 2812 ὡς
739 2780 786 2807 καὶ
803 2782 866 2813 τοὺς
885 2780 929 2806 τύ-

179 2869 186 2883 ¹
206 2867 277 2895 Fort.
302 2867 415 2902 ἀλόγως.

141 2903 153 2919 ⁸
175 2903 267 2930 Matth.
283 2911 311 2936 ι,
324 2904 369 2931 28.
409 2905 419 2919 ‘
437 2904 516 2932 Betti.
530 2912 588 2936 \‘lll,
604 2905 631 2931 tl

471 2868 568 2896 'Fort.
597 2869 696 2906 αὐτῶν.
728 2870 862 2906 lnterpres
891 2871 942 2906 leg.

982 2318 1138 2345 ratiocinari
1166 2317 1308 2344 convenit:
1324 2316 1430 2350 Corpus
1445 2323 1536 2344 omne.
1553 2314 1625 2350 quod
1655 2315 1768 2350 quidem

981 2369 1078 2392 natura
1101 2364 1268 2394 continetur,
1288 2371 1348 2398 quae
1367 2362 1541 2390 extrinsecus
1563 2361 1663 2396 aliquid
1678 2361 1701 2388 ei
1721 2361 1769 2388 ali-

981 2411 1064 2438 menti
1084 2411 1172 2437 inslar
1191 2409 1312 2441 aseiscit,
1334 2416 1437 2444 proque
1465 2409 1498 2435 iis
1518 2415 1578 2443 qua:
1595 2407 1770 2434 sulliciuntur

981 2458 1105 2486 excernit
1120 2457 1171 2484 alia
1187 2466 1193 2483 :
1208 2456 1362 2490 cuiusmodi
1376 2460 1440 2482 sunt
1459 2455 1583 2490 stirpium
1598 2462 1725 2490 corpora,
1740 2459 1768 2481 ct

983 2504 1141 2531 animalium
1162 2511 1224 2537 pars
1245 2502 1289 2529 illa
1311 2510 1372 2529 cum
1403 2502 1515 2529 materia
1531 2507 1679 2529 concreta:
1697 2509 1769 2528 nun<

982 2559 1063 2586 quam
1080 2557 1163 2576 unum
1188 2549 1314 2584 idemque
1340 2556 1492 2576 remanere.
1511 2546 1588 2574 Unde
1615 2554 1668 2573 non
1697 2548 1769 2572 male

982 2596 1080 2623 ﬂuvius
1105 2595 1214 2631 quidam
1242 2603 1341 2630 corpus
1363 2602 1424 2622 csse
1448 2594 1558 2620 dicitur.
1578 2592 1712 2626 Quoniam
1744 2592 1767 2618 si

981 2647 1109 2669 accurate
1136 2641 1352 2673 consideremus,
1377 2649 1411 2668 ne
1439 2639 1522 2666 biduo
1552 2638 1661 2673 quidem
1693 2638 1769 2672 prior

983 2688 1096 2714 materia
1116 2687 1142 2714 in
1165 2686 1326 2722 corporibus
1345 2686 1447 2713 nostris
1463 2685 1557 2712 eadem
1583 2688 1769 2717 constanSque

983 2738 1148 2770 perseverat.
1172 2733 1240 2760 Cum
1267 2733 1374 2760 interim
1400 2731 1501 2759 Paulus
1528 2730 1643 2765 exempli
1664 2730 1767 2764 gratia,

985 2780 1025 2808 vel
1051 2779 1149 2808 Petrus
1166 2780 1236 2807 idem
1258 2778 1436 2806 nihilominus
1462 2777 1600 2813 persistat,
1616 2783 1670 2802 non
1687 2775 1768 2802 modo

1474 2868 1484 2884 ⁸
1510 2865 1592 2893 matth
1624 2873 1693 2898 vm,
1723 2865 1773 2896 Νη

967 2869 1023 2898 οὖν.
1071 2869 1081 2885 ³
1098 2869 1196 2897 Ezech.
1223 2877 1333 2901 nxvn,
1363 2869 1417 2895 Ι-ϋ.
