  <div class='ocr_page' id='page_1' title='image "/cluster/home/n/w/nwhite01/storage/ocr_20150623/41/njp.32101007805813/571.png"; bbox 0 0 1958 3050; ppageno 0'>
   <div class='ocr_carea' id='block_1_1' title="bbox 191 162 967 198">
    <p class='ocr_par' dir='ltr' id='par_1_1' title="bbox 191 162 967 192">
     <span class='ocr_line' id='line_1_1' title="bbox 191 162 967 192; baseline -0.003 0"><span class='ocrx_word' id='word_1_1' title='bbox 191 163 256 192; x_wconf 72' lang='grc'><strong>1091</strong></span> <span class='ocrx_word' id='word_1_2' title='bbox 883 163 912 191; x_wconf 80' lang='lat' dir='ltr'><strong>S.</strong></span> <span class='ocrx_word' id='word_1_3' title='bbox 929 162 967 190; x_wconf 74' lang='lat' dir='ltr'><strong>EF</strong></span> 
     </span>
    </p>
   </div>
   <div class='ocr_carea' id='block_1_2' title="bbox 1020 162 1806 198">
    <p class='ocr_par' dir='ltr' id='par_1_2' title="bbox 1020 163 1806 198">
     <span class='ocr_line' id='line_1_2' title="bbox 1020 163 1806 198; baseline 0.008 -8"><span class='ocrx_word' id='word_1_4' title='bbox 1020 163 1101 191; x_wconf 75' lang='lat' dir='ltr'><strong>lANll</strong></span> <span class='ocrx_word' id='word_1_5' title='bbox 1736 169 1806 198; x_wconf 73' lang='grc'><strong>1099</strong></span> 
     </span>
    </p>
   </div>
   <div class='ocr_carea' id='block_1_3' title="bbox 190 222 967 264">
    <p class='ocr_par' dir='ltr' id='par_1_3' title="bbox 190 222 967 258">
     <span class='ocr_line' id='line_1_3' title="bbox 190 222 967 258; baseline -0.001 -6"><span class='ocrx_word' id='word_1_6' title='bbox 190 225 212 252; x_wconf 85' lang='lat' dir='ltr'><strong>si</strong></span> <span class='ocrx_word' id='word_1_7' title='bbox 229 224 289 258; x_wconf 86' lang='lat' dir='ltr'><strong>ejus</strong></span> <span class='ocrx_word' id='word_1_8' title='bbox 320 223 436 250; x_wconf 89' lang='lat' dir='ltr'><strong>animam</strong></span> <span class='ocrx_word' id='word_1_9' title='bbox 462 227 580 258; x_wconf 86' lang='lat' dir='ltr'><strong>spectes,</strong></span> <span class='ocrx_word' id='word_1_10' title='bbox 604 222 683 258; x_wconf 86' lang='lat' dir='ltr'><strong>cujus</strong></span> <span class='ocrx_word' id='word_1_11' title='bbox 706 222 857 250; x_wconf 73' lang='lat' dir='ltr'><strong>substantia</strong></span> <span class='ocrx_word' id='word_1_12' title='bbox 884 231 967 258; x_wconf 64' lang='lat' dir='ltr'><strong>neque</strong></span> 
     </span>
    </p>
   </div>
   <div class='ocr_carea' id='block_1_4' title="bbox 1020 222 1806 264">
    <p class='ocr_par' dir='ltr' id='par_1_4' title="bbox 1023 222 1806 264">
     <span class='ocr_line' id='line_1_4' title="bbox 1023 222 1806 264; baseline 0.009 -15"><span class='ocrx_word' id='word_1_13' title='bbox 1023 232 1089 256; x_wconf 84' lang='grc' dir='ltr'>πους</span> <span class='ocrx_word' id='word_1_14' title='bbox 1104 222 1193 259; x_wconf 85' lang='grc' dir='ltr'>μένειν</span> <span class='ocrx_word' id='word_1_15' title='bbox 1207 224 1270 256; x_wconf 77' lang='grc' dir='ltr'>τοὺς</span> <span class='ocrx_word' id='word_1_16' title='bbox 1284 225 1396 257; x_wconf 80' lang='grc' dir='ltr'>αὐτοὺς,</span> <span class='ocrx_word' id='word_1_17' title='bbox 1412 227 1450 257; x_wconf 77' lang='grc' dir='ltr'><strong>εις</strong></span> <span class='ocrx_word' id='word_1_18' title='bbox 1467 226 1477 242; x_wconf 75' lang='grc'><strong>⁸</strong></span> <span class='ocrx_word' id='word_1_19' title='bbox 1489 226 1539 262; x_wconf 88' lang='grc' dir='ltr'>τὴν</span> <span class='ocrx_word' id='word_1_20' title='bbox 1559 227 1688 263; x_wconf 84' lang='grc' dir='ltr'>ποιότητα</span> <span class='ocrx_word' id='word_1_21' title='bbox 1701 228 1806 264; x_wconf 78' lang='grc' dir='ltr'><strong>Πέτρου</strong></span> 
     </span>
    </p>
   </div>
   <div class='ocr_carea' id='block_1_5' title="bbox 190 268 967 308">
    <p class='ocr_par' dir='ltr' id='par_1_5' title="bbox 190 268 967 304">
     <span class='ocr_line' id='line_1_5' title="bbox 190 268 967 304; baseline 0 -8"><span class='ocrx_word' id='word_1_22' title='bbox 190 269 260 297; x_wconf 80' lang='lat' dir='ltr'><strong>ﬂuxa</strong></span> <span class='ocrx_word' id='word_1_23' title='bbox 276 273 318 296; x_wconf 91' lang='lat' dir='ltr'><strong>est</strong></span> <span class='ocrx_word' id='word_1_24' title='bbox 343 270 370 296; x_wconf 94' lang='lat' dir='ltr'><strong>in</strong></span> <span class='ocrx_word' id='word_1_25' title='bbox 400 269 495 301; x_wconf 85' lang='lat' dir='ltr'><strong>nobis,</strong></span> <span class='ocrx_word' id='word_1_26' title='bbox 519 275 607 304; x_wconf 88' lang='lat' dir='ltr'><strong>neque</strong></span> <span class='ocrx_word' id='word_1_27' title='bbox 632 268 779 304; x_wconf 85' lang='lat' dir='ltr'><strong>quidquam</strong></span> <span class='ocrx_word' id='word_1_28' title='bbox 800 269 967 297; x_wconf 81' lang='lat' dir='ltr'><strong>extrinsecus</strong></span> 
     </span>
    </p>
   </div>
   <div class='ocr_carea' id='block_1_6' title="bbox 1020 268 1806 308">
    <p class='ocr_par' dir='ltr' id='par_1_6' title="bbox 1023 268 1806 308">
     <span class='ocr_line' id='line_1_6' title="bbox 1023 268 1806 308; baseline 0.008 -14"><span class='ocrx_word' id='word_1_29' title='bbox 1023 269 1070 295; x_wconf 77' lang='grc' dir='ltr'>καὶ</span> <span class='ocrx_word' id='word_1_30' title='bbox 1087 268 1191 295; x_wconf 81' lang='grc' dir='ltr'><strong>Παύλου</strong></span> <span class='ocrx_word' id='word_1_31' title='bbox 1211 269 1260 305; x_wconf 81' lang='grc' dir='ltr'>τὴν</span> <span class='ocrx_word' id='word_1_32' title='bbox 1275 270 1431 305; x_wconf 82' lang='grc' dir='ltr'>σωματικὴν</span> <span class='ocrx_word' id='word_1_33' title='bbox 1453 272 1680 307; x_wconf 76' lang='grc' dir='ltr'>παριστάνοντας·</span> <span class='ocrx_word' id='word_1_34' title='bbox 1698 272 1759 299; x_wconf 75' lang='grc' dir='ltr'>καθ’</span> <span class='ocrx_word' id='word_1_35' title='bbox 1773 273 1806 308; x_wconf 76' lang='grc' dir='ltr'>ἢν</span> 
     </span>
    </p>
   </div>
   <div class='ocr_carea' id='block_1_7' title="bbox 189 315 967 353">
    <p class='ocr_par' dir='ltr' id='par_1_7' title="bbox 189 315 967 350">
     <span class='ocr_line' id='line_1_7' title="bbox 189 315 967 350; baseline 0 -8"><span class='ocrx_word' id='word_1_36' title='bbox 189 315 328 342; x_wconf 87' lang='lat' dir='ltr'><strong>invectum</strong></span> <span class='ocrx_word' id='word_1_37' title='bbox 341 315 449 350; x_wconf 87' lang='lat' dir='ltr'><strong>accipit,</strong></span> <span class='ocrx_word' id='word_1_38' title='bbox 465 315 511 343; x_wconf 88' lang='lat' dir='ltr'><strong>sed</strong></span> <span class='ocrx_word' id='word_1_39' title='bbox 527 315 562 342; x_wconf 92' lang='lat' dir='ltr'><strong>ob</strong></span> <span class='ocrx_word' id='word_1_40' title='bbox 575 315 600 342; x_wconf 92' lang='lat' dir='ltr'><strong>id</strong></span> <span class='ocrx_word' id='word_1_41' title='bbox 617 318 757 350; x_wconf 61' lang='lat' dir='ltr'><strong>praetcrea,</strong></span> <span class='ocrx_word' id='word_1_42' title='bbox 775 315 848 350; x_wconf 88' lang='lat' dir='ltr'><strong>quod</strong></span> <span class='ocrx_word' id='word_1_43' title='bbox 863 315 967 342; x_wconf 90' lang='lat' dir='ltr'><strong>tametsi</strong></span> 
     </span>
    </p>
   </div>
   <div class='ocr_carea' id='block_1_8' title="bbox 1020 315 1806 353">
    <p class='ocr_par' dir='ltr' id='par_1_8' title="bbox 1024 315 1806 353">
     <span class='ocr_line' id='line_1_8' title="bbox 1024 315 1806 353; baseline 0.006 -12"><span class='ocrx_word' id='word_1_44' title='bbox 1024 315 1155 350; x_wconf 78' lang='grc' dir='ltr'>ποιότητα</span> <span class='ocrx_word' id='word_1_45' title='bbox 1173 315 1220 342; x_wconf 80' lang='grc' dir='ltr'>καὶ</span> <span class='ocrx_word' id='word_1_46' title='bbox 1248 315 1325 342; x_wconf 78' lang='grc' dir='ltr'>οὐλαὶ</span> <span class='ocrx_word' id='word_1_47' title='bbox 1352 316 1384 342; x_wconf 81' lang='grc' dir='ltr'>ὲκ</span> <span class='ocrx_word' id='word_1_48' title='bbox 1411 317 1514 344; x_wconf 77' lang='grc' dir='ltr'>παίδων</span> <span class='ocrx_word' id='word_1_49' title='bbox 1537 318 1725 353; x_wconf 83' lang='grc' dir='ltr'>παραμένουσι</span> <span class='ocrx_word' id='word_1_50' title='bbox 1750 320 1806 350; x_wconf 81' lang='grc' dir='ltr'>τοῖς</span> 
     </span>
    </p>
   </div>
   <div class='ocr_carea' id='block_1_9' title="bbox 189 360 967 398">
    <p class='ocr_par' dir='ltr' id='par_1_9' title="bbox 189 361 967 396">
     <span class='ocr_line' id='line_1_9' title="bbox 189 361 967 396; baseline 0.003 -9"><span class='ocrx_word' id='word_1_51' title='bbox 189 362 261 389; x_wconf 86' lang='lat' dir='ltr'><strong>velut</strong></span> <span class='ocrx_word' id='word_1_52' title='bbox 294 362 321 388; x_wconf 93' lang='lat' dir='ltr'><strong>in</strong></span> <span class='ocrx_word' id='word_1_53' title='bbox 349 366 478 396; x_wconf 85' lang='lat' dir='ltr'><strong>perpetua</strong></span> <span class='ocrx_word' id='word_1_54' title='bbox 505 361 622 388; x_wconf 83' lang='lat' dir='ltr'><strong>ﬂuxione</strong></span> <span class='ocrx_word' id='word_1_55' title='bbox 649 361 685 389; x_wconf 87' lang='lat' dir='ltr'><strong>sit</strong></span> <span class='ocrx_word' id='word_1_56' title='bbox 713 365 810 388; x_wconf 88' lang='lat' dir='ltr'><strong>natura</strong></span> <span class='ocrx_word' id='word_1_57' title='bbox 832 361 967 396; x_wconf 70' lang='lat' dir='ltr'><strong>corporis,</strong></span> 
     </span>
    </p>
   </div>
   <div class='ocr_carea' id='block_1_10' title="bbox 1020 360 1631 398">
    <p class='ocr_par' dir='ltr' id='par_1_10' title="bbox 1025 360 1631 398">
     <span class='ocr_line' id='line_1_10' title="bbox 1025 360 1631 398; baseline 0.008 -12"><span class='ocrx_word' id='word_1_58' title='bbox 1025 360 1142 396; x_wconf 80' lang='grc' dir='ltr'>σώμασι.</span> <span class='ocrx_word' id='word_1_59' title='bbox 1163 361 1210 387; x_wconf 74' lang='grc' dir='ltr'>καὶ</span> <span class='ocrx_word' id='word_1_60' title='bbox 1225 361 1292 388; x_wconf 74' lang='grc' dir='ltr'>ἄλλα</span> <span class='ocrx_word' id='word_1_61' title='bbox 1306 361 1367 388; x_wconf 77' lang='grc' dir='ltr'>τινὰ</span> <span class='ocrx_word' id='word_1_62' title='bbox 1383 362 1523 398; x_wconf 77' lang='grc' dir='ltr'><strong>ἰδιώματα,</strong></span> <span class='ocrx_word' id='word_1_63' title='bbox 1539 364 1631 398; x_wconf 82' lang='grc' dir='ltr'>φακοί.</span> 
     </span>
    </p>
   </div>
   <div class='ocr_carea' id='block_1_11' title="bbox 189 406 1806 446">
    <p class='ocr_par' dir='ltr' id='par_1_11' title="bbox 189 406 1806 446">
     <span class='ocr_line' id='line_1_11' title="bbox 189 406 1806 446; baseline 0.004 -13"><span class='ocrx_word' id='word_1_64' title='bbox 189 407 281 434; x_wconf 86' lang='lat' dir='ltr'><strong>eadem</strong></span> <span class='ocrx_word' id='word_1_65' title='bbox 298 407 382 434; x_wconf 82' lang='lat' dir='ltr'><strong>forma</strong></span> <span class='ocrx_word' id='word_1_66' title='bbox 398 410 564 441; x_wconf 85' lang='lat' dir='ltr'><strong>permaneat,</strong></span> <span class='ocrx_word' id='word_1_67' title='bbox 579 415 640 441; x_wconf 67' lang='lat' dir='ltr'><strong>qua:</strong></span> <span class='ocrx_word' id='word_1_68' title='bbox 653 407 776 440; x_wconf 88' lang='lat' dir='ltr'><strong>corporis</strong></span> <span class='ocrx_word' id='word_1_69' title='bbox 793 407 879 434; x_wconf 84' lang='lat' dir='ltr'><strong>nostri</strong></span> <span class='ocrx_word' id='word_1_70' title='bbox 894 407 971 442; x_wconf 82' lang='lat' dir='ltr'><strong>quasi</strong></span> <span class='ocrx_word' id='word_1_71' title='bbox 988 411 1051 433; x_wconf 87' lang='lat' dir='ltr'><strong>nota</strong></span> <span class='ocrx_word' id='word_1_72' title='bbox 1070 406 1193 441; x_wconf 67' lang='lat' dir='ltr'><strong>quaedam</strong></span> <span class='ocrx_word' id='word_1_73' title='bbox 1209 411 1251 434; x_wconf 90' lang='lat' dir='ltr'><strong>est</strong></span> <span class='ocrx_word' id='word_1_74' title='bbox 1267 408 1386 443; x_wconf 88' lang='lat' dir='ltr'><strong>propria.</strong></span> <span class='ocrx_word' id='word_1_75' title='bbox 1403 408 1461 438; x_wconf 76' lang='lat' dir='ltr'><strong>Non</strong></span> <span class='ocrx_word' id='word_1_76' title='bbox 1480 410 1560 437; x_wconf 85' lang='lat' dir='ltr'><strong>aliter</strong></span> <span class='ocrx_word' id='word_1_77' title='bbox 1594 414 1676 446; x_wconf 87' lang='lat' dir='ltr'><strong>atque</strong></span> <span class='ocrx_word' id='word_1_78' title='bbox 1706 411 1806 439; x_wconf 52' lang='lat' dir='ltr'><strong>eaedem</strong></span> 
     </span>
    </p>
   </div>
   <div class='ocr_carea' id='block_1_12' title="bbox 189 451 1806 492">
    <p class='ocr_par' dir='ltr' id='par_1_12' title="bbox 189 451 1806 492">
     <span class='ocr_line' id='line_1_12' title="bbox 189 451 1806 492; baseline 0.003 -13"><span class='ocrx_word' id='word_1_79' title='bbox 189 452 280 487; x_wconf 65' lang='lat' dir='ltr'><strong>ﬁgura:</strong></span> <span class='ocrx_word' id='word_1_80' title='bbox 313 457 439 483; x_wconf 87' lang='lat' dir='ltr'><strong>manent,</strong></span> <span class='ocrx_word' id='word_1_81' title='bbox 466 459 526 487; x_wconf 71' lang='lat' dir='ltr'><strong>quae</strong></span> <span class='ocrx_word' id='word_1_82' title='bbox 549 451 620 479; x_wconf 84' lang='lat' dir='ltr'><strong>Petri</strong></span> <span class='ocrx_word' id='word_1_83' title='bbox 653 451 783 486; x_wconf 81' lang='lat' dir='ltr'><strong>Paulique</strong></span> <span class='ocrx_word' id='word_1_84' title='bbox 811 459 958 487; x_wconf 83' lang='lat' dir='ltr'><strong>corporum</strong></span> <span class='ocrx_word' id='word_1_85' title='bbox 991 451 1136 487; x_wconf 81' lang='lat' dir='ltr'><strong>qualitates</strong></span> <span class='ocrx_word' id='word_1_86' title='bbox 1160 452 1355 481; x_wconf 83' lang='lat' dir='ltr'><strong>conlormando</strong></span> <span class='ocrx_word' id='word_1_87' title='bbox 1373 455 1522 482; x_wconf 78' lang='lat' dir='ltr'><strong>exhibent:</strong></span> <span class='ocrx_word' id='word_1_88' title='bbox 1546 464 1594 491; x_wconf 88' lang='lat' dir='ltr'><strong>per</strong></span> <span class='ocrx_word' id='word_1_89' title='bbox 1623 464 1704 492; x_wconf 87' lang='lat' dir='ltr'><strong>quam</strong></span> <span class='ocrx_word' id='word_1_90' title='bbox 1723 458 1806 485; x_wconf 89' lang='lat' dir='ltr'><strong>etiam</strong></span> 
     </span>
    </p>
   </div>
   <div class='ocr_carea' id='block_1_13' title="bbox 188 497 1804 537">
    <p class='ocr_par' dir='ltr' id='par_1_13' title="bbox 188 497 1804 537">
     <span class='ocr_line' id='line_1_13' title="bbox 188 497 1804 537; baseline 0.005 -13"><span class='ocrx_word' id='word_1_91' title='bbox 188 498 346 532; x_wconf 78' lang='lat' dir='ltr'><strong>qualitatem</strong></span> <span class='ocrx_word' id='word_1_92' title='bbox 376 498 493 528; x_wconf 85' lang='lat' dir='ltr'><strong>accidit.</strong></span> <span class='ocrx_word' id='word_1_93' title='bbox 518 502 548 524; x_wconf 90' lang='lat' dir='ltr'><strong>ut</strong></span> <span class='ocrx_word' id='word_1_94' title='bbox 575 501 602 525; x_wconf 87' lang='lat' dir='ltr'><strong>et</strong></span> <span class='ocrx_word' id='word_1_95' title='bbox 620 497 763 524; x_wconf 75' lang='lat' dir='ltr'><strong>cicatrices</strong></span> <span class='ocrx_word' id='word_1_96' title='bbox 789 497 844 531; x_wconf 80' lang='lat' dir='ltr'><strong>iam</strong></span> <span class='ocrx_word' id='word_1_97' title='bbox 874 502 930 524; x_wconf 89' lang='lat' dir='ltr'><strong>tum</strong></span> <span class='ocrx_word' id='word_1_98' title='bbox 957 505 972 524; x_wconf 91' lang='lat' dir='ltr'><strong>a</strong></span> <span class='ocrx_word' id='word_1_99' title='bbox 989 499 1082 532; x_wconf 89' lang='lat' dir='ltr'><strong>pueris</strong></span> <span class='ocrx_word' id='word_1_100' title='bbox 1101 499 1129 526; x_wconf 91' lang='lat' dir='ltr'><strong>in</strong></span> <span class='ocrx_word' id='word_1_101' title='bbox 1143 499 1303 534; x_wconf 80' lang='lat' dir='ltr'><strong>corporibus</strong></span> <span class='ocrx_word' id='word_1_102' title='bbox 1333 505 1519 535; x_wconf 83' lang='lat' dir='ltr'><strong>permaneant,</strong></span> <span class='ocrx_word' id='word_1_103' title='bbox 1537 502 1645 537; x_wconf 84' lang='lat' dir='ltr'><strong>aliaque</strong></span> <span class='ocrx_word' id='word_1_104' title='bbox 1663 505 1804 536; x_wconf 80' lang='lat' dir='ltr'><strong>nonnulla,</strong></span> 
     </span>
    </p>
   </div>
   <div class='ocr_carea' id='block_1_14' title="bbox 188 544 978 581">
    <p class='ocr_par' dir='ltr' id='par_1_14' title="bbox 188 544 978 581">
     <span class='ocr_line' id='line_1_14' title="bbox 188 544 978 581; baseline -0.001 -9"><span class='ocrx_word' id='word_1_105' title='bbox 188 553 248 581; x_wconf 64' lang='lat' dir='ltr'><strong>quae</strong></span> <span class='ocrx_word' id='word_1_106' title='bbox 271 545 442 579; x_wconf 71' lang='lat' dir='ltr'><strong>singulorum</strong></span> <span class='ocrx_word' id='word_1_107' title='bbox 472 545 581 580; x_wconf 90' lang='lat' dir='ltr'><strong>propria</strong></span> <span class='ocrx_word' id='word_1_108' title='bbox 613 548 675 572; x_wconf 85' lang='lat' dir='ltr'><strong>sunt</strong></span> <span class='ocrx_word' id='word_1_109' title='bbox 698 551 705 570; x_wconf 88' lang='lat'><strong>:</strong></span> <span class='ocrx_word' id='word_1_110' title='bbox 733 544 889 579; x_wconf 72' lang='lat' dir='ltr'><strong>cuiusmodi</strong></span> <span class='ocrx_word' id='word_1_111' title='bbox 913 550 978 571; x_wconf 87' lang='lat' dir='ltr'><strong>sunt</strong></span> 
     </span>
    </p>
   </div>
   <div class='ocr_carea' id='block_1_15' title="bbox 223 591 972 626">
    <p class='ocr_par' dir='ltr' id='par_1_15' title="bbox 223 591 972 626">
     <span class='ocr_line' id='line_1_15' title="bbox 223 591 972 626; baseline -0.001 -7"><span class='ocrx_word' id='word_1_112' title='bbox 223 593 263 619; x_wconf 77' lang='lat' dir='ltr'><strong>Ad</strong></span> <span class='ocrx_word' id='word_1_113' title='bbox 284 592 341 619; x_wconf 62' lang='lat' dir='ltr'><strong>haec</strong></span> <span class='ocrx_word' id='word_1_114' title='bbox 357 592 419 618; x_wconf 89' lang='lat' dir='ltr'><strong>licet</strong></span> <span class='ocrx_word' id='word_1_115' title='bbox 441 591 539 618; x_wconf 84' lang='lat' dir='ltr'><strong>similis</strong></span> <span class='ocrx_word' id='word_1_116' title='bbox 554 598 683 625; x_wconf 88' lang='lat' dir='ltr'><strong>corporea</strong></span> <span class='ocrx_word' id='word_1_117' title='bbox 698 591 744 618; x_wconf 92' lang='lat' dir='ltr'><strong>illa</strong></span> <span class='ocrx_word' id='word_1_118' title='bbox 759 591 846 618; x_wconf 81' lang='lat' dir='ltr'><strong>forma</strong></span> <span class='ocrx_word' id='word_1_119' title='bbox 861 591 905 622; x_wconf 80' lang='lat' dir='ltr'><strong>sit,</strong></span> <span class='ocrx_word' id='word_1_120' title='bbox 918 598 972 626; x_wconf 85' lang='lat' dir='ltr'><strong>qua</strong></span> 
     </span>
    </p>
   </div>
   <div class='ocr_carea' id='block_1_16' title="bbox 188 636 973 671">
    <p class='ocr_par' dir='ltr' id='par_1_16' title="bbox 188 636 973 671">
     <span class='ocr_line' id='line_1_16' title="bbox 188 636 973 671; baseline -0.001 -6"><span class='ocrx_word' id='word_1_121' title='bbox 188 637 285 665; x_wconf 84' lang='lat' dir='ltr'><strong>Petrus</strong></span> <span class='ocrx_word' id='word_1_122' title='bbox 308 637 464 671; x_wconf 81' lang='lat' dir='ltr'><strong>Paulusque</strong></span> <span class='ocrx_word' id='word_1_123' title='bbox 491 637 663 671; x_wconf 90' lang='lat' dir='ltr'><strong>potissimum</strong></span> <span class='ocrx_word' id='word_1_124' title='bbox 684 637 872 668; x_wconf 87' lang='lat' dir='ltr'><strong>constituitur,</strong></span> <span class='ocrx_word' id='word_1_125' title='bbox 891 636 973 671; x_wconf 83' lang='lat' dir='ltr'><strong>idque</strong></span> 
     </span>
    </p>
   </div>
   <div class='ocr_carea' id='block_1_17' title="bbox 188 682 972 720">
    <p class='ocr_par' dir='ltr' id='par_1_17' title="bbox 188 682 972 720">
     <span class='ocr_line' id='line_1_17' title="bbox 188 682 972 720; baseline -0.003 -9"><span class='ocrx_word' id='word_1_126' title='bbox 188 685 288 720; x_wconf 89' lang='lat' dir='ltr'><strong>ipsum,</strong></span> <span class='ocrx_word' id='word_1_127' title='bbox 303 684 375 719; x_wconf 92' lang='lat' dir='ltr'><strong>quod</strong></span> <span class='ocrx_word' id='word_1_128' title='bbox 392 684 420 710; x_wconf 91' lang='lat' dir='ltr'><strong>in</strong></span> <span class='ocrx_word' id='word_1_129' title='bbox 437 683 640 710; x_wconf 87' lang='lat' dir='ltr'><strong>resurrectione</strong></span> <span class='ocrx_word' id='word_1_130' title='bbox 655 683 751 710; x_wconf 70' lang='lat' dir='ltr'><strong>animo:</strong></span> <span class='ocrx_word' id='word_1_131' title='bbox 767 683 856 710; x_wconf 90' lang='lat' dir='ltr'><strong>denuo</strong></span> <span class='ocrx_word' id='word_1_132' title='bbox 875 682 972 709; x_wconf 88' lang='lat' dir='ltr'><strong>tribui-</strong></span> 
     </span>
    </p>
   </div>
   <div class='ocr_carea' id='block_1_18' title="bbox 187 728 971 762">
    <p class='ocr_par' dir='ltr' id='par_1_18' title="bbox 187 728 971 762">
     <span class='ocr_line' id='line_1_18' title="bbox 187 728 971 762; baseline -0.003 -5"><span class='ocrx_word' id='word_1_133' title='bbox 187 735 242 762; x_wconf 90' lang='lat' dir='ltr'><strong>tur,</strong></span> <span class='ocrx_word' id='word_1_134' title='bbox 256 730 303 757; x_wconf 90' lang='lat' dir='ltr'><strong>sed</strong></span> <span class='ocrx_word' id='word_1_135' title='bbox 324 730 350 756; x_wconf 88' lang='lat' dir='ltr'><strong>in</strong></span> <span class='ocrx_word' id='word_1_136' title='bbox 377 729 474 756; x_wconf 89' lang='lat' dir='ltr'><strong>melius</strong></span> <span class='ocrx_word' id='word_1_137' title='bbox 488 735 650 756; x_wconf 90' lang='lat' dir='ltr'><strong>conversum</strong></span> <span class='ocrx_word' id='word_1_138' title='bbox 667 737 674 755; x_wconf 86' lang='lat'><strong>:</strong></span> <span class='ocrx_word' id='word_1_139' title='bbox 693 736 748 756; x_wconf 91' lang='lat' dir='ltr'><strong>non</strong></span> <span class='ocrx_word' id='word_1_140' title='bbox 767 732 857 755; x_wconf 89' lang='lat' dir='ltr'><strong>tamen</strong></span> <span class='ocrx_word' id='word_1_141' title='bbox 878 728 971 755; x_wconf 88' lang='lat' dir='ltr'><strong>eadem</strong></span> 
     </span>
    </p>
   </div>
   <div class='ocr_carea' id='block_1_19' title="bbox 188 773 970 810">
    <p class='ocr_par' dir='ltr' id='par_1_19' title="bbox 188 773 970 810">
     <span class='ocr_line' id='line_1_19' title="bbox 188 773 970 810; baseline -0.004 -8"><span class='ocrx_word' id='word_1_142' title='bbox 188 780 230 803; x_wconf 84' lang='lat' dir='ltr'><strong>est</strong></span> <span class='ocrx_word' id='word_1_143' title='bbox 242 776 286 802; x_wconf 91' lang='lat' dir='ltr'><strong>illa</strong></span> <span class='ocrx_word' id='word_1_144' title='bbox 302 775 423 806; x_wconf 91' lang='lat' dir='ltr'><strong>materia,</strong></span> <span class='ocrx_word' id='word_1_145' title='bbox 441 782 502 809; x_wconf 63' lang='lat' dir='ltr'><strong>quae</strong></span> <span class='ocrx_word' id='word_1_146' title='bbox 519 774 627 809; x_wconf 80' lang='lat' dir='ltr'><strong>c‘brpori</strong></span> <span class='ocrx_word' id='word_1_147' title='bbox 643 775 759 810; x_wconf 91' lang='lat' dir='ltr'><strong>primum</strong></span> <span class='ocrx_word' id='word_1_148' title='bbox 775 774 857 801; x_wconf 86' lang='lat' dir='ltr'><strong>insita</strong></span> <span class='ocrx_word' id='word_1_149' title='bbox 874 773 970 800; x_wconf 83' lang='lat' dir='ltr'><strong>fuerat.</strong></span> 
     </span>
    </p>
   </div>
   <div class='ocr_carea' id='block_1_20' title="bbox 188 820 972 855">
    <p class='ocr_par' dir='ltr' id='par_1_20' title="bbox 188 820 972 855">
     <span class='ocr_line' id='line_1_20' title="bbox 188 820 972 855; baseline -0.001 -8"><span class='ocrx_word' id='word_1_150' title='bbox 188 821 225 847; x_wconf 83' lang='lat' dir='ltr'><strong>Ac</strong></span> <span class='ocrx_word' id='word_1_151' title='bbox 240 820 469 855; x_wconf 86' lang='lat' dir='ltr'><strong>quemadmodum</strong></span> <span class='ocrx_word' id='word_1_152' title='bbox 487 821 593 855; x_wconf 86' lang='lat' dir='ltr'><strong>species</strong></span> <span class='ocrx_word' id='word_1_153' title='bbox 613 820 671 854; x_wconf 89' lang='lat' dir='ltr'><strong>ipsa</strong></span> <span class='ocrx_word' id='word_1_154' title='bbox 688 820 721 847; x_wconf 90' lang='lat' dir='ltr'><strong>ad</strong></span> <span class='ocrx_word' id='word_1_155' title='bbox 740 820 866 846; x_wconf 90' lang='lat' dir='ltr'><strong>ultimum</strong></span> <span class='ocrx_word' id='word_1_156' title='bbox 884 827 972 854; x_wconf 86' lang='lat' dir='ltr'><strong>usque</strong></span> 
     </span>
    </p>
   </div>
   <div class='ocr_carea' id='block_1_21' title="bbox 190 866 974 901">
    <p class='ocr_par' dir='ltr' id='par_1_21' title="bbox 190 866 974 901">
     <span class='ocr_line' id='line_1_21' title="bbox 190 866 974 901; baseline -0.003 -7"><span class='ocrx_word' id='word_1_157' title='bbox 190 867 284 894; x_wconf 83' lang='lat' dir='ltr'><strong>eadem</strong></span> <span class='ocrx_word' id='word_1_158' title='bbox 300 871 350 896; x_wconf 84' lang='lat' dir='ltr'><strong>est.</strong></span> <span class='ocrx_word' id='word_1_159' title='bbox 366 866 415 893; x_wconf 83' lang='lat' dir='ltr'><strong>etsi</strong></span> <span class='ocrx_word' id='word_1_160' title='bbox 431 866 526 901; x_wconf 80' lang='lat' dir='ltr'><strong>ingens</strong></span> <span class='ocrx_word' id='word_1_161' title='bbox 543 866 711 901; x_wconf 84' lang='lat' dir='ltr'><strong>propriarum</strong></span> <span class='ocrx_word' id='word_1_162' title='bbox 734 866 882 893; x_wconf 78' lang='lat' dir='ltr'><strong>formarum</strong></span> <span class='ocrx_word' id='word_1_163' title='bbox 900 871 974 893; x_wconf 85' lang='lat' dir='ltr'><strong>nota-</strong></span> 
     </span>
    </p>
   </div>
   <div class='ocr_carea' id='block_1_22' title="bbox 188 911 971 947">
    <p class='ocr_par' dir='ltr' id='par_1_22' title="bbox 188 911 971 947">
     <span class='ocr_line' id='line_1_22' title="bbox 188 911 971 947; baseline 0.001 -9"><span class='ocrx_word' id='word_1_164' title='bbox 188 920 304 946; x_wconf 89' lang='lat' dir='ltr'><strong>rumquc</strong></span> <span class='ocrx_word' id='word_1_165' title='bbox 319 911 443 938; x_wconf 83' lang='lat' dir='ltr'><strong>videatur</strong></span> <span class='ocrx_word' id='word_1_166' title='bbox 465 919 526 939; x_wconf 89' lang='lat' dir='ltr'><strong>esse</strong></span> <span class='ocrx_word' id='word_1_167' title='bbox 554 911 699 939; x_wconf 84' lang='lat' dir='ltr'><strong>diversitas</strong></span> <span class='ocrx_word' id='word_1_168' title='bbox 715 922 721 939; x_wconf 91' lang='lat'><em>:</em></span> <span class='ocrx_word' id='word_1_169' title='bbox 739 912 818 947; x_wconf 81' lang='lat'><strong>537</strong></span> <span class='ocrx_word' id='word_1_170' title='bbox 844 913 880 939; x_wconf 89' lang='lat' dir='ltr'><strong>ita</strong></span> <span class='ocrx_word' id='word_1_171' title='bbox 896 916 923 940; x_wconf 89' lang='lat' dir='ltr'><strong>et</strong></span> <span class='ocrx_word' id='word_1_172' title='bbox 945 913 971 939; x_wconf 92' lang='lat' dir='ltr'><strong>in</strong></span> 
     </span>
    </p>
   </div>
   <div class='ocr_carea' id='block_1_23' title="bbox 188 957 972 992">
    <p class='ocr_par' dir='ltr' id='par_1_23' title="bbox 188 957 972 992">
     <span class='ocr_line' id='line_1_23' title="bbox 188 957 972 992; baseline -0.001 -7"><span class='ocrx_word' id='word_1_173' title='bbox 188 965 232 988; x_wconf 83' lang='lat' dir='ltr'><strong>eo,</strong></span> <span class='ocrx_word' id='word_1_174' title='bbox 248 958 281 985; x_wconf 92' lang='lat' dir='ltr'><strong>de</strong></span> <span class='ocrx_word' id='word_1_175' title='bbox 304 965 358 991; x_wconf 88' lang='lat' dir='ltr'><strong>quo</strong></span> <span class='ocrx_word' id='word_1_176' title='bbox 373 957 489 991; x_wconf 80' lang='lat' dir='ltr'><strong>agimus,</strong></span> <span class='ocrx_word' id='word_1_177' title='bbox 515 957 719 992; x_wconf 80' lang='lat' dir='ltr'><strong>intelligendum</strong></span> <span class='ocrx_word' id='word_1_178' title='bbox 739 963 791 989; x_wconf 88' lang='lat' dir='ltr'><strong>est,</strong></span> <span class='ocrx_word' id='word_1_179' title='bbox 812 962 972 992; x_wconf 69' lang='lat' dir='ltr'><strong>praesentem</strong></span> 
     </span>
    </p>
   </div>
   <div class='ocr_carea' id='block_1_24' title="bbox 188 1002 973 1039">
    <p class='ocr_par' dir='ltr' id='par_1_24' title="bbox 188 1002 973 1039">
     <span class='ocr_line' id='line_1_24' title="bbox 188 1002 973 1039; baseline 0 -9"><span class='ocrx_word' id='word_1_180' title='bbox 188 1003 312 1039; x_wconf 81' lang='lat' dir='ltr'><strong>corporis</strong></span> <span class='ocrx_word' id='word_1_181' title='bbox 333 1003 450 1038; x_wconf 88' lang='lat' dir='ltr'><strong>speciem</strong></span> <span class='ocrx_word' id='word_1_182' title='bbox 464 1002 585 1030; x_wconf 87' lang='lat' dir='ltr'><strong>eamdem</strong></span> <span class='ocrx_word' id='word_1_183' title='bbox 598 1010 658 1030; x_wconf 79' lang='lat' dir='ltr'><strong>esse</strong></span> <span class='ocrx_word' id='word_1_184' title='bbox 671 1010 732 1030; x_wconf 91' lang='lat' dir='ltr'><strong>cum</strong></span> <span class='ocrx_word' id='word_1_185' title='bbox 745 1003 846 1036; x_wconf 76' lang='lat' dir='ltr'><strong>futura,</strong></span> <span class='ocrx_word' id='word_1_186' title='bbox 864 1011 925 1030; x_wconf 93' lang='lat' dir='ltr'><strong>cum</strong></span> <span class='ocrx_word' id='word_1_187' title='bbox 940 1011 973 1030; x_wconf 90' lang='lat' dir='ltr'><strong>eo</strong></span> 
     </span>
    </p>
   </div>
   <div class='ocr_carea' id='block_1_25' title="bbox 186 1049 968 1081">
    <p class='ocr_par' dir='ltr' id='par_1_25' title="bbox 186 1049 968 1081">
     <span class='ocr_line' id='line_1_25' title="bbox 186 1049 968 1081; baseline 0 -4"><span class='ocrx_word' id='word_1_188' title='bbox 186 1055 287 1081; x_wconf 78' lang='lat' dir='ltr'><strong>tamen.</strong></span> <span class='ocrx_word' id='word_1_189' title='bbox 303 1054 332 1077; x_wconf 89' lang='lat' dir='ltr'><strong>ut</strong></span> <span class='ocrx_word' id='word_1_190' title='bbox 352 1049 521 1077; x_wconf 86' lang='lat' dir='ltr'><strong>incredibilis</strong></span> <span class='ocrx_word' id='word_1_191' title='bbox 537 1049 564 1077; x_wconf 94' lang='lat' dir='ltr'><strong>in</strong></span> <span class='ocrx_word' id='word_1_192' title='bbox 580 1049 676 1076; x_wconf 87' lang='lat' dir='ltr'><strong>melius</strong></span> <span class='ocrx_word' id='word_1_193' title='bbox 688 1050 723 1076; x_wconf 91' lang='lat' dir='ltr'><strong>sit</strong></span> <span class='ocrx_word' id='word_1_194' title='bbox 740 1049 831 1076; x_wconf 81' lang='lat' dir='ltr'><strong>futura</strong></span> <span class='ocrx_word' id='word_1_195' title='bbox 845 1050 968 1077; x_wconf 83' lang='lat' dir='ltr'><strong>mutatio.</strong></span> 
     </span>
    </p>
   </div>
   <div class='ocr_carea' id='block_1_26' title="bbox 187 1095 972 1130">
    <p class='ocr_par' dir='ltr' id='par_1_26' title="bbox 187 1095 972 1130">
     <span class='ocr_line' id='line_1_26' title="bbox 187 1095 972 1130; baseline -0.001 -7"><span class='ocrx_word' id='word_1_196' title='bbox 187 1095 302 1123; x_wconf 87' lang='lat' dir='ltr'><strong>Necesse</strong></span> <span class='ocrx_word' id='word_1_197' title='bbox 324 1095 395 1122; x_wconf 89' lang='lat' dir='ltr'><strong>enim</strong></span> <span class='ocrx_word' id='word_1_198' title='bbox 422 1099 464 1122; x_wconf 89' lang='lat' dir='ltr'><strong>est</strong></span> <span class='ocrx_word' id='word_1_199' title='bbox 486 1095 603 1121; x_wconf 91' lang='lat' dir='ltr'><strong>animam</strong></span> <span class='ocrx_word' id='word_1_200' title='bbox 619 1095 758 1130; x_wconf 87' lang='lat' dir='ltr'><strong>corporeis</strong></span> <span class='ocrx_word' id='word_1_201' title='bbox 773 1095 800 1122; x_wconf 91' lang='lat' dir='ltr'><strong>in</strong></span> <span class='ocrx_word' id='word_1_202' title='bbox 831 1095 899 1123; x_wconf 89' lang='lat' dir='ltr'><strong>locis</strong></span> <span class='ocrx_word' id='word_1_203' title='bbox 919 1097 972 1122; x_wconf 79' lang='lat' dir='ltr'><strong>Ine-</strong></span> 
     </span>
    </p>
   </div>
   <div class='ocr_carea' id='block_1_27' title="bbox 191 1141 973 1176">
    <p class='ocr_par' dir='ltr' id='par_1_27' title="bbox 191 1141 973 1176">
     <span class='ocr_line' id='line_1_27' title="bbox 191 1141 973 1176; baseline 0 -8"><span class='ocrx_word' id='word_1_204' title='bbox 191 1146 298 1170; x_wconf 87' lang='lat' dir='ltr'><strong>rentem</strong></span> <span class='ocrx_word' id='word_1_205' title='bbox 320 1141 513 1168; x_wconf 85' lang='lat' dir='ltr'><strong>consentaneis</strong></span> <span class='ocrx_word' id='word_1_206' title='bbox 526 1141 576 1167; x_wconf 89' lang='lat' dir='ltr'><strong>sibi</strong></span> <span class='ocrx_word' id='word_1_207' title='bbox 596 1141 633 1167; x_wconf 88' lang='lat' dir='ltr'><strong>uti</strong></span> <span class='ocrx_word' id='word_1_208' title='bbox 649 1141 820 1175; x_wconf 91' lang='lat' dir='ltr'><strong>corporibus.</strong></span> <span class='ocrx_word' id='word_1_209' title='bbox 839 1141 927 1176; x_wconf 87' lang='lat' dir='ltr'><strong>Atque</strong></span> <span class='ocrx_word' id='word_1_210' title='bbox 945 1145 973 1168; x_wconf 92' lang='lat' dir='ltr'><strong>ut</strong></span> 
     </span>
    </p>
   </div>
   <div class='ocr_carea' id='block_1_28' title="bbox 190 1186 972 1222">
    <p class='ocr_par' dir='ltr' id='par_1_28' title="bbox 190 1186 972 1222">
     <span class='ocr_line' id='line_1_28' title="bbox 190 1186 972 1222; baseline -0.001 -8"><span class='ocrx_word' id='word_1_211' title='bbox 190 1188 214 1215; x_wconf 89' lang='lat' dir='ltr'><strong>si</strong></span> <span class='ocrx_word' id='word_1_212' title='bbox 234 1188 261 1214; x_wconf 94' lang='lat' dir='ltr'><strong>in</strong></span> <span class='ocrx_word' id='word_1_213' title='bbox 284 1186 444 1222; x_wconf 83' lang='lat' dir='ltr'><strong>aquatilium</strong></span> <span class='ocrx_word' id='word_1_214' title='bbox 464 1191 588 1213; x_wconf 86' lang='lat' dir='ltr'><strong>naturam</strong></span> <span class='ocrx_word' id='word_1_215' title='bbox 608 1193 753 1213; x_wconf 86' lang='lat' dir='ltr'><strong>conversos</strong></span> <span class='ocrx_word' id='word_1_216' title='bbox 765 1186 846 1213; x_wconf 86' lang='lat' dir='ltr'><strong>vitam</strong></span> <span class='ocrx_word' id='word_1_217' title='bbox 862 1186 889 1213; x_wconf 91' lang='lat' dir='ltr'><strong>in</strong></span> <span class='ocrx_word' id='word_1_218' title='bbox 904 1186 972 1213; x_wconf 90' lang='lat' dir='ltr'><strong>mari</strong></span> 
     </span>
    </p>
   </div>
   <div class='ocr_carea' id='block_1_29' title="bbox 186 1231 973 1267">
    <p class='ocr_par' dir='ltr' id='par_1_29' title="bbox 186 1231 973 1267">
     <span class='ocr_line' id='line_1_29' title="bbox 186 1231 973 1267; baseline -0.003 -7"><span class='ocrx_word' id='word_1_219' title='bbox 186 1233 285 1267; x_wconf 79' lang='lat' dir='ltr'><strong>degere</strong></span> <span class='ocrx_word' id='word_1_220' title='bbox 315 1240 363 1260; x_wconf 80' lang='lat' dir='ltr'><strong>nes</strong></span> <span class='ocrx_word' id='word_1_221' title='bbox 380 1235 528 1267; x_wconf 87' lang='lat' dir='ltr'><strong>oporteret.</strong></span> <span class='ocrx_word' id='word_1_222' title='bbox 555 1232 739 1259; x_wconf 83' lang='lat' dir='ltr'><strong>necessarium</strong></span> <span class='ocrx_word' id='word_1_223' title='bbox 759 1231 828 1259; x_wconf 82' lang='lat' dir='ltr'><strong>foret</strong></span> <span class='ocrx_word' id='word_1_224' title='bbox 847 1239 898 1260; x_wconf 90' lang='lat' dir='ltr'><strong>nos</strong></span> <span class='ocrx_word' id='word_1_225' title='bbox 920 1232 973 1259; x_wconf 89' lang='lat' dir='ltr'><strong>alia</strong></span> 
     </span>
    </p>
   </div>
   <div class='ocr_carea' id='block_1_30' title="bbox 186 1279 973 1314">
    <p class='ocr_par' dir='ltr' id='par_1_30' title="bbox 186 1279 973 1314">
     <span class='ocr_line' id='line_1_30' title="bbox 186 1279 973 1314; baseline -0.001 -8"><span class='ocrx_word' id='word_1_226' title='bbox 186 1287 332 1314; x_wconf 87' lang='lat' dir='ltr'><strong>corporum</strong></span> <span class='ocrx_word' id='word_1_227' title='bbox 366 1279 560 1307; x_wconf 81' lang='lat' dir='ltr'><strong>constitutione</strong></span> <span class='ocrx_word' id='word_1_228' title='bbox 590 1279 759 1314; x_wconf 86' lang='lat' dir='ltr'><strong>pisciumque</strong></span> <span class='ocrx_word' id='word_1_229' title='bbox 799 1279 882 1306; x_wconf 91' lang='lat' dir='ltr'><strong>simili</strong></span> <span class='ocrx_word' id='word_1_230' title='bbox 911 1286 973 1306; x_wconf 91' lang='lat' dir='ltr'><strong>esse</strong></span> 
     </span>
    </p>
   </div>
   <div class='ocr_carea' id='block_1_31' title="bbox 190 1324 972 1361">
    <p class='ocr_par' dir='ltr' id='par_1_31' title="bbox 190 1324 972 1361">
     <span class='ocr_line' id='line_1_31' title="bbox 190 1324 972 1361; baseline -0.004 -8"><span class='ocrx_word' id='word_1_231' title='bbox 190 1325 318 1361; x_wconf 64' lang='lat' dir='ltr'><strong>praeditos</strong></span> <span class='ocrx_word' id='word_1_232' title='bbox 343 1334 350 1353; x_wconf 93' lang='lat'><strong>:</strong></span> <span class='ocrx_word' id='word_1_233' title='bbox 377 1325 415 1352; x_wconf 88' lang='lat' dir='ltr'><strong>ita</strong></span> <span class='ocrx_word' id='word_1_234' title='bbox 443 1325 489 1360; x_wconf 86' lang='lat' dir='ltr'><strong>qui</strong></span> <span class='ocrx_word' id='word_1_235' title='bbox 519 1325 650 1352; x_wconf 73' lang='lat' dir='ltr'><strong>cmlorum</strong></span> <span class='ocrx_word' id='word_1_236' title='bbox 684 1324 760 1360; x_wconf 77' lang='lat' dir='ltr'><strong>regni</strong></span> <span class='ocrx_word' id='word_1_237' title='bbox 788 1324 972 1351; x_wconf 70' lang='lat' dir='ltr'><strong>liaaredilatem</strong></span> 
     </span>
    </p>
   </div>
   <div class='ocr_carea' id='block_1_32' title="bbox 188 1370 972 1404">
    <p class='ocr_par' dir='ltr' id='par_1_32' title="bbox 188 1370 972 1404">
     <span class='ocr_line' id='line_1_32' title="bbox 188 1370 972 1404; baseline -0.003 -6"><span class='ocrx_word' id='word_1_238' title='bbox 188 1371 288 1398; x_wconf 86' lang='lat' dir='ltr'><strong>adituri</strong></span> <span class='ocrx_word' id='word_1_239' title='bbox 303 1374 376 1401; x_wconf 83' lang='lat' dir='ltr'><strong>sunt.</strong></span> <span class='ocrx_word' id='word_1_240' title='bbox 391 1377 424 1397; x_wconf 88' lang='lat' dir='ltr'><strong>ac</strong></span> <span class='ocrx_word' id='word_1_241' title='bbox 439 1370 556 1397; x_wconf 86' lang='lat' dir='ltr'><strong>diversis</strong></span> <span class='ocrx_word' id='word_1_242' title='bbox 569 1370 596 1397; x_wconf 95' lang='lat' dir='ltr'><strong>in</strong></span> <span class='ocrx_word' id='word_1_243' title='bbox 620 1370 730 1398; x_wconf 87' lang='lat' dir='ltr'><strong>sedibus</strong></span> <span class='ocrx_word' id='word_1_244' title='bbox 745 1370 902 1402; x_wconf 83' lang='lat' dir='ltr'><strong>habitaturi,</strong></span> <span class='ocrx_word' id='word_1_245' title='bbox 917 1370 972 1404; x_wconf 84' lang='lat' dir='ltr'><strong>spi-</strong></span> 
     </span>
    </p>
   </div>
   <div class='ocr_carea' id='block_1_33' title="bbox 187 1415 971 1452">
    <p class='ocr_par' dir='ltr' id='par_1_33' title="bbox 187 1415 971 1452">
     <span class='ocr_line' id='line_1_33' title="bbox 187 1415 971 1452; baseline -0.003 -8"><span class='ocrx_word' id='word_1_246' title='bbox 187 1417 277 1444; x_wconf 84' lang='lat' dir='ltr'><strong>ritalia</strong></span> <span class='ocrx_word' id='word_1_247' title='bbox 298 1424 408 1452; x_wconf 89' lang='lat' dir='ltr'><strong>quoque</strong></span> <span class='ocrx_word' id='word_1_248' title='bbox 432 1423 547 1451; x_wconf 90' lang='lat' dir='ltr'><strong>corpora</strong></span> <span class='ocrx_word' id='word_1_249' title='bbox 571 1415 689 1443; x_wconf 83' lang='lat' dir='ltr'><strong>habeant</strong></span> <span class='ocrx_word' id='word_1_250' title='bbox 710 1423 822 1444; x_wconf 89' lang='lat' dir='ltr'><strong>necesse</strong></span> <span class='ocrx_word' id='word_1_251' title='bbox 836 1419 890 1448; x_wconf 89' lang='lat' dir='ltr'><strong>est,</strong></span> <span class='ocrx_word' id='word_1_252' title='bbox 917 1423 971 1443; x_wconf 93' lang='lat' dir='ltr'><strong>non</strong></span> 
     </span>
    </p>
   </div>
   <div class='ocr_carea' id='block_1_34' title="bbox 186 1462 972 1499">
    <p class='ocr_par' dir='ltr' id='par_1_34' title="bbox 186 1462 972 1499">
     <span class='ocr_line' id='line_1_34' title="bbox 186 1462 972 1499; baseline -0.004 -8"><span class='ocrx_word' id='word_1_253' title='bbox 186 1463 260 1499; x_wconf 93' lang='lat' dir='ltr'><strong>quod</strong></span> <span class='ocrx_word' id='word_1_254' title='bbox 287 1463 362 1498; x_wconf 86' lang='lat' dir='ltr'><strong>prior</strong></span> <span class='ocrx_word' id='word_1_255' title='bbox 387 1462 578 1497; x_wconf 75' lang='lat' dir='ltr'><strong>exstinguatur</strong></span> <span class='ocrx_word' id='word_1_256' title='bbox 592 1462 714 1498; x_wconf 84' lang='lat' dir='ltr'><strong>species,</strong></span> <span class='ocrx_word' id='word_1_257' title='bbox 731 1462 838 1489; x_wconf 81' lang='lat' dir='ltr'><strong>tametsi</strong></span> <span class='ocrx_word' id='word_1_258' title='bbox 859 1462 888 1489; x_wconf 86' lang='lat' dir='ltr'><strong>in</strong></span> <span class='ocrx_word' id='word_1_259' title='bbox 913 1462 972 1488; x_wconf 89' lang='lat' dir='ltr'><strong>illu-</strong></span> 
     </span>
    </p>
   </div>
   <div class='ocr_carea' id='block_1_35' title="bbox 997 545 1152 580">
    <p class='ocr_par' dir='ltr' id='par_1_35' title="bbox 997 545 1152 580">
     <span class='ocr_line' id='line_1_35' title="bbox 997 545 1152 580; baseline 0 -8"><span class='ocrx_word' id='word_1_260' title='bbox 997 545 1152 580; x_wconf 75' lang='lat' dir='ltr'><strong>lentigines.</strong></span> 
     </span>
    </p>
   </div>
   <div class='ocr_carea' id='block_1_36' title="bbox 1056 592 1804 630">
    <p class='ocr_par' dir='ltr' id='par_1_36' title="bbox 1056 592 1804 630">
     <span class='ocr_line' id='line_1_36' title="bbox 1056 592 1804 630; baseline 0.009 -12"><span class='ocrx_word' id='word_1_261' title='bbox 1056 593 1109 618; x_wconf 77' lang='grc' dir='ltr'><strong>Καὶ</strong></span> <span class='ocrx_word' id='word_1_262' title='bbox 1120 593 1166 619; x_wconf 71' lang='grc' dir='ltr'><strong>ἐπὶ</strong></span> <span class='ocrx_word' id='word_1_263' title='bbox 1179 592 1283 624; x_wconf 77' lang='grc' dir='ltr'><strong>τούτοις</strong></span> <span class='ocrx_word' id='word_1_264' title='bbox 1300 592 1327 619; x_wconf 70' lang='grc' dir='ltr'><strong>εἴ</strong></span> <span class='ocrx_word' id='word_1_265' title='bbox 1340 593 1366 618; x_wconf 85' lang='grc' dir='ltr'><strong>τί</strong></span> <span class='ocrx_word' id='word_1_266' title='bbox 1383 593 1456 619; x_wconf 79' lang='grc' dir='ltr'>ἐστιν</span> <span class='ocrx_word' id='word_1_267' title='bbox 1474 593 1566 628; x_wconf 83' lang='grc' dir='ltr'>ὅμοιον</span> <span class='ocrx_word' id='word_1_268' title='bbox 1584 595 1662 623; x_wconf 81' lang='grc' dir='ltr'>τοῦτο</span> <span class='ocrx_word' id='word_1_269' title='bbox 1680 597 1711 624; x_wconf 80' lang='grc' dir='ltr'><strong>τὸ</strong></span> <span class='ocrx_word' id='word_1_270' title='bbox 1724 596 1804 630; x_wconf 73' lang='grc' dir='ltr'>εἶδος,</span> 
     </span>
    </p>
   </div>
   <div class='ocr_carea' id='block_1_37' title="bbox 1021 637 1804 676">
    <p class='ocr_par' dir='ltr' id='par_1_37' title="bbox 1021 637 1804 676">
     <span class='ocr_line' id='line_1_37' title="bbox 1021 637 1804 676; baseline 0.01 -13"><span class='ocrx_word' id='word_1_271' title='bbox 1021 637 1082 664; x_wconf 75' lang='grc' dir='ltr'>καθ’</span> <span class='ocrx_word' id='word_1_272' title='bbox 1105 638 1118 664; x_wconf 72' lang='grc' dir='ltr'><strong>ὃ</strong></span> <span class='ocrx_word' id='word_1_273' title='bbox 1134 639 1306 671; x_wconf 74' lang='grc' dir='ltr'>εἰδοποιεζται</span> <span class='ocrx_word' id='word_1_274' title='bbox 1319 639 1334 665; x_wconf 83' lang='grc' dir='ltr'>ὁ</span> <span class='ocrx_word' id='word_1_275' title='bbox 1350 639 1450 674; x_wconf 77' lang='grc' dir='ltr'>Πέτρος</span> <span class='ocrx_word' id='word_1_276' title='bbox 1469 640 1516 667; x_wconf 74' lang='grc' dir='ltr'>καὶ</span> <span class='ocrx_word' id='word_1_277' title='bbox 1532 642 1545 667; x_wconf 79' lang='grc' dir='ltr'>ὁ</span> <span class='ocrx_word' id='word_1_278' title='bbox 1560 641 1664 674; x_wconf 79' lang='grc' dir='ltr'><strong>Παῦλος</strong></span> <span class='ocrx_word' id='word_1_279' title='bbox 1676 664 1684 676; x_wconf 87' lang='grc'><em>,</em></span> <span class='ocrx_word' id='word_1_280' title='bbox 1704 643 1734 670; x_wconf 80' lang='grc' dir='ltr'>τὸ</span> <span class='ocrx_word' id='word_1_281' title='bbox 1753 653 1804 671; x_wconf 86' lang='grc' dir='ltr'>σω-</span> 
     </span>
    </p>
   </div>
   <div class='ocr_carea' id='block_1_38' title="bbox 1023 683 1803 725">
    <p class='ocr_par' dir='ltr' id='par_1_38' title="bbox 1023 683 1803 725">
     <span class='ocr_line' id='line_1_38' title="bbox 1023 683 1803 725; baseline 0.009 -16"><span class='ocrx_word' id='word_1_282' title='bbox 1023 683 1154 718; x_wconf 75' lang='grc' dir='ltr'>ματικὸν,</span> <span class='ocrx_word' id='word_1_283' title='bbox 1180 684 1195 710; x_wconf 79' lang='grc' dir='ltr'>ὃ</span> <span class='ocrx_word' id='word_1_284' title='bbox 1219 685 1247 710; x_wconf 81' lang='grc' dir='ltr'>ὲν</span> <span class='ocrx_word' id='word_1_285' title='bbox 1263 687 1296 720; x_wconf 84' lang='grc' dir='ltr'>τῇ</span> <span class='ocrx_word' id='word_1_286' title='bbox 1321 685 1467 712; x_wconf 75' lang='grc' dir='ltr'><strong>ἀναστάσει</strong></span> <span class='ocrx_word' id='word_1_287' title='bbox 1488 687 1654 722; x_wconf 79' lang='grc' dir='ltr'><strong>περιτίθεται</strong></span> <span class='ocrx_word' id='word_1_288' title='bbox 1671 689 1751 716; x_wconf 81' lang='grc' dir='ltr'>πάλιν</span> <span class='ocrx_word' id='word_1_289' title='bbox 1769 691 1803 725; x_wconf 79' lang='grc' dir='ltr'>τῇ</span> 
     </span>
    </p>
   </div>
   <div class='ocr_carea' id='block_1_39' title="bbox 1023 728 1804 767">
    <p class='ocr_par' dir='ltr' id='par_1_39' title="bbox 1023 728 1804 767">
     <span class='ocr_line' id='line_1_39' title="bbox 1023 728 1804 767; baseline 0.012 -13"><span class='ocrx_word' id='word_1_290' title='bbox 1023 728 1094 764; x_wconf 82' lang='grc' dir='ltr'>ψυχῇ</span> <span class='ocrx_word' id='word_1_291' title='bbox 1108 749 1116 759; x_wconf 82' lang='lat'><em>.</em></span> <span class='ocrx_word' id='word_1_292' title='bbox 1133 729 1178 755; x_wconf 82' lang='grc' dir='ltr'><strong>ἐπὶ</strong></span> <span class='ocrx_word' id='word_1_293' title='bbox 1191 729 1220 756; x_wconf 81' lang='grc' dir='ltr'>τὸ</span> <span class='ocrx_word' id='word_1_294' title='bbox 1237 731 1361 765; x_wconf 83' lang='grc' dir='ltr'>κρεῖττον</span> <span class='ocrx_word' id='word_1_295' title='bbox 1377 731 1557 765; x_wconf 80' lang='grc' dir='ltr'>μεταϐάλλον,</span> <span class='ocrx_word' id='word_1_296' title='bbox 1573 734 1603 760; x_wconf 86' lang='grc' dir='ltr'><strong>οὺ</strong></span> <span class='ocrx_word' id='word_1_297' title='bbox 1623 735 1731 767; x_wconf 88' lang='grc' dir='ltr'>πάντως</span> <span class='ocrx_word' id='word_1_298' title='bbox 1746 736 1804 763; x_wconf 81' lang='grc' dir='ltr'>τόδε</span> 
     </span>
    </p>
   </div>
   <div class='ocr_carea' id='block_1_40' title="bbox 1024 774 1803 816">
    <p class='ocr_par' dir='ltr' id='par_1_40' title="bbox 1024 774 1803 816">
     <span class='ocr_line' id='line_1_40' title="bbox 1024 774 1803 816; baseline 0.012 -16"><span class='ocrx_word' id='word_1_299' title='bbox 1024 774 1065 800; x_wconf 71' lang='grc' dir='ltr'>ἔτι</span> <span class='ocrx_word' id='word_1_300' title='bbox 1079 776 1273 809; x_wconf 81' lang='grc' dir='ltr'>ἐντεταγμένον</span> <span class='ocrx_word' id='word_1_301' title='bbox 1293 776 1323 803; x_wconf 87' lang='grc' dir='ltr'><strong>τὺ</strong></span> <span class='ocrx_word' id='word_1_302' title='bbox 1343 777 1412 804; x_wconf 79' lang='grc' dir='ltr'>κατὰ</span> <span class='ocrx_word' id='word_1_303' title='bbox 1426 777 1474 813; x_wconf 84' lang='grc' dir='ltr'>τὴν</span> <span class='ocrx_word' id='word_1_304' title='bbox 1491 779 1601 814; x_wconf 87' lang='grc' dir='ltr'>πρώτην</span> <span class='ocrx_word' id='word_1_305' title='bbox 1616 780 1803 816; x_wconf 79' lang='grc' dir='ltr'>ὑποκείμενον.</span> 
     </span>
    </p>
   </div>
   <div class='ocr_carea' id='block_1_41' title="bbox 988 819 1803 870">
    <p class='ocr_par' dir='ltr' id='par_1_41' title="bbox 988 819 1803 870">
     <span class='ocr_line' id='line_1_41' title="bbox 988 819 1803 870; baseline 0.011 -26"><span class='ocrx_word' id='word_1_306' title='bbox 988 843 1008 870; x_wconf 71' lang='grc' dir='ltr'><strong>Β</strong></span> <span class='ocrx_word' id='word_1_307' title='bbox 1024 819 1129 854; x_wconf 82' lang='grc' dir='ltr'>’Ὠσπερ</span> <span class='ocrx_word' id='word_1_308' title='bbox 1142 820 1170 845; x_wconf 80' lang='grc' dir='ltr'>δὲ</span> <span class='ocrx_word' id='word_1_309' title='bbox 1186 820 1217 846; x_wconf 85' lang='grc' dir='ltr'><strong>τὺ</strong></span> <span class='ocrx_word' id='word_1_310' title='bbox 1233 819 1301 852; x_wconf 83' lang='grc' dir='ltr'>εἶδός</span> <span class='ocrx_word' id='word_1_311' title='bbox 1322 822 1379 848; x_wconf 70' lang='grc' dir='ltr'>ἐστι</span> <span class='ocrx_word' id='word_1_312' title='bbox 1399 822 1479 858; x_wconf 82' lang='grc' dir='ltr'>μέχρι</span> <span class='ocrx_word' id='word_1_313' title='bbox 1495 823 1541 850; x_wconf 81' lang='grc' dir='ltr'>τοῦ</span> <span class='ocrx_word' id='word_1_314' title='bbox 1560 824 1675 860; x_wconf 81' lang='grc' dir='ltr'>πέρατος</span> <span class='ocrx_word' id='word_1_315' title='bbox 1686 847 1693 859; x_wconf 90' lang='lat'><strong>,</strong></span> <span class='ocrx_word' id='word_1_316' title='bbox 1715 827 1765 853; x_wconf 76' lang='grc' dir='ltr'>κᾶν</span> <span class='ocrx_word' id='word_1_317' title='bbox 1779 828 1803 853; x_wconf 85' lang='lat' dir='ltr'><strong>ol</strong></span> 
     </span>
    </p>
   </div>
   <div class='ocr_carea' id='block_1_42' title="bbox 1023 865 1804 908">
    <p class='ocr_par' dir='ltr' id='par_1_42' title="bbox 1023 865 1804 908">
     <span class='ocr_line' id='line_1_42' title="bbox 1023 865 1804 908; baseline 0.012 -18"><span class='ocrx_word' id='word_1_318' title='bbox 1023 865 1192 901; x_wconf 82' lang='grc' dir='ltr'><strong>χαρακτῆρες</strong></span> <span class='ocrx_word' id='word_1_319' title='bbox 1204 866 1302 892; x_wconf 84' lang='grc' dir='ltr'>δοκῶσι</span> <span class='ocrx_word' id='word_1_320' title='bbox 1318 867 1416 903; x_wconf 80' lang='grc' dir='ltr'>πολλὴν</span> <span class='ocrx_word' id='word_1_321' title='bbox 1431 869 1501 904; x_wconf 78' lang='grc' dir='ltr'>ἐχειν</span> <span class='ocrx_word' id='word_1_322' title='bbox 1516 870 1705 908; x_wconf 75' lang='grc' dir='ltr'>παραλλαγήν·</span> <span class='ocrx_word' id='word_1_323' title='bbox 1719 872 1804 905; x_wconf 75' lang='grc' dir='ltr'>οὕτως</span> 
     </span>
    </p>
   </div>
   <div class='ocr_carea' id='block_1_43' title="bbox 1023 911 1803 952">
    <p class='ocr_par' dir='ltr' id='par_1_43' title="bbox 1023 911 1803 952">
     <span class='ocr_line' id='line_1_43' title="bbox 1023 911 1803 952; baseline 0.01 -16"><span class='ocrx_word' id='word_1_324' title='bbox 1023 911 1132 945; x_wconf 85' lang='grc' dir='ltr'>νοητέον</span> <span class='ocrx_word' id='word_1_325' title='bbox 1149 911 1196 937; x_wconf 81' lang='grc' dir='ltr'>καὶ</span> <span class='ocrx_word' id='word_1_326' title='bbox 1212 912 1257 938; x_wconf 74' lang='grc' dir='ltr'><strong>ἐπὶ</strong></span> <span class='ocrx_word' id='word_1_327' title='bbox 1270 911 1317 938; x_wconf 82' lang='grc' dir='ltr'>τοῦ</span> <span class='ocrx_word' id='word_1_328' title='bbox 1334 913 1465 948; x_wconf 81' lang='grc' dir='ltr'><strong>παρόντος</strong></span> <span class='ocrx_word' id='word_1_329' title='bbox 1482 912 1550 946; x_wconf 78' lang='grc' dir='ltr'>εἶδος</span> <span class='ocrx_word' id='word_1_330' title='bbox 1570 916 1667 942; x_wconf 79' lang='grc' dir='ltr'>ταυτὸν</span> <span class='ocrx_word' id='word_1_331' title='bbox 1683 914 1752 944; x_wconf 78' lang='grc' dir='ltr'>εἶναι</span> <span class='ocrx_word' id='word_1_332' title='bbox 1766 918 1803 952; x_wconf 81' lang='grc' dir='ltr'>τῷ</span> 
     </span>
    </p>
   </div>
   <div class='ocr_carea' id='block_1_44' title="bbox 1024 955 1803 996">
    <p class='ocr_par' dir='ltr' id='par_1_44' title="bbox 1024 955 1803 996">
     <span class='ocr_line' id='line_1_44' title="bbox 1024 955 1803 996; baseline 0.013 -16"><span class='ocrx_word' id='word_1_333' title='bbox 1024 955 1167 990; x_wconf 80' lang='grc' dir='ltr'>μέλλοντι,</span> <span class='ocrx_word' id='word_1_334' title='bbox 1182 955 1311 992; x_wconf 82' lang='grc' dir='ltr'><strong>πλείστης</strong></span> <span class='ocrx_word' id='word_1_335' title='bbox 1333 958 1397 993; x_wconf 80' lang='grc' dir='ltr'>ὅσης</span> <span class='ocrx_word' id='word_1_336' title='bbox 1417 960 1547 995; x_wconf 77' lang='grc' dir='ltr'><strong>ἐσομένης</strong></span> <span class='ocrx_word' id='word_1_337' title='bbox 1565 961 1614 996; x_wconf 82' lang='grc' dir='ltr'><strong>τῆς</strong></span> <span class='ocrx_word' id='word_1_338' title='bbox 1628 962 1674 988; x_wconf 77' lang='grc' dir='ltr'><strong>ἐπὶ</strong></span> <span class='ocrx_word' id='word_1_339' title='bbox 1696 963 1803 990; x_wconf 70' lang='grc' dir='ltr'>κάλλιον</span> 
     </span>
    </p>
   </div>
   <div class='ocr_carea' id='block_1_45' title="bbox 1024 999 1803 1040">
    <p class='ocr_par' dir='ltr' id='par_1_45' title="bbox 1024 999 1803 1040">
     <span class='ocr_line' id='line_1_45' title="bbox 1024 999 1803 1040; baseline 0.014 -16"><span class='ocrx_word' id='word_1_340' title='bbox 1024 999 1184 1035; x_wconf 76' lang='grc' dir='ltr'>μεταϐολῆς.</span> <span class='ocrx_word' id='word_1_341' title='bbox 1209 1001 1366 1035; x_wconf 79' lang='grc' dir='ltr'>Ἀναγκαῖον</span> <span class='ocrx_word' id='word_1_342' title='bbox 1388 1002 1442 1038; x_wconf 79' lang='grc' dir='ltr'>γὰρ</span> <span class='ocrx_word' id='word_1_343' title='bbox 1470 1003 1520 1040; x_wconf 74' lang='grc' dir='ltr'>τὴν</span> <span class='ocrx_word' id='word_1_344' title='bbox 1544 1004 1633 1040; x_wconf 80' lang='grc' dir='ltr'>ψυχὴν</span> <span class='ocrx_word' id='word_1_345' title='bbox 1658 1007 1687 1033; x_wconf 84' lang='grc' dir='ltr'>ὲν</span> <span class='ocrx_word' id='word_1_346' title='bbox 1713 1007 1803 1040; x_wconf 80' lang='grc' dir='ltr'>τόποις</span> 
     </span>
    </p>
   </div>
   <div class='ocr_carea' id='block_1_46' title="bbox 1023 1046 1801 1087">
    <p class='ocr_par' dir='ltr' id='par_1_46' title="bbox 1023 1046 1801 1087">
     <span class='ocr_line' id='line_1_46' title="bbox 1023 1046 1801 1087; baseline 0.014 -17"><span class='ocrx_word' id='word_1_347' title='bbox 1023 1048 1190 1080; x_wconf 82' lang='grc' dir='ltr'><strong>σωματικοῖς</strong></span> <span class='ocrx_word' id='word_1_348' title='bbox 1209 1046 1382 1083; x_wconf 83' lang='grc' dir='ltr'>ὑπάρχουσαν</span> <span class='ocrx_word' id='word_1_349' title='bbox 1409 1049 1558 1085; x_wconf 80' lang='grc' dir='ltr'>κεχρῆσθαι</span> <span class='ocrx_word' id='word_1_350' title='bbox 1586 1051 1692 1087; x_wconf 87' lang='grc' dir='ltr'>σώμασι</span> <span class='ocrx_word' id='word_1_351' title='bbox 1705 1055 1801 1081; x_wconf 76' lang='grc' dir='ltr'>κατειλ-</span> 
     </span>
    </p>
   </div>
   <div class='ocr_carea' id='block_1_47' title="bbox 1022 1090 1802 1136">
    <p class='ocr_par' dir='ltr' id='par_1_47' title="bbox 1022 1090 1802 1136">
     <span class='ocr_line' id='line_1_47' title="bbox 1022 1090 1802 1136; baseline 0.014 -20"><span class='ocrx_word' id='word_1_352' title='bbox 1022 1090 1112 1127; x_wconf 82' lang='grc' dir='ltr'>λήλοις</span> <span class='ocrx_word' id='word_1_353' title='bbox 1126 1093 1181 1124; x_wconf 83' lang='grc' dir='ltr'>τοῖς</span> <span class='ocrx_word' id='word_1_354' title='bbox 1194 1093 1314 1127; x_wconf 79' lang='grc' dir='ltr'>τρόποις.</span> <span class='ocrx_word' id='word_1_355' title='bbox 1323 1095 1378 1120; x_wconf 78' lang='grc' dir='ltr'><strong>Καὶ</strong></span> <span class='ocrx_word' id='word_1_356' title='bbox 1389 1094 1483 1131; x_wconf 81' lang='grc' dir='ltr'>ὥσπερ</span> <span class='ocrx_word' id='word_1_357' title='bbox 1497 1097 1525 1123; x_wconf 86' lang='grc' dir='ltr'>ὲν</span> <span class='ocrx_word' id='word_1_358' title='bbox 1537 1097 1657 1135; x_wconf 84' lang='grc' dir='ltr'><strong>θαλάσσῃ</strong></span> <span class='ocrx_word' id='word_1_359' title='bbox 1671 1098 1720 1135; x_wconf 80' lang='grc' dir='ltr'>ζῇν</span> <span class='ocrx_word' id='word_1_360' title='bbox 1732 1101 1802 1136; x_wconf 75' lang='grc' dir='ltr'>ἡμᾶς</span> 
     </span>
    </p>
   </div>
   <div class='ocr_carea' id='block_1_48' title="bbox 1022 1137 1801 1178">
    <p class='ocr_par' dir='ltr' id='par_1_48' title="bbox 1022 1137 1801 1178">
     <span class='ocr_line' id='line_1_48' title="bbox 1022 1137 1801 1178; baseline 0.014 -15"><span class='ocrx_word' id='word_1_361' title='bbox 1022 1137 1148 1173; x_wconf 75' lang='grc' dir='ltr'><strong>ἐνύδρους</strong></span> <span class='ocrx_word' id='word_1_362' title='bbox 1163 1139 1323 1174; x_wconf 83' lang='grc' dir='ltr'>γενομένους</span> <span class='ocrx_word' id='word_1_363' title='bbox 1348 1141 1371 1166; x_wconf 83' lang='grc' dir='ltr'><strong>εἰ</strong></span> <span class='ocrx_word' id='word_1_364' title='bbox 1389 1141 1486 1178; x_wconf 76' lang='grc' dir='ltr'>ἐχρῆν,</span> <span class='ocrx_word' id='word_1_365' title='bbox 1509 1144 1617 1176; x_wconf 83' lang='grc' dir='ltr'>πάντως</span> <span class='ocrx_word' id='word_1_366' title='bbox 1631 1145 1663 1171; x_wconf 79' lang='grc' dir='ltr'>ἂν</span> <span class='ocrx_word' id='word_1_367' title='bbox 1682 1146 1735 1173; x_wconf 76' lang='grc' dir='ltr'>ἔδει</span> <span class='ocrx_word' id='word_1_368' title='bbox 1750 1156 1801 1174; x_wconf 83' lang='grc' dir='ltr'>πα-</span> 
     </span>
    </p>
   </div>
   <div class='ocr_carea' id='block_1_49' title="bbox 1024 1184 1801 1224">
    <p class='ocr_par' dir='ltr' id='par_1_49' title="bbox 1024 1184 1801 1224">
     <span class='ocr_line' id='line_1_49' title="bbox 1024 1184 1801 1224; baseline 0.013 -15"><span class='ocrx_word' id='word_1_369' title='bbox 1024 1184 1177 1220; x_wconf 80' lang='grc' dir='ltr'>ραπλησίαν</span> <span class='ocrx_word' id='word_1_370' title='bbox 1191 1185 1263 1221; x_wconf 76' lang='grc' dir='ltr'>ἔχειν</span> <span class='ocrx_word' id='word_1_371' title='bbox 1280 1187 1326 1214; x_wconf 74' lang='grc' dir='ltr'>καὶ</span> <span class='ocrx_word' id='word_1_372' title='bbox 1338 1186 1385 1223; x_wconf 79' lang='grc' dir='ltr'>τὴν</span> <span class='ocrx_word' id='word_1_373' title='bbox 1404 1188 1486 1224; x_wconf 80' lang='grc' dir='ltr'>ἄλλην</span> <span class='ocrx_word' id='word_1_374' title='bbox 1503 1189 1600 1224; x_wconf 82' lang='grc' dir='ltr'>ἰχθύων</span> <span class='ocrx_word' id='word_1_375' title='bbox 1615 1192 1780 1219; x_wconf 82' lang='grc' dir='ltr'>κατάστασιν</span> <span class='ocrx_word' id='word_1_376' title='bbox 1796 1202 1801 1207; x_wconf 89' lang='grc'><strong>·</strong></span> 
     </span>
    </p>
   </div>
   <div class='ocr_carea' id='block_1_50' title="bbox 1021 1230 1802 1273">
    <p class='ocr_par' dir='ltr' id='par_1_50' title="bbox 1021 1230 1802 1273">
     <span class='ocr_line' id='line_1_50' title="bbox 1021 1230 1802 1273; baseline 0.012 -17"><span class='ocrx_word' id='word_1_377' title='bbox 1021 1230 1125 1264; x_wconf 78' lang='grc' dir='ltr'>οὕτως,</span> <span class='ocrx_word' id='word_1_378' title='bbox 1145 1231 1290 1266; x_wconf 84' lang='grc' dir='ltr'>μέλλοντας</span> <span class='ocrx_word' id='word_1_379' title='bbox 1314 1232 1489 1269; x_wconf 82' lang='grc' dir='ltr'>κληρονομεῖν</span> <span class='ocrx_word' id='word_1_380' title='bbox 1515 1235 1651 1270; x_wconf 80' lang='grc' dir='ltr'>βασιλειαν</span> <span class='ocrx_word' id='word_1_381' title='bbox 1671 1238 1802 1273; x_wconf 81' lang='grc' dir='ltr'>οὐρανῶν.</span> 
     </span>
    </p>
   </div>
   <div class='ocr_carea' id='block_1_51' title="bbox 1021 1277 1801 1320">
    <p class='ocr_par' dir='ltr' id='par_1_51' title="bbox 1021 1277 1801 1320">
     <span class='ocr_line' id='line_1_51' title="bbox 1021 1277 1801 1320; baseline 0.013 -18"><span class='ocrx_word' id='word_1_382' title='bbox 1021 1277 1069 1303; x_wconf 76' lang='grc' dir='ltr'>καὶ</span> <span class='ocrx_word' id='word_1_383' title='bbox 1090 1278 1118 1303; x_wconf 80' lang='grc' dir='ltr'>ὲν</span> <span class='ocrx_word' id='word_1_384' title='bbox 1135 1277 1228 1309; x_wconf 79' lang='grc' dir='ltr'>τόποις</span> <span class='ocrx_word' id='word_1_385' title='bbox 1251 1277 1423 1314; x_wconf 80' lang='grc' dir='ltr'><strong>διαφέρουσιν</strong></span> <span class='ocrx_word' id='word_1_386' title='bbox 1440 1279 1559 1313; x_wconf 81' lang='grc' dir='ltr'>ἔσεσθαι,</span> <span class='ocrx_word' id='word_1_387' title='bbox 1579 1283 1724 1317; x_wconf 83' lang='grc' dir='ltr'>ἀναγκαῖον</span> <span class='ocrx_word' id='word_1_388' title='bbox 1739 1285 1801 1320; x_wconf 87' lang='grc' dir='ltr'>χρῆ-</span> 
     </span>
    </p>
   </div>
   <div class='ocr_carea' id='block_1_52' title="bbox 1023 1322 1801 1366">
    <p class='ocr_par' dir='ltr' id='par_1_52' title="bbox 1023 1322 1801 1366">
     <span class='ocr_line' id='line_1_52' title="bbox 1023 1322 1801 1366; baseline 0.013 -18"><span class='ocrx_word' id='word_1_389' title='bbox 1023 1322 1084 1349; x_wconf 87' lang='grc' dir='ltr'>σθαι</span> <span class='ocrx_word' id='word_1_390' title='bbox 1098 1322 1204 1358; x_wconf 81' lang='grc' dir='ltr'>σώμασι</span> <span class='ocrx_word' id='word_1_391' title='bbox 1221 1326 1428 1359; x_wconf 84' lang='grc' dir='ltr'>πνευματικοῖς.</span> <span class='ocrx_word' id='word_1_392' title='bbox 1444 1326 1503 1361; x_wconf 75' lang='grc' dir='ltr'>οὐχὶ</span> <span class='ocrx_word' id='word_1_393' title='bbox 1516 1327 1562 1354; x_wconf 81' lang='grc' dir='ltr'>τοῦ</span> <span class='ocrx_word' id='word_1_394' title='bbox 1574 1328 1660 1360; x_wconf 81' lang='grc' dir='ltr'>εῐδους</span> <span class='ocrx_word' id='word_1_395' title='bbox 1673 1329 1719 1356; x_wconf 82' lang='grc' dir='ltr'>τοῦ</span> <span class='ocrx_word' id='word_1_396' title='bbox 1735 1339 1801 1366; x_wconf 84' lang='grc' dir='ltr'>προ-</span> 
     </span>
    </p>
   </div>
   <div class='ocr_carea' id='block_1_53' title="bbox 1020 1368 1800 1412">
    <p class='ocr_par' dir='ltr' id='par_1_53' title="bbox 1020 1368 1800 1412">
     <span class='ocr_line' id='line_1_53' title="bbox 1020 1368 1800 1412; baseline 0.013 -18"><span class='ocrx_word' id='word_1_397' title='bbox 1020 1368 1100 1404; x_wconf 80' lang='grc' dir='ltr'>τέρου</span> <span class='ocrx_word' id='word_1_398' title='bbox 1116 1368 1324 1405; x_wconf 73' lang='grc' dir='ltr'>ἀφανιζομένην,</span> <span class='ocrx_word' id='word_1_399' title='bbox 1344 1371 1394 1398; x_wconf 82' lang='grc' dir='ltr'>κᾶν</span> <span class='ocrx_word' id='word_1_400' title='bbox 1408 1373 1454 1398; x_wconf 80' lang='grc' dir='ltr'>ἐπὶ</span> <span class='ocrx_word' id='word_1_401' title='bbox 1466 1373 1497 1399; x_wconf 80' lang='grc' dir='ltr'>τὸ</span> <span class='ocrx_word' id='word_1_402' title='bbox 1512 1374 1679 1411; x_wconf 73' lang='grc' dir='ltr'>ἐνδοξότερον</span> <span class='ocrx_word' id='word_1_403' title='bbox 1692 1376 1800 1412; x_wconf 84' lang='grc' dir='ltr'>γένηται</span> 
     </span>
    </p>
   </div>
   <div class='ocr_carea' id='block_1_54' title="bbox 1021 1414 1801 1454">
    <p class='ocr_par' dir='ltr' id='par_1_54' title="bbox 1021 1414 1801 1454">
     <span class='ocr_line' id='line_1_54' title="bbox 1021 1414 1801 1454; baseline 0.013 -14"><span class='ocrx_word' id='word_1_404' title='bbox 1021 1414 1103 1441; x_wconf 85' lang='grc' dir='ltr'><strong>αὑτοῦ</strong></span> <span class='ocrx_word' id='word_1_405' title='bbox 1121 1416 1138 1449; x_wconf 85' lang='grc' dir='ltr'>ὴ</span> <span class='ocrx_word' id='word_1_406' title='bbox 1163 1416 1250 1451; x_wconf 80' lang='grc' dir='ltr'>τροπή</span> <span class='ocrx_word' id='word_1_407' title='bbox 1264 1424 1271 1431; x_wconf 87' lang='grc'><strong>·</strong></span> <span class='ocrx_word' id='word_1_408' title='bbox 1291 1416 1384 1453; x_wconf 81' lang='grc' dir='ltr'>ὥσπερ</span> <span class='ocrx_word' id='word_1_409' title='bbox 1403 1415 1438 1454; x_wconf 80' lang='grc' dir='ltr'>ἦν</span> <span class='ocrx_word' id='word_1_410' title='bbox 1461 1418 1547 1454; x_wconf 82' lang='grc' dir='ltr'>Ἰησοῦ</span> <span class='ocrx_word' id='word_1_411' title='bbox 1556 1417 1623 1452; x_wconf 75' lang='grc' dir='ltr'>εἶδος</span> <span class='ocrx_word' id='word_1_412' title='bbox 1635 1441 1642 1453; x_wconf 89' lang='grc'>,</span> <span class='ocrx_word' id='word_1_413' title='bbox 1662 1421 1707 1448; x_wconf 79' lang='grc' dir='ltr'>καὶ</span> <span class='ocrx_word' id='word_1_414' title='bbox 1722 1423 1801 1450; x_wconf 89' lang='grc' dir='ltr'>Μωῡ-</span> 
     </span>
    </p>
   </div>
   <div class='ocr_carea' id='block_1_55' title="bbox 1022 1461 1801 1504">
    <p class='ocr_par' dir='ltr' id='par_1_55' title="bbox 1022 1461 1801 1504">
     <span class='ocr_line' id='line_1_55' title="bbox 1022 1461 1801 1504; baseline 0.014 -18"><span class='ocrx_word' id='word_1_415' title='bbox 1022 1461 1107 1492; x_wconf 83' lang='grc' dir='ltr'>σέως,</span> <span class='ocrx_word' id='word_1_416' title='bbox 1130 1461 1176 1487; x_wconf 75' lang='grc' dir='ltr'>καὶ</span> <span class='ocrx_word' id='word_1_417' title='bbox 1199 1461 1302 1496; x_wconf 80' lang='grc' dir='ltr'>Ἡλίου,</span> <span class='ocrx_word' id='word_1_418' title='bbox 1321 1463 1369 1499; x_wconf 82' lang='grc' dir='ltr'>οὐχ</span> <span class='ocrx_word' id='word_1_419' title='bbox 1388 1463 1478 1500; x_wconf 72' lang='grc' dir='ltr'>ἕτερον</span> <span class='ocrx_word' id='word_1_420' title='bbox 1495 1466 1524 1492; x_wconf 69' lang='grc' dir='ltr'>ἐν</span> <span class='ocrx_word' id='word_1_421' title='bbox 1543 1468 1576 1503; x_wconf 82' lang='grc' dir='ltr'>τῇ</span> <span class='ocrx_word' id='word_1_422' title='bbox 1593 1468 1801 1504; x_wconf 79' lang='grc' dir='ltr'>μεταμορφώσει</span> 
     </span>
    </p>
   </div>
   <div class='ocr_carea' id='block_1_56' title="bbox 189 1505 1174 1544">
    <p class='ocr_par' dir='ltr' id='par_1_56' title="bbox 189 1505 1174 1544">
     <span class='ocr_line' id='line_1_56' title="bbox 189 1505 1174 1544; baseline -0.002 -8"><span class='ocrx_word' id='word_1_423' title='bbox 189 1510 274 1538; x_wconf 85' lang='lat' dir='ltr'><strong>strius</strong></span> <span class='ocrx_word' id='word_1_424' title='bbox 293 1508 422 1544; x_wconf 87' lang='lat' dir='ltr'><strong>quiddam</strong></span> <span class='ocrx_word' id='word_1_425' title='bbox 433 1508 634 1543; x_wconf 72' lang='lat' dir='ltr'><strong>gloriosiusque</strong></span> <span class='ocrx_word' id='word_1_426' title='bbox 649 1512 778 1535; x_wconf 75' lang='lat' dir='ltr'><strong>mutetur.</strong></span> <span class='ocrx_word' id='word_1_427' title='bbox 790 1507 969 1540; x_wconf 84' lang='lat' dir='ltr'><strong>Quemadmo—</strong></span> <span class='ocrx_word' id='word_1_428' title='bbox 982 1509 1003 1538; x_wconf 66' lang='grc' dir='ltr'><strong>(ζ</strong></span> <span class='ocrx_word' id='word_1_429' title='bbox 1020 1506 1084 1542; x_wconf 81' lang='grc' dir='ltr'>παρ’</span> <span class='ocrx_word' id='word_1_430' title='bbox 1101 1507 1116 1533; x_wconf 80' lang='grc' dir='ltr'><strong>ὃ</strong></span> <span class='ocrx_word' id='word_1_431' title='bbox 1131 1505 1174 1539; x_wconf 84' lang='grc' dir='ltr'><strong>ἦν.</strong></span> 
     </span>
    </p>
   </div>
   <div class='ocr_carea' id='block_1_57' title="bbox 188 1553 972 1590">
    <p class='ocr_par' dir='ltr' id='par_1_57' title="bbox 188 1553 972 1590">
     <span class='ocr_line' id='line_1_57' title="bbox 188 1553 972 1590; baseline -0.003 -8"><span class='ocrx_word' id='word_1_432' title='bbox 188 1555 252 1583; x_wconf 87' lang='lat' dir='ltr'><strong>dum</strong></span> <span class='ocrx_word' id='word_1_433' title='bbox 267 1554 343 1586; x_wconf 84' lang='lat' dir='ltr'><strong>Jesu.</strong></span> <span class='ocrx_word' id='word_1_434' title='bbox 371 1561 403 1582; x_wconf 89' lang='lat' dir='ltr'><strong>ac</strong></span> <span class='ocrx_word' id='word_1_435' title='bbox 427 1553 538 1590; x_wconf 84' lang='lat' dir='ltr'><strong>Moysis,</strong></span> <span class='ocrx_word' id='word_1_436' title='bbox 554 1558 581 1582; x_wconf 90' lang='lat' dir='ltr'><strong>et</strong></span> <span class='ocrx_word' id='word_1_437' title='bbox 600 1554 664 1581; x_wconf 74' lang='lat' dir='ltr'><strong>Elia:</strong></span> <span class='ocrx_word' id='word_1_438' title='bbox 678 1554 782 1589; x_wconf 89' lang='lat' dir='ltr'><strong>species</strong></span> <span class='ocrx_word' id='word_1_439' title='bbox 799 1554 825 1581; x_wconf 92' lang='lat' dir='ltr'><strong>in</strong></span> <span class='ocrx_word' id='word_1_440' title='bbox 840 1553 972 1581; x_wconf 80' lang='lat' dir='ltr'><strong>transfor-</strong></span> 
     </span>
    </p>
   </div>
   <div class='ocr_carea' id='block_1_58' title="bbox 186 1599 950 1634">
    <p class='ocr_par' dir='ltr' id='par_1_58' title="bbox 186 1599 950 1634">
     <span class='ocr_line' id='line_1_58' title="bbox 186 1599 950 1634; baseline -0.001 -7"><span class='ocrx_word' id='word_1_441' title='bbox 186 1601 305 1628; x_wconf 82' lang='lat' dir='ltr'><strong>malione</strong></span> <span class='ocrx_word' id='word_1_442' title='bbox 322 1608 376 1626; x_wconf 92' lang='lat' dir='ltr'><strong>non</strong></span> <span class='ocrx_word' id='word_1_443' title='bbox 391 1599 454 1631; x_wconf 89' lang='lat' dir='ltr'><strong>alia,</strong></span> <span class='ocrx_word' id='word_1_444' title='bbox 466 1607 547 1634; x_wconf 90' lang='lat' dir='ltr'><strong>quam</strong></span> <span class='ocrx_word' id='word_1_445' title='bbox 558 1607 619 1634; x_wconf 67' lang='lat' dir='ltr'><strong>quae</strong></span> <span class='ocrx_word' id='word_1_446' title='bbox 632 1599 708 1626; x_wconf 90' lang='lat' dir='ltr'><strong>initio</strong></span> <span class='ocrx_word' id='word_1_447' title='bbox 725 1602 794 1630; x_wconf 88' lang='lat' dir='ltr'><strong>erat.</strong></span> <span class='ocrx_word' id='word_1_448' title='bbox 813 1599 950 1626; x_wconf 81' lang='lat' dir='ltr'><strong>exstitit‘.</strong></span> 
     </span>
    </p>
   </div>
   <div class='ocr_carea' id='block_1_59' title="bbox 223 1643 969 1679">
    <p class='ocr_par' dir='ltr' id='par_1_59' title="bbox 223 1643 969 1679">
     <span class='ocr_line' id='line_1_59' title="bbox 223 1643 969 1679; baseline -0.003 -7"><span class='ocrx_word' id='word_1_449' title='bbox 223 1644 279 1672; x_wconf 78' lang='lat' dir='ltr'><strong>XV.</strong></span> <span class='ocrx_word' id='word_1_450' title='bbox 295 1644 353 1671; x_wconf 86' lang='lat' dir='ltr'><strong>Non</strong></span> <span class='ocrx_word' id='word_1_451' title='bbox 369 1648 396 1671; x_wconf 91' lang='lat' dir='ltr'><strong>te</strong></span> <span class='ocrx_word' id='word_1_452' title='bbox 409 1644 491 1679; x_wconf 70' lang='lat' dir='ltr'><strong>igitur</strong></span> <span class='ocrx_word' id='word_1_453' title='bbox 507 1643 638 1675; x_wconf 74' lang='lat' dir='ltr'><strong>oﬂ‘endat,</strong></span> <span class='ocrx_word' id='word_1_454' title='bbox 658 1643 681 1671; x_wconf 89' lang='lat' dir='ltr'><strong>si</strong></span> <span class='ocrx_word' id='word_1_455' title='bbox 696 1644 757 1679; x_wconf 91' lang='lat' dir='ltr'><strong>quis</strong></span> <span class='ocrx_word' id='word_1_456' title='bbox 774 1643 888 1679; x_wconf 88' lang='lat' dir='ltr'><strong>primam</strong></span> <span class='ocrx_word' id='word_1_457' title='bbox 903 1643 969 1670; x_wconf 90' lang='lat' dir='ltr'><strong>sub-</strong></span> 
     </span>
    </p>
   </div>
   <div class='ocr_carea' id='block_1_60' title="bbox 183 1688 969 1725">
    <p class='ocr_par' dir='ltr' id='par_1_60' title="bbox 183 1688 969 1725">
     <span class='ocr_line' id='line_1_60' title="bbox 183 1688 969 1725; baseline -0.003 -8"><span class='ocrx_word' id='word_1_458' title='bbox 183 1690 285 1725; x_wconf 90' lang='lat' dir='ltr'><strong>jectam</strong></span> <span class='ocrx_word' id='word_1_459' title='bbox 295 1689 437 1716; x_wconf 86' lang='lat' dir='ltr'><strong>materiam</strong></span> <span class='ocrx_word' id='word_1_460' title='bbox 449 1696 503 1716; x_wconf 89' lang='lat' dir='ltr'><strong>non</strong></span> <span class='ocrx_word' id='word_1_461' title='bbox 514 1689 634 1716; x_wconf 90' lang='lat' dir='ltr'><strong>eamdem</strong></span> <span class='ocrx_word' id='word_1_462' title='bbox 648 1693 712 1716; x_wconf 90' lang='lat' dir='ltr'><strong>tunc</strong></span> <span class='ocrx_word' id='word_1_463' title='bbox 724 1688 841 1716; x_wconf 82' lang='lat' dir='ltr'><strong>futuram</strong></span> <span class='ocrx_word' id='word_1_464' title='bbox 858 1689 969 1722; x_wconf 79' lang='lat' dir='ltr'><strong>dixerit,</strong></span> 
     </span>
    </p>
   </div>
   <div class='ocr_carea' id='block_1_61' title="bbox 186 1733 970 1770">
    <p class='ocr_par' dir='ltr' id='par_1_61' title="bbox 186 1733 970 1770">
     <span class='ocr_line' id='line_1_61' title="bbox 186 1733 970 1770; baseline -0.001 -7"><span class='ocrx_word' id='word_1_465' title='bbox 186 1743 248 1763; x_wconf 91' lang='lat' dir='ltr'><strong>cum</strong></span> <span class='ocrx_word' id='word_1_466' title='bbox 262 1742 296 1762; x_wconf 84' lang='lat' dir='ltr'><strong>ne</strong></span> <span class='ocrx_word' id='word_1_467' title='bbox 312 1735 394 1762; x_wconf 92' lang='lat' dir='ltr'><strong>biduo</strong></span> <span class='ocrx_word' id='word_1_468' title='bbox 410 1734 520 1770; x_wconf 88' lang='lat' dir='ltr'><strong>quidem</strong></span> <span class='ocrx_word' id='word_1_469' title='bbox 536 1733 617 1761; x_wconf 91' lang='lat' dir='ltr'><strong>modo</strong></span> <span class='ocrx_word' id='word_1_470' title='bbox 632 1735 754 1762; x_wconf 87' lang='lat' dir='ltr'><strong>eamdem</strong></span> <span class='ocrx_word' id='word_1_471' title='bbox 774 1735 847 1761; x_wconf 89' lang='lat' dir='ltr'><strong>illam</strong></span> <span class='ocrx_word' id='word_1_472' title='bbox 862 1743 970 1770; x_wconf 91' lang='lat' dir='ltr'><strong>perma-</strong></span> 
     </span>
    </p>
   </div>
   <div class='ocr_carea' id='block_1_62' title="bbox 186 1780 969 1817">
    <p class='ocr_par' dir='ltr' id='par_1_62' title="bbox 186 1780 969 1817">
     <span class='ocr_line' id='line_1_62' title="bbox 186 1780 969 1817; baseline 0 -8"><span class='ocrx_word' id='word_1_473' title='bbox 186 1789 250 1810; x_wconf 87' lang='lat' dir='ltr'><strong>nere</strong></span> <span class='ocrx_word' id='word_1_474' title='bbox 265 1788 346 1817; x_wconf 82' lang='lat' dir='ltr'><strong>posse</strong></span> <span class='ocrx_word' id='word_1_475' title='bbox 360 1781 430 1808; x_wconf 83' lang='lat' dir='ltr'><strong>ratio</strong></span> <span class='ocrx_word' id='word_1_476' title='bbox 442 1781 504 1816; x_wconf 87' lang='lat' dir='ltr'><strong>ipsa</strong></span> <span class='ocrx_word' id='word_1_477' title='bbox 518 1780 649 1812; x_wconf 80' lang='lat' dir='ltr'><strong>declaret,</strong></span> <span class='ocrx_word' id='word_1_478' title='bbox 663 1781 685 1808; x_wconf 86' lang='lat' dir='ltr'><strong>si</strong></span> <span class='ocrx_word' id='word_1_479' title='bbox 698 1781 760 1815; x_wconf 86' lang='lat' dir='ltr'><strong>quis</strong></span> <span class='ocrx_word' id='word_1_480' title='bbox 775 1787 892 1809; x_wconf 89' lang='lat' dir='ltr'><strong>mentem</strong></span> <span class='ocrx_word' id='word_1_481' title='bbox 905 1781 969 1809; x_wconf 88' lang='lat' dir='ltr'><strong>velit</strong></span> 
     </span>
    </p>
   </div>
   <div class='ocr_carea' id='block_1_63' title="bbox 187 1826 968 1861">
    <p class='ocr_par' dir='ltr' id='par_1_63' title="bbox 187 1826 968 1861">
     <span class='ocr_line' id='line_1_63' title="bbox 187 1826 968 1861; baseline 0.003 -8"><span class='ocrx_word' id='word_1_482' title='bbox 187 1827 219 1854; x_wconf 89' lang='lat' dir='ltr'><strong>ad</strong></span> <span class='ocrx_word' id='word_1_483' title='bbox 225 1832 340 1854; x_wconf 82' lang='lat' dir='ltr'><strong>vertere.</strong></span> <span class='ocrx_word' id='word_1_484' title='bbox 356 1826 596 1854; x_wconf 80' lang='lat' dir='ltr'><strong>Animadversione</strong></span> <span class='ocrx_word' id='word_1_485' title='bbox 604 1830 732 1861; x_wconf 60' lang='lat' dir='ltr'><strong>praeterea</strong></span> <span class='ocrx_word' id='word_1_486' title='bbox 741 1826 851 1861; x_wconf 85' lang='lat' dir='ltr'><strong>dignum</strong></span> <span class='ocrx_word' id='word_1_487' title='bbox 861 1831 887 1854; x_wconf 91' lang='lat' dir='ltr'><strong>et</strong></span> <span class='ocrx_word' id='word_1_488' title='bbox 901 1826 968 1855; x_wconf 89' lang='lat' dir='ltr'><strong>illud</strong></span> 
     </span>
    </p>
   </div>
   <div class='ocr_carea' id='block_1_64' title="bbox 185 1872 967 1907">
    <p class='ocr_par' dir='ltr' id='par_1_64' title="bbox 185 1872 967 1907">
     <span class='ocr_line' id='line_1_64' title="bbox 185 1872 967 1907; baseline 0.001 -8"><span class='ocrx_word' id='word_1_489' title='bbox 185 1876 241 1899; x_wconf 91' lang='lat' dir='ltr'><strong>est:</strong></span> <span class='ocrx_word' id='word_1_490' title='bbox 254 1872 391 1900; x_wconf 88' lang='lat' dir='ltr'><strong>diversum</strong></span> <span class='ocrx_word' id='word_1_491' title='bbox 412 1872 541 1900; x_wconf 87' lang='lat' dir='ltr'><strong>seminari</strong></span> <span class='ocrx_word' id='word_1_492' title='bbox 553 1879 662 1906; x_wconf 88' lang='lat' dir='ltr'><strong>corpus,</strong></span> <span class='ocrx_word' id='word_1_493' title='bbox 673 1872 865 1907; x_wconf 88' lang='lat' dir='ltr'><strong>diversumque</strong></span> <span class='ocrx_word' id='word_1_494' title='bbox 873 1879 967 1900; x_wconf 90' lang='lat' dir='ltr'><strong>resur-</strong></span> 
     </span>
    </p>
   </div>
   <div class='ocr_carea' id='block_1_65' title="bbox 184 1917 967 1953">
    <p class='ocr_par' dir='ltr' id='par_1_65' title="bbox 184 1917 967 1953">
     <span class='ocr_line' id='line_1_65' title="bbox 184 1917 967 1953; baseline 0.003 -9"><span class='ocrx_word' id='word_1_495' title='bbox 184 1925 257 1953; x_wconf 81' lang='lat' dir='ltr'><strong>gere.</strong></span> <span class='ocrx_word' id='word_1_496' title='bbox 266 1917 419 1946; x_wconf 75' lang='lat' dir='ltr'><strong>Seminatur</strong></span> <span class='ocrx_word' id='word_1_497' title='bbox 428 1918 498 1945; x_wconf 78' lang='lat' dir='ltr'><strong>enim</strong></span> <span class='ocrx_word' id='word_1_498' title='bbox 511 1926 605 1951; x_wconf 68' lang='lat' dir='ltr'><strong>corpus</strong></span> <span class='ocrx_word' id='word_1_499' title='bbox 615 1917 740 1950; x_wconf 81' lang='lat' dir='ltr'><strong>animale,</strong></span> <span class='ocrx_word' id='word_1_500' title='bbox 747 1923 862 1953; x_wconf 83' lang='lat' dir='ltr'><strong>resurget</strong></span> <span class='ocrx_word' id='word_1_501' title='bbox 874 1926 967 1952; x_wconf 75' lang='lat' dir='ltr'><strong>corpus</strong></span> 
     </span>
    </p>
   </div>
   <div class='ocr_carea' id='block_1_66' title="bbox 183 1962 967 1998">
    <p class='ocr_par' dir='ltr' id='par_1_66' title="bbox 183 1962 967 1998">
     <span class='ocr_line' id='line_1_66' title="bbox 183 1962 967 1998; baseline 0.003 -9"><span class='ocrx_word' id='word_1_502' title='bbox 183 1963 304 1998; x_wconf 74' lang='lat' dir='ltr'><strong>spiritale</strong></span> <span class='ocrx_word' id='word_1_503' title='bbox 325 1963 345 1990; x_wconf 80' lang='lat'><em>’.</em></span> <span class='ocrx_word' id='word_1_504' title='bbox 367 1962 414 1991; x_wconf 89' lang='lat' dir='ltr'><strong>His</strong></span> <span class='ocrx_word' id='word_1_505' title='bbox 425 1963 550 1990; x_wconf 86' lang='lat' dir='ltr'><strong>omnibus</strong></span> <span class='ocrx_word' id='word_1_506' title='bbox 561 1962 695 1997; x_wconf 84' lang='lat' dir='ltr'><strong>ejusmodi</strong></span> <span class='ocrx_word' id='word_1_507' title='bbox 710 1962 745 1989; x_wconf 89' lang='lat' dir='ltr'><strong>ab</strong></span> <span class='ocrx_word' id='word_1_508' title='bbox 758 1962 888 1998; x_wconf 83' lang='lat' dir='ltr'><strong>Apostolo</strong></span> <span class='ocrx_word' id='word_1_509' title='bbox 902 1964 967 1991; x_wconf 89' lang='lat' dir='ltr'><strong>sub-</strong></span> 
     </span>
    </p>
   </div>
   <div class='ocr_carea' id='block_1_67' title="bbox 182 2007 966 2043">
    <p class='ocr_par' dir='ltr' id='par_1_67' title="bbox 182 2007 966 2043">
     <span class='ocr_line' id='line_1_67' title="bbox 182 2007 966 2043; baseline 0.003 -9"><span class='ocrx_word' id='word_1_510' title='bbox 182 2007 326 2043; x_wconf 85' lang='lat' dir='ltr'><strong>jiciuntur,</strong></span> <span class='ocrx_word' id='word_1_511' title='bbox 342 2008 442 2043; x_wconf 88' lang='lat' dir='ltr'><strong>quibus</strong></span> <span class='ocrx_word' id='word_1_512' title='bbox 461 2015 511 2035; x_wconf 90' lang='lat' dir='ltr'><strong>nos</strong></span> <span class='ocrx_word' id='word_1_513' title='bbox 527 2011 663 2035; x_wconf 87' lang='lat' dir='ltr'><strong>terrenam</strong></span> <span class='ocrx_word' id='word_1_514' title='bbox 681 2007 836 2042; x_wconf 83' lang='lat' dir='ltr'><strong>qualitatem</strong></span> <span class='ocrx_word' id='word_1_515' title='bbox 851 2009 891 2036; x_wconf 93' lang='lat' dir='ltr'><strong>sic</strong></span> <span class='ocrx_word' id='word_1_516' title='bbox 906 2016 966 2036; x_wconf 87' lang='lat' dir='ltr'><strong>esse</strong></span> 
     </span>
    </p>
   </div>
   <div class='ocr_carea' id='block_1_68' title="bbox 185 2052 965 2088">
    <p class='ocr_par' dir='ltr' id='par_1_68' title="bbox 185 2052 965 2088">
     <span class='ocr_line' id='line_1_68' title="bbox 185 2052 965 2088; baseline 0.001 -7"><span class='ocrx_word' id='word_1_517' title='bbox 185 2055 320 2088; x_wconf 80' lang='lat' dir='ltr'><strong>positurOs</strong></span> <span class='ocrx_word' id='word_1_518' title='bbox 344 2052 434 2086; x_wconf 89' lang='lat' dir='ltr'><strong>docet,</strong></span> <span class='ocrx_word' id='word_1_519' title='bbox 454 2057 484 2080; x_wconf 94' lang='lat' dir='ltr'><strong>ut</strong></span> <span class='ocrx_word' id='word_1_520' title='bbox 504 2053 563 2088; x_wconf 88' lang='lat' dir='ltr'><strong>ipsa</strong></span> <span class='ocrx_word' id='word_1_521' title='bbox 587 2052 616 2080; x_wconf 90' lang='lat' dir='ltr'><strong>in</strong></span> <span class='ocrx_word' id='word_1_522' title='bbox 642 2053 842 2081; x_wconf 87' lang='lat' dir='ltr'><strong>resurrectione</strong></span> <span class='ocrx_word' id='word_1_523' title='bbox 859 2055 965 2088; x_wconf 87' lang='lat' dir='ltr'><strong>species</strong></span> 
     </span>
    </p>
   </div>
   <div class='ocr_carea' id='block_1_69' title="bbox 184 2098 962 2135">
    <p class='ocr_par' dir='ltr' id='par_1_69' title="bbox 184 2098 962 2135">
     <span class='ocr_line' id='line_1_69' title="bbox 184 2098 962 2135; baseline 0.001 -8"><span class='ocrx_word' id='word_1_524' title='bbox 184 2101 258 2127; x_wconf 86' lang='lat' dir='ltr'><strong>salva</strong></span> <span class='ocrx_word' id='word_1_525' title='bbox 268 2099 425 2134; x_wconf 76' lang='lat' dir='ltr'><strong>integraque</strong></span> <span class='ocrx_word' id='word_1_526' title='bbox 436 2102 605 2135; x_wconf 89' lang='lat' dir='ltr'><strong>permaneat:</strong></span> <span class='ocrx_word' id='word_1_527' title='bbox 615 2098 672 2126; x_wconf 82' lang='lat' dir='ltr'><strong>Hoc</strong></span> <span class='ocrx_word' id='word_1_528' title='bbox 681 2104 768 2126; x_wconf 86' lang='lat' dir='ltr'><strong>autem</strong></span> <span class='ocrx_word' id='word_1_529' title='bbox 777 2101 846 2132; x_wconf 81' lang='lat' dir='ltr'><strong>dico,</strong></span> <span class='ocrx_word' id='word_1_530' title='bbox 855 2101 962 2135; x_wconf 76' lang='lat' dir='ltr'><strong>fratres,</strong></span> 
     </span>
    </p>
   </div>
   <div class='ocr_carea' id='block_1_70' title="bbox 182 2144 962 2180">
    <p class='ocr_par' dir='ltr' id='par_1_70' title="bbox 182 2144 962 2180">
     <span class='ocr_line' id='line_1_70' title="bbox 182 2144 962 2180; baseline 0.005 -10"><span class='ocrx_word' id='word_1_531' title='bbox 182 2146 306 2179; x_wconf 84' lang='lat' dir='ltr'><strong>quoniam</strong></span> <span class='ocrx_word' id='word_1_532' title='bbox 327 2153 389 2172; x_wconf 79' lang='lat' dir='ltr'><strong>caro</strong></span> <span class='ocrx_word' id='word_1_533' title='bbox 407 2149 433 2172; x_wconf 80' lang='lat' dir='ltr'><strong>et</strong></span> <span class='ocrx_word' id='word_1_534' title='bbox 453 2144 559 2180; x_wconf 69' lang='lat' dir='ltr'><strong>sanguis</strong></span> <span class='ocrx_word' id='word_1_535' title='bbox 583 2151 691 2179; x_wconf 81' lang='lat' dir='ltr'><strong>regnum</strong></span> <span class='ocrx_word' id='word_1_536' title='bbox 707 2144 756 2172; x_wconf 80' lang='lat' dir='ltr'><strong>Dei</strong></span> <span class='ocrx_word' id='word_1_537' title='bbox 773 2146 906 2180; x_wconf 75' lang='lat' dir='ltr'><strong>possidere</strong></span> <span class='ocrx_word' id='word_1_538' title='bbox 917 2155 962 2174; x_wconf 88' lang='lat' dir='ltr'><strong>ne-</strong></span> 
     </span>
    </p>
   </div>
   <div class='ocr_carea' id='block_1_71' title="bbox 182 2190 962 2226">
    <p class='ocr_par' dir='ltr' id='par_1_71' title="bbox 182 2190 962 2226">
     <span class='ocr_line' id='line_1_71' title="bbox 182 2190 962 2226; baseline 0.004 -9"><span class='ocrx_word' id='word_1_539' title='bbox 182 2196 289 2226; x_wconf 85' lang='lat' dir='ltr'><strong>queunt,</strong></span> <span class='ocrx_word' id='word_1_540' title='bbox 304 2199 384 2226; x_wconf 80' lang='lat' dir='ltr'><strong>neque</strong></span> <span class='ocrx_word' id='word_1_541' title='bbox 395 2191 527 2225; x_wconf 81' lang='lat' dir='ltr'><strong>corruptio</strong></span> <span class='ocrx_word' id='word_1_542' title='bbox 542 2190 765 2226; x_wconf 73' lang='lat' dir='ltr'><strong>incarruptionem</strong></span> <span class='ocrx_word' id='word_1_543' title='bbox 781 2192 804 2219; x_wconf 89' lang='grc'><em>³.</em></span> <span class='ocrx_word' id='word_1_544' title='bbox 816 2192 873 2219; x_wconf 76' lang='lat' dir='ltr'><strong>Etsi</strong></span> <span class='ocrx_word' id='word_1_545' title='bbox 890 2194 962 2221; x_wconf 87' lang='lat' dir='ltr'><strong>enim</strong></span> 
     </span>
    </p>
   </div>
   <div class='ocr_carea' id='block_1_72' title="bbox 182 2236 963 2273">
    <p class='ocr_par' dir='ltr' id='par_1_72' title="bbox 182 2236 963 2273">
     <span class='ocr_line' id='line_1_72' title="bbox 182 2236 963 2273; baseline 0.004 -10"><span class='ocrx_word' id='word_1_546' title='bbox 182 2237 298 2265; x_wconf 75' lang='lat' dir='ltr'><strong>fortasse</strong></span> <span class='ocrx_word' id='word_1_547' title='bbox 322 2237 449 2264; x_wconf 81' lang='lat' dir='ltr'><strong>eximium</strong></span> <span class='ocrx_word' id='word_1_548' title='bbox 465 2236 593 2271; x_wconf 87' lang='lat' dir='ltr'><strong>quiddam</strong></span> <span class='ocrx_word' id='word_1_549' title='bbox 609 2241 766 2265; x_wconf 89' lang='lat' dir='ltr'><strong>sanctorum</strong></span> <span class='ocrx_word' id='word_1_550' title='bbox 788 2239 892 2273; x_wconf 86' lang='lat' dir='ltr'><strong>corpori</strong></span> <span class='ocrx_word' id='word_1_551' title='bbox 913 2239 963 2266; x_wconf 86' lang='lat' dir='ltr'><strong>tri-</strong></span> 
     </span>
    </p>
   </div>
   <div class='ocr_carea' id='block_1_73' title="bbox 182 2281 961 2318">
    <p class='ocr_par' dir='ltr' id='par_1_73' title="bbox 182 2281 961 2318">
     <span class='ocr_line' id='line_1_73' title="bbox 182 2281 961 2318; baseline 0.003 -9"><span class='ocrx_word' id='word_1_552' title='bbox 182 2283 318 2309; x_wconf 87' lang='lat' dir='ltr'><strong>buendum</strong></span> <span class='ocrx_word' id='word_1_553' title='bbox 337 2282 400 2313; x_wconf 85' lang='lat' dir='ltr'><strong>crit,</strong></span> <span class='ocrx_word' id='word_1_554' title='bbox 416 2285 446 2309; x_wconf 90' lang='lat' dir='ltr'><strong>ut</strong></span> <span class='ocrx_word' id='word_1_555' title='bbox 461 2282 488 2309; x_wconf 91' lang='lat' dir='ltr'><strong>id</strong></span> <span class='ocrx_word' id='word_1_556' title='bbox 504 2281 595 2310; x_wconf 82' lang='lat' dir='ltr'><strong>carnis</strong></span> <span class='ocrx_word' id='word_1_557' title='bbox 611 2282 670 2316; x_wconf 87' lang='lat' dir='ltr'><strong>ipsa</strong></span> <span class='ocrx_word' id='word_1_558' title='bbox 684 2283 835 2318; x_wconf 87' lang='lat' dir='ltr'><strong>proprietas</strong></span> <span class='ocrx_word' id='word_1_559' title='bbox 849 2291 961 2311; x_wconf 88' lang='lat' dir='ltr'><strong>conser-</strong></span> 
     </span>
    </p>
   </div>
   <div class='ocr_carea' id='block_1_74' title="bbox 182 2328 961 2364">
    <p class='ocr_par' dir='ltr' id='par_1_74' title="bbox 182 2328 961 2364">
     <span class='ocr_line' id='line_1_74' title="bbox 182 2328 961 2364; baseline 0.005 -10"><span class='ocrx_word' id='word_1_560' title='bbox 182 2333 235 2359; x_wconf 75' lang='lat' dir='ltr'><strong>vet,</strong></span> <span class='ocrx_word' id='word_1_561' title='bbox 248 2336 312 2355; x_wconf 89' lang='lat' dir='ltr'><strong>caro</strong></span> <span class='ocrx_word' id='word_1_562' title='bbox 323 2333 413 2356; x_wconf 85' lang='lat' dir='ltr'><strong>tamen</strong></span> <span class='ocrx_word' id='word_1_563' title='bbox 425 2328 542 2363; x_wconf 88' lang='lat' dir='ltr'><strong>amplius</strong></span> <span class='ocrx_word' id='word_1_564' title='bbox 552 2335 606 2355; x_wconf 90' lang='lat' dir='ltr'><strong>non</strong></span> <span class='ocrx_word' id='word_1_565' title='bbox 619 2329 679 2359; x_wconf 89' lang='lat' dir='ltr'><strong>erit.</strong></span> <span class='ocrx_word' id='word_1_566' title='bbox 693 2329 740 2357; x_wconf 85' lang='lat' dir='ltr'><strong>sed</strong></span> <span class='ocrx_word' id='word_1_567' title='bbox 754 2329 826 2364; x_wconf 89' lang='lat' dir='ltr'><strong>quod</strong></span> <span class='ocrx_word' id='word_1_568' title='bbox 838 2329 866 2357; x_wconf 94' lang='lat' dir='ltr'><strong>in</strong></span> <span class='ocrx_word' id='word_1_569' title='bbox 878 2337 961 2358; x_wconf 88' lang='lat' dir='ltr'><strong>carne</strong></span> 
     </span>
    </p>
   </div>
   <div class='ocr_carea' id='block_1_75' title="bbox 181 2374 962 2409">
    <p class='ocr_par' dir='ltr' id='par_1_75' title="bbox 181 2374 962 2409">
     <span class='ocr_line' id='line_1_75' title="bbox 181 2374 962 2409; baseline 0.004 -8"><span class='ocrx_word' id='word_1_570' title='bbox 181 2374 254 2401; x_wconf 86' lang='lat' dir='ltr'><strong>velut</strong></span> <span class='ocrx_word' id='word_1_571' title='bbox 275 2374 382 2409; x_wconf 88' lang='lat' dir='ltr'><strong>propria</strong></span> <span class='ocrx_word' id='word_1_572' title='bbox 406 2375 521 2409; x_wconf 86' lang='lat' dir='ltr'><strong>quadam</strong></span> <span class='ocrx_word' id='word_1_573' title='bbox 543 2379 606 2401; x_wconf 87' lang='lat' dir='ltr'><strong>nota</strong></span> <span class='ocrx_word' id='word_1_574' title='bbox 625 2379 683 2401; x_wconf 83' lang='lat' dir='ltr'><strong>erat</strong></span> <span class='ocrx_word' id='word_1_575' title='bbox 704 2375 885 2409; x_wconf 85' lang='lat' dir='ltr'><strong>impressum.</strong></span> <span class='ocrx_word' id='word_1_576' title='bbox 911 2376 962 2404; x_wconf 90' lang='lat' dir='ltr'><strong>hoc</strong></span> 
     </span>
    </p>
   </div>
   <div class='ocr_carea' id='block_1_76' title="bbox 180 2419 863 2456">
    <p class='ocr_par' dir='ltr' id='par_1_76' title="bbox 180 2419 863 2456">
     <span class='ocr_line' id='line_1_76' title="bbox 180 2419 863 2456; baseline 0.003 -10"><span class='ocrx_word' id='word_1_577' title='bbox 180 2419 252 2447; x_wconf 89' lang='lat' dir='ltr'><strong>idem</strong></span> <span class='ocrx_word' id='word_1_578' title='bbox 267 2419 295 2446; x_wconf 92' lang='lat' dir='ltr'><strong>in</strong></span> <span class='ocrx_word' id='word_1_579' title='bbox 311 2420 425 2455; x_wconf 88' lang='lat' dir='ltr'><strong>spiritali</strong></span> <span class='ocrx_word' id='word_1_580' title='bbox 440 2427 555 2455; x_wconf 86' lang='lat' dir='ltr'><strong>corpore</strong></span> <span class='ocrx_word' id='word_1_581' title='bbox 570 2421 785 2456; x_wconf 74' lang='lat' dir='ltr'><strong>consignandum</strong></span> <span class='ocrx_word' id='word_1_582' title='bbox 801 2421 863 2449; x_wconf 90' lang='lat' dir='ltr'><strong>erit.</strong></span> 
     </span>
    </p>
   </div>
   <div class='ocr_carea' id='block_1_77' title="bbox 215 2465 961 2502">
    <p class='ocr_par' dir='ltr' id='par_1_77' title="bbox 215 2465 961 2502">
     <span class='ocr_line' id='line_1_77' title="bbox 215 2465 961 2502; baseline 0.003 -10"><span class='ocrx_word' id='word_1_583' title='bbox 215 2465 292 2499; x_wconf 82' lang='lat' dir='ltr'><strong>Quod</strong></span> <span class='ocrx_word' id='word_1_584' title='bbox 314 2473 378 2493; x_wconf 87' lang='lat' dir='ltr'><strong>vero</strong></span> <span class='ocrx_word' id='word_1_585' title='bbox 392 2466 425 2492; x_wconf 86' lang='lat' dir='ltr'><strong>ad</strong></span> <span class='ocrx_word' id='word_1_586' title='bbox 440 2473 487 2493; x_wconf 85' lang='lat' dir='ltr'><strong>eos</strong></span> <span class='ocrx_word' id='word_1_587' title='bbox 507 2465 657 2501; x_wconf 61' lang='lat' dir='ltr'><strong>Scriptura!</strong></span> <span class='ocrx_word' id='word_1_588' title='bbox 670 2467 745 2494; x_wconf 90' lang='lat' dir='ltr'><strong>locos</strong></span> <span class='ocrx_word' id='word_1_589' title='bbox 757 2467 864 2500; x_wconf 87' lang='lat' dir='ltr'><strong>attinet,</strong></span> <span class='ocrx_word' id='word_1_590' title='bbox 882 2468 927 2502; x_wconf 90' lang='lat' dir='ltr'><strong>qui</strong></span> <span class='ocrx_word' id='word_1_591' title='bbox 945 2475 961 2494; x_wconf 88' lang='lat' dir='ltr'><strong>a</strong></span> 
     </span>
    </p>
   </div>
   <div class='ocr_carea' id='block_1_78' title="bbox 180 2509 961 2545">
    <p class='ocr_par' dir='ltr' id='par_1_78' title="bbox 180 2509 961 2545">
     <span class='ocr_line' id='line_1_78' title="bbox 180 2509 961 2545; baseline 0.005 -8"><span class='ocrx_word' id='word_1_592' title='bbox 180 2509 311 2538; x_wconf 77' lang='lat' dir='ltr'><strong>fratribus</strong></span> <span class='ocrx_word' id='word_1_593' title='bbox 328 2511 428 2538; x_wconf 86' lang='lat' dir='ltr'><strong>nostris</strong></span> <span class='ocrx_word' id='word_1_594' title='bbox 444 2511 621 2545; x_wconf 87' lang='lat' dir='ltr'><strong>objiciuntur,</strong></span> <span class='ocrx_word' id='word_1_595' title='bbox 636 2511 672 2538; x_wconf 86' lang='lat' dir='ltr'><strong>ita</strong></span> <span class='ocrx_word' id='word_1_596' title='bbox 686 2512 803 2539; x_wconf 76' lang='lat' dir='ltr'><strong>breviter</strong></span> <span class='ocrx_word' id='word_1_597' title='bbox 816 2520 961 2542; x_wconf 90' lang='lat' dir='ltr'><strong>occurrere</strong></span> 
     </span>
    </p>
   </div>
   <div class='ocr_carea' id='block_1_79' title="bbox 179 2556 960 2593">
    <p class='ocr_par' dir='ltr' id='par_1_79' title="bbox 179 2556 960 2593">
     <span class='ocr_line' id='line_1_79' title="bbox 179 2556 960 2593; baseline 0.005 -11"><span class='ocrx_word' id='word_1_598' title='bbox 179 2563 335 2591; x_wconf 84' lang='lat' dir='ltr'><strong>possumus.</strong></span> <span class='ocrx_word' id='word_1_599' title='bbox 343 2559 424 2590; x_wconf 83' lang='lat' dir='ltr'><strong>atque</strong></span> <span class='ocrx_word' id='word_1_600' title='bbox 434 2556 568 2591; x_wconf 87' lang='lat' dir='ltr'><strong>imprimis</strong></span> <span class='ocrx_word' id='word_1_601' title='bbox 578 2556 614 2589; x_wconf 86' lang='lat' dir='ltr'><strong>ei,</strong></span> <span class='ocrx_word' id='word_1_602' title='bbox 624 2564 704 2592; x_wconf 91' lang='lat' dir='ltr'><strong>quem</strong></span> <span class='ocrx_word' id='word_1_603' title='bbox 713 2564 744 2584; x_wconf 79' lang='lat' dir='ltr'><strong>ex</strong></span> <span class='ocrx_word' id='word_1_604' title='bbox 753 2557 892 2585; x_wconf 83' lang='lat' dir='ltr'><strong>Ezechiele</strong></span> <span class='ocrx_word' id='word_1_605' title='bbox 901 2566 960 2593; x_wconf 88' lang='lat' dir='ltr'><strong>pro-</strong></span> 
     </span>
    </p>
   </div>
   <div class='ocr_carea' id='block_1_80' title="bbox 179 2599 959 2638">
    <p class='ocr_par' dir='ltr' id='par_1_80' title="bbox 179 2599 959 2638">
     <span class='ocr_line' id='line_1_80' title="bbox 179 2599 959 2638; baseline 0.005 -11"><span class='ocrx_word' id='word_1_606' title='bbox 179 2600 280 2629; x_wconf 80' lang='lat' dir='ltr'><strong>ferunt.</strong></span> <span class='ocrx_word' id='word_1_607' title='bbox 310 2599 414 2628; x_wconf 88' lang='lat' dir='ltr'><strong>Etenim</strong></span> <span class='ocrx_word' id='word_1_608' title='bbox 437 2601 460 2628; x_wconf 91' lang='lat' dir='ltr'><strong>si</strong></span> <span class='ocrx_word' id='word_1_609' title='bbox 485 2601 625 2628; x_wconf 89' lang='lat' dir='ltr'><strong>rudiorum</strong></span> <span class='ocrx_word' id='word_1_610' title='bbox 645 2606 763 2629; x_wconf 90' lang='lat' dir='ltr'><strong>mentem</strong></span> <span class='ocrx_word' id='word_1_611' title='bbox 793 2610 825 2630; x_wconf 87' lang='lat' dir='ltr'><strong>ac</strong></span> <span class='ocrx_word' id='word_1_612' title='bbox 847 2611 959 2638; x_wconf 88' lang='lat' dir='ltr'><strong>scopum</strong></span> 
     </span>
    </p>
   </div>
   <div class='ocr_carea' id='block_1_81' title="bbox 177 2645 960 2680">
    <p class='ocr_par' dir='ltr' id='par_1_81' title="bbox 177 2645 960 2680">
     <span class='ocr_line' id='line_1_81' title="bbox 177 2645 960 2680; baseline 0.004 -9"><span class='ocrx_word' id='word_1_613' title='bbox 177 2645 292 2673; x_wconf 80' lang='lat' dir='ltr'><strong>velimus</strong></span> <span class='ocrx_word' id='word_1_614' title='bbox 316 2645 464 2678; x_wconf 88' lang='lat' dir='ltr'><strong>attendere,</strong></span> <span class='ocrx_word' id='word_1_615' title='bbox 489 2652 568 2680; x_wconf 86' lang='lat' dir='ltr'><strong>quem</strong></span> <span class='ocrx_word' id='word_1_616' title='bbox 591 2645 619 2672; x_wconf 85' lang='lat' dir='ltr'><strong>iu</strong></span> <span class='ocrx_word' id='word_1_617' title='bbox 639 2645 776 2680; x_wconf 63' lang='lat' dir='ltr'><strong>prophetae</strong></span> <span class='ocrx_word' id='word_1_618' title='bbox 797 2647 888 2674; x_wconf 85' lang='lat' dir='ltr'><strong>verbis</strong></span> <span class='ocrx_word' id='word_1_619' title='bbox 908 2648 960 2675; x_wconf 89' lang='lat' dir='ltr'><strong>sibi</strong></span> 
     </span>
    </p>
   </div>
   <div class='ocr_carea' id='block_1_82' title="bbox 177 2691 960 2727">
    <p class='ocr_par' dir='ltr' id='par_1_82' title="bbox 177 2691 960 2727">
     <span class='ocr_line' id='line_1_82' title="bbox 177 2691 960 2727; baseline 0.003 -10"><span class='ocrx_word' id='word_1_620' title='bbox 177 2695 393 2726; x_wconf 83' lang='lat' dir='ltr'><strong>proposuerunt,</strong></span> <span class='ocrx_word' id='word_1_621' title='bbox 417 2698 588 2725; x_wconf 88' lang='lat' dir='ltr'><strong>consequens</strong></span> <span class='ocrx_word' id='word_1_622' title='bbox 607 2695 664 2723; x_wconf 89' lang='lat' dir='ltr'><strong>est,</strong></span> <span class='ocrx_word' id='word_1_623' title='bbox 691 2699 724 2718; x_wconf 90' lang='lat' dir='ltr'><strong>ne</strong></span> <span class='ocrx_word' id='word_1_624' title='bbox 747 2691 828 2718; x_wconf 87' lang='lat' dir='ltr'><strong>ullam</strong></span> <span class='ocrx_word' id='word_1_625' title='bbox 850 2693 960 2727; x_wconf 87' lang='lat' dir='ltr'><strong>quidem</strong></span> 
     </span>
    </p>
   </div>
   <div class='ocr_carea' id='block_1_83' title="bbox 177 2735 959 2779">
    <p class='ocr_par' dir='ltr' id='par_1_83' title="bbox 177 2735 959 2779">
     <span class='ocr_line' id='line_1_83' title="bbox 177 2735 959 2779; baseline 0.003 -17"><span class='ocrx_word' id='word_1_626' title='bbox 177 2735 270 2764; x_wconf 80' lang='lat' dir='ltr'><strong>carnis</strong></span> <span class='ocrx_word' id='word_1_627' title='bbox 280 2736 506 2765; x_wconf 87' lang='lat' dir='ltr'><strong>resurrectionem</strong></span> <span class='ocrx_word' id='word_1_628' title='bbox 519 2735 604 2779; x_wconf 53' lang='lat' dir='ltr'><strong>videri</strong></span> <span class='ocrx_word' id='word_1_629' title='bbox 615 2755 622 2767; x_wconf 92' lang='lat'><strong>,</strong></span> <span class='ocrx_word' id='word_1_630' title='bbox 639 2736 686 2763; x_wconf 83' lang='lat' dir='ltr'><strong>sed</strong></span> <span class='ocrx_word' id='word_1_631' title='bbox 701 2737 804 2764; x_wconf 90' lang='lat' dir='ltr'><strong>ossium</strong></span> <span class='ocrx_word' id='word_1_632' title='bbox 815 2736 959 2769; x_wconf 82' lang='lat' dir='ltr'><strong>duntaxat,</strong></span> 
     </span>
    </p>
   </div>
   <div class='ocr_carea' id='block_1_84' title="bbox 214 2815 967 2852">
    <p class='ocr_par' dir='ltr' id='par_1_84' title="bbox 214 2815 967 2852">
     <span class='ocr_line' id='line_1_84' title="bbox 214 2815 967 2852; baseline 0.003 -10"><span class='ocrx_word' id='word_1_633' title='bbox 214 2815 224 2831; x_wconf 85' lang='grc' dir='ltr'>ι</span> <span class='ocrx_word' id='word_1_634' title='bbox 240 2815 335 2852; x_wconf 76' lang='lat' dir='ltr'><strong>Matth.</strong></span> <span class='ocrx_word' id='word_1_635' title='bbox 351 2816 538 2852; x_wconf 75' lang='lat' dir='ltr'><strong>xvu,2seqq.</strong></span> <span class='ocrx_word' id='word_1_636' title='bbox 574 2817 584 2832; x_wconf 73' lang='grc' dir='ltr'>ί</span> <span class='ocrx_word' id='word_1_637' title='bbox 592 2816 611 2852; x_wconf 62' lang='lat'><strong>1</strong></span> <span class='ocrx_word' id='word_1_638' title='bbox 622 2816 686 2844; x_wconf 85' lang='lat' dir='ltr'><strong>Cor.</strong></span> <span class='ocrx_word' id='word_1_639' title='bbox 705 2825 750 2849; x_wconf 74' lang='lat' dir='ltr'><strong>xv,</strong></span> <span class='ocrx_word' id='word_1_640' title='bbox 763 2817 808 2843; x_wconf 69' lang='lat' dir='ltr'><strong>tt.</strong></span> <span class='ocrx_word' id='word_1_641' title='bbox 844 2817 854 2833; x_wconf 77' lang='grc'><em>³</em></span> <span class='ocrx_word' id='word_1_642' title='bbox 870 2817 935 2845; x_wconf 87' lang='lat' dir='ltr'><strong>ibid.</strong></span> <span class='ocrx_word' id='word_1_643' title='bbox 960 2817 967 2844; x_wconf 75' lang='grc' dir='ltr'><em>ε</em></span> 
     </span>
    </p>
   </div>
   <div class='ocr_carea' id='block_1_85' title="bbox 1020 2815 1229 2852">
    <p class='ocr_par' dir='ltr' id='par_1_85' title="bbox 1043 2817 1229 2850">
     <span class='ocr_line' id='line_1_85' title="bbox 1043 2817 1229 2850; baseline 0 -6"><span class='ocrx_word' id='word_1_644' title='bbox 1043 2818 1053 2832; x_wconf 54' lang='grc' dir='ltr'><strong>ι</strong></span> <span class='ocrx_word' id='word_1_645' title='bbox 1069 2817 1142 2847; x_wconf 85' lang='lat' dir='ltr'><strong>Fort.</strong></span> <span class='ocrx_word' id='word_1_646' title='bbox 1159 2818 1229 2850; x_wconf 77' lang='grc' dir='ltr'>τούς.</span> 
     </span>
    </p>
   </div>
   <div class='ocr_carea' id='block_1_86' title="bbox 175 2850 828 2887">
    <p class='ocr_par' dir='ltr' id='par_1_86' title="bbox 175 2850 828 2887">
     <span class='ocr_line' id='line_1_86' title="bbox 175 2850 828 2887; baseline 0.003 -11"><span class='ocrx_word' id='word_1_647' title='bbox 175 2850 220 2877; x_wconf 77' lang='lat' dir='ltr'><strong>hic</strong></span> <span class='ocrx_word' id='word_1_648' title='bbox 240 2851 317 2879; x_wconf 86' lang='lat' dir='ltr'><strong>locus</strong></span> <span class='ocrx_word' id='word_1_649' title='bbox 332 2856 477 2887; x_wconf 82' lang='lat' dir='ltr'><strong>cerruptus</strong></span> <span class='ocrx_word' id='word_1_650' title='bbox 488 2850 539 2880; x_wconf 74' lang='lat' dir='ltr'><strong>est.</strong></span> <span class='ocrx_word' id='word_1_651' title='bbox 573 2851 664 2879; x_wconf 81' lang='lat' dir='ltr'><strong>‘Fort.</strong></span> <span class='ocrx_word' id='word_1_652' title='bbox 678 2852 739 2878; x_wconf 77' lang='grc' dir='ltr'><strong>ἐπεὶ</strong></span> <span class='ocrx_word' id='word_1_653' title='bbox 757 2853 828 2878; x_wconf 82' lang='grc' dir='ltr'>ὅσον.</span> 
     </span>
    </p>
   </div>
   <div class='ocr_carea' id='block_1_87' title="bbox 1055 1639 1799 1679">
    <p class='ocr_par' dir='ltr' id='par_1_87' title="bbox 1055 1639 1799 1679">
     <span class='ocr_line' id='line_1_87' title="bbox 1055 1639 1799 1679; baseline 0.008 -14"><span class='ocrx_word' id='word_1_654' title='bbox 1055 1639 1104 1665; x_wconf 83' lang='grc' dir='ltr'><strong>1Ε’.</strong></span> <span class='ocrx_word' id='word_1_655' title='bbox 1119 1639 1164 1674; x_wconf 83' lang='grc' dir='ltr'><strong>Μὴ</strong></span> <span class='ocrx_word' id='word_1_656' title='bbox 1181 1639 1334 1676; x_wconf 84' lang='grc' dir='ltr'>πρόσκοπτε</span> <span class='ocrx_word' id='word_1_657' title='bbox 1347 1641 1444 1674; x_wconf 78' lang='grc' dir='ltr'>τοίνυν,</span> <span class='ocrx_word' id='word_1_658' title='bbox 1467 1643 1491 1669; x_wconf 80' lang='grc' dir='ltr'><strong>ει</strong></span> <span class='ocrx_word' id='word_1_659' title='bbox 1511 1643 1541 1669; x_wconf 71' lang='grc' dir='ltr'><strong>τὸ</strong></span> <span class='ocrx_word' id='word_1_660' title='bbox 1564 1643 1670 1679; x_wconf 83' lang='grc' dir='ltr'>πρῶτον</span> <span class='ocrx_word' id='word_1_661' title='bbox 1691 1645 1799 1671; x_wconf 79' lang='grc' dir='ltr'><strong>ὑποχεί-</strong></span> 
     </span>
    </p>
   </div>
   <div class='ocr_carea' id='block_1_88' title="bbox 1021 1686 1799 1723">
    <p class='ocr_par' dir='ltr' id='par_1_88' title="bbox 1021 1686 1799 1723">
     <span class='ocr_line' id='line_1_88' title="bbox 1021 1686 1799 1723; baseline 0.009 -12"><span class='ocrx_word' id='word_1_662' title='bbox 1021 1693 1100 1720; x_wconf 89' lang='grc' dir='ltr'>μενον</span> <span class='ocrx_word' id='word_1_663' title='bbox 1115 1686 1147 1712; x_wconf 77' lang='grc' dir='ltr'>ἄν</span> <span class='ocrx_word' id='word_1_664' title='bbox 1167 1694 1208 1717; x_wconf 83' lang='grc' dir='ltr'><strong>τις</strong></span> <span class='ocrx_word' id='word_1_665' title='bbox 1222 1686 1296 1720; x_wconf 86' lang='grc' dir='ltr'>λέγοι</span> <span class='ocrx_word' id='word_1_666' title='bbox 1311 1687 1347 1722; x_wconf 83' lang='grc' dir='ltr'>μὴ</span> <span class='ocrx_word' id='word_1_667' title='bbox 1373 1687 1479 1714; x_wconf 80' lang='grc' dir='ltr'>ἔσεσθαι</span> <span class='ocrx_word' id='word_1_668' title='bbox 1495 1689 1590 1716; x_wconf 81' lang='grc' dir='ltr'>ταυτὸν</span> <span class='ocrx_word' id='word_1_669' title='bbox 1610 1689 1682 1723; x_wconf 78' lang='grc' dir='ltr'>τότε,</span> <span class='ocrx_word' id='word_1_670' title='bbox 1710 1691 1775 1717; x_wconf 83' lang='grc' dir='ltr'>ὅπου</span> <span class='ocrx_word' id='word_1_671' title='bbox 1786 1693 1799 1718; x_wconf 71' lang='grc' dir='ltr'><strong>ὁ</strong></span> 
     </span>
    </p>
   </div>
   <div class='ocr_carea' id='block_1_89' title="bbox 1019 1731 1799 1769">
    <p class='ocr_par' dir='ltr' id='par_1_89' title="bbox 1019 1731 1799 1769">
     <span class='ocr_line' id='line_1_89' title="bbox 1019 1731 1799 1769; baseline 0.009 -12"><span class='ocrx_word' id='word_1_672' title='bbox 1019 1731 1096 1766; x_wconf 82' lang='grc' dir='ltr'>λόγος</span> <span class='ocrx_word' id='word_1_673' title='bbox 1112 1734 1167 1764; x_wconf 87' lang='grc' dir='ltr'>τοῖς</span> <span class='ocrx_word' id='word_1_674' title='bbox 1188 1733 1341 1767; x_wconf 81' lang='grc' dir='ltr'>ἑφιστάνειν</span> <span class='ocrx_word' id='word_1_675' title='bbox 1361 1734 1517 1769; x_wconf 80' lang='grc' dir='ltr'>δυναμένοις</span> <span class='ocrx_word' id='word_1_676' title='bbox 1530 1735 1672 1767; x_wconf 80' lang='grc' dir='ltr'>δείκνυσιν,</span> <span class='ocrx_word' id='word_1_677' title='bbox 1690 1736 1730 1763; x_wconf 86' lang='grc' dir='ltr'><strong>ὅτι</strong></span> <span class='ocrx_word' id='word_1_678' title='bbox 1741 1737 1799 1764; x_wconf 78' lang='grc' dir='ltr'>οὐδὲ</span> 
     </span>
    </p>
   </div>
   <div class='ocr_carea' id='block_1_90' title="bbox 1018 1778 1800 1818">
    <p class='ocr_par' dir='ltr' id='par_1_90' title="bbox 1018 1778 1800 1818">
     <span class='ocr_line' id='line_1_90' title="bbox 1018 1778 1800 1818; baseline 0.006 -14"><span class='ocrx_word' id='word_1_679' title='bbox 1018 1778 1065 1804; x_wconf 81' lang='grc' dir='ltr'>νῦν</span> <span class='ocrx_word' id='word_1_680' title='bbox 1077 1779 1188 1805; x_wconf 77' lang='grc' dir='ltr'>δύναται</span> <span class='ocrx_word' id='word_1_681' title='bbox 1205 1779 1251 1806; x_wconf 75' lang='grc' dir='ltr'>δύο</span> <span class='ocrx_word' id='word_1_682' title='bbox 1265 1780 1375 1815; x_wconf 89' lang='grc' dir='ltr'>ήμερῶν</span> <span class='ocrx_word' id='word_1_683' title='bbox 1395 1778 1463 1807; x_wconf 86' lang='grc' dir='ltr'>εἶναι</span> <span class='ocrx_word' id='word_1_684' title='bbox 1480 1781 1510 1807; x_wconf 82' lang='grc' dir='ltr'>τὸ</span> <span class='ocrx_word' id='word_1_685' title='bbox 1526 1781 1632 1816; x_wconf 86' lang='grc' dir='ltr'>πρῶτον</span> <span class='ocrx_word' id='word_1_686' title='bbox 1654 1782 1800 1818; x_wconf 78' lang='grc' dir='ltr'>ὑποκείμε-</span> 
     </span>
    </p>
   </div>
   <div class='ocr_carea' id='block_1_91' title="bbox 1017 1824 1800 1862">
    <p class='ocr_par' dir='ltr' id='par_1_91' title="bbox 1017 1824 1800 1862">
     <span class='ocr_line' id='line_1_91' title="bbox 1017 1824 1800 1862; baseline 0.005 -12"><span class='ocrx_word' id='word_1_687' title='bbox 1017 1832 1072 1852; x_wconf 91' lang='grc' dir='ltr'>νον.</span> <span class='ocrx_word' id='word_1_688' title='bbox 1102 1824 1192 1857; x_wconf 78' lang='grc' dir='ltr'>Ἀξιον</span> <span class='ocrx_word' id='word_1_689' title='bbox 1207 1825 1235 1851; x_wconf 83' lang='grc' dir='ltr'>δὲ</span> <span class='ocrx_word' id='word_1_690' title='bbox 1252 1826 1393 1861; x_wconf 79' lang='grc' dir='ltr'>ἐπιστῆναι</span> <span class='ocrx_word' id='word_1_691' title='bbox 1410 1826 1455 1852; x_wconf 72' lang='grc' dir='ltr'><strong>καὶ</strong></span> <span class='ocrx_word' id='word_1_692' title='bbox 1471 1826 1501 1853; x_wconf 83' lang='grc' dir='ltr'>τὸ</span> <span class='ocrx_word' id='word_1_693' title='bbox 1520 1827 1636 1862; x_wconf 79' lang='grc' dir='ltr'>ἑτεροῖον</span> <span class='ocrx_word' id='word_1_694' title='bbox 1654 1827 1703 1862; x_wconf 84' lang='grc' dir='ltr'>μὲν</span> <span class='ocrx_word' id='word_1_695' title='bbox 1724 1827 1800 1854; x_wconf 85' lang='grc' dir='ltr'>σπεί-</span> 
     </span>
    </p>
   </div>
   <div class='ocr_carea' id='block_1_92' title="bbox 1016 1870 1799 1908">
    <p class='ocr_par' dir='ltr' id='par_1_92' title="bbox 1016 1870 1799 1908">
     <span class='ocr_line' id='line_1_92' title="bbox 1016 1870 1799 1908; baseline 0.004 -11"><span class='ocrx_word' id='word_1_696' title='bbox 1016 1870 1122 1906; x_wconf 79' lang='grc' dir='ltr'>ρεσθαι,</span> <span class='ocrx_word' id='word_1_697' title='bbox 1136 1872 1253 1907; x_wconf 83' lang='grc' dir='ltr'>ἑτεροῖον</span> <span class='ocrx_word' id='word_1_698' title='bbox 1264 1871 1291 1898; x_wconf 83' lang='grc' dir='ltr'>δὲ</span> <span class='ocrx_word' id='word_1_699' title='bbox 1303 1872 1471 1899; x_wconf 80' lang='grc' dir='ltr'>ἀνίστασθαι.</span> <span class='ocrx_word' id='word_1_700' title='bbox 1488 1873 1640 1907; x_wconf 72' lang='grc' dir='ltr'>Σπείρεται</span> <span class='ocrx_word' id='word_1_701' title='bbox 1650 1874 1704 1908; x_wconf 59' lang='grc' dir='ltr'><strong>γὰρ</strong></span> <span class='ocrx_word' id='word_1_702' title='bbox 1715 1874 1799 1907; x_wconf 81' lang='grc' dir='ltr'>σῶμα</span> 
     </span>
    </p>
   </div>
   <div class='ocr_carea' id='block_1_93' title="bbox 1017 1916 1799 1953">
    <p class='ocr_par' dir='ltr' id='par_1_93' title="bbox 1017 1916 1799 1953">
     <span class='ocr_line' id='line_1_93' title="bbox 1017 1916 1799 1953; baseline 0.005 -11"><span class='ocrx_word' id='word_1_703' title='bbox 1017 1916 1308 1951; x_wconf 66' lang='grc' dir='ltr'><strong>ψυχικὸν,ἐγε[ρεται</strong></span> <span class='ocrx_word' id='word_1_704' title='bbox 1318 1917 1405 1951; x_wconf 77' lang='grc' dir='ltr'>σῶμα</span> <span class='ocrx_word' id='word_1_705' title='bbox 1413 1919 1623 1952; x_wconf 80' lang='grc' dir='ltr'>πνευματικόν.</span> <span class='ocrx_word' id='word_1_706' title='bbox 1638 1919 1692 1945; x_wconf 84' lang='grc' dir='ltr'><strong>Καὶ</strong></span> <span class='ocrx_word' id='word_1_707' title='bbox 1705 1919 1799 1953; x_wconf 72' lang='grc' dir='ltr'>ἐπιφέ-</span> 
     </span>
    </p>
   </div>
   <div class='ocr_carea' id='block_1_94' title="bbox 1018 1962 1798 2000">
    <p class='ocr_par' dir='ltr' id='par_1_94' title="bbox 1018 1962 1798 2000">
     <span class='ocr_line' id='line_1_94' title="bbox 1018 1962 1798 2000; baseline 0.004 -12"><span class='ocrx_word' id='word_1_708' title='bbox 1018 1971 1059 1997; x_wconf 79' lang='grc' dir='ltr'><strong>ρει</strong></span> <span class='ocrx_word' id='word_1_709' title='bbox 1075 1963 1156 1988; x_wconf 83' lang='grc' dir='ltr'>πᾶσιν</span> <span class='ocrx_word' id='word_1_710' title='bbox 1168 1963 1182 1988; x_wconf 84' lang='grc' dir='ltr'>ὁ</span> <span class='ocrx_word' id='word_1_711' title='bbox 1204 1962 1372 1995; x_wconf 70' lang='grc' dir='ltr'>Ἀτῡύστολος,</span> <span class='ocrx_word' id='word_1_712' title='bbox 1389 1963 1480 1999; x_wconf 69' lang='grc' dir='ltr'>σχεδὸν</span> <span class='ocrx_word' id='word_1_713' title='bbox 1496 1964 1544 1999; x_wconf 83' lang='grc' dir='ltr'>τὴν</span> <span class='ocrx_word' id='word_1_714' title='bbox 1559 1964 1655 2000; x_wconf 73' lang='grc' dir='ltr'><strong>γητνην</strong></span> <span class='ocrx_word' id='word_1_715' title='bbox 1670 1965 1798 1999; x_wconf 80' lang='grc' dir='ltr'>ποιότητα</span> 
     </span>
    </p>
   </div>
   <div class='ocr_carea' id='block_1_95' title="bbox 1016 2008 1798 2047">
    <p class='ocr_par' dir='ltr' id='par_1_95' title="bbox 1016 2008 1798 2047">
     <span class='ocr_line' id='line_1_95' title="bbox 1016 2008 1798 2047; baseline 0.005 -13"><span class='ocrx_word' id='word_1_716' title='bbox 1016 2009 1089 2044; x_wconf 79' lang='grc' dir='ltr'>ἡμᾶς</span> <span class='ocrx_word' id='word_1_717' title='bbox 1105 2008 1238 2035; x_wconf 75' lang='grc' dir='ltr'><strong>διδάσκων</strong></span> <span class='ocrx_word' id='word_1_718' title='bbox 1254 2009 1427 2037; x_wconf 74' lang='grc' dir='ltr'>ἀποτίθεσθαι</span> <span class='ocrx_word' id='word_1_719' title='bbox 1442 2010 1548 2046; x_wconf 87' lang='grc' dir='ltr'>μέλλειν</span> <span class='ocrx_word' id='word_1_720' title='bbox 1558 2012 1643 2047; x_wconf 73' lang='grc' dir='ltr'>ἡμᾶς,</span> <span class='ocrx_word' id='word_1_721' title='bbox 1658 2012 1704 2039; x_wconf 86' lang='grc' dir='ltr'>τοῦ</span> <span class='ocrx_word' id='word_1_722' title='bbox 1712 2012 1798 2043; x_wconf 77' lang='grc' dir='ltr'>εἴδους</span> 
     </span>
    </p>
   </div>
   <div class='ocr_carea' id='block_1_96' title="bbox 1016 2054 1796 2092">
    <p class='ocr_par' dir='ltr' id='par_1_96' title="bbox 1016 2054 1796 2092">
     <span class='ocr_line' id='line_1_96' title="bbox 1016 2054 1796 2092; baseline 0.005 -11"><span class='ocrx_word' id='word_1_723' title='bbox 1016 2054 1169 2090; x_wconf 78' lang='grc' dir='ltr'>σωζομένου</span> <span class='ocrx_word' id='word_1_724' title='bbox 1196 2055 1266 2082; x_wconf 81' lang='grc' dir='ltr'>κατὰ</span> <span class='ocrx_word' id='word_1_725' title='bbox 1285 2055 1334 2092; x_wconf 79' lang='grc' dir='ltr'>τὴν</span> <span class='ocrx_word' id='word_1_726' title='bbox 1349 2056 1514 2084; x_wconf 82' lang='grc' dir='ltr'>ἀνάστασιν·</span> <span class='ocrx_word' id='word_1_727' title='bbox 1546 2058 1634 2084; x_wconf 68' lang='lat' dir='ltr'><strong>Tosz</strong></span> <span class='ocrx_word' id='word_1_728' title='bbox 1655 2058 1689 2084; x_wconf 83' lang='grc' dir='ltr'><strong>δέ</strong></span> <span class='ocrx_word' id='word_1_729' title='bbox 1711 2067 1796 2092; x_wconf 64' lang='grc' dir='ltr'>φημι,</span> 
     </span>
    </p>
   </div>
   <div class='ocr_carea' id='block_1_97' title="bbox 1013 2100 1797 2137">
    <p class='ocr_par' dir='ltr' id='par_1_97' title="bbox 1013 2100 1797 2137">
     <span class='ocr_line' id='line_1_97' title="bbox 1013 2100 1797 2137; baseline 0 -8"><span class='ocrx_word' id='word_1_730' title='bbox 1013 2101 1148 2136; x_wconf 71' lang='grc' dir='ltr'><strong>ἀδελφοὶ,</strong></span> <span class='ocrx_word' id='word_1_731' title='bbox 1163 2101 1208 2129; x_wconf 80' lang='grc' dir='ltr'>ὅτι</span> <span class='ocrx_word' id='word_1_732' title='bbox 1222 2103 1300 2136; x_wconf 80' lang='grc' dir='ltr'>σὰρξ</span> <span class='ocrx_word' id='word_1_733' title='bbox 1318 2101 1367 2128; x_wconf 75' lang='grc' dir='ltr'>καὶ</span> <span class='ocrx_word' id='word_1_734' title='bbox 1380 2100 1450 2137; x_wconf 80' lang='grc' dir='ltr'>αἷμα</span> <span class='ocrx_word' id='word_1_735' title='bbox 1460 2102 1622 2134; x_wconf 77' lang='grc' dir='ltr'>,βασιλείαν</span> <span class='ocrx_word' id='word_1_736' title='bbox 1639 2103 1712 2129; x_wconf 87' lang='grc' dir='ltr'>Θεοῦ</span> <span class='ocrx_word' id='word_1_737' title='bbox 1724 2105 1797 2136; x_wconf 74' lang='grc' dir='ltr'>κλη-</span> 
     </span>
    </p>
   </div>
   <div class='ocr_carea' id='block_1_98' title="bbox 1011 2149 1797 2184">
    <p class='ocr_par' dir='ltr' id='par_1_98' title="bbox 1011 2149 1797 2184">
     <span class='ocr_line' id='line_1_98' title="bbox 1011 2149 1797 2184; baseline 0 -8"><span class='ocrx_word' id='word_1_738' title='bbox 1011 2149 1179 2184; x_wconf 74' lang='grc' dir='ltr'>ρονομῆσαι</span> <span class='ocrx_word' id='word_1_739' title='bbox 1193 2150 1228 2176; x_wconf 86' lang='grc' dir='ltr'>οὺ</span> <span class='ocrx_word' id='word_1_740' title='bbox 1239 2149 1390 2180; x_wconf 79' lang='grc' dir='ltr'>δύνανται,</span> <span class='ocrx_word' id='word_1_741' title='bbox 1404 2150 1474 2176; x_wconf 81' lang='grc' dir='ltr'>οὐδὲ</span> <span class='ocrx_word' id='word_1_742' title='bbox 1484 2151 1502 2184; x_wconf 82' lang='grc' dir='ltr'><em>ἡ</em></span> <span class='ocrx_word' id='word_1_743' title='bbox 1514 2151 1607 2184; x_wconf 71' lang='grc' dir='ltr'><strong>φθορά</strong></span> <span class='ocrx_word' id='word_1_744' title='bbox 1619 2149 1676 2184; x_wconf 76' lang='grc' dir='ltr'>τὴν</span> <span class='ocrx_word' id='word_1_745' title='bbox 1686 2151 1797 2184; x_wconf 54' lang='grc' dir='ltr'><strong>ἀφθαρ-</strong></span> 
     </span>
    </p>
   </div>
   <div class='ocr_carea' id='block_1_99' title="bbox 979 2181 1796 2230">
    <p class='ocr_par' dir='ltr' id='par_1_99' title="bbox 979 2181 1796 2230">
     <span class='ocr_line' id='line_1_99' title="bbox 979 2181 1796 2230; baseline 0.001 -9"><span class='ocrx_word' id='word_1_746' title='bbox 979 2181 1001 2208; x_wconf 80' lang='lat' dir='ltr'><strong>D</strong></span> <span class='ocrx_word' id='word_1_747' title='bbox 1012 2181 1098 2221; x_wconf 53' lang='grc' dir='ltr'>σίανί.</span> <span class='ocrx_word' id='word_1_748' title='bbox 1119 2181 1199 2226; x_wconf 55' lang='grc' dir='ltr'><strong>ιισως</strong></span> <span class='ocrx_word' id='word_1_749' title='bbox 1213 2194 1263 2230; x_wconf 79' lang='grc' dir='ltr'>μὲν</span> <span class='ocrx_word' id='word_1_750' title='bbox 1276 2194 1330 2230; x_wconf 86' lang='grc' dir='ltr'>γὰρ</span> <span class='ocrx_word' id='word_1_751' title='bbox 1342 2194 1416 2222; x_wconf 74' lang='grc' dir='ltr'>ἔσται</span> <span class='ocrx_word' id='word_1_752' title='bbox 1431 2181 1553 2230; x_wconf 60' lang='grc' dir='ltr'>περιτοῦ</span> <span class='ocrx_word' id='word_1_753' title='bbox 1563 2181 1609 2222; x_wconf 71' lang='grc' dir='ltr'>τὸν</span> <span class='ocrx_word' id='word_1_754' title='bbox 1626 2181 1721 2230; x_wconf 38' lang='grc' dir='ltr'>ἄξιον·</span> <span class='ocrx_word' id='word_1_755' title='bbox 1738 2181 1796 2222; x_wconf 70' lang='grc' dir='ltr'>δια-</span> 
     </span>
    </p>
   </div>
   <div class='ocr_carea' id='block_1_100' title="bbox 1015 2240 1794 2277">
    <p class='ocr_par' dir='ltr' id='par_1_100' title="bbox 1015 2240 1794 2277">
     <span class='ocr_line' id='line_1_100' title="bbox 1015 2240 1794 2277; baseline 0.003 -11"><span class='ocrx_word' id='word_1_756' title='bbox 1015 2240 1206 2275; x_wconf 78' lang='grc' dir='ltr'>κρατούμενον.</span> <span class='ocrx_word' id='word_1_757' title='bbox 1216 2241 1268 2268; x_wconf 81' lang='grc' dir='ltr'>ὑπὸ</span> <span class='ocrx_word' id='word_1_758' title='bbox 1281 2241 1328 2268; x_wconf 83' lang='grc' dir='ltr'>τοῦ</span> <span class='ocrx_word' id='word_1_759' title='bbox 1345 2241 1532 2273; x_wconf 76' lang='grc' dir='ltr'>ἰδιοποιοῦντός</span> <span class='ocrx_word' id='word_1_760' title='bbox 1548 2250 1612 2268; x_wconf 84' lang='grc' dir='ltr'>ποτε</span> <span class='ocrx_word' id='word_1_761' title='bbox 1626 2242 1674 2277; x_wconf 82' lang='grc' dir='ltr'>τὴν</span> <span class='ocrx_word' id='word_1_762' title='bbox 1688 2242 1777 2276; x_wconf 84' lang='grc' dir='ltr'>σάρκα</span> <span class='ocrx_word' id='word_1_763' title='bbox 1786 2251 1794 2258; x_wconf 83' lang='grc'><strong>·</strong></span> 
     </span>
    </p>
   </div>
   <div class='ocr_carea' id='block_1_101' title="bbox 1016 2277 1795 2323">
    <p class='ocr_par' dir='ltr' id='par_1_101' title="bbox 1016 2277 1795 2323">
     <span class='ocr_line' id='line_1_101' title="bbox 1016 2277 1795 2323; baseline 0.004 -12"><span class='ocrx_word' id='word_1_764' title='bbox 1016 2277 1083 2321; x_wconf 72' lang='grc' dir='ltr'><strong>σᾶρξ</strong></span> <span class='ocrx_word' id='word_1_765' title='bbox 1106 2286 1134 2312; x_wconf 74' lang='grc' dir='ltr'>δὲ</span> <span class='ocrx_word' id='word_1_766' title='bbox 1150 2286 1254 2319; x_wconf 76' lang='grc' dir='ltr'>οὐκέτι,</span> <span class='ocrx_word' id='word_1_767' title='bbox 1273 2287 1329 2314; x_wconf 82' lang='grc' dir='ltr'>ἀλλ’</span> <span class='ocrx_word' id='word_1_768' title='bbox 1348 2287 1416 2323; x_wconf 80' lang='grc' dir='ltr'>ὅπερ</span> <span class='ocrx_word' id='word_1_769' title='bbox 1432 2287 1497 2314; x_wconf 81' lang='grc' dir='ltr'>ποτὲ</span> <span class='ocrx_word' id='word_1_770' title='bbox 1516 2288 1745 2323; x_wconf 78' lang='grc' dir='ltr'>ὲχαρακτηρίζετο</span> <span class='ocrx_word' id='word_1_771' title='bbox 1765 2289 1795 2315; x_wconf 79' lang='grc' dir='ltr'><strong>έν</strong></span> 
     </span>
    </p>
   </div>
   <div class='ocr_carea' id='block_1_102' title="bbox 1012 2332 1793 2369">
    <p class='ocr_par' dir='ltr' id='par_1_102' title="bbox 1012 2332 1793 2369">
     <span class='ocr_line' id='line_1_102' title="bbox 1012 2332 1793 2369; baseline 0.004 -12"><span class='ocrx_word' id='word_1_772' title='bbox 1012 2332 1045 2367; x_wconf 78' lang='grc' dir='ltr'>τῇ</span> <span class='ocrx_word' id='word_1_773' title='bbox 1060 2332 1152 2367; x_wconf 75' lang='grc' dir='ltr'>σαρκὶ,</span> <span class='ocrx_word' id='word_1_774' title='bbox 1176 2333 1254 2359; x_wconf 79' lang='grc' dir='ltr'>τοῦτο</span> <span class='ocrx_word' id='word_1_775' title='bbox 1271 2333 1554 2369; x_wconf 79' lang='grc' dir='ltr'>χαρακτηρισοήσεται</span> <span class='ocrx_word' id='word_1_776' title='bbox 1569 2334 1598 2360; x_wconf 83' lang='grc' dir='ltr'>ὲν</span> <span class='ocrx_word' id='word_1_777' title='bbox 1617 2333 1656 2369; x_wconf 77' lang='grc' dir='ltr'><strong>τῷ</strong></span> <span class='ocrx_word' id='word_1_778' title='bbox 1670 2343 1793 2369; x_wconf 71' lang='grc' dir='ltr'>πνευμα-</span> 
     </span>
    </p>
   </div>
   <div class='ocr_carea' id='block_1_103' title="bbox 1011 2377 1212 2413">
    <p class='ocr_par' dir='ltr' id='par_1_103' title="bbox 1011 2377 1212 2413">
     <span class='ocr_line' id='line_1_103' title="bbox 1011 2377 1212 2413; baseline 0.005 -10"><span class='ocrx_word' id='word_1_779' title='bbox 1011 2377 1080 2413; x_wconf 83' lang='grc' dir='ltr'>τικῷ</span> <span class='ocrx_word' id='word_1_780' title='bbox 1097 2377 1212 2413; x_wconf 83' lang='grc' dir='ltr'>σώματι.</span> 
     </span>
    </p>
   </div>
   <div class='ocr_carea' id='block_1_104' title="bbox 1046 2464 1792 2502">
    <p class='ocr_par' dir='ltr' id='par_1_104' title="bbox 1046 2464 1792 2502">
     <span class='ocr_line' id='line_1_104' title="bbox 1046 2464 1792 2502; baseline 0.003 -11"><span class='ocrx_word' id='word_1_781' title='bbox 1046 2464 1101 2492; x_wconf 79' lang='grc' dir='ltr'><strong>Καὶ</strong></span> <span class='ocrx_word' id='word_1_782' title='bbox 1118 2466 1187 2501; x_wconf 77' lang='grc' dir='ltr'>πρὸς</span> <span class='ocrx_word' id='word_1_783' title='bbox 1207 2465 1241 2492; x_wconf 79' lang='grc' dir='ltr'><strong>τὰ</strong></span> <span class='ocrx_word' id='word_1_784' title='bbox 1255 2467 1365 2501; x_wconf 74' lang='grc' dir='ltr'>ῥήματα</span> <span class='ocrx_word' id='word_1_785' title='bbox 1380 2465 1408 2493; x_wconf 77' lang='grc' dir='ltr'>δὲ</span> <span class='ocrx_word' id='word_1_786' title='bbox 1423 2466 1477 2493; x_wconf 82' lang='grc' dir='ltr'>τῶν</span> <span class='ocrx_word' id='word_1_787' title='bbox 1494 2465 1620 2502; x_wconf 83' lang='grc' dir='ltr'>Γραφῶν,</span> <span class='ocrx_word' id='word_1_788' title='bbox 1638 2466 1657 2493; x_wconf 79' lang='lat' dir='ltr'><strong>a</strong></span> <span class='ocrx_word' id='word_1_789' title='bbox 1678 2468 1792 2502; x_wconf 74' lang='grc' dir='ltr'>παρατί-</span> 
     </span>
    </p>
   </div>
   <div class='ocr_carea' id='block_1_105' title="bbox 1011 2510 1792 2546">
    <p class='ocr_par' dir='ltr' id='par_1_105' title="bbox 1011 2510 1792 2546">
     <span class='ocr_line' id='line_1_105' title="bbox 1011 2510 1792 2546; baseline 0.003 -9"><span class='ocrx_word' id='word_1_790' title='bbox 1011 2510 1101 2537; x_wconf 83' lang='grc' dir='ltr'>θενται</span> <span class='ocrx_word' id='word_1_791' title='bbox 1123 2511 1148 2537; x_wconf 82' lang='grc' dir='ltr'>οἱ</span> <span class='ocrx_word' id='word_1_792' title='bbox 1168 2511 1276 2545; x_wconf 78' lang='grc' dir='ltr'>ἀδελφοὶ</span> <span class='ocrx_word' id='word_1_793' title='bbox 1299 2511 1386 2546; x_wconf 83' lang='grc' dir='ltr'>ἡμῶν,</span> <span class='ocrx_word' id='word_1_794' title='bbox 1411 2511 1497 2538; x_wconf 73' lang='grc' dir='ltr'>ταῦτα</span> <span class='ocrx_word' id='word_1_795' title='bbox 1517 2511 1589 2538; x_wconf 79' lang='grc' dir='ltr'>ἐστιν</span> <span class='ocrx_word' id='word_1_796' title='bbox 1613 2513 1713 2538; x_wconf 79' lang='grc' dir='ltr'>εἰπεῖν·</span> <span class='ocrx_word' id='word_1_797' title='bbox 1744 2513 1792 2539; x_wconf 73' lang='grc' dir='ltr'>καὶ</span> 
     </span>
    </p>
   </div>
   <div class='ocr_carea' id='block_1_106' title="bbox 1010 2554 1790 2593">
    <p class='ocr_par' dir='ltr' id='par_1_106' title="bbox 1010 2554 1790 2593">
     <span class='ocr_line' id='line_1_106' title="bbox 1010 2554 1790 2593; baseline 0.003 -11"><span class='ocrx_word' id='word_1_798' title='bbox 1010 2557 1116 2592; x_wconf 82' lang='grc' dir='ltr'>πρῶτον</span> <span class='ocrx_word' id='word_1_799' title='bbox 1127 2557 1155 2583; x_wconf 82' lang='grc' dir='ltr'>ὲν</span> <span class='ocrx_word' id='word_1_800' title='bbox 1164 2557 1202 2591; x_wconf 85' lang='grc' dir='ltr'>τῷ</span> <span class='ocrx_word' id='word_1_801' title='bbox 1213 2557 1351 2592; x_wconf 76' lang='grc' dir='ltr'>Ἱεξεκιὴλ,</span> <span class='ocrx_word' id='word_1_802' title='bbox 1361 2557 1406 2583; x_wconf 73' lang='grc' dir='ltr'><strong>ἐπὶ</strong></span> <span class='ocrx_word' id='word_1_803' title='bbox 1417 2557 1446 2582; x_wconf 82' lang='grc' dir='ltr'>τὸ</span> <span class='ocrx_word' id='word_1_804' title='bbox 1454 2558 1514 2584; x_wconf 81' lang='grc' dir='ltr'>ὅσον</span> <span class='ocrx_word' id='word_1_805' title='bbox 1522 2558 1532 2573; x_wconf 89' lang='grc'><strong><em>⁸</em></strong></span> <span class='ocrx_word' id='word_1_806' title='bbox 1544 2558 1586 2591; x_wconf 76' lang='grc' dir='ltr'><strong>ἐφ’</strong></span> <span class='ocrx_word' id='word_1_807' title='bbox 1599 2554 1640 2589; x_wconf 74' lang='grc' dir='ltr'><strong>οἷς</strong></span> <span class='ocrx_word' id='word_1_808' title='bbox 1651 2558 1790 2593; x_wconf 83' lang='grc' dir='ltr'>βούλονται</span> 
     </span>
    </p>
   </div>
   <div class='ocr_carea' id='block_1_107' title="bbox 1007 2601 1789 2637">
    <p class='ocr_par' dir='ltr' id='par_1_107' title="bbox 1007 2601 1789 2637">
     <span class='ocr_line' id='line_1_107' title="bbox 1007 2601 1789 2637; baseline 0.003 -9"><span class='ocrx_word' id='word_1_809' title='bbox 1007 2603 1033 2628; x_wconf 71' lang='grc' dir='ltr'>οἱ</span> <span class='ocrx_word' id='word_1_810' title='bbox 1045 2601 1221 2637; x_wconf 80' lang='grc' dir='ltr'>ἁπλούστεροι</span> <span class='ocrx_word' id='word_1_811' title='bbox 1234 2602 1304 2629; x_wconf 75' lang='grc' dir='ltr'>κατὰ</span> <span class='ocrx_word' id='word_1_812' title='bbox 1315 2602 1364 2634; x_wconf 82' lang='grc' dir='ltr'><strong>τὰς</strong></span> <span class='ocrx_word' id='word_1_813' title='bbox 1374 2602 1459 2635; x_wconf 80' lang='grc' dir='ltr'>λέξεις</span> <span class='ocrx_word' id='word_1_814' title='bbox 1472 2603 1582 2634; x_wconf 80' lang='grc' dir='ltr'>ταύτας,</span> <span class='ocrx_word' id='word_1_815' title='bbox 1595 2603 1656 2630; x_wconf 78' lang='grc' dir='ltr'><strong>οὐδὲ</strong></span> <span class='ocrx_word' id='word_1_816' title='bbox 1672 2604 1789 2631; x_wconf 81' lang='grc' dir='ltr'>ἀνάστα-</span> 
     </span>
    </p>
   </div>
   <div class='ocr_carea' id='block_1_108' title="bbox 1009 2647 1787 2686">
    <p class='ocr_par' dir='ltr' id='par_1_108' title="bbox 1009 2647 1787 2686">
     <span class='ocr_line' id='line_1_108' title="bbox 1009 2647 1787 2686; baseline 0.004 -13"><span class='ocrx_word' id='word_1_817' title='bbox 1009 2656 1050 2678; x_wconf 85' lang='grc' dir='ltr'><strong>σις</strong></span> <span class='ocrx_word' id='word_1_818' title='bbox 1065 2647 1173 2682; x_wconf 82' lang='grc' dir='ltr'>σαρκῶν</span> <span class='ocrx_word' id='word_1_819' title='bbox 1184 2647 1269 2679; x_wconf 81' lang='grc' dir='ltr'>ἐσται,</span> <span class='ocrx_word' id='word_1_820' title='bbox 1279 2647 1345 2674; x_wconf 83' lang='grc' dir='ltr'>ἀλλὰ</span> <span class='ocrx_word' id='word_1_821' title='bbox 1358 2648 1458 2675; x_wconf 74' lang='grc' dir='ltr'>ὀστέων</span> <span class='ocrx_word' id='word_1_822' title='bbox 1470 2649 1558 2683; x_wconf 67' lang='grc' dir='ltr'>μόνον,</span> <span class='ocrx_word' id='word_1_823' title='bbox 1571 2649 1620 2675; x_wconf 70' lang='grc' dir='ltr'>καὶ</span> <span class='ocrx_word' id='word_1_824' title='bbox 1636 2650 1787 2686; x_wconf 80' lang='grc' dir='ltr'>δερμάτων,</span> 
     </span>
    </p>
   </div>
   <div class='ocr_carea' id='block_1_109' title="bbox 1008 2692 1785 2729">
    <p class='ocr_par' dir='ltr' id='par_1_109' title="bbox 1008 2692 1785 2729">
     <span class='ocr_line' id='line_1_109' title="bbox 1008 2692 1785 2729; baseline 0.006 -11"><span class='ocrx_word' id='word_1_825' title='bbox 1008 2693 1055 2718; x_wconf 60' lang='grc' dir='ltr'>καὶ</span> <span class='ocrx_word' id='word_1_826' title='bbox 1065 2692 1176 2727; x_wconf 79' lang='grc' dir='ltr'>νεύρων.</span> <span class='ocrx_word' id='word_1_827' title='bbox 1193 2692 1266 2728; x_wconf 73' lang='grc' dir='ltr'>’Ἅμα</span> <span class='ocrx_word' id='word_1_828' title='bbox 1279 2701 1307 2720; x_wconf 87' lang='grc' dir='ltr'><strong>τε</strong></span> <span class='ocrx_word' id='word_1_829' title='bbox 1320 2694 1366 2720; x_wconf 74' lang='grc' dir='ltr'>καὶ</span> <span class='ocrx_word' id='word_1_830' title='bbox 1381 2694 1550 2721; x_wconf 82' lang='grc' dir='ltr'>ὑποδεικτέον</span> <span class='ocrx_word' id='word_1_831' title='bbox 1560 2695 1662 2729; x_wconf 81' lang='grc' dir='ltr'>αὐτοῖς,</span> <span class='ocrx_word' id='word_1_832' title='bbox 1676 2697 1717 2723; x_wconf 81' lang='grc' dir='ltr'><strong>ὅτι</strong></span> <span class='ocrx_word' id='word_1_833' title='bbox 1728 2705 1785 2723; x_wconf 91' lang='grc' dir='ltr'>συν-</span> 
     </span>
    </p>
   </div>
   <div class='ocr_carea' id='block_1_110' title="bbox 1008 2737 1787 2778">
    <p class='ocr_par' dir='ltr' id='par_1_110' title="bbox 1008 2737 1787 2778">
     <span class='ocr_line' id='line_1_110' title="bbox 1008 2737 1787 2778; baseline 0.008 -15"><span class='ocrx_word' id='word_1_834' title='bbox 1008 2737 1186 2773; x_wconf 76' lang='grc' dir='ltr'>αρπάζονται,</span> <span class='ocrx_word' id='word_1_835' title='bbox 1205 2738 1242 2770; x_wconf 82' lang='grc' dir='ltr'>ὡς</span> <span class='ocrx_word' id='word_1_836' title='bbox 1259 2738 1296 2774; x_wconf 86' lang='grc' dir='ltr'>μὴ</span> <span class='ocrx_word' id='word_1_837' title='bbox 1311 2740 1467 2774; x_wconf 84' lang='grc' dir='ltr'>νενοηκότες</span> <span class='ocrx_word' id='word_1_838' title='bbox 1487 2741 1518 2766; x_wconf 75' lang='grc' dir='ltr'>τὸ</span> <span class='ocrx_word' id='word_1_839' title='bbox 1531 2741 1731 2778; x_wconf 84' lang='grc' dir='ltr'>γεγραμμένον.</span> <span class='ocrx_word' id='word_1_840' title='bbox 1749 2742 1787 2769; x_wconf 89' lang='grc' dir='ltr'><strong>Οὺ</strong></span> 
     </span>
    </p>
   </div>
   <div class='ocr_carea' id='block_1_111' title="bbox 1270 2818 1786 2856">
    <p class='ocr_par' dir='ltr' id='par_1_111' title="bbox 1270 2818 1786 2856">
     <span class='ocr_line' id='line_1_111' title="bbox 1270 2818 1786 2856; baseline 0.004 -10"><span class='ocrx_word' id='word_1_841' title='bbox 1270 2819 1280 2835; x_wconf 94' lang='grc'><strong>¹</strong></span> <span class='ocrx_word' id='word_1_842' title='bbox 1291 2818 1353 2847; x_wconf 81' lang='lat' dir='ltr'><strong>For.</strong></span> <span class='ocrx_word' id='word_1_843' title='bbox 1368 2820 1493 2855; x_wconf 78' lang='grc' dir='ltr'>περιττὸν</span> <span class='ocrx_word' id='word_1_844' title='bbox 1507 2820 1537 2846; x_wconf 80' lang='grc' dir='ltr'>τὸ</span> <span class='ocrx_word' id='word_1_845' title='bbox 1552 2820 1605 2847; x_wconf 84' lang='grc' dir='ltr'>τῶν</span> <span class='ocrx_word' id='word_1_846' title='bbox 1619 2821 1713 2856; x_wconf 75' lang='grc' dir='ltr'><strong>ἁγίων.</strong></span> <span class='ocrx_word' id='word_1_847' title='bbox 1734 2820 1786 2849; x_wconf 87' lang='lat' dir='ltr'><strong>Sed</strong></span> 
     </span>
    </p>
   </div>
  </div>
