1958 3050
131 190 201 219 1093

498 190 680 219 ADVERSUS
699 189 869 218 ﬂlEllESES
889 189 952 218 LIB.
970 189 1003 217 li.
1024 189 1105 218 TUM.
1125 189 1182 217 1-
1198 190 1335 219 HERES.
1349 190 1442 219 LXIV.

1691 192 1760 223 ιοςι

130 251 195 285 γὰρ.
211 250 235 276 si
246 249 313 276 ὀστᾶ
324 248 496 285 ὀνομάζεται.
511 251 621 283 πάντως
632 251 666 278 τὰ
679 251 746 278 ὀστὶ
758 250 845 278 ταῦτα
859 259 918 286 νοη-

974 250 1151 278 cuticularum
1169 255 1250 286 atque
1268 259 1426 280 nervorum.
1449 252 1502 280 Sed
1515 257 1544 281 et
1559 253 1627 281 illud
1646 253 1760 283 demon-

129 296 204 322 τέον·
219 295 314 331 ὥσπερ
338 296 397 322 οὐδὲ
412 297 440 322 ἐν
457 296 506 332 τῷ,
529 297 748 331 Διεσκορπίσθη
768 296 866 323 πάντα
882 297 918 323 τὰ

130 340 206 369 ὀστᾶ
213 350 273 376 μου
283 350 289 356 ·
298 342 558 376 καὶ,·1ασαιμε,ὅτι
564 342 712 376 ἐταράχθη
721 341 757 369 τὰ
767 341 842 369 ὀστᾶ
847 350 917 376 μου,

129 387 248 423 φανεροῦ
258 388 332 420 ὄντος
342 388 388 415 τοῦ
399 388 436 424 μὴ
443 388 570 422 λέγεσθαι
577 388 610 415 τά
617 388 684 415 ὀστᾶ
692 388 761 414 κατὰ
768 387 817 423 τὴν
827 388 917 423 κοινὴν

130 434 253 469 ὲκδοχήν.
263 434 357 469 Ἐπιφέ
363 443 437 470 ρεται
445 434 510 468 γοῦν
521 434 560 470 τῷ
565 434 646 469 λόγῳ·
655 435 714 461 Ὅτι
721 434 805 460 αὐτοὶ
811 433 917 468 λέγον*

129 487 190 506 σιν·
201 480 262 506 Ὅτι
276 480 353 514 ξηρὰ
362 480 464 515 γέγονε
472 480 507 507 τὰ
518 480 592 508 ὀστᾶ
600 478 771 516 ὴμῶν-,Ἆρά
783 489 814 515 γε
822 480 918 515 λέγου-

131 534 183 557 σιν,
192 525 273 560 Ξτιρὰ
279 526 381 561 γέγονε
387 527 423 553 τὰ
430 527 520 554 ὀστέα
529 527 621 562 ἡμῶν.
629 527 751 558 Θέλοντες
758 527 853 554 ἀνίστα
857 527 917 553 σθαι

131 570 313 606 συναχθέντα;
343 571 423 598 Ἀλλά
435 572 514 598 τοῦτο
529 573 679 608 ἀμήχανον.
707 571 819 606 Λέγοιεν
835 572 856 597 δ’
873 571 917 603 ἂν,

130 615 205 651 Ξηρὰ
219 616 360 650 γέγονε-τὰ
375 616 455 643 ὀστέα
475 617 563 652 ἡμῶν,
585 618 614 643 ὲν
632 616 831 652 αἰχμαλωσίαις
846 617 918 651 γενό-

132 670 217 696 μενοι.
246 662 292 688 καλ¹
316 663 405 688 πᾶσαν
430 661 547 697 ζωτικὴν
575 662 664 688 νοτίδα
688 661 916 697 ἅποὸεὸληκότες.

137 707 311 742 Ἐπιφέρουσι
334 707 399 741 γοῦν
420 708 460 737 τὸ,
480 708 648 734 Ἀπόλωλεν
667 708 686 741 ἠ
708 707 796 741 ἐλπὶς
812 708 896 742 ἡμῶν
909 717 916 724 ·

130 751 406 787 διαπεφωνήκαμεν.
423 750 527 779 Οὐκοῦν
540 754 556 787 ἡ
570 753 720 787 ἐπαγγελία
736 754 787 789 τῆς
799 753 917 781 ἀναστά-

132 807 201 830 σεως
215 798 262 824 τοῦ
277 798 342 825 λαοῦ
356 799 430 824 ἐστιν
442 798 495 825 άπὸ
507 798 554 824 τοῦ
566 798 721 834 πτώματος,
733 799 780 825 καὶ
787 799 836 834 τῆς
849 800 919 826 οἱον-

130 845 156 871 εὶ
175 845 336 880 νεκρότητος
359 845 392 880 ἢν
410 844 598 881 νενέκρωνται,
617 843 660 871 διὰ
679 845 714 871 τὰ
731 846 918 881 ἁμαρτήματα

131 891 187 921 τοῖς
200 890 307 925 ἐχθροῖς
323 889 532 925 παραδοθέντες.
550 891 605 917 Καὶ
616 891 640 916 οἱ
653 891 807 926 ἁμαρτωλοὶ
820 891 848 917 δὲ
866 892 918 918 ὑπὸ

131 936 178 962 τοῦ
194 936 319 971 Σωτῆρος
335 935 460 969 λέγονται
479 933 548 962 εἶναι
572 935 652 970 τάφοι
664 936 794 971 γέμοντες
816 936 918 963 ὀστέων

131 983 179 1008 καὶ
198 982 285 1016 πάσης
297 981 476 1017 ἀκαθαρσίας.
503 981 607 1017 Πρέπει
629 982 657 1008 δὲ
678 981 717 1017 τῷ
730 981 790 1017 Θεῷ
801 983 919 1017 ἀνοίγειν

974 297 1116 324 strandum
1133 298 1200 333 ipsis
1215 302 1267 330 est,
1282 302 1385 326 temere
1400 300 1462 327 illos
1476 300 1504 327 in
1523 307 1645 328 errorem
1660 301 1759 337 abripi,

972 342 1037 370 dum
1053 343 1150 378 suripti
1163 344 1327 372 sententiam
1341 352 1512 381 nequaquam
1525 347 1691 382 percipiunt.
1704 347 1758 376 Ne-

969 396 1021 423 que
1032 389 1104 416 enim
1117 397 1179 416 cum
1191 396 1253 417 ossa
1267 390 1455 422 nominantur.
1465 391 1522 418 haec
1538 392 1597 426 ipsa
1605 400 1665 427 quat
1675 393 1762 421 habe-

969 442 1030 462 mus
1039 442 1101 462 ossa
1111 442 1160 470 par
1168 440 1210 463 est
1219 435 1315 470 accipi,
1324 435 1362 462 uti
1373 443 1460 471 neque
1468 436 1496 463 in
1506 436 1550 465 his
1558 438 1625 465 locis
1634 438 1678 465 ubi
1692 439 1762 466 scri-

969 483 1044 514 ptum
1055 484 1111 507 est:
1125 479 1250 514 Dispersa
1261 485 1323 508 sunt
1334 481 1422 507 omnia
1431 481 1513 516 538
1521 490 1581 509 oua
1589 491 1647 510 mea
1654 483 1674 515 ';
1686 488 1761 511 tum:

969 525 1042 552 Sana
1059 534 1109 557 me,
1122 527 1247 561 quoniam
1262 526 1419 554 conturbata
1436 532 1498 554 sunt
1513 537 1575 556 oua
1592 530 1684 562 mea';
1697 537 1761 557 cum

969 572 1005 598 sil.
1024 571 1198 600 manifestum
1220 580 1274 599 non
1292 572 1443 600 secundum
1461 574 1601 609 vulgarem
1620 575 1761 602 notionem

969 618 1071 645 ossium
1089 626 1188 646 nomen
1206 619 1343 654 usurpari.
1372 619 1490 647 Proinde
1509 620 1600 647 statim
1618 621 1711 649 eadem
1732 621 1761 649 in

968 664 1093 691 oratione
1104 664 1291 700 subiungitur.
1304 664 1344 692 Eo
1358 665 1427 700 quod
1439 665 1490 700 ipsi
1510 665 1618 693 dicunt:
1629 667 1762 700 Quoniam

969 709 1048 736 arida
1060 710 1134 744 facta
1145 715 1206 737 sunt
1219 719 1279 738 ossa
1288 717 1381 738 nostra
1388 711 1408 738 '.
1420 710 1489 738 Num
1500 711 1551 739 hoc
1562 712 1644 747 igitur
1654 713 1760 746 dicunt,

969 755 1053 782 Arida
1068 755 1141 790 fat-ta
1159 760 1221 782 sunt
1235 764 1296 783 assa
1312 761 1415 788 nostra,
1434 756 1506 791 quod
1525 757 1618 784 eadem
1634 757 1662 784 in
1676 766 1762 786 unum

969 802 1081 829 collecta
1096 803 1191 828 volunt
1206 803 1364 837 resurgere?
1382 803 1461 837 Atqui
1479 803 1536 830 lieri
1553 803 1624 830 istud
1641 811 1695 831 non
1711 812 1761 839 po-

968 851 1033 874 test.
1055 847 1145 879 Quare
1162 847 1238 874 arida
1262 847 1323 875 ideo
1348 855 1396 874 sua
1423 848 1519 875 dicunt
1538 839 1708 885 ossa,iqu0tl
1732 851 1761 878 in

969 893 1172 928 captivitatibus
1189 893 1235 920 diu
1260 893 1344 921 habiti
1366 894 1474 921 vitalem
1493 903 1600 923 omnem
1619 899 1761 924 humorem

969 938 1120 966 amiserint.
1145 938 1222 966 Unde
1243 944 1271 966 et
1297 939 1363 966 illud
1386 940 1523 968 inferunt:
1547 940 1632 968 Periit
1644 949 1700 976 spes
1711 951 1762 969 no-

969 989 1043 1011 stra:
1063 984 1173 1010 abscissi
1192 993 1283 1011 sumus
1299 985 1320 1010 ⁸.
1342 985 1476 1017 Quocirca
1493 987 1702 1015 resurrectionis
1715 987 1762 1014 illa

132 1028 166 1054 τὰ
185 1028 304 1063 μνημεῖα
327 1028 454 1058 ἑκάστου,
475 1028 522 1054 καὶ
538 1027 646 1062 ἐξάγειν
661 1028 694 1054 ὲκ
709 1027 764 1054 τῶν
780 1029 920 1063 μνημείων

974 1029 1070 1064 populo
1082 1029 1153 1056 facta
1168 1030 1314 1064 promissio
1324 1031 1357 1056 ab
1369 1030 1413 1057 illa
1430 1031 1508 1058 ruina
1531 1039 1562 1059 ac
1579 1033 1653 1060 velut
1663 1040 1761 1060 eneca-

131 1073 207 1108 ἠμᾶς
223 1072 466 1109 ὲζωοποιημένους.
484 1073 578 1109 ὥσπερ
591 1074 606 1100 ὁ
621 1073 715 1109 Σωτὴρ
735 1073 782 1100 τὸν
796 1074 920 1111 Λάζαρον

974 1077 1054 1107 tione.
1074 1083 1128 1110 qua
1149 1076 1278 1104 exstincti
1302 1080 1378 1108 sunt,
1398 1084 1460 1104 cum
1484 1082 1596 1113 propter
1613 1079 1715 1106 scelera
1732 1078 1761 1105 in

132 1118 255 1146 εἵλκυσεν
272 1119 334 1153 ἔξω.

974 1122 1092 1149 hostium
1107 1126 1268 1157 potestatem
1290 1122 1382 1149 traditi
1403 1128 1477 1155 sunt,
1493 1123 1616 1158 quaedam
1632 1127 1674 1151 est
1691 1123 1764 1151 exci-

132 1166 201 1191 tatio
218 1164 319 1192 futura.
347 1164 418 1197 Quin
434 1165 515 1192 etiam
543 1169 701 1200 peccatores
719 1172 734 1192 a
754 1165 895 1193 Salvatore
908 1168 1032 1202 sepulcra
1048 1175 1109 1195 esse
1135 1167 1265 1195 dicuntur
1285 1168 1395 1196 ossibus
1408 1174 1488 1204 atque
1502 1169 1575 1196 omni
1592 1169 1764 1197 immunditia

132 1213 223 1248 plena.
241 1211 294 1238 Sed
310 1210 375 1238 illud
390 1211 489 1238 divinae
504 1211 638 1245 maiestati
653 1212 790 1242 convenit,
806 1216 835 1238 ut
849 1212 1017 1247 singulorum
1031 1214 1155 1247 sepulcra
1170 1212 1324 1248 patefaciat,
1340 1218 1368 1240 et
1382 1221 1433 1240 nos
1447 1213 1481 1240 ad
1501 1214 1583 1241 vitam
1597 1213 1764 1243 instauratos

133 1267 150 1288 e
163 1260 348 1286 monumentis
362 1258 472 1291 educat,
486 1258 598 1294 perinde
612 1266 643 1286 ac
658 1258 790 1286 Lazarum
808 1258 881 1286 foras
898 1259 1024 1287 Salvator
1038 1260 1166 1286 extraxit.

168 1306 226 1339 ις’.
250 1305 287 1331 Τδ
301 1304 340 1337 δὲ,
358 1304 439 1331 Ἐκεῖ
447 1304 532 1331 ἔσται
547 1306 563 1331 ὁ
577 1305 739 1339 κλαυθμὸς,
760 1304 809 1331 καὶ
824 1307 841 1332 ό
850 1305 921 1339 βρυ-

1013 1305 1083 1333 XVI.
1100 1305 1159 1332 Jam
1175 1314 1240 1333 vero
1256 1307 1328 1340 quod
1351 1306 1423 1333 hunc
1439 1306 1528 1332 locum
1552 1306 1702 1340 objiciunt:
1721 1307 1765 1334 lbi

133 1352 208 1387 τμὸς
220 1350 280 1378 τῶν
295 1350 435 1383 ὀδόντων,
448 1350 517 1386 πρὸς
529 1350 626 1382 αὐτοὺς
639 1351 800 1386 ἅπορητέον,
825 1352 865 1378 ὅτι
881 1351 921 1383 Ὠς

978 1352 1027 1378 erit
1041 1351 1116 1386 ﬂetus
1128 1356 1152 1378 et
1164 1351 1263 1378 stridor
1273 1351 1421 1382 dentium',
1431 1351 1470 1378 sic
1485 1351 1615 1379 adversus
1632 1352 1692 1381 illos
1706 1353 1765 1381 dis-

132 1398 162 1425 ὲν
172 1397 258 1432 τούτῳ
266 1396 305 1431 τῷ
317 1396 366 1432 βίῳ
377 1397 430 1423 πᾶν
443 1396 523 1432 μέλος
535 1396 575 1427 εῐς
585 1405 647 1423 τινα
656 1397 750 1432 χρείαν
764 1397 778 1423 ὁ
789 1398 825 1433 Δη
831 1405 921 1433 μιουρ-

975 1397 1126 1432 putandum
1142 1401 1196 1424 est:
1214 1397 1281 1424 Cum
1300 1397 1326 1424 in
1341 1397 1391 1423 hac
1402 1397 1455 1423 vita
1472 1397 1623 1424 membrum
1640 1405 1720 1426 onme
1731 1398 1765 1426 ad

134 1444 181 1478 γδς
192 1443 403 1474 κατεσκεύασεν,
413 1442 500 1474 οὕτως
513 1443 558 1469 καὶ
569 1443 631 1474 τοὺς
647 1443 756 1475 ὀδόντας
771 1444 811 1474 εἰς
825 1443 855 1470 τὸ
867 1443 921 1470 δια-

978 1450 1056 1470 usum
1072 1443 1191 1477 aliquem
1211 1450 1226 1469 a
1242 1450 1349 1470 summo
1373 1443 1418 1469 illo
1435 1442 1538 1478 Opiﬁce
1558 1443 1593 1471 sit
1613 1444 1764 1476 conditum,

134 1489 282 1515 κόπτεσθαι
309 1488 357 1524 τὴν
380 1488 492 1524 στερεὰν
506 1490 618 1524 τροφήν.
643 1487 690 1520 Τίς
707 1486 754 1514 οὖν
771 1488 851 1524 χρεία
865 1489 921 1520 τοῖς

975 1493 1032 1516 tum
1042 1496 1107 1516 vero
1117 1489 1213 1516 dentes
1223 1489 1313 1516 solido
1324 1488 1385 1515 cibo
1396 1488 1605 1516 comminuendo
1615 1494 1679 1517 sunt
1687 1489 1763 1518 facti.

134 1533 326 1569 κολαζομένοις
340 1533 452 1570 ὀδόντων
463 1543 470 1565 ;
483 1534 520 1560 Οὺ
537 1534 590 1570 γὰρ
607 1535 645 1565 εις
658 1534 708 1569 τὴν
721 1533 833 1568 γέενναν
846 1533 921 1566 ὄντες

978 1535 1048 1568 Quid
1062 1535 1144 1570 igitur
1158 1535 1288 1562 dentibus
1301 1541 1370 1569 opus
1381 1534 1435 1561 illis
1447 1539 1499 1566 est,
1514 1535 1560 1569 qui
1575 1535 1645 1570 apud
1661 1535 1765 1564 inferos

135 1579 196 1606 κατ’
216 1579 313 1610 αὐτοὺς
333 1579 474 1613 φάγονται.
499 1578 554 1604 Καὶ
574 1578 704 1608 δεικτέον.
729 1579 770 1606 ὅτι
786 1579 817 1605 οὐ
833 1578 920 1605 πάντα

975 1581 1153 1609 cruciantur?
1165 1580 1223 1608 Non
1234 1581 1317 1613 enim,
1333 1581 1440 1616 opinor,
1457 1581 1605 1615 quidquam
1618 1581 1674 1608 illic
1687 1589 1766 1609 man-

135 1623 397 1659 παραλαμὸἀνεσθαι
418 1623 460 1650 δεῖ
480 1622 550 1649 κατὰ
573 1622 603 1649 τὸ
619 1623 752 1658 κείμενον.
785 1623 921 1655 Ὀδόντας

135 1669 209 1704 γοῦν,
222 1669 314 1704 φησὶν,
325 1668 506 1703 ἁμαρτωλῶν
516 1668 715 1703 συνέτριψας’
730 1669 787 1699 καὶ,
801 1669 857 1701 Τὰς
865 1669 921 1703 μύ-

134 1717 194 1748 λας
214 1714 274 1742 τῶν
295 1715 427 1741 λεόντων
442 1713 633 1740 συνέθλασεν
649 1715 665 1740 ό
684 1714 802 1748 Κύριος,
828 1714 876 1746 Τίς
894 1713 922 1740 δὲ

135 1761 221 1793 οὕτως
228 1760 341 1796 ἠλίθιος,
352 1759 389 1791 ὡς
397 1759 609 1795 ὑπολαμὸάνειν,
617 1760 658 1786 ὅτι
668 1759 759 1795 τηρῶν
768 1759 802 1787 τὰ
811 1759 923 1795 σώματα

135 1808 190 1835 τῶν
201 1806 371 1843 ἁμαρτωλῶν
382 1806 478 1838 ὁΘεὺς,
489 1807 551 1837 τοὺς
560 1806 669 1838 ὀδόντας
683 1805 771 1833 αὐτῶν
786 1806 923 1841 συντρίϐει

138 1853 216 1889 μόνον
230 1861 238 1886 ;
256 1852 362 1888 ’Ὠσπερ
376 1850 422 1878 οὖν
446 1852 471 1877 εἴ
483 1860 535 1882 τις,
549 1851 633 1877 θέλων
642 1850 728 1878 ταῦτα
739 1851 825 1883 οὓτως
840 1851 922 1886 ἔχειν,

138 1899 294 1934 θλιῦόμενος
307 1898 412 1924 εἵλκετο
436 1897 478 1922 ἐπ’
496 1896 669 1931 άλληγορίαν,
694 1896 779 1928 οὕτως
793 1897 924 1932 ζητητέον

137 1944 191 1971 τῶν
201 1943 387 1979 κολαζομένων
394 1942 439 1969 τὸν
448 1942 569 1978 βρυγμὸν
579 1941 632 1968 τῶν
642 1942 765 1974 ὀδόντων,
777 1942 825 1978 τῆς
835 1941 925 1976 ψυχῆς

137 1990 252 2025 δύναμιν
268 1988 421 2024 μασητικὴν
434 1987 559 2023 ἐχούσης,
571 1988 631 2022 ἥτις
646 1989 674 2013 ὲν
688 1986 775 2022 καιρῷ
788 1987 835 2013 τοῦ
851 1987 926 2021 ἐλέγ-

137 2045 184 2071 χου
205 2035 272 2071 περὶ
291 2035 345 2062 τῶν
365 2034 572 2070 ἁμαρτημάτων
588 2032 659 2060 κατὰ
675 2033 719 2059 τὸν
736 2033 925 2068 συγκρουσμὸν

137 2083 192 2108 τῶν
201 2081 315 2108 ὀδόντων
328 2081 373 2116 (ὡς
396 2080 541 2116 ἐφρόνησε)
570 2079 660 2115 βρύξει
678 2079 739 2110 τοὺς
753 2079 870 2110 ὀδόντας.
889 2078 926 2106 Τὸ

138 2128 177 2159 δὲ.
198 2127 348 2160 Φοϐήθητε
368 2127 420 2154 τὸν
436 2125 606 2160 δυνάμενον
624 2126 671 2152 καὶ
690 2124 796 2159 ψυχὴν
820 2124 868 2151 καὶ
893 2124 926 2151 τὸ

139 2172 226 2207 σῶμα
240 2173 389 2200 ἀπολέσαι
405 2173 439 2199 ἐν
453 2173 571 2207 γεέννῃ,
588 2172 657 2206 τάχα
672 2171 721 2206 μὲν
735 2170 864 2202 διδάσκει,
882 2171 924 2196 ὅτι

980 1627 1129 1654 du‘caturos
1141 1634 1203 1654 esse
1216 1627 1345 1654 dixerint.
1367 1626 1407 1653 Ad
1422 1627 1478 1654 haec
1493 1626 1607 1654 docendi
1624 1631 1766 1660 sunt,non

975 1673 1066 1700 omnia
1090 1673 1203 1707 perinde
1230 1672 1388 1708 accipienda
1417 1680 1480 1700 esse
1503 1680 1536 1699 ac
1562 1674 1664 1707 scripta
1687 1678 1762 1701 sunt.

973 1717 1063 1751 Quare
1086 1716 1140 1744 alio
1163 1716 1223 1743 loco
1242 1718 1373 1751 scriptum
1394 1719 1437 1743 est
1461 1724 1468 1742 :
1487 1715 1583 1742 Dentes
1596 1720 1764 1750 peccatorum

981 1761 1161 1794 contrivisti‘;
1174 1762 1237 1788 item
1247 1769 1254 1786 :
1264 1760 1351 1788 Malas
1361 1760 1464 1788 leonum
1474 1761 1600 1796 confregit
1608 1761 1736 1789 Dominus
1742 1761 1764 1789 '.

980 1807 1048 1834 Nam
1063 1806 1125 1841 quis
1137 1806 1204 1833 adeo
1213 1805 1328 1833 stolidus
1338 1810 1389 1838 est,
1405 1810 1433 1832 ut
1445 1806 1497 1833 sibi
1511 1806 1764 1840 persuadeatDeum

976 1852 1122 1880 reservatis
1143 1855 1315 1886 peccatorum
1329 1850 1490 1884 corporibus
1508 1850 1580 1877 solos
1591 1850 1686 1877 dentes
1697 1857 1765 1877 eon-

975 1897 1084 1925 terere?
1113 1896 1149 1924 Ut
1172 1897 1256 1931 igitur
1267 1896 1313 1931 qui
1334 1896 1390 1923 haec
1411 1896 1447 1922 ita
1473 1903 1503 1923 se
1526 1895 1626 1923 habere
1642 1896 1715 1928 velit,
1735 1896 1763 1924 in

974 1942 1113 1978 angustias
1131 1941 1281 1976 conjectus,
1296 1940 1330 1967 ad
1344 1941 1519 1975 allegoricum
1535 1947 1646 1967 sensum
1662 1941 1704 1967 vel
1720 1941 1763 1967 in—

974 1989 1048 2016 vitus
1062 1987 1193 2014 trahitur:
1218 1985 1258 2013 sic
1278 1985 1312 2012 de
1328 1985 1446 2012 stridore
1461 1985 1583 2012 dentium
1602 1984 1630 2011 in
1655 1985 1698 2011 his
1715 1985 1763 2019 qui

975 2032 1117 2068 suppliciis
1128 2030 1292 2062 alliciuntur,
1308 2029 1446 2064 inquirere
1462 2029 1531 2059 idem
1545 2033 1672 2063 oportet;
1690 2037 1760 2064 qua-

976 2084 1055 2106 tenus
1075 2077 1165 2104 anima
1182 2075 1391 2103 commandendi
1415 2075 1574 2102 nonnullam
1593 2075 1647 2102 vim
1671 2075 1763 2106 habet.

975 2131 1027 2160 qua
1043 2123 1139 2150 ultian
1155 2121 1201 2149 illo
1220 2121 1318 2156 judicii
1345 2125 1477 2155 tempore,
1500 2128 1562 2148 cum
1587 2121 1620 2148 de
1645 2123 1765 2156 peccatis

975 2169 1089 2205 quaestio
1104 2169 1258 2200 habebitur,
1271 2168 1384 2203 perinde
1399 2171 1428 2194 ut
1443 2168 1535 2194 collidi
1552 2168 1649 2196 dentes
1663 2169 1762 2198 solent.

140 2217 282 2252 ἀσώματος
307 2218 325 2253 ἡ
347 2217 434 2253 ψυχὴ,
459 2217 530 2252 τάχα
555 2216 583 2243 δὲ
604 2216 679 2265 δηλοξ
706 2217 754 2242 καὶ
776 2216 816 2242 ὅτι
840 2215 921 2250 χωρὶς

978 2217 1014 2242 ita
1030 2220 1087 2242 tum
1100 2215 1228 2242 dentibus
1241 2213 1443 2249 quodammodo
1457 2214 1592 2242 stridebit.
1609 2214 1676 2242 Illud
1689 2223 1763 2246 vero,

140 2264 265 2300 σώματος
280 2263 311 2290 οὐ
331 2263 545 2299 κολασθήσεται·
567 2262 632 2297 περὶ
652 2259 682 2289 οὗ
702 2261 921 2296 φυσιολογοῦντες

979 2261 1077 2289 Timete
1091 2269 1159 2292 eum,
1177 2261 1221 2296 qui
1236 2264 1320 2295 potest
1336 2264 1361 2287 et
1377 2261 1496 2287 animam
1510 2265 1535 2288 et
1552 2269 1646 2295 corpus
1658 2261 1766 2295 perdere

139 2310 174 2337 τὰ
201 2310 264 2345 περὶ
290 2309 337 2336 τοῦ
360 2309 458 2342 εἴδους,
482 2310 529 2336 καὶ
550 2308 597 2336 τοῦ
620 2308 728 2344 πρώτου
745 2307 921 2343 ὑποκειμένου

978 2309 1006 2335 in
1019 2307 1160 2343 gehennam
1168 2307 1190 2335 '.
1217 2306 1285 2334 forte
1304 2306 1331 2333 id
1349 2314 1434 2333 unum
1449 2314 1500 2334 nos
1514 2306 1604 2338 docet,
1625 2312 1764 2342 expertem

140 2356 301 2392 εἰρήκαμεν.

979 2361 1041 2381 esse
1057 2353 1180 2387 corporis
1198 2352 1332 2386 animam;
1356 2356 1404 2379 aut
1423 2352 1489 2379 illud
1508 2353 1630 2387 insuper,
1647 2353 1765 2380 animam

141 2404 200 2435 sine
212 2409 327 2437 corpore
348 2402 438 2429 nullas
451 2408 547 2436 pinnas
569 2409 630 2429 esse
648 2402 861 2437 persoluturam.
889 2400 928 2429 De
947 2409 1001 2436 quo
1016 2408 1130 2436 corpore
1145 2407 1206 2435 qua:
1218 2400 1252 2427 ad
1272 2400 1388 2435 speciem
1404 2408 1436 2427 ac
1450 2401 1565 2436 primam
1597 2400 1678 2436 539
1705 2402 1767 2429 sub-

139 2451 239 2486 jectum
257 2449 404 2477 materiam"
422 2449 591 2482 attinebant,
619 2450 700 2484 paulo
725 2455 788 2477 ante
811 2449 926 2476 naturali
947 2450 1053 2476 ratione
1065 2449 1255 2476 disseruimus.

176 2495 232 2522 Kal.
251 2494 282 2523 τὸ
301 2494 377 2531 παρὰ
391 2494 429 2530 τῷ
453 2495 605 2530 Ἀποστόλῳ
619 2495 657 2527 δὲ,
677 2495 861 2528 Ζωοποιήσει
878 2495 927 2522 καὶ

141 2542 177 2568 τὰ
190 2541 284 2575 θνητὰ
294 2540 378 2576 ἡμῶν
388 2541 520 2576 σώματα,
534 2540 631 2576 Ονητοῦ
645 2540 719 2573 ὄντος
731 2541 778 2568 τοῦ
791 2541 927 2576 σώματος,

142 2588 189 2615 καὶ
199 2588 229 2614 οὐ
248 2588 406 2623 μετέχοντος
416 2587 467 2622 τῆς
482 2587 611 2622 ἀληθινῆς
627 2587 710 2622 ζωῆς,
733 2587 843 2614 δύναται
857 2596 929 2623 παρ-

124 2641 126 2645 ·
143 2634 344 2666 ιστάνειν,ὃπου
354 2633 385 2660 τὺ
395 2634 547 2668 σωματικὸν
563 2631 714 2668 εῐδος,ἶπερὶ
725 2629 755 2659 οὗ
765 2633 926 2669 είρήκαμεν,

126 2683 127 2686 ‘
141 2680 174 2715 τῇ
191 2679 269 2714 φύσει
285 2678 380 2715 θνητὸν
394 2678 434 2710 ὂν,
448 2678 521 2705 ὅταν
531 2679 657 2713 Χριστὸς
669 2678 825 2713 φανερωθῇ
839 2679 858 2712 ἡ
871 2677 926 2712 ζωὴ

141 2723 236 2758 ἡμῶν,
251 2723 297 2750 καὶ
310 2723 376 2750 αὐτὸ
391 2723 552 2758 μεταϐάλλει
567 2723 621 2750 ἀπὸ
634 2723 681 2750 τοῦ
698 2721 767 2750 εἶναι
785 2723 865 2758 σῶμα
878 2723 926 2750 θα-

142 2767 222 2797 νάτου
234 2768 410 2804 ζωοποιηθὲν,
422 2769 466 2796 διὰ
477 2769 507 2796 τὸ
517 2769 628 2804 Πνεῦμα
638 2769 669 2796 τὸ
679 2768 827 2800 ζωοποιοῦν
839 2769 870 2795 ἐκ
882 2768 928 2795 τοῦ

1015 2495 1049 2522 At
1063 2502 1127 2522 vero
1140 2494 1243 2521 dictum
1255 2493 1320 2521 illud
1330 2493 1468 2529 Apostoli:
1490 2493 1640 2528 Vivificabit
1656 2499 1680 2521 et
1692 2503 1765 2522 mor-

980 2540 1046 2567 talia
1059 2545 1150 2567 nostra
1163 2541 1304 2573 carpora';
1316 2546 1378 2566 cum
1390 2542 1514 2566 nostrum
1529 2540 1643 2567 mortale
1658 2541 1693 2567 sit
1706 2548 1766 2567 cor-

980 2593 1042 2621 pus,
1058 2593 1109 2613 nec
1123 2592 1194 2612 verte
1204 2585 1266 2611 vitae
1279 2585 1424 2619 particeps,
1434 2584 1507 2611 istud
1523 2584 1611 2619 ipsum
1627 2585 1767 2612 declarare

979 2633 1078 2665 potest.
1099 2637 1258 2664 corpoream
1273 2629 1344 2656 hanc
1359 2629 1476 2664 speciem
1490 2629 1523 2656 de
1535 2637 1588 2664 qua
1602 2633 1679 2656 antea
1694 2629 1765 2656 dixi-

980 2685 1051 2709 mus,
1069 2684 1129 2711 qure
1143 2681 1248 2703 naturae
1267 2676 1390 2703 mortalis
1406 2679 1459 2709 est,
1479 2683 1538 2702 cum
1551 2675 1671 2703 Christus
1683 2682 1766 2709 appa-

979 2723 1061 2750 ruerit
1074 2723 1128 2750 vita
1137 2727 1229 2750 nostra
1239 2722 1271 2754 “,
1283 2726 1310 2749 et
1324 2722 1409 2757 ipsam
1421 2722 1454 2749 ab
1462 2730 1495 2750 eo
1505 2727 1587 2753 statu,
1596 2729 1650 2756 quo
1661 2721 1766 2756 peccati

982 2776 1082 2803 corpus
1101 2772 1169 2799 erat,
1191 2775 1253 2795 esse
1269 2767 1445 2801 mutandam;
1470 2771 1645 2803 posteaquam
1662 2766 1766 2795 scilicet

178 2847 187 2863 ¹
200 2845 272 2874 Psal.
289 2854 346 2878 xu,
359 2846 402 2874 l5.
440 2847 450 2862 ²
464 2845 536 2874 Psal.
553 2854 590 2876 vn.
602 2846 628 2873 3.
666 2845 783 2873 'Ezech.
798 2853 900 2874 xxxv".
918 2845 959 2872 ll.
998 2844 1008 2860 ⁸
1024 2845 1089 2873 ἰὺίιι.
1128 2845 1139 2861 ⁸
1156 2844 1249 2872 Matth.
1265 2852 1323 2873 vul-
1346 2844 1387 2873 l2.
1427 2845 1438 2861 ⁶
1450 2844 1522 2873 Psal.
1543 2853 1585 2878 ut,
1600 2844 1617 2872 8
1665 2845 1674 2860 ‘
1692 2844 1766 2874 fral.

140 2889 210 2914 LVII,
227 2882 251 2909 7.
296 2882 307 2898 ³
321 2882 415 2909 Matth.
432 2890 458 2914 κ,
471 2882 517 2909 28.
555 2883 566 2898 ³
581 2881 659 2909 Rom.
681 2890 738 2912 vni,
754 2881 796 2908 ll.
837 2881 857 2896 ‘°
873 2881 919 2908 Col

974 2902 987 2913 η,
1003 2880 1031 2907 6.
