1958 3050
173 127 240 155 1095

860 124 889 151 S.
911 124 1080 152 EPIPIIAN"

1722 122 1733 146 1
1740 120 1794 149 096

173 188 205 214 ab
219 185 326 212 vivitico
349 185 447 220 spiritu
465 185 498 211 ad
514 185 596 212 vitam
623 185 748 212 restituta
765 183 856 217 fuerit,
874 190 956 219 atque

1021 184 1188 219 πνευματικὸν
1198 183 1349 218 γεγονέναι.
1365 183 1419 209 Καὶ
1431 182 1477 214 τδ,
1509 181 1585 215 Ἐρεῖ
1596 180 1629 208 δέ
1646 189 1706 214 τις-
1725 180 1795 212 Πῶς

173 233 198 258 in
222 231 372 266 spiritalem
394 235 518 258 naturam
545 230 692 257 transierit.
724 230 858 257 Praeterea
885 230 957 257 istud

172 277 260 311 ipsum
272 286 277 303 :
293 275 345 303 Sed
353 276 421 303 dicet
433 275 546 310 aliquis:
557 275 694 308 Quomodo
703 280 840 310 resurgunt
851 276 957 307 mortui,

174 327 218 348 aut
233 322 305 356 quali
320 330 379 348 cum
394 329 501 356 corpore
516 322 619 348 veniunt
630 322 636 336 '
647 323 659 347 '!
682 321 768 356 palam
785 321 858 348 istud
870 326 960 348 osten-

174 369 227 401 dit,
243 369 357 402 primam
372 367 522 402 subjectam
534 367 674 393 materiam
689 367 762 394 nullo
778 366 857 394 modo
868 374 960 393 resur-

175 422 250 449 gere.
267 413 332 440 Nam
351 414 374 440 si
396 418 469 440 recte
485 414 655 448 propositum
673 413 708 440 ab
723 414 854 447 Apostolo
870 421 961 440 exem-

175 460 247 494 plum
265 459 424 494 accipimus.
440 459 586 486 dicendum
608 463 668 491 est,
687 459 800 486 seminis
822 465 960 490 naturam,

175 512 235 539 qua:
249 505 376 532 frumenti
392 512 476 540 grano
494 505 576 531 insita
590 509 643 536 cst,
656 505 747 531 vicina
763 508 890 539 correpta
904 511 962 530 ma-

176 550 258 581 teria,
281 553 365 576 totam
390 550 462 576 illam
486 549 644 584 pervadere.
670 553 750 583 atque
774 549 846 576 illius
862 549 964 583 pariter

176 599 302 629 correpta
324 595 425 629 specie,
441 595 513 621 vires
529 602 593 621 suas
613 595 640 620 in
660 594 697 625 id,
713 593 787 628 quod
802 598 865 621 ante
879 599 962 624 terra,

177 647 258 675 aqua,
276 648 332 671 aer,
346 640 470 674 ignisque
485 639 582 670 fuerat,
601 639 801 670 transfundere,
817 645 966 672 earumque

178 686 315 720 superatis
340 685 529 719 qualitatibus,
553 684 581 711 in
605 684 677 711 illam
702 684 799 718 ipsam,
822 684 901 719 cujus
924 689 965 710 cst

178 730 286 763 artifex,
301 734 475 761 convertere;
491 735 573 764 atque
588 729 639 756 hoc
654 729 734 756 modo
746 729 838 764 perﬁci
851 729 965 764 spicam,

179 785 238 812 qua:
255 784 270 803 a
287 777 375 810 priore
390 782 475 810 grano
489 774 587 801 mirum
607 775 633 801 in
652 773 772 806 modum,
788 778 814 801 et
829 773 966 809 magnitu—

179 823 254 852 dine,
269 825 296 848 et
317 819 414 855 ﬁgura,
429 823 457 846 et
471 819 604 846 varietate
617 818 760 846 dissideat.

422 874 464 902 Ea:
482 875 569 902 eodem
587 875 692 902 Proclo.

217 921 300 948 XVli.
319 921 382 948 Ilaec
397 926 471 952 sunt,
483 921 547 948 utin
561 920 751 955 compendium
765 919 892 954 redigam,
907 927 967 954 qua:

181 974 276 996 contra
296 968 525 995 resurrectionem
545 966 675 1002 Origenes
690 973 788 1000 magno
804 965 894 992 studio
911 965 967 992 dis-

183 1015 286 1044 seruit,
314 1013 341 1039 in
367 1019 455 1046 eoque
480 1015 640 1046 argumento
667 1018 802 1037 summam
831 1009 967 1036 tractandi

183 1057 338 1084 varietatem
352 1055 485 1082 adhibuit.
500 1055 540 1082 Tu
551 1063 627 1086 vero,
641 1062 701 1089 qum
711 1054 840 1089 deinceps
849 1062 968 1089 sequun-

183 1102 390 1137 tur,diligenter
401 1101 555 1128 considera.
572 1101 627 1128 Hoc
641 1101 713 1128 enim
731 1104 825 1132 restat,
840 1104 869 1127 ut
881 1101 969 1127 allatae

182 1156 197 1176 e
212 1148 299 1176 sacris
323 1147 434 1175 Litteris
449 1146 624 1174 auctoritates
641 1146 675 1173 ad
691 1154 723 1173 ea
742 1154 802 1181 quae
815 1147 887 1173 dicta
905 1151 969 1173 sunt

184 1194 378 1229 adjungantur,
394 1197 423 1220 ut
435 1197 564 1227 tanquam
577 1195 668 1219 statua
681 1192 816 1227 quadam,
829 1192 869 1218 sic
882 1192 969 1218 oratio

183 1244 277 1267 nostra
300 1236 358 1267 suis
372 1239 500 1266 omnibus
523 1238 699 1273 proportione
721 1241 828 1265 servata
846 1238 970 1272 partibus

183 1289 323 1316 constans,
343 1285 469 1312 absoluta
498 1284 533 1311 sit
556 1284 718 1318 penitusque
737 1283 867 1318 perfecta,
883 1291 970 1318 neque

184 1331 332 1365 quidquam
362 1331 390 1357 in
417 1330 463 1356 illa
487 1329 520 1356 ad
547 1330 659 1364 ﬁguram
686 1328 972 1364 pulchritudinemque

183 1376 359 1403 desideretur.
389 1376 473 1411 Igitur
492 1374 719 1410 quemadmodum
742 1381 804 1401 cum
821 1375 864 1401 his
885 1382 971 1402 sacra:

184 1421 291 1448 Littera:
304 1422 486 1453 consentiant,
496 1425 577 1455 atque.
591 1420 624 1447 ad
640 1420 761 1447 melioris
772 1421 833 1447 vire
848 1421 968 1456 comple-

186 1471 307 1493 mentum
331 1466 468 1493 hominem
493 1466 666 1498 conﬁrmcnt,
682 1466 807 1492 oratione
829 1465 972 1493 declaran-

1008 231 1168 266 ἐγείρονται
1185 232 1210 255 οἱ
1231 229 1341 263 νεκροὶ,
1364 229 1438 260 ποίῳ
1455 227 1489 254 δὲ
1510 227 1622 261 σώματι
1638 226 1795 260 ἔρχονταυ

1008 276 1119 310 γυμνῶς
1134 275 1306 310 παρίστησιν,
1328 275 1369 300 ὃτι
1385 274 1415 300 τὸ
1434 273 1540 308 πρῶτον
1554 273 1731 306 ὑποκείμενον
1744 271 1796 297 οὐκ

1010 324 1199 358 ἀναστήσεται.
1215 323 1246 348 Εἰ
1259 322 1312 357 γὰρ
1324 322 1413 352 καλῶς
1425 321 1557 355 ἐλάϐομεν
1569 319 1598 345 τὸ
1608 318 1794 353 παράδειγμα,

1011 369 1117 405 ῥητέον,
1136 370 1176 395 ὅτι
1196 370 1211 395 ὁ
1232 367 1417 403 σπερματικὸς
1430 367 1518 401 λόγος,
1543 367 1571 392 ὲν
1585 366 1623 400 τῷ
1637 365 1727 399 κόκκῳ
1747 364 1795 390 τοῦ

1012 415 1085 441 σίτου
1102 415 1268 450 δραξάμενος
1289 414 1340 448 τῆς
1365 412 1569 447 παρακειμένης
1595 410 1671 445 ὕλης,
1695 410 1742 436 καὶ
1761 410 1796 435 δι’

1011 461 1074 495 ὅλης
1090 461 1173 495 αὐτῆς
1188 461 1325 495 χωρήσας,
1344 458 1574 494 περιδραξάμενος
1587 457 1670 491 αὐτῆς
1688 455 1734 482 τοῦ
1747 455 1797 481 αὖ·

1012 508 1059 534 τοῦ
1073 508 1167 539 εἴδους,
1186 504 1222 533 ὧν
1237 506 1292 541 ἔχει
1307 506 1448 539 δυνάμεων
1464 503 1600 538 ἐπιτίθησι
1619 504 1652 537 τῇ
1669 510 1734 527 ποτε
1747 500 1796 536 τῇ.

1014 555 1061 581 καὶ
1074 553 1160 583 ὕδατι,
1185 552 1231 579 καὶ
1246 553 1316 587 ἀέρι,
1335 551 1382 578 καὶ
1399 551 1476 586 πυρὶ,
1496 550 1609 584 νικήσας
1621 548 1669 579 τὰς
1685 548 1797 574 ἐκείνων

1014 600 1170 634 ποιότητας,
1189 598 1349 633 μεταϐάλλει
1359 597 1405 623 ἐπὶ
1417 597 1518 631 ταύτην
1530 594 1563 631 ἦς
1575 597 1648 622 ἐστιν
1660 594 1739 624 αὐτὸς
1750 593 1797 627 δη-

1017 645 1207 682 μιουργός·κσ.ὶ
1214 644 1297 676 οὕτως
1311 643 1513 679 σνσμπληροῦται
1522 643 1536 668 ὁ
1547 642 1657 677 στάχυς,
1666 642 1704 672 είς
1714 641 1797 674 (imp.

1016 692 1096 727 ὁολὴν
1118 692 1253 726 διαφέρων
1273 689 1320 716 τοῦ
1341 689 1370 722 ἐξ
1391 689 1476 725 ἀρχῆς
1494 688 1593 715 κόκκου
1617 686 1734 722 μεγέθει,
1750 685 1798 712 καὶ

1017 738 1147 772 σχήματι,
1160 737 1206 763 καὶ
1220 735 1351 770 ποικιλίᾳ.

1210 868 1346 902 Πρόκλου
1364 865 1416 893 τοῦ
1433 866 1525 894 αὐτοῦ
1534 864 1600 900 (5‘2).

1052 914 1102 942 lZ'.
1119 915 1152 941 *Δ
1164 914 1213 950 μὲν
1223 913 1269 940 οὖν
1282 913 1422 949 Ὠριγένης
1435 913 1475 944 εἰς
1486 911 1534 947 τὴν
1549 911 1612 946 περὶ
1626 908 1799 939 ἀναστάσεως

1018 959 1150 996 ἐγχειρῶν
1158 960 1349 995 πραγματείαν
1360 957 1518 988 ἐσπούδασε,
1531 955 1727 989 ποικιλωτάτην
1740 954 1799 979 ἐπι-

1017 1005 1188 1040 δεικνύμενος
1205 1005 1331 1040 θεωρίαν,
1347 1003 1400 1030 είσὶ
1414 1003 1531 1029 τοσαῦτα
1556 1001 1593 1032 ὡς
1616 1001 1645 1027 ὲν
1666 1000 1781 1033 ἐπιτομῇ
1792 1007 1799 1013 ·

1018 1051 1133 1086 ἐνθυμοῦ
1148 1051 1177 1078 δὲ
1199 1051 1244 1077 καὶ
1264 1050 1298 1077 τὰ
1317 1049 1421 1080 τούτοις
1434 1047 1596 1082 ἀναθεωρῶν
1615 1045 1722 1080 ἑφεξῆς.
1741 1045 1799 1071 Λεί-

1019 1106 1099 1124 πεται
1115 1096 1168 1132 γὰρ
1185 1095 1234 1127 τὰς
1248 1095 1302 1122 ἀπὸ
1317 1095 1371 1120 τῶν
1389 1093 1505 1130 Γραφῶν
1520 1092 1560 1118 ἔτι
1574 1091 1643 1127 πρὸς
1657 1092 1712 1122 τοῖς
1725 1091 1800 1125 εἰρη-

1022 1143 1111 1178 μένοις
1139 1141 1290 1178 μαρτυρίας
1313 1139 1495 1176 παραλαϐεῖν·
1528 1139 1560 1165 ἵν’
1581 1137 1675 1172 ὥσπερ
1691 1136 1800 1171 ἀνδριὰς

1020 1190 1107 1216 πάντα
1122 1188 1157 1214 τὰ
1177 1188 1246 1223 μέρη
1264 1186 1426 1221 συμμέτρως
1449 1186 1463 1210 ὁ
1479 1184 1556 1218 λόγος
1582 1182 1676 1209 ἑαυτοῦ
1700 1180 1801 1212 λαϐὼν,

1020 1237 1087 1268 ὅλως
1107 1237 1139 1262 ὲκ
1159 1236 1279 1271 πλήρους
1337 1232 1597 1267 κατεσκευασμένος,
1625 1228 1692 1256 ἀλλὰ
1720 1227 1802 1262 μηδὲν

1020 1282 1088 1317 ἔχων
1101 1282 1190 1313 ἐνδεὲς
1200 1281 1254 1307 τῶν
1269 1282 1309 1312 εἰς
1330 1280 1422 1315 σχῆμα
1435 1279 1481 1305 καὶ
1495 1277 1591 1308 κάλλος
1604 1274 1802 1309 συναγομένων.

1021 1328 1053 1354 Τί
1069 1326 1115 1354 οὖν
1130 1329 1157 1354 αἱ
1174 1327 1281 1362 Γραφαὶ
1296 1326 1436 1362 συνᾴδουσι
1448 1324 1562 1355 τούτοις,
1575 1320 1802 1356 ὲπικρατύνουσαι

1022 1374 1090 1408 πρὸς
1105 1374 1302 1409 συμπλήρωσιν
1313 1371 1448 1406 διαγωγῆς
1470 1370 1623 1406 κρείττονος
1639 1369 1683 1395 τὸν
1698 1367 1802 1402 ἄνθρω-

1022 1429 1081 1451 πον,
1102 1419 1244 1455 φραστέον.
1275 1417 1383 1449 Ταύτας
1404 1417 1458 1452 γὰρ
1474 1417 1522 1444 ἐάν
1541 1424 1582 1447 τις
1598 1413 1652 1447 οἷός
1671 1423 1700 1440 τε
1765 1413 1803 1448 μὴ

1024 1466 1206 1502 παρακόπτων
1219 1464 1265 1491 τοῦ
1281 1464 1396 1496 δέοντος,
1412 1463 1532 1499 ἀκριϐῶς
1549 1463 1629 1494 νοεῖν,
1643 1461 1743 1488 εἴσεται
1754 1460 1803 1496 τὴν

185 1511 250 1538 dum
273 1514 326 1538 est.
349 1511 414 1538 Illas
436 1510 508 1537 enim
528 1510 574 1544 qui
594 1510 723 1544 integras,
740 1518 790 1537 nec
813 1511 969 1545 opportunis

1024 1512 1170 1538 ἀνάστασιν
1189 1510 1235 1536 ἐπὶ
1250 1509 1346 1535 τούτου
1365 1509 1402 1544 μὴ
1425 1508 1523 1543 χρῆναι
1543 1506 1802 1542 παραλαμϐάνεσθαι

184 1557 308 1592 partibus
334 1555 457 1583 delectas
483 1555 662 1590 intelligentia
688 1559 832 1590 penetrare
859 1556 968 1590 poterit,

183 1601 412 1628 tesurrectionem
436 1601 459 1627 is
482 1600 550 1628 sciet
565 1607 735 1635 nequaquam
756 1601 788 1626 ad
803 1601 854 1627 hoc
871 1608 969 1635 corpus

184 1651 310 1682 oportere
324 1646 434 1678 relerri,
453 1646 527 1680 quod
545 1646 572 1672 in
587 1647 782 1680 sempiternum
800 1642 976 1678 immutabile]

185 1701 246 1720 esse
261 1700 314 1720 non
336 1693 450 1727 poterit,
476 1693 523 1719 sed
548 1693 580 1720 ad
601 1693 725 1727 spiritale
742 1693 844 1728 potius,
863 1693 890 1720 in
914 1701 970 1728 quo

184 1739 291 1770 eadem,
321 1747 382 1773 qua:
406 1739 513 1765 mortali
541 1739 606 1765 huic
631 1739 711 1771 inest,
738 1744 803 1765 nota
830 1746 862 1766 ac
885 1739 970 1774 ﬁgura

185 1784 266 1820 540
276 1783 483 1811 conservabitur
496 1793 502 1809 :
520 1784 587 1810 adeo
600 1789 626 1810 ul
641 1784 829 1818 unusquisque
839 1789 971 1816 nostrum,

184 1830 256 1864 quod
272 1830 305 1857 ad
319 1830 432 1857 formam
451 1830 574 1864 corporis
588 1830 695 1859 attinet,
713 1829 783 1856 idem
799 1830 922 1860 exsistat.
943 1833 972 1856 ut

184 1879 212 1902 et
229 1876 359 1911 Origenes
374 1875 497 1904 allirmat.
512 1875 550 1902 Ita
562 1876 632 1902 enim
647 1875 765 1902 futuram
782 1879 809 1902 et
822 1875 972 1903 ille‘resur-

186 1920 332 1947 rectionem
343 1920 494 1947 existimat.
520 1920 588 1946 Cum
599 1921 671 1947 enim
684 1928 782 1954 corpus
792 1921 842 1947 hoc
852 1921 972 1948 materiai

186 1969 342 1992 concretum
359 1964 460 1991 ﬂuxum
478 1965 523 1995 sit.
538 1973 589 1992 nec
605 1966 631 1991 in
647 1973 697 1992 suo
709 1973 828 2000 unquam
843 1970 914 1993 statu
927 1967 969 1994 vel

185 2010 347 2038 brevissimo
363 2011 451 2046 spatio
471 2012 620 2038 consistat.
639 2012 686 2038 sed
704 2016 860 2046 perpetuam
878 2019 971 2040 acces—

1019 1557 1066 1584 τοῦ
1086 1555 1220 1592 σώματος,
1239 1555 1287 1582 ἃτε
1304 1553 1494 1585 ἀδυνατοῦντος
1507 1553 1641 1589 ἀτρέπτου
1655 1552 1688 1579 δι’
1707 1552 1803 1582 αἰῶνος

1022 1601 1121 1636 μένειν.
1133 1600 1200 1627 ἀλλὰ
1213 1600 1258 1627 ἐπὶ
1271 1599 1317 1627 τοῦ
1332 1599 1529 1635 πνευματικοῦ,
1547 1601 1576 1625 ὲν
1595 1596 1617 1632 ᾧ
1633 1598 1711 1630 αὐτὸς
1725 1599 1738 1624 ὁ
1757 1598 1803 1625 καὶ

1020 1646 1068 1674 νῦν
1083 1647 1112 1673 ἐν
1128 1646 1214 1682 τούτῳ
1233 1646 1428 1681 διασωζόμενος
1443 1645 1583 1682 χαρακτὴρ
1601 1644 1784 1680 τηρηοήσεται
1795 1653 1802 1659 ·

1019 1691 1052 1719 ἵν’
1061 1691 1177 1723 ἕκαστος
1184 1691 1261 1727 ἡμῶν
1269 1692 1316 1718 καὶ
1326 1692 1395 1718 κατὰ
1401 1691 1449 1727 τὴν
1458 1691 1564 1727 μορφὴν
1572 1691 1586 1716 ὁ
1594 1690 1674 1721 αὐτὸς
1682 1689 1710 1726 ᾗ,
1717 1689 1802 1716 καθὰ-

1022 1747 1074 1774 περ
1099 1737 1193 1773 ἐλέχθη
1211 1738 1257 1764 καὶ
1287 1739 1428 1774 Ὠριγένει.
1453 1737 1530 1764 Οὕτω
1549 1737 1602 1772 γὰρ
1619 1738 1720 1768 ἐκεῖνος
1741 1736 1803 1762 έσε·

1024 1785 1085 1812 σθαι
1097 1785 1200 1812 τίθεται
1213 1785 1261 1820 τὴν
1278 1785 1435 1813 ἀνάστασιν.
1458 1784 1583 1811 Ῥευστοῦ
1599 1783 1652 1819 γὰρ
1667 1784 1742 1814 ὄντος
1756 1782 1803 1809 τοῦ

1024 1829 1149 1865 σώματος
1173 1830 1220 1856 τοῦ
1246 1830 1352 1861 ὑλικοῦ,
1376 1830 1423 1856 καὶ
1454 1829 1585 1865 μηδέποτε
1610 1829 1734 1865 μένοντος
1761 1829 1803 1862 ἐφ’

1023 1876 1122 1911 ἑαυτῷ,
1137 1875 1187 1902 κᾶν
1206 1876 1236 1902 τὸ
1253 1875 1350 1912 βραχὺ,
1364 1875 1431 1902 ἀλλὰ
1443 1875 1665 1911 προσγινομένου,
1677 1876 1723 1901 καὶ
1735 1875 1803 1900 ἀπο-

1022 1922 1163 1956 γινομένου
1177 1922 1240 1957 περὶ
1253 1923 1282 1948 τὸ
1297 1920 1366 1953 εἶδος
1378 1922 1408 1948 τὸ
1425 1921 1626 1958 χαρακτηρίζον
1638 1921 1683 1948 τὸν
1697 1921 1803 1956 ἄνθρω-

1023 1976 1081 1999 πον,
1097 1968 1140 2002 ὑφ’
1154 1965 1184 1994 οὗ
1201 1969 1249 1994 καὶ
1262 1969 1455 2002 συγκρατείται
1467 1967 1497 1994 τὸ
1512 1968 1614 2003 σχῆμα.
1630 1967 1735 2003 ἀνάγκη
1747 1967 1802 2001 (55)

1026 2033 1032 2040 .
1054 2033 1061 2040 .
1081 2033 1089 2040 .
1111 2033 1118 2041 .
1138 2034 1144 2040 .
1157 2014 1211 2040 τῶν
1223 2015 1374 2050 εἰρημένων
1385 2014 1578 2050 ἐναργέστερον
1593 2014 1642 2040 οὐκ
1654 2013 1802 2046 ἀνέξονται.

186 2057 291 2083 sionem
306 2056 548 2091 decessionemquc
562 2057 634 2083 circa
647 2057 720 2083 illam
735 2057 849 2084 formam
865 2057 973 2090 habeat,
994 2067 1054 2094 qua:
1072 2064 1114 2087 est
1135 2060 1253 2088 hominis
1278 2066 1343 2088 nota
1367 2069 1398 2088 ac
1421 2060 1494 2087 velut
1518 2061 1660 2087 character
1693 2059 1804 2095 quidam

186 2104 321 2138 proprius,
337 2111 352 2130 a
366 2112 420 2139 quo
435 2104 520 2139 ﬁgura
536 2105 593 2139 ipsa
608 2104 772 2137 continetur,
791 2113 903 2133 necesse
925 2111 965 2133 est
987 2126 993 2132 .

188 2147 300 2175 minime
316 2149 499 2175 sustinebunt.

227 2193 325 2221 Verum
346 2198 447 2228 quanto
469 2194 519 2220 hac
552 2202 579 2220 ιιι
601 2202 629 2221 re
652 2195 854 2222 contradicendi
882 2196 972 2223 studio
988 2198 1009 2225 D

187 2239 320 2270 ferantur,
333 2247 393 2266 cum
407 2248 440 2267 ex
451 2239 526 2274 ipsis,
542 2244 597 2266 tum
609 2248 640 2267 ex
653 2241 712 2267 aliis
724 2241 848 2275 pluribus
858 2241 970 2268 demou-

187 2286 268 2312 strari
282 2289 378 2319 potest.
390 2284 455 2311 Nam
469 2290 561 2319 postea
572 2286 599 2312 in
611 2287 670 2320 ipso
682 2286 812 2313 orationis
824 2294 968 2321 progressu

188 2330 260 2357 veris
278 2338 310 2357 ac
325 2331 493 2358 naturalibus
509 2331 672 2365 rationibus,
694 2340 748 2359 non
764 2332 890 2359 inanibus
906 2340 971 2360 con-

233 2405 241 2419 ²
253 2409 263 2435 l
275 2409 340 2436 Cor.
358 2417 402 2440 xv,
416 2409 460 2436 55.

222 2467 277 2501 (52)
292 2467 429 2501 Ilpdelov
445 2465 497 2492 τοῦ
512 2466 614 2492 αὑτοῦ.
639 2466 764 2493 Mcndosa
787 2471 830 2494 est
844 2467 902 2495 haec
926 2468 968 2495 in-

187 2501 310 2535 scriptio.
340 2500 430 2535 Neque
445 2501 516 2537 eniui
539 2510 569 2527 ex
586 2502 666 2528 ullius
682 2501 770 2528 Procli
787 2503 971 2537 disputatione

187 2544 247 2571 qua:
262 2536 550 2570 sequunturiuscripta
568 2541 630 2563 sunt
643 2557 652 2568 ,
669 2538 713 2563 sed
728 2545 760 2563 ex
777 2536 898 2571 ejusdem
914 2539 971 2565 Me-

187 2571 273 2599 thodii
290 2571 485 2603 lucubratione,
500 2579 580 2605 qualn
601 2572 731 2599 adversus
747 2572 889 2607 Origencm
913 2574 972 2600 dia-

189 2607 242 2642 logi
260 2614 335 2633 more
349 2607 555 2642 conscripserat.
576 2607 608 2642 lu
623 2615 677 2641 quo
692 2608 831 2641 loquentes
849 2609 973 2634 introdu-

187 2639 264 2668 xerat
273 2639 640 2675 Aglaopliontein.Proclum,
652 2639 826 2674 Auxentium,
834 2647 861 2669 et
872 2647 973 2670 semct-

188 2678 288 2712 ipsum.
305 2676 447 2712 Vidciul'ra
459 2683 572 2702 numero
580 2677 625 2703 40.
641 2676 682 2703 Fit
693 2681 719 2703 et
729 2677 868 2712 Theophili
878 2682 969 2712 postea

189 2712 304 2741 mentio;
325 2711 396 2746 (μιοᾱ
420 2716 509 2737 tamen
530 2711 719 2745 appellativum
745 2717 809 2746 puto
827 2711 898 2744 esse,
912 2721 968 2739 non

189 2747 337 2780 proprium.
351 2745 482 2778 Quocirca
496 2750 556 2781 post
568 2746 692 2781 Origcnis
704 2745 783 2774 verba
796 2755 810 2774 e
820 2752 967 2774 comment.

188 2781 216 2806 in
226 2782 337 2816 primum
351 2781 485 2816 l‘salmum
497 2780 621 2813 adducta,
635 2782 686 2808 hoc
700 2782 758 2816 ipso
769 2790 880 2809 numero
894 2783 970 2809 dein-

188 2822 252 2850 ceps
266 2815 378 2843 Proclus
390 2823 439 2843 oro
450 2814 564 2850 Origene
580 2817 660 2843 verba
677 2814 751 2843 facit.
783 2816 858 2844 Unde
874 2817 968 2844 titulus

1017 2128 1023 2134 .
1048 2129 1054 2134 .
1077 2129 1084 2135 .
1106 2127 1113 2134 .
1130 2108 1232 2135 clarius
1254 2108 1298 2139 iis,
1320 2116 1380 2143 qua:
1396 2113 1458 2135 ante
1488 2111 1699 2135 commemorata
1728 2111 1804 2138 sunt,

1064 2196 1143 2223 Ἀλλὰ
1155 2196 1256 2231 ταύτην
1281 2197 1329 2231 μὲν
1343 2196 1432 2222 αὐτῶν
1453 2196 1502 2231 τὴν
1518 2196 1681 2230 φιλονεικίαν
1705 2198 1751 2224 καὶ
1773 2198 1805 2224 ὲκ

1021 2242 1123 2268 τούτων
1136 2242 1167 2269 ἄν
1182 2251 1223 2273 τις
1240 2242 1287 2267 καὶ
1300 2241 1328 2273 ἐξ
1342 2242 1442 2277 έτέρων
1457 2242 1562 2276 ἐλέγχοι
1574 2241 1712 2268 πλειόνων.
1729 2243 1805 2269 Ἀπο-

1021 2287 1143 2322 δείξομεν
1161 2287 1214 2323 γὰρ
1235 2288 1263 2312 ἐν
1278 2288 1332 2318 τοῖς
1348 2287 1421 2322 ἑξῆς,
1437 2287 1628 2324 προϐαίνοντος
1649 2287 1696 2313 τοῦ
1712 2287 1803 2322 λόγου,

1024 2333 1131 2368 φύσεως
1153 2333 1332 2369 ἁληθεύμασι,
1355 2335 1402 2360 καὶ
1424 2335 1474 2361 οὐκ
1499 2334 1643 2366 εἰκασίαις,
1668 2335 1735 2370 μήτε
1758 2335 1804 2362 τὸν

1022 2465 1142 2501 Πρόκλος
1155 2466 1180 2493 ei
1198 2465 1322 2499 przeﬁxus
1344 2470 1401 2492 erat
1417 2471 1474 2500 post
1491 2467 1538 2493 τοῦ
1554 2467 1648 2494 αὑτοῦ.
1670 2466 1736 2494 Nam
1757 2470 1805 2496 τοῦ

1021 2500 1102 2528 αὖτοῦ
1115 2501 1148 2528 ad
1163 2500 1326 2528 Methodium
1337 2502 1461 2535 pertinet.
1477 2501 1614 2529 Librarius
1624 2505 1805 2537 autcm,quod

1023 2537 1144 2572 Πρόκλου
1160 2544 1256 2572 nomen
1275 2537 1393 2570 legisset,
1408 2538 1528 2565 auctoris
1541 2538 1656 2571 alicujus
1668 2545 1728 2565 esse
1743 2546 1805 2566 cre-

1023 2572 1103 2602 didit,
1118 2579 1180 2598 cum
1200 2571 1408 2606 interloquentis
1427 2580 1549 2606 persona:
1564 2574 1609 2599 sit.

1059 2607 1114 2641 (53)
1135 2607 1192 2640 Ὑφ’
1207 2604 1242 2634 οὗ
1255 2604 1530 2641 καὶίσυγκρᾶτεῖῖαι
1542 2607 1575 2634 τὸ
1590 2607 1702 2642 σχῆμα.
1720 2607 1806 2641 Major

1024 2642 1079 2671 hic,
1098 2647 1128 2668 ut
1139 2642 1245 2677 opinor,
1260 2642 1350 2669 hiatus
1362 2647 1414 2672 est,
1425 2650 1506 2676 quam
1519 2644 1599 2677 vulgo
1617 2643 1724 2670 codices
1737 2651 1806 2677 prae-

1023 2677 1121 2703 ferant.
1150 2676 1217 2703 Nam
1244 2677 1266 2703 si
1283 2678 1422 2711 superiora
1445 2678 1531 2704 Procli
1551 2682 1625 2708 sntit,
1641 2684 1670 2704 ut
1689 2676 1748 2705 esse
1764 2679 1806 2704 vi-

1022 2712 1131 2743 dentur,
1142 2711 1251 2746 Origeni
1264 2712 1470 2746 patrocinantis,
1483 2720 1543 2739 cum
1555 2715 1695 2747 sequentia
1710 2714 1806 2743 adver-

1023 2754 1070 2774 sus
1085 2747 1207 2774 eumdem
1226 2747 1367 2781 Origcuem
1385 2752 1476 2782 aperte
1490 2755 1619 2782 pugnent,
1635 2748 1705 2775 haud
1719 2755 1805 2782 pauca

1022 2782 1172 2843 desiideraqi
1186 2790 1298 2810 necesse
1306 2786 1358 2813 est,
1371 2783 1471 2817 quibus
1483 2782 1595 2810 Proclus
1605 2791 1717 2811 causata
1726 2790 1805 2810 suam

1024 2824 1076 2843 em
1089 2824 1154 2843 icari
1167 2839 1175 2843 .

1024 2821 1175 2851 explicarit.
