1958 3050
163 166 232 194 £097
494 165 677 194 ADVERSUS
695 166 865 195 HERESES
886 167 948 194 LIB.

967 167 999 195 ll.
1020 167 1101 195 ΤΟΜ.
1124 167 1180 196 1.-
1200 167 1335 196 ΗΛΞΒΕΞ.
1352 167 1443 196 LXIV.
1712 167 1780 196 1098

167 223 300 259 Ἰερεμίαν
321 223 448 258 δεσμίους
476 223 547 259 ἡμᾶς
578 224 628 258 γῆς
643 223 688 250 διὰ
707 225 756 259 τὴν
774 225 843 261 πρὸς
870 226 949 261 σῶμα

1000 227 1110 261 iecturis
1126 227 1316 262 ostendemus;
1332 235 1421 263 neque
1433 228 1468 255 ab
1481 226 1596 255 Ieremia
1611 233 1661 254 nos
1677 227 1781 254 vinctos

162 269 303 296 κοινωνίαν
319 268 470 304 εἰρηκέναι,
488 269 556 304 μήτε
571 269 617 296 τὸν
629 269 711 296 Δαϐὶδ
722 270 793 296 κατά
805 270 885 297 τοῦτο
898 280 947 297 πε-

162 314 342 350 πεδημένους.
357 313 448 346 Ἀξιον
458 315 513 350 γὰρ
531 313 619 341 ταῦτα
629 316 788 351 προφέρειν,
801 317 830 343 ὲν
840 314 881 348 οἷς
894 317 948 352 μά-

162 361 239 387 λιστα
253 360 392 394 φαίνονται
403 360 604 392 διαπίπτοντες,
618 361 686 395 Περὶ
698 362 747 397 μὲν
757 360 804 389 οὖν
820 362 874 389 τῶν
886 363 948 398 δερ-

162 407 282 442 ματίνων
290 406 422 441 χιτώνων,
437 407 483 433 καὶ
494 407 535 433 ὃτι
545 406 597 442 πρὸ
610 407 661 442 τῆς
672 408 844 443 κατασκευῆς
858 408 948 434 αὐτῶν

161 452 186 479 οί
209 452 416 487 πρωτόπλαστοι
436 452 529 488 διῆγον
555 452 624 488 μετὰ
648 452 784 488 σώματος,
800 453 948 486 ἀθανασίας

161 498 352 530 ἀπολαύοντες,
369 498 409 525 ἔτι
433 507 464 526 τε
480 499 528 525 καὶ
543 499 581 530 ὡς
597 499 628 525 οὐ
643 498 752 526 δύναται
767 499 797 525 τὸ
813 499 893 534 σῶμα
906 499 948 526 δε-

162 544 239 579 σμὸς,
250 544 297 571 καὶ
306 543 401 580 εἱρκτὴ
413 543 579 579 νομίζεσθαι,
590 544 624 571 τὰ
635 545 808 580 προσήκοντα
819 545 915 578 εἰπὼν,
927 543 949 572 ὦ

161 590 255 626 ἄνδρες
274 590 398 616 δικασταὶ
414 590 555 626 (δικαστὰς
571 590 626 626 γὰρ
638 591 711 626 ὑμᾶς
732 590 787 617 τῶν
805 591 903 626 λόγων,
926 589 949 618 ὦ

162 637 289 672 κράτιστε
311 636 434 671 Θεόφιλε,
458 637 556 670 καλῶ),
571 636 706 672 τρέψομαι
729 637 821 664 λοιπὸν
841 638 888 664 ἐπὶ
915 638 949 665 τὲ

161 682 306 713 ἀκόλουθα.
332 683 457 718 καθάπερ
482 683 640 718 ὑπεσχόμην
664 683 720 710 τῶν
749 683 947 718 προκειμένων,

162 728 195 754 ἵν’
214 728 420 764 εὐκρινέστερον
432 728 531 764 ἴδωμεν
541 728 556 754 ὃ
570 728 730 764 βουλόμεθα.

162 779 345 802 consentanea
361 777 425 802 sunt
438 782 465 802 et
479 776 676 809 consequentia
691 783 744 809 me,
762 779 792 802 ut
810 775 949 811 pollicitus

161 829 224 850 cere
236 822 383 857 possimus.

197 866 250 894 III'.
272 867 300 893 '0
311 867 364 893 τῶν
378 868 446 895 ὂλων
464 867 628 903 δημιουργὸς
644 866 720 900 Θεὸς,
739 867 832 904 ἐπειδὴ
848 867 878 893 τὸ
895 868 948 894 πᾶν

161 911 301 944 εὐτάκτως
324 914 515 948 συνεστήσατο,
532 913 657 949 καθάπερ
673 914 793 949 μεγάλην
807 914 894 946 πόλιν,
912 913 951 940 δι-

161 958 297 994 εκόσμησε
309 960 483 994 προστάσσων
493 959 532 994 τῷ
543 959 624 994 λόγῳ,
635 959 748 987 ἕκαστόν
757 968 788 986 τε
798 959 873 994 αὐτῷ
881 968 949 994 συμ-

161 1003 257 1039 φώνως
271 1004 412 1040 ἡρμόσατο
428 1006 570 1040 στοιχεῖον,
585 1005 633 1032 καὶ
648 1005 738 1032 πάντα
752 1005 830 1037 ζώων
845 1005 950 1040 πεπλή-

162 1058 233 1086 ρωτο
246 1050 395 1086 διαφοραῖς,
417 1051 460 1077 ἴνα
474 1050 584 1083 τελείως
597 1051 611 1078 ὁ
622 1051 725 1085 κόσμος
737 1051 777 1082 είς
789 1051 887 1082 κάλλος
899 1052 950 1078 αὑ-

162 1095 242 1131 ξηθῇ,
264 1096 394 1128 παντοίας
409 1095 517 1130 φύσεως
534 1095 707 1132 ζωοτοκήσας
730 1097 846 1132 μορφὰς,
863 1097 950 1132 ἄστρα

164 1141 213 1176 μὲν
228 1141 299 1168 κατά
315 1141 362 1169 τὸν
382 1141 507 1177 οὐρανὸν,
533 1141 580 1168 καὶ
600 1142 691 1177 πτηνά
715 1141 786 1169 κατά
809 1142 855 1169 τὸν
869 1142 949 1178 ἀέρα,

161 1187 314 1224 τετράποδα
323 1187 351 1214 δὲ
359 1188 429 1215 κατὰ
437 1187 487 1223 τὴν
496 1188 560 1223 γῆν,
574 1187 622 1214 καὶ
638 1188 725 1224 νηκτὰ
738 1189 808 1216 κατὰ
819 1189 850 1216 τὸ
862 1189 948 1224 ὕδωρ·

161 1233 314 1260 τελευταῖον
336 1233 382 1260 τὸν
404 1233 558 1269 ἄνθρωπον,
585 1234 787 1270 προετοιμάσας
804 1234 841 1266 ὡς
862 1234 949 1262 οὶκίαν

163 1278 236 1314 αὐτῷ
250 1278 397 1314 καλλίστην
419 1279 450 1306 τὸ
472 1280 537 1311 πᾶν,
564 1280 676 1315 μίμημα
695 1280 744 1314 τῆς
761 1280 827 1311 ἰδίας
847 1280 950 1313 εἰκόνος

162 1324 281 1359 ἐμφερὲς
295 1325 334 1356 εἰς
345 1325 389 1351 τδν
400 1325 502 1359 κόσμον
515 1325 671 1360 εἰσήγαγεν,
685 1325 794 1360 ἄγαλμα
805 1325 843 1357 ὡς
854 1326 882 1352 ὲν
895 1326 950 1361 ναῷ

163 1369 269 1406 φαιδρῴ
280 1370 361 1397 καλὸν
371 1372 431 1401 ταῖς
439 1370 535 1397 ἑαυτοῦ
546 1371 625 1406 χερσὶ
635 1370 853 1402 κατασκευάσας.
872 1371 950 1398 Ἡπί-

168 1424 245 1442 ’τατο
259 1415 324 1452 γὰρ,
340 1417 381 1443 ὅτι
398 1416 507 1448 πάντως
523 1417 592 1448 ὅπερ
608 1417 642 1444 ἃν
657 1418 690 1452 τῇ
703 1416 801 1443 ἑαυτοῦ
815 1417 948 1453 τεχνήση-

162 1470 206 1488 ται
221 1462 303 1498 χειρὶ,
318 1461 348 1494 ἐξ
357 1462 480 1497 ἀνάγκης
494 1462 570 1488 ἔσται
581 1462 724 1495 ἀθάνατον,
739 1462 787 1490 ἆτε
798 1463 949 1494 ἀθανασίας

164 1507 253 1543 ἔργον.
282 1507 443 1539 ’Δθανασίας
461 1507 515 1544 γὰρ
530 1507 652 1535 ἀθάνατα
667 1508 803 1542 γίγνεται,
821 1508 949 1544 καθάπερ

163 1553 257 1580 καὶτὰ
273 1553 345 1580 κακὰ
364 1553 472 1586 κακίας,
486 1553 534 1580 καὶ
553 1553 588 1579 τὰ
605 1549 683 1580 ﬁam
698 1553 813 1585 ἀδικίας.
842 1553 879 1579 UO
895 1553 949 1589 γὰρ

999 278 1078 300 teme
1088 274 1098 289 '
1116 277 1225 309 propter
1240 274 1459 302 communionem
1475 268 1541 301 cum.
1559 279 1673 307 corpore
1694 273 1781 299 nomi-

996 323 1076 347 natos
1092 327 1170 352 esse;
1196 327 1283 354 neque
1299 319 1427 347 Davidem
1442 323 1585 354 propterea
1597 317 1782 353 compeditos'

997 365 1144 399 appellare.
1173 363 1234 392 Haec
1258 365 1330 391 enim
1352 364 1524 399 potissimum
1545 364 1781 391 commemoranda

998 415 1073 442 sunt,
1088 410 1227 445 inquibus
1245 409 1362 437 maxime
1378 417 1394 436 a
1407 411 1522 437 veritate
1537 409 1672 437 excidisse
1686 408 1782 436 viden-

998 457 1052 480 tur.
1082 453 1118 481 De
1133 454 1253 489 pclliceis
1268 454 1360 489 itaque
1383 454 1495 486 tunicis,
1517 458 1601 489 utque
1622 454 1781 489 priusquam

998 507 1037 526 ea
1058 499 1257 528 conﬁcerentur
1272 507 1388 535 corpore
1410 500 1515 535 przediti
1534 500 1614 535 primi
1631 501 1718 528 nostri
1735 508 1782 535 pa-

996 549 1088 573 rentes
1099 546 1264 578 exstiterint,
1281 551 1308 574 et
1321 547 1534 574 immortalitatis
1547 551 1702 582 compotes;
1724 551 1782 574 tum

997 599 1111 619 nervum
1128 596 1154 618 et
1169 599 1306 619 carcerem
1321 592 1413 620 haberi
1431 600 1485 619 non
1509 600 1590 628 posse
1612 600 1722 628 corpus,
1737 593 1782 620 ubi

999 641 1130 673 quantum
1144 645 1255 666 necesse
1268 641 1310 666 est
1320 638 1506 673 disputavero,
1521 639 1628 673 iudices
1641 639 1700 674 (vos
1710 639 1782 666 enim

996 690 1153 710 sermonum
1162 687 1317 710 nostrorum
1325 683 1524 719 judices,teque
1532 684 1559 711 in
1567 685 1673 719 primis,
1683 683 1783 718 optime

996 727 1156 763 Theophile,
1180 729 1350 763 pronuntio),
1369 729 1401 756 ad
1414 737 1445 756 ea
1457 737 1517 764 quae
1536 729 1675 764 proposito
1688 732 1784 756 nostro

968 783 1038 808 sum,
1057 774 1214 808 conferam,
1241 780 1269 802 ut
1282 775 1309 803 id
1324 777 1396 810 quod
1412 776 1538 804 volumus
1568 776 1670 803 clarius
1701 776 1787 811 inspi-

1036 865 1128 893 XVIII.
1157 865 1302 900 Postquam
1327 866 1424 893 artifex
1448 873 1537 893 rerum
1562 867 1683 894 omnium
1711 867 1783 896 Deus

965 909 986 936 Β
1000 914 1084 937 totam
1102 911 1173 938 hanc
1188 911 1374 939 universitatis
1388 911 1634 945 machinam,velut
1647 913 1783 948 ingentem

999 957 1117 991 aliquam
1143 957 1290 989 civitatem,
1314 958 1445 991 prmclaro
1470 958 1564 985 ordine
1590 959 1723 991 condidit,
1751 966 1783 987 ac

999 1003 1075 1030 vocis
1087 1003 1202 1038 imperio
1215 1004 1369 1035 constituit,
1386 1005 1412 1031 in
1426 1011 1514 1039 eoque
1527 1005 1661 1032 elementa
1676 1006 1783 1041 singula

999 1047 1139 1082 aptissime
1155 1049 1319 1084 composuit,
1333 1056 1365 1076 ac
1379 1050 1462 1077 variis
1480 1050 1661 1078 animantium
1675 1052 1783 1086 generi-

998 1094 1051 1123 bus
1068 1095 1215 1130 complevit
1238 1095 1341 1128 omnia,
1366 1099 1396 1122 ut
1414 1095 1460 1122 hic
1475 1095 1596 1125 mundus
1612 1097 1732 1131 perfecte
1749 1098 1783 1125 ad

999 1148 1106 1168 omnem
1129 1141 1359 1176 pulchritudinem
1390 1141 1578 1175 adolesceret,
1604 1150 1667 1170 cum
1695 1143 1724 1170 in
1751 1151 1785 1171 co

999 1187 1171 1214 omnimodas
1184 1193 1289 1214 naturae
1301 1188 1405 1214 formas
1416 1187 1492 1215 vivas
1505 1187 1695 1223 animatasque
1718 1196 1783 1223 pro-

999 1236 1131 1265 creasset,
1141 1237 1222 1267 atque
1231 1237 1258 1260 et
1268 1232 1296 1259 in
1307 1232 1376 1259 ccelo
1385 1232 1519 1264 sidera,et
1534 1233 1562 1260 in
1574 1239 1636 1260 aere
1646 1233 1782 1266 volucres.

998 1282 1025 1305 et
1047 1278 1075 1304 in
1095 1281 1168 1305 terra
1183 1278 1383 1312 quadrupedes,
1401 1282 1428 1306 et
1452 1279 1480 1306 in
1497 1279 1575 1313 aquis
1592 1279 1714 1307 natantia
1728 1279 1785 1308 col-

999 1325 1128 1357 locasset,
1147 1329 1315 1360 postremum
1332 1326 1454 1352 omnium
1471 1325 1618 1358 hominem,
1637 1327 1682 1354 cui
1697 1330 1784 1354 totum

999 1371 1072 1398 hunc
1086 1371 1216 1400 mundum
1234 1371 1308 1398 velut
1321 1372 1459 1406 egregium
1474 1371 1611 1406 quoddam
1627 1373 1783 1407 praztorium

998 1419 1152 1451 paraverat,
1180 1417 1221 1444 sie
1245 1420 1373 1452 tanquam
1395 1417 1572 1445 simulacrum
1594 1419 1730 1453 quoddam
1750 1419 1785 1446 ad

999 1463 1041 1491 sui
1051 1463 1164 1498 eﬂigiem
1175 1470 1335 1498 expressum
1347 1463 1374 1490 in
1387 1464 1480 1491 orbem
1492 1464 1658 1497 introduxit;
1675 1465 1785 1493 acvelut

999 1509 1165 1542 exquisitum
1180 1509 1288 1544 signum
1304 1509 1429 1537 manibus
1445 1509 1504 1537 suis
1518 1509 1686 1537 elaboratum
1703 1510 1782 1546 54],

999 1555 1131 1590 praeclaro
1148 1554 1175 1581 in
1195 1555 1295 1589 templo
1306 1555 1459 1582 constituit.
1475 1554 1570 1590 Neque
1583 1555 1656 1583 enim
1673 1556 1784 1591 ignora-

162 1598 336 1634 δικαιοσύνης
351 1598 432 1634 ἔργον
445 1598 475 1625 τὺ
490 1598 603 1630 ἀδικεῖν,
616 1598 684 1626 ἀλλὰ
697 1599 819 1630 ἀδικίας·
841 1599 895 1625 οὐδ’
913 1597 946 1625 αὖ

1000 1601 1054 1634 bat,
1078 1601 1260 1636 quodcunque
1271 1605 1366 1636 suapte
1381 1608 1460 1628 manu
1473 1600 1605 1634 tinxisset,
1617 1601 1783 1634 necessario,

164 1644 478 1680 ἀδικίας’ἀντιστρόφως
494 1645 524 1671 τὸ
543 1645 749 1680 δικαιοπραγεῖν
771 1645 861 1680 ἔργον,
883 1645 950 1672 ἀλλὰ

163 1691 351 1726 δικαιοσύνης·
379 1690 474 1726 ὥσπερ
496 1691 556 1717 οὐδὲ
577 1690 730 1726 ἀφθαρσίας
745 1690 775 1716 τὸ
792 1690 951 1725 φθείρεσθαι

165 1738 262 1768 ποιεῖν,
279 1737 346 1763 ἀλλὰ
359 1737 473 1772 φθορᾶς,
487 1736 517 1763 τὸ
532 1736 705 1768 ἀθανατίζειν
719 1736 749 1762 οὐ
765 1736 877 1771 φθορᾶς,
893 1736 950 1762 ἀλλ’

164 1783 329 1818 ἀφθαρσίας.
344 1783 398 1809 Καὶ
410 1782 570 1818 συλλήϐδην,
584 1779 639 1808 οἷον
649 1782 681 1808 ἂν
721 1781 750 1808 τὸ
762 1781 865 1812 ποιοῦν,
882 1782 952 1808 κατὰ

164 1829 210 1855 τὸν
224 1829 304 1855 αὑτὸν
318 1828 404 1859 οὕτως
416 1828 494 1862 λόγον
503 1828 582 1854 τοῦτο
596 1827 754 1862 ποιούμενον
772 1827 779 1842 ¹
792 1827 822 1859 ἐξ
831 1827 952 1861 ἀνάγκης

164 1874 369 1910 ἀπεργάζεσθαι
386 1874 538 1908 συμϐαίνει.
571 1874 600 1900 '0
613 1874 641 1900 δὲ
659 1873 724 1904 Θεὸς
744 1874 791 1899 καὶ
808 1873 950 1904 ἀθανασία,

165 1920 213 1946 καὶ
231 1919 300 1956 ζωὴ,
322 1920 368 1946 καὶ
385 1919 537 1955 ἀφθαρσία·
559 1919 639 1954 ἔργον
657 1919 686 1945 δὲ
706 1918 847 1954 ἄνθρωπος
871 1918 950 1946 Θεοῦ.

166 1966 223 1992 Πᾶν
234 1965 262 1992 δὲ
274 1965 304 1992 τὸ
319 1965 371 1992 ὑπὸ
388 1965 537 1996 ἀθανασίας
558 1965 692 2000 ἑργασθὲν
707 1965 839 1991 ἀθάνατον
849 1974 856 1980 υ
883 1964 952 1991 ἀθά-

166 2020 245 2043 νατος
259 2011 313 2047 ἄρα
322 2013 336 2038 ὁ
350 2011 503 2046 ἄνθρωπος.
514 2011 560 2038 Διὸ
574 2011 606 2046 δὴ
623 2011 668 2037 τὸν
681 2011 729 2046 μὲν
745 2010 888 2046 ἄνθρωπον
902 2011 951 2038 αὑ-

165 2057 317 2093 τούργησεν
331 2058 344 2084 ὁ
358 2057 434 2088 Θεὸς,
452 2057 485 2084 τὰ
502 2057 530 2083 δὲ
545 2056 626 2083 λοιπὰ
642 2056 707 2091 γένη
722 2055 799 2088 ζώων
814 2056 885 2091 ἀέρι,
903 2056 950 2082 καὶ

166 2105 213 2139 γῇ,
228 2103 275 2130 καὶ
287 2102 363 2128 ὕδατι
376 2102 524 2137 προσέταξε
541 2102 645 2137 φέρειν.

999 1651 1092 1682 utpote
1102 1647 1313 1674 immortalitatis
1320 1654 1399 1681 opus.
1410 1646 1564 1674 immortale
1572 1647 1693 1674 futurum
1716 1647 1784 1675 Nam

999 1692 1034 1719 ab
1048 1691 1252 1718 immortalitate
1267 1691 1430 1718 immortalia
1441 1691 1664 1726 proﬁciscuntur.
1680 1694 1754 1720 velut
1769 1701 1786 1720 a

999 1737 1102 1763 malitia
1110 1744 1171 1771 qua:
1186 1736 1257 1762 mala
1267 1739 1341 1766 sunt,
1357 1740 1384 1763 et
1397 1737 1431 1762 ab
1445 1736 1579 1770 injuStitia
1593 1737 1706 1772 injusta.
1727 1737 1787 1765 Non

999 1782 1071 1809 cnim
1081 1781 1195 1816 justitia'
1203 1789 1271 1816 opus
1279 1781 1420 1815 estinjusti
1432 1782 1532 1817 aliquid
1546 1781 1645 1814 facere,
1657 1783 1703 1810 sed
1714 1783 1787 1818 inju-

1001 1827 1091 1858 stitiaz,
1100 1835 1188 1862 neque
1196 1835 1229 1854 ex
1240 1826 1356 1854 adverso
1364 1825 1438 1860 juste
1448 1827 1549 1861 aliquid
1557 1834 1636 1861 agerc
1647 1827 1787 1861 injustitia

1000 1875 1053 1903 est,
1063 1871 1246 1906 sedjustitim;
1263 1871 1374 1906 perinde
1389 1878 1420 1897 ac
1433 1871 1616 1906 corruptelam
1625 1871 1722 1899 afferre
1730 1880 1786 1900 non

1000 1916 1217 1952 incorruptionis
1233 1921 1285 1949 est,
1302 1916 1350 1944 sed
1366 1917 1550 1952 corruptionis
1564 1918 1715 1952 proprium.
1741 1919 1787 1946 Sic

1000 1963 1152 1990 immortale
1164 1963 1254 1990 facere
1267 1970 1321 1990 non
1335 1963 1529 1997 corruptionis,
1542 1964 1589 1991 sed
1605 1965 1784 1999 incorruptio-

1003 2009 1046 2035 nis
1063 2012 1115 2035 est.
1139 2008 1227 2042 Atque
1250 2011 1280 2033 ut
1305 2015 1360 2034 uno
1382 2009 1465 2035 verbo
1484 2007 1584 2039 dicam,
1605 2009 1686 2044 quale
1700 2014 1742 2037 cst
1760 2010 1787 2039 id

1004 2054 1075 2089 quod
1101 2054 1169 2088 agit’,
1196 2054 1248 2081 tale
1268 2054 1295 2081 id
1314 2053 1421 2081 ciIicere
1440 2055 1596 2081 necessario
1615 2055 1696 2087 solet,
1714 2057 1787 2090 quod

1003 2101 1037 2127 ab
1052 2108 1085 2127 eo
1102 2100 1272 2134 producitur.
1302 2100 1384 2135 Atqui
1401 2100 1471 2128 Deus
1489 2105 1516 2128 et
1529 2101 1720 2129 immortalitas
1733 2106 1787 2133 est,

166 2153 194 2178 et
207 2149 270 2182 vita,
285 2152 313 2176 et
328 2148 512 2183 incorruptio;
533 2148 614 2174 homo
629 2154 693 2175 vero
711 2146 757 2174 Dei
773 2155 842 2182 opus
856 2151 908 2174 est.
921 2146 1058 2181 Quidquid
1070 2154 1134 2173 vero
1149 2146 1183 2173 ab
1196 2147 1400 2173 immortalitate
1415 2145 1573 2178 fabricatur,
1589 2147 1741 2175 immortale
1752 2149 1787 2175 sit

166 2201 284 2233 oportet.
308 2197 398 2230 Quare
415 2196 579 2223 immortalis
594 2200 636 2224 est
655 2196 747 2223 homo.
763 2195 908 2230 Propterea
919 2195 989 2223 Deus
1004 2195 1140 2222 hominem
1156 2203 1205 2222 sua
1220 2202 1301 2222 manu
1314 2194 1408 2222 ﬁnxit:
1426 2199 1522 2222 caetera
1533 2203 1598 2223 vero
1611 2196 1788 2224 animantium

167 2252 265 2280 genera
279 2251 380 2275 aerem,
399 2247 498 2270 terram
512 2248 540 2270 et
551 2251 648 2278 aquam
666 2243 749 2277 jussit
768 2243 927 2277 producere.

203 2293 362 2328 Ἀνθρωπος
393 2293 421 2320 δὲ
447 2293 616 2328 ἀληθέστατα
645 2293 752 2326 λέγεται
780 2291 849 2318 κατά
874 2291 954 2326 φύσιν

165 2339 228 2366 οὔτε
256 2339 328 2375 ψυχὴ
355 2340 439 2376 χωρὶς
465 2339 600 2375 σώματος,
613 2338 668 2366 οὒτ’
698 2337 731 2365 αὖ
762 2338 839 2373 σῶμα
869 2337 952 2372 χωρὶς

165 2387 264 2423 ψυχῆς,
280 2386 348 2414 ἀλλά
369 2387 400 2413 τὸ
422 2387 454 2412 ἐκ
469 2386 624 2417 συστάσεως
645 2385 734 2420 ψυχῆς
753 2385 800 2410 κα)⁴
828 2384 952 2418 σώματος

166 2435 205 2466 εἰς
228 2433 292 2468 μίαν
314 2432 362 2468 τὴν
386 2431 433 2458 τοῦ
453 2431 537 2458 καλοῦ
566 2431 672 2467 μορφὴν
708 2430 843 2457 συντεθέν.
871 2428 952 2456 Ὀθεν

166 2479 290 2506 ἐντεῦθεν
306 2478 437 2506 ἀθάνατον
455 2478 487 2514 δὴ
508 2478 554 2504 τὸν
576 2477 716 2512 ἄνθρωπον
737 2475 875 2510 γεγονέναι
891 2475 953 2507 φαί-

167 2534 253 2558 νεται,
278 2525 380 2559 φθορᾶς
401 2523 429 2550 δὲ
446 2524 555 2558 ἀπάσης
574 2523 622 2549 καὶ
639 2523 723 2549 νόσων
750 2521 838 2552 ἐκτός.
866 2519 953 2547 Μάθοι

167 2572 189 2599 δ’
204 2573 236 2600 ἀν
250 2581 292 2603 τις
317 2571 394 2598 τοῦτο
419 2571 466 2597 καὶ
489 2571 544 2597 ἀπὸ
566 2570 615 2604 τῆς
631 2569 741 2605 Γραφῆς
762 2567 869 2598 ἱκανῶς.
893 2567 953 2592 Ἐπὶ

167 2618 222 2653 γὰρ
249 2617 303 2645 τῶν
332 2617 438 2650 ἄλλων,
470 2616 558 2642 ὁπόσα
587 2615 690 2651 χρόνων
721 2612 954 2649 μετακοσμοῦνται

167 2662 318 2694 διαπολαῖς
337 2662 455 2698 ἡϐῶντα.
478 2661 525 2687 καὶ
547 2661 731 2695 γηράσκοντα,
760 2657 953 2692 Ἐξαταγέτω,

168 2708 287 2743 λέγεται,
302 2708 338 2734 τὰ
354 2707 449 2734 ὕδατα
462 2705 570 2740 ἑρπετὰ
587 2705 694 2741 ψυχῶν
713 2704 824 2735 ζωσῶν,
840 2703 889 2730 καὶ
904 2711 955 2729 πε-

168 2754 250 2782 τεινὰ
266 2753 414 2787 πετόμενα
429 2751 478 2779 ἐπὶ
495 2751 549 2785 τῆς
565 2751 632 2823 72¢,
649 2750 724 2778 κατὰ
745 2749 778 2776 τὸ
803 2748 955 2782 στερέωμα

169 2800 222 2823 τοῦ
238 2798 382 2823 ηὑοιινοῦ-
395 2799 452 2823 καὶ.
462 2798 587 2823 Ἑέαγοαν
603 2805 642 2823 τω
652 2796 670 2823 ’ἡ
685 2795 723 2823 γῆ
739 2794 846 2823 ύυκὴν
857 2793 955 2823 ζῶσαν

169 2800 222 2828 τοῦ
238 2798 382 2834 οὐρανοῦ
395 2799 453 2830 καὶ,
462 2793 642 2832 Ἑξαγατέτω
652 2796 670 2830 ἡ
685 2795 723 2831 γῆ
739 2794 846 2830 ψυχὴν
857 2793 955 2824 ζῶσαν

206 2882 215 2898 ι
232 2882 294 2910 (lor.
325 2881 354 2906 τὸ
365 2890 420 2907 ποι.
459 2882 469 2896 ¹
485 2879 551 2907 Thr.
566 2887 607 2911 Ill,
620 2879 664 2906 δι.
704 2878 714 2894 ³
726 2877 798 2906 Psal.
813 2885 892 2911 CXLV,
907 2877 933 2902 7.

309 2927 446 2958 ΡΑτιιοι..
463 2927 521 2957 Gn.
546 2925 628 2957 XLI.

970 2301 992 2328 ι)
1041 2290 1173 2317 Creterum
1188 2289 1281 2320 homo,
1293 2289 1315 2316 si
1331 2289 1390 2323 ejus
1405 2293 1530 2316 naturam
1547 2288 1687 2322 inspicias,
1705 2291 1788 2317 veris-

1004 2337 1072 2364 sime
1085 2344 1147 2364 csse
1158 2336 1259 2363 dicitur
1271 2342 1325 2361 non
1339 2335 1463 2370 corporis
1474 2341 1570 2368 expers
1585 2335 1686 2366 anima,
1702 2342 1788 2370 neque

1005 2389 1105 2416 corpus
1126 2381 1216 2407 anima
1238 2379 1416 2412 destitutum;
1446 2378 1493 2406 sed
1515 2378 1541 2405 id
1567 2379 1640 2413 quod
1659 2379 1686 2406 in
1706 2387 1788 2408 unam

1003 2426 1111 2461 pulchri
1124 2426 1241 2460 bonique
1257 2425 1372 2451 formam
1388 2432 1421 2452 cx
1435 2424 1533 2451 animae
1545 2428 1572 2451 et
1586 2426 1709 2460 corporis
1721 2433 1788 2452 con-

1003 2472 1144 2507 iunctione
1167 2471 1310 2499 conﬂatur.
1341 2470 1379 2497 Ex
1396 2479 1450 2506 quo
1465 2471 1574 2506 quidem
1598 2472 1688 2507 colligi
1709 2480 1788 2506 posse

1004 2519 1123 2550 videtur,
1136 2517 1316 2544 immortalem
1329 2516 1464 2544 hominem
1473 2523 1535 2543 esse
1549 2515 1663 2547 factum,
1675 2525 1724 2543 nec
1736 2525 1788 2544 non

1004 2569 1031 2591 et
1055 2564 1240 2598 corruptionis
1263 2563 1370 2596 omnis,
1403 2570 1435 2589 ac
1456 2562 1614 2590 morborum
1639 2567 1788 2597 expertem.

1003 2608 1092 2644 Atque
1104 2609 1155 2636 hoc
1169 2609 1259 2643 ipsum
1274 2615 1359 2635 sacrae
1372 2607 1481 2634 Litterae
1495 2607 1603 2635 abunde
1616 2616 1666 2635 nos
1678 2608 1787 2634 decerit.

1003 2653 1070 2681 Nam
1085 2654 1114 2680 in
1132 2653 1254 2688 reliquis,
1269 2660 1331 2688 qua:
1348 2657 1501 2686 temporum
1515 2656 1617 2678 mutata
1631 2651 1727 2686 spatiis
1740 2651 1788 2678 ad-

1002 2700 1123 2727 olescere
1136 2707 1167 2726 ac
1178 2706 1375 2727 consenescere
1389 2699 1492 2726 solent:
1511 2697 1674 2729 Ργοάιιεαηε,
1688 2697 1786 2731 inquit,

1003 2754 1078 2781 aquae
1089 2746 1196 2778 reptitia
1208 2746 1356 2772 animarum
1366 2745 1504 2771 viventium
1513 2749 1537 2770 ct
1548 2743 1662 2770 volucres
1671 2742 1787 2770 uolunta

1003 2800 1082 2827 super
1097 2796 1205 2825 terram,
1216 2793 1297 2826 juxta
1309 2791 1504 2826 ﬁrmamentum
1518 2790 1603 2817 cwli‘.
1620 2788 1700 2816 Item:
1718 2787 1786 2815 Pro-

971 2876 983 2889 ⁸
999 2875 1066 2904 Gen.
1088 2884 1107 2906 ι,
1124 2874 1168 2901 20.

1610 2918 1648 2948 35
