1958 3050
141 187 210 217 “Ol

466 187 651 213 Αυνιςιιδυδ
670 187 842 214 ΙΙΑΩΚΕδΕε
860 187 923 214 LIB.

1000 183 1082 215 TUM.
1104 188 1123 215 Ι.
1144 199 1179 208 νε
1197 188 1333 216 ΙΙιλΕΙὶΕΞ.
1355 188 1446 217 LXIV.

1701 190 1771 219 “03

175 249 227 277 18'.
251 248 320 275 Ἀλλ’
338 248 403 279 ἴσως
417 247 454 283 μὴ
473 247 669 282 ἐπιστήσαντες
686 248 800 280 ἑαυτοὺς
817 249 884 284 πρὸς
897 249 930 276 τὰ

1016 248 1088 276 XIX.
1109 249 1162 277 Sed
1176 258 1236 285 quae
1249 250 1381 279 hactenus
1397 251 1535 287 proposita
1553 254 1628 283 sunt,
1643 258 1661 279 o
1675 251 1774 287 Aglao—

139 295 276 332 λεχθέντα,
290 291 313 322 ὦ
335 293 501 329 Ἀγλαοφῶν,
516 293 607 327 λέξετε
618 302 624 308 ·
639 294 694 320 Kal.
710 294 778 326 πῶς,
794 295 818 320 εἰ
835 294 935 322 ἀθάνα-

139 351 186 369 τον
201 339 236 377 ἦν
252 342 284 368 ὲκ
307 340 440 375 γενέσεως
459 339 520 366 καθ’
536 340 609 375 ὑμᾶς
629 339 661 366 τὺ
683 339 762 373 ζῶον,
789 341 934 376 γεγένηται

141 388 248 424 θνητὸν,
276 387 356 414 ὁπότε
373 386 404 412 τὸ
427 386 562 414 ἀθάνατον
582 386 798 422 ἀμεταστρόφως
824 387 903 414 τοῦτο
920 388 935 414 ὅ

141 434 214 460 ἐστιν
240 430 310 459 εἶναι
331 431 394 468 χρὴ,
416 431 453 467 μὴ
478 431 658 466 μεταπιπτον,
681 431 698 466 ἢ
724 431 934 468 ἐξανιστάμενον

140 480 180 510 εἰς
198 478 246 514 τὴν
266 477 387 512 αῐσχῑονα
405 477 452 503 καὶ
464 476 564 512 θνητὴν
578 476 676 511 φύσιν;
700 477 851 512 Ἀμήχανον
868 477 933 512 γὰρ,

140 524 203 551 ἐπεὶ
224 524 274 550 οὐκ
294 523 367 550 ἑστιν
388 523 531 550 ἀθάνατον.
555 522 676 558 Ἐπειδὴ,
691 522 771 555 λέξω,
788 523 934 558 γενόμενον

139 570 313 603 αὐτεξούσιον
328 569 397 605 πρὸς
415 570 465 605 τὴν
480 569 584 605 αἵρεσιν
605 568 652 595 τοῦ
665 568 760 601 καλοῦ,
774 569 821 596 καὶ
840 569 933 597 τοῦτον

139 617 185 644 τὸν
199 616 299 652 θεσμὸν
322 615 442 652 εἰληφὼς
457 616 471 642 6
495 614 641 651 μισόκαλος
662 614 777 647 ἐπιστὰς
799 615 933 642 ὲϐάσκανε

140 662 245 697 φθόνος.
255 662 284 689 '0
296 661 350 697 γὰρ
361 661 427 693 Θεὸς
439 660 529 687 ἔκτισε
544 661 590 688 τὸν
605 661 746 697 ἄνθρωπον
759 661 807 688 ἐπὶ
828 661 932 697 ἀφθαρ-

102 714 106 718 “
141 708 197 744 aia,
214 709 261 735 καὶ
275 707 429 742 εῑκόνα’τῆς
444 707 510 741 ἰδίοις
533 707 682 742 ὰῖδιότητος
701 707 828 743 ἐποίησεν
841 707 931 734 αὐτόν.

140 755 195 782 Kal
210 754 266 789 τὰρ
279 755 295 780 ό
309 753 381 786 Θεὸς
393 752 522 780 θάνατον
537 753 592 779 οὐκ
609 753 764 787 ἐποίησεν,
779 752 852 780 οὐδὲ
871 752 934 786 τέρ-

140 808 226 828 πεται
244 801 289 827 ἐπ’
312 800 446 833 ἀπωλείᾳ
468 799 591 830 ζώντων.
616 800 718 833 Φθόνῳ
736 800 771 826 δὲ
791 800 933 827 διαϐόλου

140 845 267 878 θάνατος
280 844 425 878 εἰσῆλθεν
436 845 479 877 εις
495 845 549 871 τὸν
564 845 698 880 κόσμον·
715 844 841 886 καθάπερ
857 846 903 872 καὶ
916 846 933 882 ἡ

141 891 225 927 Σοφία
239 892 399 927 Σαλομῶνος
412 891 469 927 (55)
488 893 629 928 μαρτυρεῖ.
648 892 703 919 Kal.
719 892 802 919 πόθεν
817 894 832 919 6
850 892 932 920 θάνα-

141 925 195 970 τος.
217 938 295 970 πάλιν
356 925 612 974 λέγεσθαι-ἀναγκτη,
624 938 648 965 εἰ
661 938 698 974 μὴ
714 938 828 966 θάνατον
841 939 933 974 ὲποίη-
948 925 969 953 Β

141 992 186 1011 σεν
199 985 213 1010 6
229 983 306 1016 Θεὸς,
316 985 339 1010 εἰ
354 983 409 1010 ἀπὸ
422 983 468 1010 τοῦ
485 983 594 1018 φθόνου,
606 984 653 1011 καὶ
666 984 725 1016 πῶς
743 985 758 1011 6
773 984 870 1020 φθόνος
883 984 933 1019 τῆς

141 1029 292 1066 βουλήσεως
307 1029 406 1066 μᾶλλον
419 1030 514 1066 ἴσχυσε
531 1030 579 1058 τοῦ
591 1030 669 1058 Θεοῦ.
678 1030 758 1057 Ἀλλὰ
778 1030 857 1057 τοῦτο
869 1030 898 1057 δύ
904 1039 933 1057 σ-

140 1084 231 1111 φημον
249 1075 380 1111 λέξωμεν.
412 1075 497 1103 Πόθεν
511 1077 526 1102 6
540 1075 654 1110 φθόνοςς
671 1077 686 1103 6
697 1075 845 1110 ἀντιλέγων
863 1076 933 1111 ἐρεῖ.

142 1122 171 1148 El
184 1121 238 1157 γὰρ
249 1121 304 1149 ἀπὸ
317 1121 364 1148 τοῦ
374 1121 509 1156 διαϐόλου,
521 1123 568 1149 καὶ
580 1121 624 1149 διὰ
636 1121 662 1149 τί
678 1121 799 1154 διάόολος
813 1121 933 1156 ἐγένετο,

141 1170 164 1196 εἰ
181 1169 289 1203 ἐγένετο
300 1176 307 1201 ;
820 1168 823 1171 ’

985 294 1069 329 phon,
1085 294 1176 322 minus
1192 299 1296 322 attento
1320 295 1435 323 forsitan
1451 295 1543 322 animo
1564 295 1774 324 considerantes

984 340 1103 374 objicere
1116 340 1170 367 ista
1186 340 1312 375 poteritis
1329 341 1377 369 :Si
1392 341 1545 369 inmortale
1560 341 1594 369 ab
1609 342 1713 377 origine
1723 349 1774 369 sua

984 387 1086 414 animal
1111 387 1178 414 illud
1204 387 1351 418 exstiterit,
1366 387 1413 422 qui
1435 387 1545 415 tandem
1571 388 1685 416 mortale
1711 395 1775 416 esse

984 432 1089 466 potuit;
1108 439 1170 458 cum
1187 431 1320 467 quidquid
1338 437 1380 460 est
1396 433 1561 465 immortale,
1579 433 1631 460 hoc
1645 433 1718 469 quod
1732 438 1775 462 est

984 478 1073 513 ipsum
1099 482 1231 513 perpetuo
1247 486 1308 506 esse
1324 478 1430 510 debeat,
1450 487 1500 507 nec
1518 479 1544 506 in
1560 480 1684 508 viliorem
1699 488 1774 508 mor-

984 525 1120 560 talemque
1133 529 1258 553 naturam
1273 525 1464 561 dcgenerando
1476 526 1704 562 transeat?5ﬁ3
1719 527 1775 555 lloc

983 571 1056 598 enim
1083 571 1140 598 fieri
1164 571 1269 606 nequit,
1291 572 1393 606 alioqui
1421 572 1576 600 immortale
1601 580 1655 599 non
1682 573 1774 600 fuerit.

985 615 1037 643 Sed
1053 623 1103 651 ego
1116 616 1166 643 tibi
1182 624 1294 644 causam
1311 617 1350 644 rei
1371 617 1453 652 hujus
1472 619 1603 652 aperiam.
1616 618 1684 646 Cum
1701 619 1774 646 enim

984 661 1018 689 ad
1035 662 1098 689 boni
1117 663 1250 690 delectum
1269 663 1377 690 arbitrii
1391 663 1516 691 libertate
1527 668 1599 692 esset
1611 664 1774 697 instructus,

984 715 1016 735 ac
1039 708 1125 743 legem
1148 709 1222 735 illam
1245 709 1407 744 accepisset,
1426 710 1546 744 pessima
1561 718 1624 737 eum
1646 718 1774 746 superve-

984 754 1063 781 niens
1085 753 1260 781 labefactavit
1286 755 1398 782 invidia.
1418 755 1557 791 Siquidem
1585 756 1657 784 Dens
1675 764 1773 784 eorru-

985 800 1078 834 ptione
1091 805 1230 827 carentem
1246 801 1384 828 hominem
1399 802 1513 834 creavit,
1528 807 1555 830 et
1569 803 1602 830 ad
1614 804 1775 831 aeternitatis

985 853 1041 873 sua:
1061 846 1190 880 produxit
1206 846 1369 882 imaginem:
1385 847 1454 874 Deus
1466 849 1534 875 enim
1551 854 1660 876 mortem
1676 858 1727 876 non
1735 849 1774 884 [eo

984 892 1031 922 cit,
1046 899 1092 918 nec
1107 891 1254 919 delectatur
1277 892 1304 919 in
1326 893 1472 926 perditione
1496 894 1646 922 viventium.
1669 894 1775 922 Invidia

982 943 1041 963 vero
1056 936 1157 963 diaboli
1174 945 1244 964 mors
1260 938 1368 965 intrauit
1385 938 1413 964 in
1427 938 1566 972 mundum,
1584 944 1613 966 ut
1632 947 1681 975 per
1697 939 1775 968 Salo-

981 991 1089 1010 monem
1105 983 1243 1019 Sapientia
1256 987 1400 1012 testatur'.
1419 985 1471 1013 Sed
1487 985 1621 1014 undenam
1635 995 1710 1015 mors
1721 995 1770 1016 ex-

982 1029 1083 1056 stiterit
1108 1029 1284 1064 repetendum
1309 1031 1467 1058 necessario
1489 1031 1568 1060 nobis
1591 1036 1643 1065 est,
1660 1035 1682 1060 si
1702 1033 1773 1062 Deus

982 1076 1056 1103 illam
1070 1083 1124 1102 non
1139 1075 1253 1109 fecerit;
1270 1084 1332 1103 nam
1347 1077 1370 1104 si
1387 1078 1421 1103 ab
1434 1077 1535 1105 invidia
1561 1079 1710 1114 profectam
1732 1080 1774 1107 di-

982 1121 1066 1154 xeris,
1089 1121 1227 1156 qnomodo
1253 1122 1362 1149 tandem
1389 1123 1490 1150 invidia
1515 1123 1606 1152 divina
1635 1126 1774 1154 voluntate

983 1169 1044 1204 plus
1064 1168 1167 1195 valuit?
1184 1168 1236 1196 Sed
1252 1169 1305 1199 hoc
1323 1169 1397 1197 dictu
1417 1169 1511 1198 infelix
1527 1171 1775 1208 detestandamque

141 1216 265 1243 dicamus
282 1223 289 1241 :
307 1213 442 1241 undenam
461 1212 560 1241 invidia
577 1213 697 1249 profecta
709 1214 745 1241 sit
759 1213 932 1242 adversarius
950 1214 1056 1250 quzerit.
1074 1212 1141 1241 Nam
1168 1214 1192 1242 si
1214 1221 1230 1241 a
1248 1214 1357 1242 diabolo
1371 1217 1549 1251 respondeas,
1579 1225 1629 1246 cur
1662 1219 1775 1247 omnino

141 1262 266 1291 diabolus
276 1261 395 1292 exstitit,
408 1260 431 1287 si
443 1261 591 1295 productus
605 1265 647 1288 est
662 1261 826 1296 aliquando?

172 1307 217 1334 K'.
226 1308 280 1334 Kal.
290 1308 304 1334 6
313 1308 430 1343 ποιήσας
439 1307 520 1334 αὐτόν
527 1308 600 1334 ἐστιν
609 1307 694 1339 αἴτιος
701 1307 748 1334 τοῦ
759 1305 828 1335 εἶναι
837 1307 931 1334 κακόν.

147 1353 226 1380 Ἀλλὰ
241 1353 361 1385 ἀναίτιος
375 1353 464 1389 πάντη
481 1353 574 1380 κακῶν
591 1354 664 1380 ἐστιν
676 1355 689 1380 6
703 1354 786 1386 Θεός·
802 1354 934 1388 ἀγένητος

143 1400 197 1435 ἄρα
215 1399 371 1431 ὁδιόιΰολος.
387 1400 443 1427 Kal.
467 1400 490 1426 sl
514 1400 654 1435 ἀγένητος,
672 1400 719 1427 καὶ
746 1400 863 1436 ἀπαθὴς,
887 1400 936 1426 καὶ

143 1445 303 1481 ἀνώλεθρος,
317 1446 364 1473 καὶ
380 1446 516 1482 ἀνενδεὴς.
533 1446 577 1482 Τῷ
589 1446 643 1482 γὰρ
661 1447 787 1482 ἀγενήτῳ
803 1446 832 1478 ἐξ
851 1446 935 1480 ἀνάγ-

143 1499 195 1526 κης
216 1491 323 1527 ἀπάσης
348 1490 434 1518 ταῦτα
459 1491 591 1528 ὑπάρχειν
613 1492 677 1528 χρή.
705 1491 735 1518 ‘0
759 1491 786 1518 δὲ
810 1491 932 1523 διάϐολος

144 1537 330 1572 καταργεῖται,
347 1537 394 1563 καὶ
414 1537 568 1569 κολάζεται.
586 1537 622 1564 Τὸ
638 1537 667 1564 δὲ
682 1537 862 1573 κολαζόμενον
878 1538 931 1573 ἄρα

1017 1303 1077 1332 XX.
1088 1303 1127 1331 Ac
1138 1303 1262 1339 proiecto
1270 1305 1317 1340 qui
1327 1305 1401 1332 illum
1409 1306 1533 1334 condidit
1543 1312 1639 1337 auctm-
1650 1312 1713 1339 mali
1727 1312 1775 1341 de-

982 1350 1027 1377 bet
1042 1349 1137 1377 videri.
1152 1350 1235 1385 Atqui
1249 1351 1382 1378 malorum
1399 1359 1482 1379 causa
1496 1352 1568 1382 Deus
1580 1363 1641 1383 esse
1655 1365 1709 1385 non
1722 1367 1773 1394 po—

982 1399 1052 1423 test:
1070 1403 1156 1430 quare
1165 1396 1200 1422 ab
1213 1395 1289 1422 nullo
1300 1396 1449 1430 productus
1459 1402 1501 1425 est
1513 1398 1648 1428 diabolus.
1658 1401 1735 1435 Quod
1750 1404 1774 1432 si

984 1441 1021 1469 ita
1036 1446 1089 1473 est,
1103 1449 1191 1476 nequc
1207 1441 1263 1476 pali
1279 1442 1428 1477 quidquam
1443 1449 1544 1479 potest,
1558 1450 1585 1473 et
1596 1448 1672 1475 exitii
1687 1457 1772 1484 penu-

985 1487 1087 1522 riazque
1099 1491 1141 1514 est
1150 1487 1238 1514 omnis
1247 1495 1355 1522 expers.
1365 1487 1431 1515 Nam
1441 1489 1512 1524 quod
1522 1498 1660 1526 nunquam
1670 1494 1774 1529 produ-

985 1536 1059 1559 ctum
1087 1536 1140 1566 est,
1164 1532 1227 1559 huic
1250 1532 1342 1560 inesse
1361 1533 1419 1561 haec
1439 1536 1530 1563 omnia
1551 1544 1726 1568 necesseest.
1740 1542 1775 1569 At

143 1582 304 1614 ἀλλοιοῦται,
331 1583 378 1610 καὶ
407 1582 516 1618 πάσχει.
536 1582 653 1614 Ἀπαθὲς
679 1583 707 1609 δὲ
733 1583 763 1609 τὸ
785 1582 932 1618 ἀγένητονι

986 1578 1086 1605 diaboli
1101 1582 1217 1606 conatus
1232 1578 1259 1605 ἢ]
1276 1579 1391 1606 nihilum
1415 1581 1556 1615 redigitur,
1577 1584 1703 1621 idemque
1725 1595 1770 1623 pn-

143 1629 193 1656 οὐκ
217 1629 270 1666 ἄρα
285 1629 426 1664 ἀγένητος,
449 1628 518 1655 ἀλλὰ
539 1629 651 1664 γενητὸς
672 1630 686 1656 6
702 1629 842 1660 διάϐολος·
856 1630 880 1655 ει
903 1629 932 1655 δὲ

144 1676 264 1712 γενητὸς,
281 1676 328 1702 καὶ
350 1677 403 1702 πᾶν
422 1676 453 1702 τὸ
468 1675 650 1711 γεγενημένον
673 1676 727 1702 ἀπό
749 1684 822 1707 τινος
848 1676 935 1711 ἀρχῆς

143 1721 261 1756 ἐγένετο,
277 1721 324 1748 καὶ
343 1721 417 1748 ἔστιν
431 1721 514 1747 αὑτοῦ
534 1721 700 1757 δημιουργὸς
720 1721 768 1747 καὶ
784 1720 831 1747 τοῦ
845 1721 935 1747 διαῦὀ-

142 1767 199 1794 λου.
217 1767 270 1793 Kal.
286 1767 401 1802 πότερον
423 1766 550 1797 κάκεῖνος
566 1765 696 1801 ἀγένητὸς
717 1765 802 1796 ἐστιν,
822 1764 838 1799 ἢ
855 1773 935 1800 γενη-

142 1815 205 1847 τός;
226 1813 308 1840 Ἀλλὰ
323 1813 355 1840 τὸ
367 1812 499 1848 ἀγένητον
510 1810 579 1838 εἶναι
597 1812 677 1847 μόνον
693 1810 813 1838 νοεῖσθαι
824 1812 876 1847 χρὴ
889 1811 935 1837 τὸν

142 1860 222 1887 Θεόν·
239 1859 300 1887 οὐδὲ
312 1859 366 1894 γὰρ
383 1857 452 1886 εἶναι
468 1859 499 1885 τὸ
512 1857 620 1885 σύνολον
636 1857 691 1893 (56)
705 1857 772 1889 ὅλως
788 1858 820 1884 ἐκ
834 1857 935 1889 παντὸς

142 1907 182 1937 εις
196 1905 226 1932 τὸ
239 1904 369 1940 παράπαν
379 1904 472 1939 ἕτερος
485 1903 649 1939 δημιουργὸς
662 1902 732 1938 πλὴν
744 1901 827 1928 αὑτοῦ
839 1910 845 1917 ·
862 1901 936 1936 Ἐγὼ

143 1950 268 1985 πρῶτος,
289 1950 337 1976 καὶ
349 1949 407 1984 ἐγὼ
419 1949 495 1984 μετὰ
508 1948 611 1979 ταῦτα,
629 1948 679 1974 καὶ
694 1947 779 1981 πλὴν
794 1947 867 1982 ἐμοῦ
882 1947 935 1974 ἆλ-

143 1999 198 2029 λος
212 1997 267 2023 οὐκ
286 1995 352 2022 ἐστι
368 1994 450 2028 Θεός.
471 1994 539 2021 Οὐδὲ
556 1993 805 2030 μετασκευάζεσοαι
821 1993 861 2020 δεῖ
871 2002 897 2019 τι
914 1994 933 2025 ¹,

143 2043 160 2079 ἢ
171 2042 309 2075 κτιξεσοαι
321 2041 397 2077 παρὰ
405 2040 454 2077 τὴν
464 2040 546 2067 αὑτοῦ
556 2039 668 2067 δύναται
675 2039 784 2075 βουλήν.
793 2039 849 2066 Καὶ
859 2038 912 2074 γὰρ
921 2041 936 2066 6

144 2088 207 2120 Υῑδς
221 2087 298 2114 οὐδὲν
311 2088 356 2122 ἀφῗ
370 2086 467 2113 ἑαυτοῦ
484 2085 614 2113 δύνασθαι
630 2087 716 2112 ποιεῖν
732 2085 868 2120 ὁμολογεῖ,
881 2085 936 2112 ἐὰν

143 2133 184 2169 μὴ
194 2133 297 2168 βλέπῃ
311 2132 484 2166 τὸνΠατέρα
495 2132 650 2159 ποιοῦντα.
662 2132 698 2158 Ἀ
709 2131 765 2166 τὰρ
777 2131 826 2163 ἂν,
841 2130 934 2166 φησὶν,

143 2181 160 2207 ό
173 2179 274 2214 Πατὴρ
289 2178 371 2213 ποιῇ,
395 2178 489 2205 ταῦτα
504 2177 554 2204 καὶ
572 2179 588 2204 ὀ
605 2177 671 2210 Υἱὸς
684 2177 772 2204 ποιεῖ.
797 2176 864 2203 Οὐδὲ
882 2177 935 2211 μήν

142 2235 170 2253 τι
184 2225 323 2261 πολέμιον,
348 2225 365 2260 ἦ
382 2224 536 2256 ἁντιδοξοῦν
560 2223 645 2259 αὐτῷ,
662 2224 679 2259 ἢ
701 2223 823 2250 ἀντίθεόν
845 2223 933 2249 ἐστιν’

143 2272 215 2305 ἐπεὶ,
229 2271 282 2298 κᾶν
299 2271 323 2298 εἰ
337 2270 509 2306 ἀντέπρασσέ
518 2269 544 2296 τι
555 2270 595 2305 τῷ
609 2270 679 2305 Θεῷ,
691 2269 829 2296 ἐπαύσατο
842 2269 875 2296 ἂν
886 2268 932 2296 τοῦ

143 2316 224 2352 εἶναι,
240 2317 367 2353 λυθείσης
378 2316 460 2343 αὑτοῦ
474 2317 508 2351 τῇ
525 2315 573 2342 τοῦ
587 2315 654 2342 Θεοῦ
667 2315 779 2350 δυνάμει
794 2315 841 2342 καὶ
861 2315 933 2349 ἰσχύϊ

143 2365 191 2400 τῆς
206 2363 370 2395 συστάσεως.
383 2362 428 2398 Τῷ
441 2362 496 2397 γὰρ
508 2362 648 2397 ποιήσαντι
659 2361 738 2388 λῦσαι
751 2361 824 2396 μόνῳ
839 2360 886 2387 καὶ
899 2360 933 2386 τὰ

143 2411 264 2437 ἀθάνατα
278 2409 400 2436 δυνατόν.

986 1625 1071 1651 nitur.
1093 1624 1170 1658 Quod
1200 1629 1289 1652 autetn
1314 1626 1437 1660 punitur,
1462 1633 1584 1657 mutatur
1604 1639 1636 1658 ac
1661 1633 1774 1667 patitur.

984 1670 1066 1705 Atqui
1084 1671 1139 1706 pati
1156 1671 1220 1698 nihil
1234 1674 1325 1706 potest
1340 1672 1411 1706 quod
1425 1674 1604 1708 productione
1617 1682 1702 1706 caret.
1712 1679 1774 1708 Non

985 1716 1066 1751 igitur
1083 1715 1273 1751 productionis
1288 1725 1402 1753 expers;
1419 1719 1466 1747 sed
1482 1722 1632 1755 productus
1647 1724 1774 1760 aliquan-

985 1763 1020 1789 do
1036 1762 1172 1790 diabolns.
1190 1762 1250 1790 Jam
1265 1772 1331 1792 vero
1345 1772 1406 1792 cum
1421 1771 1447 1792 et
1461 1767 1611 1800 productus
1625 1770 1670 1798 ille
1686 1771 1732 1804 sit,
1747 1777 1775 1801 et

985 1809 1118 1844 quidquid
1134 1809 1298 1844 productum
1309 1815 1361 1843 est,
1378 1811 1414 1839 ab
1441 1812 1531 1848 aliquo
1557 1815 1691 1852 principio
1708 1825 1773 1852 pro-

985 1856 1096 1883 dut-tum
1113 1856 1160 1887 sit,
1179 1864 1351 1892 consequens
1362 1862 1404 1886 est
1414 1859 1532 1894 aliquem
1548 1868 1618 1894 esse,
1635 1870 1650 1889 a
1665 1871 1719 1898 quo
1737 1866 1774 1892 sit

986 1908 1146 1937 procreatus
1161 1903 1296 1931 diabolus.
1312 1904 1474 1932 Utrumnam
1489 1906 1574 1941 igitur
1598 1908 1680 1936 etiam
1707 1918 1772 1945 pro-

985 1948 1085 1976 ductus
1100 1948 1145 1975 ille
1156 1948 1217 1975 fuit.
1229 1955 1264 1976 an
1278 1949 1392 1984 produci
1407 1958 1461 1977 non
1476 1952 1583 1986 potuit?
1595 1961 1687 1981 verum
1700 1957 1773 1991 quod

986 1993 1174 2028 productionis
1190 1997 1232 2020 est
1247 2001 1356 2028 expers,
1369 2002 1418 2029 par
1433 1999 1474 2023 est
1488 2004 1572 2024 unum
1586 1997 1718 2027 duntaxat
1731 2002 1774 2029 in-

985 2039 1070 2074 telligi
1086 2038 1180 2066 Deum.
1199 2038 1292 2074 Neque
1307 2040 1379 2066 enim
1397 2040 1467 2069 ullus
1483 2048 1544 2070 esse
1558 2048 1648 2077 potest
1660 2048 1772 2074 omnino

985 2089 1085 2119 praeter
1104 2085 1179 2111 illum
1202 2085 1290 2120 ipsum
1311 2085 1412 2120 opifex.
1432 2086 1488 2122 Ego
1502 2089 1616 2123 primus,
1632 2090 1731 2127 inquit,
1747 2099 1772 2121 et

984 2139 1031 2165 ego
1051 2131 1218 2162 novissimus,
1235 2135 1258 2158 et
1275 2135 1372 2165 pra'ler
1394 2141 1434 2159 me
1453 2142 1505 2160 non
1529 2140 1568 2162 est
1588 2137 1657 2164 alius
1673 2137 1742 2165 Deus
1752 2139 1772 2166 ³.

986 2176 1040 2203 Sed
1059 2183 1146 2212 neque
1159 2177 1322 2204 commutari
1338 2178 1476 2213 quidpiam
1491 2188 1524 2208 ac
1539 2186 1637 2216 prater
1653 2184 1712 2218 ejus
1729 2194 1773 2212 νυν

985 2222 1117 2249 luntatem
1137 2222 1276 2257 procreari
1303 2227 1402 2258 potest.
1419 2224 1524 2253 Etenim
1538 2227 1622 2256 Filius
1633 2230 1701 2257 nihil
1726 2239 1773 2265 per

986 2275 1047 2296 sese
1060 2267 1150 2296 facere
1164 2275 1245 2303 posse
1259 2270 1414 2304 confitetur,
1428 2271 1480 2299 nisi
1502 2273 1528 2299 id
1546 2273 1655 2302 Patrem
1671 2276 1767 2310 facien-

988 2318 1037 2340 tem
1055 2313 1158 2341 viderit.
1174 2314 1240 2347 Quae
1262 2314 1342 2346 enim,
1360 2315 1459 2351 inquit,
1481 2317 1562 2345 Pater
1578 2319 1652 2353 facit,
1671 2321 1727 2349 haec
1748 2329 1772 2350 et

987 2358 1076 2386 Filius
1092 2358 1185 2394 facit‘.
1205 2359 1297 2395 Neque
1318 2368 1383 2389 vero
1408 2362 1547 2390 inimicum
1570 2365 1710 2400 quiddam,
1726 2373 1772 2396 aut

987 2412 1142 2440 repugnans
1161 2412 1192 2432 ac
1208 2404 1263 2433 Dco
1285 2408 1454 2434 contrarium
1482 2414 1543 2437 est:
1560 2411 1582 2438 si
1609 2413 1672 2447 quid
1698 2415 1772 2443 enim

143 2460 227 2488 esset,
243 2454 315 2490 quod
330 2454 384 2481 Deo
399 2453 550 2484 resisteret,
566 2460 627 2480 esse
650 2452 762 2479 omnino
783 2451 932 2483 desineret,
952 2459 985 2478 eo
1000 2451 1073 2486 quod
1090 2451 1181 2478 divina
1195 2452 1295 2478 virtute
1310 2459 1342 2479 ac
1360 2453 1457 2482 robore
1491 2456 1581 2484 omnis
1610 2457 1684 2487 illius
1704 2468 1772 2488 cou-

143 2500 250 2528 stitutio
272 2500 477 2527 dissolveretur.
493 2498 600 2533 Quippe
617 2497 692 2525 solus
708 2498 752 2525 ille
769 2498 811 2525 vel
826 2505 857 2525 ea
872 2505 933 2532 quae
954 2502 1018 2525 sunt
1032 2497 1196 2523 immortalia
1213 2498 1364 2526 dissolvere
1378 2503 1477 2534 potest,
1492 2502 1539 2535 qui
1553 2503 1686 2532 condidit.

180 2547 243 2573 KA'.
262 2546 294 2572 Τί
311 2544 357 2572 οὖν
373 2546 387 2572 6
401 2545 523 2577 διάϐολος
541 2545 663 2578 ligant;
679 2543 789 2578 Πνεῦμα
809 2544 872 2579 περὶ
885 2543 934 2579 τὴν

143 2592 209 2628 ὕλην
223 2592 294 2628 ἔχον,
309 2591 433 2627 καθάπερ
448 2591 555 2627 ἐλέχθη,
575 2587 598 2617 ὦ
617 2590 786 2625 Ἀθηναγόρα
803 2590 871 2625 (57),
885 2597 932 2623 γε·

1023 2542 1105 2578 5“
1122 2542 1194 2570 XXI.
1215 2544 1349 2575 Quidnam
1367 2545 1450 2581 igitur
1461 2547 1570 2575 tandem
1582 2548 1719 2578 diabolum
1730 2559 1771 2580 eo-

987 2598 1016 2617 se
1032 2589 1174 2617 dicemus?
1189 2588 1321 2625 Spiritum
1336 2591 1472 2626 videlicet,
1482 2593 1530 2629 qui
1544 2594 1618 2622 circa
1633 2598 1771 2625 materiam

178 2671 185 2686 '
201 2670 265 2698 Cor.
296 2670 328 2706 δή
341 2678 378 2696 τι.
417 2670 428 2685 ³
447 2669 510 2704 Sap.
525 2677 546 2702 ι,
560 2669 604 2696 l3.
643 2668 653 2683 ³
668 2667 720 2696 lsa.
737 2675 810 2699 xuv,
826 2667 853 2694 6.
889 2666 933 2694 ‘Jt

985 2675 1026 2699 .v,
1043 2667 1086 2695 l9.

178 2746 234 2782 (35)
259 2747 399 2781 Καθάπερ
423 2747 473 2773 καὶ
496 2747 515 2781 ὴ
542 2746 637 2782 Σοφίᾳ
661 2743 933 2782 Σαιῑομῶνοςο-Ιεί-

144 2778 189 2808 tur
203 2778 350 2816 Sapientim
366 2778 434 2809 liber
447 2778 592 2809 Salomnni
600 2781 635 2808 ab
648 2778 842 2816 antiquissimo
852 2778 933 2807 Patre

144 2817 283 2844 tribuitur.
301 2816 369 2844 Vide
386 2821 412 2844 et
427 2825 504 2844 num.
521 2816 566 2844 56.

141 2853 145 2860 '
180 2852 235 2890 (56‘)
251 2852 330 2890 Οὐδὲ
343 2852 398 2886 γὰρ
411 2850 489 2890 {Irae
503 2851 535 2890 τό
550 2852 695 2890 σύνολον,
714 2850 932 2890 Parutu'integer

167 2894 190 2913 ιε
201 2888 277 2915 lorus
288 2888 403 2914 videtur.
417 2886 469 2914 Sed
483 2887 739 2922 hujussententiam
750 2885 930 2922 reddidimus.

181 2922 236 2956 (57)
251 2922 390 2957 Καθάπερ
408 2920 529 2957 ἐλέχθη,
549 2920 573 2950 ὦ
592 2923 779 2957 Ἀθηναγόρα.
801 2920 932 2956 Suspicor

982 2744 1311 2786 Methodinmscripsisse
1325 2747 1364 2786 τῷ
1379 2748 1564 2786 -ᾊβηναγόρῳ
1597 2750 1636 2779 Ex
1651 2751 1770 2781 Athena-

982 2787 1066 2820 gorae,
1087 2780 1187 2820 inquit,
1210 2780 1353 2820 sententia
1370 2780 1496 2820 diabolus
1520 2780 1633 2820 spiritus
1645 2792 1698 2818 est.
1711 2780 1770 2817 ξιξ.

981 2815 1139 2859 ρυοιιιξριιό
1148 2815 1265 2859 "Paulum
1275 2816 1447 2859 Leopardnm
1457 2821 1507 2859 lib.
1519 2815 1564 2848 xix
1580 2815 1770 2859 Eineud.,cap.

981 2849 998 2876 9
1024 2855 1127 2891 postea
1147 2851 1315 2891 reperimus;
1333 2849 1387 2887 ‘qui
1403 2858 1432 2891 et
1450 2855 1629 2891 Athenagora-
1642 2865 1674 2884 ex
1693 2849 1761 2886 bii?

980 2892 1027 2927 ρξο
1039 2884 1139 2927 Christ.
1155 2884 1397 2927 verba‘citat,_quae
1408 2884 1770 2927 ille!hodiusvtlescripscrdt:

988 2920 1124 2947 'Evavriav
1142 2920 1173 2946 τὸ
1187 2921 1250 2956 περὶ
1265 2922 1315 2958 τὴν
1329 2920 1396 2958 ὓλην
1411 2924 1471 2959 έχον
1492 2925 1609 2960 πνεῦμα,
1626 2920 1770 2960 γενόμενον
