1958 3050
159 139 231 166 1105

864 134 893 161 5.
913 130 1085 161 EPIPIIANII

1724 129 1736 155 ί
1746 129 1793 155 HM

160 198 296 227 versatur.
309 194 540 229 quemadmodum
552 193 655 221 dictum
667 197 719 225 est,
733 201 750 220 ο
764 192 949 228 Athenagora,

1009 190 1118 226 νόμενον
1135 189 1189 217 ὑπὸ
1199 188 1246 216 τοῦ
1261 187 1339 216 Θεοῦ.
1356 188 1462 224 Ὥσπερ
1474 188 1504 215 δὲ
1517 187 1565 214 καὶ
1578 186 1604 213 οἱ
1617 185 1706 214 λοιποὶ
1716 184 1790 221 γετι

161 248 176 267 a
190 239 245 267 Deo
261 244 446 276 procreatum.
463 238 580 267 Perinde
594 246 626 266 ac
640 239 738 274 reliqui
748 239 782 266 ab
795 238 890 266 eodem
904 245 953 265 an-

160 287 212 322 geli
236 287 287 314 sati
310 292 393 318 sunt;
410 287 510 321 quibus
532 289 588 312 tam
608 284 734 317 materia,
749 291 831 320 quam
849 283 953 312 [οι-ηιξ·

161 340 232 364 rum,
251 333 351 368 quibus
367 336 410 360 cst
425 331 521 359 aﬂ‘ecta
544 331 670 362 materia,
685 330 843 366 procuratio
868 329 954 358 admi-

161 380 342 415 nistratioque
353 378 500 407 commissa
514 383 566 406 est.
581 377 722 412 Siquidem
735 384 767 404 ea
782 377 953 404 constituen-

160 424 258 452 dorum
276 424 435 460 angelorum
458 430 541 450 causa
565 422 626 454 fuit,
645 425 674 448 ut
697 421 724 448 in
741 421 776 449 iis
788 429 849 456 quae
865 429 880 449 a
898 421 954 449 Deo

160 471 286 498 ordinata
309 474 389 498 erant
404 477 436 497 ac
452 469 595 505 disposita,
614 468 783 503 providentia
808 467 954 495 moderan-

161 517 204 544 dis
228 517 358 544 vicariam
386 515 440 543 Deo
464 523 575 551 operam
603 518 745 543 navarent.
766 514 810 541 Uti
823 514 953 541 nimirum

161 569 334 590 communem
352 569 385 589 ac
401 562 555 597 generalem
575 561 699 589 omnium
722 567 818 587 curam
833 560 954 594 suscipe—

161 611 202 635 ret
215 607 296 640 Deus,
309 608 355 642 qui
372 608 399 634 in
414 608 506 634 omnia
523 607 693 634 dominatum
710 612 792 641 atque
808 605 953 641 imperium

161 651 306 682 obtineret.
327 659 359 679 ac
381 652 465 679 veluti
486 652 624 687 navigium
650 651 798 687 quoddam,
812 651 852 678 sic
869 654 954 677 totam

163 697 233 723 illam
260 696 467 724 universitatem
491 701 651 724 constanter
684 704 742 724 suae
769 696 955 731 gubernaculo

163 742 301 778 sapientia:
315 747 422 778 regeret
434 752 441 776 ;
458 749 521 770 cum
536 743 644 769 interim
656 742 825 777 singularem
837 741 955 769 functio-

163 796 224 816 nem
247 793 446 824 atque_curam
475 788 613 823 praepositi
629 788 662 815 ad
678 788 704 815 id
727 787 814 823 angeli
836 788 956 815 sustine-

164 840 234 864 rent.
250 835 285 863 At
309 843 373 863 vero
399 836 490 862 caeteri
505 834 615 870 quidem
631 835 657 862 in
674 842 705 862 ea
719 835 838 863 statione
854 834 955 869 persti-

1005 245 1083 264 νασιν
1099 236 1145 262 ὑπ’
1169 235 1251 262 αὑτοῦ
1275 234 1398 269 ἄγγελοι,
1415 234 1462 260 καὶ
1485 233 1535 269 τὴν
1552 233 1598 260 ἐπὶ
1616 233 1650 269 τῇ
1672 233 1734 268 ὕλῃ,
1750 233 1794 259 καὶ

1004 283 1061 314 τοῖς
1075 282 1128 318 τῆς
1140 281 1206 317 ὕλης
1219 281 1302 308 εἴδεσι
1323 279 1534 315 πεπιστευμένοι
1552 279 1695 314 διοίκησιν.
1711 278 1794 305 Τοῦτ(

1005 329 1060 364 γὰρ
1071 327 1105 364 ἦν
1121 329 1138 363 ὴ
1161 327 1215 354 τῶν
1229 328 1353 362 ἀγγέλων
1371 327 1510 359 σύστασις,
1531 325 1571 360 τῷ
1585 325 1646 360 Θεῷ
1667 325 1713 352 ἐπὶ
1732 333 1801 361 προς

1005 375 1065 410 νοίᾳ
1081 373 1222 409 γεγονέναι
1235 375 1291 405 τοῖς
1305 375 1350 400 ὑπ’
1366 373 1449 401 αὑτοῦ
1465 371 1740 407 διακεκοσμημένοις-
1753 371 1802 397 ἴνα

1003 420 1054 456 τὴν
1070 420 1119 455 μὲν
1135 419 1298 454 παντελικὴν
1316 419 1363 445 καὶ
1383 418 1521 454 γενετικὴν
1542 419 1556 444 6
1571 417 1638 449 Θεὸς
1656 417 1725 452 ἔχων
1743 416 1802 443 τῶν

1004 466 1072 493 ὅλων
1088 466 1227 501 πρόνοιαν,
1245 465 1260 501 ἢ
1276 465 1306 492 τὸ
1317 466 1326 480 ³
1338 465 1421 501 κῦρος
1437 465 1483 491 καὶ
1500 464 1531 490 τὸ
1553 464 1653 499 κράτος
1670 463 1799 490 ἁπάντων

1006 512 1088 543 αὐτὸς
1110 512 1308 547 ἀνηρτημένος,
1332 511 1379 538 καὶ
1394 511 1488 546 ὥσπερ
1508 511 1610 544 σκάφος
1627 509 1665 544 τῷ
1681 510 1730 544 τῆς
1751 517 1792 535 σο-

1006 558 1069 593 φίας
1086 558 1160 584 οἴακι
1187 558 1334 584 διευθὺνων
1359 558 1477 590 ἀκλινῶς
1496 558 1526 584 τὸ
1544 558 1616 584 πᾶν·
1637 557 1686 591 τὴν
1702 556 1730 583 δὲ
1753 555 1794 582 διὸ

1007 606 1108 640 μέρους
1126 606 1150 632 οἱ
1167 604 1216 640 μὲν
1239 604 1339 636 λοιποὶ,
1359 605 1400 639 ἐφ’
1419 602 1459 636 οἷς
1484 603 1582 635 αὐτοὺς
1607 603 1729 636 ἐποίησε,
1748 601 1795 629 καὶ

1005 650 1144 682 διετάξατε
1160 651 1174 677 6
1186 650 1262 683 Θεὸς,
1278 650 1400 686 ἔμειναν.
1422 651 1451 677 '0
1463 650 1491 677 δὲ
1504 649 1638 685 ἐνύδρισε,
1655 649 1703 675 καὶ
1713 656 1795 683 πονη-

1007 696 1054 733 ρὸς
1071 696 1136 732 περὶ
1149 696 1203 722 τῶν
1219 695 1441 731 πεπιστευμένων
1464 695 1574 729 ἐγένετο
1591 695 1640 730 τὴν
1654 694 1796 729 διοίκησιν,

1007 742 1103 777 φθόνον
1120 741 1287 776 ὲγκισσὴσας
1310 740 1370 768 καθ’
1389 740 1482 776 ἡμῶν·
1500 740 1595 775 ὥσπερ
1618 739 1665 766 καὶ
1688 740 1712 765 οἱ
1729 737 1796 774 μετὰ

1006 787 1091 815 ταῦτα
1103 787 1212 823 σαρκῶν
1228 786 1284 822 (58)
1295 786 1465 822 ἐρασθέντες,
1479 785 1529 812 καὶ
1541 785 1606 818 ταῖς
1616 785 1675 812 τῶν
1688 783 1797 818 ἀνθρώ-

1007 843 1072 861 πων
1095 835 1139 866 εὶς
1164 833 1352 868 φιλοκοιτίαν
1375 833 1577 868 ὁμιλήσαντες
1604 830 1797 866 θυγατράσιν.

164 885 266 910 terunt.
286 881 363 915 cujus
389 880 474 915 gratia
500 880 603 907 conditi
635 887 650 906 a
676 878 732 907 Deo
758 879 956 914 constitutique

1009 883 1172 919 Αὑθαίρετον
1186 884 1241 917 γὰρ
1260 883 1308 910 καὶ
1328 883 1419 913 αὐτοῖς
1434 881 1506 917 ἔχειν
1533 880 1602 917 πρὸς
1621 880 1739 915 ἑκάτερα
1758 879 1797 906 δι-

164 925 283 953 t'uerant.
305 924 434 953 Diabolus
459 932 524 952 vero
546 925 701 960 petulanter
724 925 789 960 egit,
808 929 832 952 el
858 925 886 952 in
909 932 955 952 eo-

164 979 236 1003 rum.
249 979 310 1006 quae
333 971 386 999 sibi
403 971 552 998 commissa
569 969 688 1004 fuerant,
706 970 955 1003 administratione,

164 1021 296 1052 concepta
319 1017 452 1045 adversus
469 1024 520 1045 nos
536 1017 650 1049 invidia,
663 1016 814 1052 pessimum
834 1024 865 1044 se
888 1023 957 1051 pra:-

165 1064 232 1091 buit.
246 1063 483 1097 Quemadmodum
511 1067 540 1090 et
563 1063 613 1096 illi,
636 1062 683 1098 qui
707 1067 801 1098 postea
824 1061 957 1097 concupi-

164 1110 268 1137 scentia
285 1117 432 1145 corporum
448 1109 610 1145 ﬂagrarunt,
628 1114 653 1136 et
668 1117 728 1153 cum
747 1107 854 1143 ﬁliabus
874 1107 958 1134 homi-

165 1164 227 1182 num
238 1155 324 1189 stupri
337 1155 552 1183 consuetudinem
571 1155 748 1183 habuerunt’.
762 1154 867 1182 Etenim
886 1153 957 1189 quod

165 1201 323 1229 hominibus
339 1209 514 1234 concessum,
531 1201 602 1229 idem
618 1205 645 1229 et
657 1201 712 1229 illis
725 1208 741 1228 a
753 1200 808 1228 Deo
824 1200 957 1227 tributum

165 1253 217 1281 est,
238 1253 278 1281 ut,
296 1249 426 1284 utrinque
446 1249 561 1276 liberum
583 1249 715 1276 baberent
726 1247 874 1276 voluntatis
890 1254 956 1274 con-

164 1295 267 1326 silium,
286 1299 316 1322 ut
341 1295 400 1322 sive
422 1295 496 1322 illius
522 1295 698 1323 sermonibus
724 1294 956 1329 obtemperarent,

165 1341 253 1376 ipsius
266 1340 465 1369 consuetudine
479 1341 647 1373 fruerentur,
661 1348 693 1368 ac
708 1340 848 1368 felicitatis
864 1341 958 1366 essent

1010 930 1126 962 ετάξατο
1133 928 1260 964 βούλησιν
1270 929 1285 954 6
1295 928 1371 960 Θεὸς.
1381 926 1425 955 οἷα
1438 929 1485 955 καὶ
1501 927 1611 955 ἐπὶτῶν
1627 926 1779 962 ἀνθρώπων
1790 934 1798 941 ·

1005 976 1038 1003 ἶν’
1054 975 1071 1011 ἤ
1097 975 1252 1010 πειθόμενοι
1274 974 1314 1009 τῷ
1335 974 1406 1009 λόγῳ
1422 973 1538 1000 συνῶσιν
1556 971 1643 1007 αὐτῷ,
1665 972 1713 998 καὶ
1731 971 1798 998 ἀπο-

1005 1018 1110 1046 λαύωσι
1135 1018 1350 1054 μακαριότητος·
1366 1019 1382 1054 ῆ
1401 1018 1438 1054 μὴ
1462 1017 1619 1053 πειθόμενοι
1641 1016 1798 1053 κρίνωνται.

1005 1062 1060 1091 ῚΙν
1077 1064 1106 1091 δὲ
1121 1065 1168 1092 καὶ
1181 1066 1196 1092 6
1211 1064 1334 1097 διάὸολος
1356 1065 1446 1100 ἀστὴρ
1469 1064 1634 1099 Ἐωσφὸρος.
1661 1063 1728 1095 Πῶς
1749 1063 1795 1095 ἐξ·

1009 1110 1121 1137 ἔπεσεν
1132 1110 1167 1137 ἐκ
1182 1110 1234 1137 τοῦ
1246 1110 1376 1144 οὐρανοῦ
1388 1112 1404 1137 ὀ
1423 1110 1603 1145 Ἑωσφόρος,
1612 1111 1629 1137 ό
1640 1108 1716 1143 πρωῒ
1727 1108 1799 1136 ἀνα-

1006 1156 1141 1188 τέλλωνς
1160 1155 1214 1182 Τοῦ
1234 1156 1322 1191 φωτὸς
1341 1154 1375 1191 ἦν
1391 1156 1490 1192 ἄστρον
1512 1155 1639 1192 πρωῖνόν.
1659 1154 1729 1181 Ἀλλ’
1756 1153 1800 1187 ἑξ-

1007 1201 1100 1235 έπεσε,
1116 1201 1164 1228 καὶ
1182 1202 1279 1238 εἰςτὴν
1300 1202 1349 1237 γῆν
1365 1201 1520 1238 σύνετριδη,
1546 1201 1745 1238 ἐπιτροπεύσας
1761 1200 1801 1236 τῷ

1006 1246 1142 1282 ἀνθρώπῳ
1156 1247 1190 1273 τὰ
1200 1246 1318 1273 ἐναντία.
1330 1246 1367 1273 Τὸ
1377 1247 1431 1282 γὰρ
1441 1246 1518 1273 Θεῖον
1531 1247 1633 1282 νεμεσᾷ
1651 1247 1706 1278 τοῖς
1717 1246 1800 1281 ὑπερ·

1007 1293 1129 1329 ηιράνοις,
1144 1293 1191 1320 καὶ
1209 1294 1244 1320 τὰ
1258 1293 1362 1328 αὐθάδη
1382 1294 1545 1329 φρονήματα
1557 1293 1656 1320 κωλύει
1669 1293 1689 1322 ⁵.
1707 1293 1801 1328 Ἐπέρ-

1007 1347 1086 1374 χεται
1098 1339 1127 1366 δὲ
1141 1339 1188 1366 καὶ
1203 1338 1349 1375 ἐμμέτρως
1360 1340 1448 1366 εἰπεῖν
1459 1348 1466 1354 ·

164 1390 322 1421 compotes;
340 1386 398 1413 sive
425 1385 610 1414 detrectarent
635 1385 794 1421 imperium,
810 1385 910 1413 merito
939 1383 967 1411 in
987 1383 1049 1413 illos
1062 1384 1196 1418 judicium
1213 1389 1397 1413 exerceretur.
1417 1385 1482 1412 Erat
1497 1393 1580 1420 porro
1594 1385 1718 1413 diabolus
1745 1384 1802 1412 vel-

166 1438 196 1459 ut
211 1432 287 1461 sidus
303 1433 440 1468 quoddam
459 1432 589 1461 Luciferi.
604 1432 742 1467 Quomodo
758 1432 851 1460 cecidit
877 1441 891 1460 e
909 1432 973 1460 coelo
1007 1431 1123 1466 Lucifer,
1142 1432 1188 1467 qui
1213 1440 1291 1459 mane
1313 1432 1484 1459 oriebatur’?
1506 1431 1559 1460 Sed
1586 1437 1646 1460 erat
1671 1433 1800 1460 nimirmn

169 1477 335 1505 matutinum
366 1476 443 1504 sidus
479 1482 507 1505 et
531 1477 675 1506 lucidum:
693 1478 765 1513 quod
784 1478 895 1514 quidem
927 1477 1039 1509 decidit,
1071 1481 1099 1505 et
1121 1477 1154 1504 ad
1176 1481 1277 1505 terram
1300 1478 1408 1505 allisum
1425 1482 1484 1510 est,
1506 1486 1568 1506 cum
1590 1478 1694 1506 homini
1718 1480 1802 1507 noria

167 1525 302 1560 quadam,
316 1528 344 1552 et
357 1524 472 1552 adversa
490 1525 517 1552 in
529 1532 563 1552 eo
573 1525 752 1561 guberna-do
767 1531 955 1561 procurasset.
977 1525 1049 1553 Deus
1064 1525 1136 1552 enim
1150 1529 1248 1552 contra
1261 1525 1396 1562 superbos
1408 1526 1542 1562 indignari
1569 1527 1653 1561 solet,
1680 1528 1802 1556 insolen-

165 1572 309 1605 tioresque
322 1571 437 1606 spiritus
448 1572 614 1607 comprimit.
630 1573 669 1599 Ac
682 1572 747 1600 libet
760 1577 787 1600 et
801 1572 867 1600 illud
881 1572 971 1607 ipsum
981 1571 1122 1599 declarare
1139 1571 1265 1600 versibus
1277 1580 1284 1598 :

203 1616 289 1651 Caput
306 1617 450 1649 malorum,
461 1623 486 1644 et
501 1618 562 1652 ﬁnis
580 1618 648 1645 heu!
662 1618 764 1645 cunctis
776 1618 869 1652 draco,

204 1651 315 1679 Grarem
330 1653 461 1679 malorum
479 1651 544 1679 adire
559 1653 712 1680 thesaurum
725 1654 819 1687 paris:

201 1687 273 1714 ϐωιί
288 1695 371 1718 errur,
388 1687 458 1714 orbis
474 1688 569 1715 ductor
582 1689 751 1723 ignorantia.

204 1723 381 1758 Quemtristis
397 1722 531 1749 hominum
546 1722 631 1750 lucius
647 1731 678 1750 ac
695 1724 818 1758 planctus
826 1725 922 1758 juvat:

210 1757 259 1794 [us
275 1757 309 1783 ad
327 1758 443 1791 nefanda
461 1758 560 1785 scelera
575 1764 717 1794 cognatum
733 1759 759 1785 in
774 1757 852 1794 caput

207 1791 328 1818 Fratrem
342 1800 449 1826 perusus
462 1793 541 1827 impie
554 1791 688 1820 arnianles
702 1791 807 1827 "ianus,

206 1827 317 1862 luﬁcere
333 1828 446 1862 primum
461 1829 531 1854 ca'de
548 1830 675 1863 sanguine
691 1837 707 1855 a
723 1829 789 1856 Cain

207 1863 317 1889 Terram
333 1864 485 1897 impulistis.
502 1863 514 1889 l
519 1864 567 1890 nde
581 1864 652 1898 felici
663 1872 757 1897 parens

206 1898 282 1930 Quod
296 1899 397 1931 primus
415 1907 467 1924 (evo
484 1898 574 1933 lapsu:
590 1900 617 1926 in
634 1905 732 1926 terram
745 1899 854 1932 excidit,

211 1933 304 1960 Vestra
317 1933 366 1959 illa
378 1934 453 1968 fraus
467 1939 516 1961 cst.

205 1978 285 2015 545
307 1978 388 2006 XXII.
410 1980 499 2015 Atque
514 1980 585 2007 hunc
600 1980 711 2015 quidem
728 1980 755 2007 in
775 1980 885 2008 modum
901 1980 959 2007 dia-

170 2025 260 2052 bolus.
285 2025 358 2053 Mors
381 2026 440 2061 ipsa
462 2034 527 2054 vero
551 2026 719 2061 castigandis
740 2026 897 2053 hominibus
918 2029 960 2053 est

171 2075 298 2105 reperta;
315 2071 428 2106 perinde
448 2079 480 2098 ac
501 2072 634 2106 puerulis,
653 2072 699 2107 qui
716 2072 867 2099 litterarum
883 2072 960 2099 rudi-

171 2120 262 2143 meuta
294 2116 479 2154 condiscunt,
505 2117 676 2152 corrigendis
701 2116 824 2144 adhiberi
848 2117 960 2144 verbera

170 2166 382 2189 consueverunt.
406 2161 480 2190 Nihil
501 2161 573 2190 enim
598 2163 671 2190 aliud
700 2170 775 2190 mors
802 2166 855 2195 est,
879 2171 961 2198 quam

170 2207 294 2242 corporis
309 2208 343 2234 ab
354 2207 444 2234 anima
461 2207 597 2241 separatio
621 2211 702 2242 atque
713 2208 872 2242 disjunctio.
889 2207 961 2240 Quid

170 2253 273 2288 igitur?
293 2253 434 2280 Auctorne
455 2253 552 2280 mortis
569 2257 611 2281 est
630 2254 686 2280 ullo
706 2254 787 2281 modo
805 2253 894 2282 Deus?
915 2254 962 2281 Di-

1069 1618 1118 1650 Ὧς
1130 1616 1316 1653 πᾶσιννάρχὴ
1334 1617 1383 1644 καὶ
1399 1617 1492 1651 πέρας
1507 1617 1608 1645 κακῶν
1623 1618 1662 1653 (ὁ)
1675 1618 1751 1653 ὄφις,

1064 1653 1147 1680 οὕτω
1160 1652 1261 1686 ,βαρὺν
1277 1653 1423 1679 τίκτουσα
1436 1653 1591 1687 θησαυρὸν
1608 1652 1708 1680 κακῶν

1062 1687 1167 1721 Πλάνη
1180 1688 1306 1722 τυφλοῦ,
1327 1687 1440 1722 ποδηγὲ
1455 1688 1588 1722 ἀγνοίας,
1597 1689 1670 1720 ,βίοι-

1061 1724 1214 1757 ΧαΙρουσίι
1228 1722 1360 1758 θρήνοις,
1377 1723 1426 1749 καὶ
1440 1723 1625 1758 στενάγνμασι
1635 1724 1764 1758 βροτῶν.

1067 1757 1172 1792 Ὑμεῖς,
1186 1757 1338 1793 ἀθέσμους
1353 1759 1397 1790 εἰς
1414 1758 1513 1791 ὕϐρεις
1527 1757 1705 1793 ὁμοσπόρων

1065 1794 1120 1825 Τὰς
1131 1792 1340 1827 μισαδέλρους
1351 1794 1534 1826 ὁπλίσαντες
1548 1792 1674 1828 ώλένίὶς,

1062 1827 1138 1855 Κὰῖν
1149 1828 1280 1863 μολὺναλι
1293 1828 1397 1862 φοινίῳ
1411 1827 1529 1861 πρῶτον
1542 1829 1642 1863 λύθρῳ

1069 1861 1300 1898 Ἐπείσατογτῆνλ
1311 1863 1332 1890 ⁵.
1345 1864 1401 1890 Καὶ
1417 1864 1469 1890 τὸν
1483 1864 1517 1896 ἐξ
1530 1861 1687 1898 (tumidum-

1065 1897 1303 1934 Hweirrahbrmr
1318 1900 1554 1932 πρωτόπλαστον
1565 1901 1605 1933 εις
1619 1901 1713 1934 χθόνα

1067 1933 1161 1967 Ὑμεῖς
1172 1933 1381 1966 ἐτεκτήνασθε.

1045 1979 1110 2006 ΚΒ¹.
1131 1979 1187 2006 Καὶ
1199 1980 1214 2006 6
1227 1979 1277 2014 μὲν
1287 1979 1410 2011 διάϐολος
1425 1979 1512 2011 οὕτως
1520 1988 1528 1995 ·
1539 1981 1554 2007 6
1565 1979 1594 2006 δὲ
1606 1979 1720 2012 θάνατος
1732 1981 1801 2016 πρὸς

1010 2025 1178 2061 ἐπιστροφὴν
1201 2025 1316 2060 εὑρέθη,
1341 2025 1467 2061 καθάπερ
1489 2026 1536 2053 καὶ
1560 2027 1617 2058 τοῖς
1634 2027 1800 2062 ἁρτιμιιοέσι

1010 2070 1185 2106 γραμμάτων
1203 2071 1320 2103 παιδίοις
1339 2071 1408 2107 πρὸς
1429 2071 1615 2107 ἐπανόρθωσιν
1632 2073 1660 2099 αἱ
1687 2073 1799 2108 πληγαί.

1011 2117 1095 2144 Θὺδὲν
1111 2116 1166 2152 γὰρ
1182 2116 1247 2144 ἄλλο
1262 2118 1276 2143 6
1291 2117 1432 2154 θάνατοςῆ
1450 2118 1585 2154 διάκρισις
1603 2119 1651 2146 καλ⁵
1670 2119 1801 2154 διαχωρι-

1012 2163 1080 2198 σμὸς
1095 2162 1185 2198 ψυχῆς
1199 2163 1252 2190 ἀπὸ
1266 2163 1402 2199 σώματος.
1419 2165 1452 2191 Τί
1473 2163 1534 2199 οὗν;
1551 2165 1692 2200 παραίτιος
1705 2167 1719 2192 6
1735 2166 1802 2198 Θεὸς

1011 2208 1127 2235 θανάτου
1138 2217 1146 2241 ;
1160 2208 1261 2240 λέξετε.
1277 2208 1362 2236 Πάλιν
1376 2209 1430 2245 γὰρ
1443 2210 1457 2236 6
1470 2210 1550 2242 αὐτὸς
1561 2211 1627 2246 ἡμῖν
1638 2212 1699 2246 ἥκει
1712 2211 1801 2246 λόγος.

1012 2253 1056 2289 Μὴ
1073 2254 1194 2287 γένοιτοῑ
1215 2253 1293 2281 Ἐπεὶ
1307 2254 1375 2290 μηδὲ
1393 2255 1418 2282 οἱ
1434 2255 1587 2282 διδάσκαλοι
1607 2256 1802 2291 προκαθηγου-

170 2306 234 2326 cere
250 2298 322 2326 enim
345 2299 397 2325 hoc
413 2298 546 2333 potestis;
570 2298 721 2334 eademque
745 2299 825 2327 nobis
844 2299 956 2326 recurrit

1015 2300 1102 2336 μένως
1126 2300 1172 2327 τοῦ
1195 2299 1358 2334 ἀλγύνεσθαι
1377 2303 1437 2333 ταῖς
1465 2301 1582 2336 πληγαῖς
1612 2290 1676 2333 τοὺς
1702 2302 1802 2333 παῖδας

171 2345 270 2372 oratio.
289 2344 341 2372 Sed
357 2344 429 2372 absit
443 2348 473 2371 ut
496 2345 532 2371 ita
552 2344 687 2373 dicamus.
703 2344 770 2372 Nam
785 2353 874 2380 neque
890 2353 959 2380 pm-

1014 2346 1105 2372 αῑτιοι.
1117 2345 1207 2372 Καλὸν
1223 2343 1270 2372 οὖν
1285 2347 1299 2372 ὁ
1310 2345 1434 2380 θάνατος,
1447 2347 1471 2373 εἰ
1486 2347 1611 2383 καθάπερ
1633 2348 1712 2374 παισὶ
1733 2347 1803 2382 πρὸς

208 2425 216 2439 ⁸
233 2423 301 2451 Gen.
319 2432 356 2456 vt,
373 2424 401 2451 Ω.
439 2424 450 2439 ¹
464 2424 516 2450 lsa.
529 2432 584 2457 xlv,
599 2424 642 2452 η.
691 2425 701 2440 ³
716 2424 745 2451 F.
761 2423 789 2461 ᾗ,
808 2426 849 2453 τό.
888 2426 899 2441 ⁸
913 2425 943 2452 F.

1009 2426 1076 2453 οὑει.
1112 2426 1122 2441 ⁸
1138 2424 1170 2453 F.
1183 2426 1311 2453 ἐπείσατε
1327 2427 1378 2461 τὴν
1391 2425 1454 2461 γῆν.

173 2504 222 2539 μὲν
239 2502 291 2540 ρπὸ
302 2502 350 2540 τοῦ
363 2502 441 2540 Θεοῦ,
451 2503 570 2540 καθὰνοὶ
582 2504 671 2540 λοιποὶ
687 2504 733 2530 ὑπ’
744 2505 828 2531 αὑτοῦ
846 2505 960 2540 γεγόνα-

172 2538 214 2575 σιν
230 2538 351 2572 ἄγγελοι,
364 2539 410 2575 καὶ
431 2539 480 2573 τὴν
559 2540 593 2574 τῇ
611 2538 672 2575 ὕλῃ,
690 2540 737 2575 καὶ
753 2541 809 2571 τοῖς
822 2538 872 2575 τῆς
886 2538 956 2575 ’ὕλης

171 2574 252 2600 εἴδεσι
264 2574 480 2610 πιστευσάμενον
493 2574 634 2610 διοίκησιν.
647 2574 732 2601 Τοῦτο
741 2575 794 2610 γὰρ
812 2576 829 2610 ἡ
844 2574 897 2603 τῶν
911 2574 958 2610 ἀγ-

171 2609 256 2648 γέλων
277 2608 404 2648 σύστασις
417 2608 454 2643 τῷ
542 2610 589 2648 ἐπ)ἶ
607 2609 719 2648 προνοίᾳ
733 2608 830 2648 γέγονέ
841 2612 897 2642 τοῖς
910 2608 956 2637 ὑπ’

171 2644 254 2682 αὐτοῦ
276 2644 554 2682 διακεκοσμημένοιςς
578 2645 621 2671 ἵνα
644 2645 694 2682 τὴν
707 2644 760 2680 μὲν
779 2646 956 2682 πολυεελικὴν

171 2681 218 2716 καὶ
232 2679 343 2715 γενικὴν
356 2680 371 2716 6_
382 2678 447 2716 Ofb;
457 2678 516 2716 τῶν
529 2679 597 2706 ὅλων
610 2678 748 2715 πρόνοιαν,
765 2685 817 2707 etc.
844 2680 881 2708 Ex
895 2678 957 2716 qui-

172 2715 223 2742 bus
239 2716 288 2749 leg.
301 2714 372 2752 apud
388 2714 520 2752 Epipbau.
535 2716 647 2750 γενικήν
660 2723 709 2750 pro
725 2716 877 2752 γενετικήν.
900 2714 959 2744 (ἷξε-

172 2754 228 2776 tcra
245 2748 317 2784 apud
336 2748 450 2783 Leopar.
467 2749 537 2777 vide.

208 2783 394 2821 (ὖὸίὬσᾳιερ
414 2783 463 2810 καὶ
481 2785 598 2821 οἱ-μετὰ
616 2785 713 2821 ταῦτα
733 2786 864 2820 σαρκῶν.
898 2785 961 2813 Fuit

174 2818 230 2846 hate
247 2818 494 2847 vetustissimorum
513 2818 624 2846 l'atrum
642 2821 697 2848 fere
711 2818 833 2848 omnium
851 2828 960 2850 senten-

729 2956 739 2974 \

1012 2506 1061 2537 tia,
1083 2505 1151 2533 ﬁlios
1164 2506 1225 2533 illos
1245 2504 1303 2536 Dei,
1316 2505 1363 2541 qui
1379 2505 1447 2533 Gen.
1466 2512 1492 2531 vr
1511 2503 1581 2541 tilias
1594 2504 1736 2541 hominum
1752 2505 1802 2531 ad-

1012 2549 1120 2568 amasse
1134 2538 1394 2575 dicuntur.angelos
1407 2540 1501 2567 fuisse.
1515 2539 1582 2567 Vide
1589 2538 1726 2568 Justinum
1734 2542 1802 2574 Apo-

1011 2576 1068 2611 leg.
1081 2584 1100 2607 ι,
1116 2577 1162 2611 qui
1179 2577 1316 2611 drumones
1332 2577 1366 2602 ab
1378 2576 1433 2603 illis
1446 2575 1604 2611 progenitos
1619 2576 1728 2603 asserit.
1747 2577 1800 2603 sed

1009 2610 1043 2638 et
1055 2610 1186 2638 Clement.
1200 2611 1278 2639 Alex.
1292 2610 1392 2638 Strom.
1410 2610 1454 2642 tu,
1467 2610 1502 2638 ob
1519 2611 1754 2645 intemperantiam
1770 2619 1801 2638 ac

1015 2647 1154 2673 libidinem
1172 2646 1309 2674 excidisse
1331 2647 1400 2674 cado
1428 2649 1515 2681 putat.
1541 2646 1608 2673 Item
1632 2645 1747 2673 Tertull.
1763 2646 1802 2673 De

1012 2682 1078 2716 virg.
1097 2681 1160 2713 νει..
1177 2681 1313 2713 Lactant..
1329 2685 1383 2709 etc.
1399 2681 1466 2708 Nam
1482 2687 1630 2715 corporeos
1645 2688 1706 2711 esse
1720 2681 1802 2716 pleri-

1013 2715 1066 2752 que
1078 2724 1239 2752 persuasum
1253 2717 1418 2744 habuerunt.
1446 2715 1480 2744 Ut
1493 2715 1565 2752 inter
1581 2720 1695 2744 caeteros
1709 2715 1802 2750 Augu-

1013 2751 1113 2784 stinus,
1134 2752 1181 2787 qui
1194 2753 1241 2779 lib.
1261 2759 1279 2778 ιι
1305 2752 1341 2779 De
1357 2751 1443 2783 Trin.,
1461 2758 1521 2787 cap.
1537 2751 1565 2784 'l,
1581 2752 1691 2786 angelos
1707 2752 1803 2778 scribit

1013 2795 1114 2822 corpus
1139 2786 1218 2815 suum
1232 2807 1239 2818 ,
1260 2787 1305 2814 cui
1331 2795 1386 2814 non
1409 2786 1576 2819 subduutur,
1599 2788 1646 2814 sed
1663 2787 1802 2814 subditum

1013 2827 1122 2857 regunt,
1138 2823 1166 2850 in
1180 2823 1271 2850 varias
1284 2826 1391 2850 mutare
1406 2822 1521 2857 species.
