  <div class='ocr_page' id='page_1' title='image "/cluster/home/n/w/nwhite01/storage/ocr_20150623/41/njp.32101007805813/578.png"; bbox 0 0 1958 3050; ppageno 0'>
   <div class='ocr_carea' id='block_1_1' title="bbox 141 143 210 172">
    <p class='ocr_par' dir='ltr' id='par_1_1' title="bbox 141 143 210 172">
     <span class='ocr_line' id='line_1_1' title="bbox 141 143 210 172; baseline -0.014 0"><span class='ocrx_word' id='word_1_1' title='bbox 141 143 210 172; x_wconf 79' lang='lat'><strong>“05</strong></span> 
     </span>
    </p>
   </div>
   <div class='ocr_carea' id='block_1_2' title="bbox 469 141 1441 171">
    <p class='ocr_par' dir='ltr' id='par_1_2' title="bbox 469 141 1441 171">
     <span class='ocr_line' id='line_1_2' title="bbox 469 141 1441 171; baseline 0.001 -3"><span class='ocrx_word' id='word_1_2' title='bbox 469 141 653 169; x_wconf 79' lang='lat' dir='ltr'><strong>ADVEIISUS</strong></span> <span class='ocrx_word' id='word_1_3' title='bbox 673 141 843 170; x_wconf 68' lang='lat' dir='ltr'><strong>HAEIIESES</strong></span> <span class='ocrx_word' id='word_1_4' title='bbox 861 142 925 170; x_wconf 82' lang='lat' dir='ltr'><strong>LIB.</strong></span> <span class='ocrx_word' id='word_1_5' title='bbox 947 142 978 171; x_wconf 89' lang='lat' dir='ltr'><strong>II.</strong></span> <span class='ocrx_word' id='word_1_6' title='bbox 996 142 1076 170; x_wconf 75' lang='lat' dir='ltr'><strong>TOM.</strong></span> <span class='ocrx_word' id='word_1_7' title='bbox 1099 142 1120 169; x_wconf 92' lang='grc' dir='ltr'><strong>Ι.</strong></span> <span class='ocrx_word' id='word_1_8' title='bbox 1139 158 1174 163; x_wconf 92' lang='lat'><strong><em>—</em></strong></span> <span class='ocrx_word' id='word_1_9' title='bbox 1193 141 1330 170; x_wconf 62' lang='lat' dir='ltr'><strong>HzEI&#39;IES.</strong></span> <span class='ocrx_word' id='word_1_10' title='bbox 1350 142 1441 169; x_wconf 77' lang='lat' dir='ltr'><strong>LXIV.</strong></span> 
     </span>
    </p>
   </div>
   <div class='ocr_carea' id='block_1_3' title="bbox 1692 142 1760 170">
    <p class='ocr_par' dir='ltr' id='par_1_3' title="bbox 1692 142 1760 170">
     <span class='ocr_line' id='line_1_3' title="bbox 1692 142 1760 170; baseline 0 0"><span class='ocrx_word' id='word_1_11' title='bbox 1692 142 1760 170; x_wconf 74' lang='lat' dir='ltr'><strong>I106</strong></span> 
     </span>
    </p>
   </div>
   <div class='ocr_carea' id='block_1_4' title="bbox 141 199 928 238">
    <p class='ocr_par' dir='ltr' id='par_1_4' title="bbox 141 199 925 238">
     <span class='ocr_line' id='line_1_4' title="bbox 141 199 925 238; baseline -0.005 -8"><span class='ocrx_word' id='word_1_12' title='bbox 141 201 308 238; x_wconf 70' lang='grc' dir='ltr'>ἐπιστροφὴν</span> <span class='ocrx_word' id='word_1_13' title='bbox 323 201 402 236; x_wconf 86' lang='grc' dir='ltr'>δίκην</span> <span class='ocrx_word' id='word_1_14' title='bbox 415 200 526 234; x_wconf 80' lang='grc' dir='ltr'><strong>πληγῶν</strong></span> <span class='ocrx_word' id='word_1_15' title='bbox 542 199 641 235; x_wconf 65' lang='grc' dir='ltr'>εὑρέθη</span> <span class='ocrx_word' id='word_1_16' title='bbox 651 208 658 215; x_wconf 78' lang='grc'><em>’</em></span> <span class='ocrx_word' id='word_1_17' title='bbox 677 199 725 235; x_wconf 83' lang='grc' dir='ltr'><strong>οὐχ</strong></span> <span class='ocrx_word' id='word_1_18' title='bbox 737 201 751 227; x_wconf 82' lang='grc' dir='ltr'>ὀ</span> <span class='ocrx_word' id='word_1_19' title='bbox 767 200 816 235; x_wconf 75' lang='grc' dir='ltr'>τῆς</span> <span class='ocrx_word' id='word_1_20' title='bbox 834 201 925 236; x_wconf 77' lang='grc' dir='ltr'>ἁμαρ-</span> 
     </span>
    </p>
   </div>
   <div class='ocr_carea' id='block_1_5' title="bbox 979 199 1760 238">
    <p class='ocr_par' dir='ltr' id='par_1_5' title="bbox 979 200 1760 235">
     <span class='ocr_line' id='line_1_5' title="bbox 979 200 1760 235; baseline 0.003 -9"><span class='ocrx_word' id='word_1_21' title='bbox 979 204 1100 235; x_wconf 83' lang='lat' dir='ltr'><strong>ceptores</strong></span> <span class='ocrx_word' id='word_1_22' title='bbox 1125 200 1259 235; x_wconf 68' lang='lat' dir='ltr'><strong>primaria:</strong></span> <span class='ocrx_word' id='word_1_23' title='bbox 1284 208 1315 227; x_wconf 87' lang='lat' dir='ltr'><strong>ac</strong></span> <span class='ocrx_word' id='word_1_24' title='bbox 1333 200 1474 234; x_wconf 67' lang='lat' dir='ltr'><strong>praecipua:</strong></span> <span class='ocrx_word' id='word_1_25' title='bbox 1498 207 1588 226; x_wconf 69' lang='lat' dir='ltr'><strong>eausa‘.</strong></span> <span class='ocrx_word' id='word_1_26' title='bbox 1614 204 1687 232; x_wconf 86' lang='lat' dir='ltr'><strong>sunt,</strong></span> <span class='ocrx_word' id='word_1_27' title='bbox 1710 208 1760 228; x_wconf 87' lang='lat' dir='ltr'><strong>cur</strong></span> 
     </span>
    </p>
   </div>
   <div class='ocr_carea' id='block_1_6' title="bbox 141 245 923 282">
    <p class='ocr_par' dir='ltr' id='par_1_6' title="bbox 141 245 923 282">
     <span class='ocr_line' id='line_1_6' title="bbox 141 245 923 282; baseline -0.004 -7"><span class='ocrx_word' id='word_1_28' title='bbox 141 249 207 280; x_wconf 76' lang='grc' dir='ltr'>ιεας,</span> <span class='ocrx_word' id='word_1_29' title='bbox 221 246 244 277; x_wconf 81' lang='grc' dir='ltr'>ὦ</span> <span class='ocrx_word' id='word_1_30' title='bbox 255 248 416 282; x_wconf 76' lang='grc' dir='ltr'>σοφώτατοι,</span> <span class='ocrx_word' id='word_1_31' title='bbox 428 245 486 273; x_wconf 81' lang='grc' dir='ltr'>ἀλλ’</span> <span class='ocrx_word' id='word_1_32' title='bbox 499 246 513 271; x_wconf 80' lang='grc' dir='ltr'><strong><em>ὁ</em></strong></span> <span class='ocrx_word' id='word_1_33' title='bbox 525 245 574 280; x_wconf 81' lang='grc' dir='ltr'>τῆς</span> <span class='ocrx_word' id='word_1_34' title='bbox 588 245 748 278; x_wconf 78' lang='grc' dir='ltr'>διαζεύξεως</span> <span class='ocrx_word' id='word_1_35' title='bbox 757 246 807 281; x_wconf 79' lang='grc' dir='ltr'>τῆς</span> <span class='ocrx_word' id='word_1_36' title='bbox 823 246 923 282; x_wconf 83' lang='grc' dir='ltr'>σαρκὸς</span> 
     </span>
    </p>
   </div>
   <div class='ocr_carea' id='block_1_7' title="bbox 141 291 923 328">
    <p class='ocr_par' dir='ltr' id='par_1_7' title="bbox 141 291 923 328">
     <span class='ocr_line' id='line_1_7' title="bbox 141 291 923 328; baseline -0.001 -8"><span class='ocrx_word' id='word_1_37' title='bbox 141 295 186 320; x_wconf 71' lang='grc' dir='ltr'>καὶ</span> <span class='ocrx_word' id='word_1_38' title='bbox 211 293 259 320; x_wconf 80' lang='grc' dir='ltr'><strong>τοῦ</strong></span> <span class='ocrx_word' id='word_1_39' title='bbox 283 292 434 328; x_wconf 82' lang='grc' dir='ltr'>χωρισμοῦ.</span> <span class='ocrx_word' id='word_1_40' title='bbox 458 291 636 324; x_wconf 80' lang='grc' dir='ltr'>Δὺτεξούσιος</span> <span class='ocrx_word' id='word_1_41' title='bbox 651 291 704 328; x_wconf 77' lang='grc' dir='ltr'>γᾶρ</span> <span class='ocrx_word' id='word_1_42' title='bbox 725 291 763 318; x_wconf 82' lang='grc' dir='ltr'>ὢν</span> <span class='ocrx_word' id='word_1_43' title='bbox 780 292 826 319; x_wconf 79' lang='grc' dir='ltr'>καὶ</span> <span class='ocrx_word' id='word_1_44' title='bbox 843 292 923 319; x_wconf 89' lang='grc' dir='ltr'>αὺτο-</span> 
     </span>
    </p>
   </div>
   <div class='ocr_carea' id='block_1_8' title="bbox 140 337 924 375">
    <p class='ocr_par' dir='ltr' id='par_1_8' title="bbox 140 337 924 375">
     <span class='ocr_line' id='line_1_8' title="bbox 140 337 924 375; baseline -0.003 -9"><span class='ocrx_word' id='word_1_45' title='bbox 140 339 274 375; x_wconf 78' lang='grc' dir='ltr'>χράτωρὸ</span> <span class='ocrx_word' id='word_1_46' title='bbox 286 339 439 374; x_wconf 74' lang='grc' dir='ltr'>ἄνθρωπος,</span> <span class='ocrx_word' id='word_1_47' title='bbox 455 338 502 364; x_wconf 86' lang='grc' dir='ltr'>καὶ</span> <span class='ocrx_word' id='word_1_48' title='bbox 519 337 715 364; x_wconf 83' lang='grc' dir='ltr'>αὑτοδέσποτον</span> <span class='ocrx_word' id='word_1_49' title='bbox 734 337 861 373; x_wconf 80' lang='grc' dir='ltr'>βούλησιν</span> <span class='ocrx_word' id='word_1_50' title='bbox 877 338 924 364; x_wconf 57' lang='grc' dir='ltr'><strong>καὶ⁵</strong></span> 
     </span>
    </p>
   </div>
   <div class='ocr_carea' id='block_1_9' title="bbox 141 383 923 420">
    <p class='ocr_par' dir='ltr' id='par_1_9' title="bbox 141 383 923 420">
     <span class='ocr_line' id='line_1_9' title="bbox 141 383 923 420; baseline -0.001 -9"><span class='ocrx_word' id='word_1_51' title='bbox 141 383 366 420; x_wconf 71' lang='grc' dir='ltr'>αὐτοπροαίρετον</span> <span class='ocrx_word' id='word_1_52' title='bbox 386 383 452 419; x_wconf 69' lang='grc' dir='ltr'>πρὸς</span> <span class='ocrx_word' id='word_1_53' title='bbox 466 383 516 419; x_wconf 79' lang='grc' dir='ltr'>τὴν</span> <span class='ocrx_word' id='word_1_54' title='bbox 534 383 651 417; x_wconf 74' lang='grc' dir='ltr'>αἵρεσιν,</span> <span class='ocrx_word' id='word_1_55' title='bbox 667 383 705 414; x_wconf 82' lang='grc' dir='ltr'>ὡς</span> <span class='ocrx_word' id='word_1_56' title='bbox 719 383 797 418; x_wconf 75' lang='grc' dir='ltr'>ἔφην,</span> <span class='ocrx_word' id='word_1_57' title='bbox 808 383 856 409; x_wconf 82' lang='grc' dir='ltr'><strong>τοῦ</strong></span> <span class='ocrx_word' id='word_1_58' title='bbox 872 392 923 410; x_wconf 82' lang='grc' dir='ltr'>κα-</span> 
     </span>
    </p>
   </div>
   <div class='ocr_carea' id='block_1_10' title="bbox 141 429 923 462">
    <p class='ocr_par' dir='ltr' id='par_1_10' title="bbox 141 429 923 462">
     <span class='ocr_line' id='line_1_10' title="bbox 141 429 923 462; baseline 0 -6"><span class='ocrx_word' id='word_1_59' title='bbox 141 429 186 456; x_wconf 78' lang='grc' dir='ltr'>λοῦ</span> <span class='ocrx_word' id='word_1_60' title='bbox 198 430 296 461; x_wconf 78' lang='grc' dir='ltr'>λαϐὼν,</span> <span class='ocrx_word' id='word_1_61' title='bbox 312 429 432 461; x_wconf 80' lang='grc' dir='ltr'>ἀκούσας</span> <span class='ocrx_word' id='word_1_62' title='bbox 447 438 476 457; x_wconf 87' lang='grc' dir='ltr'>τε</span> <span class='ocrx_word' id='word_1_63' title='bbox 487 437 493 445; x_wconf 76' lang='grc' dir='ltr'><strong>ι</strong></span> <span class='ocrx_word' id='word_1_64' title='bbox 520 429 587 456; x_wconf 73' lang='grc' dir='ltr'><strong>Ἀπὸ</strong></span> <span class='ocrx_word' id='word_1_65' title='bbox 616 429 728 462; x_wconf 74' lang='grc' dir='ltr'>παντὸς</span> <span class='ocrx_word' id='word_1_66' title='bbox 755 430 850 461; x_wconf 78' lang='grc' dir='ltr'><em>ξύλου</em></span> <span class='ocrx_word' id='word_1_67' title='bbox 869 429 923 456; x_wconf 75' lang='grc' dir='ltr'><strong>⁴ιὀῦ</strong></span> 
     </span>
    </p>
   </div>
   <div class='ocr_carea' id='block_1_11' title="bbox 140 474 923 510">
    <p class='ocr_par' dir='ltr' id='par_1_11' title="bbox 140 474 923 510">
     <span class='ocr_line' id='line_1_11' title="bbox 140 474 923 510; baseline -0.001 -7"><span class='ocrx_word' id='word_1_68' title='bbox 140 477 174 503; x_wconf 79' lang='grc' dir='ltr'><strong>ἐν</strong></span> <span class='ocrx_word' id='word_1_69' title='bbox 194 476 234 509; x_wconf 84' lang='grc' dir='ltr'><strong>τῷ</strong></span> <span class='ocrx_word' id='word_1_70' title='bbox 256 475 428 510; x_wconf 77' lang='grc' dir='ltr'><strong>παραδείσῳ</strong></span> <span class='ocrx_word' id='word_1_71' title='bbox 450 474 598 510; x_wconf 66' lang='grc' dir='ltr'><strong>φάγεσθεσ</strong></span> <span class='ocrx_word' id='word_1_72' title='bbox 615 475 675 502; x_wconf 78' lang='grc' dir='ltr'><strong>ἀπὸ</strong></span> <span class='ocrx_word' id='word_1_73' title='bbox 691 475 725 501; x_wconf 81' lang='grc' dir='ltr'><strong>δὲ</strong></span> <span class='ocrx_word' id='word_1_74' title='bbox 749 476 802 502; x_wconf 87' lang='grc' dir='ltr'><strong>τοῦ</strong></span> <span class='ocrx_word' id='word_1_75' title='bbox 828 476 923 507; x_wconf 78' lang='grc' dir='ltr'><strong>ξύλου</strong></span> 
     </span>
    </p>
   </div>
   <div class='ocr_carea' id='block_1_12' title="bbox 139 520 925 556">
    <p class='ocr_par' dir='ltr' id='par_1_12' title="bbox 139 520 925 556">
     <span class='ocr_line' id='line_1_12' title="bbox 139 520 925 556; baseline -0.001 -8"><span class='ocrx_word' id='word_1_76' title='bbox 139 521 192 548; x_wconf 81' lang='grc' dir='ltr'>τοῦ</span> <span class='ocrx_word' id='word_1_77' title='bbox 212 521 371 556; x_wconf 77' lang='grc' dir='ltr'><strong>γινώσκειν</strong></span> <span class='ocrx_word' id='word_1_78' title='bbox 390 520 485 547; x_wconf 74' lang='grc' dir='ltr'><em>καλὸν</em></span> <span class='ocrx_word' id='word_1_79' title='bbox 506 520 557 547; x_wconf 78' lang='grc' dir='ltr'><strong>καὶ</strong></span> <span class='ocrx_word' id='word_1_80' title='bbox 579 521 712 555; x_wconf 77' lang='grc' dir='ltr'>πονηρὸν</span> <span class='ocrx_word' id='word_1_81' title='bbox 735 521 771 547; x_wconf 79' lang='grc' dir='ltr'>σὺ</span> <span class='ocrx_word' id='word_1_82' title='bbox 794 521 925 556; x_wconf 65' lang='grc' dir='ltr'><strong>φάγεσοε</strong></span> 
     </span>
    </p>
   </div>
   <div class='ocr_carea' id='block_1_13' title="bbox 140 563 922 601">
    <p class='ocr_par' dir='ltr' id='par_1_13' title="bbox 140 563 922 601">
     <span class='ocr_line' id='line_1_13' title="bbox 140 563 922 601; baseline 0 -9"><span class='ocrx_word' id='word_1_83' title='bbox 140 565 190 592; x_wconf 76' lang='grc' dir='ltr'><strong>ἀπ’</strong></span> <span class='ocrx_word' id='word_1_84' title='bbox 207 565 310 592; x_wconf 81' lang='grc' dir='ltr'>αὑτοῦ.</span> <span class='ocrx_word' id='word_1_85' title='bbox 328 563 370 601; x_wconf 85' lang='grc' dir='ltr'><strong><em>ᾟ</em></strong></span> <span class='ocrx_word' id='word_1_86' title='bbox 392 564 418 591; x_wconf 79' lang='grc' dir='ltr'><strong>δ’</strong></span> <span class='ocrx_word' id='word_1_87' title='bbox 442 565 480 592; x_wconf 80' lang='grc' dir='ltr'><strong>ἂν</strong></span> <span class='ocrx_word' id='word_1_88' title='bbox 499 564 592 600; x_wconf 74' lang='grc' dir='ltr'>ἡμέρᾳ</span> <span class='ocrx_word' id='word_1_89' title='bbox 617 565 730 600; x_wconf 67' lang='grc' dir='ltr'><strong>φάγητε</strong></span> <span class='ocrx_word' id='word_1_90' title='bbox 753 565 802 592; x_wconf 78' lang='grc' dir='ltr'><strong>ἀπ’</strong></span> <span class='ocrx_word' id='word_1_91' title='bbox 819 565 922 597; x_wconf 78' lang='grc' dir='ltr'>αὑτοῦ,</span> 
     </span>
    </p>
   </div>
   <div class='ocr_carea' id='block_1_14' title="bbox 140 609 925 645">
    <p class='ocr_par' dir='ltr' id='par_1_14' title="bbox 140 609 925 645">
     <span class='ocr_line' id='line_1_14' title="bbox 140 609 925 645; baseline -0.003 -8"><span class='ocrx_word' id='word_1_92' title='bbox 140 610 256 643; x_wconf 83' lang='grc' dir='ltr'><strong>θανάτῳ</strong></span> <span class='ocrx_word' id='word_1_93' title='bbox 274 609 473 637; x_wconf 78' lang='grc' dir='ltr'><strong>ἀποθανεῖσθε</strong></span> <span class='ocrx_word' id='word_1_94' title='bbox 484 619 491 626; x_wconf 93' lang='grc'><strong>·</strong></span> <span class='ocrx_word' id='word_1_95' title='bbox 507 611 554 636; x_wconf 81' lang='grc' dir='ltr'><strong>ἀπ’</strong></span> <span class='ocrx_word' id='word_1_96' title='bbox 570 609 653 636; x_wconf 83' lang='grc' dir='ltr'>αὑτοῦ</span> <span class='ocrx_word' id='word_1_97' title='bbox 668 611 707 642; x_wconf 86' lang='grc' dir='ltr'>εἰς</span> <span class='ocrx_word' id='word_1_98' title='bbox 721 610 751 636; x_wconf 85' lang='grc' dir='ltr'>τὸ</span> <span class='ocrx_word' id='word_1_99' title='bbox 763 612 869 644; x_wconf 83' lang='grc' dir='ltr'><strong>φαγεῖν,</strong></span> <span class='ocrx_word' id='word_1_100' title='bbox 885 610 925 645; x_wconf 76' lang='grc' dir='ltr'>τῷ</span> 
     </span>
    </p>
   </div>
   <div class='ocr_carea' id='block_1_15' title="bbox 139 655 925 692">
    <p class='ocr_par' dir='ltr' id='par_1_15' title="bbox 139 655 925 692">
     <span class='ocr_line' id='line_1_15' title="bbox 139 655 925 692; baseline -0.001 -9"><span class='ocrx_word' id='word_1_101' title='bbox 139 655 252 692; x_wconf 72' lang='grc' dir='ltr'>διαϐόλῳ</span> <span class='ocrx_word' id='word_1_102' title='bbox 263 656 291 682; x_wconf 80' lang='grc' dir='ltr'><strong>δὲ</strong></span> <span class='ocrx_word' id='word_1_103' title='bbox 301 656 482 692; x_wconf 84' lang='grc' dir='ltr'>δελεασαμένη</span> <span class='ocrx_word' id='word_1_104' title='bbox 490 657 507 692; x_wconf 86' lang='grc' dir='ltr'>ἠ</span> <span class='ocrx_word' id='word_1_105' title='bbox 523 656 604 690; x_wconf 86' lang='grc' dir='ltr'>σοφία</span> <span class='ocrx_word' id='word_1_106' title='bbox 612 655 741 688; x_wconf 75' lang='grc' dir='ltr'><strong>ποικίλως</strong></span> <span class='ocrx_word' id='word_1_107' title='bbox 752 656 819 691; x_wconf 77' lang='grc' dir='ltr'>πρὸς</span> <span class='ocrx_word' id='word_1_108' title='bbox 831 657 838 671; x_wconf 81' lang='grc'>¹</span> <span class='ocrx_word' id='word_1_109' title='bbox 855 665 925 691; x_wconf 83' lang='grc' dir='ltr'>παρ-</span> 
     </span>
    </p>
   </div>
   <div class='ocr_carea' id='block_1_16' title="bbox 140 693 922 737">
    <p class='ocr_par' dir='ltr' id='par_1_16' title="bbox 140 693 922 737">
     <span class='ocr_line' id='line_1_16' title="bbox 140 693 922 737; baseline 0 -9"><span class='ocrx_word' id='word_1_110' title='bbox 140 701 225 736; x_wconf 80' lang='grc' dir='ltr'>ακοὴν</span> <span class='ocrx_word' id='word_1_111' title='bbox 249 701 388 732; x_wconf 77' lang='grc' dir='ltr'>πείσαντι,</span> <span class='ocrx_word' id='word_1_112' title='bbox 414 701 530 736; x_wconf 72' lang='grc' dir='ltr'>ἡθέτησε</span> <span class='ocrx_word' id='word_1_113' title='bbox 549 702 598 736; x_wconf 83' lang='grc' dir='ltr'>τὴν</span> <span class='ocrx_word' id='word_1_114' title='bbox 626 702 736 737; x_wconf 76' lang='grc' dir='ltr'>ἐντολὴν</span> <span class='ocrx_word' id='word_1_115' title='bbox 762 693 808 728; x_wconf 82' lang='grc' dir='ltr'>τοῦ</span> <span class='ocrx_word' id='word_1_116' title='bbox 836 702 922 728; x_wconf 79' lang='grc' dir='ltr'>Θεοῦ·</span> 
     </span>
    </p>
   </div>
   <div class='ocr_carea' id='block_1_17' title="bbox 141 746 925 782">
    <p class='ocr_par' dir='ltr' id='par_1_17' title="bbox 141 746 925 782">
     <span class='ocr_line' id='line_1_17' title="bbox 141 746 925 782; baseline 0.003 -10"><span class='ocrx_word' id='word_1_117' title='bbox 141 747 188 772; x_wconf 62' lang='grc' dir='ltr'>καὶ</span> <span class='ocrx_word' id='word_1_118' title='bbox 205 746 313 781; x_wconf 74' lang='grc' dir='ltr'>ἐγένετο</span> <span class='ocrx_word' id='word_1_119' title='bbox 327 746 407 773; x_wconf 83' lang='grc' dir='ltr'>τοῦτο</span> <span class='ocrx_word' id='word_1_120' title='bbox 427 747 501 782; x_wconf 83' lang='grc' dir='ltr'>αὐτῷ</span> <span class='ocrx_word' id='word_1_121' title='bbox 515 748 556 778; x_wconf 82' lang='grc' dir='ltr'>είς</span> <span class='ocrx_word' id='word_1_122' title='bbox 578 747 734 775; x_wconf 79' lang='grc' dir='ltr'><strong>σκάνδαλον.</strong></span> <span class='ocrx_word' id='word_1_123' title='bbox 751 748 798 774; x_wconf 80' lang='grc' dir='ltr'>καὶ</span> <span class='ocrx_word' id='word_1_124' title='bbox 815 749 853 779; x_wconf 75' lang='grc' dir='ltr'>εις</span> <span class='ocrx_word' id='word_1_125' title='bbox 871 757 925 774; x_wconf 87' lang='grc' dir='ltr'><strong>πα-</strong></span> 
     </span>
    </p>
   </div>
   <div class='ocr_carea' id='block_1_18' title="bbox 141 792 924 828">
    <p class='ocr_par' dir='ltr' id='par_1_18' title="bbox 141 792 924 828">
     <span class='ocr_line' id='line_1_18' title="bbox 141 792 924 828; baseline 0 -10"><span class='ocrx_word' id='word_1_126' title='bbox 141 792 214 827; x_wconf 78' lang='grc' dir='ltr'>γίδα,</span> <span class='ocrx_word' id='word_1_127' title='bbox 227 792 274 819; x_wconf 84' lang='grc' dir='ltr'><strong>καὶ</strong></span> <span class='ocrx_word' id='word_1_128' title='bbox 285 793 324 824; x_wconf 80' lang='grc' dir='ltr'>εἰς</span> <span class='ocrx_word' id='word_1_129' title='bbox 339 792 452 819; x_wconf 86' lang='grc' dir='ltr'>σκῶλον.</span> <span class='ocrx_word' id='word_1_130' title='bbox 465 793 502 818; x_wconf 82' lang='grc' dir='ltr'><strong>Οὐ</strong></span> <span class='ocrx_word' id='word_1_131' title='bbox 519 792 573 828; x_wconf 84' lang='grc' dir='ltr'>γὰρ</span> <span class='ocrx_word' id='word_1_132' title='bbox 586 792 713 826; x_wconf 78' lang='grc' dir='ltr'>ἐποίησεν</span> <span class='ocrx_word' id='word_1_133' title='bbox 725 792 739 817; x_wconf 83' lang='grc' dir='ltr'>ὁ</span> <span class='ocrx_word' id='word_1_134' title='bbox 752 792 818 824; x_wconf 77' lang='grc' dir='ltr'>Θεὸς</span> <span class='ocrx_word' id='word_1_135' title='bbox 830 792 924 824; x_wconf 82' lang='grc' dir='ltr'>κακὸν,</span> 
     </span>
    </p>
   </div>
   <div class='ocr_carea' id='block_1_19' title="bbox 140 837 926 872">
    <p class='ocr_par' dir='ltr' id='par_1_19' title="bbox 140 837 926 872">
     <span class='ocr_line' id='line_1_19' title="bbox 140 837 926 872; baseline 0 -8"><span class='ocrx_word' id='word_1_136' title='bbox 140 838 202 864; x_wconf 82' lang='grc' dir='ltr'><strong>οὺδὲ</strong></span> <span class='ocrx_word' id='word_1_137' title='bbox 228 838 286 864; x_wconf 66' lang='grc' dir='ltr'>ἔστι</span> <span class='ocrx_word' id='word_1_138' title='bbox 307 837 338 864; x_wconf 82' lang='grc' dir='ltr'>τὸ</span> <span class='ocrx_word' id='word_1_139' title='bbox 362 837 472 864; x_wconf 89' lang='grc' dir='ltr'>σύνολον</span> <span class='ocrx_word' id='word_1_140' title='bbox 490 837 558 870; x_wconf 77' lang='grc' dir='ltr'>ὅλως</span> <span class='ocrx_word' id='word_1_141' title='bbox 577 839 609 864; x_wconf 81' lang='grc' dir='ltr'>ἑκ</span> <span class='ocrx_word' id='word_1_142' title='bbox 631 837 732 868; x_wconf 73' lang='grc' dir='ltr'>παντὸς</span> <span class='ocrx_word' id='word_1_143' title='bbox 748 837 779 864; x_wconf 81' lang='grc' dir='ltr'>τὸ</span> <span class='ocrx_word' id='word_1_144' title='bbox 796 838 926 872; x_wconf 77' lang='grc' dir='ltr'>παράπαν</span> 
     </span>
    </p>
   </div>
   <div class='ocr_carea' id='block_1_20' title="bbox 977 246 1760 281">
    <p class='ocr_par' dir='ltr' id='par_1_20' title="bbox 977 246 1760 281">
     <span class='ocr_line' id='line_1_20' title="bbox 977 246 1760 281; baseline 0.004 -9"><span class='ocrx_word' id='word_1_145' title='bbox 977 246 1053 280; x_wconf 88' lang='lat' dir='ltr'><strong>pueri</strong></span> <span class='ocrx_word' id='word_1_146' title='bbox 1071 246 1164 273; x_wconf 85' lang='lat' dir='ltr'><strong>dolore</strong></span> <span class='ocrx_word' id='word_1_147' title='bbox 1178 246 1316 280; x_wconf 79' lang='lat' dir='ltr'><strong>plagarum</strong></span> <span class='ocrx_word' id='word_1_148' title='bbox 1328 246 1487 274; x_wconf 81' lang='lat' dir='ltr'><strong>adiciantur.</strong></span> <span class='ocrx_word' id='word_1_149' title='bbox 1506 246 1579 274; x_wconf 80' lang='lat' dir='ltr'><strong>Bona</strong></span> <span class='ocrx_word' id='word_1_150' title='bbox 1591 247 1672 281; x_wconf 77' lang='lat' dir='ltr'><strong>igitur</strong></span> <span class='ocrx_word' id='word_1_151' title='bbox 1684 254 1760 275; x_wconf 70' lang='lat' dir='ltr'><strong>mon</strong></span> 
     </span>
    </p>
   </div>
   <div class='ocr_carea' id='block_1_21' title="bbox 977 291 1759 326">
    <p class='ocr_par' dir='ltr' id='par_1_21' title="bbox 977 291 1759 326">
     <span class='ocr_line' id='line_1_21' title="bbox 977 291 1759 326; baseline 0 -8"><span class='ocrx_word' id='word_1_152' title='bbox 977 295 1030 322; x_wconf 87' lang='lat' dir='ltr'><strong>est,</strong></span> <span class='ocrx_word' id='word_1_153' title='bbox 1054 298 1116 317; x_wconf 93' lang='lat' dir='ltr'><strong>cum</strong></span> <span class='ocrx_word' id='word_1_154' title='bbox 1145 291 1284 325; x_wconf 80' lang='lat' dir='ltr'><strong>plagarum</strong></span> <span class='ocrx_word' id='word_1_155' title='bbox 1312 292 1399 318; x_wconf 88' lang='lat' dir='ltr'><strong>instar</strong></span> <span class='ocrx_word' id='word_1_156' title='bbox 1421 291 1455 318; x_wconf 86' lang='lat' dir='ltr'><strong>ad</strong></span> <span class='ocrx_word' id='word_1_157' title='bbox 1472 291 1638 318; x_wconf 86' lang='lat' dir='ltr'><strong>coercendos</strong></span> <span class='ocrx_word' id='word_1_158' title='bbox 1661 299 1759 326; x_wconf 89' lang='lat' dir='ltr'><strong>pueros</strong></span> 
     </span>
    </p>
   </div>
   <div class='ocr_carea' id='block_1_22' title="bbox 977 336 1760 371">
    <p class='ocr_par' dir='ltr' id='par_1_22' title="bbox 977 336 1760 371">
     <span class='ocr_line' id='line_1_22' title="bbox 977 336 1760 371; baseline 0 -7"><span class='ocrx_word' id='word_1_159' title='bbox 977 341 1085 371; x_wconf 72' lang='lat' dir='ltr'><strong>reperta</strong></span> <span class='ocrx_word' id='word_1_160' title='bbox 1102 336 1147 364; x_wconf 89' lang='lat' dir='ltr'><strong>sit.</strong></span> <span class='ocrx_word' id='word_1_161' title='bbox 1171 336 1230 363; x_wconf 86' lang='lat' dir='ltr'><strong>Non</strong></span> <span class='ocrx_word' id='word_1_162' title='bbox 1258 342 1429 371; x_wconf 84' lang='lat' dir='ltr'><strong>peccatomm</strong></span> <span class='ocrx_word' id='word_1_163' title='bbox 1445 337 1506 364; x_wconf 86' lang='lat' dir='ltr'><strong>dico</strong></span> <span class='ocrx_word' id='word_1_164' title='bbox 1530 341 1656 367; x_wconf 84' lang='lat' dir='ltr'><strong>mortem,</strong></span> <span class='ocrx_word' id='word_1_165' title='bbox 1682 344 1698 364; x_wconf 93' lang='grc' dir='ltr'><em>ο</em></span> <span class='ocrx_word' id='word_1_166' title='bbox 1715 344 1760 364; x_wconf 87' lang='lat' dir='ltr'><strong>sa-</strong></span> 
     </span>
    </p>
   </div>
   <div class='ocr_carea' id='block_1_23' title="bbox 978 383 1761 418">
    <p class='ocr_par' dir='ltr' id='par_1_23' title="bbox 978 383 1761 418">
     <span class='ocr_line' id='line_1_23' title="bbox 978 383 1761 418; baseline 0 -8"><span class='ocrx_word' id='word_1_167' title='bbox 978 383 1139 418; x_wconf 83' lang='lat' dir='ltr'><strong>pientissimi</strong></span> <span class='ocrx_word' id='word_1_168' title='bbox 1154 383 1289 415; x_wconf 85' lang='lat' dir='ltr'><strong>homines,</strong></span> <span class='ocrx_word' id='word_1_169' title='bbox 1306 383 1352 410; x_wconf 85' lang='lat' dir='ltr'><strong>sed</strong></span> <span class='ocrx_word' id='word_1_170' title='bbox 1367 391 1426 410; x_wconf 85' lang='lat' dir='ltr'><strong>eam</strong></span> <span class='ocrx_word' id='word_1_171' title='bbox 1439 391 1492 418; x_wconf 88' lang='lat' dir='ltr'><strong>qua</strong></span> <span class='ocrx_word' id='word_1_172' title='bbox 1508 383 1615 411; x_wconf 87' lang='lat' dir='ltr'><strong>animus</strong></span> <span class='ocrx_word' id='word_1_173' title='bbox 1628 391 1642 410; x_wconf 86' lang='lat' dir='ltr'><strong>a</strong></span> <span class='ocrx_word' id='word_1_174' title='bbox 1662 390 1761 418; x_wconf 91' lang='lat' dir='ltr'><strong>corpo-</strong></span> 
     </span>
    </p>
   </div>
   <div class='ocr_carea' id='block_1_24' title="bbox 977 430 1760 465">
    <p class='ocr_par' dir='ltr' id='par_1_24' title="bbox 977 430 1760 465">
     <span class='ocr_line' id='line_1_24' title="bbox 977 430 1760 465; baseline 0.001 -9"><span class='ocrx_word' id='word_1_175' title='bbox 977 430 1016 458; x_wconf 87' lang='lat' dir='ltr'><strong>ris</strong></span> <span class='ocrx_word' id='word_1_176' title='bbox 1047 431 1187 458; x_wconf 82' lang='lat' dir='ltr'><strong>consortio</strong></span> <span class='ocrx_word' id='word_1_177' title='bbox 1210 434 1362 465; x_wconf 81' lang='lat' dir='ltr'><strong>separatur.</strong></span> <span class='ocrx_word' id='word_1_178' title='bbox 1393 430 1458 457; x_wconf 86' lang='lat' dir='ltr'><strong>Nam</strong></span> <span class='ocrx_word' id='word_1_179' title='bbox 1485 438 1546 458; x_wconf 90' lang='lat' dir='ltr'><strong>cum</strong></span> <span class='ocrx_word' id='word_1_180' title='bbox 1570 431 1636 458; x_wconf 89' lang='lat' dir='ltr'><strong>liber</strong></span> <span class='ocrx_word' id='word_1_181' title='bbox 1659 437 1691 457; x_wconf 83' lang='lat' dir='ltr'><strong>ac</strong></span> <span class='ocrx_word' id='word_1_182' title='bbox 1716 430 1760 458; x_wconf 86' lang='lat' dir='ltr'><strong>sui</strong></span> 
     </span>
    </p>
   </div>
   <div class='ocr_carea' id='block_1_25' title="bbox 974 476 1759 512">
    <p class='ocr_par' dir='ltr' id='par_1_25' title="bbox 974 476 1759 512">
     <span class='ocr_line' id='line_1_25' title="bbox 974 476 1759 512; baseline 0.003 -10"><span class='ocrx_word' id='word_1_183' title='bbox 974 476 1046 511; x_wconf 88' lang='lat' dir='ltr'><strong>juris</strong></span> <span class='ocrx_word' id='word_1_184' title='bbox 1068 481 1141 504; x_wconf 71' lang='lat' dir='ltr'><strong>esset</strong></span> <span class='ocrx_word' id='word_1_185' title='bbox 1157 477 1238 503; x_wconf 91' lang='lat' dir='ltr'><strong>homo</strong></span> <span class='ocrx_word' id='word_1_186' title='bbox 1253 476 1353 508; x_wconf 80' lang='lat' dir='ltr'><strong>factus,</strong></span> <span class='ocrx_word' id='word_1_187' title='bbox 1371 480 1398 503; x_wconf 80' lang='lat' dir='ltr'><strong>et</strong></span> <span class='ocrx_word' id='word_1_188' title='bbox 1413 476 1446 503; x_wconf 81' lang='lat' dir='ltr'><strong>ad</strong></span> <span class='ocrx_word' id='word_1_189' title='bbox 1461 476 1575 504; x_wconf 88' lang='lat' dir='ltr'><strong>honesta</strong></span> <span class='ocrx_word' id='word_1_190' title='bbox 1594 477 1759 512; x_wconf 85' lang='lat' dir='ltr'><strong>capessenda</strong></span> 
     </span>
    </p>
   </div>
   <div class='ocr_carea' id='block_1_26' title="bbox 977 522 1761 557">
    <p class='ocr_par' dir='ltr' id='par_1_26' title="bbox 977 522 1761 557">
     <span class='ocr_line' id='line_1_26' title="bbox 977 522 1761 557; baseline 0.003 -9"><span class='ocrx_word' id='word_1_191' title='bbox 977 523 1017 548; x_wconf 90' lang='lat' dir='ltr'><strong>sui</strong></span> <span class='ocrx_word' id='word_1_192' title='bbox 1040 523 1126 556; x_wconf 84' lang='lat' dir='ltr'><strong>ipsius</strong></span> <span class='ocrx_word' id='word_1_193' title='bbox 1150 522 1256 550; x_wconf 88' lang='lat' dir='ltr'><strong>arbitrii</strong></span> <span class='ocrx_word' id='word_1_194' title='bbox 1274 522 1437 557; x_wconf 81' lang='lat' dir='ltr'><strong>consiliique</strong></span> <span class='ocrx_word' id='word_1_195' title='bbox 1455 523 1622 549; x_wconf 78' lang='lat' dir='ltr'><strong>voluntatem</strong></span> <span class='ocrx_word' id='word_1_196' title='bbox 1640 524 1761 557; x_wconf 87' lang='lat' dir='ltr'><strong>accepis-</strong></span> 
     </span>
    </p>
   </div>
   <div class='ocr_carea' id='block_1_27' title="bbox 977 567 1761 604">
    <p class='ocr_par' dir='ltr' id='par_1_27' title="bbox 977 567 1761 604">
     <span class='ocr_line' id='line_1_27' title="bbox 977 567 1761 604; baseline -0.003 -7"><span class='ocrx_word' id='word_1_197' title='bbox 977 575 1028 601; x_wconf 84' lang='lat' dir='ltr'><strong>set,</strong></span> <span class='ocrx_word' id='word_1_198' title='bbox 1045 578 1076 596; x_wconf 86' lang='lat' dir='ltr'><strong>ac</strong></span> <span class='ocrx_word' id='word_1_199' title='bbox 1096 569 1252 596; x_wconf 83' lang='lat' dir='ltr'><strong>mandatum</strong></span> <span class='ocrx_word' id='word_1_200' title='bbox 1271 569 1342 597; x_wconf 87' lang='lat' dir='ltr'><strong>istud</strong></span> <span class='ocrx_word' id='word_1_201' title='bbox 1363 569 1514 596; x_wconf 79' lang='lat' dir='ltr'><strong>audiisset:</strong></span> <span class='ocrx_word' id='word_1_202' title='bbox 1531 568 1568 596; x_wconf 81' lang='lat' dir='ltr'><strong>De</strong></span> <span class='ocrx_word' id='word_1_203' title='bbox 1597 567 1666 595; x_wconf 80' lang='lat' dir='ltr'><strong>omni</strong></span> <span class='ocrx_word' id='word_1_204' title='bbox 1692 570 1761 604; x_wconf 85' lang='lat' dir='ltr'><strong>ligno</strong></span> 
     </span>
    </p>
   </div>
   <div class='ocr_carea' id='block_1_28' title="bbox 975 614 1760 649">
    <p class='ocr_par' dir='ltr' id='par_1_28' title="bbox 975 614 1760 649">
     <span class='ocr_line' id='line_1_28' title="bbox 975 614 1760 649; baseline -0.001 -8"><span class='ocrx_word' id='word_1_205' title='bbox 975 615 1094 648; x_wconf 69' lang='lat' dir='ltr'><strong>paradisi</strong></span> <span class='ocrx_word' id='word_1_206' title='bbox 1107 614 1261 645; x_wconf 75' lang='lat' dir='ltr'><strong>comedetis:</strong></span> <span class='ocrx_word' id='word_1_207' title='bbox 1277 615 1308 641; x_wconf 78' lang='lat' dir='ltr'><strong>de</strong></span> <span class='ocrx_word' id='word_1_208' title='bbox 1320 614 1391 649; x_wconf 81' lang='lat' dir='ltr'><strong>ligno</strong></span> <span class='ocrx_word' id='word_1_209' title='bbox 1407 619 1495 641; x_wconf 75' lang='lat' dir='ltr'><strong>autem</strong></span> <span class='ocrx_word' id='word_1_210' title='bbox 1512 615 1629 641; x_wconf 68' lang='lat' dir='ltr'><strong>scientia:</strong></span> <span class='ocrx_word' id='word_1_211' title='bbox 1640 614 1700 641; x_wconf 88' lang='lat' dir='ltr'><strong>boni</strong></span> <span class='ocrx_word' id='word_1_212' title='bbox 1715 619 1760 640; x_wconf 82' lang='lat' dir='ltr'><strong>aut</strong></span> 
     </span>
    </p>
   </div>
   <div class='ocr_carea' id='block_1_29' title="bbox 977 659 1762 694">
    <p class='ocr_par' dir='ltr' id='par_1_29' title="bbox 977 659 1762 694">
     <span class='ocr_line' id='line_1_29' title="bbox 977 659 1762 694; baseline -0.003 -8"><span class='ocrx_word' id='word_1_213' title='bbox 977 660 1042 686; x_wconf 86' lang='lat' dir='ltr'><strong>mali</strong></span> <span class='ocrx_word' id='word_1_214' title='bbox 1056 668 1107 686; x_wconf 83' lang='lat' dir='ltr'><strong>non</strong></span> <span class='ocrx_word' id='word_1_215' title='bbox 1121 659 1268 686; x_wconf 78' lang='lat' dir='ltr'><strong>comedetis.</strong></span> <span class='ocrx_word' id='word_1_216' title='bbox 1288 659 1447 694; x_wconf 80' lang='lat' dir='ltr'><strong>Quacunque</strong></span> <span class='ocrx_word' id='word_1_217' title='bbox 1460 664 1546 686; x_wconf 78' lang='lat' dir='ltr'><strong>autem</strong></span> <span class='ocrx_word' id='word_1_218' title='bbox 1561 659 1604 685; x_wconf 85' lang='lat' dir='ltr'><strong>die</strong></span> <span class='ocrx_word' id='word_1_219' title='bbox 1622 659 1762 685; x_wconf 72' lang='lat' dir='ltr'><strong>comech</strong></span> 
     </span>
    </p>
   </div>
   <div class='ocr_carea' id='block_1_30' title="bbox 977 704 1746 739">
    <p class='ocr_par' dir='ltr' id='par_1_30' title="bbox 977 704 1746 739">
     <span class='ocr_line' id='line_1_30' title="bbox 977 704 1746 739; baseline -0.001 -8"><span class='ocrx_word' id='word_1_220' title='bbox 977 705 1009 732; x_wconf 85' lang='lat' dir='ltr'><strong>de</strong></span> <span class='ocrx_word' id='word_1_221' title='bbox 1022 705 1080 736; x_wconf 82' lang='lat' dir='ltr'><strong>illo,</strong></span> <span class='ocrx_word' id='word_1_222' title='bbox 1103 711 1184 732; x_wconf 76' lang='lat' dir='ltr'><strong>morte</strong></span> <span class='ocrx_word' id='word_1_223' title='bbox 1207 705 1354 731; x_wconf 84' lang='lat' dir='ltr'><strong>moriemini</strong></span> <span class='ocrx_word' id='word_1_224' title='bbox 1371 704 1393 736; x_wconf 86' lang='grc'>³,</span> <span class='ocrx_word' id='word_1_225' title='bbox 1417 712 1466 739; x_wconf 85' lang='lat' dir='ltr'><strong>per</strong></span> <span class='ocrx_word' id='word_1_226' title='bbox 1481 712 1542 732; x_wconf 85' lang='lat' dir='ltr'><strong>sese</strong></span> <span class='ocrx_word' id='word_1_227' title='bbox 1562 704 1594 731; x_wconf 89' lang='lat' dir='ltr'><strong>ad</strong></span> <span class='ocrx_word' id='word_1_228' title='bbox 1616 704 1746 731; x_wconf 68' lang='lat' dir='ltr'><strong>comedim</strong></span> 
     </span>
    </p>
   </div>
   <div class='ocr_carea' id='block_1_31' title="bbox 977 750 1758 785">
    <p class='ocr_par' dir='ltr' id='par_1_31' title="bbox 977 750 1758 785">
     <span class='ocr_line' id='line_1_31' title="bbox 977 750 1758 785; baseline -0.003 -7"><span class='ocrx_word' id='word_1_229' title='bbox 977 752 1041 779; x_wconf 93' lang='lat' dir='ltr'><strong>dum</strong></span> <span class='ocrx_word' id='word_1_230' title='bbox 1060 751 1198 783; x_wconf 85' lang='lat' dir='ltr'><strong>inductus,</strong></span> <span class='ocrx_word' id='word_1_231' title='bbox 1219 759 1251 778; x_wconf 89' lang='lat' dir='ltr'><strong>ac</strong></span> <span class='ocrx_word' id='word_1_232' title='bbox 1275 751 1375 778; x_wconf 88' lang='lat' dir='ltr'><strong>diaboli</strong></span> <span class='ocrx_word' id='word_1_233' title='bbox 1396 751 1556 782; x_wconf 81' lang='lat' dir='ltr'><strong>calliditate,</strong></span> <span class='ocrx_word' id='word_1_234' title='bbox 1582 750 1629 785; x_wconf 90' lang='lat' dir='ltr'><strong>qui</strong></span> <span class='ocrx_word' id='word_1_235' title='bbox 1654 750 1687 777; x_wconf 88' lang='lat' dir='ltr'><strong>ad</strong></span> <span class='ocrx_word' id='word_1_236' title='bbox 1703 751 1758 776; x_wconf 63' lang='lat' dir='ltr'><strong>vim</strong></span> 
     </span>
    </p>
   </div>
   <div class='ocr_carea' id='block_1_32' title="bbox 978 796 1763 830">
    <p class='ocr_par' dir='ltr' id='par_1_32' title="bbox 978 796 1763 830">
     <span class='ocr_line' id='line_1_32' title="bbox 978 796 1763 830; baseline -0.001 -7"><span class='ocrx_word' id='word_1_237' title='bbox 978 797 1089 824; x_wconf 86' lang='lat' dir='ltr'><strong>landum</strong></span> <span class='ocrx_word' id='word_1_238' title='bbox 1120 796 1262 830; x_wconf 89' lang='lat' dir='ltr'><strong>imperium</strong></span> <span class='ocrx_word' id='word_1_239' title='bbox 1287 797 1370 824; x_wconf 87' lang='lat' dir='ltr'><strong>variis</strong></span> <span class='ocrx_word' id='word_1_240' title='bbox 1396 796 1484 824; x_wconf 86' lang='lat' dir='ltr'><strong>modis</strong></span> <span class='ocrx_word' id='word_1_241' title='bbox 1514 796 1661 828; x_wconf 85' lang='lat' dir='ltr'><strong>incitabat,</strong></span> <span class='ocrx_word' id='word_1_242' title='bbox 1686 797 1763 824; x_wconf 75' lang='lat' dir='ltr'><strong>velut</strong></span> 
     </span>
    </p>
   </div>
   <div class='ocr_carea' id='block_1_33' title="bbox 980 842 1777 878">
    <p class='ocr_par' dir='ltr' id='par_1_33' title="bbox 980 842 1777 878">
     <span class='ocr_line' id='line_1_33' title="bbox 980 842 1777 878; baseline 0 -9"><span class='ocrx_word' id='word_1_243' title='bbox 980 843 1127 874; x_wconf 79' lang='lat' dir='ltr'><strong>inescatus.</strong></span> <span class='ocrx_word' id='word_1_244' title='bbox 1159 842 1203 870; x_wconf 87' lang='lat' dir='ltr'><strong>Dei</strong></span> <span class='ocrx_word' id='word_1_245' title='bbox 1220 848 1382 878; x_wconf 64' lang='lat' dir='ltr'><strong>praeceptum</strong></span> <span class='ocrx_word' id='word_1_246' title='bbox 1399 848 1586 877; x_wconf 81' lang='lat' dir='ltr'><strong>transgressus</strong></span> <span class='ocrx_word' id='word_1_247' title='bbox 1605 847 1664 869; x_wconf 85' lang='lat' dir='ltr'><strong>est:</strong></span> <span class='ocrx_word' id='word_1_248' title='bbox 1682 842 1777 877; x_wconf 66' lang='lat' dir='ltr'><strong>idque‘</strong></span> 
     </span>
    </p>
   </div>
   <div class='ocr_carea' id='block_1_34' title="bbox 140 881 928 923">
    <p class='ocr_par' dir='ltr' id='par_1_34' title="bbox 140 881 926 918">
     <span class='ocr_line' id='line_1_34' title="bbox 140 881 926 918; baseline -0.001 -8"><span class='ocrx_word' id='word_1_249' title='bbox 140 883 226 916; x_wconf 83' lang='grc' dir='ltr'>αἴτιος</span> <span class='ocrx_word' id='word_1_250' title='bbox 243 883 340 910; x_wconf 74' lang='grc' dir='ltr'>κακοῦ.</span> <span class='ocrx_word' id='word_1_251' title='bbox 359 883 441 909; x_wconf 78' lang='grc' dir='ltr'>Ἀλλὰ</span> <span class='ocrx_word' id='word_1_252' title='bbox 457 883 512 909; x_wconf 79' lang='grc' dir='ltr'>πᾶν</span> <span class='ocrx_word' id='word_1_253' title='bbox 529 883 598 918; x_wconf 81' lang='grc' dir='ltr'><strong>ὅπερ</strong></span> <span class='ocrx_word' id='word_1_254' title='bbox 612 882 645 910; x_wconf 77' lang='grc' dir='ltr'>ἂν</span> <span class='ocrx_word' id='word_1_255' title='bbox 657 881 828 914; x_wconf 79' lang='grc' dir='ltr'><strong>αὐτεξούσιον</strong></span> <span class='ocrx_word' id='word_1_256' title='bbox 841 882 926 915; x_wconf 73' lang='grc' dir='ltr'>οὕτως</span> 
     </span>
    </p>
   </div>
   <div class='ocr_carea' id='block_1_35' title="bbox 979 881 1763 923">
    <p class='ocr_par' dir='ltr' id='par_1_35' title="bbox 979 888 1763 923">
     <span class='ocr_line' id='line_1_35' title="bbox 979 888 1763 923; baseline 0.001 -8"><span class='ocrx_word' id='word_1_257' title='bbox 979 888 1067 922; x_wconf 86' lang='lat' dir='ltr'><strong>ipsum</strong></span> <span class='ocrx_word' id='word_1_258' title='bbox 1089 889 1211 916; x_wconf 86' lang='lat' dir='ltr'><strong>scandali</strong></span> <span class='ocrx_word' id='word_1_259' title='bbox 1226 889 1323 921; x_wconf 83' lang='lat' dir='ltr'><strong>instar,</strong></span> <span class='ocrx_word' id='word_1_260' title='bbox 1335 893 1362 916; x_wconf 88' lang='lat' dir='ltr'><strong>et</strong></span> <span class='ocrx_word' id='word_1_261' title='bbox 1379 889 1479 923; x_wconf 83' lang='lat' dir='ltr'><strong>laquei,</strong></span> <span class='ocrx_word' id='word_1_262' title='bbox 1498 892 1524 915; x_wconf 89' lang='lat' dir='ltr'><strong>ct</strong></span> <span class='ocrx_word' id='word_1_263' title='bbox 1543 888 1702 916; x_wconf 64' lang='lat' dir='ltr'><strong>oﬂensionis</strong></span> <span class='ocrx_word' id='word_1_264' title='bbox 1715 897 1763 916; x_wconf 77' lang='lat' dir='ltr'><strong>cx-</strong></span> 
     </span>
    </p>
   </div>
   <div class='ocr_carea' id='block_1_36' title="bbox 139 927 925 963">
    <p class='ocr_par' dir='ltr' id='par_1_36' title="bbox 139 927 925 963">
     <span class='ocr_line' id='line_1_36' title="bbox 139 927 925 963; baseline -0.001 -8"><span class='ocrx_word' id='word_1_265' title='bbox 139 928 185 956; x_wconf 80' lang='grc' dir='ltr'><strong>ὑπ’</strong></span> <span class='ocrx_word' id='word_1_266' title='bbox 203 927 286 955; x_wconf 80' lang='grc' dir='ltr'>αὐτοῦ</span> <span class='ocrx_word' id='word_1_267' title='bbox 304 928 425 962; x_wconf 75' lang='grc' dir='ltr'>γεγονὸς.</span> <span class='ocrx_word' id='word_1_268' title='bbox 443 927 460 963; x_wconf 75' lang='grc' dir='ltr'><strong>ἢ</strong></span> <span class='ocrx_word' id='word_1_269' title='bbox 480 928 548 963; x_wconf 80' lang='grc' dir='ltr'>πρὸς</span> <span class='ocrx_word' id='word_1_270' title='bbox 566 928 597 954; x_wconf 82' lang='grc' dir='ltr'><strong>τὺ</strong></span> <span class='ocrx_word' id='word_1_271' title='bbox 613 927 791 962; x_wconf 77' lang='grc' dir='ltr'>φυλάξασθαι,</span> <span class='ocrx_word' id='word_1_272' title='bbox 813 928 860 955; x_wconf 71' lang='grc' dir='ltr'>καὶ</span> <span class='ocrx_word' id='word_1_273' title='bbox 877 937 925 963; x_wconf 77' lang='grc' dir='ltr'>τη-</span> 
     </span>
    </p>
   </div>
   <div class='ocr_carea' id='block_1_37' title="bbox 140 974 926 1011">
    <p class='ocr_par' dir='ltr' id='par_1_37' title="bbox 140 974 926 1011">
     <span class='ocr_line' id='line_1_37' title="bbox 140 974 926 1011; baseline 0 -11"><span class='ocrx_word' id='word_1_274' title='bbox 140 974 222 1011; x_wconf 75' lang='grc' dir='ltr'>ρῆσαι</span> <span class='ocrx_word' id='word_1_275' title='bbox 239 975 332 1010; x_wconf 85' lang='grc' dir='ltr'>νόμον,</span> <span class='ocrx_word' id='word_1_276' title='bbox 342 974 372 1001; x_wconf 81' lang='grc' dir='ltr'>ὃν</span> <span class='ocrx_word' id='word_1_277' title='bbox 385 975 465 1007; x_wconf 80' lang='grc' dir='ltr'>αὐτὸς</span> <span class='ocrx_word' id='word_1_278' title='bbox 478 975 589 1006; x_wconf 81' lang='grc' dir='ltr'><strong>δικαίως</strong></span> <span class='ocrx_word' id='word_1_279' title='bbox 601 974 775 1005; x_wconf 76' lang='grc' dir='ltr'>διεστείλατο,</span> <span class='ocrx_word' id='word_1_280' title='bbox 792 974 829 1010; x_wconf 85' lang='grc' dir='ltr'>μὴ</span> <span class='ocrx_word' id='word_1_281' title='bbox 840 975 926 1010; x_wconf 83' lang='grc' dir='ltr'>τηρῆ-</span> 
     </span>
    </p>
   </div>
   <div class='ocr_carea' id='block_1_38' title="bbox 139 1019 926 1056">
    <p class='ocr_par' dir='ltr' id='par_1_38' title="bbox 139 1019 926 1056">
     <span class='ocr_line' id='line_1_38' title="bbox 139 1019 926 1056; baseline 0.001 -10"><span class='ocrx_word' id='word_1_282' title='bbox 139 1029 189 1046; x_wconf 67' lang='lat' dir='ltr'><strong>om</strong></span> <span class='ocrx_word' id='word_1_283' title='bbox 216 1019 325 1055; x_wconf 84' lang='grc' dir='ltr'>λέγεται</span> <span class='ocrx_word' id='word_1_284' title='bbox 349 1020 444 1048; x_wconf 83' lang='grc' dir='ltr'>κακόν.</span> <span class='ocrx_word' id='word_1_285' title='bbox 478 1021 620 1056; x_wconf 82' lang='grc' dir='ltr'>Βαρυτάτη</span> <span class='ocrx_word' id='word_1_286' title='bbox 639 1020 666 1047; x_wconf 83' lang='grc' dir='ltr'><strong>δὲ</strong></span> <span class='ocrx_word' id='word_1_287' title='bbox 688 1020 773 1056; x_wconf 77' lang='grc' dir='ltr'>βλάϐη</span> <span class='ocrx_word' id='word_1_288' title='bbox 803 1020 833 1046; x_wconf 81' lang='grc' dir='ltr'><strong>τὸ</strong></span> <span class='ocrx_word' id='word_1_289' title='bbox 855 1029 926 1055; x_wconf 57' lang='grc' dir='ltr'>παρ’</span> 
     </span>
    </p>
   </div>
   <div class='ocr_carea' id='block_1_39' title="bbox 139 1065 925 1102">
    <p class='ocr_par' dir='ltr' id='par_1_39' title="bbox 139 1065 925 1102">
     <span class='ocr_line' id='line_1_39' title="bbox 139 1065 925 1102; baseline 0.001 -10"><span class='ocrx_word' id='word_1_290' title='bbox 139 1065 256 1093; x_wconf 81' lang='grc' dir='ltr'>ακοῦσαι</span> <span class='ocrx_word' id='word_1_291' title='bbox 272 1065 340 1093; x_wconf 85' lang='grc' dir='ltr'><strong>Θεοῦ</strong></span> <span class='ocrx_word' id='word_1_292' title='bbox 354 1067 417 1098; x_wconf 79' lang='grc' dir='ltr'>τοὺς</span> <span class='ocrx_word' id='word_1_293' title='bbox 434 1067 513 1102; x_wconf 78' lang='grc' dir='ltr'>ὅρους</span> <span class='ocrx_word' id='word_1_294' title='bbox 536 1067 585 1101; x_wconf 80' lang='grc' dir='ltr'>τῆς</span> <span class='ocrx_word' id='word_1_295' title='bbox 605 1067 677 1094; x_wconf 78' lang='grc' dir='ltr'>κατὰ</span> <span class='ocrx_word' id='word_1_296' title='bbox 701 1066 731 1093; x_wconf 84' lang='grc' dir='ltr'>τὸ</span> <span class='ocrx_word' id='word_1_297' title='bbox 755 1066 925 1099; x_wconf 74' lang='grc' dir='ltr'><strong>αὐτεξούσιον</strong></span> 
     </span>
    </p>
   </div>
   <div class='ocr_carea' id='block_1_40' title="bbox 139 1111 925 1149">
    <p class='ocr_par' dir='ltr' id='par_1_40' title="bbox 139 1111 925 1149">
     <span class='ocr_line' id='line_1_40' title="bbox 139 1111 925 1149; baseline 0.001 -11"><span class='ocrx_word' id='word_1_298' title='bbox 139 1111 298 1148; x_wconf 70' lang='grc' dir='ltr'>ὕπερὸἀντα</span> <span class='ocrx_word' id='word_1_299' title='bbox 310 1111 493 1147; x_wconf 84' lang='grc' dir='ltr'>δικαιοσύνης.</span> <span class='ocrx_word' id='word_1_300' title='bbox 506 1111 597 1143; x_wconf 82' lang='grc' dir='ltr'>Ὅθεν,</span> <span class='ocrx_word' id='word_1_301' title='bbox 613 1112 705 1148; x_wconf 76' lang='grc' dir='ltr'><strong>ἐπειδὴ</strong></span> <span class='ocrx_word' id='word_1_302' title='bbox 715 1112 925 1149; x_wconf 75' lang='grc' dir='ltr'>κατερῤυπώθη,</span> 
     </span>
    </p>
   </div>
   <div class='ocr_carea' id='block_1_41' title="bbox 139 1157 926 1194">
    <p class='ocr_par' dir='ltr' id='par_1_41' title="bbox 139 1157 926 1194">
     <span class='ocr_line' id='line_1_41' title="bbox 139 1157 926 1194; baseline 0.003 -10"><span class='ocrx_word' id='word_1_303' title='bbox 139 1157 198 1184; x_wconf 47' lang='grc' dir='ltr'>καὶν</span> <span class='ocrx_word' id='word_1_304' title='bbox 212 1158 398 1194; x_wconf 77' lang='grc' dir='ltr'>κατεμιάνθη,</span> <span class='ocrx_word' id='word_1_305' title='bbox 423 1158 472 1193; x_wconf 83' lang='grc' dir='ltr'>τῆς</span> <span class='ocrx_word' id='word_1_306' title='bbox 507 1157 671 1192; x_wconf 70' lang='grc' dir='ltr'><strong>ἀποφάσεως</strong></span> <span class='ocrx_word' id='word_1_307' title='bbox 697 1159 888 1194; x_wconf 80' lang='grc' dir='ltr'>ἀποστατήσας</span> <span class='ocrx_word' id='word_1_308' title='bbox 911 1161 926 1186; x_wconf 82' lang='grc' dir='ltr'>ὁ</span> 
     </span>
    </p>
   </div>
   <div class='ocr_carea' id='block_1_42' title="bbox 138 1203 926 1239">
    <p class='ocr_par' dir='ltr' id='par_1_42' title="bbox 138 1203 926 1239">
     <span class='ocr_line' id='line_1_42' title="bbox 138 1203 926 1239; baseline -0.001 -8"><span class='ocrx_word' id='word_1_309' title='bbox 138 1203 283 1239; x_wconf 76' lang='grc' dir='ltr'>ἄνθρωπος</span> <span class='ocrx_word' id='word_1_310' title='bbox 293 1203 341 1231; x_wconf 78' lang='grc' dir='ltr'>τοῦ</span> <span class='ocrx_word' id='word_1_311' title='bbox 354 1204 432 1236; x_wconf 79' lang='grc' dir='ltr'>Θεοῦ,</span> <span class='ocrx_word' id='word_1_312' title='bbox 446 1204 494 1231; x_wconf 84' lang='grc' dir='ltr'>καὶ</span> <span class='ocrx_word' id='word_1_313' title='bbox 506 1203 619 1239; x_wconf 74' lang='grc' dir='ltr'>κηλῖδας</span> <span class='ocrx_word' id='word_1_314' title='bbox 628 1204 818 1239; x_wconf 69' lang='grc' dir='ltr'>ἑναπεμάξατο</span> <span class='ocrx_word' id='word_1_315' title='bbox 827 1205 926 1236; x_wconf 78' lang='grc' dir='ltr'><strong>κακίας</strong></span> 
     </span>
    </p>
   </div>
   <div class='ocr_carea' id='block_1_43' title="bbox 140 1246 926 1286">
    <p class='ocr_par' dir='ltr' id='par_1_43' title="bbox 140 1246 926 1286">
     <span class='ocr_line' id='line_1_43' title="bbox 140 1246 926 1286; baseline -0.001 -9"><span class='ocrx_word' id='word_1_316' title='bbox 140 1250 252 1284; x_wconf 79' lang='grc' dir='ltr'>πολλὰς,</span> <span class='ocrx_word' id='word_1_317' title='bbox 268 1250 326 1282; x_wconf 62' lang='lat' dir='ltr'><strong>ago</strong></span> <span class='ocrx_word' id='word_1_318' title='bbox 339 1251 431 1286; x_wconf 83' lang='grc' dir='ltr'>ἄρχων</span> <span class='ocrx_word' id='word_1_319' title='bbox 445 1246 522 1281; x_wconf 73' lang='grc' dir='ltr'>οὗτος</span> <span class='ocrx_word' id='word_1_320' title='bbox 539 1250 692 1285; x_wconf 79' lang='grc' dir='ltr'>ἀπεκύησε,</span> <span class='ocrx_word' id='word_1_321' title='bbox 707 1250 756 1276; x_wconf 62' lang='grc' dir='ltr'><strong>καὶ⁵</strong></span> <span class='ocrx_word' id='word_1_322' title='bbox 773 1250 863 1286; x_wconf 86' lang='grc' dir='ltr'>πατὴρ</span> <span class='ocrx_word' id='word_1_323' title='bbox 878 1250 926 1285; x_wconf 82' lang='grc' dir='ltr'>τῆς</span> 
     </span>
    </p>
   </div>
   <div class='ocr_carea' id='block_1_44' title="bbox 139 1294 927 1330">
    <p class='ocr_par' dir='ltr' id='par_1_44' title="bbox 139 1294 927 1330">
     <span class='ocr_line' id='line_1_44' title="bbox 139 1294 927 1330; baseline -0.001 -8"><span class='ocrx_word' id='word_1_324' title='bbox 139 1295 256 1330; x_wconf 77' lang='grc' dir='ltr'><strong>πλάνης,</strong></span> <span class='ocrx_word' id='word_1_325' title='bbox 274 1296 380 1327; x_wconf 82' lang='grc' dir='ltr'><strong>πόνον,</strong></span> <span class='ocrx_word' id='word_1_326' title='bbox 393 1294 464 1322; x_wconf 78' lang='grc' dir='ltr'>κατὰ</span> <span class='ocrx_word' id='word_1_327' title='bbox 483 1295 532 1330; x_wconf 80' lang='grc' dir='ltr'>τὴν</span> <span class='ocrx_word' id='word_1_328' title='bbox 552 1294 676 1330; x_wconf 87' lang='grc' dir='ltr'>Γραφὴν,</span> <span class='ocrx_word' id='word_1_329' title='bbox 692 1294 870 1327; x_wconf 70' lang='grc' dir='ltr'>συλλαϐὼν,</span> <span class='ocrx_word' id='word_1_330' title='bbox 884 1295 927 1322; x_wconf 87' lang='grc' dir='ltr'>ῐνα</span> 
     </span>
    </p>
   </div>
   <div class='ocr_carea' id='block_1_45' title="bbox 139 1339 927 1376">
    <p class='ocr_par' dir='ltr' id='par_1_45' title="bbox 139 1339 927 1376">
     <span class='ocr_line' id='line_1_45' title="bbox 139 1339 927 1376; baseline -0.001 -9"><span class='ocrx_word' id='word_1_331' title='bbox 139 1340 185 1367; x_wconf 76' lang='grc' dir='ltr'>τὸν</span> <span class='ocrx_word' id='word_1_332' title='bbox 201 1340 346 1376; x_wconf 76' lang='grc' dir='ltr'>ἄνθρωπον</span> <span class='ocrx_word' id='word_1_333' title='bbox 365 1340 435 1376; x_wconf 76' lang='grc' dir='ltr'>πρὸς</span> <span class='ocrx_word' id='word_1_334' title='bbox 454 1340 560 1367; x_wconf 77' lang='grc' dir='ltr'>ἀδικίαν</span> <span class='ocrx_word' id='word_1_335' title='bbox 579 1339 624 1367; x_wconf 76' lang='grc' dir='ltr'><strong>ἀεὶ</strong></span> <span class='ocrx_word' id='word_1_336' title='bbox 647 1339 793 1374; x_wconf 78' lang='grc' dir='ltr'>φαντάζειν</span> <span class='ocrx_word' id='word_1_337' title='bbox 809 1340 859 1376; x_wconf 73' lang='grc' dir='ltr'><strong>ἔχῃ</strong></span> <span class='ocrx_word' id='word_1_338' title='bbox 881 1340 927 1366; x_wconf 81' lang='grc' dir='ltr'>καὶ</span> 
     </span>
    </p>
   </div>
   <div class='ocr_carea' id='block_1_46' title="bbox 139 1384 929 1422">
    <p class='ocr_par' dir='ltr' id='par_1_46' title="bbox 139 1384 929 1422">
     <span class='ocr_line' id='line_1_46' title="bbox 139 1384 929 1422; baseline -0.001 -9"><span class='ocrx_word' id='word_1_339' title='bbox 139 1387 235 1417; x_wconf 82' lang='grc' dir='ltr'>κινεῖν,</span> <span class='ocrx_word' id='word_1_340' title='bbox 257 1387 271 1413; x_wconf 84' lang='grc' dir='ltr'><strong>ό</strong></span> <span class='ocrx_word' id='word_1_341' title='bbox 292 1385 359 1418; x_wconf 76' lang='grc' dir='ltr'>Θεὸς</span> <span class='ocrx_word' id='word_1_342' title='bbox 380 1387 394 1413; x_wconf 82' lang='grc' dir='ltr'><strong>ό</strong></span> <span class='ocrx_word' id='word_1_343' title='bbox 417 1385 614 1422; x_wconf 80' lang='grc' dir='ltr'><strong>παντοκράτωρ</strong></span> <span class='ocrx_word' id='word_1_344' title='bbox 636 1384 771 1412; x_wconf 82' lang='grc' dir='ltr'>ἀθάνατον</span> <span class='ocrx_word' id='word_1_345' title='bbox 792 1386 877 1412; x_wconf 79' lang='grc' dir='ltr'>κακὸν</span> <span class='ocrx_word' id='word_1_346' title='bbox 898 1386 929 1418; x_wconf 73' lang='grc' dir='ltr'>ἐξ</span> 
     </span>
    </p>
   </div>
   <div class='ocr_carea' id='block_1_47' title="bbox 139 1431 927 1467">
    <p class='ocr_par' dir='ltr' id='par_1_47' title="bbox 139 1431 927 1467">
     <span class='ocr_line' id='line_1_47' title="bbox 139 1431 927 1467; baseline -0.003 -8"><span class='ocrx_word' id='word_1_347' title='bbox 139 1432 286 1467; x_wconf 60' lang='grc' dir='ltr'>ἐπιϐουλῆς</span> <span class='ocrx_word' id='word_1_348' title='bbox 304 1431 366 1459; x_wconf 79' lang='grc' dir='ltr'>ίδὼν</span> <span class='ocrx_word' id='word_1_349' title='bbox 379 1431 576 1467; x_wconf 80' lang='grc' dir='ltr'>γεγενημένον.</span> <span class='ocrx_word' id='word_1_350' title='bbox 594 1431 719 1467; x_wconf 81' lang='grc' dir='ltr'>καθάπερ</span> <span class='ocrx_word' id='word_1_351' title='bbox 736 1431 783 1457; x_wconf 75' lang='grc' dir='ltr'>καὶ</span> <span class='ocrx_word' id='word_1_352' title='bbox 806 1431 821 1458; x_wconf 87' lang='grc' dir='ltr'>ὁ</span> <span class='ocrx_word' id='word_1_353' title='bbox 835 1431 927 1458; x_wconf 75' lang='grc' dir='ltr'>διάδο-</span> 
     </span>
    </p>
   </div>
   <div class='ocr_carea' id='block_1_48' title="bbox 139 1475 928 1514">
    <p class='ocr_par' dir='ltr' id='par_1_48' title="bbox 139 1475 928 1514">
     <span class='ocr_line' id='line_1_48' title="bbox 139 1475 928 1514; baseline 0 -10"><span class='ocrx_word' id='word_1_354' title='bbox 139 1477 184 1510; x_wconf 82' lang='grc' dir='ltr'><strong>λος</strong></span> <span class='ocrx_word' id='word_1_355' title='bbox 209 1478 309 1510; x_wconf 77' lang='grc' dir='ltr'>πλάνος</span> <span class='ocrx_word' id='word_1_356' title='bbox 327 1475 372 1514; x_wconf 85' lang='grc' dir='ltr'>ἦν,</span> <span class='ocrx_word' id='word_1_357' title='bbox 387 1478 450 1510; x_wconf 77' lang='grc' dir='ltr'>τοὺς</span> <span class='ocrx_word' id='word_1_358' title='bbox 466 1477 778 1513; x_wconf 66' lang='grc' dir='ltr'>δερματίνουςῖχιτῶνας</span> <span class='ocrx_word' id='word_1_359' title='bbox 790 1477 834 1504; x_wconf 82' lang='grc' dir='ltr'>διὰ</span> <span class='ocrx_word' id='word_1_360' title='bbox 847 1477 928 1504; x_wconf 82' lang='grc' dir='ltr'>τοῦτο</span> 
     </span>
    </p>
   </div>
   <div class='ocr_carea' id='block_1_49' title="bbox 140 1515 925 1559">
    <p class='ocr_par' dir='ltr' id='par_1_49' title="bbox 140 1515 925 1559">
     <span class='ocr_line' id='line_1_49' title="bbox 140 1515 925 1559; baseline -0.001 -9"><span class='ocrx_word' id='word_1_361' title='bbox 140 1524 355 1555; x_wconf 83' lang='grc' dir='ltr'>κατεσκεύασεν,</span> <span class='ocrx_word' id='word_1_362' title='bbox 377 1523 460 1550; x_wconf 73' lang='grc' dir='ltr'>οἱονεὶ</span> <span class='ocrx_word' id='word_1_363' title='bbox 483 1523 634 1559; x_wconf 82' lang='grc' dir='ltr'>νεκρότητα</span> <span class='ocrx_word' id='word_1_364' title='bbox 657 1515 925 1559; x_wconf 60' lang='grc' dir='ltr'>περιϐαλὼνάὐτόν·</span> 
     </span>
    </p>
   </div>
   <div class='ocr_carea' id='block_1_50' title="bbox 976 932 1762 966">
    <p class='ocr_par' dir='ltr' id='par_1_50' title="bbox 976 932 1762 966">
     <span class='ocr_line' id='line_1_50' title="bbox 976 932 1762 966; baseline -0.001 -5"><span class='ocrx_word' id='word_1_365' title='bbox 976 934 1045 961; x_wconf 90' lang='lat' dir='ltr'><strong>stitit</strong></span> <span class='ocrx_word' id='word_1_366' title='bbox 1059 942 1066 966; x_wconf 88' lang='lat'><strong>;</strong></span> <span class='ocrx_word' id='word_1_367' title='bbox 1083 934 1182 960; x_wconf 88' lang='lat' dir='ltr'><strong>malum</strong></span> <span class='ocrx_word' id='word_1_368' title='bbox 1201 934 1274 960; x_wconf 88' lang='lat' dir='ltr'><strong>enim</strong></span> <span class='ocrx_word' id='word_1_369' title='bbox 1293 933 1365 960; x_wconf 84' lang='lat' dir='ltr'><strong>Deus</strong></span> <span class='ocrx_word' id='word_1_370' title='bbox 1380 941 1434 960; x_wconf 92' lang='lat' dir='ltr'><strong>non</strong></span> <span class='ocrx_word' id='word_1_371' title='bbox 1453 932 1527 963; x_wconf 79' lang='lat' dir='ltr'><strong>fecit,</strong></span> <span class='ocrx_word' id='word_1_372' title='bbox 1543 940 1593 959; x_wconf 84' lang='lat' dir='ltr'><strong>nec</strong></span> <span class='ocrx_word' id='word_1_373' title='bbox 1610 933 1666 959; x_wconf 91' lang='lat' dir='ltr'><strong>ullo</strong></span> <span class='ocrx_word' id='word_1_374' title='bbox 1682 933 1762 960; x_wconf 89' lang='lat' dir='ltr'><strong>modo</strong></span> 
     </span>
    </p>
   </div>
   <div class='ocr_carea' id='block_1_51' title="bbox 976 978 1764 1014">
    <p class='ocr_par' dir='ltr' id='par_1_51' title="bbox 976 978 1764 1014">
     <span class='ocr_line' id='line_1_51' title="bbox 976 978 1764 1014; baseline 0 -8"><span class='ocrx_word' id='word_1_375' title='bbox 976 985 1071 1006; x_wconf 80' lang='lat' dir='ltr'><strong>auctor</strong></span> <span class='ocrx_word' id='word_1_376' title='bbox 1086 979 1158 1007; x_wconf 90' lang='lat' dir='ltr'><strong>illius</strong></span> <span class='ocrx_word' id='word_1_377' title='bbox 1174 983 1226 1006; x_wconf 85' lang='lat' dir='ltr'><strong>est.</strong></span> <span class='ocrx_word' id='word_1_378' title='bbox 1244 979 1296 1006; x_wconf 87' lang='lat' dir='ltr'><strong>Sed</strong></span> <span class='ocrx_word' id='word_1_379' title='bbox 1313 979 1444 1014; x_wconf 83' lang='lat' dir='ltr'><strong>quidquid</strong></span> <span class='ocrx_word' id='word_1_380' title='bbox 1455 978 1560 1005; x_wconf 79' lang='lat' dir='ltr'><strong>arbitrii</strong></span> <span class='ocrx_word' id='word_1_381' title='bbox 1577 978 1618 1006; x_wconf 89' lang='lat' dir='ltr'><strong>sui</strong></span> <span class='ocrx_word' id='word_1_382' title='bbox 1630 983 1764 1013; x_wconf 87' lang='lat' dir='ltr'><strong>potestate</strong></span> 
     </span>
    </p>
   </div>
   <div class='ocr_carea' id='block_1_52' title="bbox 977 1026 1764 1061">
    <p class='ocr_par' dir='ltr' id='par_1_52' title="bbox 977 1026 1764 1061">
     <span class='ocr_line' id='line_1_52' title="bbox 977 1026 1764 1061; baseline 0 -9"><span class='ocrx_word' id='word_1_383' title='bbox 977 1026 1119 1061; x_wconf 67' lang='lat' dir='ltr'><strong>praeditum</strong></span> <span class='ocrx_word' id='word_1_384' title='bbox 1136 1026 1170 1054; x_wconf 90' lang='lat' dir='ltr'><strong>ab</strong></span> <span class='ocrx_word' id='word_1_385' title='bbox 1183 1034 1216 1053; x_wconf 93' lang='lat' dir='ltr'><strong>eo</strong></span> <span class='ocrx_word' id='word_1_386' title='bbox 1230 1026 1332 1052; x_wconf 80' lang='lat' dir='ltr'><strong>factum</strong></span> <span class='ocrx_word' id='word_1_387' title='bbox 1345 1030 1399 1057; x_wconf 85' lang='lat' dir='ltr'><strong>est,</strong></span> <span class='ocrx_word' id='word_1_388' title='bbox 1420 1031 1449 1052; x_wconf 87' lang='lat' dir='ltr'><strong>ut</strong></span> <span class='ocrx_word' id='word_1_389' title='bbox 1464 1032 1544 1060; x_wconf 88' lang='lat' dir='ltr'><strong>quam</strong></span> <span class='ocrx_word' id='word_1_390' title='bbox 1563 1026 1648 1059; x_wconf 74' lang='lat' dir='ltr'><strong>legem</strong></span> <span class='ocrx_word' id='word_1_391' title='bbox 1666 1026 1764 1061; x_wconf 81' lang='lat' dir='ltr'><strong>justis-</strong></span> 
     </span>
    </p>
   </div>
   <div class='ocr_carea' id='block_1_53' title="bbox 976 1070 1764 1106">
    <p class='ocr_par' dir='ltr' id='par_1_53' title="bbox 976 1070 1764 1106">
     <span class='ocr_line' id='line_1_53' title="bbox 976 1070 1764 1106; baseline 0 -8"><span class='ocrx_word' id='word_1_392' title='bbox 976 1071 1046 1098; x_wconf 83' lang='lat' dir='ltr'><strong>sime</strong></span> <span class='ocrx_word' id='word_1_393' title='bbox 1062 1071 1261 1106; x_wconf 66' lang='lat' dir='ltr'><strong>praescripserit</strong></span> <span class='ocrx_word' id='word_1_394' title='bbox 1275 1071 1421 1098; x_wconf 87' lang='lat' dir='ltr'><strong>observare</strong></span> <span class='ocrx_word' id='word_1_395' title='bbox 1443 1071 1540 1105; x_wconf 83' lang='lat' dir='ltr'><strong>possit,</strong></span> <span class='ocrx_word' id='word_1_396' title='bbox 1559 1070 1612 1098; x_wconf 86' lang='lat' dir='ltr'><strong>nisi</strong></span> <span class='ocrx_word' id='word_1_397' title='bbox 1629 1078 1689 1098; x_wconf 88' lang='lat' dir='ltr'><strong>eam</strong></span> <span class='ocrx_word' id='word_1_398' title='bbox 1706 1079 1764 1098; x_wconf 84' lang='lat' dir='ltr'><strong>scr-</strong></span> 
     </span>
    </p>
   </div>
   <div class='ocr_carea' id='block_1_54' title="bbox 975 1116 1764 1152">
    <p class='ocr_par' dir='ltr' id='par_1_54' title="bbox 975 1116 1764 1152">
     <span class='ocr_line' id='line_1_54' title="bbox 975 1116 1764 1152; baseline 0 -8"><span class='ocrx_word' id='word_1_399' title='bbox 975 1117 1090 1149; x_wconf 82' lang='lat' dir='ltr'><strong>vaverit,</strong></span> <span class='ocrx_word' id='word_1_400' title='bbox 1103 1116 1206 1144; x_wconf 84' lang='lat' dir='ltr'><strong>malum</strong></span> <span class='ocrx_word' id='word_1_401' title='bbox 1225 1117 1386 1152; x_wconf 84' lang='lat' dir='ltr'><strong>appellatur.</strong></span> <span class='ocrx_word' id='word_1_402' title='bbox 1402 1116 1449 1143; x_wconf 86' lang='lat' dir='ltr'><strong>Est</strong></span> <span class='ocrx_word' id='word_1_403' title='bbox 1463 1120 1554 1142; x_wconf 83' lang='lat' dir='ltr'><strong>autem</strong></span> <span class='ocrx_word' id='word_1_404' title='bbox 1571 1116 1764 1151; x_wconf 77' lang='lat' dir='ltr'><strong>gravissimum</strong></span> 
     </span>
    </p>
   </div>
   <div class='ocr_carea' id='block_1_55' title="bbox 976 1162 1765 1198">
    <p class='ocr_par' dir='ltr' id='par_1_55' title="bbox 976 1162 1765 1198">
     <span class='ocr_line' id='line_1_55' title="bbox 976 1162 1765 1198; baseline -0.001 -9"><span class='ocrx_word' id='word_1_405' title='bbox 976 1163 1027 1190; x_wconf 94' lang='lat' dir='ltr'><strong>hoc</strong></span> <span class='ocrx_word' id='word_1_406' title='bbox 1042 1163 1171 1190; x_wconf 85' lang='lat' dir='ltr'><strong>damnum</strong></span> <span class='ocrx_word' id='word_1_407' title='bbox 1191 1163 1219 1190; x_wconf 93' lang='lat' dir='ltr'><strong>in</strong></span> <span class='ocrx_word' id='word_1_408' title='bbox 1233 1162 1338 1197; x_wconf 81' lang='lat' dir='ltr'><strong>primis.</strong></span> <span class='ocrx_word' id='word_1_409' title='bbox 1355 1162 1401 1189; x_wconf 87' lang='lat' dir='ltr'><strong>Dei</strong></span> <span class='ocrx_word' id='word_1_410' title='bbox 1416 1162 1542 1189; x_wconf 88' lang='lat' dir='ltr'><strong>mandata</strong></span> <span class='ocrx_word' id='word_1_411' title='bbox 1560 1163 1696 1198; x_wconf 73' lang='lat' dir='ltr'><strong>negligere</strong></span> <span class='ocrx_word' id='word_1_412' title='bbox 1707 1182 1714 1193; x_wconf 83' lang='lat'><strong>,</strong></span> <span class='ocrx_word' id='word_1_413' title='bbox 1733 1169 1765 1188; x_wconf 77' lang='lat' dir='ltr'><strong>ac</strong></span> 
     </span>
    </p>
   </div>
   <div class='ocr_carea' id='block_1_56' title="bbox 974 1208 1765 1244">
    <p class='ocr_par' dir='ltr' id='par_1_56' title="bbox 974 1208 1765 1244">
     <span class='ocr_line' id='line_1_56' title="bbox 974 1208 1765 1244; baseline -0.001 -9"><span class='ocrx_word' id='word_1_414' title='bbox 974 1209 1097 1244; x_wconf 73' lang='lat' dir='ltr'><strong>justitiae,</strong></span> <span class='ocrx_word' id='word_1_415' title='bbox 1123 1217 1184 1244; x_wconf 72' lang='lat' dir='ltr'><strong>qua:</strong></span> <span class='ocrx_word' id='word_1_416' title='bbox 1210 1208 1339 1242; x_wconf 81' lang='lat' dir='ltr'><strong>adjuncta</strong></span> <span class='ocrx_word' id='word_1_417' title='bbox 1359 1208 1477 1235; x_wconf 85' lang='lat' dir='ltr'><strong>libertati</strong></span> <span class='ocrx_word' id='word_1_418' title='bbox 1503 1213 1556 1239; x_wconf 88' lang='lat' dir='ltr'><strong>est,</strong></span> <span class='ocrx_word' id='word_1_419' title='bbox 1575 1208 1674 1235; x_wconf 76' lang='lat' dir='ltr'><strong>limites</strong></span> <span class='ocrx_word' id='word_1_420' title='bbox 1695 1215 1765 1243; x_wconf 68' lang='lat' dir='ltr'><strong>prae-</strong></span> 
     </span>
    </p>
   </div>
   <div class='ocr_carea' id='block_1_57' title="bbox 977 1253 1765 1290">
    <p class='ocr_par' dir='ltr' id='par_1_57' title="bbox 977 1253 1765 1290">
     <span class='ocr_line' id='line_1_57' title="bbox 977 1253 1765 1290; baseline -0.001 -8"><span class='ocrx_word' id='word_1_421' title='bbox 977 1255 1069 1282; x_wconf 82' lang='lat' dir='ltr'><strong>terire.</strong></span> <span class='ocrx_word' id='word_1_422' title='bbox 1092 1254 1170 1282; x_wconf 89' lang='lat' dir='ltr'><strong>Unde</strong></span> <span class='ocrx_word' id='word_1_423' title='bbox 1185 1259 1361 1290; x_wconf 82' lang='lat' dir='ltr'><strong>posteaquam</strong></span> <span class='ocrx_word' id='word_1_424' title='bbox 1378 1261 1393 1280; x_wconf 87' lang='lat' dir='ltr'><strong>a</strong></span> <span class='ocrx_word' id='word_1_425' title='bbox 1417 1253 1461 1280; x_wconf 87' lang='lat' dir='ltr'><strong>Dei</strong></span> <span class='ocrx_word' id='word_1_426' title='bbox 1477 1253 1613 1281; x_wconf 78' lang='lat' dir='ltr'><strong>sententia</strong></span> <span class='ocrx_word' id='word_1_427' title='bbox 1636 1253 1765 1281; x_wconf 76' lang='lat' dir='ltr'><strong>deﬁciens</strong></span> 
     </span>
    </p>
   </div>
   <div class='ocr_carea' id='block_1_58' title="bbox 978 1298 1765 1335">
    <p class='ocr_par' dir='ltr' id='par_1_58' title="bbox 978 1298 1765 1335">
     <span class='ocr_line' id='line_1_58' title="bbox 978 1298 1765 1335; baseline -0.003 -8"><span class='ocrx_word' id='word_1_428' title='bbox 978 1300 1060 1327; x_wconf 91' lang='lat' dir='ltr'><strong>homo</strong></span> <span class='ocrx_word' id='word_1_429' title='bbox 1073 1300 1234 1335; x_wconf 88' lang='lat' dir='ltr'><strong>inquinatus</strong></span> <span class='ocrx_word' id='word_1_430' title='bbox 1248 1303 1302 1331; x_wconf 80' lang='lat' dir='ltr'><strong>est,</strong></span> <span class='ocrx_word' id='word_1_431' title='bbox 1317 1307 1348 1326; x_wconf 81' lang='lat' dir='ltr'><strong>ac</strong></span> <span class='ocrx_word' id='word_1_432' title='bbox 1366 1298 1456 1326; x_wconf 81' lang='lat' dir='ltr'><strong>delicti</strong></span> <span class='ocrx_word' id='word_1_433' title='bbox 1474 1298 1601 1326; x_wconf 71' lang='lat' dir='ltr'><strong>sordibus</strong></span> <span class='ocrx_word' id='word_1_434' title='bbox 1620 1298 1765 1332; x_wconf 66' lang='lat' dir='ltr'><strong>obsolevit,</strong></span> 
     </span>
    </p>
   </div>
   <div class='ocr_carea' id='block_1_59' title="bbox 976 1342 1766 1379">
    <p class='ocr_par' dir='ltr' id='par_1_59' title="bbox 976 1342 1766 1379">
     <span class='ocr_line' id='line_1_59' title="bbox 976 1342 1766 1379; baseline -0.003 -7"><span class='ocrx_word' id='word_1_435' title='bbox 976 1345 1090 1379; x_wconf 79' lang='lat' dir='ltr'><strong>Vitiique</strong></span> <span class='ocrx_word' id='word_1_436' title='bbox 1111 1345 1327 1379; x_wconf 68' lang='lat' dir='ltr'><strong>quamplurimas</strong></span> <span class='ocrx_word' id='word_1_437' title='bbox 1342 1343 1476 1378; x_wconf 65' lang='lat' dir='ltr'><strong>expressit</strong></span> <span class='ocrx_word' id='word_1_438' title='bbox 1497 1343 1524 1370; x_wconf 90' lang='lat' dir='ltr'><strong>in</strong></span> <span class='ocrx_word' id='word_1_439' title='bbox 1548 1350 1609 1370; x_wconf 82' lang='lat' dir='ltr'><strong>sese</strong></span> <span class='ocrx_word' id='word_1_440' title='bbox 1630 1342 1766 1374; x_wconf 70' lang='lat' dir='ltr'><strong>maculas,</strong></span> 
     </span>
    </p>
   </div>
   <div class='ocr_carea' id='block_1_60' title="bbox 977 1386 1766 1424">
    <p class='ocr_par' dir='ltr' id='par_1_60' title="bbox 977 1386 1766 1424">
     <span class='ocr_line' id='line_1_60' title="bbox 977 1386 1766 1424; baseline -0.004 -8"><span class='ocrx_word' id='word_1_441' title='bbox 977 1396 1046 1424; x_wconf 83' lang='lat' dir='ltr'><strong>quas</strong></span> <span class='ocrx_word' id='word_1_442' title='bbox 1073 1389 1198 1423; x_wconf 88' lang='lat' dir='ltr'><strong>princeps</strong></span> <span class='ocrx_word' id='word_1_443' title='bbox 1216 1388 1260 1415; x_wconf 90' lang='lat' dir='ltr'><strong>ille</strong></span> <span class='ocrx_word' id='word_1_444' title='bbox 1274 1392 1301 1415; x_wconf 86' lang='lat' dir='ltr'><strong>et</strong></span> <span class='ocrx_word' id='word_1_445' title='bbox 1314 1387 1418 1415; x_wconf 90' lang='lat' dir='ltr'><strong>erroris</strong></span> <span class='ocrx_word' id='word_1_446' title='bbox 1438 1394 1537 1422; x_wconf 83' lang='lat' dir='ltr'><strong>parens</strong></span> <span class='ocrx_word' id='word_1_447' title='bbox 1559 1386 1704 1419; x_wconf 84' lang='lat' dir='ltr'><strong>indiderat,</strong></span> <span class='ocrx_word' id='word_1_448' title='bbox 1718 1386 1766 1421; x_wconf 90' lang='lat' dir='ltr'><strong>qui</strong></span> 
     </span>
    </p>
   </div>
   <div class='ocr_carea' id='block_1_61' title="bbox 978 1433 1766 1469">
    <p class='ocr_par' dir='ltr' id='par_1_61' title="bbox 978 1433 1766 1469">
     <span class='ocr_line' id='line_1_61' title="bbox 978 1433 1766 1469; baseline -0.003 -7"><span class='ocrx_word' id='word_1_449' title='bbox 978 1435 1104 1466; x_wconf 81' lang='lat' dir='ltr'><strong>laborem,</strong></span> <span class='ocrx_word' id='word_1_450' title='bbox 1121 1439 1148 1461; x_wconf 93' lang='lat' dir='ltr'><strong>ut</strong></span> <span class='ocrx_word' id='word_1_451' title='bbox 1174 1434 1314 1469; x_wconf 76' lang='lat' dir='ltr'><strong>Scriptura</strong></span> <span class='ocrx_word' id='word_1_452' title='bbox 1336 1433 1455 1469; x_wconf 84' lang='lat' dir='ltr'><strong>loquitur</strong></span> <span class='ocrx_word' id='word_1_453' title='bbox 1468 1433 1480 1449; x_wconf 78' lang='grc'><strong>⁸</strong></span> <span class='ocrx_word' id='word_1_454' title='bbox 1493 1454 1499 1465; x_wconf 91' lang='grc'><strong>,</strong></span> <span class='ocrx_word' id='word_1_455' title='bbox 1524 1433 1658 1468; x_wconf 73' lang='lat' dir='ltr'><strong>concepit;</strong></span> <span class='ocrx_word' id='word_1_456' title='bbox 1674 1437 1703 1459; x_wconf 93' lang='lat' dir='ltr'><strong>ut</strong></span> <span class='ocrx_word' id='word_1_457' title='bbox 1719 1433 1766 1460; x_wconf 91' lang='lat' dir='ltr'><strong>bo-</strong></span> 
     </span>
    </p>
   </div>
   <div class='ocr_carea' id='block_1_62' title="bbox 979 1477 1766 1514">
    <p class='ocr_par' dir='ltr' id='par_1_62' title="bbox 979 1477 1766 1514">
     <span class='ocr_line' id='line_1_62' title="bbox 979 1477 1766 1514; baseline -0.001 -9"><span class='ocrx_word' id='word_1_458' title='bbox 979 1479 1078 1506; x_wconf 88' lang='lat' dir='ltr'><strong>minem</strong></span> <span class='ocrx_word' id='word_1_459' title='bbox 1102 1478 1136 1506; x_wconf 86' lang='lat' dir='ltr'><strong>ad</strong></span> <span class='ocrx_word' id='word_1_460' title='bbox 1160 1479 1361 1513; x_wconf 82' lang='lat' dir='ltr'><strong>improbitatem</strong></span> <span class='ocrx_word' id='word_1_461' title='bbox 1383 1484 1514 1514; x_wconf 81' lang='lat' dir='ltr'><strong>perpetuo</strong></span> <span class='ocrx_word' id='word_1_462' title='bbox 1541 1477 1683 1505; x_wconf 78' lang='lat' dir='ltr'><strong>fraudibus</strong></span> <span class='ocrx_word' id='word_1_463' title='bbox 1708 1477 1766 1504; x_wconf 84' lang='lat' dir='ltr'><strong>suis</strong></span> 
     </span>
    </p>
   </div>
   <div class='ocr_carea' id='block_1_63' title="bbox 979 1522 1766 1560">
    <p class='ocr_par' dir='ltr' id='par_1_63' title="bbox 979 1522 1766 1560">
     <span class='ocr_line' id='line_1_63' title="bbox 979 1522 1766 1560; baseline -0.001 -9"><span class='ocrx_word' id='word_1_464' title='bbox 979 1525 1088 1552; x_wconf 81' lang='lat' dir='ltr'><strong>trahere</strong></span> <span class='ocrx_word' id='word_1_465' title='bbox 1109 1532 1141 1552; x_wconf 80' lang='lat' dir='ltr'><strong>ac</strong></span> <span class='ocrx_word' id='word_1_466' title='bbox 1167 1524 1365 1552; x_wconf 83' lang='lat' dir='ltr'><strong>circumvenire</strong></span> <span class='ocrx_word' id='word_1_467' title='bbox 1387 1528 1487 1560; x_wconf 61' lang='lat' dir='ltr'><strong>qui-at;</strong></span> <span class='ocrx_word' id='word_1_468' title='bbox 1509 1523 1680 1558; x_wconf 89' lang='lat' dir='ltr'><strong>omnipotens</strong></span> <span class='ocrx_word' id='word_1_469' title='bbox 1695 1522 1766 1550; x_wconf 79' lang='lat' dir='ltr'><strong>Deus</strong></span> 
     </span>
    </p>
   </div>
   <div class='ocr_carea' id='block_1_64' title="bbox 140 1561 928 1605">
    <p class='ocr_par' dir='ltr' id='par_1_64' title="bbox 140 1568 928 1605">
     <span class='ocr_line' id='line_1_64' title="bbox 140 1568 928 1605; baseline 0 -9"><span class='ocrx_word' id='word_1_470' title='bbox 140 1570 214 1601; x_wconf 73' lang='grc' dir='ltr'>ὅπως</span> <span class='ocrx_word' id='word_1_471' title='bbox 228 1569 272 1597; x_wconf 79' lang='grc' dir='ltr'>διὰ</span> <span class='ocrx_word' id='word_1_472' title='bbox 287 1570 336 1605; x_wconf 82' lang='grc' dir='ltr'>τῆς</span> <span class='ocrx_word' id='word_1_473' title='bbox 354 1569 457 1601; x_wconf 84' lang='grc' dir='ltr'>λύσεως</span> <span class='ocrx_word' id='word_1_474' title='bbox 475 1568 522 1596; x_wconf 78' lang='grc' dir='ltr'>τοῦ</span> <span class='ocrx_word' id='word_1_475' title='bbox 537 1568 660 1605; x_wconf 84' lang='grc' dir='ltr'>σώματος</span> <span class='ocrx_word' id='word_1_476' title='bbox 679 1570 733 1596; x_wconf 78' lang='grc' dir='ltr'>πᾶν</span> <span class='ocrx_word' id='word_1_477' title='bbox 760 1569 790 1596; x_wconf 77' lang='grc' dir='ltr'>τὸ</span> <span class='ocrx_word' id='word_1_478' title='bbox 808 1569 836 1596; x_wconf 81' lang='grc' dir='ltr'>ὲν</span> <span class='ocrx_word' id='word_1_479' title='bbox 855 1569 928 1605; x_wconf 82' lang='grc' dir='ltr'>αὐτῷ</span> 
     </span>
    </p>
   </div>
   <div class='ocr_carea' id='block_1_65' title="bbox 979 1561 1766 1605">
    <p class='ocr_par' dir='ltr' id='par_1_65' title="bbox 982 1569 1766 1598">
     <span class='ocr_line' id='line_1_65' title="bbox 982 1569 1766 1598; baseline -0.005 0"><span class='ocrx_word' id='word_1_480' title='bbox 982 1575 1113 1598; x_wconf 67' lang='lat' dir='ltr'><strong>aeternum</strong></span> <span class='ocrx_word' id='word_1_481' title='bbox 1130 1570 1205 1598; x_wconf 75' lang='lat' dir='ltr'><strong>illum</strong></span> <span class='ocrx_word' id='word_1_482' title='bbox 1221 1570 1350 1598; x_wconf 77' lang='lat' dir='ltr'><strong>daemonis</strong></span> <span class='ocrx_word' id='word_1_483' title='bbox 1364 1569 1507 1597; x_wconf 79' lang='lat' dir='ltr'><strong>fraudibus</strong></span> <span class='ocrx_word' id='word_1_484' title='bbox 1530 1569 1629 1596; x_wconf 89' lang='lat' dir='ltr'><strong>malum</strong></span> <span class='ocrx_word' id='word_1_485' title='bbox 1651 1576 1711 1597; x_wconf 84' lang='lat' dir='ltr'><strong>esse</strong></span> <span class='ocrx_word' id='word_1_486' title='bbox 1727 1569 1766 1596; x_wconf 78' lang='lat' dir='ltr'><strong>fa-</strong></span> 
     </span>
    </p>
   </div>
   <div class='ocr_carea' id='block_1_66' title="bbox 140 1614 513 1651">
    <p class='ocr_par' dir='ltr' id='par_1_66' title="bbox 140 1614 513 1651">
     <span class='ocr_line' id='line_1_66' title="bbox 140 1614 513 1651; baseline 0.005 -11"><span class='ocrx_word' id='word_1_487' title='bbox 140 1614 270 1650; x_wconf 71' lang='grc' dir='ltr'>γεννηθιν</span> <span class='ocrx_word' id='word_1_488' title='bbox 283 1614 368 1642; x_wconf 83' lang='grc' dir='ltr'>κακὸν</span> <span class='ocrx_word' id='word_1_489' title='bbox 379 1614 513 1651; x_wconf 72' lang='grc' dir='ltr'><strong>ἀποθάνῃ.</strong></span> 
     </span>
    </p>
   </div>
   <div class='ocr_carea' id='block_1_67' title="bbox 981 1615 1767 1651">
    <p class='ocr_par' dir='ltr' id='par_1_67' title="bbox 981 1615 1767 1651">
     <span class='ocr_line' id='line_1_67' title="bbox 981 1615 1767 1651; baseline -0.004 -7"><span class='ocrx_word' id='word_1_490' title='bbox 981 1621 1055 1644; x_wconf 87' lang='lat' dir='ltr'><strong>ctum</strong></span> <span class='ocrx_word' id='word_1_491' title='bbox 1077 1616 1185 1649; x_wconf 83' lang='lat' dir='ltr'><strong>videns,</strong></span> <span class='ocrx_word' id='word_1_492' title='bbox 1209 1620 1238 1643; x_wconf 90' lang='lat' dir='ltr'><strong>ut</strong></span> <span class='ocrx_word' id='word_1_493' title='bbox 1261 1621 1288 1643; x_wconf 92' lang='lat' dir='ltr'><strong>ct</strong></span> <span class='ocrx_word' id='word_1_494' title='bbox 1310 1616 1444 1651; x_wconf 85' lang='lat' dir='ltr'><strong>impostor</strong></span> <span class='ocrx_word' id='word_1_495' title='bbox 1464 1615 1589 1642; x_wconf 85' lang='lat' dir='ltr'><strong>diabolus</strong></span> <span class='ocrx_word' id='word_1_496' title='bbox 1612 1619 1681 1647; x_wconf 80' lang='lat' dir='ltr'><strong>erat.</strong></span> <span class='ocrx_word' id='word_1_497' title='bbox 1704 1622 1767 1650; x_wconf 87' lang='lat' dir='ltr'><strong>pro-</strong></span> 
     </span>
    </p>
   </div>
   <div class='ocr_carea' id='block_1_68' title="bbox 140 1661 1767 1700">
    <p class='ocr_par' dir='ltr' id='par_1_68' title="bbox 140 1661 1767 1700">
     <span class='ocr_line' id='line_1_68' title="bbox 140 1661 1767 1700; baseline 0.001 -12"><span class='ocrx_word' id='word_1_498' title='bbox 140 1667 234 1698; x_wconf 83' lang='lat' dir='ltr'><strong>pterea</strong></span> <span class='ocrx_word' id='word_1_499' title='bbox 260 1662 389 1697; x_wconf 84' lang='lat' dir='ltr'><strong>pellieeas</strong></span> <span class='ocrx_word' id='word_1_500' title='bbox 408 1666 434 1689; x_wconf 90' lang='lat' dir='ltr'><strong>et</strong></span> <span class='ocrx_word' id='word_1_501' title='bbox 448 1662 509 1690; x_wconf 88' lang='lat' dir='ltr'><strong>illas</strong></span> <span class='ocrx_word' id='word_1_502' title='bbox 528 1661 636 1690; x_wconf 79' lang='lat' dir='ltr'><strong>tunicas</strong></span> <span class='ocrx_word' id='word_1_503' title='bbox 658 1661 722 1689; x_wconf 79' lang='lat' dir='ltr'><strong>fecit</strong></span> <span class='ocrx_word' id='word_1_504' title='bbox 736 1661 759 1695; x_wconf 85' lang='grc'>⁸,</span> <span class='ocrx_word' id='word_1_505' title='bbox 775 1669 830 1697; x_wconf 89' lang='lat' dir='ltr'><strong>quo</strong></span> <span class='ocrx_word' id='word_1_506' title='bbox 852 1662 927 1690; x_wconf 87' lang='lat' dir='ltr'><strong>illum</strong></span> <span class='ocrx_word' id='word_1_507' title='bbox 945 1665 1018 1692; x_wconf 86' lang='lat' dir='ltr'><strong>velut</strong></span> <span class='ocrx_word' id='word_1_508' title='bbox 1037 1669 1126 1692; x_wconf 88' lang='lat' dir='ltr'><strong>morte</strong></span> <span class='ocrx_word' id='word_1_509' title='bbox 1145 1664 1266 1700; x_wconf 84' lang='lat' dir='ltr'><strong>quadam</strong></span> <span class='ocrx_word' id='word_1_510' title='bbox 1282 1663 1417 1696; x_wconf 84' lang='lat' dir='ltr'><strong>indueret,</strong></span> <span class='ocrx_word' id='word_1_511' title='bbox 1433 1667 1464 1690; x_wconf 91' lang='lat' dir='ltr'><strong>ut</strong></span> <span class='ocrx_word' id='word_1_512' title='bbox 1488 1671 1520 1691; x_wconf 83' lang='lat' dir='ltr'><strong>ea</strong></span> <span class='ocrx_word' id='word_1_513' title='bbox 1548 1663 1676 1698; x_wconf 86' lang='lat' dir='ltr'><strong>corporis</strong></span> <span class='ocrx_word' id='word_1_514' title='bbox 1707 1662 1767 1689; x_wconf 81' lang='lat' dir='ltr'><strong>dis-</strong></span> 
     </span>
    </p>
   </div>
   <div class='ocr_carea' id='block_1_69' title="bbox 140 1707 1188 1746">
    <p class='ocr_par' dir='ltr' id='par_1_69' title="bbox 140 1707 1188 1746">
     <span class='ocr_line' id='line_1_69' title="bbox 140 1707 1188 1746; baseline 0 -10"><span class='ocrx_word' id='word_1_515' title='bbox 140 1708 277 1736; x_wconf 83' lang='lat' dir='ltr'><strong>solutione</strong></span> <span class='ocrx_word' id='word_1_516' title='bbox 304 1707 436 1744; x_wconf 89' lang='lat' dir='ltr'><strong>quidquid</strong></span> <span class='ocrx_word' id='word_1_517' title='bbox 463 1707 490 1735; x_wconf 87' lang='lat' dir='ltr'><strong>in</strong></span> <span class='ocrx_word' id='word_1_518' title='bbox 512 1715 546 1735; x_wconf 86' lang='lat' dir='ltr'><strong>eo</strong></span> <span class='ocrx_word' id='word_1_519' title='bbox 563 1708 633 1746; x_wconf 83' lang='lat' dir='ltr'><strong>_mali</strong></span> <span class='ocrx_word' id='word_1_520' title='bbox 658 1707 819 1743; x_wconf 86' lang='lat' dir='ltr'><strong>productum</strong></span> <span class='ocrx_word' id='word_1_521' title='bbox 846 1707 934 1735; x_wconf 79' lang='lat' dir='ltr'><strong>fuerat</strong></span> <span class='ocrx_word' id='word_1_522' title='bbox 951 1710 1188 1738; x_wconf 80' lang='lat' dir='ltr'><strong>intermoreretur.</strong></span> 
     </span>
    </p>
   </div>
   <div class='ocr_carea' id='block_1_70' title="bbox 176 1752 931 1790">
    <p class='ocr_par' dir='ltr' id='par_1_70' title="bbox 176 1752 931 1790">
     <span class='ocr_line' id='line_1_70' title="bbox 176 1752 931 1790; baseline 0 -9"><span class='ocrx_word' id='word_1_523' title='bbox 176 1754 240 1781; x_wconf 79' lang='lat' dir='ltr'><strong>Kl&quot;.</strong></span> <span class='ocrx_word' id='word_1_524' title='bbox 261 1754 452 1790; x_wconf 81' lang='grc' dir='ltr'>Προηπόρηται</span> <span class='ocrx_word' id='word_1_525' title='bbox 476 1752 505 1780; x_wconf 80' lang='grc' dir='ltr'><strong>δὲ</strong></span> <span class='ocrx_word' id='word_1_526' title='bbox 531 1753 601 1788; x_wconf 75' lang='grc' dir='ltr'>ήδη,</span> <span class='ocrx_word' id='word_1_527' title='bbox 624 1753 672 1780; x_wconf 75' lang='grc' dir='ltr'>καὶ</span> <span class='ocrx_word' id='word_1_528' title='bbox 693 1753 836 1789; x_wconf 76' lang='grc' dir='ltr'><strong>ἀπεδείχθη</strong></span> <span class='ocrx_word' id='word_1_529' title='bbox 869 1754 931 1786; x_wconf 83' lang='grc' dir='ltr'>τοὺς</span> 
     </span>
    </p>
   </div>
   <div class='ocr_carea' id='block_1_71' title="bbox 140 1797 933 1836">
    <p class='ocr_par' dir='ltr' id='par_1_71' title="bbox 140 1797 933 1836">
     <span class='ocr_line' id='line_1_71' title="bbox 140 1797 933 1836; baseline -0.004 -8"><span class='ocrx_word' id='word_1_530' title='bbox 140 1799 317 1836; x_wconf 77' lang='grc' dir='ltr'>δερματίνους</span> <span class='ocrx_word' id='word_1_531' title='bbox 347 1799 462 1835; x_wconf 81' lang='grc' dir='ltr'>χιτῶνας</span> <span class='ocrx_word' id='word_1_532' title='bbox 492 1797 530 1834; x_wconf 87' lang='grc' dir='ltr'>μὴ</span> <span class='ocrx_word' id='word_1_533' title='bbox 555 1797 674 1826; x_wconf 77' lang='grc' dir='ltr'>εἶναιτὰ</span> <span class='ocrx_word' id='word_1_534' title='bbox 694 1798 818 1834; x_wconf 83' lang='grc' dir='ltr'>σώματα.</span> <span class='ocrx_word' id='word_1_535' title='bbox 838 1799 933 1834; x_wconf 85' lang='grc' dir='ltr'><strong>Ὅμως</strong></span> 
     </span>
    </p>
   </div>
   <div class='ocr_carea' id='block_1_72' title="bbox 139 1843 932 1881">
    <p class='ocr_par' dir='ltr' id='par_1_72' title="bbox 139 1843 932 1881">
     <span class='ocr_line' id='line_1_72' title="bbox 139 1843 932 1881; baseline -0.005 -7"><span class='ocrx_word' id='word_1_536' title='bbox 139 1845 169 1874; x_wconf 78' lang='grc' dir='ltr'><strong>δὲ</strong></span> <span class='ocrx_word' id='word_1_537' title='bbox 184 1846 231 1873; x_wconf 71' lang='grc' dir='ltr'>καὶ</span> <span class='ocrx_word' id='word_1_538' title='bbox 246 1845 327 1872; x_wconf 85' lang='grc' dir='ltr'>πάλιν</span> <span class='ocrx_word' id='word_1_539' title='bbox 341 1845 380 1881; x_wconf 87' lang='grc' dir='ltr'><strong>(οὐ</strong></span> <span class='ocrx_word' id='word_1_540' title='bbox 390 1846 445 1880; x_wconf 86' lang='grc' dir='ltr'><strong>γὰρ</strong></span> <span class='ocrx_word' id='word_1_541' title='bbox 460 1844 533 1876; x_wconf 74' lang='grc' dir='ltr'>ἅπαξ</span> <span class='ocrx_word' id='word_1_542' title='bbox 547 1844 658 1880; x_wconf 78' lang='grc' dir='ltr'><strong>ῥητέον)</strong></span> <span class='ocrx_word' id='word_1_543' title='bbox 674 1843 830 1880; x_wconf 75' lang='grc' dir='ltr'><strong>φράζωμεν.</strong></span> <span class='ocrx_word' id='word_1_544' title='bbox 846 1843 932 1875; x_wconf 76' lang='grc' dir='ltr'>Αὐτὸς</span> 
     </span>
    </p>
   </div>
   <div class='ocr_carea' id='block_1_73' title="bbox 141 1889 932 1927">
    <p class='ocr_par' dir='ltr' id='par_1_73' title="bbox 141 1889 932 1927">
     <span class='ocr_line' id='line_1_73' title="bbox 141 1889 932 1927; baseline -0.003 -9"><span class='ocrx_word' id='word_1_545' title='bbox 141 1893 195 1927; x_wconf 74' lang='grc' dir='ltr'>πρὸ</span> <span class='ocrx_word' id='word_1_546' title='bbox 204 1891 256 1927; x_wconf 84' lang='grc' dir='ltr'>τῆς</span> <span class='ocrx_word' id='word_1_547' title='bbox 268 1891 440 1926; x_wconf 81' lang='grc' dir='ltr'>κατασκευῆς</span> <span class='ocrx_word' id='word_1_548' title='bbox 454 1890 544 1916; x_wconf 84' lang='grc' dir='ltr'>αὐτῶν</span> <span class='ocrx_word' id='word_1_549' title='bbox 558 1890 572 1916; x_wconf 88' lang='grc' dir='ltr'>ὁ</span> <span class='ocrx_word' id='word_1_550' title='bbox 587 1889 796 1925; x_wconf 83' lang='grc' dir='ltr'>πρωτόπλαστος</span> <span class='ocrx_word' id='word_1_551' title='bbox 806 1890 932 1925; x_wconf 83' lang='grc' dir='ltr'>ὁμολογεῖ</span> 
     </span>
    </p>
   </div>
   <div class='ocr_carea' id='block_1_74' title="bbox 142 1935 932 1972">
    <p class='ocr_par' dir='ltr' id='par_1_74' title="bbox 142 1935 932 1972">
     <span class='ocr_line' id='line_1_74' title="bbox 142 1935 932 1972; baseline -0.004 -7"><span class='ocrx_word' id='word_1_552' title='bbox 142 1939 189 1965; x_wconf 75' lang='grc' dir='ltr'>καὶ</span> <span class='ocrx_word' id='word_1_553' title='bbox 205 1938 272 1972; x_wconf 63' lang='lat' dir='ltr'><strong>deti</strong></span> <span class='ocrx_word' id='word_1_554' title='bbox 290 1937 362 1972; x_wconf 80' lang='grc' dir='ltr'>ἔχειν</span> <span class='ocrx_word' id='word_1_555' title='bbox 377 1937 423 1964; x_wconf 73' lang='grc' dir='ltr'>καὶ</span> <span class='ocrx_word' id='word_1_556' title='bbox 446 1936 561 1972; x_wconf 85' lang='grc' dir='ltr'>σάρκας,</span> <span class='ocrx_word' id='word_1_557' title='bbox 578 1935 661 1962; x_wconf 84' lang='grc' dir='ltr'>ὁπότε</span> <span class='ocrx_word' id='word_1_558' title='bbox 683 1935 726 1970; x_wconf 82' lang='grc' dir='ltr'>δὴ,</span> <span class='ocrx_word' id='word_1_559' title='bbox 751 1935 800 1971; x_wconf 83' lang='grc' dir='ltr'>τὴν</span> <span class='ocrx_word' id='word_1_560' title='bbox 814 1937 932 1969; x_wconf 83' lang='grc' dir='ltr'>γυναῖκα</span> 
     </span>
    </p>
   </div>
   <div class='ocr_carea' id='block_1_75' title="bbox 143 1970 932 2019">
    <p class='ocr_par' dir='ltr' id='par_1_75' title="bbox 143 1970 932 2019">
     <span class='ocr_line' id='line_1_75' title="bbox 143 1970 932 2019; baseline -0.003 -10"><span class='ocrx_word' id='word_1_561' title='bbox 143 1970 431 2019; x_wconf 63' lang='grc' dir='ltr'>αὐτῷ’προσαχοεῖσαν</span> <span class='ocrx_word' id='word_1_562' title='bbox 445 1982 624 2016; x_wconf 79' lang='grc' dir='ltr'>θεασάμενος,</span> <span class='ocrx_word' id='word_1_563' title='bbox 638 1981 728 2008; x_wconf 74' lang='grc' dir='ltr'><em>Τοῦτο</em></span> <span class='ocrx_word' id='word_1_564' title='bbox 739 1981 797 2008; x_wconf 84' lang='grc' dir='ltr'><strong>νῦν</strong></span> <span class='ocrx_word' id='word_1_565' title='bbox 808 1981 932 2013; x_wconf 84' lang='grc' dir='ltr'><strong>ὀστοῦν,</strong></span> 
     </span>
    </p>
   </div>
   <div class='ocr_carea' id='block_1_76' title="bbox 142 2027 934 2064">
    <p class='ocr_par' dir='ltr' id='par_1_76' title="bbox 142 2027 934 2064">
     <span class='ocr_line' id='line_1_76' title="bbox 142 2027 934 2064; baseline -0.003 -8"><span class='ocrx_word' id='word_1_566' title='bbox 142 2029 294 2064; x_wconf 70' lang='grc' dir='ltr'>ὶφώνησεν,</span> <span class='ocrx_word' id='word_1_567' title='bbox 308 2029 342 2056; x_wconf 79' lang='grc' dir='ltr'><strong>ἐκ</strong></span> <span class='ocrx_word' id='word_1_568' title='bbox 365 2029 424 2056; x_wconf 84' lang='grc' dir='ltr'>τῶν</span> <span class='ocrx_word' id='word_1_569' title='bbox 447 2028 546 2055; x_wconf 84' lang='grc' dir='ltr'><strong>ὀστῶν</strong></span> <span class='ocrx_word' id='word_1_570' title='bbox 566 2037 636 2062; x_wconf 87' lang='grc' dir='ltr'>μου,</span> <span class='ocrx_word' id='word_1_571' title='bbox 661 2027 710 2054; x_wconf 80' lang='grc' dir='ltr'>καὶ</span> <span class='ocrx_word' id='word_1_572' title='bbox 727 2027 805 2061; x_wconf 77' lang='grc' dir='ltr'>σὰρξ</span> <span class='ocrx_word' id='word_1_573' title='bbox 824 2027 859 2054; x_wconf 78' lang='grc' dir='ltr'>ἐκ</span> <span class='ocrx_word' id='word_1_574' title='bbox 878 2027 934 2061; x_wconf 83' lang='grc' dir='ltr'><strong>τῆς</strong></span> 
     </span>
    </p>
   </div>
   <div class='ocr_carea' id='block_1_77' title="bbox 142 2072 934 2108">
    <p class='ocr_par' dir='ltr' id='par_1_77' title="bbox 142 2072 934 2108">
     <span class='ocr_line' id='line_1_77' title="bbox 142 2072 934 2108; baseline -0.001 -8"><span class='ocrx_word' id='word_1_575' title='bbox 142 2074 256 2108; x_wconf 77' lang='grc' dir='ltr'>σαρκός</span> <span class='ocrx_word' id='word_1_576' title='bbox 267 2082 338 2108; x_wconf 87' lang='grc' dir='ltr'>μου,</span> <span class='ocrx_word' id='word_1_577' title='bbox 357 2074 438 2108; x_wconf 76' lang='grc' dir='ltr'><strong>Αῦτη</strong></span> <span class='ocrx_word' id='word_1_578' title='bbox 456 2073 642 2107; x_wconf 75' lang='grc' dir='ltr'>κληθήσεται</span> <span class='ocrx_word' id='word_1_579' title='bbox 661 2072 738 2108; x_wconf 70' lang='grc' dir='ltr'><strong>γυνὴ</strong></span> <span class='ocrx_word' id='word_1_580' title='bbox 748 2093 756 2105; x_wconf 86' lang='grc'><strong>,</strong></span> <span class='ocrx_word' id='word_1_581' title='bbox 774 2072 818 2099; x_wconf 82' lang='grc' dir='ltr'><strong>ὅτι</strong></span> <span class='ocrx_word' id='word_1_582' title='bbox 831 2073 866 2099; x_wconf 81' lang='grc' dir='ltr'><strong>ἐκ</strong></span> <span class='ocrx_word' id='word_1_583' title='bbox 881 2072 934 2100; x_wconf 85' lang='grc' dir='ltr'><strong>τοῦ</strong></span> 
     </span>
    </p>
   </div>
   <div class='ocr_carea' id='block_1_78' title="bbox 142 2119 934 2154">
    <p class='ocr_par' dir='ltr' id='par_1_78' title="bbox 142 2119 934 2154">
     <span class='ocr_line' id='line_1_78' title="bbox 142 2119 934 2154; baseline -0.003 -7"><span class='ocrx_word' id='word_1_584' title='bbox 142 2119 254 2154; x_wconf 76' lang='grc' dir='ltr'>ἀνδρὸς</span> <span class='ocrx_word' id='word_1_585' title='bbox 269 2119 365 2154; x_wconf 78' lang='grc' dir='ltr'>αὐτῆς</span> <span class='ocrx_word' id='word_1_586' title='bbox 383 2119 511 2154; x_wconf 65' lang='grc' dir='ltr'><strong>ἐλήφθη.</strong></span> <span class='ocrx_word' id='word_1_587' title='bbox 526 2119 651 2145; x_wconf 81' lang='grc' dir='ltr'><em>Ἕνεκεν</em></span> <span class='ocrx_word' id='word_1_588' title='bbox 672 2119 779 2145; x_wconf 77' lang='grc' dir='ltr'><strong>τούτου</strong></span> <span class='ocrx_word' id='word_1_589' title='bbox 796 2119 934 2145; x_wconf 75' lang='grc' dir='ltr'><strong>καταλεί-</strong></span> 
     </span>
    </p>
   </div>
   <div class='ocr_carea' id='block_1_79' title="bbox 142 2163 929 2200">
    <p class='ocr_par' dir='ltr' id='par_1_79' title="bbox 142 2163 929 2200">
     <span class='ocr_line' id='line_1_79' title="bbox 142 2163 929 2200; baseline -0.003 -8"><span class='ocrx_word' id='word_1_590' title='bbox 142 2168 194 2200; x_wconf 66' lang='grc' dir='ltr'><strong>ψει</strong></span> <span class='ocrx_word' id='word_1_591' title='bbox 208 2164 363 2200; x_wconf 77' lang='grc' dir='ltr'>ἅνθρωπος</span> <span class='ocrx_word' id='word_1_592' title='bbox 377 2165 430 2191; x_wconf 85' lang='grc' dir='ltr'><strong>τὸν</strong></span> <span class='ocrx_word' id='word_1_593' title='bbox 442 2165 555 2198; x_wconf 82' lang='grc' dir='ltr'>πατέρα</span> <span class='ocrx_word' id='word_1_594' title='bbox 566 2164 659 2191; x_wconf 83' lang='grc' dir='ltr'><strong>αὑτοῦ</strong></span> <span class='ocrx_word' id='word_1_595' title='bbox 672 2164 722 2190; x_wconf 76' lang='grc' dir='ltr'>καὶ</span> <span class='ocrx_word' id='word_1_596' title='bbox 738 2163 795 2198; x_wconf 80' lang='grc' dir='ltr'><strong>τὴν</strong></span> <span class='ocrx_word' id='word_1_597' title='bbox 804 2163 929 2199; x_wconf 74' lang='grc' dir='ltr'>μητέρα,</span> 
     </span>
    </p>
   </div>
   <div class='ocr_carea' id='block_1_80' title="bbox 1018 1753 1768 1792">
    <p class='ocr_par' dir='ltr' id='par_1_80' title="bbox 1018 1753 1768 1792">
     <span class='ocr_line' id='line_1_80' title="bbox 1018 1753 1768 1792; baseline -0.005 -8"><span class='ocrx_word' id='word_1_598' title='bbox 1018 1754 1099 1792; x_wconf 69' lang='grc'><strong>546</strong></span> <span class='ocrx_word' id='word_1_599' title='bbox 1117 1754 1213 1783; x_wconf 73' lang='lat' dir='ltr'><strong>XXIII.</strong></span> <span class='ocrx_word' id='word_1_600' title='bbox 1240 1754 1308 1782; x_wconf 88' lang='lat' dir='ltr'><strong>Illud</strong></span> <span class='ocrx_word' id='word_1_601' title='bbox 1332 1762 1397 1782; x_wconf 87' lang='lat' dir='ltr'><strong>vero</strong></span> <span class='ocrx_word' id='word_1_602' title='bbox 1420 1755 1475 1790; x_wconf 78' lang='lat' dir='ltr'><strong>jam</strong></span> <span class='ocrx_word' id='word_1_603' title='bbox 1501 1758 1580 1782; x_wconf 84' lang='lat' dir='ltr'><strong>antea</strong></span> <span class='ocrx_word' id='word_1_604' title='bbox 1599 1753 1768 1788; x_wconf 73' lang='lat' dir='ltr'><strong>disputatum</strong></span> 
     </span>
    </p>
   </div>
   <div class='ocr_carea' id='block_1_81' title="bbox 983 1797 1768 1835">
    <p class='ocr_par' dir='ltr' id='par_1_81' title="bbox 983 1797 1768 1835">
     <span class='ocr_line' id='line_1_81' title="bbox 983 1797 1768 1835; baseline -0.003 -8"><span class='ocrx_word' id='word_1_605' title='bbox 983 1803 1040 1832; x_wconf 85' lang='lat' dir='ltr'><strong>est,</strong></span> <span class='ocrx_word' id='word_1_606' title='bbox 1071 1804 1305 1835; x_wconf 83' lang='lat' dir='ltr'><strong>monstralumque</strong></span> <span class='ocrx_word' id='word_1_607' title='bbox 1331 1799 1575 1834; x_wconf 81' lang='lat' dir='ltr'><strong>pelliceastuuicas</strong></span> <span class='ocrx_word' id='word_1_608' title='bbox 1609 1797 1682 1826; x_wconf 86' lang='lat' dir='ltr'><strong>aliud</strong></span> <span class='ocrx_word' id='word_1_609' title='bbox 1705 1806 1768 1825; x_wconf 76' lang='lat' dir='ltr'><strong>esse</strong></span> 
     </span>
    </p>
   </div>
   <div class='ocr_carea' id='block_1_82' title="bbox 983 1843 1769 1881">
    <p class='ocr_par' dir='ltr' id='par_1_82' title="bbox 983 1843 1769 1881">
     <span class='ocr_line' id='line_1_82' title="bbox 983 1843 1769 1881; baseline -0.004 -9"><span class='ocrx_word' id='word_1_610' title='bbox 983 1849 1082 1881; x_wconf 61' lang='lat' dir='ltr'><strong>praeter</strong></span> <span class='ocrx_word' id='word_1_611' title='bbox 1096 1853 1221 1877; x_wconf 81' lang='lat' dir='ltr'><strong>corpora.</strong></span> <span class='ocrx_word' id='word_1_612' title='bbox 1243 1844 1296 1872; x_wconf 87' lang='lat' dir='ltr'><strong>Sed</strong></span> <span class='ocrx_word' id='word_1_613' title='bbox 1317 1844 1495 1872; x_wconf 88' lang='lat' dir='ltr'><strong>nihilominus</strong></span> <span class='ocrx_word' id='word_1_614' title='bbox 1511 1843 1582 1870; x_wconf 90' lang='lat' dir='ltr'><strong>idem</strong></span> <span class='ocrx_word' id='word_1_615' title='bbox 1606 1850 1703 1870; x_wconf 80' lang='lat' dir='ltr'><strong>rursus</strong></span> <span class='ocrx_word' id='word_1_616' title='bbox 1716 1843 1769 1877; x_wconf 55' lang='lat' dir='ltr'><strong>(di.-</strong></span> 
     </span>
    </p>
   </div>
   <div class='ocr_carea' id='block_1_83' title="bbox 981 1885 1769 1925">
    <p class='ocr_par' dir='ltr' id='par_1_83' title="bbox 981 1885 1769 1925">
     <span class='ocr_line' id='line_1_83' title="bbox 981 1885 1769 1925; baseline -0.006 -7"><span class='ocrx_word' id='word_1_617' title='bbox 981 1891 1097 1919; x_wconf 83' lang='lat' dir='ltr'><strong>cendum</strong></span> <span class='ocrx_word' id='word_1_618' title='bbox 1111 1891 1184 1918; x_wconf 93' lang='lat' dir='ltr'><strong>enim</strong></span> <span class='ocrx_word' id='word_1_619' title='bbox 1201 1890 1301 1925; x_wconf 69' lang='lat' dir='ltr'><strong>szepius</strong></span> <span class='ocrx_word' id='word_1_620' title='bbox 1314 1889 1367 1925; x_wconf 88' lang='lat' dir='ltr'><strong>est)</strong></span> <span class='ocrx_word' id='word_1_621' title='bbox 1385 1889 1437 1916; x_wconf 84' lang='lat' dir='ltr'><strong>hoc</strong></span> <span class='ocrx_word' id='word_1_622' title='bbox 1452 1889 1513 1916; x_wconf 90' lang='lat' dir='ltr'><strong>loco</strong></span> <span class='ocrx_word' id='word_1_623' title='bbox 1528 1892 1692 1922; x_wconf 85' lang='lat' dir='ltr'><strong>repetamus.</strong></span> <span class='ocrx_word' id='word_1_624' title='bbox 1709 1885 1769 1914; x_wconf 79' lang='lat' dir='ltr'><strong>Pri-</strong></span> 
     </span>
    </p>
   </div>
   <div class='ocr_carea' id='block_1_84' title="bbox 981 1934 1769 1972">
    <p class='ocr_par' dir='ltr' id='par_1_84' title="bbox 981 1934 1769 1972">
     <span class='ocr_line' id='line_1_84' title="bbox 981 1934 1769 1972; baseline -0.006 -8"><span class='ocrx_word' id='word_1_625' title='bbox 981 1945 1043 1964; x_wconf 84' lang='lat' dir='ltr'><strong>mus</strong></span> <span class='ocrx_word' id='word_1_626' title='bbox 1059 1937 1142 1971; x_wconf 76' lang='lat' dir='ltr'><strong>igitur</strong></span> <span class='ocrx_word' id='word_1_627' title='bbox 1159 1936 1218 1972; x_wconf 83' lang='lat' dir='ltr'><strong>ipse</strong></span> <span class='ocrx_word' id='word_1_628' title='bbox 1236 1943 1346 1971; x_wconf 86' lang='lat' dir='ltr'><strong>parens,</strong></span> <span class='ocrx_word' id='word_1_629' title='bbox 1367 1939 1512 1969; x_wconf 78' lang='lat' dir='ltr'><strong>antequam</strong></span> <span class='ocrx_word' id='word_1_630' title='bbox 1529 1941 1568 1961; x_wconf 69' lang='lat' dir='ltr'><strong>ea:</strong></span> <span class='ocrx_word' id='word_1_631' title='bbox 1583 1934 1683 1960; x_wconf 77' lang='lat' dir='ltr'><strong>tunicae</strong></span> <span class='ocrx_word' id='word_1_632' title='bbox 1703 1940 1769 1960; x_wconf 82' lang='lat' dir='ltr'><strong>con-</strong></span> 
     </span>
    </p>
   </div>
   <div class='ocr_carea' id='block_1_85' title="bbox 982 1977 1767 2015">
    <p class='ocr_par' dir='ltr' id='par_1_85' title="bbox 982 1977 1767 2015">
     <span class='ocr_line' id='line_1_85' title="bbox 982 1977 1767 2015; baseline -0.008 -5"><span class='ocrx_word' id='word_1_633' title='bbox 982 1987 1137 2015; x_wconf 88' lang='lat' dir='ltr'><strong>suerentur,</strong></span> <span class='ocrx_word' id='word_1_634' title='bbox 1162 1989 1225 2010; x_wconf 90' lang='lat' dir='ltr'><strong>ossa</strong></span> <span class='ocrx_word' id='word_1_635' title='bbox 1252 1989 1281 2009; x_wconf 89' lang='lat' dir='ltr'><strong>se</strong></span> <span class='ocrx_word' id='word_1_636' title='bbox 1302 1986 1329 2008; x_wconf 73' lang='lat' dir='ltr'><strong>et</strong></span> <span class='ocrx_word' id='word_1_637' title='bbox 1358 1987 1468 2008; x_wconf 75' lang='lat' dir='ltr'><strong>cantem</strong></span> <span class='ocrx_word' id='word_1_638' title='bbox 1494 1979 1594 2006; x_wconf 84' lang='lat' dir='ltr'><strong>habere</strong></span> <span class='ocrx_word' id='word_1_639' title='bbox 1613 1977 1767 2009; x_wconf 79' lang='lat' dir='ltr'><strong>conlitctur,</strong></span> 
     </span>
    </p>
   </div>
   <div class='ocr_carea' id='block_1_86' title="bbox 981 2024 1769 2062">
    <p class='ocr_par' dir='ltr' id='par_1_86' title="bbox 981 2024 1769 2062">
     <span class='ocr_line' id='line_1_86' title="bbox 981 2024 1769 2062; baseline -0.01 -5"><span class='ocrx_word' id='word_1_640' title='bbox 981 2037 1043 2057; x_wconf 86' lang='lat' dir='ltr'><strong>cum</strong></span> <span class='ocrx_word' id='word_1_641' title='bbox 1060 2029 1188 2056; x_wconf 87' lang='lat' dir='ltr'><strong>nimirum</strong></span> <span class='ocrx_word' id='word_1_642' title='bbox 1210 2027 1369 2062; x_wconf 83' lang='lat' dir='ltr'><strong>perductam</strong></span> <span class='ocrx_word' id='word_1_643' title='bbox 1393 2026 1427 2053; x_wconf 90' lang='lat' dir='ltr'><strong>ad</strong></span> <span class='ocrx_word' id='word_1_644' title='bbox 1452 2032 1513 2052; x_wconf 89' lang='lat' dir='ltr'><strong>sese</strong></span> <span class='ocrx_word' id='word_1_645' title='bbox 1539 2024 1678 2051; x_wconf 87' lang='lat' dir='ltr'><strong>mulierem</strong></span> <span class='ocrx_word' id='word_1_646' title='bbox 1704 2030 1769 2050; x_wconf 87' lang='lat' dir='ltr'><strong>con-</strong></span> 
     </span>
    </p>
   </div>
   <div class='ocr_carea' id='block_1_87' title="bbox 982 2069 1788 2109">
    <p class='ocr_par' dir='ltr' id='par_1_87' title="bbox 982 2069 1788 2109">
     <span class='ocr_line' id='line_1_87' title="bbox 982 2069 1788 2109; baseline -0.007 -8"><span class='ocrx_word' id='word_1_647' title='bbox 982 2074 1126 2109; x_wconf 86' lang='lat' dir='ltr'><strong>templatus</strong></span> <span class='ocrx_word' id='word_1_648' title='bbox 1141 2093 1149 2104; x_wconf 91' lang='lat'><strong>,</strong></span> <span class='ocrx_word' id='word_1_649' title='bbox 1166 2072 1223 2099; x_wconf 80' lang='lat' dir='ltr'><strong>Hoc</strong></span> <span class='ocrx_word' id='word_1_650' title='bbox 1240 2080 1308 2098; x_wconf 84' lang='lat' dir='ltr'><strong>nunc</strong></span> <span class='ocrx_word' id='word_1_651' title='bbox 1323 2080 1362 2104; x_wconf 77' lang='lat' dir='ltr'><strong>os,</strong></span> <span class='ocrx_word' id='word_1_652' title='bbox 1378 2071 1477 2106; x_wconf 84' lang='lat' dir='ltr'><strong>inquit,</strong></span> <span class='ocrx_word' id='word_1_653' title='bbox 1492 2078 1524 2097; x_wconf 75' lang='lat' dir='ltr'><strong>ea:</strong></span> <span class='ocrx_word' id='word_1_654' title='bbox 1539 2069 1642 2096; x_wconf 69' lang='lat' dir='ltr'><strong>ossibus</strong></span> <span class='ocrx_word' id='word_1_655' title='bbox 1653 2069 1729 2102; x_wconf 69' lang='lat' dir='ltr'><strong>meis,</strong></span> <span class='ocrx_word' id='word_1_656' title='bbox 1745 2074 1768 2096; x_wconf 78' lang='lat' dir='ltr'><strong>et</strong></span> <span class='ocrx_word' id='word_1_657' title='bbox 1786 2086 1788 2090; x_wconf 86' lang='lat'><strong><em>-</em></strong></span> 
     </span>
    </p>
   </div>
   <div class='ocr_carea' id='block_1_88' title="bbox 983 2115 1768 2149">
    <p class='ocr_par' dir='ltr' id='par_1_88' title="bbox 983 2115 1768 2149">
     <span class='ocr_line' id='line_1_88' title="bbox 983 2115 1768 2149; baseline -0.008 -3"><span class='ocrx_word' id='word_1_658' title='bbox 983 2128 1045 2146; x_wconf 85' lang='lat' dir='ltr'><strong>caro</strong></span> <span class='ocrx_word' id='word_1_659' title='bbox 1059 2121 1091 2147; x_wconf 83' lang='lat' dir='ltr'><strong>de</strong></span> <span class='ocrx_word' id='word_1_660' title='bbox 1107 2126 1185 2145; x_wconf 75' lang='lat' dir='ltr'><strong>turne</strong></span> <span class='ocrx_word' id='word_1_661' title='bbox 1199 2126 1267 2145; x_wconf 81' lang='lat' dir='ltr'><strong>mea.</strong></span> <span class='ocrx_word' id='word_1_662' title='bbox 1285 2116 1349 2144; x_wconf 76' lang='lat' dir='ltr'><strong>Ilwc</strong></span> <span class='ocrx_word' id='word_1_663' title='bbox 1373 2116 1508 2144; x_wconf 78' lang='lat' dir='ltr'><strong>vocabitur</strong></span> <span class='ocrx_word' id='word_1_664' title='bbox 1524 2115 1628 2148; x_wconf 82' lang='lat' dir='ltr'><strong>mulier,</strong></span> <span class='ocrx_word' id='word_1_665' title='bbox 1645 2115 1768 2149; x_wconf 77' lang='lat' dir='ltr'><strong>quoniam</strong></span> 
     </span>
    </p>
   </div>
   <div class='ocr_carea' id='block_1_89' title="bbox 983 2162 1769 2200">
    <p class='ocr_par' dir='ltr' id='par_1_89' title="bbox 983 2162 1769 2200">
     <span class='ocr_line' id='line_1_89' title="bbox 983 2162 1769 2200; baseline -0.006 -8"><span class='ocrx_word' id='word_1_666' title='bbox 983 2166 1015 2194; x_wconf 77' lang='lat' dir='ltr'><strong>de</strong></span> <span class='ocrx_word' id='word_1_667' title='bbox 1030 2167 1085 2194; x_wconf 79' lang='lat' dir='ltr'><strong>viro</strong></span> <span class='ocrx_word' id='word_1_668' title='bbox 1099 2171 1203 2200; x_wconf 76' lang='lat' dir='ltr'><strong>sumpta</strong></span> <span class='ocrx_word' id='word_1_669' title='bbox 1223 2170 1274 2193; x_wconf 80' lang='lat' dir='ltr'><strong>est.</strong></span> <span class='ocrx_word' id='word_1_670' title='bbox 1296 2163 1405 2198; x_wconf 84' lang='lat' dir='ltr'><strong>Propter</strong></span> <span class='ocrx_word' id='word_1_671' title='bbox 1420 2163 1467 2189; x_wconf 81' lang='lat' dir='ltr'><strong>hoc</strong></span> <span class='ocrx_word' id='word_1_672' title='bbox 1486 2162 1613 2196; x_wconf 78' lang='lat' dir='ltr'><strong>relinquet</strong></span> <span class='ocrx_word' id='word_1_673' title='bbox 1630 2163 1706 2188; x_wconf 85' lang='lat' dir='ltr'><strong>homo</strong></span> <span class='ocrx_word' id='word_1_674' title='bbox 1720 2169 1769 2195; x_wconf 78' lang='lat' dir='ltr'><strong>pu-</strong></span> 
     </span>
    </p>
   </div>
   <div class='ocr_carea' id='block_1_90' title="bbox 144 2198 928 2245">
    <p class='ocr_par' dir='ltr' id='par_1_90' title="bbox 144 2198 928 2245">
     <span class='ocr_line' id='line_1_90' title="bbox 144 2198 928 2245; baseline -0.003 -7"><span class='ocrx_word' id='word_1_675' title='bbox 144 2198 194 2238; x_wconf 55' lang='grc' dir='ltr'>ναι</span> <span class='ocrx_word' id='word_1_676' title='bbox 222 2198 529 2245; x_wconf 73' lang='grc' dir='ltr'>προσκολληθήσεται</span> <span class='ocrx_word' id='word_1_677' title='bbox 551 2209 590 2244; x_wconf 73' lang='grc' dir='ltr'><strong>τῇ</strong></span> <span class='ocrx_word' id='word_1_678' title='bbox 612 2209 731 2245; x_wconf 72' lang='grc' dir='ltr'>γυναικὶ</span> <span class='ocrx_word' id='word_1_679' title='bbox 753 2198 865 2237; x_wconf 59' lang='grc' dir='ltr'><strong>αὐξοῦ·</strong></span> <span class='ocrx_word' id='word_1_680' title='bbox 883 2209 928 2236; x_wconf 70' lang='grc' dir='ltr'><strong>καὶ</strong></span> 
     </span>
    </p>
   </div>
   <div class='ocr_carea' id='block_1_91' title="bbox 979 2198 1770 2245">
    <p class='ocr_par' dir='ltr' id='par_1_91' title="bbox 985 2208 1770 2243">
     <span class='ocr_line' id='line_1_91' title="bbox 985 2208 1770 2243; baseline -0.009 -4"><span class='ocrx_word' id='word_1_681' title='bbox 985 2217 1051 2240; x_wconf 85' lang='lat' dir='ltr'><strong>trem</strong></span> <span class='ocrx_word' id='word_1_682' title='bbox 1070 2217 1093 2239; x_wconf 87' lang='lat' dir='ltr'><strong>et</strong></span> <span class='ocrx_word' id='word_1_683' title='bbox 1111 2217 1223 2239; x_wconf 83' lang='lat' dir='ltr'><strong>matrem</strong></span> <span class='ocrx_word' id='word_1_684' title='bbox 1246 2219 1333 2243; x_wconf 76' lang='lat' dir='ltr'><strong>suam,</strong></span> <span class='ocrx_word' id='word_1_685' title='bbox 1350 2215 1374 2237; x_wconf 85' lang='lat' dir='ltr'><strong>et</strong></span> <span class='ocrx_word' id='word_1_686' title='bbox 1397 2209 1542 2236; x_wconf 65' lang='lat' dir='ltr'><strong>adhaerebit</strong></span> <span class='ocrx_word' id='word_1_687' title='bbox 1569 2208 1645 2235; x_wconf 72' lang='lat' dir='ltr'><strong>uxori</strong></span> <span class='ocrx_word' id='word_1_688' title='bbox 1663 2215 1729 2237; x_wconf 68' lang='lat' dir='ltr'><strong>sum.</strong></span> <span class='ocrx_word' id='word_1_689' title='bbox 1746 2212 1770 2233; x_wconf 78' lang='lat' dir='ltr'><strong>rt</strong></span> 
     </span>
    </p>
   </div>
   <div class='ocr_carea' id='block_1_92' title="bbox 141 2255 931 2291">
    <p class='ocr_par' dir='ltr' id='par_1_92' title="bbox 141 2255 931 2291">
     <span class='ocr_line' id='line_1_92' title="bbox 141 2255 931 2291; baseline -0.005 -6"><span class='ocrx_word' id='word_1_690' title='bbox 141 2257 264 2285; x_wconf 67' lang='grc' dir='ltr'>ἔσονται</span> <span class='ocrx_word' id='word_1_691' title='bbox 278 2258 305 2284; x_wconf 88' lang='grc' dir='ltr'><strong>οι</strong></span> <span class='ocrx_word' id='word_1_692' title='bbox 319 2256 375 2283; x_wconf 82' lang='grc' dir='ltr'><strong>δύο</strong></span> <span class='ocrx_word' id='word_1_693' title='bbox 388 2257 432 2290; x_wconf 82' lang='grc' dir='ltr'><strong>εις</strong></span> <span class='ocrx_word' id='word_1_694' title='bbox 446 2255 545 2290; x_wconf 76' lang='grc' dir='ltr'>σάρκα</span> <span class='ocrx_word' id='word_1_695' title='bbox 556 2258 640 2291; x_wconf 83' lang='grc' dir='ltr'>μίαν.</span> <span class='ocrx_word' id='word_1_696' title='bbox 659 2256 697 2282; x_wconf 80' lang='grc' dir='ltr'><strong>οὐ</strong></span> <span class='ocrx_word' id='word_1_697' title='bbox 717 2255 782 2291; x_wconf 71' lang='grc' dir='ltr'>γὰρ;</span> <span class='ocrx_word' id='word_1_698' title='bbox 789 2255 821 2290; x_wconf 90' lang='grc' dir='ltr'><strong>δὴ</strong></span> <span class='ocrx_word' id='word_1_699' title='bbox 835 2255 931 2287; x_wconf 66' lang='grc' dir='ltr'><strong>ἀνέξοη</strong></span> 
     </span>
    </p>
   </div>
   <div class='ocr_carea' id='block_1_93' title="bbox 145 2300 930 2338">
    <p class='ocr_par' dir='ltr' id='par_1_93' title="bbox 145 2300 930 2338">
     <span class='ocr_line' id='line_1_93' title="bbox 145 2300 930 2338; baseline -0.004 -9"><span class='ocrx_word' id='word_1_700' title='bbox 145 2312 194 2338; x_wconf 83' lang='grc' dir='ltr'><strong>μαι</strong></span> <span class='ocrx_word' id='word_1_701' title='bbox 219 2302 429 2338; x_wconf 80' lang='grc' dir='ltr'>φληναφούντων</span> <span class='ocrx_word' id='word_1_702' title='bbox 454 2301 547 2333; x_wconf 83' lang='grc' dir='ltr'>τινῶν,</span> <span class='ocrx_word' id='word_1_703' title='bbox 563 2301 610 2328; x_wconf 72' lang='grc' dir='ltr'>καὶ</span> <span class='ocrx_word' id='word_1_704' title='bbox 636 2300 801 2336; x_wconf 79' lang='grc' dir='ltr'>βιαζομένων</span> <span class='ocrx_word' id='word_1_705' title='bbox 822 2301 930 2336; x_wconf 73' lang='grc' dir='ltr'>ἀπηρν-</span> 
     </span>
    </p>
   </div>
   <div class='ocr_carea' id='block_1_94' title="bbox 143 2345 929 2384">
    <p class='ocr_par' dir='ltr' id='par_1_94' title="bbox 143 2345 929 2384">
     <span class='ocr_line' id='line_1_94' title="bbox 143 2345 929 2384; baseline -0.005 -8"><span class='ocrx_word' id='word_1_706' title='bbox 143 2349 315 2384; x_wconf 74' lang='grc' dir='ltr'>θμιασμίνως</span> <span class='ocrx_word' id='word_1_707' title='bbox 328 2347 378 2383; x_wconf 77' lang='grc' dir='ltr'>τὴν</span> <span class='ocrx_word' id='word_1_708' title='bbox 395 2347 515 2383; x_wconf 80' lang='grc' dir='ltr'>Γραφὴν,</span> <span class='ocrx_word' id='word_1_709' title='bbox 539 2348 582 2373; x_wconf 84' lang='grc' dir='ltr'>ἵνα</span> <span class='ocrx_word' id='word_1_710' title='bbox 603 2347 694 2379; x_wconf 87' lang='grc' dir='ltr'>αὐτοῖς</span> <span class='ocrx_word' id='word_1_711' title='bbox 719 2347 751 2381; x_wconf 87' lang='grc' dir='ltr'><strong>δὴ</strong></span> <span class='ocrx_word' id='word_1_712' title='bbox 772 2346 872 2381; x_wconf 80' lang='grc' dir='ltr'>σαρκὸς</span> <span class='ocrx_word' id='word_1_713' title='bbox 891 2345 929 2381; x_wconf 79' lang='grc' dir='ltr'>μὴ</span> 
     </span>
    </p>
   </div>
   <div class='ocr_carea' id='block_1_95' title="bbox 143 2391 929 2430">
    <p class='ocr_par' dir='ltr' id='par_1_95' title="bbox 143 2391 929 2430">
     <span class='ocr_line' id='line_1_95' title="bbox 143 2391 929 2430; baseline -0.006 -8"><span class='ocrx_word' id='word_1_714' title='bbox 143 2393 212 2423; x_wconf 76' lang='grc' dir='ltr'>εἶναι</span> <span class='ocrx_word' id='word_1_715' title='bbox 227 2393 402 2430; x_wconf 84' lang='grc' dir='ltr'>προχώρησις</span> <span class='ocrx_word' id='word_1_716' title='bbox 411 2393 420 2408; x_wconf 90' lang='grc'><strong>¹</strong></span> <span class='ocrx_word' id='word_1_717' title='bbox 434 2394 616 2429; x_wconf 79' lang='grc' dir='ltr'>ὴὰνάστασις,</span> <span class='ocrx_word' id='word_1_718' title='bbox 628 2393 696 2420; x_wconf 75' lang='grc' dir='ltr'>ὀστᾶ</span> <span class='ocrx_word' id='word_1_719' title='bbox 705 2392 788 2427; x_wconf 80' lang='grc' dir='ltr'>νοητὰ</span> <span class='ocrx_word' id='word_1_720' title='bbox 800 2391 846 2418; x_wconf 78' lang='grc' dir='ltr'>καὶ</span> <span class='ocrx_word' id='word_1_721' title='bbox 862 2392 929 2427; x_wconf 85' lang='grc' dir='ltr'>σάρ-</span> 
     </span>
    </p>
   </div>
   <div class='ocr_carea' id='block_1_96' title="bbox 143 2437 932 2475">
    <p class='ocr_par' dir='ltr' id='par_1_96' title="bbox 143 2437 932 2475">
     <span class='ocr_line' id='line_1_96' title="bbox 143 2437 932 2475; baseline -0.004 -8"><span class='ocrx_word' id='word_1_722' title='bbox 143 2449 194 2472; x_wconf 82' lang='grc' dir='ltr'><strong>κας</strong></span> <span class='ocrx_word' id='word_1_723' title='bbox 213 2439 312 2475; x_wconf 80' lang='grc' dir='ltr'>νοητὰς</span> <span class='ocrx_word' id='word_1_724' title='bbox 332 2439 536 2473; x_wconf 83' lang='grc' dir='ltr'>ὑποτιθεμένων</span> <span class='ocrx_word' id='word_1_725' title='bbox 548 2459 554 2471; x_wconf 92' lang='grc'><strong>,</strong></span> <span class='ocrx_word' id='word_1_726' title='bbox 573 2438 620 2465; x_wconf 74' lang='grc' dir='ltr'>καὶ</span> <span class='ocrx_word' id='word_1_727' title='bbox 646 2438 740 2465; x_wconf 76' lang='grc' dir='ltr'>ἄλλοτε</span> <span class='ocrx_word' id='word_1_728' title='bbox 763 2438 850 2469; x_wconf 75' lang='grc' dir='ltr'>ἄλλως</span> <span class='ocrx_word' id='word_1_729' title='bbox 876 2437 932 2465; x_wconf 80' lang='grc' dir='ltr'>ἀνω</span> 
     </span>
    </p>
   </div>
   <div class='ocr_carea' id='block_1_97' title="bbox 143 2482 932 2520">
    <p class='ocr_par' dir='ltr' id='par_1_97' title="bbox 143 2482 932 2520">
     <span class='ocr_line' id='line_1_97' title="bbox 143 2482 932 2520; baseline -0.004 -8"><span class='ocrx_word' id='word_1_730' title='bbox 143 2486 192 2513; x_wconf 72' lang='grc' dir='ltr'>καὶ</span> <span class='ocrx_word' id='word_1_731' title='bbox 208 2486 283 2512; x_wconf 78' lang='grc' dir='ltr'>κάτω</span> <span class='ocrx_word' id='word_1_732' title='bbox 305 2484 546 2520; x_wconf 77' lang='grc' dir='ltr'>μεταϐαλλομένων</span> <span class='ocrx_word' id='word_1_733' title='bbox 566 2484 751 2520; x_wconf 82' lang='grc' dir='ltr'>ἀλληγορίαις.</span> <span class='ocrx_word' id='word_1_734' title='bbox 772 2483 828 2510; x_wconf 81' lang='grc' dir='ltr'>Καὶ</span> <span class='ocrx_word' id='word_1_735' title='bbox 844 2482 932 2510; x_wconf 77' lang='grc' dir='ltr'>ταῦτα</span> 
     </span>
    </p>
   </div>
   <div class='ocr_carea' id='block_1_98' title="bbox 141 2529 932 2566">
    <p class='ocr_par' dir='ltr' id='par_1_98' title="bbox 141 2529 932 2566">
     <span class='ocr_line' id='line_1_98' title="bbox 141 2529 932 2566; baseline -0.003 -9"><span class='ocrx_word' id='word_1_736' title='bbox 141 2532 224 2562; x_wconf 73' lang='grc' dir='ltr'>οὕτω,</span> <span class='ocrx_word' id='word_1_737' title='bbox 242 2530 280 2561; x_wconf 87' lang='grc' dir='ltr'><strong>ὡς</strong></span> <span class='ocrx_word' id='word_1_738' title='bbox 294 2531 459 2566; x_wconf 83' lang='grc' dir='ltr'>γέγραπται,</span> <span class='ocrx_word' id='word_1_739' title='bbox 477 2529 739 2566; x_wconf 79' lang='grc' dir='ltr'>παραλαμϐάνεσθαι</span> <span class='ocrx_word' id='word_1_740' title='bbox 752 2529 932 2565; x_wconf 86' lang='grc' dir='ltr'>κρατύνοντος</span> 
     </span>
    </p>
   </div>
   <div class='ocr_carea' id='block_1_99' title="bbox 143 2575 933 2612">
    <p class='ocr_par' dir='ltr' id='par_1_99' title="bbox 143 2575 933 2612">
     <span class='ocr_line' id='line_1_99' title="bbox 143 2575 933 2612; baseline -0.001 -9"><span class='ocrx_word' id='word_1_741' title='bbox 143 2577 190 2604; x_wconf 70' lang='grc' dir='ltr'>τοῦ</span> <span class='ocrx_word' id='word_1_742' title='bbox 206 2576 326 2612; x_wconf 73' lang='grc' dir='ltr'>Χριστοῦ</span> <span class='ocrx_word' id='word_1_743' title='bbox 349 2577 398 2611; x_wconf 74' lang='grc' dir='ltr'>τὴν</span> <span class='ocrx_word' id='word_1_744' title='bbox 422 2576 441 2602; x_wconf 85' lang='grc' dir='ltr'><strong><em>Γ</em></strong></span> <span class='ocrx_word' id='word_1_745' title='bbox 444 2575 543 2612; x_wconf 56' lang='lat' dir='ltr'><strong>pag-iw,</strong></span> <span class='ocrx_word' id='word_1_746' title='bbox 562 2575 626 2602; x_wconf 79' lang='grc' dir='ltr'>ἕνοα</span> <span class='ocrx_word' id='word_1_747' title='bbox 649 2575 858 2610; x_wconf 82' lang='grc' dir='ltr'>πυνθανομένοις</span> <span class='ocrx_word' id='word_1_748' title='bbox 876 2576 933 2607; x_wconf 82' lang='grc' dir='ltr'>τοῖς</span> 
     </span>
    </p>
   </div>
   <div class='ocr_carea' id='block_1_100' title="bbox 145 2619 932 2658">
    <p class='ocr_par' dir='ltr' id='par_1_100' title="bbox 145 2619 932 2658">
     <span class='ocr_line' id='line_1_100' title="bbox 145 2619 932 2658; baseline -0.004 -9"><span class='ocrx_word' id='word_1_749' title='bbox 145 2622 302 2658; x_wconf 59' lang='grc' dir='ltr'>Φαρισαίοις</span> <span class='ocrx_word' id='word_1_750' title='bbox 316 2622 380 2657; x_wconf 80' lang='grc' dir='ltr'><strong>περὶ</strong></span> <span class='ocrx_word' id='word_1_751' title='bbox 395 2621 535 2657; x_wconf 80' lang='grc' dir='ltr'>χωρισμοῦ</span> <span class='ocrx_word' id='word_1_752' title='bbox 549 2621 678 2655; x_wconf 81' lang='grc' dir='ltr'>γυναικὸς</span> <span class='ocrx_word' id='word_1_753' title='bbox 692 2620 881 2656; x_wconf 81' lang='grc' dir='ltr'>ἀποκρίνεται.</span> <span class='ocrx_word' id='word_1_754' title='bbox 892 2619 932 2646; x_wconf 80' lang='grc' dir='ltr'>ὅτι</span> 
     </span>
    </p>
   </div>
   <div class='ocr_carea' id='block_1_101' title="bbox 149 2665 932 2703">
    <p class='ocr_par' dir='ltr' id='par_1_101' title="bbox 149 2665 932 2703">
     <span class='ocr_line' id='line_1_101' title="bbox 149 2665 932 2703; baseline -0.006 -7"><span class='ocrx_word' id='word_1_755' title='bbox 149 2669 213 2696; x_wconf 76' lang='grc' dir='ltr'><strong>Ἀπ’</strong></span> <span class='ocrx_word' id='word_1_756' title='bbox 223 2668 320 2703; x_wconf 73' lang='grc' dir='ltr'>ἀρχῆς</span> <span class='ocrx_word' id='word_1_757' title='bbox 331 2669 347 2694; x_wconf 87' lang='grc' dir='ltr'><em>ὁ</em></span> <span class='ocrx_word' id='word_1_758' title='bbox 359 2668 477 2699; x_wconf 79' lang='grc' dir='ltr'>κτίσας,</span> <span class='ocrx_word' id='word_1_759' title='bbox 492 2667 587 2701; x_wconf 78' lang='grc' dir='ltr'>ἄρσεν</span> <span class='ocrx_word' id='word_1_760' title='bbox 595 2666 644 2693; x_wconf 78' lang='grc' dir='ltr'><strong>καὶ</strong></span> <span class='ocrx_word' id='word_1_761' title='bbox 653 2665 731 2699; x_wconf 81' lang='grc' dir='ltr'><strong>θῆλυ</strong></span> <span class='ocrx_word' id='word_1_762' title='bbox 739 2665 874 2699; x_wconf 77' lang='grc' dir='ltr'>ἐποίησε,</span> <span class='ocrx_word' id='word_1_763' title='bbox 883 2665 932 2691; x_wconf 76' lang='grc' dir='ltr'>καὶ</span> 
     </span>
    </p>
   </div>
   <div class='ocr_carea' id='block_1_102' title="bbox 142 2711 932 2747">
    <p class='ocr_par' dir='ltr' id='par_1_102' title="bbox 142 2711 932 2747">
     <span class='ocr_line' id='line_1_102' title="bbox 142 2711 932 2747; baseline -0.005 -6"><span class='ocrx_word' id='word_1_764' title='bbox 142 2713 228 2742; x_wconf 63' lang='grc' dir='ltr'><strong>εἶπεν</strong></span> <span class='ocrx_word' id='word_1_765' title='bbox 237 2722 243 2729; x_wconf 90' lang='grc'>·</span> <span class='ocrx_word' id='word_1_766' title='bbox 259 2715 385 2741; x_wconf 78' lang='grc' dir='ltr'><strong>Ἕνεκεν</strong></span> <span class='ocrx_word' id='word_1_767' title='bbox 398 2714 505 2741; x_wconf 84' lang='grc' dir='ltr'><strong>τούτου</strong></span> <span class='ocrx_word' id='word_1_768' title='bbox 519 2713 694 2747; x_wconf 70' lang='grc' dir='ltr'>καταλείψει</span> <span class='ocrx_word' id='word_1_769' title='bbox 710 2711 864 2746; x_wconf 75' lang='grc' dir='ltr'>ἄνθρωπος</span> <span class='ocrx_word' id='word_1_770' title='bbox 878 2712 932 2738; x_wconf 88' lang='grc' dir='ltr'><strong>τὸν</strong></span> 
     </span>
    </p>
   </div>
   <div class='ocr_carea' id='block_1_103' title="bbox 143 2758 932 2796">
    <p class='ocr_par' dir='ltr' id='par_1_103' title="bbox 143 2758 932 2796">
     <span class='ocr_line' id='line_1_103' title="bbox 143 2758 932 2796; baseline -0.005 -7"><span class='ocrx_word' id='word_1_771' title='bbox 143 2759 257 2796; x_wconf 69' lang='grc' dir='ltr'>πατέρα</span> <span class='ocrx_word' id='word_1_772' title='bbox 271 2760 321 2789; x_wconf 73' lang='grc' dir='ltr'><strong>καὶ</strong></span> <span class='ocrx_word' id='word_1_773' title='bbox 331 2761 389 2795; x_wconf 80' lang='grc' dir='ltr'><strong>τὴν</strong></span> <span class='ocrx_word' id='word_1_774' title='bbox 402 2760 526 2795; x_wconf 81' lang='grc' dir='ltr'>μητέρα,</span> <span class='ocrx_word' id='word_1_775' title='bbox 539 2760 586 2787; x_wconf 80' lang='grc' dir='ltr'>καὶ</span> <span class='ocrx_word' id='word_1_776' title='bbox 599 2759 633 2787; x_wconf 81' lang='grc' dir='ltr'><strong>τὰ</strong></span> <span class='ocrx_word' id='word_1_777' title='bbox 646 2760 719 2796; x_wconf 76' lang='grc' dir='ltr'><strong>ἑξῆς.</strong></span> <span class='ocrx_word' id='word_1_778' title='bbox 739 2759 800 2792; x_wconf 83' lang='grc' dir='ltr'>Πῶς</span> <span class='ocrx_word' id='word_1_779' title='bbox 815 2760 869 2795; x_wconf 79' lang='grc' dir='ltr'>γὰρ</span> <span class='ocrx_word' id='word_1_780' title='bbox 884 2758 932 2785; x_wconf 74' lang='grc' dir='ltr'><strong>ἐπὶ</strong></span> 
     </span>
    </p>
   </div>
   <div class='ocr_carea' id='block_1_104' title="bbox 983 2254 1770 2290">
    <p class='ocr_par' dir='ltr' id='par_1_104' title="bbox 983 2254 1770 2290">
     <span class='ocr_line' id='line_1_104' title="bbox 983 2254 1770 2290; baseline -0.01 -4"><span class='ocrx_word' id='word_1_781' title='bbox 983 2264 1060 2286; x_wconf 73' lang='lat' dir='ltr'><strong>erunt</strong></span> <span class='ocrx_word' id='word_1_782' title='bbox 1079 2258 1131 2285; x_wconf 84' lang='lat' dir='ltr'><strong>duo</strong></span> <span class='ocrx_word' id='word_1_783' title='bbox 1156 2258 1184 2285; x_wconf 79' lang='lat' dir='ltr'><strong>in</strong></span> <span class='ocrx_word' id='word_1_784' title='bbox 1205 2265 1310 2284; x_wconf 84' lang='lat' dir='ltr'><strong>carnem</strong></span> <span class='ocrx_word' id='word_1_785' title='bbox 1334 2264 1414 2282; x_wconf 84' lang='lat' dir='ltr'><strong>unam</strong></span> <span class='ocrx_word' id='word_1_786' title='bbox 1432 2256 1453 2282; x_wconf 84' lang='grc'><strong>⁸.</strong></span> <span class='ocrx_word' id='word_1_787' title='bbox 1478 2254 1571 2290; x_wconf 84' lang='lat' dir='ltr'><strong>Neque</strong></span> <span class='ocrx_word' id='word_1_788' title='bbox 1595 2255 1666 2280; x_wconf 87' lang='lat' dir='ltr'><strong>enim</strong></span> <span class='ocrx_word' id='word_1_789' title='bbox 1681 2258 1770 2280; x_wconf 69' lang='lat' dir='ltr'><strong>certos</strong></span> 
     </span>
    </p>
   </div>
   <div class='ocr_carea' id='block_1_105' title="bbox 987 2301 1771 2338">
    <p class='ocr_par' dir='ltr' id='par_1_105' title="bbox 987 2301 1771 2338">
     <span class='ocr_line' id='line_1_105' title="bbox 987 2301 1771 2338; baseline -0.006 -8"><span class='ocrx_word' id='word_1_790' title='bbox 987 2303 1111 2331; x_wconf 87' lang='lat' dir='ltr'><strong>homines</strong></span> <span class='ocrx_word' id='word_1_791' title='bbox 1133 2303 1205 2331; x_wconf 81' lang='lat' dir='ltr'><strong>ferre</strong></span> <span class='ocrx_word' id='word_1_792' title='bbox 1218 2310 1342 2338; x_wconf 82' lang='lat' dir='ltr'><strong>possum,</strong></span> <span class='ocrx_word' id='word_1_793' title='bbox 1366 2301 1414 2336; x_wconf 91' lang='lat' dir='ltr'><strong>qui</strong></span> <span class='ocrx_word' id='word_1_794' title='bbox 1431 2301 1557 2328; x_wconf 81' lang='lat' dir='ltr'><strong>consulto</strong></span> <span class='ocrx_word' id='word_1_795' title='bbox 1575 2303 1713 2334; x_wconf 76' lang='lat' dir='ltr'><strong>nugantur</strong></span> <span class='ocrx_word' id='word_1_796' title='bbox 1738 2306 1771 2326; x_wconf 88' lang='lat' dir='ltr'><strong>ac</strong></span> 
     </span>
    </p>
   </div>
   <div class='ocr_carea' id='block_1_106' title="bbox 982 2346 1761 2383">
    <p class='ocr_par' dir='ltr' id='par_1_106' title="bbox 982 2346 1761 2383">
     <span class='ocr_line' id='line_1_106' title="bbox 982 2346 1761 2383; baseline -0.006 -8"><span class='ocrx_word' id='word_1_797' title='bbox 982 2348 1136 2383; x_wconf 86' lang='lat' dir='ltr'><strong>Scripturas</strong></span> <span class='ocrx_word' id='word_1_798' title='bbox 1161 2347 1396 2383; x_wconf 86' lang='lat' dir='ltr'><strong>impudentissime</strong></span> <span class='ocrx_word' id='word_1_799' title='bbox 1416 2346 1590 2380; x_wconf 86' lang='lat' dir='ltr'><strong>detorquent,</strong></span> <span class='ocrx_word' id='word_1_800' title='bbox 1611 2352 1666 2380; x_wconf 89' lang='lat' dir='ltr'><strong>quo</strong></span> <span class='ocrx_word' id='word_1_801' title='bbox 1681 2351 1761 2371; x_wconf 88' lang='lat' dir='ltr'><strong>suum</strong></span> 
     </span>
    </p>
   </div>
   <div class='ocr_carea' id='block_1_107' title="bbox 977 2390 1768 2426">
    <p class='ocr_par' dir='ltr' id='par_1_107' title="bbox 977 2390 1768 2426">
     <span class='ocr_line' id='line_1_107' title="bbox 977 2390 1768 2426; baseline -0.008 -5"><span class='ocrx_word' id='word_1_802' title='bbox 977 2394 1048 2422; x_wconf 75' lang='lat' dir='ltr'><strong>illud</strong></span> <span class='ocrx_word' id='word_1_803' title='bbox 1073 2394 1107 2421; x_wconf 86' lang='lat' dir='ltr'><strong>de</strong></span> <span class='ocrx_word' id='word_1_804' title='bbox 1135 2393 1252 2421; x_wconf 87' lang='lat' dir='ltr'><strong>tollenda</strong></span> <span class='ocrx_word' id='word_1_805' title='bbox 1277 2392 1478 2420; x_wconf 76' lang='lat' dir='ltr'><strong>resurrectione</strong></span> <span class='ocrx_word' id='word_1_806' title='bbox 1494 2392 1593 2426; x_wconf 66' lang='lat' dir='ltr'><strong>dogma</strong></span> <span class='ocrx_word' id='word_1_807' title='bbox 1619 2390 1768 2426; x_wconf 81' lang='lat' dir='ltr'><strong>procedat;</strong></span> 
     </span>
    </p>
   </div>
   <div class='ocr_carea' id='block_1_108' title="bbox 980 2436 1768 2474">
    <p class='ocr_par' dir='ltr' id='par_1_108' title="bbox 980 2436 1768 2474">
     <span class='ocr_line' id='line_1_108' title="bbox 980 2436 1768 2474; baseline -0.005 -8"><span class='ocrx_word' id='word_1_808' title='bbox 980 2439 1025 2474; x_wconf 91' lang='lat' dir='ltr'><strong>qui</strong></span> <span class='ocrx_word' id='word_1_809' title='bbox 1049 2439 1110 2466; x_wconf 88' lang='lat' dir='ltr'><strong>ideo</strong></span> <span class='ocrx_word' id='word_1_810' title='bbox 1127 2443 1154 2466; x_wconf 89' lang='lat' dir='ltr'><strong>ct</strong></span> <span class='ocrx_word' id='word_1_811' title='bbox 1179 2447 1243 2466; x_wconf 87' lang='lat' dir='ltr'><strong>ossa</strong></span> <span class='ocrx_word' id='word_1_812' title='bbox 1263 2437 1386 2474; x_wconf 62' lang='lat' dir='ltr'><strong>quaedam</strong></span> <span class='ocrx_word' id='word_1_813' title='bbox 1410 2436 1601 2472; x_wconf 78' lang='lat' dir='ltr'><strong>intelligibilia,</strong></span> <span class='ocrx_word' id='word_1_814' title='bbox 1620 2440 1647 2463; x_wconf 89' lang='lat' dir='ltr'><strong>et</strong></span> <span class='ocrx_word' id='word_1_815' title='bbox 1669 2442 1768 2462; x_wconf 88' lang='lat' dir='ltr'><strong>carnes</strong></span> 
     </span>
    </p>
   </div>
   <div class='ocr_carea' id='block_1_109' title="bbox 982 2481 1770 2520">
    <p class='ocr_par' dir='ltr' id='par_1_109' title="bbox 982 2481 1770 2520">
     <span class='ocr_line' id='line_1_109' title="bbox 982 2481 1770 2520; baseline -0.005 -8"><span class='ocrx_word' id='word_1_816' title='bbox 982 2485 1107 2513; x_wconf 83' lang='lat' dir='ltr'><strong>similiter</strong></span> <span class='ocrx_word' id='word_1_817' title='bbox 1128 2485 1313 2520; x_wconf 79' lang='lat' dir='ltr'><strong>intelligibiles</strong></span> <span class='ocrx_word' id='word_1_818' title='bbox 1336 2483 1484 2511; x_wconf 85' lang='lat' dir='ltr'><strong>commenti</strong></span> <span class='ocrx_word' id='word_1_819' title='bbox 1506 2488 1581 2514; x_wconf 86' lang='lat' dir='ltr'><strong>sunt,</strong></span> <span class='ocrx_word' id='word_1_820' title='bbox 1603 2489 1634 2509; x_wconf 88' lang='lat' dir='ltr'><strong>ac</strong></span> <span class='ocrx_word' id='word_1_821' title='bbox 1650 2481 1707 2509; x_wconf 89' lang='lat' dir='ltr'><strong>suis</strong></span> <span class='ocrx_word' id='word_1_822' title='bbox 1729 2481 1770 2508; x_wconf 87' lang='lat' dir='ltr'><strong>al-</strong></span> 
     </span>
    </p>
   </div>
   <div class='ocr_carea' id='block_1_110' title="bbox 981 2530 1767 2567">
    <p class='ocr_par' dir='ltr' id='par_1_110' title="bbox 981 2530 1767 2567">
     <span class='ocr_line' id='line_1_110' title="bbox 981 2530 1767 2567; baseline -0.008 -8"><span class='ocrx_word' id='word_1_823' title='bbox 981 2531 1091 2567; x_wconf 77' lang='lat' dir='ltr'><strong>legoriis</strong></span> <span class='ocrx_word' id='word_1_824' title='bbox 1108 2532 1176 2559; x_wconf 83' lang='lat' dir='ltr'><strong>alias</strong></span> <span class='ocrx_word' id='word_1_825' title='bbox 1197 2531 1276 2559; x_wconf 86' lang='lat' dir='ltr'><strong>aliter</strong></span> <span class='ocrx_word' id='word_1_826' title='bbox 1299 2538 1409 2558; x_wconf 87' lang='lat' dir='ltr'><strong>sursum</strong></span> <span class='ocrx_word' id='word_1_827' title='bbox 1425 2530 1609 2563; x_wconf 87' lang='lat' dir='ltr'><strong>deorsumque</strong></span> <span class='ocrx_word' id='word_1_828' title='bbox 1628 2535 1688 2555; x_wconf 71' lang='lat' dir='ltr'><strong>sese</strong></span> <span class='ocrx_word' id='word_1_829' title='bbox 1703 2534 1767 2554; x_wconf 77' lang='grc' dir='ltr'>ωη-</span> 
     </span>
    </p>
   </div>
   <div class='ocr_carea' id='block_1_111' title="bbox 981 2571 1767 2612">
    <p class='ocr_par' dir='ltr' id='par_1_111' title="bbox 981 2571 1767 2612">
     <span class='ocr_line' id='line_1_111' title="bbox 981 2571 1767 2612; baseline -0.009 -8"><span class='ocrx_word' id='word_1_830' title='bbox 981 2582 1100 2604; x_wconf 83' lang='lat' dir='ltr'><strong>vertunt.</strong></span> <span class='ocrx_word' id='word_1_831' title='bbox 1117 2576 1198 2612; x_wconf 81' lang='lat' dir='ltr'><strong>Atqui</strong></span> <span class='ocrx_word' id='word_1_832' title='bbox 1213 2577 1270 2604; x_wconf 72' lang='lat' dir='ltr'><strong>hazc</strong></span> <span class='ocrx_word' id='word_1_833' title='bbox 1293 2575 1405 2611; x_wconf 87' lang='lat' dir='ltr'><strong>perinde</strong></span> <span class='ocrx_word' id='word_1_834' title='bbox 1428 2582 1460 2602; x_wconf 82' lang='lat' dir='ltr'><strong>ac</strong></span> <span class='ocrx_word' id='word_1_835' title='bbox 1483 2574 1585 2609; x_wconf 85' lang='lat' dir='ltr'><strong>scripta</strong></span> <span class='ocrx_word' id='word_1_836' title='bbox 1605 2576 1679 2603; x_wconf 90' lang='lat' dir='ltr'><strong>sunt,</strong></span> <span class='ocrx_word' id='word_1_837' title='bbox 1695 2571 1767 2599; x_wconf 85' lang='lat' dir='ltr'><strong>acci-</strong></span> 
     </span>
    </p>
   </div>
   <div class='ocr_carea' id='block_1_112' title="bbox 982 2617 1764 2658">
    <p class='ocr_par' dir='ltr' id='par_1_112' title="bbox 982 2617 1764 2658">
     <span class='ocr_line' id='line_1_112' title="bbox 982 2617 1764 2658; baseline -0.008 -8"><span class='ocrx_word' id='word_1_838' title='bbox 982 2623 1078 2658; x_wconf 89' lang='lat' dir='ltr'><strong>pienda</strong></span> <span class='ocrx_word' id='word_1_839' title='bbox 1096 2631 1158 2651; x_wconf 87' lang='lat' dir='ltr'><strong>csse</strong></span> <span class='ocrx_word' id='word_1_840' title='bbox 1179 2622 1282 2650; x_wconf 84' lang='lat' dir='ltr'><strong>Christi</strong></span> <span class='ocrx_word' id='word_1_841' title='bbox 1307 2622 1453 2650; x_wconf 83' lang='lat' dir='ltr'><strong>conﬁrmat</strong></span> <span class='ocrx_word' id='word_1_842' title='bbox 1473 2620 1634 2650; x_wconf 85' lang='lat' dir='ltr'><strong>auctoritas,</strong></span> <span class='ocrx_word' id='word_1_843' title='bbox 1655 2617 1700 2645; x_wconf 84' lang='lat' dir='ltr'><strong>ubi</strong></span> <span class='ocrx_word' id='word_1_844' title='bbox 1727 2617 1764 2644; x_wconf 89' lang='lat' dir='ltr'><strong>in-</strong></span> 
     </span>
    </p>
   </div>
   <div class='ocr_carea' id='block_1_113' title="bbox 981 2665 1766 2704">
    <p class='ocr_par' dir='ltr' id='par_1_113' title="bbox 981 2665 1766 2704">
     <span class='ocr_line' id='line_1_113' title="bbox 981 2665 1766 2704; baseline -0.005 -9"><span class='ocrx_word' id='word_1_845' title='bbox 981 2669 1183 2704; x_wconf 76' lang='lat' dir='ltr'><strong>terrogantibus</strong></span> <span class='ocrx_word' id='word_1_846' title='bbox 1200 2668 1346 2696; x_wconf 75' lang='lat' dir='ltr'><strong>Pbariszeis</strong></span> <span class='ocrx_word' id='word_1_847' title='bbox 1360 2667 1394 2696; x_wconf 88' lang='lat' dir='ltr'><strong>de</strong></span> <span class='ocrx_word' id='word_1_848' title='bbox 1409 2667 1504 2695; x_wconf 76' lang='lat' dir='ltr'><strong>uxoris</strong></span> <span class='ocrx_word' id='word_1_849' title='bbox 1514 2665 1642 2696; x_wconf 83' lang='lat' dir='ltr'><strong>divortio,</strong></span> <span class='ocrx_word' id='word_1_850' title='bbox 1653 2671 1766 2698; x_wconf 84' lang='lat' dir='ltr'><strong>respon-</strong></span> 
     </span>
    </p>
   </div>
   <div class='ocr_carea' id='block_1_114' title="bbox 980 2710 1767 2750">
    <p class='ocr_par' dir='ltr' id='par_1_114' title="bbox 980 2710 1767 2750">
     <span class='ocr_line' id='line_1_114' title="bbox 980 2710 1767 2750; baseline -0.009 -8"><span class='ocrx_word' id='word_1_851' title='bbox 980 2714 1027 2742; x_wconf 88' lang='lat' dir='ltr'><strong>det</strong></span> <span class='ocrx_word' id='word_1_852' title='bbox 1043 2715 1052 2731; x_wconf 94' lang='grc'><strong>⁷</strong></span> <span class='ocrx_word' id='word_1_853' title='bbox 1069 2724 1076 2742; x_wconf 87' lang='lat'><strong>:</strong></span> <span class='ocrx_word' id='word_1_854' title='bbox 1093 2715 1132 2742; x_wconf 85' lang='lat' dir='ltr'><strong>Ab</strong></span> <span class='ocrx_word' id='word_1_855' title='bbox 1151 2716 1229 2742; x_wconf 80' lang='lat' dir='ltr'><strong>initio</strong></span> <span class='ocrx_word' id='word_1_856' title='bbox 1247 2716 1292 2750; x_wconf 83' lang='lat' dir='ltr'><strong>qui</strong></span> <span class='ocrx_word' id='word_1_857' title='bbox 1312 2715 1410 2742; x_wconf 74' lang='lat' dir='ltr'><strong>creavit</strong></span> <span class='ocrx_word' id='word_1_858' title='bbox 1431 2713 1579 2741; x_wconf 73' lang='lat' dir='ltr'><strong>masculum</strong></span> <span class='ocrx_word' id='word_1_859' title='bbox 1593 2716 1617 2738; x_wconf 73' lang='lat' dir='ltr'><strong>et</strong></span> <span class='ocrx_word' id='word_1_860' title='bbox 1641 2710 1767 2745; x_wconf 76' lang='lat' dir='ltr'><strong>feminam</strong></span> 
     </span>
    </p>
   </div>
   <div class='ocr_carea' id='block_1_115' title="bbox 981 2758 1768 2794">
    <p class='ocr_par' dir='ltr' id='par_1_115' title="bbox 981 2758 1768 2794">
     <span class='ocr_line' id='line_1_115' title="bbox 981 2758 1768 2794; baseline -0.008 -7"><span class='ocrx_word' id='word_1_861' title='bbox 981 2759 1057 2794; x_wconf 79' lang='lat' dir='ltr'><strong>fecit,</strong></span> <span class='ocrx_word' id='word_1_862' title='bbox 1080 2765 1105 2788; x_wconf 73' lang='lat' dir='ltr'><strong>et</strong></span> <span class='ocrx_word' id='word_1_863' title='bbox 1122 2760 1190 2787; x_wconf 71' lang='lat' dir='ltr'><strong>dixit</strong></span> <span class='ocrx_word' id='word_1_864' title='bbox 1203 2769 1212 2787; x_wconf 86' lang='lat'><strong><em>:</em></strong></span> <span class='ocrx_word' id='word_1_865' title='bbox 1231 2760 1341 2794; x_wconf 81' lang='lat' dir='ltr'><strong>Propter</strong></span> <span class='ocrx_word' id='word_1_866' title='bbox 1358 2760 1405 2787; x_wconf 82' lang='lat' dir='ltr'><strong>hoc</strong></span> <span class='ocrx_word' id='word_1_867' title='bbox 1425 2760 1551 2793; x_wconf 81' lang='lat' dir='ltr'><strong>relinquet</strong></span> <span class='ocrx_word' id='word_1_868' title='bbox 1568 2758 1645 2784; x_wconf 86' lang='lat' dir='ltr'><strong>homo</strong></span> <span class='ocrx_word' id='word_1_869' title='bbox 1667 2760 1768 2790; x_wconf 73' lang='lat' dir='ltr'><strong>patrem</strong></span> 
     </span>
    </p>
   </div>
   <div class='ocr_carea' id='block_1_116' title="bbox 174 2815 928 2854">
    <p class='ocr_par' dir='ltr' id='par_1_116' title="bbox 174 2817 928 2854">
     <span class='ocr_line' id='line_1_116' title="bbox 174 2817 928 2854; baseline -0.001 -8"><span class='ocrx_word' id='word_1_870' title='bbox 174 2819 182 2835; x_wconf 87' lang='lat'>&#39;</span> <span class='ocrx_word' id='word_1_871' title='bbox 192 2820 344 2854; x_wconf 79' lang='lat' dir='ltr'><strong>Corruptus</strong></span> <span class='ocrx_word' id='word_1_872' title='bbox 360 2818 404 2845; x_wconf 89' lang='lat' dir='ltr'><strong>hic</strong></span> <span class='ocrx_word' id='word_1_873' title='bbox 418 2818 510 2854; x_wconf 47' lang='lat' dir='ltr'><strong>locus.</strong></span> <span class='ocrx_word' id='word_1_874' title='bbox 542 2819 554 2833; x_wconf 78' lang='lat'><strong><em>‘</em></strong></span> <span class='ocrx_word' id='word_1_875' title='bbox 566 2818 629 2846; x_wconf 87' lang='lat' dir='ltr'><strong>Cor.</strong></span> <span class='ocrx_word' id='word_1_876' title='bbox 644 2818 821 2854; x_wconf 79' lang='grc' dir='ltr'>προχωρήσῃ.</span> <span class='ocrx_word' id='word_1_877' title='bbox 854 2817 864 2833; x_wconf 93' lang='grc'>³</span> <span class='ocrx_word' id='word_1_878' title='bbox 877 2817 928 2845; x_wconf 84' lang='lat' dir='ltr'><strong>Ger</strong></span> 
     </span>
    </p>
   </div>
   <div class='ocr_carea' id='block_1_117' title="bbox 979 2815 1757 2854">
    <p class='ocr_par' dir='ltr' id='par_1_117' title="bbox 979 2815 1757 2853">
     <span class='ocr_line' id='line_1_117' title="bbox 979 2815 1757 2853; baseline -0.005 -7"><span class='ocrx_word' id='word_1_879' title='bbox 979 2836 987 2850; x_wconf 78' lang='lat'><strong><em>.</em></strong></span> <span class='ocrx_word' id='word_1_880' title='bbox 1002 2818 1045 2853; x_wconf 82' lang='lat' dir='ltr'><strong>I6,</strong></span> <span class='ocrx_word' id='word_1_881' title='bbox 1061 2819 1101 2847; x_wconf 92' lang='lat' dir='ltr'><strong>I&#39;l.</strong></span> <span class='ocrx_word' id='word_1_882' title='bbox 1139 2819 1150 2836; x_wconf 70' lang='grc' dir='ltr'>δ</span> <span class='ocrx_word' id='word_1_883' title='bbox 1166 2818 1238 2847; x_wconf 82' lang='lat' dir='ltr'><strong>Psal.</strong></span> <span class='ocrx_word' id='word_1_884' title='bbox 1256 2827 1305 2851; x_wconf 82' lang='lat' dir='ltr'><strong>vn,</strong></span> <span class='ocrx_word' id='word_1_885' title='bbox 1321 2819 1364 2847; x_wconf 83' lang='lat' dir='ltr'><strong>I5.</strong></span> <span class='ocrx_word' id='word_1_886' title='bbox 1397 2818 1486 2846; x_wconf 85' lang='lat' dir='ltr'><strong>&#39;Gen.</strong></span> <span class='ocrx_word' id='word_1_887' title='bbox 1501 2825 1541 2850; x_wconf 82' lang='lat' dir='ltr'><strong>In.</strong></span> <span class='ocrx_word' id='word_1_888' title='bbox 1552 2816 1597 2844; x_wconf 68' lang='lat' dir='ltr'><strong>2i.</strong></span> <span class='ocrx_word' id='word_1_889' title='bbox 1628 2815 1639 2832; x_wconf 82' lang='lat'><strong>‘</strong></span> <span class='ocrx_word' id='word_1_890' title='bbox 1653 2815 1722 2843; x_wconf 85' lang='lat' dir='ltr'><strong>Gen.</strong></span> <span class='ocrx_word' id='word_1_891' title='bbox 1738 2822 1757 2842; x_wconf 85' lang='lat' dir='ltr'><strong>tt</strong></span> 
     </span>
    </p>
   </div>
   <div class='ocr_carea' id='block_1_118' title="bbox 143 2852 525 2886">
    <p class='ocr_par' dir='ltr' id='par_1_118' title="bbox 143 2852 525 2886">
     <span class='ocr_line' id='line_1_118' title="bbox 143 2852 525 2886; baseline -0.005 -4"><span class='ocrx_word' id='word_1_892' title='bbox 143 2852 187 2886; x_wconf 70' lang='grc'><strong>95,</strong></span> <span class='ocrx_word' id='word_1_893' title='bbox 202 2854 246 2882; x_wconf 65' lang='grc'><strong>24.</strong></span> <span class='ocrx_word' id='word_1_894' title='bbox 283 2852 295 2870; x_wconf 54' lang='grc' dir='ltr'><strong><em>Ὗ</em></strong></span> <span class='ocrx_word' id='word_1_895' title='bbox 313 2853 406 2882; x_wconf 76' lang='lat' dir='ltr'><strong>Matth.</strong></span> <span class='ocrx_word' id='word_1_896' title='bbox 425 2861 482 2886; x_wconf 72' lang='lat' dir='ltr'><strong>xix,</strong></span> <span class='ocrx_word' id='word_1_897' title='bbox 498 2853 525 2881; x_wconf 70' lang='grc'><strong>4.</strong></span> 
     </span>
    </p>
   </div>
  </div>
