1958 3050
143 103 210 131 1107

831 102 862 131 S.
881 102 1051 132 ΕΡΙΡΗΑΝΙΙ

1706 99 1776 127 H08

142 164 166 188 et
185 162 308 191 rn'ntrem,
334 163 387 187 etc.
404 160 513 196 Alioqui
538 161 676 196 quomodo
698 162 732 190 de
752 162 851 191 animis
866 163 933 191 solis

992 164 1080 200 ξιυχῶν
1098 163 1178 199 μόνον
1199 162 1241 194 τὸ,
1260 161 1445 194 Αῠξάνεσθε.
1462 159 1512 187 καὶ
1525 159 1705 193 πληρώσατε
1718 158 1777 192 τὴν·

143 204 256 240 mtelligi
277 204 351 232 istud
372 209 463 240 potest
478 214 485 232 :
502 205 617 233 Crescite
632 212 656 234 et
671 207 766 242 replete
793 212 891 234 terram
905 209 934 236 ‘?

143 251 207 278 ltem
223 250 289 278 illud
307 259 314 277 :
332 251 437 285 Accepit
453 250 525 278 Deus
540 251 572 279 de
589 253 651 280 timo
667 259 754 286 terrw,
769 259 794 281 et
809 254 932 289 formavit

143 298 273 325 hominem
289 298 318 332 ¹;
334 297 408 333 quod
431 297 465 326 de
486 306 602 334 corpore
619 300 728 335 proprie
743 301 845 328 dictum
861 301 934 329 vide-

143 347 198 370 tur.
221 343 315 379 Neque
334 344 408 372 enim
430 344 464 372 de
482 345 558 377 limo,
582 345 669 380 deque
686 347 858 381 gravioribus
880 347 934 375 illis

144 390 335 425 concretisque
350 390 434 418 rebus
446 398 524 418 suam
542 391 632 419 anima
648 396 774 419 naturam
787 393 932 428 expressit.

145 435 183 462 Ex
198 443 254 470 quo
270 436 424 464 certissime
438 437 504 463 illud
516 436 642 468 ellicitur.
654 442 718 466 ante
732 438 862 474 pelliceas
874 439 936 466 illas

145 482 252 509 tunicas
273 489 389 517 corpore
413 482 558 517 praeditum
580 483 718 510 hominem
746 483 842 511 fuisse.
872 483 935 511 ch

145 528 216 556 enim
231 528 323 556 omnia
340 532 403 556 ante
416 528 535 557 hominis
559 529 664 564 lapsum
680 527 860 564 'pronuntiata
874 538 936 558 esse

145 578 272 609 constat;
293 578 393 601 cmtera
415 582 480 602 vero
493 574 527 602 de
554 575 655 603 tunicis
677 575 788 603 nonnisi
811 579 872 610 post
893 576 934 603 la-

146 628 237 656 psum.

180 665 363 700 Quamobrem
380 666 581 695 consideranda
596 667 675 695 nobis
685 675 767 703 porro
783 671 856 700 sunt,
876 676 937 703 qua:

146 712 175 740 in
201 712 329 740 manibus
353 712 497 746 habemus,
521 721 582 740 cum
605 712 674 740 illud
693 714 801 741 abunde
823 714 937 742 demon-

146 758 337 790 straverimus.
364 762 485 786 scorteas
513 759 573 786 illas
601 759 710 787 tunicas
740 766 856 794 corpora
881 767 936 786 non

147 805 244 836 fuisse.
261 804 309 832 scd
331 804 404 831 illam
421 812 437 831 a
458 804 573 836 ratione,
592 804 666 832 velut
687 804 846 832 animalium
864 812 937 832 mor-

147 854 214 882 tem,
230 853 297 878 tunc
321 851 453 886 temporis
474 850 621 886 perfectam
639 860 645 878 :
665 850 717 878 hoc
736 851 809 878 enim
827 851 936 878 domum

148 899 283 931 superest.
307 895 442 929 Quocirca
472 899 550 923 extra
576 895 697 930 paradisi
725 897 875 928 terminos,
902 896 938 924 ob

147 949 207 969 eam
227 949 339 969 causam
364 941 483 976 ejicitur.
509 941 569 969 Non
594 941 667 969 enim
689 942 762 977 quod
785 949 818 969 ex
840 942 938 969 arbore

147 989 211 1016 vitae
231 996 312 1023 poma
336 988 482 1023 decerpere
505 996 538 1016 ac
559 988 702 1016 comedere
726 988 822 1020 nollet,
853 988 939 1016 homi-

147 1042 210 1062 nem
225 1033 298 1062 Deus
314 1034 375 1062 ideo
389 1034 542 1062 deturbavit
565 1034 690 1070 (poterat
703 1035 802 1070 quippe
824 1034 852 1062 in
867 1043 938 1062 sem-

147 1081 285 1116 piternum
300 1080 400 1113 vivere,
419 1088 481 1108 cum
497 1081 612 1108 subinde
628 1088 661 1108 ex
676 1081 751 1108 vitali
773 1081 819 1108 illa
840 1081 939 1108 arbore

147 1124 334 1161 comedisset),
348 1126 396 1153 sed
411 1133 445 1154 ne
459 1126 623 1158 immortale,
639 1126 678 1153 uti
692 1125 821 1159 diximus.
838 1127 938 1154 malum

148 1175 232 1203 esset,
248 1170 300 1198 sibi
317 1170 472 1198 cavendum
496 1171 609 1205 putavit.
627 1170 735 1206 Alioqui
754 1171 819 1206 quid
841 1171 939 1198 attine-

148 1216 195 1243 bat
215 1215 355 1244 Christum
373 1216 454 1252 547
480 1217 508 1244 in
532 1221 620 1244 terras
642 1225 657 1244 e
680 1217 750 1244 caelo
772 1217 890 1251 mittere,
915 1217 956 1245 si'

149 1261 261 1289 omnino
281 1261 355 1289 nulla
371 1262 433 1289 vita:
448 1267 524 1297 parte
545 1267 654 1297 gustata
675 1262 812 1290 hominem
830 1263 940 1298 penitus

149 1307 230 1335 vellet
243 1307 399 1342 exstingui?
412 1307 490 1340 Quod
508 1308 530 1335 si
542 1308 674 1335 nonnulla
687 1308 770 1335 veluti
780 1308 939 1343 pwnitentia

149 1352 262 1380 ductum
293 1353 367 1381 istud
395 1353 485 1389 egisse
508 1352 593 1381 Deum
618 1353 792 1382 adversarius
817 1354 938 1389 objieiat,

150 1399 286 1428 imbecilla
300 1407 332 1428 ea
347 1399 419 1427 ratio
435 1403 488 1431 est,
503 1407 564 1435 qua:
577 1400 686 1428 consilii
707 1401 734 1428 in
750 1400 835 1428 Deum
851 1405 940 1428 muta-

150 1446 253 1481 tionem
267 1446 382 1474 invehit.
396 1445 450 1474 Sed
462 1454 551 1482 neque
566 1447 678 1482 ignarus
694 1446 778 1474 futuri
794 1447 866 1475 Deus
886 1453 940 1480 est,

151 1500 202 1520 nec
219 1492 332 1520 ellector
355 1493 436 1526 mali;
453 1493 500 1521 sed
514 1497 541 1521 et
566 1493 655 1521 bonus
676 1493 703 1520 in
725 1493 822 1528 primis
842 1499 893 1526 est,
914 1499 941 1522 et

150 1539 306 1566 futurorum
320 1539 465 1574 praescius.
490 1538 581 1572 Quare
604 1546 660 1566 non
682 1538 742 1567 ideo
756 1539 871 1580 ejecis'se
888 1548 939 1575 pu-

151 1585 251 1612 tandus
267 1589 309 1612 est
326 1592 370 1617 ne,
386 1586 410 1612 si
424 1593 457 1613 ex
471 1585 580 1613 arboris
595 1586 655 1613 vita:
670 1585 759 1612 fructu
774 1586 939 1620 comedet-et,

151 1632 180 1660 in
193 1636 326 1660 aeternum
345 1631 497 1661 servandus
512 1631 601 1665 foret;
617 1632 664 1660 sed
678 1637 708 1659 ut
728 1636 869 1667 peccatum
885 1633 941 1668 pri-

984 210 1053 246 γῆν,
1072 209 1281 246 παραληπτέον;
1301 208 1318 244 ἢ
1342 208 1383 239 τὸ,
1408 207 1519 234 Ἐλαόε
1539 205 1616 240 χοῦν
1637 204 1697 232 ἀπὸ
1721 203 1775 237 τῆς

984 257 1040 292 γῆς
1055 258 1072 284 ὁ
1085 256 1168 289 Θεὸς,
1186 255 1234 282 καὶ
1251 255 1369 281 ἔπλασε
1382 253 1437 280 τὸν
1457 253 1629 287 ἄνθρωπον·
1645 252 1659 278 ὂ
1673 251 1778 287 κυρίοις

983 303 1031 329 ἐπὶ
1053 302 1102 329 τοῦ
1127 301 1254 337 σώματος
1275 299 1401 335 λελέχθαι
1428 299 1562 334 φαίνεται.
1581 299 1618 325 Οὐ
1644 297 1698 333 γὰρ
1721 297 1776 324 ἀπὸ

984 349 1032 376 τοῦ
1051 349 1112 384 χοὸς
1132 348 1179 375 καὶ
1200 347 1254 374 τῶν
1279 346 1439 382 βαρυτέρων
1461 345 1515 380 τὴν
1532 345 1626 372 οὐσίαν
1643 345 1777 379 ἐκτήσατο

985 397 1001 431 ἡ
1021 395 1104 430 ψυχή.
1130 394 1213 420 Ὥστε
1238 392 1405 428 συνέστηκεν
1428 392 1461 418 ὲκ
1483 390 1584 422 παντὸς
1603 390 1776 425 ἀληθέστατα

985 440 1039 475 πρὸ
1053 440 1105 466 τῶν
1120 438 1291 475 δερματίνων
1308 436 1581 474 σεσωματοποιῆσθαι
1596 435 1715 471 χιτώνων
1728 435 1778 462 τὸν

985 486 1138 521 ἄνθρωπον.
1149 485 1244 512 Ταῦτα
1261 484 1316 520 γὰρ
1335 484 1388 519 πρὸ
1403 482 1449 510 τοῦ
1463 483 1588 509 ἐκπεσεῖν
1596 481 1676 508 αὑτὸν
1687 480 1776 508 ἃπαν-

985 541 1020 560 τα
1036 533 1160 568 εῐρηται”
1176 531 1212 558 τὰ
1229 531 1258 558 δὲ
1273 530 1343 558 κατὰ
1359 530 1422 562 τοὺς
1436 529 1552 565 χιτῶνας
1567 528 1635 564 μετά
1649 527 1680 554 τὸ
1692 528 1776 553 ἐκπε-

988 580 1054 606 σεῖν.

1024 667 1107 694 Ὅθεν
1131 667 1217 702 ἴωμεν
1238 665 1320 692 πάλιν
1341 664 1551 700 ἐπισκεψόμενοι
1567 663 1602 690 τὰ
1623 663 1652 689 ἐν
1671 662 1775 698 χερσὶν,

989 713 1091 746 ἱκανῶς
1111 712 1304 745 ἀποδείξαντες
1322 712 1358 748 μὴ
1378 709 1446 738 εἶναι
1462 712 1525 743 τοὺς
1539 710 1718 747 δερματίνους
1732 718 1776 744 χι-

988 759 1077 792 τῶνας
1087 759 1123 785 τὰ
1137 758 1262 793 σώματα,
1275 758 1343 785 ἀλλὰ
1358 758 1408 794 τὴν
1419 757 1472 785 ἀπὸ
1483 757 1530 784 τοῦ
1542 756 1621 791 λόγου
1632 756 1687 782 τῶν
1700 755 1778 788 ξὼων

989 806 1141 841 νεκρότητα
1166 804 1438 840 κατεσκευασμένην*
1459 803 1539 830 τοῦτο
1565 803 1620 838 γὰρ
1642 802 1776 829 λείπεται.

952 843 974 871 Β
995 852 1103 888 Ἀμέλει
1118 851 1172 878 τῶν
1189 852 1260 887 ὅρων
1275 851 1327 883 ἔξω
1345 850 1391 878 τοῦ
1410 850 1575 886 παραδείσου
1591 849 1661 876 κατὰ
1675 848 1778 884 ταύτην

989 897 1152 930 ἐξοικίζεται
1167 897 1217 933 τὴν
1230 897 1329 924 αἰτίαν.
1345 897 1382 924 Οὐ
1397 896 1451 932 γὰρ
1467 897 1508 923 ὅτι
1528 895 1565 932 μὴ
1584 896 1669 923 θέλων
1682 897 1696 922 ὁ
1710 895 1779 927 θεὸς

989 944 1043 970 ἀπὸ
1057 943 1104 970 τοῦ
1122 943 1200 976 ξύλου
1221 942 1372 978 δρέψασθαι
1391 943 1440 978 τῆς
1460 942 1533 976 ζωῆς
1550 941 1641 972 αὑτὸν,
1663 941 1710 968 καὶ
1727 950 1780 975 φα-

989 990 1057 1024 γεῖν,
1069 989 1196 1023 ἐξέϐαλεν
1211 988 1342 1024 (ἠδύνατο
1356 988 1410 1024 γὰρ
1420 989 1460 1020 εἰς
1471 988 1517 1014 τὸν
1530 987 1616 1014 αἰῶνα
1628 987 1688 1023 ζῇν,
1701 985 1780 1018 αὖθις

989 1034 1084 1069 φαγὼν
1107 1034 1160 1061 ἀπὸ
1180 1035 1230 1070 τῆς
1253 1033 1352 1069 ζωῆς),
1368 1033 1482 1060 ἀλλ’ἵνα
1506 1033 1544 1068 μὴ
1566 1032 1717 1063 ἀθάνατον,
1740 1032 1780 1064 ὡς

990 1080 1156 1116 ὑπεθέμεθα,
1173 1080 1275 1116 γενηθῇ
1292 1079 1322 1106 τὸ
1339 1079 1433 1107 κακόν.
1456 1078 1532 1106 Ἐπεὶ
1546 1078 1590 1105 διὰ
1607 1078 1634 1104 τι
1647 1078 1693 1105 τὸν
1710 1078 1779 1114 Χρι-

991 1125 1052 1152 στὸν
1063 1125 1118 1152 ἀπὸ
1129 1125 1182 1151 τῶν
1192 1124 1313 1160 οὐρανῶν
1327 1123 1487 1151 ἀπέστειλεν
1496 1125 1536 1155 εῐς
1550 1123 1598 1159 τὴν
1609 1123 1670 1158 γῆν,
1680 1123 1782 1155 εἰόλως

990 1172 1106 1208 ἠθέλησε
1119 1171 1193 1206 ζωῆς
1206 1172 1252 1197 τὸν
1268 1169 1411 1206 ἄνθρωπον
1431 1169 1562 1204 ἄγευστον
1579 1169 1724 1197 ἀποθανεῖν
1739 1169 1780 1201 εἰς

989 1219 1020 1244 τὸ
1044 1217 1193 1251 παντελές;
1216 1218 1248 1244 Et
1265 1217 1293 1244 δὲ
1311 1217 1343 1243 ὲκ
1364 1216 1517 1252 μεταμέλου
1539 1215 1619 1242 τοῦτο
1643 1215 1709 1250 φαίη
1730 1223 1781 1241 πε-

991 1264 1134 1299 ποιηκέναι
1154 1264 1200 1290 τὸν
1220 1263 1286 1290 Θεὸν
1305 1264 1318 1290 ὁ
1343 1263 1500 1297 ἀντιλέγων,
1523 1261 1639 1296 ἀσθενὴς
1661 1261 1750 1290 αὐτῶν
1766 1263 1782 1289 ὁ

990 1310 1079 1344 λόγος,
1099 1310 1336 1346 μεταγινώσκοντα
1347 1310 1393 1336 τὸν
1407 1309 1474 1336 Θεὸν
1488 1309 1616 1343 εἰσάγων.
1636 1309 1705 1335 Ἀλλ’
1718 1308 1781 1336 οὔτε

991 1357 1119 1390 ἀξύνετος
1128 1356 1174 1383 τοῦ
1185 1356 1326 1392 μέλλοντος
1333 1356 1409 1388 Θεὸς,
1420 1356 1482 1383 οὔτε
1491 1356 1647 1388 κακοποιὸς,
1656 1355 1782 1396 ἀλλὰλχαὶ

991 1405 1083 1439 ἄκρως
1097 1403 1208 1438 ἀγαθὸς,
1229 1403 1276 1430 καὶ
1292 1401 1487 1438 προγινώσκων
1497 1402 1530 1428 τὰ
1544 1401 1684 1437 μέλλοντα.
1700 1401 1782 1428 Ὥστε

991 1450 1042 1477 οὐκ
1055 1450 1110 1486 ἄρα
1126 1450 1170 1476 διὰ
1183 1449 1214 1476 τὸ
1236 1449 1274 1485 μὴ
1288 1448 1422 1481 σώζεσθαι
1439 1450 1478 1481 εἰς
1493 1449 1538 1475 τὸν
1555 1448 1641 1475 αἰῶνα
1660 1448 1782 1483 φαγόντα

991 1495 1071 1522 αὐτὸν
1082 1495 1136 1522 ἀπὸ
1146 1495 1192 1522 τοῦ
1204 1495 1282 1528 ξύλου
1299 1497 1348 1531 τῆς
1364 1495 1447 1530 ζωῆς,
1459 1495 1596 1528 ἐξέϐαλεν,
1613 1494 1681 1522 ἀλλὰ
1697 1494 1740 1521 διὰ
1751 1494 1783 1521 τὸ

992 1541 1162 1578 νεκρωθῆναι
1177 1541 1284 1577 πρῶτον
1295 1541 1403 1576 θανάτῳ
1412 1541 1461 1578 τὴν
1469 1541 1608 1577 ἁμαρτίαν
1616 1549 1623 1556 ·
1637 1541 1669 1567 ἶν’
1684 1539 1782 1573 οὕτως,

995 1588 1064 1624 μετὰ
1081 1587 1111 1614 τὸ
1134 1587 1279 1614 ἀποθανεῖν
1298 1587 1460 1623 ὲκτακεὶσης
1475 1588 1525 1622 τῆς
1543 1587 1690 1623 ἁμαρτίας,
1705 1588 1782 1622 ἐγερ-

994 1633 1051 1665 θεὶς
1064 1633 1205 1668 ἄνθρωπος
1217 1633 1339 1669 καθαρὸς
1352 1633 1426 1669 φάγῃ
1442 1633 1492 1669 τῆς
1505 1633 1587 1669 ζωῆς.

151 1687 227 1707 nium
254 1678 376 1706 omnium
394 1682 481 1706 morte
494 1678 684 1713 perimeretur,
708 1683 789 1714 atque
810 1680 858 1712 ita,
885 1687 940 1706 cun

992 1684 1039 1708 iset
1061 1684 1205 1712 mortuus,
1230 1680 1305 1708 velut
1329 1683 1492 1716 consumpto
1512 1680 1687 1715 eliquatoque
1721 1686 1782 1714 pec-

151 1731 224 1758 cato.
242 1725 378 1754 excitatus
400 1725 434 1753 ad
454 1726 537 1753 vitam
564 1726 656 1757 homo,
681 1733 714 1753 ac
735 1726 829 1761 purior
850 1726 939 1754 factus
957 1727 1013 1754 vita
1027 1731 1194 1755 vesceretnr.

187 1772 283 1800 XXIV.
303 1772 360 1801 Nec
382 1776 425 1801 est
448 1773 522 1808 quod
546 1773 662 1800 stolidus
685 1773 822 1808 quispiam
845 1777 946 1801 temere

152 1819 258 1855 jactare
280 1819 390 1852 audeat,
404 1819 484 1847 aliter
499 1819 557 1846 haec
580 1827 642 1846 esse
664 1819 852 1854 pronuntiata.
877 1819 945 1846 Nam

153 1866 201 1901 qui
218 1873 331 1893 carnem
345 1865 416 1892 hanc
440 1864 641 1892 immortalitati
664 1864 804 1900 capienda:
819 1864 944 1891 idoneam

152 1919 215 1940 esse
239 1911 349 1947 penitus
371 1916 463 1947 negat,
491 1911 537 1938 hic
562 1911 682 1939 vesaniae
708 1911 803 1938 morbo
819 1911 946 1938 laborans

153 1958 361 1986 contumeliosis
382 1958 409 1985 in
424 1957 508 1985 Deum
527 1957 641 1985 vocibus
666 1957 762 1984 utitur.
787 1956 843 1984 Cur
859 1958 944 1989 enim,

153 2010 332 2041 posteaquam
349 2004 468 2039 pellicem
483 2004 582 2030 tunicae
597 2008 720 2031 consutm
735 2007 808 2037 sunt,
822 2002 944 2031 Adamus

153 2051 274 2085 ejicitur,
293 2057 325 2077 ac
339 2050 403 2077 vitae
419 2049 545 2076 arborem
566 2048 700 2083 attingere
716 2049 860 2083 vivereque
881 2056 945 2083 pro-

153 2096 277 2130 hibetur;
297 2095 322 2123 si
345 2095 404 2123 lieri
419 2095 532 2122 omnino
546 2102 600 2122 non
617 2098 718 2129 potest,
741 2099 771 2120 ut
792 2094 819 2121 in
845 2095 945 2129 sempi-

153 2148 261 2170 ternum
288 2142 373 2168 vitam
398 2141 481 2168 homo
506 2149 569 2169 cum
595 2149 711 2177 corpore
731 2142 875 2169 traducat?
899 2142 945 2169 Sic

1029 1774 1093 1801 KA’.
1113 1773 1217 1809 Μηδεὶς
1237 1773 1266 1800 δὲ
1287 1773 1434 1809 ἀϐέλτερος
1452 1772 1489 1799 ὣν
1513 1770 1783 1808 παρακινδυνευέτω,

993 1821 1032 1852 ὡς
1043 1821 1147 1847 τούτων
1172 1820 1274 1856 ἑτέρως
1293 1819 1454 1855 λεχθέντων.
1476 1820 1505 1846 Ὁ
1525 1819 1579 1855 γὰρ
1603 1818 1672 1850 ὅλως
1696 1817 1782 1853 ὁριζό-

995 1874 1075 1902 μενος
1090 1866 1140 1901 τὴν
1155 1866 1245 1902 σάρκα
1264 1866 1301 1902 μὴ
1317 1864 1387 1893 εἶναι
1410 1865 1514 1901 ταύτην
1532 1865 1682 1896 ἀθανασίας
1696 1864 1783 1890 δεκτι-

994 1911 1056 1948 κὴν,
1066 1912 1151 1944 ὅντως
1166 1913 1258 1944 ἀνοίας
1272 1912 1396 1943 ὑπαίτιος
1412 1911 1449 1939 ὢν
1462 1911 1541 1946 νόσῳ,
1556 1911 1723 1947 βλασφημεῖ.·
1735 1908 1784 1936 Διὰ

994 1958 1020 1984 τί
1041 1958 1094 1994 γὰρ
1121 1958 1190 1994 μετὰ
1214 1958 1264 1993 τὴν
1283 1957 1337 1984 τῶν
1357 1957 1478 1993 χιτώνων
1498 1957 1552 1984 τῶν
1577 1956 1747 1992 δερματίνων
1770 1956 1784 1983 ό

1001 2003 1088 2039 Ἀδὰμ
1107 2004 1278 2039 κατασκευὴν
1299 2003 1459 2030 ἐκϐάλλεται
1472 2023 1478 2034 ,
1500 2002 1671 2038 κωλυόμενος
1690 2002 1784 2037 φαγεῖν

995 2049 1049 2075 ἀπὺ
1064 2048 1110 2075 τοῦ
1126 2048 1206 2082 ξύλου
1223 2049 1273 2084 τῆς
1287 2049 1371 2084 ζωῆς,
1391 2049 1438 2076 καὶ
1455 2049 1547 2085 ζῆσαι,
1566 2050 1590 2075 εἰ
1605 2049 1673 2080 ὅλως
1688 2048 1785 2075 ἀδύνα-

994 2103 1041 2121 τον
1055 2092 1089 2130 ἦν
1106 2095 1174 2130 μετὰ
1186 2094 1312 2130 σώματος
1327 2096 1366 2126 εἰς
1377 2095 1422 2121 τὸν
1435 2094 1520 2121 αἰῶνα
1533 2094 1614 2130 ζῆσαι
1626 2094 1671 2120 τὸν
1681 2093 1785 2129 ἄνθρω-

995 2149 1065 2174 πονς
1085 2141 1129 2173 Ὠς
1148 2141 1301 2176 δυναμένου
1320 2141 1374 2176 γὰρ
1391 2141 1474 2167 αὐτοῦ
1500 2140 1537 2176 μὴ
1556 2141 1718 2172 ἀποθανεῖν,
1738 2139 1786 2166 ἐὰν

153 2189 227 2216 enim
252 2182 410 2217 interdictio
434 2188 479 2214 illa
499 2188 573 2215 edita
595 2175 653 2219 est;
667 2192 796 2222 tanquam
820 2188 876 2215 vita
899 2188 940 2214 ille

997 2185 1051 2212 ἀπὸ
1067 2185 1117 2220 τῆς
1133 2185 1206 2220 ζωῆς
1219 2175 1473 2221 γγεύσηταιγλαϐὼν,
1528 2175 1644 2216 κώλυσις
1670 2186 1784 2219 γίνεται.

153 2235 297 2270 degustato
322 2238 437 2262 mortem
461 2237 555 2269 posset
580 2233 706 2268 eilugere.
726 2232 772 2260 Sic
792 2233 864 2260 cnim
881 2233 940 2259 ait:

154 2281 229 2309 Fecit
245 2283 335 2317 itaque
351 2281 479 2308 Dominus
495 2280 565 2308 Deus
577 2280 665 2306 Adam
676 2285 701 2307 et
715 2280 793 2306 uxori
802 2279 860 2314 ejus
877 2279 948 2305 tuni-

153 2337 199 2356 cas
214 2328 349 2362 pclliceas,
368 2332 393 2354 et
413 2327 500 2354 induit
522 2326 594 2353 illos.
617 2325 650 2352 Et
674 2326 742 2352 dixit
769 2325 864 2352 Deus:
881 2324 948 2352 Ecce

153 2376 243 2409 [actus
258 2379 298 2401 est
311 2374 409 2404 Adam.
430 2373 499 2400 sicut
522 2380 590 2399 unus
605 2379 637 2399 ea:
651 2371 736 2403 nobis,
755 2376 784 2398 ut
808 2375 947 2407 cognoscat

120 2429 121 2432 ‘
155 2421 250 2448 bonum
266 2425 291 2447 et
304 2422 415 2446 mutum.
432 2418 466 2445 Et
479 2426 548 2445 nunc
566 2426 597 2445 ne
612 2418 681 2452 forte
694 2417 815 2444 extendat
827 2425 946 2451 manum,

125 2465 128 2468 ’
153 2472 178 2495 et
195 2471 283 2494 sumat
297 2465 329 2492 de
342 2466 411 2500 ligno
424 2466 503 2496 vitm;
525 2469 549 2491 et
567 2463 687 2491 comedat
698 2468 723 2490 et
738 2463 807 2489 vivat
829 2463 855 2489 in
870 2467 947 2490 teter-

154 2522 227 2540 mtm.
247 2512 281 2539 Et
292 2512 380 2540 emisit
394 2511 472 2538 illum
491 2510 622 2538 Dominus
638 2510 709 2537 Deus
725 2518 738 2537 e
749 2509 876 2544 paradiso
901 2518 944 2536 vo-

155 2560 277 2595 luptatis,
299 2563 328 2585 ιιι
354 2562 507 2592 operaretur
531 2562 641 2589 terrum,
665 2564 698 2584 e1
718 2564 770 2590 qua
795 2560 946 2589 assumptus

155 2611 204 2634 est.
223 2605 258 2632 Et
272 2605 347 2640 ejecit
366 2604 453 2631 Adam
467 2604 488 2631 ³.
507 2603 691 2637 Quamobrem
707 2606 814 2638 poterat
829 2602 856 2629 in
873 2607 948 2629 atter-

155 2661 220 2681 num
247 2652 339 2679 vivere
365 2658 483 2685 corpus,
508 2655 536 2677 et
558 2650 712 2677 immortale
740 2649 812 2680 ﬁeri,
837 2649 890 2676 nisi
913 2648 948 2677 ab

155 2699 290 2735 gustanda
303 2699 359 2725 vita
383 2698 453 2725 fouet
473 2697 653 2732 prohibitum.
671 2695 717 2723 Est
732 2701 822 2722 autem
845 2695 948 2723 idcirco

156 2745 335 2781 prohibitum,
358 2749 388 2772 ut
409 2748 436 2771 et
459 2747 602 2778 peccatum
622 2742 789 2770 exstinctum
814 2749 867 2768 una
885 2749 949 2769 cuiu

194 2824 203 2841 '
219 2823 288 2853 Gen.
304 2830 324 2857 ι,
341 2822 386 2851 28.
444 2823 454 2838 ⁵
470 2822 538 2850 Gen.
554 2829 585 2854 ιι,
598 2821 623 2848 7.
663 2821 673 2836 ³
687 2819 755 2848 Gen.
770 2828 810 2854 ιιι,
827 2819 922 2846 21-24.

995 2231 1065 2267 Φησὶ
1080 2231 1149 2268 γάρ’
1171 2231 1228 2258 Καὶ
1250 2232 1376 2264 ἐποίησε
1393 2232 1502 2266 Κύριος
1514 2232 1530 2258 ὁ
1552 2231 1624 2264 Θεὸς
1643 2230 1684 2263 τῷ
1700 2230 1786 2264 Ἀδὰμ

996 2277 1044 2303 καὶ
1063 2276 1101 2311 τῇ
1116 2277 1235 2311 γυναικὶ
1255 2277 1348 2304 αὑτοῦ
1368 2276 1495 2312 χιτῶνας
1507 2277 1719 2312 δερματΙν-ους·
1735 2275 1786 2302 καὶ

995 2322 1143 2350 ἐνέδυσεν
1157 2324 1278 2357 αὐτούς.
1292 2323 1347 2351 Καὶ
1364 2321 1449 2350 εἶπεν
1461 2325 1477 2350 ὀ
1498 2323 1583 2355 Θεός·
1608 2323 1685 2350 Ἰδοὺ
1706 2321 1785 2357 τέγο-

995 2379 1049 2397 rev
1068 2371 1153 2405 Ἀδὰμ
1168 2371 1208 2404 ὡς
1225 2369 1268 2404 εἷς
1287 2371 1321 2403 ἐξ
1337 2369 1432 2405 ἡμῶν,
1449 2370 1502 2397 τοῦ
1517 2369 1676 2405 γινώσκειν
1692 2368 1786 2395 καλὸν

996 2416 1047 2442 καὶ
1060 2417 1205 2450 πονηρόν.
1218 2417 1272 2444 Καὶ
1286 2416 1344 2443 νῦν
1357 2417 1475 2452 μήποτε
1487 2417 1606 2450 ἐκτείνῃ
1619 2415 1676 2449 τὴν
1691 2414 1786 2450 χεῖρα,

996 2462 1048 2489 καὶ
1068 2462 1145 2497 λάϐῃ
1171 2463 1224 2490 τοῦ
1252 2463 1348 2495 ξύλου
1371 2462 1426 2498 τῆς
1437 2462 1528 2496 ζωῆς,
1546 2462 1595 2490 καὶ
1617 2461 1717 2496 φάγῃ,
1737 2460 1786 2487 καὶ

997 2509 1120 2542 ζήσεται
1134 2511 1178 2542 εἰς
1194 2509 1247 2536 τὸν
1266 2509 1370 2537 αἰῶνα.
1385 2509 1442 2536 Καὶ
1462 2509 1677 2541 ἐξαπέστειλεν
1693 2507 1786 2534 αὑτὸν

995 2556 1103 2589 Κύριος
1125 2556 1141 2582 d
1161 2555 1234 2588 Θεὸς
1252 2555 1287 2582 ἐκ
1314 2555 1367 2582 τοῦ
1391 2554 1575 2589 παραδείσου
1598 2553 1653 2587 τῆς
1671 2552 1785 2587 τρυφῆς

995 2602 1166 2638 ἐργάζεσθαι
1188 2601 1244 2636 τὴν
1257 2601 1327 2637 γῆν.
1342 2601 1377 2633 ἐξ
1396 2599 1434 2636 ἧς
1447 2600 1575 2635 ἐλήφθη.
1589 2598 1643 2626 Καὶ
1663 2597 1787 2630 ἐξέϐαλε

997 2648 1051 2676 τὸν
1069 2648 1171 2683 Ἀδάμ.
1196 2647 1301 2674 Οὐκοῦν
1321 2647 1437 2683 ἠδύνατο
1459 2647 1517 2681 ζῇν,
1547 2646 1570 2671 εἰ
1589 2643 1627 2680 μὴ
1648 2642 1787 2669 κεκώλυτο

997 2694 1150 2728 γεύσασθαι
1161 2694 1211 2729 τῆς
1224 2694 1306 2729 ζωῆς.
1322 2692 1462 2727 Ἐκωλύθη
1475 2692 1513 2722 δὲ,
1523 2692 1596 2722 ὅπως
1607 2691 1623 2726 ὴ
1636 2689 1684 2724 μὲν
1698 2689 1787 2723 ἁμαρ·

998 2741 1044 2768 τια
1062 2741 1312 2769 συναποκτανθείσα
1327 2739 1366 2775 τῷ
1385 2738 1490 2779 σώματι
1501 2738 1597 2779 θάνῃ,
1613 2737 1643 2764 τὸ
1656 2736 1685 2763 δὲ
1708 2735 1786 2770 σῶμα
