1958 3050
149 117 220 147 H09

479 117 664 145 ADVERSUS
682 116 855 144 [UERESES
873 116 938 144 LIB.
959 117 994 144 ΙΙ.
1014 114 1097 144 ΤΟΜ.
1119 115 1140 143 l.
1162 131 1196 136 —
1214 114 1351 143 HIEBES.
1372 115 1460 142 LXIV.

1703 114 1779 142 illi!

153 175 261 210 ὶναστῇ,
281 175 331 210 τῆς
358 176 495 211 ἁμαρτίας
513 175 693 212 ἀπολομένης.
711 176 769 203 Ἵνα
785 177 875 203 τοίνυν
896 176 934 212 μὴ

990 182 1100 209 corpore
1115 178 1277 206 moreretur,
1292 177 1320 201 et
1342 181 1444 208 corpus
1465 176 1577 208 peccato
1603 175 1712 199 mortuo
1732 179 1774 199 re-

149 220 163 259 ᾗ
181 222 264 248 κακὸν
280 222 414 249 ἀθάνατον
427 224 441 249 ὸ
453 222 606 258 ἄνθρωπος,
627 223 666 255 ὼς
685 223 794 259 ἔφην,ἢ
811 223 935 256 ἀείζωον,

150 267 217 303 έχων
235 268 264 295 ὲν
287 268 377 303 ἑαυτῷ
390 267 439 304 τὴν
455 269 594 304 ἁμαρτίαν
615 270 846 306 κρατιστεύουσαν
858 290 865 301 ,
889 269 937 295 ἆτε

148 315 177 341 ὲν
206 314 333 350 ἀθανάτῳ
357 315 548 351 βλαστήσασαν
576 315 699 351 σώματι,
727 316 776 343 καὶ
804 315 936 342 ἀθάνατον

148 360 262 395 ἔχουσαν
277 361 391 397 τροφὴη
408 362 423 388 ό
441 361 507 394 Θεὸς
522 362 603 389 αὑτὸν
618 362 663 390 διὰ
679 361 758 390 τοῦτο
772 361 868 398 θνητὸν
885 362 937 388 ἀπ-

148 406 266 440 εφήνατο
277 407 420 443 νεκρότητι
440 408 604 443 περιϐαλών.
625 409 711 437 Τοῦτο
727 410 781 446 γὰρ
797 412 820 438 οἱ
835 411 936 448 δερμάι·

151 459 214 478 τινοι
229 451 344 487 χιτῶνες
362 453 519 480 ἐϐούλοντο·
536 455 579 481 ἵνα
597 455 629 489 δὴ
648 456 692 483 διὰ
705 457 755 492 τῆς
771 457 875 490 λύσεως
889 458 936 485 τοῦ

148 496 274 532 σώματος
297 499 344 525 καὶ
368 499 418 534 τῆς
442 499 602 536 διαιρέσεως
625 502 642 537 ἡ
666 503 788 538 ἁμαρτία
815 503 937 530 κάτωθεν

148 543 336 580 αὑτόπρεμνος
353 545 428 572 πᾶσα
444 546 580 583 διαφθαρῇ
591 555 598 561 ·
624 547 662 579 ὡς
682 548 749 584 μηδὲ
764 549 816 575 κᾶν
837 549 938 585 βραχύ-

149 597 226 616 τατον
253 590 331 626 ῥίζης
360 591 472 628 ὲαθῆναι
496 593 595 628 μέρος,
623 595 670 629 ἀφ’
691 593 722 622 οὗ
747 596 805 623 νέαι
825 596 937 631 βλάσται

149 636 228 663 πάλιν
245 638 454 673 ἁμαρτημάτων
467 639 682 672 ἀναϐλύζωνται.

182 727 247 754 ΚΕ¹;
268 727 408 764 Καθάπερ
421 729 476 765 γὰρ
495 730 524 757 ἐν
540 731 739 768 οἰκοδομήμασι
759 733 830 761 ναῶν
846 734 937 761 καλῶν

147 773 219 807 συκῆ
232 774 403 809 γεννηθεῖσα,
416 776 462 802 καὶ
473 776 513 807 είς
523 775 633 803 ἔκτασιν
648 777 695 804 καὶ
710 777 825 813 μέγεθος
840 780 935 815 εὐτρο-

148 819 270 853 φήσασα·,
294 820 342 847 καὶ
366 821 413 847 ἐπὶ
433 820 522 853 πάσας
543 822 593 854 τὰς
610 822 745 859 ἁρμονίας
760 824 935 860 πολυκλημόι-

148 872 204 895 τοις
230 863 320 899 ῥίζαις
341 865 396 892 τῶν
418 865 499 893 λίθων
514 867 662 902 κεχυμένη,
680 868 711 894 οὐ
736 869 867 904 πρότερον
888 869 934 896 τοῦ

147 909 226 944 φύειν
252 910 405 944 στέλλεται,
429 911 482 944 ἕως
497 913 573 939 πᾶσα
598 914 780 949 ἀποσπασθῇ,
800 915 934 942 λυθέντων

147 954 202 981 τῶν
218 954 282 981 καθῖ
291 955 337 988 οὓς
351 956 502 992 ἐϐλάστησε
521 957 621 989 τόπους
635 958 690 985 τῶν
707 958 789 985 λίθων
799 967 805 974 ”
823 959 935 986 δυνατὸν

151 1001 201 1035 γὰρ
230 1001 310 1028 πάλιν
337 1003 376 1033 εἰς
401 1003 464 1035 τοὺς
481 1004 585 1031 ἑαυτῶν
610 1004 811 1040 ἐναρμοσθῆναι
836 1006 951 1038 τόπους·

147 1047 210 1077 τοὺς
235 1046 333 1079 λίθους,
354 1047 404 1083 τῆς
423 1048 509 1083 συκῆς
530 1050 728 1085 ἀφῃρημένης,
752 1050 827 1082 ὅπως
848 1051 862 1076 ό
885 1051 935 1085 μὲν

147 1090 211 1123 ναὸς
226 1091 356 1127 σώζηται,
373 1093 455 1128 μηδὲν
473 1093 528 1121 τῶν
549 1094 734 1128 ἀφανιζόντων
747 1095 827 1122 αὐτὸν
843 1096 936 1122 κακῶν

147 1135 236 1172 ἑαυτῷ
252 1138 350 1172 μηκέτι
367 1138 469 1174 φέρων,
484 1140 500 1174 ὴ
522 1139 551 1166 δὲ
572 1140 639 1175 συκῆ
659 1141 734 1167 arida
749 1141 936 1177 προθέλυμνος

148 1184 355 1212 ἀποσπασθεῖσα
377 1186 515 1222 ἀποθάνῃ·
543 1187 613 1214 κατὰ
637 1188 722 1214 ταῦτα
739 1188 786 1214 καὶ
805 1190 819 1216 ό
838 1188 905 1221 Θεὺς
922 1190 937 1216 ὁ

147 1230 273 1265 τεχνίτης
285 1231 331 1258 τὸν
346 1232 442 1259 ἑαυτοῦ
457 1232 510 1259 νεὼ
525 1232 571 1260 τὸν
581 1233 735 1269 ἄνθρωπον,
749 1234 828 1269 δίκην
837 1234 937 1270 ἀγρίας

147 1276 234 1311 συκῆς
247 1276 296 1311 τὴν
314 1277 452 1313 ἁμαρτίαν
469 1278 670 1314 βλαστήσαντα,
688 1280 804 1312 διέλυσε,
821 1280 936 1308 θανάτου

147 1323 326 1358 προσκαίροις
355 1325 519 1359 προσϐολαῖς
539 1325 727 1358 ἀποκτείνων,
749 1327 821 1354 κατὰ
841 1327 871 1353 τὸ
892 1336 937 1362 γε·

147 1368 318 1403 γραμμένον,
337 1369 383 1396 καὶ
399 1369 554 1403 ζωοποιῶν,
570 1372 613 1398 ἵνα
637 1371 719 1398 πάλιν
740 1372 795 1398 τῶν
813 1372 904 1399 αὐτῶν
918 1374 935 1409 ἡ

148 1414 216 1449 σὰρξ
235 1415 325 1450 μερῶν
344 1416 414 1451 μετὰ
435 1416 465 1442 τὸ
483 1415 665 1452 ξηρανθῆναι,
683 1418 730 1444 καὶ
746 1418 892 1445 ἀποθανεῖν
906 1419 937 1445 τὺ

147 1459 309 1496 ἁμάρτημα,
323 1461 401 1496 δίκην
410 1461 702 1498 ἀνακαινοποιηθὲντος
715 1463 792 1494 ναοῦ,
802 1463 936 1496 ἀθάνατος

148 1507 196 1533 καὶ
213 1507 331 1542 ἀπήμων
348 1507 458 1544 ἐγερθῇ,
475 1507 575 1540 τελέως
589 1510 622 1535 ἐκ
641 1508 748 1544 βάθρων
765 1509 937 1544 ἀπολομένης

146 1554 196 1587 τῆς
207 1553 355 1589 ἁμαρτίας.
371 1555 478 1586 Ζῶντος
491 1555 545 1590 γὰρ
559 1555 600 1582 ἔτι
614 1555 661 1581 τοῦ
680 1555 806 1591 σώματος
825 1556 877 1592 πρὸ
890 1556 936 1583 τοῦ

146 1598 334 1634 τεθνήξεσθαι,
356 1600 442 1636 συζῇν
454 1601 561 1636 ἀνάγκη
578 1601 626 1628 καὶ
638 1601 688 1636 τὴν
700 1601 850 1637 ἁμαρτίαν.
865 1601 937 1628 ἔνδον

146 1645 195 1677 τὰς
210 1645 287 1681 ῥίζας
306 1646 391 1681 αὐτῆς
405 1646 752 1682 ὲνήμίνάποκρύπτουσαν,
768 1647 793 1673 εἰ
807 1647 854 1673 καὶ
866 1646 946 1679 ἕξω-ν

135 1691 192 1718 .θεν
207 1693 304 1727 τομαῖς
314 1693 373 1725 ταῖς
381 1693 435 1719 ἀπὸ
455 1693 510 1720 τῶν
535 1693 732 1728 σωφρονισμῶν
744 1693 791 1719 καὶ
807 1693 861 1720 τῶν
875 1702 938 1720 νου-

146 1737 282 1772 θετήσεων
292 1738 474 1766 ἀνεστέλλετο.
491 1739 567 1765 Ἐπεὶ
579 1737 626 1765 οὖν
642 1739 692 1765 οὐκ
704 1738 737 1765 ἂν
750 1738 820 1774 μετὰ
835 1737 866 1765 τδ
880 1747 938 1773 φω-

145 1784 271 1820 τισθῆναι
288 1785 445 1812 συνέϐαινεν
457 1785 571 1817 ἀδικεῖν,
580 1785 628 1812 ἃτε
637 1785 810 1812 παντάπασιν
825 1785 938 1820 εἰλικρι-

146 1830 200 1862 νῶς
215 1831 397 1867 ἀφῃρημένης
410 1831 546 1866 ἀφ”ήμῶν
558 1830 609 1865 τῆς
622 1831 768 1866 ἁμαρτίας.
781 1830 837 1858 Νῦν
848 1830 876 1858 δὲ
890 1831 938 1857 καὶ

149 1876 217 1910 μετὰ
228 1876 259 1903 τὸ
274 1876 430 1908 πιστεῦσαι,
445 1877 493 1904 καὶ
508 1877 554 1904 ἐπὶ
568 1877 597 1903 τὸ
610 1876 683 1913 ὕδωρ
700 1877 787 1904 ἐλθεῖν
801 1877 848 1904 τοῦ
862 1878 938 1911 ἁγνι-

149 1922 236 1957 σμοῦ,
264 1923 394 1954 πολλάκις
418 1924 447 1949 ὲν
476 1923 624 1958 ἁμαρτίαις
646 1922 722 1954 ὄντες
744 1922 937 1958 εὑρισκόμεθα.

149 1968 242 1999 Οὐδεὶς
258 1968 311 2004 γὰρ
325 1969 411 2001 οὕτως
425 1969 568 2004 ἁμαρτίας
583 1968 662 2000 ἐκτὸς
679 1966 748 1995 εἶναι
763 1968 858 1995 ἑαυτὸν
875 1977 939 1995 καυ-

150 2015 278 2050 χήσηται,
290 2015 328 2046 ὡς
342 2015 408 2050 μηδὲ
422 2015 473 2042 κᾶν
488 2015 675 2051 ἐνθυμηθῆναι
694 2015 854 2042 τὸσύνολον
870 2015 939 2046 ὅλως

149 2061 197 2096 τὴν
210 2061 327 2087 ἀδικίαν.
346 2061 427 2087 Ὥστε
446 2061 595 2096 συνέστηκε
611 2060 802 2087 συστέλλεσθαι
818 2061 878 2096 μὲν,
891 2061 938 2087 καὶ

151 2106 362 2139 κατευνάζεσθαι
373 2109 406 2143 τῇ
423 2107 513 2134 πίστει
525 2108 572 2135 νῦν
586 2108 635 2144 τὴν
649 2108 796 2143 ἁμαρτίαν,
807 2108 847 2139 είς
858 2107 888 2134 τὺ
900 2108 937 2143 μὴ

150 2152 222 2180 οἷσαι
236 2154 360 2188 καρποὺς
375 2153 564 2189 βλαϐοποιοὺς,
585 2154 615 2180 οὐ
635 2154 688 2189 μὴν
705 2153 876 2189 ἀναιρεῖσθαι
892 2153 939 2180 καὶ

988 223 1121 255 surgeret.
1139 219 1222 253 Igitur
1238 226 1273 246 ne
1288 219 1443 246 immortale
1463 218 1600 253 quoddam
1621 225 1654 244 ac
1673 217 1775 252 sempi-

988 268 1096 292 ternum
1123 264 1225 290 malum
1245 266 1319 291 esset
1343 263 1436 297 homo,
1461 267 1493 290 ut
1516 264 1572 298 jam
1590 262 1718 293 diximus,
1743 269 1775 288 ac

988 311 1094 346 peccati
1110 310 1137 337 in
1156 317 1218 337 sese
1233 309 1446 337 dominationem
1460 308 1575 342 foveret,
1596 313 1689 343 utpote
1703 307 1775 342 quod

988 357 1135 385 immortali
1157 357 1185 384 in
1207 363 1323 391 corpore
1337 355 1492 392 pullularet,
1508 359 1535 383 et
1550 353 1697 382 immortali
1711 361 1776 389 per-

988 403 1051 431 inde
1064 403 1194 431 alimento
1211 403 1350 439 glisceret,
1365 407 1510 438 propterea
1533 401 1674 430 mortalem
1699 400 1776 428 illum

989 450 1060 478 Deus
1076 458 1139 478 esse
1164 450 1261 483 voluit,
1283 457 1316 477 ac
1342 454 1430 476 morte
1445 448 1596 475 damnavit.
1623 446 1681 474 Hoc
1704 446 1776 474 enim

988 501 1102 524 scortea;
1123 497 1175 524 illa:
1192 496 1293 524 tunica:
1308 494 1514 531 signiﬁcabant;
1542 498 1572 521 ut
1595 492 1783 521 dissolutione

987 544 1176 580 divisioneque
1191 545 1316 580 corporis
1333 551 1414 571 omne
1428 551 1461 570 ex
1479 542 1535 570 imo
1551 545 1693 577 peccatum
1713 540 1777 568 stir-

987 591 1061 626 pitus
1084 595 1263 623 cnecaretur;
1282 598 1314 618 ac
1336 598 1370 618 ne
1395 589 1562 617 tenuissimae
1578 587 1686 622 quidem
1704 586 1778 614 ﬁbra

987 640 1176 669 remanerent;
1200 636 1271 663 unde
1288 642 1358 662 nova
1383 634 1500 661 subinde
1515 633 1639 669 germina
1653 635 1778 667 peccato-

988 689 1048 709 rum
1061 680 1270 709 cillorescerent.

1022 726 1106 762 548
1125 726 1207 754 XXV.
1229 726 1264 753 Ut
1278 726 1350 754 enim
1363 734 1379 753 e
1394 724 1598 760 magniﬁcorum
1616 723 1788 758 templorum-

987 777 1127 800 structura
1143 772 1289 807 capriﬁcus
1308 779 1452 802 enascens,
1470 776 1553 806 atque
1574 771 1600 797 in
1629 769 1776 797 maximum

987 818 1195 854 amplitudinem
1212 818 1382 850 adolescens,
1395 821 1422 845 et
1439 817 1637 851 multiplicibus
1652 815 1777 843 radicum

953 860 973 887 Β
989 865 1110 893 brachiis
1125 873 1174 900 per
1191 872 1286 892 ontnes
1301 863 1421 900 lapidum
1438 862 1535 890 diﬁusa
1550 869 1708 898 compages,
1724 869 1779 888 non

990 913 1067 948 prius
1092 919 1252 939 excrescere
1278 911 1394 943 desinit,
1422 917 1502 945 quam
1528 909 1651 943 disjectis
1679 917 1713 936 ex
1734 915 1779 940 eo,

991 959 1061 986 unde
1083 957 1223 994 prodierit,
1252 958 1312 984 loco
1334 955 1479 992 lapidibus.
1502 960 1558 982 tota
1580 956 1687 990 penitus
1706 954 1776 982 labe-

990 1004 1061 1032 l‘acta
1077 1004 1213 1031 concidat.
1237 1003 1306 1030 Tum
1325 1003 1410 1036 enim,
1433 1003 1540 1030 sublata
1564 1001 1704 1036 capriﬁco,
1721 1001 1779 1028 suis

990 1050 1057 1078 locis
1077 1050 1184 1078 restitui
1209 1050 1324 1078 redivivi
1342 1050 1446 1085 lapides
1472 1053 1598 1084 possunt,
1615 1052 1645 1075 ut
1665 1051 1693 1075 et
1710 1053 1779 1075 tem-

990 1099 1064 1134 plum
1089 1097 1178 1132 ipsutn
1202 1097 1337 1124 incolume
1362 1101 1496 1127 servetur,
1514 1103 1576 1122 cum
1594 1095 1698 1122 nullum
1724 1101 1779 1120 am‘

990 1144 1062 1179 plius
1086 1152 1119 1171 ex
1143 1144 1176 1171 iis
1201 1144 1301 1179 quibus
1326 1143 1498 1170 evertebatur
1525 1141 1706 1168 incommodis
1733 1140 1780 1167 ha-

990 1190 1069 1224 beat;
1085 1189 1231 1225 capriﬁcus
1246 1197 1310 1217 vero
1330 1189 1364 1217 ab
1380 1189 1442 1216 imis
1459 1188 1599 1215 radicibus
1611 1187 1706 1215 evulsa
1720 1194 1782 1213 mo-

990 1237 1087 1265 riatur.
1108 1236 1148 1264 Ad
1165 1236 1290 1264 eumdem
1307 1236 1386 1271 plane
1403 1235 1514 1263 modum
1533 1234 1631 1263 artifex
1647 1234 1693 1262 ille
1709 1233 1787 1261 Deus»

989 1283 1120 1319 templum
1145 1291 1224 1311 suum
1248 1283 1395 1314 hominem,
1432 1283 1482 1318 qui
1498 1281 1781 1317 peccatumcapriﬁci

990 1329 1133 1364 cujusdam
1159 1329 1246 1356 instar
1280 1328 1462 1364 produxerat,
1494 1327 1636 1360 dissolvit,
1664 1333 1782 1361 eumque

990 1376 1088 1404 mortis
1107 1375 1141 1402 ad
1166 1379 1274 1410 tempus
1298 1375 1479 1410 impressione
1502 1379 1583 1409 atque
1610 1374 1712 1408 impetu
1733 1380 1782 1407 op-

991 1422 1070 1458 primi
1086 1429 1184 1457 passus
1203 1426 1244 1448 est
1259 1422 1388 1456 primum,
1407 1421 1446 1448 uti
1460 1420 1592 1455 scriptum
1608 1423 1665 1452 est;
1681 1419 1781 1446 dehinc

990 1467 1023 1494 ad
1038 1467 1119 1494 vitam
1134 1467 1271 1499 excitavit,
1289 1471 1318 1494 ut
1338 1466 1433 1494 iisdem
1450 1466 1562 1501 praedita
1579 1465 1701 1501 partibus
1716 1472 1787 1492 caro.

990 1516 1127 1543 exsiccato
1149 1516 1387 1550 intermortuoque
1412 1517 1535 1549 peccato,
1560 1512 1634 1540 velut
1650 1510 1780 1546 templum

988 1561 1124 1596 quoddam
1154 1561 1347 1592 instauratum,
1373 1559 1545 1590 immortalis.
1575 1564 1608 1584 ac
1634 1556 1694 1584 sine
1722 1555 1777 1582 uile

988 1607 1089 1634 damno
1105 1610 1270 1642 resurgeret,
1285 1606 1393 1634 sublato
1413 1613 1428 1632 a
1445 1603 1629 1632 fundamentis
1651 1601 1781 1637 proﬂiga-

988 1658 1070 1686 toque
1090 1657 1211 1687 peccato.
1234 1652 1341 1679 Etenim
1364 1651 1484 1686 quandiu
1510 1657 1611 1684 corpus
1637 1648 1712 1677 vivit.
1732 1654 1780 1674 nec

988 1697 1078 1725 adhuc
1103 1701 1243 1725 mortuum
1260 1701 1312 1731 est,
1336 1705 1399 1725 cum
1414 1705 1447 1724 eo
1463 1697 1554 1723 vivere
1575 1697 1716 1730 peccatum
1735 1700 1779 1719 ne-

987 1750 1064 1770 cesse
1080 1747 1134 1774 est.
1148 1747 1176 1771 et
1193 1743 1316 1771 occultas
1331 1743 1358 1770 in
1371 1742 1450 1771 nobis
1470 1742 1537 1777 ipsis
1561 1740 1668 1768 radices
1686 1746 1777 1773 agere,

987 1790 1163 1824 quantumvis
1180 1789 1344 1825 quibusdam
1370 1789 1443 1816 velut
1466 1787 1675 1823 castigatiouum
1693 1792 1779 1820 repre-

988 1835 1206 1871 hensionumque
1237 1835 1425 1871 putationibus
1459 1837 1631 1861 coercentur.
1668 1825 1779 1865 Alioqui

988 1886 1049 1915 post
1063 1881 1228 1916 baptismum
1245 1880 1350 1907 nullum
1369 1879 1425 1914 jam
1441 1878 1532 1906 scelus
1547 1874 1778 1912 pcrpetr‘aremus,

988 1931 1166 1962 posteaquam
1185 1930 1326 1961 peccatum
1344 1933 1359 1952 a
1375 1925 1453 1952 nobis
1468 1923 1591 1951 funditus
1605 1919 1680 1948 esset
1700 1927 1781 1946 omne

988 1973 1137 2000 sublatum.
1157 1972 1238 2007 Atqui
1253 1972 1336 1998 etiam
1352 1974 1414 2006 post
1428 1973 1584 2004 susceptam
1602 1967 1692 1997 ﬁdem,
1714 1974 1781 1992 san-

988 2020 1112 2046 ctissima
1137 2019 1184 2046 illa
1208 2026 1285 2053 aquae
1301 2019 1403 2045 lotionc
1428 2017 1530 2052 perfusi
1545 2012 1667 2051 peccatis
1681 2013 1781 2048 saepius

987 2064 1196 2099 obstringimur.
1223 2063 1316 2098 Neque
1343 2063 1417 2091 enim
1433 2062 1501 2089 adeo
1525 2069 1554 2088 se
1578 2061 1724 2087 immunctn
1747 2058 1781 2086 ab

988 2112 1061 2139 omni
1082 2119 1142 2139 esse
1166 2114 1278 2146 peccato
1297 2109 1408 2145 gloriari
1426 2108 1561 2143 quispiam
1580 2109 1678 2140 potest,
1700 2107 1730 2131 ut
1748 2111 1781 2131 ne

988 2158 1154 2193 cogitatione
1167 2156 1278 2192 quidem
1297 2156 1381 2183 ullum
1406 2154 1496 2182 scelus
1517 2153 1653 2180 admittat.
1668 2150 1705 2177 Ex
1727 2158 1781 2184 quo

150 2199 205 2226 τῶν
218 2199 300 2235 ῥιζῶν
315 2200 404 2235 ἄχρις.
424 2199 481 2226 Νῦν
494 2200 543 2235 μὲν
562 2199 679 2226 ἐνταῦθα
692 2201 742 2231 τὰς
759 2199 875 2234 βλάστας
888 2199 937 2225 αὑ-

991 2211 1163 2239 consequens
1176 2208 1218 2230 est
1236 2201 1347 2237 reprimi
1363 2201 1472 2236 quidem
1490 2207 1522 2226 ac
1538 2198 1675 2233 consopiri
1702 2196 1780 2223 modo

151 2245 211 2280 τῆς,
228 2243 284 2272 οἷον
294 2245 344 2277 τὰς
356 2245 518 2280 ἐνθυμήσεις
531 2245 581 2277 τὰς
599 2246 729 2281 πονηρὰς,
747 2244 937 2279 συστέλλομεν,

155 2292 190 2326 μή
205 2300 247 2322 τις
263 2291 326 2326 ῥίζα
342 2291 455 2326 πικρίας
465 2290 521 2317 ἀνω
532 2291 638 2325 φύουσα
655 2290 804 2326 ἐνοχλήσει,
824 2290 865 2326 μὴ
874 2289 939 2316 ἐῶν-

151 2346 196 2368 τες
214 2336 356 2372 ἀναμύειν,
373 2337 421 2363 καὶ
440 2336 606 2370 διοίγνυσθαι
625 2337 660 2363 τὰ
683 2337 825 2372 μεμυκότα
842 2336 939 2371 στόμια

153 2382 220 2417 πρὸς
236 2382 285 2414 τὰς
296 2383 425 2417 ἐκφύσεις
435 2382 482 2408 τοῦ
502 2382 593 2416 λόγου,
609 2382 688 2417 δίκην
701 2382 795 2416 ἀξίνης
806 2382 874 2418 πρὸς
889 2382 939 2414 τὰς

153 2427 229 2463 ῥίζας
244 2428 328 2463 αὐτῆς
344 2427 393 2459 τὰς
415 2428 490 2454 κάτω
507 2428 644 2463 φυομὲνας
662 2427 818 2463 τέμνοντος’
832 2428 893 2454 τότε
909 2428 938 2454 δὲ

153 2473 198 2499 καὶ
211 2473 242 2499 τὸ
255 2473 323 2506 ὅλως
337 2473 573 2509 ὲνθυμηθήσεσθαι
589 2474 653 2509 περὶ
672 2473 772 2505 κακίας
786 2473 939 2509 ἀφανισθή-

154 2527 238 2546 σεται.

992 2249 1045 2277 ﬁde
1063 2252 1204 2284 peccatum
1233 2256 1268 2275 ne
1285 2247 1455 2282 perniciosos
1470 2245 1578 2273 fructus
1593 2243 1709 2275 emittat,
1727 2249 1781 2269 non

993 2296 1104 2322 omnino
1132 2299 1222 2322 tamen
1247 2301 1280 2321 ac
1307 2293 1440 2320 radicitus
1472 2290 1620 2325 exstingui.
1646 2287 1780 2322 Quocirca

992 2348 1066 2367 nunc
1082 2340 1154 2367 illius
1171 2339 1279 2374 quidem
1293 2338 1427 2374 germina,
1448 2345 1545 2371 pravas
1563 2335 1691 2363 nimirum
1704 2334 1780 2369 cogi-

992 2386 1120 2416 tationes.
1137 2386 1303 2418 inhibemus,
1319 2392 1353 2412 ne
1365 2388 1429 2419 {qua
1453 2383 1532 2410 radix
1547 2380 1742 2409 amaritudinis
1760 2379 1780 2411 ί,

992 2438 1140 2466 erumpens
1157 2431 1308 2458 molestiam
1326 2429 1405 2456 nobis
1420 2428 1532 2460 aﬁerat;
1547 2435 1599 2454 nec
1619 2430 1728 2460 apertas
1748 2424 1782 2452 ad

993 2475 1184 2510 pullulandum
1198 2476 1268 2507 vias,
1285 2483 1317 2502 ac
1339 2475 1506 2509 spiramenta
1524 2472 1666 2499 dehiscere
1682 2478 1713 2497 ac
1735 2477 1781 2504 pa-

993 2522 1079 2549 teﬁeri
1095 2522 1228 2554 sinimus;
1249 2522 1418 2557 proindech
1434 2521 1527 2549 divino
1543 2519 1636 2548 verbo,
1652 2518 1726 2544 velut
1739 2523 1780 2543 se-

153 2567 211 2594 curi
226 2566 356 2601 quadam.
372 2566 534 2595 fruticantes
556 2567 702 2595 identidem
723 2567 758 2594 ab
787 2567 880 2595 radice
892 2566 992 2603 stirpes
1006 2569 1178 2609 excidimus;
1202 2573 1230 2595 at
1253 2568 1282 2596 in
1300 2568 1393 2596 futuro
1413 2567 1460 2595 illo
1490 2571 1563 2595 statu
1597 2564 1661 2592 mali
1693 2563 1780 2589 omnis

156 2611 194 2638 vel
209 2611 337 2646 cogitatio
351 2611 472 2638 tolletur.

187 2658 261 2690 KG’.
282 2656 349 2683 Οὐδὲ
367 2656 421 2692 γὰρ
437 2657 623 2692 ἀμάρτυροςὸ
648 2657 727 2691 λόγος
748 2657 864 2693 Γραφῶν
885 2659 941 2689 τοῖς

155 2702 327 2738 βουλομένοις
344 2702 500 2738 εἰλικρινῶς
519 2703 550 2729 τὸ
565 2703 663 2739 ἀληθὲς
680 2703 779 2737 λέγειν.
799 2703 875 2729 Ἐπεὶ
887 2701 941 2730 οἵδε

995 2656 1013 2685 ε’
1030 2653 1126 2682 XXVI.
1149 2654 1241 2689 Neque
1256 2661 1321 2681 vero
1337 2653 1409 2689 quod
1434 2652 1550 2680 dicimus
1576 2651 1779 2686 Scripturarutu

995 2701 1153 2730 testimonio
1175 2704 1260 2732 caret,
1287 2700 1309 2728 si
1334 2699 1396 2735 quis
1413 2699 1553 2726 veritatem
1573 2697 1680 2725 sincere
1699 2695 1778 2730 proﬁ-

155 2747 227 2775 καὶὸ
245 2748 405 2780 ’Δπόστολος
431 2748 545 2784 μηδέπω
569 2748 618 2785 τὴν
641 2748 720 2784 ῥίζαν
744 2747 774 2780 ἐξ
791 2747 937 2784 ἀνθρώπων

995 2747 1047 2775 teri
1061 2747 1135 2776 velit.
1158 2746 1225 2774 Nam
1239 2750 1266 2773 et
1280 2745 1362 2782 55.9
1382 2745 1529 2780 Apostolus
1542 2743 1646 2778 peccati
1662 2741 1781 2769 radicem

190 2839 200 2855 ¹
215 2839 299 2868 llebr.
316 2846 364 2870 xu.
384 2839 412 2866 5.

1216 2849 1231 2865 ,
1245 2845 1251 2854 ι
