1958 3050
133 150 202 179 IIIS

475 147 659 177 ADVERSUS
677 145 850 175 HERESES
869 145 932 174 LIB.
954 145 986 172 II.
1006 144 1088 173 TOM.
1111 143 1132 172 I.
1151 160 1186 165 —
1204 142 1344 172 HERES.
1365 140 1459 170 LXIV.

1710 138 1778 167 ΗΝ

133 216 181 235 νου
192 207 363 244 ὑπάρξαντα.
374 206 444 234 αὐτὰ
455 207 505 242 μὲν
518 206 562 234 διὰ
572 207 622 242 τῆς
637 205 792 240 ἀνασκευῆς
809 205 856 232 καὶ
869 204 936 231 ἀνα-

1003 203 1155 238 onnarique
1168 206 1268 230 Iterum
1291 204 1412 237 oportet.
1433 203 1463 227 ut
1483 197 1617 235 quidquid
1632 195 1781 224 malevoio—

135 254 295 290 χωνεύσεως
302 254 489 290 ἀπόληται,τὸ
499 253 528 280 δὲ
539 255 579 286 εἰς
593 253 624 280 τὸ
642 252 738 280 ἑαυτοῦ
753 250 823 282 εἶδος
838 251 931 283 ἀσινὲς

135 300 183 326 καὶ
198 299 345 333 ἀκίϐδηλον
359 297 438 331 αὖθις
450 298 562 334 ἄγαλμα
575 298 733 334 ὁμοιότατον
755 297 830 333 αὐτῷ
841 305 927 324 κατα-

137 345 342 381 σκευασθῇ.Τῷ
358 345 408 380 μὲν
422 346 476 380 γὰρ
490 345 630 381 ἀγάλματι
646 344 795 371 ἀπολέσθαι
809 343 861 370 οὐκ
875 343 933 369 ἔστι

138 391 233 428 [κατὰ]
252 391 290 426 τῷ
303 390 378 426 αὐτῷ
396 392 519 427 τεχνίτῃ,
535 391 588 418 κᾶν
610 390 692 418 πάλιν
705 391 744 422 εἰς
760 389 827 424 ὕλην
845 388 913 424 λυθῇ
924 397 932 405 ι

137 437 396 472 ἀποκατασταθῆναι
413 437 441 464 δὲ
454 437 523 464 ἐστι.
540 438 602 469 Τοῖς
615 437 723 472 αῖσχεσι
743 436 790 463 καὶ
802 435 876 471 λωϐή
881 444 934 470 μα-

138 491 182 510 σιν
207 483 356 510 ἀπολέσθαι
381 484 430 519 μὲν
458 483 530 515 ἐστι,
556 484 687 519 τήκονται
704 483 775 519 γάρ·
792 482 934 509 ἀποκατα-

140 530 271 565 σταθῆναι
285 530 314 556 δὲ
329 530 378 557 οὐκ
399 529 468 563 ἔστι,
480 530 525 557 διὰ
542 530 573 556 τὸ
590 531 618 557 ἐν
632 529 709 566 πάσῃ
719 529 800 564 τέχνῃ
814 528 860 554 τὸν
873 528 935 563 ἄρι-

139 584 201 603 στον
214 576 381 612 δημιουργὸν
396 576 433 611 μὴ
462 575 530 610 πρὸς
542 576 573 602 τὸ
590 576 696 611 αἴσχιον
711 575 728 611 ἣ
743 573 937 609 ἐπιτευχθησό-

141 630 221 657 μενον
239 622 316 658 ὁρᾷν,
336 621 404 649 ἀλλά
425 621 493 658 πρὸς
508 622 539 648 τὸ
558 621 714 657 σύμμετρον
730 620 777 648 καὶ
796 620 874 652 εὺθὲς
887 619 934 646 τοῦ

139 668 172 704 δη
177 677 306 704 μιουργου
311 669 391 705 μένου
396 688 403 695 .

982 258 1042 278 rum
1059 249 1155 277 fraude
1172 252 1253 284 atque
1266 247 1367 274 invidia
1379 245 1560 281 turpitudinis
1572 251 1604 271 ac
1616 243 1674 270 vitii
1690 247 1731 268 est
1742 241 1781 268 al-

981 297 1078 326 latum.
1091 294 1291 323 instauratione
1304 301 1336 320 ae
1357 292 1521 320 conflatione
1547 290 1670 318 tollatur.
1692 287 1782 315 Simu—

983 343 1087 370 lacrum
1099 348 1182 376 porro
1198 341 1289 376 ipsum
1302 339 1438 374 integrant
1455 343 1482 366 et
1498 337 1614 365 illaesum
1624 336 1714 363 denuo
1729 333 1781 361 sibi

985 395 1067 423 quam
1091 386 1262 414 simillimum
1285 384 1425 412 reddatur.
1451 383 1491 410 Ita
1512 383 1585 410 enim
1604 385 1703 409 statuae
1728 380 1782 415 ipsi

985 434 1110 468 comigit,
1128 440 1182 460 non
1199 437 1229 459 ut
1243 431 1341 458 artifici
1355 437 1406 458 suo
1420 432 1525 464 pereat,
1542 428 1650 456 tametsi
1666 427 1692 454 in
1703 434 1783 454 suam

988 479 1129 508 materiem
1154 478 1292 510 solvatur;
1307 476 1354 504 sed
1372 476 1442 503 utin
1455 475 1590 509 integrum
1603 473 1782 505 restituatur;

987 526 1064 553 Iabes
1081 528 1172 552 autem
1200 531 1297 552 omnes
1316 530 1349 549 ac
1379 521 1518 549 foeditates
1533 528 1595 547 cum
1620 520 1679 555 ipsa
1704 518 1784 545 colli-

988 571 1119 607 quatione
1136 574 1262 606 pereant,
1283 576 1338 596 non
1352 568 1469 603 amplius
1491 566 1606 594 redeunt
1622 574 1628 592 :
1642 570 1785 600 propterea

989 619 1062 655 quod
1078 618 1106 645 in
1125 616 1200 644 omni
1228 620 1287 643 arte
1301 613 1548 650 praestantissimus
1564 610 1653 647 opifex
1679 619 1733 638 non
1759 609 1786 636 id

990 652 1062 700 quod
1075 664 1103 690 in
1117 670 1201 698 opere
1216 669 1266 688 suo
1280 659 1460 695 turpitudinis
1471 661 1498 685 et
1510 655 1671 684 offensionis
1683 652 1786 689 aliquid

140 717 251 750 habeat,
268 718 314 746 sed
330 717 404 752 quod
422 717 565 753 aptissime
583 717 753 744 modulatutn
776 716 935 750 alfabreque
952 715 1053 741 factum
1067 716 1119 744 est,
1136 710 1187 738 sibi
1204 712 1355 745 proponat.

177 764 281 792 Ταυτὸν
303 765 359 801 γὰρ
369 765 496 799 φαίνεται
510 765 540 792 δέ
557 773 602 800 μοι
617 765 665 791 καὶ
687 765 730 799 ἐφ’
754 764 833 800 ἡμῶν
847 764 861 790 ὁ
872 763 940 795 Θεὸς

141 810 227 843 οὕτως
240 811 482 847 διῳκονομηκέναι.
498 811 550 838 Τὸν
565 812 619 848 γὰρ
634 811 777 847 ἄνθρωπον
794 810 828 837 τὸ
842 810 940 845 εὐπρε-

143 855 276 883 πέστατον
293 856 390 883 ἑαυτοῦ
401 856 535 892 τέχνημα,
546 855 692 891 βασκάνοις
706 855 875 887 ἐπιϐουλαῖς,
892 855 938 881 καὶ

143 901 233 937 φθόνῳ
240 902 432 938 κεκακωμένον
445 901 517 935 ἰδὼν,
528 903 578 929 οὐκ
588 902 718 937 ἠνέσχετο
727 902 846 928 τοιοῦτον
855 909 939 927 κατα-

143 948 235 983 λείψαι
250 949 443 984 φιλάνθρωπος
464 948 512 980 ὢν,
531 949 606 980 ὅπως
621 948 658 984 μὴ
671 948 706 974 δι’
717 947 816 979 αἰῶνος
833 947 876 982 εἴη
891 955 940 981 με-

144 995 322 1031 μωμημένος,
349 995 483 1022 ἀθάνατον
505 995 575 1031 ἔχων
598 995 627 1021 ὲν
657 993 747 1029 ἑαυτῷ
768 993 815 1020 τὸν
837 992 938 1028 ψόγον·

143 1042 212 1069 ἀλλά
238 1042 360 1069 διέλυσεν
385 1044 425 1074 εἰς
443 1041 510 1077 ὕλην
525 1042 618 1072 πάλιν,
635 1041 678 1067 ἵνα
697 1041 742 1068 διὰ
755 1041 804 1076 τῆς
817 1039 941 1067 ἀναπλά-

144 1095 215 1120 σεως
228 1088 374 1118 ἑκτακῶσι.
388 1088 436 1115 καὶ
451 1088 653 1123 ὲξαφανισθῶσι
668 1087 757 1114 πάντα
773 1086 808 1113 τὰ
818 1087 847 1113 ὲν
866 1084 942 1121 αὺτῷ

146 1134 316 1168 μωμήματα.
348 1134 385 1160 Τὸ
407 1133 462 1170 γὰρ
489 1135 547 1160 ἐκεῖ
577 1132 799 1168 ἀναχωνευθῆναι
821 1131 868 1158 τὸν
893 1131 941 1157 ἀν-

145 1179 268 1215 δριάντα,
281 1179 362 1206 τοῦτο
372 1179 403 1206 τὸ
415 1179 535 1207 ἐνταῦθα
549 1179 708 1212 ἀποθανεῖν,
722 1179 771 1206 καὶ
784 1177 943 1213 διαλυθῆναι

144 1225 175 1252 τὸ
192 1224 272 1261 σῶμα.
285 1234 292 1240 ·
311 1225 341 1252 τὸ
359 1225 388 1252 δὲ
413 1226 471 1252 ἐκεῖ
483 1224 784 1262 ἀναμορφωποιηθῆναι
797 1224 847 1259 τὴν
865 1223 941 1258 ὓλην,

146 1270 475 1307 ῆάνακοσμοποιηθῆναι,
498 1271 579 1297 τοῦτο
596 1269 714 1298 ἐνταῦθα
733 1269 802 1306 μετά
823 1269 853 1296 τὸ
875 1269 944 1296 ἀπο-

146 1316 238 1344 θανεῖν
253 1317 283 1344 τὺ
292 1317 444 1352 ἀναστῆναι
456 1326 464 1333 ·
480 1316 576 1353 ὥσπερ
596 1317 643 1344 καὶ
658 1317 673 1343 ό
691 1316 836 1352 προφήτης
861 1316 944 1352 Ἰερε-

149 1363 224 1400 μίας.
234 1364 345 1396 Τούτοις
360 1363 415 1400 γὰρ
439 1364 490 1400 ἠδη
502 1374 505 1378 '
516 1364 564 1391 καὶ
576 1363 657 1395 αὐτὸς
673 1359 725 1390 ὧδε
741 1363 828 1389 ταῦτα
843 1371 946 1397 παρεγ-

147 1411 212 1446 γυᾷ,
230 1410 285 1438 Καὶ
305 1410 445 1444 κατέϐην,
460 1410 558 1445 λέγων,
571 1411 615 1444 εὶς
626 1409 681 1437 τὸν
694 1408 779 1437 οἷκον
791 1409 844 1436 τοῦ
858 1417 946 1444 κερα-

149 1456 240 1491 μέως·
254 1457 304 1483 καὶ
320 1456 385 1484 ἰδοὺ
400 1456 493 1488 αὐτὸς
503 1456 597 1483 ἐποίει
605 1455 695 1491 ἔργον
706 1455 755 1482 ἐπὶ
771 1455 831 1482 τῶν
843 1455 945 1486 λίθων,

1028 760 1100 788 Idem
1117 758 1199 795 igitur
1221 759 1247 785 in
1263 756 1342 784 nobis
1360 754 1459 782 fecisse
1481 753 1548 780 mihi
1564 751 1637 779 Deus
1656 756 1683 779 et
1699 750 1788 778 admi-

992 807 1127 835 nistrasse
1143 805 1261 832 videtur.
1274 804 1343 830 Cum
1360 802 1434 830 enim
1453 799 1592 827 hominen:
1613 797 1787 833 elegantissi-

992 860 1067 880 mum
1083 860 1152 887 opus
1169 859 1248 879 suum
1268 847 1452 876 fraudulenlis
1470 846 1575 873 artibus
1587 849 1668 880 atque
1683 842 1786 870 invidia

990 899 1110 935 pessime
1126 897 1253 925 allectum
1269 895 1384 927 videret,
1401 893 1482 921 talem
1493 900 1543 928 pro
1560 899 1609 919 sua
1621 890 1788 925 benignitate

991 946 1147 980 relinquere
1174 943 1272 974 noluit,
1298 949 1331 969 ne
1350 941 1402 968 hac
1425 941 1452 967 in
1479 946 1588 966 omnem
1607 937 1787 964 mter-nitatem

991 992 1099 1020 macula
1123 993 1196 1018 esset
1224 988 1368 1020 infectum,
1384 994 1446 1015 cum
1471 986 1665 1021 sempiternam
1681 984 1708 1010 in
1726 990 1787 1010 sese

991 1039 1081 1066 labem
1094 1037 1168 1065 illam
1189 1035 1339 1068 retineret;
1356 1033 1405 1062 sed
1434 1033 1461 1060 in
1478 1032 1622 1059 materiam
1638 1030 1728 1057 denuo
1747 1037 1788 1056 re-

993 1084 1085 1116 solvit.
1101 1089 1130 1110 ut.
1162 1081 1294 1118 quidquid
1321 1081 1350 1108 in
1368 1087 1401 1108 eo
1420 1079 1549 1107 vitiosutn
1565 1081 1633 1109 erat,
1653 1075 1787 1103 reforma-

992 1131 1068 1158 tione
1083 1129 1143 1165 ipsa
1151 1129 1225 1156 velut
1239 1128 1389 1163 eliquatum
1398 1129 1480 1160 atque
1495 1124 1662 1152 exstinctum
1675 1121 1786 1157 periret.

994 1177 1073 1210 Quod
1105 1176 1178 1204 enim
1210 1174 1265 1201 illic
1298 1177 1342 1201 est
1371 1176 1469 1201 stature
1494 1169 1633 1202 coullatio,
1656 1167 1727 1195 idem
1744 1167 1788 1194 hic

995 1231 1069 1251 mors
1082 1225 1125 1250 est
1157 1220 1356 1255 dissolutioque
1379 1217 1505 1253 corporis
1518 1225 1525 1249 ;
1541 1223 1574 1243 ac
1589 1213 1662 1250 quod
1676 1214 1732 1241 illic
1745 1217 1788 1241 est

995 1270 1095 1296 iterum
1122 1266 1290 1295 conformari
1312 1264 1455 1292 materiam
1480 1267 1563 1298 atque
1579 1262 1608 1289 in
1642 1259 1790 1296 pristinum

996 1315 1113 1343 nitorem
1130 1313 1249 1344 restitui.
1262 1311 1333 1340 idem
1344 1311 1389 1338 hic
1398 1313 1509 1345 estpost
1522 1308 1625 1335 obitum
1635 1313 1789 1342 resurgere.

997 1362 1048 1390 Cui
1077 1367 1104 1389 et
1137 1359 1271 1396 propheta
1295 1357 1429 1385 Jeremias
1457 1355 1633 1391 astipulatur.
1650 1352 1702 1380 llic
1715 1352 1791 1380 enim

997 1408 1093 1436 eadem
1120 1407 1233 1434 omnino
1262 1405 1345 1432 docet
1370 1403 1414 1431 his
1430 1402 1521 1430 verbis
1540 1411 1546 1428 :
1563 1399 1597 1427 Et
1622 1398 1744 1426 descendi
1764 1398 1793 1424 in

997 1455 1105 1482 domum
1121 1453 1212 1489 ﬁguli;
1231 1457 1256 1479 et
1264 1460 1321 1479 ecce
1332 1450 1377 1478 ille
1391 1448 1506 1484 faciebat
1525 1455 1590 1482 opus
1606 1453 1685 1481 super
1697 1443 1795 1479 lapidi-

149 1503 199 1530 καί
223 1502 346 1530 διέπεσε
368 1502 402 1529 τὸ
417 1502 538 1537 ἀγγεῖον
559 1502 575 1529 ὃ
589 1502 684 1529 ἐποίει
706 1502 741 1528 ἐν
751 1501 816 1534 ταῖς
841 1501 948 1536 χερσὶν

1002 1502 1058 1535 bus,
1070 1506 1094 1529 et
1107 1500 1205 1529 excidit
1216 1508 1272 1531 vas,
1290 1498 1359 1533 quod
1375 1496 1489 1532 ﬁngebat
1504 1496 1531 1521 in
1550 1493 1673 1520 manibus
1686 1492 1753 1523 suis,
1769 1494 1795 1517 et

150 1548 254 1582 αὐτοῦ,
267 1548 317 1575 καὶ
333 1548 428 1575 πάλιν
441 1548 588 1582 ἐποίησεν
601 1548 675 1576 αὐτὸ
693 1547 815 1582 ἀγγεῖον
833 1547 946 1581 ἕτερον,

1002 1556 1108 1575 rursum
1120 1547 1198 1582 ﬁnali
1210 1546 1255 1573 ille
1274 1553 1321 1572 vas
1339 1543 1452 1571 alterum
1462 1539 1685 1577 quemadmodum
1696 1537 1797 1571 placuit

153 1594 252 1628 καθὼς
267 1594 380 1629 ἤρεσεν
392 1592 523 1621 ἐνώπιον
548 1593 642 1621 αὑτοῦ
658 1593 712 1620 τοῦ
736 1593 872 1627 ποιῆσαι.
894 1592 948 1620 Kal

1002 1593 1054 1625 illi,
1066 1597 1094 1619 ut
1109 1592 1217 1628 faceret.
1237 1590 1271 1618 Et
1290 1590 1392 1625 factum
1419 1592 1458 1616 est
1471 1588 1577 1615 verbum
1596 1584 1704 1613 Domini
1717 1583 1796 1619 551

151 1641 270 1676 ἐγένετο
287 1641 380 1676 λόγος
403 1640 515 1675 Κυρίου
525 1639 657 1675 πρὸς-μὲ,
670 1639 785 1675 λέγων’
804 1640 838 1665 El
854 1638 952 1672 καθὼς

151 1688 170 1714 ὁ
186 1686 333 1721 κεραμεὺς
348 1683 447 1718 οὗτος,
475 1686 511 1712 οὐ
528 1684 699 1720 δυνήσομαι
718 1684 808 1712 τοῦτο
825 1684 953 1719 ποιῆσαι

152 1732 242 1768 ὑμᾶς,
264 1730 348 1766 οἶκος
376 1732 430 1759 τοῦ
458 1731 599 1766 Ἰσραήλ;
632 1731 711 1758 Ἰδοὺ
735 1733 751 1758 ὁ
778 1731 877 1766 πηλὸς
900 1731 954 1758 τοῦ

154 1779 306 1815 κεραμέως
321 1779 408 1814 ὑμεῖς
432 1779 504 1806 ἐστε
524 1779 559 1805 ἐν
571 1778 636 1812 ταῖς
654 1778 742 1813 χερσί
756 1787 828 1812 μου.
889 1809 892 1812 ,

189 1827 256 1854 KII'.
269 1826 392 1862 Πρόσχες
407 1826 461 1862 γὰρ
475 1826 559 1857 ὅπως,
575 1825 613 1857 ὡς
633 1824 711 1860 ἔφην,
727 1824 796 1860 μετὰ
811 1824 841 1851 τὸ
855 1833 953 1860 παρα-

154 1874 235 1910 ϐῆναι
248 1874 293 1900 τὸν
305 1873 459 1909 ἄνθρωπον,
472 1874 489 1908 ἡ
508 1872 613 1908 μεγάλη
627 1872 697 1907 χεὶρ,
712 1872 753 1903 είς
762 1872 835 1903 νῖκος
846 1871 852 1886 ¹
871 1880 954 1898 xoret:

155 1920 246 1955 λεῖψαι
258 1920 289 1946 τὸ
302 1920 401 1955 ἑαυτῆς
417 1918 498 1956 ἔργον
522 1919 573 1945 οὐκ
590 1917 741 1954 ηὐδόκησεν
766 1917 803 1949 ὡς
819 1917 956 1952 κίϐδηλον,

163 1965 282 2002 πονηροῦ
294 1966 393 1997 ἀδίκως
404 1965 469 1991 αὐτὸ
479 1964 673 2000 λυμηναμένου
684 1963 829 1999 βασκάνοις
839 1963 939 1994 αἰτίαις
950 1971 958 1979 ⁸

159 2012 227 2039 ἀλλά
244 2011 380 2047 ἀνατήξας
397 2011 541 2037 ἀνέδευσεν
555 2007 634 2042 αὖθις
649 2010 690 2042 εἰς
708 2010 804 2045 me»,
821 2008 865 2036 οἶα
877 2018 960 2045 κερα-

161 2058 238 2093 μεὺς,
257 2057 286 2089 ὃς
299 2057 481 2084 ἀναπλάσσων
495 2057 560 2084 αὐτὸ
584 2056 653 2092 πρὸς
666 2056 696 2083 τὸ
709 2056 894 2091 ἀφανισθῆναι
911 2055 961 2090 μὲν

158 2103 204 2130 διὰ
235 2103 285 2138 τῆς
302 2103 482 2134 ἀναπλάσεως
507 2103 597 2129 πάντα
614 2102 648 2129 τὰ
661 2103 689 2128 ἐν
706 2102 781 2137 αὐτῷ
796 2102 888 2137 αἴσχη,
909 2101 955 2127 καὶ

160 2149 312 2184 θλάσματα,
324 2148 474 2184 γενηθῆναι
482 2157 510 2175 τε
520 2148 551 2175 τὸ
562 2149 616 2175 πᾶν
625 2148 728 2175 ἄνωθεν
737 2148 890 2183 ἀμέμπτως
897 2148 962 2183 ἀρε-

161 2195 234 2222 στόν.
247 2191 286 2222 Ἦ
300 2195 356 2221 οὐκ
369 2195 433 2228 ἕχει
443 2194 592 2226 ἐξουσίαν
604 2195 621 2221 d
633 2193 782 2228 κεραμεὺς
792 2193 845 2220 τοῦ
861 2193 962 2226 πηλοῦ

1003 1639 1037 1667 ad
1065 1647 1105 1666 me
1130 1639 1219 1665 dicens
1237 1645 1246 1664 :
1261 1636 1292 1664 Si
1311 1634 1534 1671 quemadmodum
1554 1631 1652 1668 ﬁgulus
1673 1631 1729 1665 ipse
1747 1636 1800 1656 non

1003 1690 1093 1720 potero
1112 1685 1160 1712 hoc
1172 1684 1259 1719 facere
1287 1682 1370 1713 vobis.
1385 1681 1480 1708 domu:
1491 1679 1601 1706 Israel?
1621 1676 1690 1704 Ecce
1716 1675 1800 1703 lutum

1005 1731 1079 1768 ﬁguli
1099 1739 1143 1758 vos
1162 1730 1226 1758 estis
1238 1730 1265 1757 in
1275 1728 1398 1756 manibus
1412 1727 1476 1754 meis
1489 1727 1512 1752 ‘.

1042 1820 1162 1849 XXVIII.
1195 1819 1283 1848 Velim
1308 1818 1381 1846 istud
1403 1816 1537 1847 attendas,
1558 1815 1596 1842 uti
1616 1813 1683 1844 dixi,
1702 1815 1801 1847 'quem-

1008 1867 1156 1895 admodum
1171 1869 1234 1901 post
1251 1864 1371 1891 hominis
1384 1863 1514 1890 delictum
1530 1860 1627 1895 ingens
1643 1859 1689 1886 illa
1704 1863 1802 1884 manus

1009 1921 1078 1949 opus
1092 1920 1174 1940 suum
1201 1916 1332 1945 tanquam
1357 1909 1543 1936 adulterinum
1572 1907 1599 1933 in
1618 1909 1693 1932 tanta
1708 1907 1802 1931 contu-

1010 1960 1091 1987 Innlin
1108 1959 1279 1994 “probroque
1308 1957 1465 1990 relinquere
1492 1953 1621 1985 noluerit,
1652 1958 1714 1978 cum
1744 1957 1804 1977 eun!

1011 2005 1134 2033 nefarius
1164 2003 1252 2031 hostis
1281 2010 1314 2029 ex
1343 2001 1445 2028 invidia
1466 1999 1605 2026 violasset.
1623 1995 1677 2023 Sed
1710 2001 1807 2021 rursus

1011 2053 1172 2087 eliquatum,
1189 2050 1260 2078 etin
1280 2049 1366 2076 lutum
1388 2047 1531 2075 subactum
1556 2043 1630 2078 figuli
1649 2050 1724 2068 more
1736 2039 1806 2067 refe-

1013 2098 1090 2130 cerit.
1105 2101 1135 2124 ut
1148 2104 1180 2123 ea
1194 2095 1390 2123 reformatione
1405 2092 1588 2128 quodcunque
1598 2090 1624 2116 in
1633 2097 1666 2116 eo
1677 2088 1808 2116 foedatum

1014 2153 1045 2172 ac
1063 2144 1228 2172 contusione
1248 2142 1432 2170 deformatum
1447 2144 1506 2167 erat
1520 2138 1630 2174 penitus
1655 2136 1808 2166 tolleretur;

1015 2191 1104 2225 ipsius
1122 2197 1188 2217 vero
1203 2189 1354 2224 opificium,
1373 2190 1402 2214 ut
1410 2190 1470 2214 erat
1481 2189 1573 2216 antea.
1586 2183 1809 2219 reprehensionis

160 2242 195 2268 ὲκ
208 2240 261 2268 τοῦ
279 2239 373 2267 αὑτοῦ
387 2238 562 2274 φυράματος
581 2238 708 2273 ποιῆσαι
729 2238 853 2271 σκεῦος,
872 2238 887 2264 ὃ
905 2237 948 2272 μὲ

1002 2247 1004 2255 ν
1021 2245 1119 2272 expers
1134 2244 1166 2263 ac
1179 2236 1331 2271 jucundum
1346 2233 1463 2261 exsistit.
1483 2233 1577 2258 Annon
1600 2230 1677 2257 habet
1697 2233 1808 2264 potesta-

161 2289 205 2321 είς
222 2286 323 2322 τιμὴν,
340 2286 356 2313 ὃ
372 2286 407 2313 δὲ
418 2288 462 2319 εις
472 2286 608 2321 damur;
635 2286 667 2312 Ὃ
682 2285 713 2320 δή
723 2286 782 2311 ἐστι
806 2284 896 2319 (τοῦτο
910 2284 965 2320 γὰρ

161 2334 176 2360 ὁ
200 2333 360 2365 Ἀπόστολός
385 2341 430 2368 μοι
450 2332 547 2369 δηλοῦν
562 2332 716 2367 φαίνεται)·
737 2331 783 2366 Μή
800 2339 826 2357 τι
840 2330 966 2362 ἐξουσίαν

162 2379 214 2406 οὐκ
245 2378 302 2414 ἔχει
327 2379 342 2405 ὁ
369 2378 436 2410 Θεὸς
464 2378 518 2405 ἀπὸ
541 2378 590 2413 τῆς
605 2378 670 2414 ὕλης
689 2378 806 2405 ἑκάστου
819 2377 870 2413 τῆς
880 2376 965 2413 αὐτῆς

162 2425 333 2457 ἀναπλάσας,
357 2425 404 2451 καὶ
428 2424 625 2461 ἁνακοσμήσας
647 2422 716 2456 εῐδος
742 2424 868 2456 ἕκαστον,
889 2423 906 2459 ἢ
925 2424 966 2456 εἰς

165 2471 249 2507 τιμὴν
271 2471 351 2506 ἡμῶν
380 2471 531 2506 ἀναστῆναι
560 2471 607 2498 καὶ
636 2471 716 2503 δόξαν
745 2470 761 2506 ἢ
791 2470 831 2502 εἰς
852 2469 962 2505 ἀτιμίαν

165 2517 212 2544 καὶ
242 2517 422 2553 κατάκρισιν;
448 2517 497 2550 Et;
517 2516 631 2553 ἀτιμίαν
659 2517 709 2552 μὲν
738 2516 793 2542 τῶν
812 2517 842 2543 ὲν
873 2516 964 2552 ἁμαρ-

165 2564 236 2596 τίαις
265 2563 375 2598 φαύλως
399 2564 577 2599 βιωσάντων,
613 2563 654 2595 εἰς
677 2563 760 2598 τιμὴν
788 2563 817 2589 δὲ
849 2562 905 2589 τῶν
935 2563 965 2588 ὲν

165 2610 322 2646 δικαιοσύνῃ
332 2619 339 2626 ·
354 2610 482 2647 καθάπερ
503 2609 627 2647 ἐδηλώθη
645 2610 693 2636 καὶ
707 2609 746 2644 τῷ
768 2608 868 2644 Δανιὴλ
878 2629 885 2642 ,
904 2608 970 2636 Ὅτι

166 2658 275 2685 πολλοὶ
294 2657 355 2685 τῶν
367 2658 574 2686 καθευδόντων
595 2658 630 2685 ὲν
646 2657 703 2693 γῆς
715 2657 836 2692 χώματι,
852 2655 970 2690 λέγοντι,

167 2703 429 2739 ἐῖεγερθήσονται.
442 2702 525 2732 οὗτοι
535 2705 579 2738 εις
594 2703 672 2738 ζωὴν
681 2702 812 2736 αἰώνιον,
821 2702 870 2729 καὶ
884 2700 968 2731 οὗτοι

168 2752 212 2784 εἷς
224 2751 396 2786 ὀνειδισμὸν
407 2751 457 2779 και
468 2752 622 2787 αἰσχύνην
633 2749 768 2785 αἱώνιονί·
783 2749 841 2779 καὶ.
852 2750 884 2776 Ol
895 2757 972 2776 (rvr-

171 2798 266 2830 ’ἐντος
289 2797 505 2833 ἐκλάμψουσιν
529 2798 570 2831 ὠς
587 2799 606 2832 ή
632 2798 809 2832 λαμπρότης
827 2795 881 2823 τοῦ
897 2803 967 2822 στε-

208 2877 217 2893 ¹
237 2875 267 2904 ιτ.
283 2877 381 2909 νεῖκος.
420 2878 431 2893 ³
450 2877 507 2905 Ier.
524 2886 602 2909 xvnl,
619 2876 679 2905 5-6.
719 2876 729 2892 ³
743 2875 821 2904 IIom.
837 2882 874 2907 Ix,
890 2873 939 2902 21.

1022 2289 1072 2311 tem
1086 2283 1183 2318 figulus
1200 2282 1249 2309 luti
1263 2289 1295 2308 ea:
1305 2280 1396 2308 eadem
1410 2287 1501 2306 nzassa
1512 2278 1598 2312 facere
1611 2284 1668 2307 vas,
1684 2275 1759 2302 aliud
1775 2274 1809 2300 ad

1019 2329 1156 2360 honorem,
1176 2328 1249 2355 aliud
1272 2326 1305 2354 ad
1323 2323 1553 2353 conlumeliam’?
1576 2321 1654 2355 Quod
1680 2321 1750 2348 idem
1770 2323 1810 2347 est

1015 2376 1054 2411 (id
1071 2375 1144 2403 enim
1171 2374 1327 2410 significare
1352 2372 1417 2399 mihi
1433 2371 1502 2398 velle
1526 2369 1635 2396 videtur
1651 2368 1811 2402 Apostolus)

1015 2432 1048 2452 ac
1063 2425 1086 2452 si
1102 2424 1227 2451 diceret:
1243 2421 1339 2449 Nonne
1354 2423 1517 2456 potestatem
1536 2417 1618 2444 habet
1636 2415 1708 2442 Deus
1725 2423 1756 2442 ex
1772 2422 1812 2441 ea-

1015 2473 1078 2500 dem
1092 2471 1226 2506 cujusque
1241 2468 1354 2496 materia
1361 2466 1532 2502 singulorum
1552 2464 1667 2491 formam
1682 2461 1810 2490 reficiens

1016 2525 1044 2547 et
1061 2519 1230 2548 instaurans,
1250 2515 1334 2542 alium
1344 2514 1377 2541 ad
1395 2514 1527 2541 honorem
1543 2517 1570 2540 et
1583 2511 1711 2547 gloriam,
1729 2509 1813 2535 alium

1019 2565 1053 2593 ad
1068 2563 1209 2592 infamiam
1228 2567 1256 2590 el
1270 2559 1473 2589 datunationem
1487 2556 1627 2586 excitare?
1640 2555 1681 2582 Ad
1698 2553 1812 2590 ignomi-

1018 2612 1093 2639 niam
1106 2610 1216 2646 quidem
1230 2617 1278 2636 eos
1295 2607 1341 2643 qui
1357 2607 1385 2634 in
1410 2610 1587 2642 peccatorum
1615 2600 1813 2630 consuetudine

1019 2657 1138 2693 turpiter
1152 2657 1298 2688 vixerunt;
1313 2655 1346 2681 ad
1364 2654 1496 2681 honorem
1521 2658 1588 2679 vero
1602 2657 1652 2678 eos
1666 2648 1713 2684 qui
1728 2647 1813 2674 vitam

1019 2704 1053 2730 ad
1062 2692 1199 2738 justitiam
1210 2699 1464 2729 accommodarunt.
1474 2697 1552 2731 Quod
1568 2700 1596 2724 et
1611 2703 1626 2722 a
1641 2694 1752 2722 Daniele
1765 2692 1826 2720 de-~

1019 2749 1154 2778 eiaratum
1170 2752 1213 2776 est
1226 2758 1234 2776 :
1246 2748 1380 2781 Quoniam
1392 2746 1471 2774 multi
1483 2743 1673 2773 dormientium
1691 2742 1719 2768 in
1734 2745 1814 2767 terra:

1021 2804 1114 2831 aggere
1129 2799 1276 2831 resurget",
1289 2794 1316 2822 hi
1335 2794 1369 2822 ad
1381 2793 1462 2822 vitam
1469 2796 1607 2823 (uernam,
1624 2793 1649 2817 et
1660 2788 1687 2815 Ιιί
1703 2787 1737 2815 ad
1749 2794 1816 2822 prc-
