  <div class='ocr_page' id='page_1' title='image "/cluster/home/n/w/nwhite01/storage/ocr_20150623/41/njp.32101007805813/583.png"; bbox 0 0 1958 3050; ppageno 0'>
   <div class='ocr_carea' id='block_1_1' title="bbox 126 100 197 128">
    <p class='ocr_par' dir='ltr' id='par_1_1' title="bbox 126 100 197 128">
     <span class='ocr_line' id='line_1_1' title="bbox 126 100 197 128; baseline 0.028 -2"><span class='ocrx_word' id='word_1_1' title='bbox 126 100 197 128; x_wconf 80' lang='grc'><strong>1115</strong></span> 
     </span>
    </p>
   </div>
   <div class='ocr_carea' id='block_1_2' title="bbox 827 113 1049 144">
    <p class='ocr_par' dir='ltr' id='par_1_2' title="bbox 827 113 1049 144">
     <span class='ocr_line' id='line_1_2' title="bbox 827 113 1049 144; baseline 0.018 -4"><span class='ocrx_word' id='word_1_2' title='bbox 827 113 856 140; x_wconf 80' lang='lat' dir='ltr'><strong>S.</strong></span> <span class='ocrx_word' id='word_1_3' title='bbox 878 113 1049 144; x_wconf 79' lang='lat' dir='ltr'><strong>EPIPHANII</strong></span> 
     </span>
    </p>
   </div>
   <div class='ocr_carea' id='block_1_3' title="bbox 1688 118 1758 145">
    <p class='ocr_par' dir='ltr' id='par_1_3' title="bbox 1688 118 1758 145">
     <span class='ocr_line' id='line_1_3' title="bbox 1688 118 1758 145; baseline 0 0"><span class='ocrx_word' id='word_1_4' title='bbox 1688 118 1758 145; x_wconf 70' lang='lat'><strong>“1‘3</strong></span> 
     </span>
    </p>
   </div>
   <div class='ocr_carea' id='block_1_4' title="bbox 125 160 1759 215">
    <p class='ocr_par' dir='ltr' id='par_1_4' title="bbox 125 160 1759 215">
     <span class='ocr_line' id='line_1_4' title="bbox 125 160 1759 215; baseline 0.01 -28"><span class='ocrx_word' id='word_1_5' title='bbox 125 160 207 215; x_wconf 42' lang='lat' dir='ltr'><strong>linunt.</strong></span> <span class='ocrx_word' id='word_1_6' title='bbox 221 170 244 189; x_wconf 81' lang='lat' dir='ltr'><strong>et</strong></span> <span class='ocrx_word' id='word_1_7' title='bbox 257 162 369 215; x_wconf 58' lang='lat' dir='ltr'><strong>dedecus</strong></span> <span class='ocrx_word' id='word_1_8' title='bbox 381 167 567 215; x_wconf 65' lang='lat' dir='ltr'><strong>sempiternum</strong></span> <span class='ocrx_word' id='word_1_9' title='bbox 578 171 597 202; x_wconf 89' lang='lat'><strong>&#39;;</strong></span> <span class='ocrx_word' id='word_1_10' title='bbox 614 174 641 197; x_wconf 91' lang='lat' dir='ltr'><strong>et</strong></span> <span class='ocrx_word' id='word_1_11' title='bbox 658 171 729 204; x_wconf 84' lang='lat' dir='ltr'><strong>:Qui</strong></span> <span class='ocrx_word' id='word_1_12' title='bbox 752 173 915 209; x_wconf 83' lang='lat' dir='ltr'><strong>intelligunt,</strong></span> <span class='ocrx_word' id='word_1_13' title='bbox 931 177 1125 212; x_wconf 70' lang='grc' dir='ltr'>Αρεώματος.</span> <span class='ocrx_word' id='word_1_14' title='bbox 1141 179 1198 214; x_wconf 78' lang='grc' dir='ltr'><strong>Ἐφ’</strong></span> <span class='ocrx_word' id='word_1_15' title='bbox 1210 180 1278 215; x_wconf 82' lang='grc' dir='ltr'>ἡμῖν</span> <span class='ocrx_word' id='word_1_16' title='bbox 1294 179 1348 215; x_wconf 81' lang='grc' dir='ltr'><strong>γὰρ</strong></span> <span class='ocrx_word' id='word_1_17' title='bbox 1370 179 1401 205; x_wconf 75' lang='grc' dir='ltr'><strong>οὐ</strong></span> <span class='ocrx_word' id='word_1_18' title='bbox 1423 178 1454 205; x_wconf 76' lang='grc' dir='ltr'>τὸ</span> <span class='ocrx_word' id='word_1_19' title='bbox 1469 177 1600 212; x_wconf 74' lang='grc' dir='ltr'><strong>ἀφανίσαι</strong></span> <span class='ocrx_word' id='word_1_20' title='bbox 1611 177 1661 213; x_wconf 83' lang='grc' dir='ltr'><strong>τὴν</strong></span> <span class='ocrx_word' id='word_1_21' title='bbox 1680 177 1759 213; x_wconf 78' lang='grc' dir='ltr'>ρίξαν</span> 
     </span>
    </p>
   </div>
   <div class='ocr_carea' id='block_1_5' title="bbox 127 206 917 248">
    <p class='ocr_par' dir='ltr' id='par_1_5' title="bbox 127 206 917 248">
     <span class='ocr_line' id='line_1_5' title="bbox 127 206 917 248; baseline 0.022 -17"><span class='ocrx_word' id='word_1_22' title='bbox 127 206 261 241; x_wconf 79' lang='lat' dir='ltr'><strong>fulgebunt</strong></span> <span class='ocrx_word' id='word_1_23' title='bbox 279 209 346 236; x_wconf 82' lang='lat' dir='ltr'><strong>sicut</strong></span> <span class='ocrx_word' id='word_1_24' title='bbox 362 211 486 244; x_wconf 79' lang='lat' dir='ltr'><strong>splendor</strong></span> <span class='ocrx_word' id='word_1_25' title='bbox 499 214 660 248; x_wconf 76' lang='lat' dir='ltr'><strong>ﬁrmamenti</strong></span> <span class='ocrx_word' id='word_1_26' title='bbox 674 218 695 244; x_wconf 86' lang='grc'>¹.</span> <span class='ocrx_word' id='word_1_27' title='bbox 715 217 761 246; x_wconf 85' lang='lat' dir='ltr'><strong>Est</strong></span> <span class='ocrx_word' id='word_1_28' title='bbox 777 206 849 246; x_wconf 76' lang='lat' dir='ltr'><strong>enini</strong></span> <span class='ocrx_word' id='word_1_29' title='bbox 866 220 917 248; x_wconf 88' lang='lat' dir='ltr'><strong>hoc</strong></span> 
     </span>
    </p>
   </div>
   <div class='ocr_carea' id='block_1_6' title="bbox 128 252 917 299">
    <p class='ocr_par' dir='ltr' id='par_1_6' title="bbox 128 252 917 299">
     <span class='ocr_line' id='line_1_6' title="bbox 128 252 917 299; baseline 0.019 -21"><span class='ocrx_word' id='word_1_30' title='bbox 128 252 155 279; x_wconf 89' lang='lat' dir='ltr'><strong>in</strong></span> <span class='ocrx_word' id='word_1_31' title='bbox 186 259 277 281; x_wconf 87' lang='lat' dir='ltr'><strong>nostra</strong></span> <span class='ocrx_word' id='word_1_32' title='bbox 308 261 441 290; x_wconf 80' lang='lat' dir='ltr'><strong>potestate</strong></span> <span class='ocrx_word' id='word_1_33' title='bbox 463 261 594 294; x_wconf 85' lang='lat' dir='ltr'><strong>positum,</strong></span> <span class='ocrx_word' id='word_1_34' title='bbox 607 271 660 290; x_wconf 88' lang='lat' dir='ltr'><strong>non</strong></span> <span class='ocrx_word' id='word_1_35' title='bbox 678 268 707 290; x_wconf 90' lang='lat' dir='ltr'><strong>ut</strong></span> <span class='ocrx_word' id='word_1_36' title='bbox 735 265 917 299; x_wconf 88' lang='lat' dir='ltr'><strong>itnprobitatis</strong></span> 
     </span>
    </p>
   </div>
   <div class='ocr_carea' id='block_1_7' title="bbox 128 300 916 344">
    <p class='ocr_par' dir='ltr' id='par_1_7' title="bbox 128 300 916 344">
     <span class='ocr_line' id='line_1_7' title="bbox 128 300 916 344; baseline 0.018 -20"><span class='ocrx_word' id='word_1_37' title='bbox 128 300 236 327; x_wconf 80' lang='lat' dir='ltr'><strong>radices</strong></span> <span class='ocrx_word' id='word_1_38' title='bbox 250 304 357 335; x_wconf 84' lang='lat' dir='ltr'><strong>penitus</strong></span> <span class='ocrx_word' id='word_1_39' title='bbox 373 305 533 335; x_wconf 78' lang='lat' dir='ltr'><strong>eVellamus.</strong></span> <span class='ocrx_word' id='word_1_40' title='bbox 554 307 601 334; x_wconf 87' lang='lat' dir='ltr'><strong>sed</strong></span> <span class='ocrx_word' id='word_1_41' title='bbox 622 313 696 336; x_wconf 83' lang='lat' dir='ltr'><strong>utne</strong></span> <span class='ocrx_word' id='word_1_42' title='bbox 711 311 827 344; x_wconf 81' lang='lat' dir='ltr'><strong>amplius</strong></span> <span class='ocrx_word' id='word_1_43' title='bbox 843 312 916 339; x_wconf 89' lang='lat' dir='ltr'><strong>illam</strong></span> 
     </span>
    </p>
   </div>
   <div class='ocr_carea' id='block_1_8' title="bbox 128 349 918 391">
    <p class='ocr_par' dir='ltr' id='par_1_8' title="bbox 128 349 918 391">
     <span class='ocr_line' id='line_1_8' title="bbox 128 349 918 391; baseline 0.018 -21"><span class='ocrx_word' id='word_1_44' title='bbox 128 352 288 373; x_wconf 75' lang='lat' dir='ltr'><strong>excrescete</strong></span> <span class='ocrx_word' id='word_1_45' title='bbox 307 356 338 374; x_wconf 85' lang='lat' dir='ltr'><strong>ac</strong></span> <span class='ocrx_word' id='word_1_46' title='bbox 369 349 475 378; x_wconf 82' lang='lat' dir='ltr'><strong>fructus</strong></span> <span class='ocrx_word' id='word_1_47' title='bbox 502 352 582 380; x_wconf 87' lang='lat' dir='ltr'><strong>edere</strong></span> <span class='ocrx_word' id='word_1_48' title='bbox 612 355 758 388; x_wconf 79' lang='lat' dir='ltr'><strong>patiamur.</strong></span> <span class='ocrx_word' id='word_1_49' title='bbox 777 355 918 391; x_wconf 83' lang='lat' dir='ltr'><strong>Siquidem</strong></span> 
     </span>
    </p>
   </div>
   <div class='ocr_carea' id='block_1_9' title="bbox 128 392 917 437">
    <p class='ocr_par' dir='ltr' id='par_1_9' title="bbox 128 392 917 437">
     <span class='ocr_line' id='line_1_9' title="bbox 128 392 917 437; baseline 0.016 -20"><span class='ocrx_word' id='word_1_50' title='bbox 128 392 254 419; x_wconf 82' lang='lat' dir='ltr'><strong>absoluta</strong></span> <span class='ocrx_word' id='word_1_51' title='bbox 269 394 390 421; x_wconf 75' lang='lat' dir='ltr'><strong>radicum</strong></span> <span class='ocrx_word' id='word_1_52' title='bbox 405 395 525 430; x_wconf 85' lang='lat' dir='ltr'><strong>ipsarum</strong></span> <span class='ocrx_word' id='word_1_53' title='bbox 537 400 684 427; x_wconf 80' lang='lat' dir='ltr'><strong>exstinctio</strong></span> <span class='ocrx_word' id='word_1_54' title='bbox 703 408 734 427; x_wconf 87' lang='lat' dir='ltr'><strong>ac</strong></span> <span class='ocrx_word' id='word_1_55' title='bbox 751 402 917 437; x_wconf 77' lang='lat' dir='ltr'><strong>proﬂigatio,</strong></span> 
     </span>
    </p>
   </div>
   <div class='ocr_carea' id='block_1_10' title="bbox 129 441 919 483">
    <p class='ocr_par' dir='ltr' id='par_1_10' title="bbox 129 441 919 483">
     <span class='ocr_line' id='line_1_10' title="bbox 129 441 919 483; baseline 0.015 -19"><span class='ocrx_word' id='word_1_56' title='bbox 129 441 187 465; x_wconf 88' lang='lat' dir='ltr'><strong>tum</strong></span> <span class='ocrx_word' id='word_1_57' title='bbox 205 447 277 470; x_wconf 86' lang='lat' dir='ltr'><strong>cum.</strong></span> <span class='ocrx_word' id='word_1_58' title='bbox 293 441 330 467; x_wconf 88' lang='lat' dir='ltr'><strong>uti</strong></span> <span class='ocrx_word' id='word_1_59' title='bbox 351 443 419 473; x_wconf 81' lang='lat' dir='ltr'><strong>dixi,</strong></span> <span class='ocrx_word' id='word_1_60' title='bbox 436 443 597 471; x_wconf 82' lang='lat' dir='ltr'><strong>dissolvitur</strong></span> <span class='ocrx_word' id='word_1_61' title='bbox 614 453 727 480; x_wconf 83' lang='lat' dir='ltr'><strong>corpus,</strong></span> <span class='ocrx_word' id='word_1_62' title='bbox 745 455 760 473; x_wconf 90' lang='lat' dir='ltr'><strong>a</strong></span> <span class='ocrx_word' id='word_1_63' title='bbox 787 447 840 475; x_wconf 83' lang='lat' dir='ltr'><strong>Deo</strong></span> <span class='ocrx_word' id='word_1_64' title='bbox 857 457 919 483; x_wconf 81' lang='lat' dir='ltr'><strong>per-</strong></span> 
     </span>
    </p>
   </div>
   <div class='ocr_carea' id='block_1_11' title="bbox 130 485 920 528">
    <p class='ocr_par' dir='ltr' id='par_1_11' title="bbox 130 485 920 528">
     <span class='ocr_line' id='line_1_11' title="bbox 130 485 920 528; baseline 0.014 -18"><span class='ocrx_word' id='word_1_65' title='bbox 130 485 229 513; x_wconf 86' lang='lat' dir='ltr'><strong>tieilur.</strong></span> <span class='ocrx_word' id='word_1_66' title='bbox 246 486 312 519; x_wconf 70' lang='lat' dir='ltr'><strong>Qum</strong></span> <span class='ocrx_word' id='word_1_67' title='bbox 339 493 428 515; x_wconf 87' lang='lat' dir='ltr'><strong>autem</strong></span> <span class='ocrx_word' id='word_1_68' title='bbox 453 498 486 516; x_wconf 86' lang='lat' dir='ltr'><strong>ex</strong></span> <span class='ocrx_word' id='word_1_69' title='bbox 507 495 583 524; x_wconf 87' lang='lat' dir='ltr'><strong>parte</strong></span> <span class='ocrx_word' id='word_1_70' title='bbox 614 492 652 524; x_wconf 84' lang='lat' dir='ltr'><strong>ﬁt,</strong></span> <span class='ocrx_word' id='word_1_71' title='bbox 671 497 700 519; x_wconf 91' lang='lat' dir='ltr'><strong>ut</strong></span> <span class='ocrx_word' id='word_1_72' title='bbox 723 501 737 519; x_wconf 90' lang='lat' dir='ltr'><strong>a</strong></span> <span class='ocrx_word' id='word_1_73' title='bbox 763 495 920 528; x_wconf 84' lang='lat' dir='ltr'><strong>pullulando</strong></span> 
     </span>
    </p>
   </div>
   <div class='ocr_carea' id='block_1_12' title="bbox 130 538 921 574">
    <p class='ocr_par' dir='ltr' id='par_1_12' title="bbox 130 538 921 574">
     <span class='ocr_line' id='line_1_12' title="bbox 130 538 921 574; baseline 0.014 -17"><span class='ocrx_word' id='word_1_74' title='bbox 130 538 298 566; x_wconf 84' lang='lat' dir='ltr'><strong>coerceatur,</strong></span> <span class='ocrx_word' id='word_1_75' title='bbox 315 542 400 568; x_wconf 89' lang='lat' dir='ltr'><strong>opera</strong></span> <span class='ocrx_word' id='word_1_76' title='bbox 416 541 509 563; x_wconf 88' lang='lat' dir='ltr'><strong>nostra</strong></span> <span class='ocrx_word' id='word_1_77' title='bbox 527 538 649 570; x_wconf 70' lang='lat' dir='ltr'><strong>prmstari</strong></span> <span class='ocrx_word' id='word_1_78' title='bbox 666 538 759 569; x_wconf 85' lang='lat' dir='ltr'><strong>debet.</strong></span> <span class='ocrx_word' id='word_1_79' title='bbox 774 548 806 566; x_wconf 74' lang='lat' dir='ltr'><strong>ex</strong></span> <span class='ocrx_word' id='word_1_80' title='bbox 821 548 876 574; x_wconf 90' lang='lat' dir='ltr'><strong>quo</strong></span> <span class='ocrx_word' id='word_1_81' title='bbox 891 541 921 568; x_wconf 90' lang='lat' dir='ltr'><strong>tit</strong></span> 
     </span>
    </p>
   </div>
   <div class='ocr_carea' id='block_1_13' title="bbox 131 579 921 619">
    <p class='ocr_par' dir='ltr' id='par_1_13' title="bbox 131 579 921 619">
     <span class='ocr_line' id='line_1_13' title="bbox 131 579 921 619; baseline 0.014 -16"><span class='ocrx_word' id='word_1_82' title='bbox 131 583 170 608; x_wconf 83' lang='lat' dir='ltr'><strong>ut,</strong></span> <span class='ocrx_word' id='word_1_83' title='bbox 201 579 247 612; x_wconf 90' lang='lat' dir='ltr'><strong>qui</strong></span> <span class='ocrx_word' id='word_1_84' title='bbox 261 579 360 606; x_wconf 89' lang='lat' dir='ltr'><strong>malam</strong></span> <span class='ocrx_word' id='word_1_85' title='bbox 383 581 457 607; x_wconf 89' lang='lat' dir='ltr'><strong>illam</strong></span> <span class='ocrx_word' id='word_1_86' title='bbox 474 582 587 616; x_wconf 84' lang='lat' dir='ltr'><strong>stirpem</strong></span> <span class='ocrx_word' id='word_1_87' title='bbox 614 584 645 610; x_wconf 86' lang='lat' dir='ltr'><strong>ad</strong></span> <span class='ocrx_word' id='word_1_88' title='bbox 670 585 878 619; x_wconf 71' lang='lat' dir='ltr'><strong>amplitudinem</strong></span> <span class='ocrx_word' id='word_1_89' title='bbox 894 592 921 614; x_wconf 86' lang='lat' dir='ltr'><strong>et</strong></span> 
     </span>
    </p>
   </div>
   <div class='ocr_carea' id='block_1_14' title="bbox 130 623 920 666">
    <p class='ocr_par' dir='ltr' id='par_1_14' title="bbox 130 623 920 666">
     <span class='ocr_line' id='line_1_14' title="bbox 130 623 920 666; baseline 0.015 -19"><span class='ocrx_word' id='word_1_90' title='bbox 130 623 346 656; x_wconf 73' lang='lat' dir='ltr'><strong>magnitudinem</strong></span> <span class='ocrx_word' id='word_1_91' title='bbox 362 625 505 653; x_wconf 89' lang='lat' dir='ltr'><strong>educando</strong></span> <span class='ocrx_word' id='word_1_92' title='bbox 522 627 690 661; x_wconf 73' lang='lat' dir='ltr'><strong>perduxerit,</strong></span> <span class='ocrx_word' id='word_1_93' title='bbox 712 638 811 664; x_wconf 87' lang='lat' dir='ltr'><strong>neque.</strong></span> <span class='ocrx_word' id='word_1_94' title='bbox 830 633 920 666; x_wconf 85' lang='lat' dir='ltr'><strong>quoad</strong></span> 
     </span>
    </p>
   </div>
   <div class='ocr_carea' id='block_1_15' title="bbox 131 669 920 711">
    <p class='ocr_par' dir='ltr' id='par_1_15' title="bbox 131 669 920 711">
     <span class='ocr_line' id='line_1_15' title="bbox 131 669 920 711; baseline 0.016 -19"><span class='ocrx_word' id='word_1_95' title='bbox 131 669 228 702; x_wconf 79' lang='lat' dir='ltr'><strong>potuit.</strong></span> <span class='ocrx_word' id='word_1_96' title='bbox 249 670 368 697; x_wconf 82' lang='lat' dir='ltr'><strong>sterilem</strong></span> <span class='ocrx_word' id='word_1_97' title='bbox 391 671 462 698; x_wconf 89' lang='lat' dir='ltr'><strong>illam</strong></span> <span class='ocrx_word' id='word_1_98' title='bbox 480 672 601 700; x_wconf 83' lang='lat' dir='ltr'><strong>ell&#39;ecerit</strong></span> <span class='ocrx_word' id='word_1_99' title='bbox 615 678 696 709; x_wconf 83' lang='lat' dir='ltr'><strong>atque</strong></span> <span class='ocrx_word' id='word_1_100' title='bbox 715 679 920 711; x_wconf 75' lang='lat' dir='ltr'><strong>compresserit,</strong></span> 
     </span>
    </p>
   </div>
   <div class='ocr_carea' id='block_1_16' title="bbox 131 715 653 755">
    <p class='ocr_par' dir='ltr' id='par_1_16' title="bbox 131 715 653 755">
     <span class='ocr_line' id='line_1_16' title="bbox 131 715 653 755; baseline 0.013 -14"><span class='ocrx_word' id='word_1_101' title='bbox 131 715 225 749; x_wconf 65' lang='lat' dir='ltr'><strong>pinnas</strong></span> <span class='ocrx_word' id='word_1_102' title='bbox 242 716 316 744; x_wconf 90' lang='lat' dir='ltr'><strong>illum</strong></span> <span class='ocrx_word' id='word_1_103' title='bbox 330 719 485 752; x_wconf 78' lang='lat' dir='ltr'><strong>persolvere</strong></span> <span class='ocrx_word' id='word_1_104' title='bbox 499 725 622 755; x_wconf 90' lang='lat' dir='ltr'><strong>oporteat</strong></span> <span class='ocrx_word' id='word_1_105' title='bbox 647 731 653 748; x_wconf 71' lang='grc' dir='ltr'>ε</span> 
     </span>
    </p>
   </div>
   <div class='ocr_carea' id='block_1_17' title="bbox 131 762 690 801">
    <p class='ocr_par' dir='ltr' id='par_1_17' title="bbox 131 762 690 801">
     <span class='ocr_line' id='line_1_17' title="bbox 131 762 690 801; baseline 0.016 -15"><span class='ocrx_word' id='word_1_106' title='bbox 131 762 246 788; x_wconf 86' lang='lat' dir='ltr'><strong>consilio</strong></span> <span class='ocrx_word' id='word_1_107' title='bbox 258 764 368 790; x_wconf 83' lang='lat' dir='ltr'><strong>utilitati</strong></span> <span class='ocrx_word' id='word_1_108' title='bbox 388 765 517 792; x_wconf 88' lang='lat' dir='ltr'><strong>damnum</strong></span> <span class='ocrx_word' id='word_1_109' title='bbox 530 767 690 801; x_wconf 72' lang='lat' dir='ltr'><strong>prmtulerit.</strong></span> 
     </span>
    </p>
   </div>
   <div class='ocr_carea' id='block_1_18' title="bbox 165 809 919 850">
    <p class='ocr_par' dir='ltr' id='par_1_18' title="bbox 165 809 919 850">
     <span class='ocr_line' id='line_1_18' title="bbox 165 809 919 850; baseline 0.012 -15"><span class='ocrx_word' id='word_1_110' title='bbox 165 809 259 838; x_wconf 73' lang='lat' dir='ltr'><strong>XXlX.</strong></span> <span class='ocrx_word' id='word_1_111' title='bbox 275 812 458 844; x_wconf 79' lang='lat' dir='ltr'><strong>Quamobrem</strong></span> <span class='ocrx_word' id='word_1_112' title='bbox 474 823 564 847; x_wconf 79' lang='lat' dir='ltr'><strong>nemo,</strong></span> <span class='ocrx_word' id='word_1_113' title='bbox 579 824 640 842; x_wconf 80' lang='lat' dir='ltr'><strong>eunt</strong></span> <span class='ocrx_word' id='word_1_114' title='bbox 658 816 718 850; x_wconf 68' lang='lat' dir='ltr'><strong>ejus</strong></span> <span class='ocrx_word' id='word_1_115' title='bbox 735 816 797 842; x_wconf 87' lang='lat' dir='ltr'><strong>mali</strong></span> <span class='ocrx_word' id='word_1_116' title='bbox 809 825 919 844; x_wconf 86' lang='lat' dir='ltr'><strong>causam</strong></span> 
     </span>
    </p>
   </div>
   <div class='ocr_carea' id='block_1_19' title="bbox 968 223 1758 260">
    <p class='ocr_par' dir='ltr' id='par_1_19' title="bbox 968 223 1758 260">
     <span class='ocr_line' id='line_1_19' title="bbox 968 223 1758 260; baseline -0.006 -6"><span class='ocrx_word' id='word_1_117' title='bbox 968 223 1018 258; x_wconf 79' lang='grc' dir='ltr'><strong>τῆς</strong></span> <span class='ocrx_word' id='word_1_118' title='bbox 1047 225 1178 260; x_wconf 80' lang='grc' dir='ltr'><strong>πονηρίας</strong></span> <span class='ocrx_word' id='word_1_119' title='bbox 1206 225 1332 257; x_wconf 79' lang='grc' dir='ltr'><strong>τελείως,</strong></span> <span class='ocrx_word' id='word_1_120' title='bbox 1357 225 1424 252; x_wconf 83' lang='grc' dir='ltr'>ἀλλὰ</span> <span class='ocrx_word' id='word_1_121' title='bbox 1445 224 1475 251; x_wconf 81' lang='grc' dir='ltr'><strong>τὸ</strong></span> <span class='ocrx_word' id='word_1_122' title='bbox 1502 224 1539 260; x_wconf 86' lang='grc' dir='ltr'>μὴ</span> <span class='ocrx_word' id='word_1_123' title='bbox 1560 224 1627 259; x_wconf 83' lang='grc' dir='ltr'>πρὸς</span> <span class='ocrx_word' id='word_1_124' title='bbox 1648 223 1758 250; x_wconf 75' lang='grc' dir='ltr'><strong>ἔκτασιν</strong></span> 
     </span>
    </p>
   </div>
   <div class='ocr_carea' id='block_1_20' title="bbox 969 269 1757 306">
    <p class='ocr_par' dir='ltr' id='par_1_20' title="bbox 969 269 1757 306">
     <span class='ocr_line' id='line_1_20' title="bbox 969 269 1757 306; baseline 0 -11"><span class='ocrx_word' id='word_1_125' title='bbox 969 270 1054 305; x_wconf 80' lang='grc' dir='ltr'>αὐτὴν</span> <span class='ocrx_word' id='word_1_126' title='bbox 1077 271 1156 297; x_wconf 80' lang='grc' dir='ltr'>ἐᾶσαι</span> <span class='ocrx_word' id='word_1_127' title='bbox 1186 271 1268 305; x_wconf 82' lang='grc' dir='ltr'>φῦναι</span> <span class='ocrx_word' id='word_1_128' title='bbox 1294 272 1341 298; x_wconf 82' lang='grc' dir='ltr'>καὶ</span> <span class='ocrx_word' id='word_1_129' title='bbox 1363 271 1558 306; x_wconf 81' lang='grc' dir='ltr'>καρποφορεῖν.</span> <span class='ocrx_word' id='word_1_130' title='bbox 1581 270 1615 296; x_wconf 84' lang='grc' dir='ltr'><strong><em>Ἠ</em></strong></span> <span class='ocrx_word' id='word_1_131' title='bbox 1639 269 1687 304; x_wconf 82' lang='grc' dir='ltr'><strong>μὲν</strong></span> <span class='ocrx_word' id='word_1_132' title='bbox 1703 269 1757 303; x_wconf 86' lang='grc' dir='ltr'><strong>γὰρ</strong></span> 
     </span>
    </p>
   </div>
   <div class='ocr_carea' id='block_1_21' title="bbox 972 315 1758 353">
    <p class='ocr_par' dir='ltr' id='par_1_21' title="bbox 972 315 1758 353">
     <span class='ocr_line' id='line_1_21' title="bbox 972 315 1758 353; baseline -0.001 -12"><span class='ocrx_word' id='word_1_133' title='bbox 972 315 1086 342; x_wconf 78' lang='grc' dir='ltr'><strong>καθόλου</strong></span> <span class='ocrx_word' id='word_1_134' title='bbox 1102 317 1150 342; x_wconf 80' lang='grc' dir='ltr'>καὶ</span> <span class='ocrx_word' id='word_1_135' title='bbox 1165 317 1313 353; x_wconf 76' lang='grc' dir='ltr'>παντελικὴ</span> <span class='ocrx_word' id='word_1_136' title='bbox 1335 319 1394 349; x_wconf 81' lang='grc' dir='ltr'>ταῖς</span> <span class='ocrx_word' id='word_1_137' title='bbox 1416 316 1505 352; x_wconf 75' lang='grc' dir='ltr'>ῥίζαις</span> <span class='ocrx_word' id='word_1_138' title='bbox 1521 316 1604 350; x_wconf 80' lang='grc' dir='ltr'>αὐτῆς</span> <span class='ocrx_word' id='word_1_139' title='bbox 1619 315 1758 350; x_wconf 81' lang='grc' dir='ltr'>ἀναίρεσίς</span> 
     </span>
    </p>
   </div>
   <div class='ocr_carea' id='block_1_22' title="bbox 969 359 1757 396">
    <p class='ocr_par' dir='ltr' id='par_1_22' title="bbox 969 359 1757 396">
     <span class='ocr_line' id='line_1_22' title="bbox 969 359 1757 396; baseline -0.001 -10"><span class='ocrx_word' id='word_1_140' title='bbox 969 368 999 386; x_wconf 88' lang='grc' dir='ltr'><strong>τε</strong></span> <span class='ocrx_word' id='word_1_141' title='bbox 1016 361 1062 387; x_wconf 80' lang='grc' dir='ltr'><strong>καὶ</strong></span> <span class='ocrx_word' id='word_1_142' title='bbox 1080 361 1203 388; x_wconf 84' lang='grc' dir='ltr'><strong>ἀπώλεια</strong></span> <span class='ocrx_word' id='word_1_143' title='bbox 1218 362 1270 389; x_wconf 83' lang='grc' dir='ltr'><strong>ὑπὸ</strong></span> <span class='ocrx_word' id='word_1_144' title='bbox 1282 362 1327 388; x_wconf 78' lang='grc' dir='ltr'>τοῦ</span> <span class='ocrx_word' id='word_1_145' title='bbox 1339 361 1406 388; x_wconf 82' lang='grc' dir='ltr'><strong>Θεοῦ</strong></span> <span class='ocrx_word' id='word_1_146' title='bbox 1416 361 1485 388; x_wconf 75' lang='grc' dir='ltr'>κατὰ</span> <span class='ocrx_word' id='word_1_147' title='bbox 1497 361 1546 396; x_wconf 79' lang='grc' dir='ltr'><strong>τὴν</strong></span> <span class='ocrx_word' id='word_1_148' title='bbox 1561 359 1608 386; x_wconf 79' lang='grc' dir='ltr'>τοῦ</span> <span class='ocrx_word' id='word_1_149' title='bbox 1623 359 1757 394; x_wconf 82' lang='grc' dir='ltr'>σώματος,</span> 
     </span>
    </p>
   </div>
   <div class='ocr_carea' id='block_1_23' title="bbox 971 406 1758 443">
    <p class='ocr_par' dir='ltr' id='par_1_23' title="bbox 971 406 1758 443">
     <span class='ocr_line' id='line_1_23' title="bbox 971 406 1758 443; baseline 0.001 -12"><span class='ocrx_word' id='word_1_150' title='bbox 971 406 1008 437; x_wconf 84' lang='grc' dir='ltr'>ὡς</span> <span class='ocrx_word' id='word_1_151' title='bbox 1019 407 1136 442; x_wconf 77' lang='grc' dir='ltr'>εἴρηται,</span> <span class='ocrx_word' id='word_1_152' title='bbox 1165 408 1284 434; x_wconf 72' lang='grc' dir='ltr'>διάλυσιν</span> <span class='ocrx_word' id='word_1_153' title='bbox 1313 408 1426 442; x_wconf 85' lang='grc' dir='ltr'>γίνεται,</span> <span class='ocrx_word' id='word_1_154' title='bbox 1443 409 1459 443; x_wconf 81' lang='grc' dir='ltr'><strong>ἡ</strong></span> <span class='ocrx_word' id='word_1_155' title='bbox 1476 407 1504 433; x_wconf 83' lang='grc' dir='ltr'><strong>δὲ</strong></span> <span class='ocrx_word' id='word_1_156' title='bbox 1521 409 1553 433; x_wconf 85' lang='grc' dir='ltr'>ὲκ</span> <span class='ocrx_word' id='word_1_157' title='bbox 1573 407 1672 441; x_wconf 82' lang='grc' dir='ltr'><strong>μέρους</strong></span> <span class='ocrx_word' id='word_1_158' title='bbox 1691 406 1758 441; x_wconf 68' lang='grc' dir='ltr'>πρὸς</span> 
     </span>
    </p>
   </div>
   <div class='ocr_carea' id='block_1_24' title="bbox 968 451 1762 489">
    <p class='ocr_par' dir='ltr' id='par_1_24' title="bbox 968 451 1762 489">
     <span class='ocr_line' id='line_1_24' title="bbox 968 451 1762 489; baseline 0 -12"><span class='ocrx_word' id='word_1_159' title='bbox 968 451 1000 477; x_wconf 83' lang='grc' dir='ltr'><strong>τὸ</strong></span> <span class='ocrx_word' id='word_1_160' title='bbox 1020 451 1058 487; x_wconf 86' lang='grc' dir='ltr'>μὴ</span> <span class='ocrx_word' id='word_1_161' title='bbox 1073 451 1146 479; x_wconf 81' lang='grc' dir='ltr'>οἶσαι</span> <span class='ocrx_word' id='word_1_162' title='bbox 1173 453 1287 488; x_wconf 77' lang='grc' dir='ltr'><strong>βλαστὸν</strong></span> <span class='ocrx_word' id='word_1_163' title='bbox 1309 454 1354 488; x_wconf 78' lang='grc' dir='ltr'><strong>ὑφ’</strong></span> <span class='ocrx_word' id='word_1_164' title='bbox 1380 453 1475 489; x_wconf 83' lang='grc' dir='ltr'>ἡμῶν·</span> <span class='ocrx_word' id='word_1_165' title='bbox 1496 452 1543 478; x_wconf 69' lang='grc' dir='ltr'><strong>καὶ</strong></span> <span class='ocrx_word' id='word_1_166' title='bbox 1557 452 1601 478; x_wconf 78' lang='grc' dir='ltr'>διὰ</span> <span class='ocrx_word' id='word_1_167' title='bbox 1616 452 1695 478; x_wconf 76' lang='grc' dir='ltr'>τοῦτο</span> <span class='ocrx_word' id='word_1_168' title='bbox 1713 451 1762 477; x_wconf 77' lang='grc' dir='ltr'><strong>τὸν</strong></span> 
     </span>
    </p>
   </div>
   <div class='ocr_carea' id='block_1_25' title="bbox 969 496 1759 534">
    <p class='ocr_par' dir='ltr' id='par_1_25' title="bbox 969 496 1759 534">
     <span class='ocr_line' id='line_1_25' title="bbox 969 496 1759 534; baseline 0.001 -13"><span class='ocrx_word' id='word_1_169' title='bbox 969 496 1138 532; x_wconf 80' lang='grc' dir='ltr'><strong>ἐκτρέψαντα</strong></span> <span class='ocrx_word' id='word_1_170' title='bbox 1150 499 1160 514; x_wconf 82' lang='grc'><strong><em>⁸</em></strong></span> <span class='ocrx_word' id='word_1_171' title='bbox 1177 499 1245 534; x_wconf 83' lang='grc' dir='ltr'>πρὸς</span> <span class='ocrx_word' id='word_1_172' title='bbox 1266 498 1380 532; x_wconf 65' lang='grc' dir='ltr'>αὔξησιν</span> <span class='ocrx_word' id='word_1_173' title='bbox 1396 498 1480 533; x_wconf 76' lang='grc' dir='ltr'>αὐτὴν</span> <span class='ocrx_word' id='word_1_174' title='bbox 1497 497 1596 532; x_wconf 65' lang='grc' dir='ltr'>μᾶλλον</span> <span class='ocrx_word' id='word_1_175' title='bbox 1611 497 1658 524; x_wconf 84' lang='grc' dir='ltr'><strong>καὶ</strong></span> <span class='ocrx_word' id='word_1_176' title='bbox 1678 496 1759 532; x_wconf 86' lang='grc' dir='ltr'>μέγε-</span> 
     </span>
    </p>
   </div>
   <div class='ocr_carea' id='block_1_26' title="bbox 969 541 1757 580">
    <p class='ocr_par' dir='ltr' id='par_1_26' title="bbox 969 541 1757 580">
     <span class='ocr_line' id='line_1_26' title="bbox 969 541 1757 580; baseline -0.001 -12"><span class='ocrx_word' id='word_1_177' title='bbox 969 541 1025 573; x_wconf 82' lang='grc' dir='ltr'>θος,</span> <span class='ocrx_word' id='word_1_178' title='bbox 1045 543 1114 570; x_wconf 80' lang='grc' dir='ltr'>ἀλλὰ</span> <span class='ocrx_word' id='word_1_179' title='bbox 1131 544 1169 578; x_wconf 83' lang='grc' dir='ltr'>μὴ</span> <span class='ocrx_word' id='word_1_180' title='bbox 1190 544 1252 578; x_wconf 81' lang='grc' dir='ltr'>(ὅτι)</span> <span class='ocrx_word' id='word_1_181' title='bbox 1271 543 1457 580; x_wconf 85' lang='grc' dir='ltr'>στειρώσαντα</span> <span class='ocrx_word' id='word_1_182' title='bbox 1477 544 1508 569; x_wconf 75' lang='grc' dir='ltr'><strong>τὸ</strong></span> <span class='ocrx_word' id='word_1_183' title='bbox 1523 544 1584 570; x_wconf 78' lang='grc' dir='ltr'>ὅσον</span> <span class='ocrx_word' id='word_1_184' title='bbox 1607 543 1650 568; x_wconf 74' lang='grc' dir='ltr'><strong>ἐπ’</strong></span> <span class='ocrx_word' id='word_1_185' title='bbox 1672 541 1757 576; x_wconf 79' lang='grc' dir='ltr'>αὐτῷ,</span> 
     </span>
    </p>
   </div>
   <div class='ocr_carea' id='block_1_27' title="bbox 970 587 1759 626">
    <p class='ocr_par' dir='ltr' id='par_1_27' title="bbox 970 587 1759 626">
     <span class='ocr_line' id='line_1_27' title="bbox 970 587 1759 626; baseline -0.004 -11"><span class='ocrx_word' id='word_1_186' title='bbox 970 590 1016 615; x_wconf 71' lang='grc' dir='ltr'><strong>καὶ</strong></span> <span class='ocrx_word' id='word_1_187' title='bbox 1032 590 1251 626; x_wconf 82' lang='grc' dir='ltr'>συμπιλήσαντα,</span> <span class='ocrx_word' id='word_1_188' title='bbox 1268 590 1374 625; x_wconf 82' lang='grc' dir='ltr'><strong>ἀνάγκη</strong></span> <span class='ocrx_word' id='word_1_189' title='bbox 1387 589 1486 616; x_wconf 83' lang='grc' dir='ltr'><strong>διδόναι</strong></span> <span class='ocrx_word' id='word_1_190' title='bbox 1500 589 1589 624; x_wconf 84' lang='grc' dir='ltr'>δίκην·</span> <span class='ocrx_word' id='word_1_191' title='bbox 1607 589 1660 618; x_wconf 83' lang='grc' dir='ltr'>ὃτι,</span> <span class='ocrx_word' id='word_1_192' title='bbox 1677 587 1759 613; x_wconf 87' lang='grc' dir='ltr'>δυνά-</span> 
     </span>
    </p>
   </div>
   <div class='ocr_carea' id='block_1_28' title="bbox 971 633 1759 672">
    <p class='ocr_par' dir='ltr' id='par_1_28' title="bbox 971 633 1759 672">
     <span class='ocr_line' id='line_1_28' title="bbox 971 633 1759 672; baseline -0.001 -12"><span class='ocrx_word' id='word_1_193' title='bbox 971 643 1060 670; x_wconf 84' lang='grc' dir='ltr'>μενος,</span> <span class='ocrx_word' id='word_1_194' title='bbox 1076 636 1124 662; x_wconf 77' lang='grc' dir='ltr'>καὶ</span> <span class='ocrx_word' id='word_1_195' title='bbox 1140 635 1209 670; x_wconf 78' lang='grc' dir='ltr'>ἔχων</span> <span class='ocrx_word' id='word_1_196' title='bbox 1227 636 1293 672; x_wconf 77' lang='grc' dir='ltr'>πρὸς</span> <span class='ocrx_word' id='word_1_197' title='bbox 1317 635 1395 667; x_wconf 73' lang='grc' dir='ltr'>τοῦτο</span> <span class='ocrx_word' id='word_1_198' title='bbox 1414 635 1463 670; x_wconf 80' lang='grc' dir='ltr'>τὴν</span> <span class='ocrx_word' id='word_1_199' title='bbox 1476 635 1611 666; x_wconf 78' lang='grc' dir='ltr'>ἐξουσίαν,</span> <span class='ocrx_word' id='word_1_200' title='bbox 1627 635 1715 661; x_wconf 78' lang='grc' dir='ltr'><strong>εἵλατο</strong></span> <span class='ocrx_word' id='word_1_201' title='bbox 1728 633 1759 660; x_wconf 79' lang='grc' dir='ltr'>τὸ</span> 
     </span>
    </p>
   </div>
   <div class='ocr_carea' id='block_1_29' title="bbox 971 680 1657 718">
    <p class='ocr_par' dir='ltr' id='par_1_29' title="bbox 971 680 1657 718">
     <span class='ocr_line' id='line_1_29' title="bbox 971 680 1657 718; baseline 0 -12"><span class='ocrx_word' id='word_1_202' title='bbox 971 680 1090 714; x_wconf 78' lang='grc' dir='ltr'>βλάπτον</span> <span class='ocrx_word' id='word_1_203' title='bbox 1101 681 1147 707; x_wconf 82' lang='grc' dir='ltr'><strong>τοῦ</strong></span> <span class='ocrx_word' id='word_1_204' title='bbox 1165 681 1348 718; x_wconf 78' lang='grc' dir='ltr'>συμφέροντος</span> <span class='ocrx_word' id='word_1_205' title='bbox 1363 681 1463 716; x_wconf 83' lang='grc' dir='ltr'>μᾶλλον</span> <span class='ocrx_word' id='word_1_206' title='bbox 1478 681 1657 716; x_wconf 79' lang='grc' dir='ltr'>προτιμῆσαι.</span> 
     </span>
    </p>
   </div>
   <div class='ocr_carea' id='block_1_30' title="bbox 647 724 1759 764">
    <p class='ocr_par' dir='ltr' id='par_1_30' title="bbox 647 724 1759 764">
     <span class='ocr_line' id='line_1_30' title="bbox 647 724 1759 764; baseline 0.004 -16"><span class='ocrx_word' id='word_1_207' title='bbox 647 731 654 748; x_wconf 76' lang='lat'><strong><em>2</em></strong></span> <span class='ocrx_word' id='word_1_208' title='bbox 681 724 753 757; x_wconf 90' lang='lat' dir='ltr'><strong>quod</strong></span> <span class='ocrx_word' id='word_1_209' title='bbox 778 733 840 752; x_wconf 89' lang='lat' dir='ltr'><strong>cum</strong></span> <span class='ocrx_word' id='word_1_210' title='bbox 867 726 955 755; x_wconf 80' lang='lat' dir='ltr'><strong>facere</strong></span> <span class='ocrx_word' id='word_1_211' title='bbox 976 728 1047 756; x_wconf 79' lang='lat' dir='ltr'><strong>istud</strong></span> <span class='ocrx_word' id='word_1_212' title='bbox 1079 734 1181 764; x_wconf 78' lang='lat' dir='ltr'><strong>posset,</strong></span> <span class='ocrx_word' id='word_1_213' title='bbox 1201 738 1233 757; x_wconf 88' lang='lat' dir='ltr'><strong>ac</strong></span> <span class='ocrx_word' id='word_1_214' title='bbox 1251 730 1408 757; x_wconf 83' lang='lat' dir='ltr'><strong>facultatem</strong></span> <span class='ocrx_word' id='word_1_215' title='bbox 1436 729 1559 760; x_wconf 84' lang='lat' dir='ltr'><strong>haberet,</strong></span> <span class='ocrx_word' id='word_1_216' title='bbox 1582 733 1657 755; x_wconf 87' lang='lat' dir='ltr'><strong>certo</strong></span> <span class='ocrx_word' id='word_1_217' title='bbox 1676 727 1759 754; x_wconf 88' lang='lat' dir='ltr'><strong>animi</strong></span> 
     </span>
    </p>
   </div>
   <div class='ocr_carea' id='block_1_31' title="bbox 1011 821 1761 858">
    <p class='ocr_par' dir='ltr' id='par_1_31' title="bbox 1011 821 1761 858">
     <span class='ocr_line' id='line_1_31' title="bbox 1011 821 1761 858; baseline 0.001 -11"><span class='ocrx_word' id='word_1_218' title='bbox 1011 821 1074 848; x_wconf 73' lang='lat' dir='ltr'><strong>KO’.</strong></span> <span class='ocrx_word' id='word_1_219' title='bbox 1091 822 1172 848; x_wconf 83' lang='grc' dir='ltr'>Ὥστε</span> <span class='ocrx_word' id='word_1_220' title='bbox 1204 821 1307 857; x_wconf 82' lang='grc' dir='ltr'>μηδεὶς.</span> <span class='ocrx_word' id='word_1_221' title='bbox 1337 821 1417 853; x_wconf 78' lang='grc' dir='ltr'>αὐτὸς</span> <span class='ocrx_word' id='word_1_222' title='bbox 1443 822 1528 854; x_wconf 77' lang='grc' dir='ltr'>αἴτιος</span> <span class='ocrx_word' id='word_1_223' title='bbox 1551 822 1599 853; x_wconf 84' lang='grc' dir='ltr'>ὢν,</span> <span class='ocrx_word' id='word_1_224' title='bbox 1621 822 1761 858; x_wconf 80' lang='grc' dir='ltr'><strong>ἀκολάστῳ</strong></span> 
     </span>
    </p>
   </div>
   <div class='ocr_carea' id='block_1_32' title="bbox 131 857 922 903">
    <p class='ocr_par' dir='ltr' id='par_1_32' title="bbox 131 857 920 897">
     <span class='ocr_line' id='line_1_32' title="bbox 131 857 920 897; baseline 0.01 -15"><span class='ocrx_word' id='word_1_225' title='bbox 131 857 274 890; x_wconf 80' lang='lat' dir='ltr'><strong>sustineat,</strong></span> <span class='ocrx_word' id='word_1_226' title='bbox 291 858 389 886; x_wconf 66' lang='lat' dir='ltr'><strong>divinae</strong></span> <span class='ocrx_word' id='word_1_227' title='bbox 406 865 511 888; x_wconf 62' lang='lat' dir='ltr'><strong>naturae</strong></span> <span class='ocrx_word' id='word_1_228' title='bbox 534 862 742 897; x_wconf 78' lang='lat' dir='ltr'><strong>intemperantis</strong></span> <span class='ocrx_word' id='word_1_229' title='bbox 760 863 859 897; x_wconf 75' lang='lat' dir='ltr'><strong>lingua:</strong></span> <span class='ocrx_word' id='word_1_230' title='bbox 875 872 920 890; x_wconf 80' lang='lat' dir='ltr'><strong>rt:-</strong></span> 
     </span>
    </p>
   </div>
   <div class='ocr_carea' id='block_1_33' title="bbox 976 857 1766 903">
    <p class='ocr_par' dir='ltr' id='par_1_33' title="bbox 976 865 1766 902">
     <span class='ocr_line' id='line_1_33' title="bbox 976 865 1766 902; baseline -0.001 -10"><span class='ocrx_word' id='word_1_231' title='bbox 976 865 1083 901; x_wconf 82' lang='grc' dir='ltr'>γλώσσῃ</span> <span class='ocrx_word' id='word_1_232' title='bbox 1099 866 1248 901; x_wconf 79' lang='grc' dir='ltr'>μεμφέσθω</span> <span class='ocrx_word' id='word_1_233' title='bbox 1262 867 1311 902; x_wconf 81' lang='grc' dir='ltr'><strong>τὴν</strong></span> <span class='ocrx_word' id='word_1_234' title='bbox 1330 866 1405 892; x_wconf 86' lang='grc' dir='ltr'>θείαν</span> <span class='ocrx_word' id='word_1_235' title='bbox 1420 867 1512 900; x_wconf 80' lang='grc' dir='ltr'>φύσιν,</span> <span class='ocrx_word' id='word_1_236' title='bbox 1531 866 1569 898; x_wconf 88' lang='grc' dir='ltr'>ὼς</span> <span class='ocrx_word' id='word_1_237' title='bbox 1585 867 1635 892; x_wconf 73' lang='grc' dir='ltr'>οὐκ</span> <span class='ocrx_word' id='word_1_238' title='bbox 1656 867 1685 892; x_wconf 79' lang='grc' dir='ltr'>ὲν</span> <span class='ocrx_word' id='word_1_239' title='bbox 1699 865 1766 901; x_wconf 57' lang='grc' dir='ltr'>δίκῃ,</span> 
     </span>
    </p>
   </div>
   <div class='ocr_carea' id='block_1_34' title="bbox 131 903 921 943">
    <p class='ocr_par' dir='ltr' id='par_1_34' title="bbox 131 903 921 943">
     <span class='ocr_line' id='line_1_34' title="bbox 131 903 921 943; baseline 0.009 -15"><span class='ocrx_word' id='word_1_240' title='bbox 131 903 339 936; x_wconf 81' lang='lat' dir='ltr'><strong>preht-nsiouent</strong></span> <span class='ocrx_word' id='word_1_241' title='bbox 367 911 514 941; x_wconf 75' lang='lat' dir='ltr'><strong>aspergat:</strong></span> <span class='ocrx_word' id='word_1_242' title='bbox 530 908 608 942; x_wconf 77' lang='lat' dir='ltr'><strong>quasi</strong></span> <span class='ocrx_word' id='word_1_243' title='bbox 643 909 792 943; x_wconf 82' lang='lat' dir='ltr'><strong>unicuique</strong></span> <span class='ocrx_word' id='word_1_244' title='bbox 811 909 921 936; x_wconf 88' lang='lat' dir='ltr'><strong>virtutis</strong></span> 
     </span>
    </p>
   </div>
   <div class='ocr_carea' id='block_1_35' title="bbox 131 949 919 987">
    <p class='ocr_par' dir='ltr' id='par_1_35' title="bbox 131 949 919 987">
     <span class='ocr_line' id='line_1_35' title="bbox 131 949 919 987; baseline 0.009 -13"><span class='ocrx_word' id='word_1_245' title='bbox 131 949 244 984; x_wconf 75' lang='lat' dir='ltr'><strong>Vitiique</strong></span> <span class='ocrx_word' id='word_1_246' title='bbox 258 951 367 985; x_wconf 81' lang='lat' dir='ltr'><strong>prannia</strong></span> <span class='ocrx_word' id='word_1_247' title='bbox 384 961 437 979; x_wconf 91' lang='lat' dir='ltr'><strong>non</strong></span> <span class='ocrx_word' id='word_1_248' title='bbox 451 954 525 986; x_wconf 88' lang='lat' dir='ltr'><strong>juste</strong></span> <span class='ocrx_word' id='word_1_249' title='bbox 539 953 696 981; x_wconf 83' lang='lat' dir='ltr'><strong>distribuat.</strong></span> <span class='ocrx_word' id='word_1_250' title='bbox 711 954 778 987; x_wconf 74' lang='lat' dir='ltr'><strong>Quis</strong></span> <span class='ocrx_word' id='word_1_251' title='bbox 796 955 864 981; x_wconf 83' lang='lat' dir='ltr'><strong>enim</strong></span> <span class='ocrx_word' id='word_1_252' title='bbox 881 963 919 985; x_wconf 78' lang='lat' dir='ltr'><strong>es,</strong></span> 
     </span>
    </p>
   </div>
   <div class='ocr_carea' id='block_1_36' title="bbox 131 996 922 1035">
    <p class='ocr_par' dir='ltr' id='par_1_36' title="bbox 131 996 922 1035">
     <span class='ocr_line' id='line_1_36' title="bbox 131 996 922 1035; baseline 0.008 -15"><span class='ocrx_word' id='word_1_253' title='bbox 131 1003 147 1021; x_wconf 90' lang='grc' dir='ltr'><strong>ο</strong></span> <span class='ocrx_word' id='word_1_254' title='bbox 162 996 256 1028; x_wconf 83' lang='lat' dir='ltr'><strong>Immo,</strong></span> <span class='ocrx_word' id='word_1_255' title='bbox 270 998 314 1031; x_wconf 83' lang='lat' dir='ltr'><strong>qui</strong></span> <span class='ocrx_word' id='word_1_256' title='bbox 327 998 484 1032; x_wconf 79' lang='lat' dir='ltr'><strong>respondeas</strong></span> <span class='ocrx_word' id='word_1_257' title='bbox 502 999 579 1028; x_wconf 74' lang='lat' dir='ltr'><strong>Deo?</strong></span> <span class='ocrx_word' id='word_1_258' title='bbox 594 1000 712 1035; x_wconf 81' lang='lat' dir='ltr'><strong>nunquid</strong></span> <span class='ocrx_word' id='word_1_259' title='bbox 728 1000 796 1026; x_wconf 83' lang='lat' dir='ltr'><strong>dicet</strong></span> <span class='ocrx_word' id='word_1_260' title='bbox 811 1000 922 1034; x_wconf 83' lang='lat' dir='ltr'><strong>ﬁgmen-</strong></span> 
     </span>
    </p>
   </div>
   <div class='ocr_carea' id='block_1_37' title="bbox 132 1041 922 1080">
    <p class='ocr_par' dir='ltr' id='par_1_37' title="bbox 132 1041 922 1080">
     <span class='ocr_line' id='line_1_37' title="bbox 132 1041 922 1080; baseline 0.008 -14"><span class='ocrx_word' id='word_1_261' title='bbox 132 1045 187 1067; x_wconf 85' lang='lat' dir='ltr'><strong>tum</strong></span> <span class='ocrx_word' id='word_1_262' title='bbox 214 1041 294 1076; x_wconf 80' lang='grc'><strong>552</strong></span> <span class='ocrx_word' id='word_1_263' title='bbox 316 1043 414 1076; x_wconf 83' lang='lat' dir='ltr'><strong>[actori</strong></span> <span class='ocrx_word' id='word_1_264' title='bbox 440 1053 487 1071; x_wconf 69' lang='lat' dir='ltr'><strong>suo</strong></span> <span class='ocrx_word' id='word_1_265' title='bbox 498 1053 507 1071; x_wconf 91' lang='lat'><strong><em>:</em></strong></span> <span class='ocrx_word' id='word_1_266' title='bbox 519 1044 574 1072; x_wconf 86' lang='lat' dir='ltr'><strong>Cur</strong></span> <span class='ocrx_word' id='word_1_267' title='bbox 590 1053 629 1072; x_wconf 87' lang='lat' dir='ltr'><strong>me</strong></span> <span class='ocrx_word' id='word_1_268' title='bbox 651 1046 689 1072; x_wconf 85' lang='lat' dir='ltr'><strong>ita</strong></span> <span class='ocrx_word' id='word_1_269' title='bbox 704 1046 790 1080; x_wconf 73' lang='lat' dir='ltr'><strong>fecisti</strong></span> <span class='ocrx_word' id='word_1_270' title='bbox 805 1046 837 1072; x_wconf 79' lang='lat'><strong>&#39;?</strong></span> <span class='ocrx_word' id='word_1_271' title='bbox 869 1045 922 1078; x_wconf 85' lang='lat' dir='ltr'><strong>Qui</strong></span> 
     </span>
    </p>
   </div>
   <div class='ocr_carea' id='block_1_38' title="bbox 131 1087 920 1126">
    <p class='ocr_par' dir='ltr' id='par_1_38' title="bbox 131 1087 920 1126">
     <span class='ocr_line' id='line_1_38' title="bbox 131 1087 920 1126; baseline 0.008 -14"><span class='ocrx_word' id='word_1_272' title='bbox 131 1087 205 1113; x_wconf 87' lang='lat' dir='ltr'><strong>enim</strong></span> <span class='ocrx_word' id='word_1_273' title='bbox 228 1087 252 1113; x_wconf 86' lang='lat' dir='ltr'><strong>id</strong></span> <span class='ocrx_word' id='word_1_274' title='bbox 273 1095 405 1123; x_wconf 88' lang='lat' dir='ltr'><strong>usurpare</strong></span> <span class='ocrx_word' id='word_1_275' title='bbox 421 1094 522 1124; x_wconf 83' lang='lat' dir='ltr'><strong>potest,</strong></span> <span class='ocrx_word' id='word_1_276' title='bbox 538 1098 600 1117; x_wconf 91' lang='lat' dir='ltr'><strong>eum</strong></span> <span class='ocrx_word' id='word_1_277' title='bbox 619 1095 716 1126; x_wconf 88' lang='lat' dir='ltr'><strong>suopte</strong></span> <span class='ocrx_word' id='word_1_278' title='bbox 736 1095 804 1118; x_wconf 89' lang='lat' dir='ltr'><strong>nutu</strong></span> <span class='ocrx_word' id='word_1_279' title='bbox 823 1099 855 1118; x_wconf 87' lang='lat' dir='ltr'><strong>ac</strong></span> <span class='ocrx_word' id='word_1_280' title='bbox 871 1099 920 1118; x_wconf 92' lang='lat' dir='ltr'><strong>vo-</strong></span> 
     </span>
    </p>
   </div>
   <div class='ocr_carea' id='block_1_39' title="bbox 132 1132 924 1171">
    <p class='ocr_par' dir='ltr' id='par_1_39' title="bbox 132 1132 924 1171">
     <span class='ocr_line' id='line_1_39' title="bbox 132 1132 924 1171; baseline 0.009 -14"><span class='ocrx_word' id='word_1_281' title='bbox 132 1132 237 1160; x_wconf 89' lang='lat' dir='ltr'><strong>luntate</strong></span> <span class='ocrx_word' id='word_1_282' title='bbox 249 1133 449 1168; x_wconf 87' lang='lat' dir='ltr'><strong>improbitatem</strong></span> <span class='ocrx_word' id='word_1_283' title='bbox 458 1136 587 1170; x_wconf 74' lang='lat' dir='ltr'><strong>elegerit?</strong></span> <span class='ocrx_word' id='word_1_284' title='bbox 599 1135 746 1171; x_wconf 82' lang='lat' dir='ltr'><strong>Propterea</strong></span> <span class='ocrx_word' id='word_1_285' title='bbox 761 1145 815 1163; x_wconf 88' lang='lat' dir='ltr'><strong>non</strong></span> <span class='ocrx_word' id='word_1_286' title='bbox 829 1136 924 1171; x_wconf 73' lang='lat' dir='ltr'><strong>utique</strong></span> 
     </span>
    </p>
   </div>
   <div class='ocr_carea' id='block_1_40' title="bbox 133 1177 921 1217">
    <p class='ocr_par' dir='ltr' id='par_1_40' title="bbox 133 1177 921 1217">
     <span class='ocr_line' id='line_1_40' title="bbox 133 1177 921 1217; baseline 0.006 -13"><span class='ocrx_word' id='word_1_287' title='bbox 133 1177 198 1210; x_wconf 85' lang='lat' dir='ltr'><strong>Deo,</strong></span> <span class='ocrx_word' id='word_1_288' title='bbox 214 1180 261 1213; x_wconf 90' lang='lat' dir='ltr'><strong>qui</strong></span> <span class='ocrx_word' id='word_1_289' title='bbox 273 1187 305 1207; x_wconf 78' lang='lat' dir='ltr'><strong>ex</strong></span> <span class='ocrx_word' id='word_1_290' title='bbox 317 1180 533 1209; x_wconf 84' lang='lat' dir='ltr'><strong>immutabilibus</strong></span> <span class='ocrx_word' id='word_1_291' title='bbox 545 1182 661 1216; x_wconf 68' lang='lat' dir='ltr'><strong>justitiae</strong></span> <span class='ocrx_word' id='word_1_292' title='bbox 676 1183 795 1210; x_wconf 83' lang='lat' dir='ltr'><strong>decretis</strong></span> <span class='ocrx_word' id='word_1_293' title='bbox 805 1181 921 1217; x_wconf 79' lang='lat' dir='ltr'><strong>judicat,</strong></span> 
     </span>
    </p>
   </div>
   <div class='ocr_carea' id='block_1_41' title="bbox 133 1226 924 1263">
    <p class='ocr_par' dir='ltr' id='par_1_41' title="bbox 133 1226 924 1263">
     <span class='ocr_line' id='line_1_41' title="bbox 133 1226 924 1263; baseline 0.006 -12"><span class='ocrx_word' id='word_1_294' title='bbox 133 1230 222 1260; x_wconf 83' lang='lat' dir='ltr'><strong>potest</strong></span> <span class='ocrx_word' id='word_1_295' title='bbox 241 1226 331 1253; x_wconf 79' lang='lat' dir='ltr'><strong>dicere</strong></span> <span class='ocrx_word' id='word_1_296' title='bbox 349 1234 355 1252; x_wconf 88' lang='lat'>:</span> <span class='ocrx_word' id='word_1_297' title='bbox 375 1226 429 1253; x_wconf 76' lang='lat' dir='ltr'><strong>Cur</strong></span> <span class='ocrx_word' id='word_1_298' title='bbox 446 1235 485 1254; x_wconf 87' lang='lat' dir='ltr'><strong>me</strong></span> <span class='ocrx_word' id='word_1_299' title='bbox 500 1228 540 1255; x_wconf 83' lang='lat' dir='ltr'><strong>ita</strong></span> <span class='ocrx_word' id='word_1_300' title='bbox 563 1228 671 1263; x_wconf 77' lang='lat' dir='ltr'><strong>fecisti?</strong></span> <span class='ocrx_word' id='word_1_301' title='bbox 685 1228 790 1256; x_wconf 84' lang='lat' dir='ltr'><strong>Etenim</strong></span> <span class='ocrx_word' id='word_1_302' title='bbox 806 1229 924 1263; x_wconf 77' lang='lat' dir='ltr'><strong>Aposto-</strong></span> 
     </span>
    </p>
   </div>
   <div class='ocr_carea' id='block_1_42' title="bbox 132 1269 922 1308">
    <p class='ocr_par' dir='ltr' id='par_1_42' title="bbox 132 1269 922 1308">
     <span class='ocr_line' id='line_1_42' title="bbox 132 1269 922 1308; baseline 0.005 -12"><span class='ocrx_word' id='word_1_303' title='bbox 132 1269 187 1301; x_wconf 83' lang='lat' dir='ltr'><strong>lus,</strong></span> <span class='ocrx_word' id='word_1_304' title='bbox 202 1270 274 1297; x_wconf 84' lang='lat' dir='ltr'><strong>velut</strong></span> <span class='ocrx_word' id='word_1_305' title='bbox 290 1271 472 1305; x_wconf 71' lang='lat' dir='ltr'><strong>peritissimus</strong></span> <span class='ocrx_word' id='word_1_306' title='bbox 492 1273 605 1308; x_wconf 87' lang='lat' dir='ltr'><strong>quidam</strong></span> <span class='ocrx_word' id='word_1_307' title='bbox 627 1273 764 1308; x_wconf 89' lang='lat' dir='ltr'><strong>jaculator</strong></span> <span class='ocrx_word' id='word_1_308' title='bbox 779 1278 922 1301; x_wconf 81' lang='lat' dir='ltr'><strong>contortas</strong></span> 
     </span>
    </p>
   </div>
   <div class='ocr_carea' id='block_1_43' title="bbox 132 1315 925 1350">
    <p class='ocr_par' dir='ltr' id='par_1_43' title="bbox 132 1315 925 1350">
     <span class='ocr_line' id='line_1_43' title="bbox 132 1315 925 1350; baseline 0.005 -8"><span class='ocrx_word' id='word_1_309' title='bbox 132 1315 277 1342; x_wconf 79' lang='lat' dir='ltr'><strong>verborum</strong></span> <span class='ocrx_word' id='word_1_310' title='bbox 292 1318 441 1346; x_wconf 73' lang='lat' dir='ltr'><strong>sententias</strong></span> <span class='ocrx_word' id='word_1_311' title='bbox 454 1318 482 1345; x_wconf 88' lang='lat' dir='ltr'><strong>in</strong></span> <span class='ocrx_word' id='word_1_312' title='bbox 494 1319 614 1346; x_wconf 87' lang='lat' dir='ltr'><strong>medium</strong></span> <span class='ocrx_word' id='word_1_313' title='bbox 627 1319 767 1350; x_wconf 88' lang='lat' dir='ltr'><strong>emittens,</strong></span> <span class='ocrx_word' id='word_1_314' title='bbox 785 1323 815 1345; x_wconf 92' lang='lat' dir='ltr'><strong>ut</strong></span> <span class='ocrx_word' id='word_1_315' title='bbox 829 1319 925 1346; x_wconf 87' lang='lat' dir='ltr'><strong>obscu-</strong></span> 
     </span>
    </p>
   </div>
   <div class='ocr_carea' id='block_1_44' title="bbox 133 1361 922 1398">
    <p class='ocr_par' dir='ltr' id='par_1_44' title="bbox 133 1361 922 1398">
     <span class='ocr_line' id='line_1_44' title="bbox 133 1361 922 1398; baseline 0.006 -12"><span class='ocrx_word' id='word_1_316' title='bbox 133 1368 191 1387; x_wconf 82' lang='lat' dir='ltr'><strong>ram</strong></span> <span class='ocrx_word' id='word_1_317' title='bbox 220 1361 494 1398; x_wconf 82' lang='lat' dir='ltr'><strong>profundissimisque</strong></span> <span class='ocrx_word' id='word_1_318' title='bbox 522 1364 649 1392; x_wconf 87' lang='lat' dir='ltr'><strong>sensibus</strong></span> <span class='ocrx_word' id='word_1_319' title='bbox 678 1365 843 1391; x_wconf 83' lang='lat' dir='ltr'><strong>occultatam</strong></span> <span class='ocrx_word' id='word_1_320' title='bbox 859 1372 922 1391; x_wconf 81' lang='lat' dir='ltr'><strong>ora-</strong></span> 
     </span>
    </p>
   </div>
   <div class='ocr_carea' id='block_1_45' title="bbox 133 1406 923 1444">
    <p class='ocr_par' dir='ltr' id='par_1_45' title="bbox 133 1406 923 1444">
     <span class='ocr_line' id='line_1_45' title="bbox 133 1406 923 1444; baseline 0.008 -12"><span class='ocrx_word' id='word_1_321' title='bbox 133 1406 235 1434; x_wconf 89' lang='lat' dir='ltr'><strong>tionem</strong></span> <span class='ocrx_word' id='word_1_322' title='bbox 264 1407 401 1441; x_wconf 82' lang='lat' dir='ltr'><strong>instituit;</strong></span> <span class='ocrx_word' id='word_1_323' title='bbox 433 1408 474 1436; x_wconf 89' lang='lat' dir='ltr'><strong>sic</strong></span> <span class='ocrx_word' id='word_1_324' title='bbox 503 1409 677 1437; x_wconf 73' lang='lat' dir='ltr'><strong>verissimam</strong></span> <span class='ocrx_word' id='word_1_325' title='bbox 710 1413 845 1444; x_wconf 68' lang='lat' dir='ltr'><strong>rectaeque</strong></span> <span class='ocrx_word' id='word_1_326' title='bbox 863 1410 923 1438; x_wconf 83' lang='lat' dir='ltr'><strong>ﬁdei</strong></span> 
     </span>
    </p>
   </div>
   <div class='ocr_carea' id='block_1_46' title="bbox 133 1453 922 1489">
    <p class='ocr_par' dir='ltr' id='par_1_46' title="bbox 133 1453 922 1489">
     <span class='ocr_line' id='line_1_46' title="bbox 133 1453 922 1489; baseline 0.003 -11"><span class='ocrx_word' id='word_1_327' title='bbox 133 1457 357 1485; x_wconf 85' lang='lat' dir='ltr'><strong>consentaneam,</strong></span> <span class='ocrx_word' id='word_1_328' title='bbox 378 1461 439 1487; x_wconf 59' lang='lat' dir='ltr'><strong>qua</strong></span> <span class='ocrx_word' id='word_1_329' title='bbox 459 1453 526 1480; x_wconf 91' lang='lat' dir='ltr'><strong>nihil</strong></span> <span class='ocrx_word' id='word_1_330' title='bbox 553 1457 600 1480; x_wconf 89' lang='lat' dir='ltr'><strong>aut</strong></span> <span class='ocrx_word' id='word_1_331' title='bbox 618 1454 800 1489; x_wconf 75' lang='lat' dir='ltr'><strong>negligentius</strong></span> <span class='ocrx_word' id='word_1_332' title='bbox 820 1454 922 1481; x_wconf 67' lang='lat' dir='ltr'><strong>dictum</strong></span> 
     </span>
    </p>
   </div>
   <div class='ocr_carea' id='block_1_47' title="bbox 133 1498 923 1532">
    <p class='ocr_par' dir='ltr' id='par_1_47' title="bbox 133 1498 923 1532">
     <span class='ocr_line' id='line_1_47' title="bbox 133 1498 923 1532; baseline 0.004 -8"><span class='ocrx_word' id='word_1_333' title='bbox 133 1502 181 1525; x_wconf 88' lang='lat' dir='ltr'><strong>aut</strong></span> <span class='ocrx_word' id='word_1_334' title='bbox 194 1498 345 1525; x_wconf 80' lang='lat' dir='ltr'><strong>absurdum</strong></span> <span class='ocrx_word' id='word_1_335' title='bbox 358 1499 490 1526; x_wconf 86' lang='lat' dir='ltr'><strong>continet.</strong></span> <span class='ocrx_word' id='word_1_336' title='bbox 502 1499 553 1532; x_wconf 88' lang='lat' dir='ltr'><strong>Qui</strong></span> <span class='ocrx_word' id='word_1_337' title='bbox 568 1500 640 1527; x_wconf 91' lang='lat' dir='ltr'><strong>enim</strong></span> <span class='ocrx_word' id='word_1_338' title='bbox 656 1507 711 1526; x_wconf 91' lang='lat' dir='ltr'><strong>non</strong></span> <span class='ocrx_word' id='word_1_339' title='bbox 728 1500 860 1532; x_wconf 81' lang='lat' dir='ltr'><strong>studiose,</strong></span> <span class='ocrx_word' id='word_1_340' title='bbox 875 1500 923 1527; x_wconf 67' lang='lat' dir='ltr'><strong>sed</strong></span> 
     </span>
    </p>
   </div>
   <div class='ocr_carea' id='block_1_48' title="bbox 971 911 1760 946">
    <p class='ocr_par' dir='ltr' id='par_1_48' title="bbox 971 911 1760 946">
     <span class='ocr_line' id='line_1_48' title="bbox 971 911 1760 946; baseline -0.001 -8"><span class='ocrx_word' id='word_1_341' title='bbox 971 911 1151 946; x_wconf 80' lang='grc' dir='ltr'>διανέμουσαν</span> <span class='ocrx_word' id='word_1_342' title='bbox 1165 913 1272 946; x_wconf 77' lang='grc' dir='ltr'><strong>ἑκάστῳ</strong></span> <span class='ocrx_word' id='word_1_343' title='bbox 1284 911 1383 943; x_wconf 74' lang='grc' dir='ltr'>κακίας</span> <span class='ocrx_word' id='word_1_344' title='bbox 1401 912 1447 938; x_wconf 78' lang='grc' dir='ltr'><strong>καὶ</strong></span> <span class='ocrx_word' id='word_1_345' title='bbox 1461 912 1561 946; x_wconf 84' lang='grc' dir='ltr'>ἀρετῆς</span> <span class='ocrx_word' id='word_1_346' title='bbox 1569 911 1604 938; x_wconf 82' lang='grc' dir='ltr'>τὰ</span> <span class='ocrx_word' id='word_1_347' title='bbox 1620 911 1760 946; x_wconf 79' lang='grc' dir='ltr'>ἀμοιϐαῖα.</span> 
     </span>
    </p>
   </div>
   <div class='ocr_carea' id='block_1_49' title="bbox 975 955 1762 992">
    <p class='ocr_par' dir='ltr' id='par_1_49' title="bbox 975 955 1762 992">
     <span class='ocr_line' id='line_1_49' title="bbox 975 955 1762 992; baseline 0 -9"><span class='ocrx_word' id='word_1_348' title='bbox 975 958 1023 990; x_wconf 75' lang='grc' dir='ltr'>Τίς</span> <span class='ocrx_word' id='word_1_349' title='bbox 1039 957 1094 992; x_wconf 69' lang='grc' dir='ltr'><strong>γὰρ</strong></span> <span class='ocrx_word' id='word_1_350' title='bbox 1113 956 1149 988; x_wconf 84' lang='grc' dir='ltr'>εἷ,</span> <span class='ocrx_word' id='word_1_351' title='bbox 1163 955 1187 984; x_wconf 84' lang='grc' dir='ltr'><strong>ὦ</strong></span> <span class='ocrx_word' id='word_1_352' title='bbox 1207 958 1353 992; x_wconf 77' lang='grc' dir='ltr'>ἄνθρωπε,</span> <span class='ocrx_word' id='word_1_353' title='bbox 1372 959 1388 985; x_wconf 79' lang='grc' dir='ltr'><em>ὁ</em></span> <span class='ocrx_word' id='word_1_354' title='bbox 1414 958 1704 992; x_wconf 73' lang='grc' dir='ltr'><strong>ἀνταποκρινόμενος</strong></span> <span class='ocrx_word' id='word_1_355' title='bbox 1723 955 1762 989; x_wconf 79' lang='grc' dir='ltr'>τῷ</span> 
     </span>
    </p>
   </div>
   <div class='ocr_carea' id='block_1_50' title="bbox 973 1002 1763 1037">
    <p class='ocr_par' dir='ltr' id='par_1_50' title="bbox 973 1002 1763 1037">
     <span class='ocr_line' id='line_1_50' title="bbox 973 1002 1763 1037; baseline -0.001 -8"><span class='ocrx_word' id='word_1_356' title='bbox 973 1002 1052 1035; x_wconf 82' lang='grc' dir='ltr'><strong>Θεῷ;</strong></span> <span class='ocrx_word' id='word_1_357' title='bbox 1069 1002 1112 1037; x_wconf 84' lang='grc' dir='ltr'>μὴ</span> <span class='ocrx_word' id='word_1_358' title='bbox 1135 1002 1197 1036; x_wconf 79' lang='grc' dir='ltr'>ἐρεῖ</span> <span class='ocrx_word' id='word_1_359' title='bbox 1209 1003 1243 1030; x_wconf 81' lang='grc' dir='ltr'>τὸ</span> <span class='ocrx_word' id='word_1_360' title='bbox 1266 1003 1390 1037; x_wconf 73' lang='grc' dir='ltr'>πλάσμα</span> <span class='ocrx_word' id='word_1_361' title='bbox 1409 1003 1449 1035; x_wconf 82' lang='grc' dir='ltr'>τῷ</span> <span class='ocrx_word' id='word_1_362' title='bbox 1470 1002 1650 1035; x_wconf 78' lang='grc' dir='ltr'>ποιήσαντι,</span> <span class='ocrx_word' id='word_1_363' title='bbox 1682 1002 1712 1029; x_wconf 85' lang='grc' dir='ltr'>Τί</span> <span class='ocrx_word' id='word_1_364' title='bbox 1725 1010 1763 1036; x_wconf 69' lang='grc' dir='ltr'><strong>με</strong></span> 
     </span>
    </p>
   </div>
   <div class='ocr_carea' id='block_1_51' title="bbox 972 1047 1763 1083">
    <p class='ocr_par' dir='ltr' id='par_1_51' title="bbox 972 1047 1763 1083">
     <span class='ocr_line' id='line_1_51' title="bbox 972 1047 1763 1083; baseline -0.001 -9"><span class='ocrx_word' id='word_1_365' title='bbox 972 1048 1119 1082; x_wconf 78' lang='grc' dir='ltr'>ἐποίησας</span> <span class='ocrx_word' id='word_1_366' title='bbox 1145 1048 1256 1080; x_wconf 82' lang='grc' dir='ltr'>οὕτως;</span> <span class='ocrx_word' id='word_1_367' title='bbox 1285 1048 1347 1079; x_wconf 85' lang='grc' dir='ltr'><strong>Πῶς</strong></span> <span class='ocrx_word' id='word_1_368' title='bbox 1375 1048 1441 1083; x_wconf 78' lang='grc' dir='ltr'>γὰρ,</span> <span class='ocrx_word' id='word_1_369' title='bbox 1474 1048 1556 1074; x_wconf 82' lang='grc' dir='ltr'>ὁπότε</span> <span class='ocrx_word' id='word_1_370' title='bbox 1577 1047 1763 1082; x_wconf 75' lang='grc' dir='ltr'>αὑτοδεσπότῳ</span> 
     </span>
    </p>
   </div>
   <div class='ocr_carea' id='block_1_52' title="bbox 974 1093 1762 1128">
    <p class='ocr_par' dir='ltr' id='par_1_52' title="bbox 974 1093 1762 1128">
     <span class='ocr_line' id='line_1_52' title="bbox 974 1093 1762 1128; baseline 0 -9"><span class='ocrx_word' id='word_1_371' title='bbox 974 1093 1054 1128; x_wconf 86' lang='grc' dir='ltr'>βουλῇ</span> <span class='ocrx_word' id='word_1_372' title='bbox 1072 1093 1171 1120; x_wconf 82' lang='grc' dir='ltr'>κακίαν</span> <span class='ocrx_word' id='word_1_373' title='bbox 1188 1094 1295 1126; x_wconf 63' lang='lat' dir='ltr'><strong>enato;</strong></span> <span class='ocrx_word' id='word_1_374' title='bbox 1320 1094 1365 1120; x_wconf 83' lang='grc' dir='ltr'>Διὸ</span> <span class='ocrx_word' id='word_1_375' title='bbox 1389 1094 1436 1120; x_wconf 73' lang='grc' dir='ltr'>καὶ</span> <span class='ocrx_word' id='word_1_376' title='bbox 1457 1094 1487 1120; x_wconf 69' lang='grc' dir='ltr'><strong>οὐ</strong></span> <span class='ocrx_word' id='word_1_377' title='bbox 1501 1093 1578 1126; x_wconf 65' lang='grc' dir='ltr'>,λέξει</span> <span class='ocrx_word' id='word_1_378' title='bbox 1592 1093 1762 1127; x_wconf 75' lang='grc' dir='ltr'>δικαιοσύνης</span> 
     </span>
    </p>
   </div>
   <div class='ocr_carea' id='block_1_53' title="bbox 973 1138 1763 1174">
    <p class='ocr_par' dir='ltr' id='par_1_53' title="bbox 973 1138 1763 1174">
     <span class='ocr_line' id='line_1_53' title="bbox 973 1138 1763 1174; baseline 0.001 -10"><span class='ocrx_word' id='word_1_379' title='bbox 973 1138 1103 1173; x_wconf 74' lang='grc' dir='ltr'><strong>δόγμασιν</strong></span> <span class='ocrx_word' id='word_1_380' title='bbox 1133 1138 1355 1174; x_wconf 74' lang='grc' dir='ltr'>ἀπαραλλάκτως</span> <span class='ocrx_word' id='word_1_381' title='bbox 1382 1139 1501 1173; x_wconf 84' lang='grc' dir='ltr'>κρίνοντι</span> <span class='ocrx_word' id='word_1_382' title='bbox 1526 1139 1563 1174; x_wconf 82' lang='grc' dir='ltr'><strong>τῷ</strong></span> <span class='ocrx_word' id='word_1_383' title='bbox 1578 1138 1654 1174; x_wconf 87' lang='grc' dir='ltr'><strong>Θεῷ·</strong></span> <span class='ocrx_word' id='word_1_384' title='bbox 1678 1138 1710 1165; x_wconf 79' lang='lat' dir='ltr'><strong>Tt</strong></span> <span class='ocrx_word' id='word_1_385' title='bbox 1727 1146 1763 1171; x_wconf 81' lang='grc' dir='ltr'><strong>με</strong></span> 
     </span>
    </p>
   </div>
   <div class='ocr_carea' id='block_1_54' title="bbox 972 1183 1767 1220">
    <p class='ocr_par' dir='ltr' id='par_1_54' title="bbox 972 1183 1767 1220">
     <span class='ocr_line' id='line_1_54' title="bbox 972 1183 1767 1220; baseline 0 -10"><span class='ocrx_word' id='word_1_386' title='bbox 972 1184 1119 1218; x_wconf 82' lang='grc' dir='ltr'>ἐποίησας</span> <span class='ocrx_word' id='word_1_387' title='bbox 1131 1185 1225 1218; x_wconf 80' lang='grc' dir='ltr'>οὕτως</span> <span class='ocrx_word' id='word_1_388' title='bbox 1237 1193 1246 1216; x_wconf 92' lang='grc'><em>;</em></span> <span class='ocrx_word' id='word_1_389' title='bbox 1260 1185 1364 1220; x_wconf 81' lang='grc' dir='ltr'>Ὥσπερ</span> <span class='ocrx_word' id='word_1_390' title='bbox 1384 1184 1546 1219; x_wconf 81' lang='grc' dir='ltr'>ἀκοντιστὴς</span> <span class='ocrx_word' id='word_1_391' title='bbox 1559 1185 1574 1211; x_wconf 83' lang='grc' dir='ltr'><strong>ό</strong></span> <span class='ocrx_word' id='word_1_392' title='bbox 1594 1183 1767 1216; x_wconf 62' lang='grc' dir='ltr'>Ἀπόσ-ιολος,</span> 
     </span>
    </p>
   </div>
   <div class='ocr_carea' id='block_1_55' title="bbox 973 1226 1763 1263">
    <p class='ocr_par' dir='ltr' id='par_1_55' title="bbox 973 1226 1763 1263">
     <span class='ocr_line' id='line_1_55' title="bbox 973 1226 1763 1263; baseline 0 -10"><span class='ocrx_word' id='word_1_393' title='bbox 973 1227 1057 1258; x_wconf 79' lang='grc' dir='ltr'>δεινὸς</span> <span class='ocrx_word' id='word_1_394' title='bbox 1081 1227 1281 1263; x_wconf 80' lang='grc' dir='ltr'><strong>διεστραμμένα</strong></span> <span class='ocrx_word' id='word_1_395' title='bbox 1307 1226 1418 1263; x_wconf 78' lang='grc' dir='ltr'>ῥήματα</span> <span class='ocrx_word' id='word_1_396' title='bbox 1442 1228 1496 1256; x_wconf 82' lang='grc' dir='ltr'>τῶν</span> <span class='ocrx_word' id='word_1_397' title='bbox 1507 1228 1593 1262; x_wconf 87' lang='grc' dir='ltr'>λόγων</span> <span class='ocrx_word' id='word_1_398' title='bbox 1619 1228 1660 1260; x_wconf 85' lang='grc' dir='ltr'><strong>είς</strong></span> <span class='ocrx_word' id='word_1_399' title='bbox 1683 1228 1763 1263; x_wconf 82' lang='grc' dir='ltr'>μέσον</span> 
     </span>
    </p>
   </div>
   <div class='ocr_carea' id='block_1_56' title="bbox 973 1273 1764 1309">
    <p class='ocr_par' dir='ltr' id='par_1_56' title="bbox 973 1273 1764 1309">
     <span class='ocr_line' id='line_1_56' title="bbox 973 1273 1764 1309; baseline -0.001 -10"><span class='ocrx_word' id='word_1_400' title='bbox 973 1273 1108 1308; x_wconf 77' lang='grc' dir='ltr'>ἐμϐαλὼν,</span> <span class='ocrx_word' id='word_1_401' title='bbox 1126 1274 1217 1309; x_wconf 81' lang='grc' dir='ltr'>ἀσαφῆ</span> <span class='ocrx_word' id='word_1_402' title='bbox 1235 1274 1284 1309; x_wconf 84' lang='grc' dir='ltr'>μὲν</span> <span class='ocrx_word' id='word_1_403' title='bbox 1309 1274 1356 1301; x_wconf 75' lang='grc' dir='ltr'><strong>καὶ</strong></span> <span class='ocrx_word' id='word_1_404' title='bbox 1371 1273 1630 1309; x_wconf 78' lang='grc' dir='ltr'>ὲπικεκαλυμμένην</span> <span class='ocrx_word' id='word_1_405' title='bbox 1645 1274 1764 1299; x_wconf 77' lang='grc' dir='ltr'>ποιεῖται</span> 
     </span>
    </p>
   </div>
   <div class='ocr_carea' id='block_1_57' title="bbox 973 1317 1761 1354">
    <p class='ocr_par' dir='ltr' id='par_1_57' title="bbox 973 1317 1761 1354">
     <span class='ocr_line' id='line_1_57' title="bbox 973 1317 1761 1354; baseline 0 -11"><span class='ocrx_word' id='word_1_406' title='bbox 973 1318 1013 1349; x_wconf 87' lang='grc' dir='ltr'><strong>είς</strong></span> <span class='ocrx_word' id='word_1_407' title='bbox 1024 1318 1105 1352; x_wconf 78' lang='grc' dir='ltr'>βάθος</span> <span class='ocrx_word' id='word_1_408' title='bbox 1117 1318 1171 1344; x_wconf 84' lang='grc' dir='ltr'><strong>τῶν</strong></span> <span class='ocrx_word' id='word_1_409' title='bbox 1182 1319 1403 1354; x_wconf 66' lang='grc' dir='ltr'>ἀναγνωσμάτων</span> <span class='ocrx_word' id='word_1_410' title='bbox 1418 1319 1467 1353; x_wconf 79' lang='grc' dir='ltr'>τὴν</span> <span class='ocrx_word' id='word_1_411' title='bbox 1476 1318 1648 1354; x_wconf 71' lang='grc' dir='ltr'>ἐξεργασίαν,</span> <span class='ocrx_word' id='word_1_412' title='bbox 1663 1317 1761 1353; x_wconf 78' lang='grc' dir='ltr'>ἀληθε-</span> 
     </span>
    </p>
   </div>
   <div class='ocr_carea' id='block_1_58' title="bbox 974 1363 1763 1400">
    <p class='ocr_par' dir='ltr' id='par_1_58' title="bbox 974 1363 1763 1400">
     <span class='ocr_line' id='line_1_58' title="bbox 974 1363 1763 1400; baseline -0.001 -10"><span class='ocrx_word' id='word_1_413' title='bbox 974 1364 1075 1400; x_wconf 77' lang='grc' dir='ltr'>στάτην</span> <span class='ocrx_word' id='word_1_414' title='bbox 1090 1365 1118 1390; x_wconf 81' lang='grc' dir='ltr'>δὲ</span> <span class='ocrx_word' id='word_1_415' title='bbox 1132 1365 1179 1391; x_wconf 79' lang='grc' dir='ltr'>καὶ</span> <span class='ocrx_word' id='word_1_416' title='bbox 1201 1364 1351 1400; x_wconf 79' lang='grc' dir='ltr'>ὀρθόδοξον,</span> <span class='ocrx_word' id='word_1_417' title='bbox 1372 1365 1420 1391; x_wconf 71' lang='grc' dir='ltr'><strong>καὶ</strong></span> <span class='ocrx_word' id='word_1_418' title='bbox 1437 1365 1518 1400; x_wconf 79' lang='grc' dir='ltr'>μηδὲν</span> <span class='ocrx_word' id='word_1_419' title='bbox 1535 1364 1649 1399; x_wconf 76' lang='grc' dir='ltr'>ἔχουσαν</span> <span class='ocrx_word' id='word_1_420' title='bbox 1661 1363 1763 1398; x_wconf 82' lang='grc' dir='ltr'>ἀπημε-</span> 
     </span>
    </p>
   </div>
   <div class='ocr_carea' id='block_1_59' title="bbox 973 1408 1763 1445">
    <p class='ocr_par' dir='ltr' id='par_1_59' title="bbox 973 1408 1763 1445">
     <span class='ocr_line' id='line_1_59' title="bbox 973 1408 1763 1445; baseline -0.001 -11"><span class='ocrx_word' id='word_1_421' title='bbox 973 1408 1116 1444; x_wconf 83' lang='grc' dir='ltr'>λημένονῆ</span> <span class='ocrx_word' id='word_1_422' title='bbox 1134 1409 1285 1444; x_wconf 80' lang='grc' dir='ltr'>δύσφημον.</span> <span class='ocrx_word' id='word_1_423' title='bbox 1302 1410 1364 1441; x_wconf 86' lang='grc' dir='ltr'>Τοῖς</span> <span class='ocrx_word' id='word_1_424' title='bbox 1378 1410 1427 1444; x_wconf 79' lang='grc' dir='ltr'><strong>μὲν</strong></span> <span class='ocrx_word' id='word_1_425' title='bbox 1436 1409 1490 1444; x_wconf 80' lang='grc' dir='ltr'>γὰρ</span> <span class='ocrx_word' id='word_1_426' title='bbox 1500 1409 1537 1445; x_wconf 84' lang='grc' dir='ltr'>μὴ</span> <span class='ocrx_word' id='word_1_427' title='bbox 1554 1408 1624 1444; x_wconf 84' lang='grc' dir='ltr'>μετὰ</span> <span class='ocrx_word' id='word_1_428' title='bbox 1636 1408 1763 1443; x_wconf 79' lang='grc' dir='ltr'><strong>σπουδῆς,</strong></span> 
     </span>
    </p>
   </div>
   <div class='ocr_carea' id='block_1_60' title="bbox 974 1454 1762 1490">
    <p class='ocr_par' dir='ltr' id='par_1_60' title="bbox 974 1454 1762 1490">
     <span class='ocr_line' id='line_1_60' title="bbox 974 1454 1762 1490; baseline -0.004 -8"><span class='ocrx_word' id='word_1_429' title='bbox 974 1455 1041 1482; x_wconf 83' lang='grc' dir='ltr'>ἀλλὰ</span> <span class='ocrx_word' id='word_1_430' title='bbox 1066 1455 1170 1489; x_wconf 82' lang='grc' dir='ltr'>ἀγενῶς</span> <span class='ocrx_word' id='word_1_431' title='bbox 1197 1455 1364 1490; x_wconf 79' lang='grc' dir='ltr'>ἐμπίπτουσι</span> <span class='ocrx_word' id='word_1_432' title='bbox 1393 1455 1449 1486; x_wconf 82' lang='grc' dir='ltr'>τοῖς</span> <span class='ocrx_word' id='word_1_433' title='bbox 1469 1454 1569 1488; x_wconf 83' lang='grc' dir='ltr'>λόγοις,</span> <span class='ocrx_word' id='word_1_434' title='bbox 1592 1454 1762 1489; x_wconf 78' lang='grc' dir='ltr'>ἀσυνάρτητα</span> 
     </span>
    </p>
   </div>
   <div class='ocr_carea' id='block_1_61' title="bbox 974 1497 1763 1536">
    <p class='ocr_par' dir='ltr' id='par_1_61' title="bbox 974 1497 1763 1536">
     <span class='ocr_line' id='line_1_61' title="bbox 974 1497 1763 1536; baseline -0.003 -9"><span class='ocrx_word' id='word_1_435' title='bbox 974 1501 1029 1527; x_wconf 73' lang='grc' dir='ltr'>ἐσθ’</span> <span class='ocrx_word' id='word_1_436' title='bbox 1044 1502 1089 1528; x_wconf 84' lang='grc' dir='ltr'>ὅτε</span> <span class='ocrx_word' id='word_1_437' title='bbox 1098 1501 1229 1528; x_wconf 78' lang='grc' dir='ltr'>δοκεῖκαὶ</span> <span class='ocrx_word' id='word_1_438' title='bbox 1243 1501 1397 1536; x_wconf 81' lang='grc' dir='ltr'>ἀσύμφωνα</span> <span class='ocrx_word' id='word_1_439' title='bbox 1409 1500 1509 1534; x_wconf 83' lang='grc' dir='ltr'>λέγειν,</span> <span class='ocrx_word' id='word_1_440' title='bbox 1520 1501 1577 1531; x_wconf 87' lang='grc' dir='ltr'>τοῖς</span> <span class='ocrx_word' id='word_1_441' title='bbox 1593 1499 1617 1526; x_wconf 74' lang='grc' dir='ltr'>δ’</span> <span class='ocrx_word' id='word_1_442' title='bbox 1630 1497 1663 1526; x_wconf 86' lang='grc' dir='ltr'>αὖ</span> <span class='ocrx_word' id='word_1_443' title='bbox 1682 1507 1763 1525; x_wconf 84' lang='grc' dir='ltr'>σπου-</span> 
     </span>
    </p>
   </div>
   <div class='ocr_carea' id='block_1_62' title="bbox 133 1544 922 1582">
    <p class='ocr_par' dir='ltr' id='par_1_62' title="bbox 133 1544 922 1577">
     <span class='ocr_line' id='line_1_62' title="bbox 133 1544 922 1577; baseline 0.004 -7"><span class='ocrx_word' id='word_1_444' title='bbox 133 1544 281 1571; x_wconf 87' lang='lat' dir='ltr'><strong>oscitanter</strong></span> <span class='ocrx_word' id='word_1_445' title='bbox 293 1544 320 1571; x_wconf 91' lang='lat' dir='ltr'><strong>in</strong></span> <span class='ocrx_word' id='word_1_446' title='bbox 338 1545 410 1572; x_wconf 91' lang='lat' dir='ltr'><strong>illius</strong></span> <span class='ocrx_word' id='word_1_447' title='bbox 427 1553 568 1573; x_wconf 85' lang='lat' dir='ltr'><strong>sermones</strong></span> <span class='ocrx_word' id='word_1_448' title='bbox 581 1546 734 1577; x_wconf 89' lang='lat' dir='ltr'><strong>incurrunt,</strong></span> <span class='ocrx_word' id='word_1_449' title='bbox 750 1546 784 1573; x_wconf 91' lang='lat' dir='ltr'><strong>iis</strong></span> <span class='ocrx_word' id='word_1_450' title='bbox 802 1554 922 1573; x_wconf 92' lang='lat' dir='ltr'><strong>nonnun-</strong></span> 
     </span>
    </p>
   </div>
   <div class='ocr_carea' id='block_1_63' title="bbox 976 1544 1763 1582">
    <p class='ocr_par' dir='ltr' id='par_1_63' title="bbox 976 1544 1763 1582">
     <span class='ocr_line' id='line_1_63' title="bbox 976 1544 1763 1582; baseline 0.001 -10"><span class='ocrx_word' id='word_1_451' title='bbox 976 1546 1054 1577; x_wconf 86' lang='grc' dir='ltr'>δαίως</span> <span class='ocrx_word' id='word_1_452' title='bbox 1071 1547 1117 1573; x_wconf 78' lang='grc' dir='ltr'><strong>καὶ</strong></span> <span class='ocrx_word' id='word_1_453' title='bbox 1131 1546 1254 1582; x_wconf 85' lang='grc' dir='ltr'>λογισμῷ</span> <span class='ocrx_word' id='word_1_454' title='bbox 1270 1547 1392 1582; x_wconf 77' lang='grc' dir='ltr'>νήφοντι,</span> <span class='ocrx_word' id='word_1_455' title='bbox 1418 1545 1521 1581; x_wconf 78' lang='grc' dir='ltr'>ὁπόσης</span> <span class='ocrx_word' id='word_1_456' title='bbox 1535 1545 1637 1578; x_wconf 80' lang='grc' dir='ltr'>τάξεως</span> <span class='ocrx_word' id='word_1_457' title='bbox 1659 1544 1763 1580; x_wconf 75' lang='grc' dir='ltr'>ἔμπλεα</span> 
     </span>
    </p>
   </div>
   <div class='ocr_carea' id='block_1_64' title="bbox 133 1590 920 1624">
    <p class='ocr_par' dir='ltr' id='par_1_64' title="bbox 133 1590 920 1624">
     <span class='ocr_line' id='line_1_64' title="bbox 133 1590 920 1624; baseline 0.006 -10"><span class='ocrx_word' id='word_1_458' title='bbox 133 1596 215 1624; x_wconf 87' lang='lat' dir='ltr'><strong>quam</strong></span> <span class='ocrx_word' id='word_1_459' title='bbox 233 1590 323 1618; x_wconf 88' lang='lat' dir='ltr'><strong>minus</strong></span> <span class='ocrx_word' id='word_1_460' title='bbox 335 1590 388 1618; x_wconf 88' lang='lat' dir='ltr'><strong>sibi</strong></span> <span class='ocrx_word' id='word_1_461' title='bbox 405 1595 590 1618; x_wconf 87' lang='lat' dir='ltr'><strong>consentanea</strong></span> <span class='ocrx_word' id='word_1_462' title='bbox 605 1598 638 1617; x_wconf 79' lang='lat' dir='ltr'><strong>ac.</strong></span> <span class='ocrx_word' id='word_1_463' title='bbox 654 1591 819 1618; x_wconf 69' lang='lat' dir='ltr'><strong>cohaerentia</strong></span> <span class='ocrx_word' id='word_1_464' title='bbox 829 1592 920 1620; x_wconf 84' lang='lat' dir='ltr'><strong>dicere</strong></span> 
     </span>
    </p>
   </div>
   <div class='ocr_carea' id='block_1_65' title="bbox 974 1593 1176 1628">
    <p class='ocr_par' dir='ltr' id='par_1_65' title="bbox 974 1593 1176 1628">
     <span class='ocr_line' id='line_1_65' title="bbox 974 1593 1176 1628; baseline 0.005 -9"><span class='ocrx_word' id='word_1_465' title='bbox 974 1593 1021 1620; x_wconf 81' lang='grc' dir='ltr'><strong>καὶ</strong></span> <span class='ocrx_word' id='word_1_466' title='bbox 1037 1593 1176 1628; x_wconf 74' lang='grc' dir='ltr'>ἀληθείας.</span> 
     </span>
    </p>
   </div>
   <div class='ocr_carea' id='block_1_66' title="bbox 134 1634 1764 1673">
    <p class='ocr_par' dir='ltr' id='par_1_66' title="bbox 134 1634 1764 1673">
     <span class='ocr_line' id='line_1_66' title="bbox 134 1634 1764 1673; baseline 0 -12"><span class='ocrx_word' id='word_1_467' title='bbox 134 1635 251 1661; x_wconf 77' lang='lat' dir='ltr'><strong>videtur.</strong></span> <span class='ocrx_word' id='word_1_468' title='bbox 270 1635 321 1667; x_wconf 79' lang='lat' dir='ltr'><strong>Qui</strong></span> <span class='ocrx_word' id='word_1_469' title='bbox 337 1643 400 1662; x_wconf 91' lang='lat' dir='ltr'><strong>vero</strong></span> <span class='ocrx_word' id='word_1_470' title='bbox 416 1643 525 1670; x_wconf 85' lang='lat' dir='ltr'><strong>operam</strong></span> <span class='ocrx_word' id='word_1_471' title='bbox 543 1636 684 1668; x_wconf 87' lang='lat' dir='ltr'><strong>adhibent,</strong></span> <span class='ocrx_word' id='word_1_472' title='bbox 698 1640 724 1662; x_wconf 89' lang='lat' dir='ltr'><strong>et</strong></span> <span class='ocrx_word' id='word_1_473' title='bbox 739 1637 830 1664; x_wconf 87' lang='lat' dir='ltr'><strong>sobria</strong></span> <span class='ocrx_word' id='word_1_474' title='bbox 858 1641 940 1672; x_wconf 89' lang='lat' dir='ltr'><strong>atque</strong></span> <span class='ocrx_word' id='word_1_475' title='bbox 975 1642 1136 1673; x_wconf 74' lang='lat' dir='ltr'><strong>experrecta</strong></span> <span class='ocrx_word' id='word_1_476' title='bbox 1161 1642 1253 1666; x_wconf 85' lang='lat' dir='ltr'><strong>mente</strong></span> <span class='ocrx_word' id='word_1_477' title='bbox 1283 1638 1311 1665; x_wconf 87' lang='lat' dir='ltr'><strong>in</strong></span> <span class='ocrx_word' id='word_1_478' title='bbox 1338 1638 1401 1667; x_wconf 89' lang='lat' dir='ltr'><strong>illos</strong></span> <span class='ocrx_word' id='word_1_479' title='bbox 1426 1637 1599 1669; x_wconf 84' lang='lat' dir='ltr'><strong>incumbunt,</strong></span> <span class='ocrx_word' id='word_1_480' title='bbox 1614 1643 1647 1662; x_wconf 80' lang='lat' dir='ltr'><strong>ex</strong></span> <span class='ocrx_word' id='word_1_481' title='bbox 1668 1634 1764 1662; x_wconf 87' lang='lat' dir='ltr'><strong>ordine</strong></span> 
     </span>
    </p>
   </div>
   <div class='ocr_carea' id='block_1_67' title="bbox 133 1682 802 1718">
    <p class='ocr_par' dir='ltr' id='par_1_67' title="bbox 133 1682 802 1718">
     <span class='ocr_line' id='line_1_67' title="bbox 133 1682 802 1718; baseline 0.003 -9"><span class='ocrx_word' id='word_1_482' title='bbox 133 1682 224 1709; x_wconf 75' lang='lat' dir='ltr'><strong>omnia</strong></span> <span class='ocrx_word' id='word_1_483' title='bbox 244 1689 275 1709; x_wconf 80' lang='lat' dir='ltr'><strong>ac</strong></span> <span class='ocrx_word' id='word_1_484' title='bbox 292 1683 330 1709; x_wconf 89' lang='lat' dir='ltr'><strong>rei</strong></span> <span class='ocrx_word' id='word_1_485' title='bbox 348 1685 463 1710; x_wconf 83' lang='lat' dir='ltr'><strong>veritate</strong></span> <span class='ocrx_word' id='word_1_486' title='bbox 478 1684 654 1718; x_wconf 89' lang='lat' dir='ltr'><strong>pronuntiata</strong></span> <span class='ocrx_word' id='word_1_487' title='bbox 667 1684 802 1718; x_wconf 71' lang='lat' dir='ltr'><strong>iudicant.</strong></span> 
     </span>
    </p>
   </div>
   <div class='ocr_carea' id='block_1_68' title="bbox 170 1727 925 1766">
    <p class='ocr_par' dir='ltr' id='par_1_68' title="bbox 170 1727 925 1766">
     <span class='ocr_line' id='line_1_68' title="bbox 170 1727 925 1766; baseline 0.005 -12"><span class='ocrx_word' id='word_1_488' title='bbox 170 1727 270 1755; x_wconf 79' lang='lat' dir='ltr'><strong>Verum</strong></span> <span class='ocrx_word' id='word_1_489' title='bbox 294 1730 451 1756; x_wconf 84' lang='lat' dir='ltr'><strong>accuratius</strong></span> <span class='ocrx_word' id='word_1_490' title='bbox 469 1730 501 1757; x_wconf 88' lang='lat' dir='ltr'><strong>de</strong></span> <span class='ocrx_word' id='word_1_491' title='bbox 517 1730 560 1756; x_wconf 88' lang='lat' dir='ltr'><strong>his</strong></span> <span class='ocrx_word' id='word_1_492' title='bbox 578 1730 659 1757; x_wconf 91' lang='lat' dir='ltr'><strong>modo</strong></span> <span class='ocrx_word' id='word_1_493' title='bbox 674 1731 816 1765; x_wconf 87' lang='lat' dir='ltr'><strong>disputare</strong></span> <span class='ocrx_word' id='word_1_494' title='bbox 833 1731 925 1766; x_wconf 78' lang='lat' dir='ltr'><strong>magni</strong></span> 
     </span>
    </p>
   </div>
   <div class='ocr_carea' id='block_1_69' title="bbox 134 1774 926 1811">
    <p class='ocr_par' dir='ltr' id='par_1_69' title="bbox 134 1774 926 1811">
     <span class='ocr_line' id='line_1_69' title="bbox 134 1774 926 1811; baseline 0.005 -11"><span class='ocrx_word' id='word_1_495' title='bbox 134 1780 183 1808; x_wconf 89' lang='lat' dir='ltr'><strong>per</strong></span> <span class='ocrx_word' id='word_1_496' title='bbox 197 1781 258 1801; x_wconf 85' lang='lat' dir='ltr'><strong>sese</strong></span> <span class='ocrx_word' id='word_1_497' title='bbox 271 1774 374 1802; x_wconf 86' lang='lat' dir='ltr'><strong>laboris</strong></span> <span class='ocrx_word' id='word_1_498' title='bbox 392 1782 461 1810; x_wconf 91' lang='lat' dir='ltr'><strong>opus</strong></span> <span class='ocrx_word' id='word_1_499' title='bbox 477 1780 529 1803; x_wconf 83' lang='lat' dir='ltr'><strong>est.</strong></span> <span class='ocrx_word' id='word_1_500' title='bbox 543 1775 590 1803; x_wconf 89' lang='lat' dir='ltr'><strong>Est</strong></span> <span class='ocrx_word' id='word_1_501' title='bbox 608 1783 673 1803; x_wconf 88' lang='lat' dir='ltr'><strong>vero</strong></span> <span class='ocrx_word' id='word_1_502' title='bbox 688 1776 846 1809; x_wconf 86' lang='lat' dir='ltr'><strong>ridiculum,</strong></span> <span class='ocrx_word' id='word_1_503' title='bbox 861 1784 926 1811; x_wconf 75' lang='lat' dir='ltr'><strong>pro-</strong></span> 
     </span>
    </p>
   </div>
   <div class='ocr_carea' id='block_1_70' title="bbox 134 1819 926 1855">
    <p class='ocr_par' dir='ltr' id='par_1_70' title="bbox 134 1819 926 1855">
     <span class='ocr_line' id='line_1_70' title="bbox 134 1819 926 1855; baseline 0.005 -11"><span class='ocrx_word' id='word_1_504' title='bbox 134 1819 196 1853; x_wconf 86' lang='lat' dir='ltr'><strong>prio</strong></span> <span class='ocrx_word' id='word_1_505' title='bbox 215 1823 376 1854; x_wconf 80' lang='lat' dir='ltr'><strong>argumento</strong></span> <span class='ocrx_word' id='word_1_506' title='bbox 392 1819 535 1852; x_wconf 87' lang='lat' dir='ltr'><strong>derelicto,</strong></span> <span class='ocrx_word' id='word_1_507' title='bbox 551 1821 624 1855; x_wconf 89' lang='lat' dir='ltr'><strong>quod</strong></span> <span class='ocrx_word' id='word_1_508' title='bbox 639 1823 813 1848; x_wconf 86' lang='lat' dir='ltr'><strong>tractandum</strong></span> <span class='ocrx_word' id='word_1_509' title='bbox 831 1829 926 1849; x_wconf 90' lang='lat' dir='ltr'><strong>susce-</strong></span> 
     </span>
    </p>
   </div>
   <div class='ocr_carea' id='block_1_71' title="bbox 134 1864 926 1899">
    <p class='ocr_par' dir='ltr' id='par_1_71' title="bbox 134 1864 926 1899">
     <span class='ocr_line' id='line_1_71' title="bbox 134 1864 926 1899; baseline 0.006 -9"><span class='ocrx_word' id='word_1_510' title='bbox 134 1864 234 1899; x_wconf 84' lang='lat' dir='ltr'><strong>pimus,</strong></span> <span class='ocrx_word' id='word_1_511' title='bbox 265 1873 315 1892; x_wconf 91' lang='lat' dir='ltr'><strong>nos</strong></span> <span class='ocrx_word' id='word_1_512' title='bbox 341 1866 373 1893; x_wconf 86' lang='lat' dir='ltr'><strong>ad</strong></span> <span class='ocrx_word' id='word_1_513' title='bbox 402 1867 454 1893; x_wconf 90' lang='lat' dir='ltr'><strong>alia</strong></span> <span class='ocrx_word' id='word_1_514' title='bbox 477 1866 612 1894; x_wconf 77' lang='lat' dir='ltr'><strong>conferre.</strong></span> <span class='ocrx_word' id='word_1_515' title='bbox 643 1866 711 1894; x_wconf 88' lang='lat' dir='ltr'><strong>Nam</strong></span> <span class='ocrx_word' id='word_1_516' title='bbox 735 1867 793 1894; x_wconf 55' lang='lat' dir='ltr'><strong>haec</strong></span> <span class='ocrx_word' id='word_1_517' title='bbox 813 1875 828 1894; x_wconf 87' lang='lat' dir='ltr'><strong>a</strong></span> <span class='ocrx_word' id='word_1_518' title='bbox 846 1868 926 1896; x_wconf 89' lang='lat' dir='ltr'><strong>nobis</strong></span> 
     </span>
    </p>
   </div>
   <div class='ocr_carea' id='block_1_72' title="bbox 135 1911 926 1946">
    <p class='ocr_par' dir='ltr' id='par_1_72' title="bbox 135 1911 926 1946">
     <span class='ocr_line' id='line_1_72' title="bbox 135 1911 926 1946; baseline 0.004 -10"><span class='ocrx_word' id='word_1_519' title='bbox 135 1914 247 1945; x_wconf 88' lang='lat' dir='ltr'><strong>propter</strong></span> <span class='ocrx_word' id='word_1_520' title='bbox 276 1911 338 1938; x_wconf 82' lang='lat' dir='ltr'><strong>illos</strong></span> <span class='ocrx_word' id='word_1_521' title='bbox 357 1911 429 1938; x_wconf 86' lang='lat' dir='ltr'><strong>dicta</strong></span> <span class='ocrx_word' id='word_1_522' title='bbox 457 1916 532 1943; x_wconf 91' lang='lat' dir='ltr'><strong>sunt,</strong></span> <span class='ocrx_word' id='word_1_523' title='bbox 546 1912 592 1946; x_wconf 92' lang='lat' dir='ltr'><strong>qui</strong></span> <span class='ocrx_word' id='word_1_524' title='bbox 610 1912 756 1939; x_wconf 90' lang='lat' dir='ltr'><strong>stultorum</strong></span> <span class='ocrx_word' id='word_1_525' title='bbox 772 1920 848 1940; x_wconf 92' lang='lat' dir='ltr'><strong>more</strong></span> <span class='ocrx_word' id='word_1_526' title='bbox 863 1913 926 1939; x_wconf 92' lang='lat' dir='ltr'><strong>mali</strong></span> 
     </span>
    </p>
   </div>
   <div class='ocr_carea' id='block_1_73' title="bbox 135 1956 928 1994">
    <p class='ocr_par' dir='ltr' id='par_1_73' title="bbox 135 1956 928 1994">
     <span class='ocr_line' id='line_1_73' title="bbox 135 1956 928 1994; baseline 0.004 -13"><span class='ocrx_word' id='word_1_527' title='bbox 135 1959 163 1982; x_wconf 88' lang='lat' dir='ltr'><strong>et</strong></span> <span class='ocrx_word' id='word_1_528' title='bbox 175 1956 264 1991; x_wconf 77' lang='lat' dir='ltr'><strong>ignavi</strong></span> <span class='ocrx_word' id='word_1_529' title='bbox 279 1965 341 1985; x_wconf 86' lang='lat' dir='ltr'><strong>esse</strong></span> <span class='ocrx_word' id='word_1_530' title='bbox 355 1966 404 1985; x_wconf 87' lang='lat' dir='ltr'><strong>sua</strong></span> <span class='ocrx_word' id='word_1_531' title='bbox 422 1963 518 1992; x_wconf 85' lang='lat' dir='ltr'><strong>sponte</strong></span> <span class='ocrx_word' id='word_1_532' title='bbox 534 1958 659 1993; x_wconf 88' lang='lat' dir='ltr'><strong>cupiunt.</strong></span> <span class='ocrx_word' id='word_1_533' title='bbox 679 1958 747 1986; x_wconf 89' lang='lat' dir='ltr'><strong>Cum</strong></span> <span class='ocrx_word' id='word_1_534' title='bbox 770 1958 854 1994; x_wconf 79' lang='lat' dir='ltr'><strong>igitur</strong></span> <span class='ocrx_word' id='word_1_535' title='bbox 870 1966 928 1985; x_wconf 88' lang='lat' dir='ltr'><strong>ma-</strong></span> 
     </span>
    </p>
   </div>
   <div class='ocr_carea' id='block_1_74' title="bbox 135 2001 926 2038">
    <p class='ocr_par' dir='ltr' id='par_1_74' title="bbox 135 2001 926 2038">
     <span class='ocr_line' id='line_1_74' title="bbox 135 2001 926 2038; baseline 0.006 -11"><span class='ocrx_word' id='word_1_536' title='bbox 135 2001 314 2031; x_wconf 81' lang='lat' dir='ltr'><strong>nifestissime</strong></span> <span class='ocrx_word' id='word_1_537' title='bbox 337 2005 469 2032; x_wconf 87' lang='lat' dir='ltr'><strong>hactenus</strong></span> <span class='ocrx_word' id='word_1_538' title='bbox 494 2006 711 2032; x_wconf 85' lang='lat' dir='ltr'><strong>demonstratum</strong></span> <span class='ocrx_word' id='word_1_539' title='bbox 738 2005 784 2038; x_wconf 80' lang='lat' dir='ltr'><strong>sit,</strong></span> <span class='ocrx_word' id='word_1_540' title='bbox 811 2008 926 2032; x_wconf 77' lang='lat' dir='ltr'><strong>mortem</strong></span> 
     </span>
    </p>
   </div>
   <div class='ocr_carea' id='block_1_75' title="bbox 136 2046 928 2084">
    <p class='ocr_par' dir='ltr' id='par_1_75' title="bbox 136 2046 928 2084">
     <span class='ocr_line' id='line_1_75' title="bbox 136 2046 928 2084; baseline 0.003 -11"><span class='ocrx_word' id='word_1_541' title='bbox 136 2046 239 2074; x_wconf 87' lang='lat' dir='ltr'><strong>homini</strong></span> <span class='ocrx_word' id='word_1_542' title='bbox 258 2057 310 2076; x_wconf 92' lang='lat' dir='ltr'><strong>non</strong></span> <span class='ocrx_word' id='word_1_543' title='bbox 326 2051 388 2076; x_wconf 85' lang='lat' dir='ltr'><strong>mali</strong></span> <span class='ocrx_word' id='word_1_544' title='bbox 406 2059 468 2077; x_wconf 85' lang='lat' dir='ltr'><strong>esse</strong></span> <span class='ocrx_word' id='word_1_545' title='bbox 490 2058 574 2077; x_wconf 85' lang='lat' dir='ltr'><strong>causa</strong></span> <span class='ocrx_word' id='word_1_546' title='bbox 591 2051 673 2077; x_wconf 90' lang='lat' dir='ltr'><strong>ullius</strong></span> <span class='ocrx_word' id='word_1_547' title='bbox 690 2050 830 2082; x_wconf 78' lang='lat' dir='ltr'><strong>intlictam,</strong></span> <span class='ocrx_word' id='word_1_548' title='bbox 847 2058 928 2084; x_wconf 86' lang='lat' dir='ltr'><strong>opor-</strong></span> 
     </span>
    </p>
   </div>
   <div class='ocr_carea' id='block_1_76' title="bbox 136 2094 928 2130">
    <p class='ocr_par' dir='ltr' id='par_1_76' title="bbox 136 2094 928 2130">
     <span class='ocr_line' id='line_1_76' title="bbox 136 2094 928 2130; baseline 0.004 -11"><span class='ocrx_word' id='word_1_549' title='bbox 136 2097 174 2120; x_wconf 87' lang='lat' dir='ltr'><strong>tet</strong></span> <span class='ocrx_word' id='word_1_550' title='bbox 187 2097 217 2120; x_wconf 89' lang='lat' dir='ltr'><strong>ut</strong></span> <span class='ocrx_word' id='word_1_551' title='bbox 233 2094 363 2130; x_wconf 85' lang='lat' dir='ltr'><strong>deinceps</strong></span> <span class='ocrx_word' id='word_1_552' title='bbox 381 2097 427 2130; x_wconf 90' lang='lat' dir='ltr'><strong>qui</strong></span> <span class='ocrx_word' id='word_1_553' title='bbox 450 2104 502 2123; x_wconf 86' lang='lat' dir='ltr'><strong>non</strong></span> <span class='ocrx_word' id='word_1_554' title='bbox 518 2097 551 2123; x_wconf 90' lang='lat' dir='ltr'><strong>ad</strong></span> <span class='ocrx_word' id='word_1_555' title='bbox 575 2097 632 2124; x_wconf 67' lang='lat' dir='ltr'><strong>haec</strong></span> <span class='ocrx_word' id='word_1_556' title='bbox 650 2096 817 2130; x_wconf 79' lang='lat' dir='ltr'><strong>negligenter</strong></span> <span class='ocrx_word' id='word_1_557' title='bbox 841 2100 928 2123; x_wconf 87' lang='lat' dir='ltr'><strong>atten-</strong></span> 
     </span>
    </p>
   </div>
   <div class='ocr_carea' id='block_1_77' title="bbox 136 2141 925 2176">
    <p class='ocr_par' dir='ltr' id='par_1_77' title="bbox 136 2141 925 2176">
     <span class='ocr_line' id='line_1_77' title="bbox 136 2141 925 2176; baseline -0.001 -7"><span class='ocrx_word' id='word_1_558' title='bbox 136 2141 223 2171; x_wconf 85' lang='lat' dir='ltr'><strong>derit,</strong></span> <span class='ocrx_word' id='word_1_559' title='bbox 250 2149 395 2176; x_wconf 79' lang='lat' dir='ltr'><strong>corporum</strong></span> <span class='ocrx_word' id='word_1_560' title='bbox 434 2143 660 2169; x_wconf 69' lang='lat' dir='ltr'><strong>resurrectionem</strong></span> <span class='ocrx_word' id='word_1_561' title='bbox 690 2142 829 2176; x_wconf 84' lang='lat' dir='ltr'><strong>intelligat.</strong></span> <span class='ocrx_word' id='word_1_562' title='bbox 858 2142 925 2169; x_wconf 85' lang='lat' dir='ltr'><strong>Nam</strong></span> 
     </span>
    </p>
   </div>
   <div class='ocr_carea' id='block_1_78' title="bbox 136 2188 924 2223">
    <p class='ocr_par' dir='ltr' id='par_1_78' title="bbox 136 2188 924 2223">
     <span class='ocr_line' id='line_1_78' title="bbox 136 2188 924 2223; baseline 0 -9"><span class='ocrx_word' id='word_1_563' title='bbox 136 2196 228 2215; x_wconf 88' lang='lat' dir='ltr'><strong>nonne</strong></span> <span class='ocrx_word' id='word_1_564' title='bbox 242 2188 282 2214; x_wconf 88' lang='lat' dir='ltr'><strong>vel</strong></span> <span class='ocrx_word' id='word_1_565' title='bbox 297 2196 329 2215; x_wconf 92' lang='lat' dir='ltr'><strong>eo</strong></span> <span class='ocrx_word' id='word_1_566' title='bbox 348 2188 458 2215; x_wconf 90' lang='lat' dir='ltr'><strong>nomine</strong></span> <span class='ocrx_word' id='word_1_567' title='bbox 479 2189 553 2216; x_wconf 89' lang='lat' dir='ltr'><strong>utilis</strong></span> <span class='ocrx_word' id='word_1_568' title='bbox 571 2196 645 2215; x_wconf 86' lang='lat' dir='ltr'><strong>mors</strong></span> <span class='ocrx_word' id='word_1_569' title='bbox 663 2193 714 2218; x_wconf 81' lang='lat' dir='ltr'><strong>est,</strong></span> <span class='ocrx_word' id='word_1_570' title='bbox 731 2196 777 2223; x_wconf 86' lang='lat' dir='ltr'><strong>per</strong></span> <span class='ocrx_word' id='word_1_571' title='bbox 793 2196 873 2222; x_wconf 85' lang='lat' dir='ltr'><strong>quam</strong></span> <span class='ocrx_word' id='word_1_572' title='bbox 893 2196 924 2215; x_wconf 89' lang='lat' dir='ltr'><strong>ea</strong></span> 
     </span>
    </p>
   </div>
   <div class='ocr_carea' id='block_1_79' title="bbox 137 2232 925 2267">
    <p class='ocr_par' dir='ltr' id='par_1_79' title="bbox 137 2232 925 2267">
     <span class='ocr_line' id='line_1_79' title="bbox 137 2232 925 2267; baseline 0.003 -9"><span class='ocrx_word' id='word_1_573' title='bbox 137 2232 324 2267; x_wconf 78' lang='lat' dir='ltr'><strong>proﬂigantur,</strong></span> <span class='ocrx_word' id='word_1_574' title='bbox 341 2239 401 2266; x_wconf 67' lang='lat' dir='ltr'><strong>qua=</strong></span> <span class='ocrx_word' id='word_1_575' title='bbox 426 2238 552 2260; x_wconf 84' lang='lat' dir='ltr'><strong>naturam</strong></span> <span class='ocrx_word' id='word_1_576' title='bbox 582 2237 705 2260; x_wconf 84' lang='lat' dir='ltr'><strong>nostram</strong></span> <span class='ocrx_word' id='word_1_577' title='bbox 722 2232 925 2266; x_wconf 90' lang='lat' dir='ltr'><strong>quodammodo</strong></span> 
     </span>
    </p>
   </div>
   <div class='ocr_carea' id='block_1_80' title="bbox 137 2279 925 2314">
    <p class='ocr_par' dir='ltr' id='par_1_80' title="bbox 137 2279 925 2314">
     <span class='ocr_line' id='line_1_80' title="bbox 137 2279 925 2314; baseline -0.001 -8"><span class='ocrx_word' id='word_1_578' title='bbox 137 2279 305 2314; x_wconf 77' lang='lat' dir='ltr'><strong>przedantur&#39;t</strong></span> <span class='ocrx_word' id='word_1_579' title='bbox 313 2279 432 2306; x_wconf 76' lang='lat' dir='ltr'><strong>Tametsi</strong></span> <span class='ocrx_word' id='word_1_580' title='bbox 443 2287 497 2314; x_wconf 87' lang='lat' dir='ltr'><strong>quo</strong></span> <span class='ocrx_word' id='word_1_581' title='bbox 508 2284 628 2314; x_wconf 87' lang='lat' dir='ltr'><strong>tempore</strong></span> <span class='ocrx_word' id='word_1_582' title='bbox 636 2279 714 2306; x_wconf 88' lang='lat' dir='ltr'><strong>nobis</strong></span> <span class='ocrx_word' id='word_1_583' title='bbox 723 2279 849 2310; x_wconf 82' lang='lat' dir='ltr'><strong>inlerlur,</strong></span> <span class='ocrx_word' id='word_1_584' title='bbox 859 2287 925 2306; x_wconf 81' lang='lat' dir='ltr'><strong>non~</strong></span> 
     </span>
    </p>
   </div>
   <div class='ocr_carea' id='block_1_81' title="bbox 137 2325 925 2360">
    <p class='ocr_par' dir='ltr' id='par_1_81' title="bbox 137 2325 925 2360">
     <span class='ocr_line' id='line_1_81' title="bbox 137 2325 925 2360; baseline 0.001 -9"><span class='ocrx_word' id='word_1_585' title='bbox 137 2326 205 2352; x_wconf 90' lang='lat' dir='ltr'><strong>nihil</strong></span> <span class='ocrx_word' id='word_1_586' title='bbox 223 2325 336 2352; x_wconf 74' lang='lat' dir='ltr'><strong>molesta</strong></span> <span class='ocrx_word' id='word_1_587' title='bbox 351 2325 487 2354; x_wconf 84' lang='lat' dir='ltr'><strong>videatur.</strong></span> <span class='ocrx_word' id='word_1_588' title='bbox 503 2326 577 2352; x_wconf 88' lang='lat' dir='ltr'><strong>velut</strong></span> <span class='ocrx_word' id='word_1_589' title='bbox 595 2326 824 2352; x_wconf 88' lang='lat' dir='ltr'><strong>medicamentum</strong></span> <span class='ocrx_word' id='word_1_590' title='bbox 835 2325 925 2360; x_wconf 88' lang='lat' dir='ltr'><strong>quod-</strong></span> 
     </span>
    </p>
   </div>
   <div class='ocr_carea' id='block_1_82' title="bbox 137 2370 923 2406">
    <p class='ocr_par' dir='ltr' id='par_1_82' title="bbox 137 2370 923 2406">
     <span class='ocr_line' id='line_1_82' title="bbox 137 2370 923 2406; baseline 0 -8"><span class='ocrx_word' id='word_1_591' title='bbox 137 2371 210 2401; x_wconf 82' lang='lat' dir='ltr'><strong>dam,</strong></span> <span class='ocrx_word' id='word_1_592' title='bbox 225 2370 297 2405; x_wconf 88' lang='lat' dir='ltr'><strong>quod</strong></span> <span class='ocrx_word' id='word_1_593' title='bbox 313 2371 454 2405; x_wconf 63' lang='lat' dir='ltr'><strong>aegrotanti</strong></span> <span class='ocrx_word' id='word_1_594' title='bbox 481 2372 683 2398; x_wconf 85' lang='lat' dir='ltr'><strong>amarissimum</strong></span> <span class='ocrx_word' id='word_1_595' title='bbox 706 2371 851 2406; x_wconf 65' lang='lat' dir='ltr'><strong>praebetur.</strong></span> <span class='ocrx_word' id='word_1_596' title='bbox 871 2371 923 2398; x_wconf 88' lang='lat' dir='ltr'><strong>Sed</strong></span> 
     </span>
    </p>
   </div>
   <div class='ocr_carea' id='block_1_83' title="bbox 137 2415 919 2450">
    <p class='ocr_par' dir='ltr' id='par_1_83' title="bbox 137 2415 919 2450">
     <span class='ocr_line' id='line_1_83' title="bbox 137 2415 919 2450; baseline 0.001 -8"><span class='ocrx_word' id='word_1_597' title='bbox 137 2424 170 2442; x_wconf 66' lang='lat' dir='ltr'><strong>ne</strong></span> <span class='ocrx_word' id='word_1_598' title='bbox 183 2415 276 2442; x_wconf 70' lang='lat' dir='ltr'><strong>eadem</strong></span> <span class='ocrx_word' id='word_1_599' title='bbox 295 2416 394 2450; x_wconf 65' lang='lat' dir='ltr'><strong>saepius</strong></span> <span class='ocrx_word' id='word_1_600' title='bbox 409 2415 442 2442; x_wconf 87' lang='lat' dir='ltr'><strong>de</strong></span> <span class='ocrx_word' id='word_1_601' title='bbox 454 2416 548 2442; x_wconf 86' lang='lat' dir='ltr'><strong>eodem</strong></span> <span class='ocrx_word' id='word_1_602' title='bbox 565 2419 726 2450; x_wconf 71' lang='lat' dir='ltr'><strong>argumento</strong></span> <span class='ocrx_word' id='word_1_603' title='bbox 737 2416 919 2450; x_wconf 89' lang='lat' dir='ltr'><strong>disputemus,</strong></span> 
     </span>
    </p>
   </div>
   <div class='ocr_carea' id='block_1_84' title="bbox 1009 1727 1764 1766">
    <p class='ocr_par' dir='ltr' id='par_1_84' title="bbox 1009 1727 1764 1766">
     <span class='ocr_line' id='line_1_84' title="bbox 1009 1727 1764 1766; baseline -0.004 -10"><span class='ocrx_word' id='word_1_604' title='bbox 1009 1731 1047 1757; x_wconf 84' lang='grc' dir='ltr'><strong>Δι’</strong></span> <span class='ocrx_word' id='word_1_605' title='bbox 1061 1729 1204 1766; x_wconf 77' lang='grc' dir='ltr'>ἀκριϐείας</span> <span class='ocrx_word' id='word_1_606' title='bbox 1216 1730 1264 1765; x_wconf 80' lang='grc' dir='ltr'>μὲν</span> <span class='ocrx_word' id='word_1_607' title='bbox 1278 1727 1324 1756; x_wconf 77' lang='grc' dir='ltr'><strong>οὖν</strong></span> <span class='ocrx_word' id='word_1_608' title='bbox 1335 1730 1399 1765; x_wconf 78' lang='grc' dir='ltr'>περὶ</span> <span class='ocrx_word' id='word_1_609' title='bbox 1415 1729 1517 1756; x_wconf 84' lang='grc' dir='ltr'>τούτων</span> <span class='ocrx_word' id='word_1_610' title='bbox 1531 1727 1657 1761; x_wconf 72' lang='grc' dir='ltr'>διεξιέναι</span> <span class='ocrx_word' id='word_1_611' title='bbox 1671 1727 1704 1754; x_wconf 76' lang='grc' dir='ltr'>τὰ</span> <span class='ocrx_word' id='word_1_612' title='bbox 1717 1727 1764 1754; x_wconf 71' lang='grc' dir='ltr'>νῦν</span> 
     </span>
    </p>
   </div>
   <div class='ocr_carea' id='block_1_85' title="bbox 975 1774 1763 1810">
    <p class='ocr_par' dir='ltr' id='par_1_85' title="bbox 975 1774 1763 1810">
     <span class='ocr_line' id='line_1_85' title="bbox 975 1774 1763 1810; baseline -0.004 -8"><span class='ocrx_word' id='word_1_613' title='bbox 975 1775 1067 1802; x_wconf 76' lang='grc' dir='ltr'>ἱκανὸν</span> <span class='ocrx_word' id='word_1_614' title='bbox 1087 1775 1119 1802; x_wconf 83' lang='grc' dir='ltr'>ἂν</span> <span class='ocrx_word' id='word_1_615' title='bbox 1132 1776 1236 1810; x_wconf 86' lang='grc' dir='ltr'>γένοιτο</span> <span class='ocrx_word' id='word_1_616' title='bbox 1256 1775 1321 1801; x_wconf 82' lang='grc' dir='ltr'>αὐτὸ</span> <span class='ocrx_word' id='word_1_617' title='bbox 1334 1775 1395 1802; x_wconf 86' lang='grc' dir='ltr'>καθ’</span> <span class='ocrx_word' id='word_1_618' title='bbox 1412 1774 1493 1801; x_wconf 76' lang='grc' dir='ltr'>ἑαυτὸ</span> <span class='ocrx_word' id='word_1_619' title='bbox 1511 1774 1590 1810; x_wconf 82' lang='grc' dir='ltr'>μόνον</span> <span class='ocrx_word' id='word_1_620' title='bbox 1601 1774 1691 1809; x_wconf 79' lang='grc' dir='ltr'>ἔργον.</span> <span class='ocrx_word' id='word_1_621' title='bbox 1711 1774 1763 1800; x_wconf 78' lang='grc' dir='ltr'><strong>Καὶ</strong></span> 
     </span>
    </p>
   </div>
   <div class='ocr_carea' id='block_1_86' title="bbox 974 1815 1765 1857">
    <p class='ocr_par' dir='ltr' id='par_1_86' title="bbox 974 1815 1765 1857">
     <span class='ocr_line' id='line_1_86' title="bbox 974 1815 1765 1857; baseline -0.006 -9"><span class='ocrx_word' id='word_1_622' title='bbox 974 1822 1029 1857; x_wconf 84' lang='grc' dir='ltr'><strong>γὰρ</strong></span> <span class='ocrx_word' id='word_1_623' title='bbox 1043 1822 1156 1855; x_wconf 80' lang='grc' dir='ltr'>γελοῖον,</span> <span class='ocrx_word' id='word_1_624' title='bbox 1168 1820 1383 1854; x_wconf 73' lang='grc' dir='ltr'>καταλείψαντας</span> <span class='ocrx_word' id='word_1_625' title='bbox 1399 1828 1445 1846; x_wconf 88' lang='grc' dir='ltr'><strong>σου</strong></span> <span class='ocrx_word' id='word_1_626' title='bbox 1456 1819 1504 1854; x_wconf 81' lang='grc' dir='ltr'>τὴν</span> <span class='ocrx_word' id='word_1_627' title='bbox 1516 1819 1622 1853; x_wconf 79' lang='grc' dir='ltr'>σκέψιν,</span> <span class='ocrx_word' id='word_1_628' title='bbox 1636 1815 1670 1853; x_wconf 83' lang='grc' dir='ltr'>ἧς</span> <span class='ocrx_word' id='word_1_629' title='bbox 1685 1818 1765 1844; x_wconf 72' lang='grc' dir='ltr'>ἕνεκα</span> 
     </span>
    </p>
   </div>
   <div class='ocr_carea' id='block_1_87' title="bbox 975 1864 1765 1903">
    <p class='ocr_par' dir='ltr' id='par_1_87' title="bbox 975 1864 1765 1903">
     <span class='ocr_line' id='line_1_87' title="bbox 975 1864 1765 1903; baseline -0.005 -9"><span class='ocrx_word' id='word_1_630' title='bbox 975 1867 1077 1903; x_wconf 82' lang='grc' dir='ltr'>ταύτην</span> <span class='ocrx_word' id='word_1_631' title='bbox 1109 1866 1301 1902; x_wconf 81' lang='grc' dir='ltr'>ὲστειλάμεθα,</span> <span class='ocrx_word' id='word_1_632' title='bbox 1313 1867 1353 1898; x_wconf 84' lang='grc' dir='ltr'><strong>είς</strong></span> <span class='ocrx_word' id='word_1_633' title='bbox 1366 1865 1434 1893; x_wconf 82' lang='grc' dir='ltr'>ἄλλα</span> <span class='ocrx_word' id='word_1_634' title='bbox 1447 1864 1577 1901; x_wconf 79' lang='grc' dir='ltr'>μετιέναι.</span> <span class='ocrx_word' id='word_1_635' title='bbox 1599 1864 1692 1891; x_wconf 78' lang='grc' dir='ltr'>Ταῦτα</span> <span class='ocrx_word' id='word_1_636' title='bbox 1711 1864 1765 1900; x_wconf 74' lang='grc' dir='ltr'><strong>γὰρ</strong></span> 
     </span>
    </p>
   </div>
   <div class='ocr_carea' id='block_1_88' title="bbox 975 1910 1764 1949">
    <p class='ocr_par' dir='ltr' id='par_1_88' title="bbox 975 1910 1764 1949">
     <span class='ocr_line' id='line_1_88' title="bbox 975 1910 1764 1949; baseline -0.005 -9"><span class='ocrx_word' id='word_1_637' title='bbox 975 1914 1041 1949; x_wconf 80' lang='grc' dir='ltr'>ἡμῖν</span> <span class='ocrx_word' id='word_1_638' title='bbox 1061 1914 1168 1949; x_wconf 80' lang='grc' dir='ltr'>εἴρηται</span> <span class='ocrx_word' id='word_1_639' title='bbox 1183 1913 1227 1940; x_wconf 80' lang='grc' dir='ltr'>διὰ</span> <span class='ocrx_word' id='word_1_640' title='bbox 1237 1913 1291 1940; x_wconf 85' lang='grc' dir='ltr'><strong>τῶν</strong></span> <span class='ocrx_word' id='word_1_641' title='bbox 1300 1911 1532 1939; x_wconf 82' lang='grc' dir='ltr'>ὲθελοκακούντων</span> <span class='ocrx_word' id='word_1_642' title='bbox 1540 1911 1660 1947; x_wconf 79' lang='grc' dir='ltr'>τιμωρὸν</span> <span class='ocrx_word' id='word_1_643' title='bbox 1676 1910 1764 1945; x_wconf 84' lang='grc' dir='ltr'>δίκην.</span> 
     </span>
    </p>
   </div>
   <div class='ocr_carea' id='block_1_89' title="bbox 982 1955 1769 1994">
    <p class='ocr_par' dir='ltr' id='par_1_89' title="bbox 982 1955 1769 1994">
     <span class='ocr_line' id='line_1_89' title="bbox 982 1955 1769 1994; baseline -0.004 -9"><span class='ocrx_word' id='word_1_644' title='bbox 982 1959 1200 1994; x_wconf 72' lang='grc' dir='ltr'>Ἀποδειχθέντος</span> <span class='ocrx_word' id='word_1_645' title='bbox 1223 1959 1312 1986; x_wconf 83' lang='grc' dir='ltr'>τοίνυν</span> <span class='ocrx_word' id='word_1_646' title='bbox 1336 1957 1497 1993; x_wconf 81' lang='grc' dir='ltr'>ὲνδηλότατα</span> <span class='ocrx_word' id='word_1_647' title='bbox 1521 1957 1566 1984; x_wconf 75' lang='grc' dir='ltr'>τὸν</span> <span class='ocrx_word' id='word_1_648' title='bbox 1584 1957 1697 1983; x_wconf 81' lang='grc' dir='ltr'>θάνατον</span> <span class='ocrx_word' id='word_1_649' title='bbox 1726 1955 1769 1991; x_wconf 75' lang='grc' dir='ltr'>τῷ</span> 
     </span>
    </p>
   </div>
   <div class='ocr_carea' id='block_1_90' title="bbox 976 2001 1764 2040">
    <p class='ocr_par' dir='ltr' id='par_1_90' title="bbox 976 2001 1764 2040">
     <span class='ocr_line' id='line_1_90' title="bbox 976 2001 1764 2040; baseline -0.004 -10"><span class='ocrx_word' id='word_1_650' title='bbox 976 2004 1110 2040; x_wconf 81' lang='grc' dir='ltr'>ἀνθρώπῳ</span> <span class='ocrx_word' id='word_1_651' title='bbox 1127 2003 1381 2040; x_wconf 80' lang='grc' dir='ltr'>μεμηχανῆσθαιμὴ</span> <span class='ocrx_word' id='word_1_652' title='bbox 1397 2003 1443 2029; x_wconf 76' lang='grc' dir='ltr'>ἐπὶ</span> <span class='ocrx_word' id='word_1_653' title='bbox 1457 2002 1535 2038; x_wconf 85' lang='grc' dir='ltr'>κακῷ</span> <span class='ocrx_word' id='word_1_654' title='bbox 1551 2011 1615 2035; x_wconf 87' lang='grc' dir='ltr'>τινι,</span> <span class='ocrx_word' id='word_1_655' title='bbox 1633 2001 1701 2028; x_wconf 74' lang='grc' dir='ltr'>ἀλλὰ</span> <span class='ocrx_word' id='word_1_656' title='bbox 1712 2001 1764 2036; x_wconf 83' lang='grc' dir='ltr'><strong>χρὴ</strong></span> 
     </span>
    </p>
   </div>
   <div class='ocr_carea' id='block_1_91' title="bbox 975 2049 1764 2087">
    <p class='ocr_par' dir='ltr' id='par_1_91' title="bbox 975 2049 1764 2087">
     <span class='ocr_line' id='line_1_91' title="bbox 975 2049 1764 2087; baseline -0.006 -8"><span class='ocrx_word' id='word_1_657' title='bbox 975 2052 1068 2079; x_wconf 74' lang='grc' dir='ltr'>λοιπὸν</span> <span class='ocrx_word' id='word_1_658' title='bbox 1086 2053 1132 2079; x_wconf 82' lang='grc' dir='ltr'><strong>τὸν</strong></span> <span class='ocrx_word' id='word_1_659' title='bbox 1149 2053 1185 2087; x_wconf 84' lang='grc' dir='ltr'>μὴ</span> <span class='ocrx_word' id='word_1_660' title='bbox 1197 2052 1305 2086; x_wconf 78' lang='grc' dir='ltr'>φαύλως</span> <span class='ocrx_word' id='word_1_661' title='bbox 1315 2051 1420 2082; x_wconf 84' lang='grc' dir='ltr'>τούτοις</span> <span class='ocrx_word' id='word_1_662' title='bbox 1439 2050 1619 2084; x_wconf 79' lang='grc' dir='ltr'>ὲγκύπτοντα,</span> <span class='ocrx_word' id='word_1_663' title='bbox 1636 2049 1700 2084; x_wconf 76' lang='grc' dir='ltr'>περὶ</span> <span class='ocrx_word' id='word_1_664' title='bbox 1715 2049 1764 2083; x_wconf 85' lang='grc' dir='ltr'>τῆς</span> 
     </span>
    </p>
   </div>
   <div class='ocr_carea' id='block_1_92' title="bbox 976 2093 1763 2131">
    <p class='ocr_par' dir='ltr' id='par_1_92' title="bbox 976 2093 1763 2131">
     <span class='ocr_line' id='line_1_92' title="bbox 976 2093 1763 2131; baseline -0.005 -8"><span class='ocrx_word' id='word_1_665' title='bbox 976 2097 1149 2129; x_wconf 79' lang='grc' dir='ltr'>ἀναστάσεως</span> <span class='ocrx_word' id='word_1_666' title='bbox 1164 2099 1233 2123; x_wconf 81' lang='grc' dir='ltr'>νοεῖν</span> <span class='ocrx_word' id='word_1_667' title='bbox 1245 2097 1291 2123; x_wconf 80' lang='grc' dir='ltr'>τοῦ</span> <span class='ocrx_word' id='word_1_668' title='bbox 1306 2096 1441 2131; x_wconf 87' lang='grc' dir='ltr'>σώματος.</span> <span class='ocrx_word' id='word_1_669' title='bbox 1459 2095 1521 2127; x_wconf 81' lang='grc' dir='ltr'>Πῶς</span> <span class='ocrx_word' id='word_1_670' title='bbox 1537 2094 1591 2129; x_wconf 87' lang='grc' dir='ltr'><strong>γὰρ</strong></span> <span class='ocrx_word' id='word_1_671' title='bbox 1604 2095 1654 2120; x_wconf 79' lang='grc' dir='ltr'><strong>οὐκ</strong></span> <span class='ocrx_word' id='word_1_672' title='bbox 1667 2093 1763 2128; x_wconf 80' lang='grc' dir='ltr'>ὠφέλι-</span> 
     </span>
    </p>
   </div>
   <div class='ocr_carea' id='block_1_93' title="bbox 980 2138 1764 2178">
    <p class='ocr_par' dir='ltr' id='par_1_93' title="bbox 980 2138 1764 2178">
     <span class='ocr_line' id='line_1_93' title="bbox 980 2138 1764 2178; baseline -0.008 -9"><span class='ocrx_word' id='word_1_673' title='bbox 980 2151 1030 2178; x_wconf 87' lang='grc' dir='ltr'><strong>μος</strong></span> <span class='ocrx_word' id='word_1_674' title='bbox 1049 2143 1062 2169; x_wconf 81' lang='grc' dir='ltr'><strong><em>ὁ</em></strong></span> <span class='ocrx_word' id='word_1_675' title='bbox 1076 2142 1205 2173; x_wconf 81' lang='grc' dir='ltr'>θάνατος,</span> <span class='ocrx_word' id='word_1_676' title='bbox 1231 2140 1394 2176; x_wconf 74' lang='grc' dir='ltr'>διαφθείρων</span> <span class='ocrx_word' id='word_1_677' title='bbox 1412 2140 1491 2175; x_wconf 79' lang='grc' dir='ltr'>ἡμῶν</span> <span class='ocrx_word' id='word_1_678' title='bbox 1513 2140 1547 2165; x_wconf 68' lang='grc' dir='ltr'>τὰ</span> <span class='ocrx_word' id='word_1_679' title='bbox 1570 2138 1695 2174; x_wconf 76' lang='grc' dir='ltr'>ληῗξοντα</span> <span class='ocrx_word' id='word_1_680' title='bbox 1717 2138 1764 2168; x_wconf 81' lang='grc' dir='ltr'>τὴν</span> 
     </span>
    </p>
   </div>
   <div class='ocr_carea' id='block_1_94' title="bbox 979 2184 1766 2223">
    <p class='ocr_par' dir='ltr' id='par_1_94' title="bbox 979 2184 1766 2223">
     <span class='ocr_line' id='line_1_94' title="bbox 979 2184 1766 2223; baseline -0.006 -9"><span class='ocrx_word' id='word_1_681' title='bbox 979 2188 1079 2223; x_wconf 83' lang='grc' dir='ltr'>φύσιν;</span> <span class='ocrx_word' id='word_1_682' title='bbox 1102 2188 1126 2213; x_wconf 84' lang='grc' dir='ltr'>εἰ</span> <span class='ocrx_word' id='word_1_683' title='bbox 1148 2188 1195 2214; x_wconf 74' lang='grc' dir='ltr'><strong>καὶ</strong></span> <span class='ocrx_word' id='word_1_684' title='bbox 1218 2186 1294 2222; x_wconf 77' lang='grc' dir='ltr'>παρὰ</span> <span class='ocrx_word' id='word_1_685' title='bbox 1310 2187 1356 2213; x_wconf 82' lang='grc' dir='ltr'><strong>τὸν</strong></span> <span class='ocrx_word' id='word_1_686' title='bbox 1376 2186 1470 2222; x_wconf 75' lang='grc' dir='ltr'>καιρδν</span> <span class='ocrx_word' id='word_1_687' title='bbox 1496 2184 1628 2219; x_wconf 75' lang='grc' dir='ltr'>ἐπαχθὴς,</span> <span class='ocrx_word' id='word_1_688' title='bbox 1652 2184 1710 2210; x_wconf 77' lang='grc' dir='ltr'>καθ’</span> <span class='ocrx_word' id='word_1_689' title='bbox 1736 2184 1766 2210; x_wconf 85' lang='grc' dir='ltr'>ὃν</span> 
     </span>
    </p>
   </div>
   <div class='ocr_carea' id='block_1_95' title="bbox 979 2230 1766 2270">
    <p class='ocr_par' dir='ltr' id='par_1_95' title="bbox 979 2230 1766 2270">
     <span class='ocr_line' id='line_1_95' title="bbox 979 2230 1766 2270; baseline -0.008 -9"><span class='ocrx_word' id='word_1_690' title='bbox 979 2234 1181 2270; x_wconf 80' lang='grc' dir='ltr'>προσφέρεσθαι</span> <span class='ocrx_word' id='word_1_691' title='bbox 1194 2233 1277 2263; x_wconf 87' lang='grc' dir='ltr'>δοκεῖ,</span> <span class='ocrx_word' id='word_1_692' title='bbox 1293 2232 1418 2267; x_wconf 81' lang='grc' dir='ltr'>καθάπερ</span> <span class='ocrx_word' id='word_1_693' title='bbox 1431 2231 1630 2266; x_wconf 69' lang='grc' dir='ltr'>αὐστηρότατον</span> <span class='ocrx_word' id='word_1_694' title='bbox 1645 2230 1766 2256; x_wconf 79' lang='grc' dir='ltr'>νοσοῦντι</span> 
     </span>
    </p>
   </div>
   <div class='ocr_carea' id='block_1_96' title="bbox 978 2275 1765 2316">
    <p class='ocr_par' dir='ltr' id='par_1_96' title="bbox 978 2275 1765 2316">
     <span class='ocr_line' id='line_1_96' title="bbox 978 2275 1765 2316; baseline -0.009 -9"><span class='ocrx_word' id='word_1_695' title='bbox 978 2281 1133 2316; x_wconf 81' lang='grc' dir='ltr'>φάρμακον.</span> <span class='ocrx_word' id='word_1_696' title='bbox 1160 2279 1216 2306; x_wconf 78' lang='grc' dir='ltr'><strong>Καὶ</strong></span> <span class='ocrx_word' id='word_1_697' title='bbox 1243 2279 1288 2305; x_wconf 70' lang='grc' dir='ltr'>ἵνα</span> <span class='ocrx_word' id='word_1_698' title='bbox 1311 2278 1348 2313; x_wconf 86' lang='grc' dir='ltr'><strong>μὴ</strong></span> <span class='ocrx_word' id='word_1_699' title='bbox 1361 2277 1489 2308; x_wconf 83' lang='grc' dir='ltr'>πολλάκις</span> <span class='ocrx_word' id='word_1_700' title='bbox 1505 2276 1540 2302; x_wconf 75' lang='grc' dir='ltr'><strong>τὰ.</strong></span> <span class='ocrx_word' id='word_1_701' title='bbox 1554 2276 1622 2302; x_wconf 74' lang='grc' dir='ltr'>αὐτὰ</span> <span class='ocrx_word' id='word_1_702' title='bbox 1634 2275 1698 2311; x_wconf 77' lang='grc' dir='ltr'>περὶ</span> <span class='ocrx_word' id='word_1_703' title='bbox 1711 2275 1765 2301; x_wconf 78' lang='grc' dir='ltr'>τῶν</span> 
     </span>
    </p>
   </div>
   <div class='ocr_carea' id='block_1_97' title="bbox 977 2321 1764 2358">
    <p class='ocr_par' dir='ltr' id='par_1_97' title="bbox 977 2321 1764 2358">
     <span class='ocr_line' id='line_1_97' title="bbox 977 2321 1764 2358; baseline -0.006 -7"><span class='ocrx_word' id='word_1_704' title='bbox 977 2324 1066 2351; x_wconf 79' lang='grc' dir='ltr'>αὐτῶν</span> <span class='ocrx_word' id='word_1_705' title='bbox 1080 2323 1280 2358; x_wconf 81' lang='grc' dir='ltr'>διαλεγώμεθα,</span> <span class='ocrx_word' id='word_1_706' title='bbox 1297 2323 1363 2358; x_wconf 83' lang='grc' dir='ltr'>φέρε</span> <span class='ocrx_word' id='word_1_707' title='bbox 1381 2323 1428 2349; x_wconf 77' lang='grc' dir='ltr'>καὶ</span> <span class='ocrx_word' id='word_1_708' title='bbox 1439 2321 1492 2348; x_wconf 83' lang='grc' dir='ltr'><strong>ἀπὸ</strong></span> <span class='ocrx_word' id='word_1_709' title='bbox 1507 2322 1555 2356; x_wconf 82' lang='grc' dir='ltr'>τῆς</span> <span class='ocrx_word' id='word_1_710' title='bbox 1563 2321 1634 2356; x_wconf 82' lang='grc' dir='ltr'>ᾠδῆς</span> <span class='ocrx_word' id='word_1_711' title='bbox 1648 2321 1694 2347; x_wconf 81' lang='grc' dir='ltr'>τοῦ</span> <span class='ocrx_word' id='word_1_712' title='bbox 1705 2322 1764 2346; x_wconf 91' lang='grc' dir='ltr'>Δευ-</span> 
     </span>
    </p>
   </div>
   <div class='ocr_carea' id='block_1_98' title="bbox 977 2366 1764 2406">
    <p class='ocr_par' dir='ltr' id='par_1_98' title="bbox 977 2366 1764 2406">
     <span class='ocr_line' id='line_1_98' title="bbox 977 2366 1764 2406; baseline -0.006 -9"><span class='ocrx_word' id='word_1_713' title='bbox 977 2370 1134 2406; x_wconf 86' lang='grc' dir='ltr'>τερονομίου</span> <span class='ocrx_word' id='word_1_714' title='bbox 1158 2369 1356 2404; x_wconf 76' lang='grc' dir='ltr'>βεϐαιώσαντες</span> <span class='ocrx_word' id='word_1_715' title='bbox 1376 2368 1423 2394; x_wconf 82' lang='grc' dir='ltr'><strong>τὸν</strong></span> <span class='ocrx_word' id='word_1_716' title='bbox 1443 2367 1531 2401; x_wconf 84' lang='grc' dir='ltr'>λόγον,</span> <span class='ocrx_word' id='word_1_717' title='bbox 1551 2366 1634 2401; x_wconf 84' lang='grc' dir='ltr'>ἴωμεν</span> <span class='ocrx_word' id='word_1_718' title='bbox 1654 2366 1688 2393; x_wconf 80' lang='grc' dir='ltr'>τὰ</span> <span class='ocrx_word' id='word_1_719' title='bbox 1702 2366 1764 2401; x_wconf 77' lang='grc' dir='ltr'>ἑξῆς</span> 
     </span>
    </p>
   </div>
   <div class='ocr_carea' id='block_1_99' title="bbox 975 2415 1177 2450">
    <p class='ocr_par' dir='ltr' id='par_1_99' title="bbox 975 2415 1177 2450">
     <span class='ocr_line' id='line_1_99' title="bbox 975 2415 1177 2450; baseline 0 -8"><span class='ocrx_word' id='word_1_720' title='bbox 975 2415 1088 2450; x_wconf 69' lang='grc' dir='ltr'>διαληψό</span> <span class='ocrx_word' id='word_1_721' title='bbox 1092 2424 1177 2450; x_wconf 87' lang='grc' dir='ltr'>μενοι.</span> 
     </span>
    </p>
   </div>
   <div class='ocr_carea' id='block_1_100' title="bbox 137 2459 1764 2496">
    <p class='ocr_par' dir='ltr' id='par_1_100' title="bbox 137 2459 1764 2496">
     <span class='ocr_line' id='line_1_100' title="bbox 137 2459 1764 2496; baseline -0.002 -7"><span class='ocrx_word' id='word_1_722' title='bbox 137 2471 186 2494; x_wconf 60' lang='lat' dir='ltr'><strong>age</strong></span> <span class='ocrx_word' id='word_1_723' title='bbox 202 2470 276 2492; x_wconf 82' lang='lat' dir='ltr'><strong>vero,</strong></span> <span class='ocrx_word' id='word_1_724' title='bbox 293 2462 340 2488; x_wconf 90' lang='lat' dir='ltr'><strong>uhi</strong></span> <span class='ocrx_word' id='word_1_725' title='bbox 356 2470 387 2489; x_wconf 81' lang='lat' dir='ltr'><strong>ex</strong></span> <span class='ocrx_word' id='word_1_726' title='bbox 404 2461 605 2488; x_wconf 80' lang='lat' dir='ltr'><strong>Deuteronomii</strong></span> <span class='ocrx_word' id='word_1_727' title='bbox 615 2462 733 2493; x_wconf 83' lang='lat' dir='ltr'><strong>cantico,</strong></span> <span class='ocrx_word' id='word_1_728' title='bbox 744 2462 816 2496; x_wconf 91' lang='lat' dir='ltr'><strong>quod</strong></span> <span class='ocrx_word' id='word_1_729' title='bbox 829 2470 843 2488; x_wconf 93' lang='lat' dir='ltr'><strong>a</strong></span> <span class='ocrx_word' id='word_1_730' title='bbox 858 2462 937 2489; x_wconf 89' lang='lat' dir='ltr'><strong>nobis</strong></span> <span class='ocrx_word' id='word_1_731' title='bbox 952 2462 1056 2489; x_wconf 89' lang='lat' dir='ltr'><strong>dictum</strong></span> <span class='ocrx_word' id='word_1_732' title='bbox 1070 2466 1112 2488; x_wconf 87' lang='lat' dir='ltr'><strong>est</strong></span> <span class='ocrx_word' id='word_1_733' title='bbox 1125 2461 1406 2496; x_wconf 87' lang='lat' dir='ltr'><strong>comprobaverimus,</strong></span> <span class='ocrx_word' id='word_1_734' title='bbox 1422 2459 1455 2486; x_wconf 87' lang='lat' dir='ltr'><strong>ad</strong></span> <span class='ocrx_word' id='word_1_735' title='bbox 1466 2459 1570 2492; x_wconf 88' lang='lat' dir='ltr'><strong>reliqua</strong></span> <span class='ocrx_word' id='word_1_736' title='bbox 1582 2463 1764 2485; x_wconf 81' lang='lat' dir='ltr'><strong>transeamus.</strong></span> 
     </span>
    </p>
   </div>
   <div class='ocr_carea' id='block_1_101' title="bbox 174 2508 927 2544">
    <p class='ocr_par' dir='ltr' id='par_1_101' title="bbox 174 2508 927 2544">
     <span class='ocr_line' id='line_1_101' title="bbox 174 2508 927 2544; baseline 0.004 -11"><span class='ocrx_word' id='word_1_737' title='bbox 174 2508 254 2534; x_wconf 74' lang='lat' dir='ltr'><strong>XXX.</strong></span> <span class='ocrx_word' id='word_1_738' title='bbox 269 2508 329 2535; x_wconf 74' lang='lat' dir='ltr'><strong>llmc</strong></span> <span class='ocrx_word' id='word_1_739' title='bbox 355 2510 426 2536; x_wconf 86' lang='lat' dir='ltr'><strong>enim</strong></span> <span class='ocrx_word' id='word_1_740' title='bbox 453 2509 534 2536; x_wconf 86' lang='lat' dir='ltr'><strong>verba</strong></span> <span class='ocrx_word' id='word_1_741' title='bbox 553 2519 560 2535; x_wconf 86' lang='lat'><strong>:</strong></span> <span class='ocrx_word' id='word_1_742' title='bbox 578 2509 634 2544; x_wconf 84' lang='lat' dir='ltr'><strong>Ego</strong></span> <span class='ocrx_word' id='word_1_743' title='bbox 658 2509 775 2536; x_wconf 83' lang='lat' dir='ltr'><strong>occidam</strong></span> <span class='ocrx_word' id='word_1_744' title='bbox 804 2514 827 2536; x_wconf 85' lang='lat' dir='ltr'><strong>et</strong></span> <span class='ocrx_word' id='word_1_745' title='bbox 844 2510 927 2536; x_wconf 75' lang='lat' dir='ltr'><strong>vivere</strong></span> 
     </span>
    </p>
   </div>
   <div class='ocr_carea' id='block_1_102' title="bbox 137 2555 928 2591">
    <p class='ocr_par' dir='ltr' id='par_1_102' title="bbox 137 2555 928 2591">
     <span class='ocr_line' id='line_1_102' title="bbox 137 2555 928 2591; baseline 0.003 -11"><span class='ocrx_word' id='word_1_746' title='bbox 137 2555 252 2590; x_wconf 75' lang='lat' dir='ltr'><strong>faciam;</strong></span> <span class='ocrx_word' id='word_1_747' title='bbox 280 2555 436 2590; x_wconf 78' lang='lat' dir='ltr'><strong>percutiant.</strong></span> <span class='ocrx_word' id='word_1_748' title='bbox 465 2560 490 2582; x_wconf 85' lang='lat' dir='ltr'><strong>et</strong></span> <span class='ocrx_word' id='word_1_749' title='bbox 513 2564 559 2590; x_wconf 82' lang='lat' dir='ltr'><strong>ego</strong></span> <span class='ocrx_word' id='word_1_750' title='bbox 579 2555 690 2587; x_wconf 87' lang='lat' dir='ltr'><strong>sanabo,</strong></span> <span class='ocrx_word' id='word_1_751' title='bbox 711 2560 735 2582; x_wconf 86' lang='lat' dir='ltr'><strong>et</strong></span> <span class='ocrx_word' id='word_1_752' title='bbox 760 2564 811 2583; x_wconf 84' lang='lat' dir='ltr'><strong>non</strong></span> <span class='ocrx_word' id='word_1_753' title='bbox 833 2556 928 2591; x_wconf 77' lang='lat' dir='ltr'><strong>estqui</strong></span> 
     </span>
    </p>
   </div>
   <div class='ocr_carea' id='block_1_103' title="bbox 137 2601 927 2637">
    <p class='ocr_par' dir='ltr' id='par_1_103' title="bbox 137 2601 927 2637">
     <span class='ocr_line' id='line_1_103' title="bbox 137 2601 927 2637; baseline 0.001 -9"><span class='ocrx_word' id='word_1_754' title='bbox 137 2606 211 2628; x_wconf 79' lang='lat' dir='ltr'><strong>cruat</strong></span> <span class='ocrx_word' id='word_1_755' title='bbox 224 2601 255 2627; x_wconf 78' lang='lat' dir='ltr'><strong>tle</strong></span> <span class='ocrx_word' id='word_1_756' title='bbox 268 2601 388 2628; x_wconf 82' lang='lat' dir='ltr'><strong>manibus</strong></span> <span class='ocrx_word' id='word_1_757' title='bbox 396 2602 458 2629; x_wconf 85' lang='lat' dir='ltr'><strong>meis</strong></span> <span class='ocrx_word' id='word_1_758' title='bbox 467 2604 488 2635; x_wconf 80' lang='grc'>⁵,</span> <span class='ocrx_word' id='word_1_759' title='bbox 507 2610 567 2636; x_wconf 69' lang='lat' dir='ltr'><strong>qua:</strong></span> <span class='ocrx_word' id='word_1_760' title='bbox 576 2610 590 2628; x_wconf 91' lang='lat' dir='ltr'><strong>a</strong></span> <span class='ocrx_word' id='word_1_761' title='bbox 604 2601 658 2629; x_wconf 75' lang='lat' dir='ltr'><strong>lico</strong></span> <span class='ocrx_word' id='word_1_762' title='bbox 667 2601 852 2637; x_wconf 79' lang='lat' dir='ltr'><strong>proferuntur,</strong></span> <span class='ocrx_word' id='word_1_763' title='bbox 862 2602 927 2636; x_wconf 85' lang='lat' dir='ltr'><strong>quid</strong></span> 
     </span>
    </p>
   </div>
   <div class='ocr_carea' id='block_1_104' title="bbox 138 2646 926 2682">
    <p class='ocr_par' dir='ltr' id='par_1_104' title="bbox 138 2646 926 2682">
     <span class='ocr_line' id='line_1_104' title="bbox 138 2646 926 2682; baseline 0.001 -10"><span class='ocrx_word' id='word_1_764' title='bbox 138 2647 210 2673; x_wconf 90' lang='lat' dir='ltr'><strong>aliud</strong></span> <span class='ocrx_word' id='word_1_765' title='bbox 225 2655 274 2674; x_wconf 87' lang='lat' dir='ltr'><strong>nos</strong></span> <span class='ocrx_word' id='word_1_766' title='bbox 289 2646 397 2678; x_wconf 87' lang='lat' dir='ltr'><strong>docent,</strong></span> <span class='ocrx_word' id='word_1_767' title='bbox 408 2647 459 2674; x_wconf 86' lang='lat' dir='ltr'><strong>nisi</strong></span> <span class='ocrx_word' id='word_1_768' title='bbox 471 2647 541 2675; x_wconf 89' lang='lat' dir='ltr'><strong>obid</strong></span> <span class='ocrx_word' id='word_1_769' title='bbox 551 2656 652 2682; x_wconf 87' lang='lat' dir='ltr'><strong>corpus</strong></span> <span class='ocrx_word' id='word_1_770' title='bbox 666 2647 783 2674; x_wconf 83' lang='lat' dir='ltr'><strong>interﬁci</strong></span> <span class='ocrx_word' id='word_1_771' title='bbox 797 2648 926 2682; x_wconf 83' lang='lat' dir='ltr'><strong>primum.</strong></span> 
     </span>
    </p>
   </div>
   <div class='ocr_carea' id='block_1_105' title="bbox 139 2693 925 2728">
    <p class='ocr_par' dir='ltr' id='par_1_105' title="bbox 139 2693 925 2728">
     <span class='ocr_line' id='line_1_105' title="bbox 139 2693 925 2728; baseline 0.001 -10"><span class='ocrx_word' id='word_1_772' title='bbox 139 2697 220 2726; x_wconf 87' lang='lat' dir='ltr'><strong>atque</strong></span> <span class='ocrx_word' id='word_1_773' title='bbox 239 2693 334 2725; x_wconf 85' lang='lat' dir='ltr'><strong>emori,</strong></span> <span class='ocrx_word' id='word_1_774' title='bbox 353 2698 381 2720; x_wconf 90' lang='lat' dir='ltr'><strong>ut</strong></span> <span class='ocrx_word' id='word_1_775' title='bbox 403 2697 498 2728; x_wconf 85' lang='lat' dir='ltr'><strong>postea</strong></span> <span class='ocrx_word' id='word_1_776' title='bbox 517 2697 643 2728; x_wconf 77' lang='lat' dir='ltr'><strong>resurgat</strong></span> <span class='ocrx_word' id='word_1_777' title='bbox 661 2698 742 2728; x_wconf 84' lang='lat' dir='ltr'><strong>atque</strong></span> <span class='ocrx_word' id='word_1_778' title='bbox 756 2693 925 2720; x_wconf 84' lang='lat' dir='ltr'><strong>reviviscat?</strong></span> 
     </span>
    </p>
   </div>
   <div class='ocr_carea' id='block_1_106' title="bbox 140 2737 927 2776">
    <p class='ocr_par' dir='ltr' id='par_1_106' title="bbox 140 2737 927 2776">
     <span class='ocr_line' id='line_1_106' title="bbox 140 2737 927 2776; baseline 0 -10"><span class='ocrx_word' id='word_1_779' title='bbox 140 2737 296 2773; x_wconf 44' lang='lat' dir='ltr'><strong>Pam-utitur</strong></span> <span class='ocrx_word' id='word_1_780' title='bbox 328 2740 356 2767; x_wconf 93' lang='lat' dir='ltr'><strong>in</strong></span> <span class='ocrx_word' id='word_1_781' title='bbox 373 2740 469 2774; x_wconf 86' lang='lat' dir='ltr'><strong>primis</strong></span> <span class='ocrx_word' id='word_1_782' title='bbox 485 2748 518 2766; x_wconf 86' lang='lat' dir='ltr'><strong>ac</strong></span> <span class='ocrx_word' id='word_1_783' title='bbox 541 2739 740 2776; x_wconf 50' lang='lat' dir='ltr'><strong>coﬂriqgitur,</strong></span> <span class='ocrx_word' id='word_1_784' title='bbox 768 2744 797 2766; x_wconf 94' lang='lat' dir='ltr'><strong>ut</strong></span> <span class='ocrx_word' id='word_1_785' title='bbox 822 2739 927 2766; x_wconf 89' lang='lat' dir='ltr'><strong>salvum</strong></span> 
     </span>
    </p>
   </div>
   <div class='ocr_carea' id='block_1_107' title="bbox 1011 2505 1764 2545">
    <p class='ocr_par' dir='ltr' id='par_1_107' title="bbox 1011 2505 1764 2545">
     <span class='ocr_line' id='line_1_107' title="bbox 1011 2505 1764 2545; baseline -0.005 -9"><span class='ocrx_word' id='word_1_786' title='bbox 1011 2511 1050 2536; x_wconf 88' lang='lat' dir='ltr'><strong>A’.</strong></span> <span class='ocrx_word' id='word_1_787' title='bbox 1064 2510 1100 2536; x_wconf 83' lang='grc' dir='ltr'>Τὸ</span> <span class='ocrx_word' id='word_1_788' title='bbox 1113 2509 1178 2545; x_wconf 74' lang='grc' dir='ltr'>γὰρ,</span> <span class='ocrx_word' id='word_1_789' title='bbox 1197 2508 1269 2543; x_wconf 70' lang='grc' dir='ltr'><strong>Ἐγὼ</strong></span> <span class='ocrx_word' id='word_1_790' title='bbox 1291 2507 1455 2538; x_wconf 81' lang='grc' dir='ltr'>ἀποκτενῶ,</span> <span class='ocrx_word' id='word_1_791' title='bbox 1476 2507 1524 2533; x_wconf 76' lang='grc' dir='ltr'>καὶ</span> <span class='ocrx_word' id='word_1_792' title='bbox 1549 2505 1603 2539; x_wconf 76' lang='grc' dir='ltr'><strong>ζῇν</strong></span> <span class='ocrx_word' id='word_1_793' title='bbox 1628 2505 1744 2538; x_wconf 77' lang='grc' dir='ltr'>ποιήσω</span> <span class='ocrx_word' id='word_1_794' title='bbox 1756 2514 1764 2522; x_wconf 66' lang='grc' dir='ltr'><strong>ο</strong></span> 
     </span>
    </p>
   </div>
   <div class='ocr_carea' id='block_1_108' title="bbox 977 2551 1765 2589">
    <p class='ocr_par' dir='ltr' id='par_1_108' title="bbox 977 2551 1765 2589">
     <span class='ocr_line' id='line_1_108' title="bbox 977 2551 1765 2589; baseline -0.008 -7"><span class='ocrx_word' id='word_1_795' title='bbox 977 2555 1108 2587; x_wconf 76' lang='grc' dir='ltr'>πατάξω,</span> <span class='ocrx_word' id='word_1_796' title='bbox 1129 2554 1210 2589; x_wconf 76' lang='grc' dir='ltr'><strong>κάγὼ</strong></span> <span class='ocrx_word' id='word_1_797' title='bbox 1236 2553 1374 2588; x_wconf 78' lang='grc' dir='ltr'>ὶίὶσομαι”</span> <span class='ocrx_word' id='word_1_798' title='bbox 1407 2553 1455 2579; x_wconf 77' lang='grc' dir='ltr'>καὶ</span> <span class='ocrx_word' id='word_1_799' title='bbox 1475 2553 1530 2578; x_wconf 78' lang='grc' dir='ltr'>οὐκ</span> <span class='ocrx_word' id='word_1_800' title='bbox 1547 2551 1633 2578; x_wconf 82' lang='grc' dir='ltr'>ἔστιν</span> <span class='ocrx_word' id='word_1_801' title='bbox 1649 2551 1684 2584; x_wconf 82' lang='grc' dir='ltr'><strong>ὃς</strong></span> <span class='ocrx_word' id='word_1_802' title='bbox 1717 2551 1765 2583; x_wconf 82' lang='grc' dir='ltr'><strong>ἐξ-</strong></span> 
     </span>
    </p>
   </div>
   <div class='ocr_carea' id='block_1_109' title="bbox 975 2595 1764 2634">
    <p class='ocr_par' dir='ltr' id='par_1_109' title="bbox 975 2595 1764 2634">
     <span class='ocr_line' id='line_1_109' title="bbox 975 2595 1764 2634; baseline -0.009 -7"><span class='ocrx_word' id='word_1_803' title='bbox 975 2601 1086 2628; x_wconf 73' lang='grc' dir='ltr'>ελεῖται</span> <span class='ocrx_word' id='word_1_804' title='bbox 1098 2600 1132 2626; x_wconf 78' lang='grc' dir='ltr'>ἐκ</span> <span class='ocrx_word' id='word_1_805' title='bbox 1141 2599 1200 2626; x_wconf 81' lang='grc' dir='ltr'><strong>τῶν</strong></span> <span class='ocrx_word' id='word_1_806' title='bbox 1207 2598 1384 2634; x_wconf 80' lang='grc' dir='ltr'>χειρῶνμου,</span> <span class='ocrx_word' id='word_1_807' title='bbox 1394 2597 1540 2632; x_wconf 76' lang='grc' dir='ltr'>λεγόμενον</span> <span class='ocrx_word' id='word_1_808' title='bbox 1558 2596 1610 2622; x_wconf 80' lang='grc' dir='ltr'><strong>ὑπὸ</strong></span> <span class='ocrx_word' id='word_1_809' title='bbox 1624 2595 1670 2621; x_wconf 78' lang='grc' dir='ltr'>τοῦ</span> <span class='ocrx_word' id='word_1_810' title='bbox 1685 2595 1764 2627; x_wconf 78' lang='grc' dir='ltr'>Θεοῦ,</span> 
     </span>
    </p>
   </div>
   <div class='ocr_carea' id='block_1_110' title="bbox 976 2641 1764 2679">
    <p class='ocr_par' dir='ltr' id='par_1_110' title="bbox 976 2641 1764 2679">
     <span class='ocr_line' id='line_1_110' title="bbox 976 2641 1764 2679; baseline -0.009 -6"><span class='ocrx_word' id='word_1_811' title='bbox 976 2646 1002 2673; x_wconf 83' lang='grc' dir='ltr'><strong>τί</strong></span> <span class='ocrx_word' id='word_1_812' title='bbox 1015 2646 1077 2674; x_wconf 72' lang='grc' dir='ltr'>ἄλλο</span> <span class='ocrx_word' id='word_1_813' title='bbox 1092 2645 1227 2672; x_wconf 82' lang='grc' dir='ltr'>διδάσκειν</span> <span class='ocrx_word' id='word_1_814' title='bbox 1244 2644 1376 2679; x_wconf 85' lang='grc' dir='ltr'>βούλεται,</span> <span class='ocrx_word' id='word_1_815' title='bbox 1428 2644 1468 2669; x_wconf 80' lang='grc' dir='ltr'>ὅτι</span> <span class='ocrx_word' id='word_1_816' title='bbox 1488 2642 1530 2669; x_wconf 73' lang='grc' dir='ltr'><strong>διὰ</strong></span> <span class='ocrx_word' id='word_1_817' title='bbox 1547 2641 1625 2668; x_wconf 83' lang='grc' dir='ltr'>τοῦτο</span> <span class='ocrx_word' id='word_1_818' title='bbox 1640 2641 1669 2667; x_wconf 73' lang='grc' dir='ltr'><strong>τὸ</strong></span> <span class='ocrx_word' id='word_1_819' title='bbox 1683 2641 1764 2675; x_wconf 84' lang='grc' dir='ltr'>σῶμα</span> 
     </span>
    </p>
   </div>
   <div class='ocr_carea' id='block_1_111' title="bbox 977 2686 1764 2728">
    <p class='ocr_par' dir='ltr' id='par_1_111' title="bbox 977 2686 1764 2728">
     <span class='ocr_line' id='line_1_111' title="bbox 977 2686 1764 2728; baseline -0.009 -9"><span class='ocrx_word' id='word_1_820' title='bbox 977 2692 1085 2728; x_wconf 82' lang='grc' dir='ltr'>πρῶτον</span> <span class='ocrx_word' id='word_1_821' title='bbox 1102 2691 1306 2722; x_wconf 84' lang='grc' dir='ltr'>ἀποκτίννυται,</span> <span class='ocrx_word' id='word_1_822' title='bbox 1329 2690 1376 2716; x_wconf 56' lang='grc' dir='ltr'><strong>καὶ¹</strong></span> <span class='ocrx_word' id='word_1_823' title='bbox 1396 2690 1518 2724; x_wconf 82' lang='grc' dir='ltr'>θνήσκει,</span> <span class='ocrx_word' id='word_1_824' title='bbox 1544 2688 1587 2714; x_wconf 78' lang='grc' dir='ltr'><strong>ἵνα</strong></span> <span class='ocrx_word' id='word_1_825' title='bbox 1602 2686 1680 2719; x_wconf 84' lang='grc' dir='ltr'>αὖθις</span> <span class='ocrx_word' id='word_1_826' title='bbox 1698 2687 1764 2713; x_wconf 83' lang='grc' dir='ltr'>ἁνα-</span> 
     </span>
    </p>
   </div>
   <div class='ocr_carea' id='block_1_112' title="bbox 977 2733 1768 2773">
    <p class='ocr_par' dir='ltr' id='par_1_112' title="bbox 977 2733 1768 2773">
     <span class='ocr_line' id='line_1_112' title="bbox 977 2733 1768 2773; baseline -0.005 -9"><span class='ocrx_word' id='word_1_827' title='bbox 977 2737 1062 2773; x_wconf 83' lang='grc' dir='ltr'>σταθῇ</span> <span class='ocrx_word' id='word_1_828' title='bbox 1075 2737 1122 2763; x_wconf 78' lang='grc' dir='ltr'><strong>καὶ</strong></span> <span class='ocrx_word' id='word_1_829' title='bbox 1138 2735 1226 2773; x_wconf 59' lang='lat' dir='ltr'><strong>(non;</strong></span> <span class='ocrx_word' id='word_1_830' title='bbox 1245 2736 1415 2762; x_wconf 79' lang='grc' dir='ltr'>Πατὰσσεται</span> <span class='ocrx_word' id='word_1_831' title='bbox 1437 2734 1544 2770; x_wconf 80' lang='grc' dir='ltr'>πρῶτον</span> <span class='ocrx_word' id='word_1_832' title='bbox 1558 2734 1605 2760; x_wconf 74' lang='grc' dir='ltr'>καὶ</span> <span class='ocrx_word' id='word_1_833' title='bbox 1621 2733 1768 2769; x_wconf 71' lang='grc' dir='ltr'>θραύεται,</span> 
     </span>
    </p>
   </div>
   <div class='ocr_carea' id='block_1_113' title="bbox 179 2794 922 2851">
    <p class='ocr_par' dir='ltr' id='par_1_113' title="bbox 179 2817 922 2851">
     <span class='ocr_line' id='line_1_113' title="bbox 179 2817 922 2851; baseline -0.001 -6"><span class='ocrx_word' id='word_1_834' title='bbox 179 2817 188 2833; x_wconf 78' lang='grc' dir='ltr'>ί</span> <span class='ocrx_word' id='word_1_835' title='bbox 203 2817 271 2845; x_wconf 85' lang='lat' dir='ltr'><strong>Dan.</strong></span> <span class='ocrx_word' id='word_1_836' title='bbox 286 2818 374 2851; x_wconf 73' lang='lat' dir='ltr'><strong>xtt,‘.’..</strong></span> <span class='ocrx_word' id='word_1_837' title='bbox 411 2819 421 2834; x_wconf 86' lang='lat'><strong>’</strong></span> <span class='ocrx_word' id='word_1_838' title='bbox 435 2817 502 2846; x_wconf 80' lang='lat' dir='ltr'><strong>ibid.</strong></span> <span class='ocrx_word' id='word_1_839' title='bbox 518 2818 545 2845; x_wconf 82' lang='lat'><strong>&#39;5.</strong></span> <span class='ocrx_word' id='word_1_840' title='bbox 584 2818 595 2834; x_wconf 89' lang='grc'><strong><em>³</em></strong></span> <span class='ocrx_word' id='word_1_841' title='bbox 612 2817 690 2846; x_wconf 78' lang='lat' dir='ltr'><strong>Rom.</strong></span> <span class='ocrx_word' id='word_1_842' title='bbox 708 2826 747 2849; x_wconf 65' lang='grc' dir='ltr'>ιι.</span> <span class='ocrx_word' id='word_1_843' title='bbox 763 2817 808 2846; x_wconf 75' lang='lat'><strong>‘20.</strong></span> <span class='ocrx_word' id='word_1_844' title='bbox 848 2817 857 2833; x_wconf 81' lang='grc'><strong>⁸</strong></span> <span class='ocrx_word' id='word_1_845' title='bbox 872 2817 922 2845; x_wconf 85' lang='lat' dir='ltr'><strong>Deu</strong></span> 
     </span>
    </p>
   </div>
   <div class='ocr_carea' id='block_1_114' title="bbox 976 2794 1407 2851">
    <p class='ocr_par' dir='ltr' id='par_1_114' title="bbox 976 2813 1407 2849">
     <span class='ocr_line' id='line_1_114' title="bbox 976 2813 1407 2849; baseline -0.009 -6"><span class='ocrx_word' id='word_1_846' title='bbox 976 2824 1056 2849; x_wconf 75' lang='lat' dir='ltr'><strong>run,</strong></span> <span class='ocrx_word' id='word_1_847' title='bbox 1075 2816 1119 2844; x_wconf 73' lang='lat'><strong>39.</strong></span> <span class='ocrx_word' id='word_1_848' title='bbox 1159 2816 1169 2832; x_wconf 81' lang='grc'>⁸</span> <span class='ocrx_word' id='word_1_849' title='bbox 1181 2814 1212 2843; x_wconf 83' lang='lat' dir='ltr'><strong>F.</strong></span> <span class='ocrx_word' id='word_1_850' title='bbox 1225 2813 1407 2848; x_wconf 74' lang='grc' dir='ltr'>ἐκθρέψαντα.</span> 
     </span>
    </p>
   </div>
  </div>
