1958 3050
172 118 240 144 ΗΠ

498 117 683 146 ADVERSUS
703 117 873 146 HERESES
891 102 960 147 ιιιΒῘ
979 119 1009 148 ll.
1030 119 1112 148 TOM.
1134 121 1153 149 I.
1172 137 1206 142 —
1228 122 1366 150 ll/ERES.
1388 122 1479 151 LXIV.

1722 126 1792 154 “(3

172 179 215 205 ἵνα
227 175 304 209 αὖθις
331 176 398 203 σῶον
423 177 529 214 πλασοῇ
553 177 600 205 nat
616 178 700 212 ὑγιές.
712 179 767 206 Kal.
782 179 857 206 οὐδὲν
868 179 955 212 ἐξελέ-

1010 180 1140 216 deinceps
1166 182 1357 217 integrumque
1381 182 1523 209 formetur.
1548 181 1603 210 Nec
1625 188 1667 210 est
1681 184 1794 211 omnino

172 224 232 250 σθαι
242 223 309 254 ᾶλως
319 223 348 249 τὸ
361 222 468 250 σύνολον
475 225 524 258 τῆς
535 224 654 260 μεγάλης
669 225 716 251 καὶ
727 226 860 260 κραταιᾶς
874 225 955 251 αὐτοῦ

171 269 261 304 χειρὸς
278 269 346 304 πρὸς
367 268 504 296 ἀπώλειαν
530 270 576 296 καὶ
602 269 710 306 ὄλεθρον
726 271 823 303 σθένει,
841 271 871 297 οὐ
889 272 954 306 πῦρ,

169 315 200 340 οὐ
212 314 334 345 θάνατος,
349 313 378 339 ού
394 313 498 345 σκότος,
525 314 555 340 ού
571 314 645 349 χάος.
667 315 698 342 οὐ
717 315 814 351 φθορά.
842 317 888 349 Τίς
902 316 957 351 γὰρ

170 360 257 394 ἡμᾶς,
284 359 361 395 φησι,
385 360 505 393 χωρίσει
535 359 593 386 ἀπὸ
619 359 672 394 τῆς
686 359 806 395 ἀγάπης
825 361 879 387 τοῦ
891 362 958 395 Χριο

170 405 245 432 στοῦ
258 413 267 436 ;
282 405 312 437 ὃς
326 405 504 440 ἑρμηνεύεται
530 405 591 440 χεὶρ
606 405 653 432 τοῦ
671 405 776 441 Πατρὸς
796 405 843 432 καὶ
861 405 955 440 Λόγος.

171 451 287 485 Θλῐψις,
317 451 335 485 ἢ
359 451 552 485 στενοχωρία,
573 450 592 485 ἣ
612 451 747 486 διωγμὸς,
778 451 797 485 ἣ
815 451 912 485 λιμὸς,
933 452 952 485 ἦ

169 499 327 531 γυμνότης.
351 497 374 532 ἡ
394 498 547 530 κίνδυνος,
578 497 597 531 ’ἢ
618 497 768 532 μάχαιρα;
786 498 886 531 Καθὼς
911 499 957 534 γέ-

169 551 305 578 γραπται,
320 543 365 570 ὅτι
388 543 492 570 ἕνεκεν
512 542 571 570 σοῦ
591 544 794 578 θανατούμεθα
805 543 881 577 ὅλην
901 544 958 578 τὴν

127 605 133 611 ς
169 589 292 623 ἡμέραν,
307 580 506 623 ἐλογίσθημεν
518 589 557 621 ὡς
568 589 699 621 πρόϐατα
713 587 844 622 σφαγῆς.
876 589 956 615 Ἀλλ’

148 653 150 655 -
169 635 204 662 ἐν
212 635 326 667 τούτοις
342 625 437 660 ,πᾶσιν
443 632 647 667 ὑπερνικῶμεν
659 632 708 659 διὰ
720 633 772 660 τοῦ
783 633 955 668 ἀγαπήσαν-

169 688 220 713 τος
240 679 318 714 ἡμᾶς
329 688 336 694 ·
352 679 533 715 ἀληθέστατα,
548 679 591 705 ἵνα
612 677 753 714 πληρωθῇ,
772 677 862 709 καθὼς
878 678 955 712 ἔφην,
969 690 971 696 ν

169 726 211 758 τὸ,
228 724 302 760 Ἐγὼ
329 724 494 756 ἀποκτενῶ,
522 723 571 750 καὶ
599 722 652 757 ζῇν
671 722 788 755 ποιήσω
802 730 809 736 ·
825 722 956 755 πατάξω,

170 770 249 805 κάγὼ
266 769 396 804 ἰάσομαι.
421 769 476 796 Καὶ
503 770 559 795 οὐκ
573 768 658 795 ἐστιν
677 768 711 800 ὃς
721 767 865 799 ἐξελεῒται
878 767 957 802 ἡμᾶς

170 817 204 844 ἐκ
218 816 272 851 τῆς
293 815 410 850 ἀγάπης
419 815 472 842 τοῦ
500 815 574 842 Θεοῦ
594 814 649 848 τῆς
669 815 703 840 ὲν
722 814 838 848 Χριστῷ
859 813 957 848 Ἰησοῦ

171 862 238 898 πρὸς
260 861 406 888 ἀπώλειαν.
432 860 477 887 Διὸ
493 861 540 887 καὶ
558 859 757 894 ἐλογίσθημεν
772 860 812 892 ὡς
826 860 956 893 πρόϐατα

169 907 305 943 σφαγῆς-
324 908 375 934 ἵνα
399 907 602 939 ἀποθανόντες
623 905 661 939 τῇ
679 905 805 939 ἁμαρτίᾳ
822 904 956 939 ζήσωμεν

168 954 209 987 τῷ
221 953 291 986 Θεῷ.
309 953 363 980 Καὶ
377 953 462 979 ταῦτα
477 952 526 987 μὲν
542 952 622 988 μέχρι
639 950 766 977 τοσούτου
785 945 934 985 διεσκέφθω
946 959 953 966 ·

169 1000 204 1027 τὰ
219 1001 247 1026 δὲ
259 1000 356 1035 συνεχῆ
367 1000 471 1030 τούτοις
485 995 536 1025 ὧδε
551 997 633 1024 πάλιν
643 997 857 1033 προχειριστέον.

202 1046 265 1073 AA’.
282 1046 313 1072 Εἰ
336 1046 389 1072 πᾶν
405 1045 434 1071 τὺ
457 1044 623 1078 γεννώμενον
645 1044 728 1069 νοσεῖ*
746 1043 882 1078 προτείνει
899 1041 954 1078 γὰρ

166 1090 253 1123 οὕτως
265 1091 279 1117 ὁ
292 1090 321 1123 ἐξ
332 1090 453 1121 ἐναντίας
461 1089 537 1116 "Kal
553 1088 622 1115 κατὰ
634 1089 683 1124 τὴν
697 1088 812 1122 γένεσιν,
824 1088 870 1115 καὶ
885 1087 956 1114 κατὰ

167 1137 217 1172 τὴν
232 1137 334 1172 τροφὴν
356 1136 411 1164 ἀπὸ
431 1136 486 1163 τῶν
510 1135 691 1172 προσιόντων,
716 1134 809 1170 φησιν,
832 1133 954 1167 αὔξεται,

168 1184 217 1210 καὶ
229 1183 284 1209 ἀπὸ
296 1183 350 1210 τῶν
369 1182 502 1209 ἀπιόντων
519 1181 687 1207 ἐλαττοῦται·
702 1179 736 1206 τὰ
754 1180 781 1206 δὲ
798 1179 835 1215 μὴ
854 1179 955 1214 γεννώ-

170 1236 240 1264 μενα
256 1227 382 1261 ὑγιαίνει,
399 1227 466 1262 μηδὲ
481 1227 564 1258 νοσεῖ,
585 1226 652 1261 μηδὲ
675 1224 841 1260 προσδεῖται,
860 1224 876 1259 ἢ
896 1225 955 1250 ὲπι-

169 1274 260 1309 θυμεῖ·
276 1272 405 1308 ἐπιθυμεῖ
420 1272 449 1299 δὲ
462 1272 496 1299 τὰ
509 1271 667 1306 γεννώμενα
681 1271 728 1297 καὶ
742 1271 895 1302 συνουσίας,
908 1270 955 1297 καὶ

168 1319 282 1354 τροφῆς.
296 1318 333 1344 Τὸ
352 1318 379 1344 δὲ
393 1317 536 1353 ἐπιθυμεῖν
553 1318 638 1344 νοσεῖν
654 1318 729 1348 ἐστι,
747 1317 778 1342 τὸ
801 1316 830 1342 δὲ
849 1316 886 1351 μὴ
902 1316 955 1343 δεῖ-

168 1365 241 1398 σθαι,
258 1364 325 1400 μηδὲ
344 1364 499 1399 ἐπιθυμεῖν,
515 1363 658 1398 ὑγιαίνειν*
673 1364 747 1389 νοσεῖ
762 1363 790 1389 δὲ
805 1362 840 1389 τὰ
855 1361 955 1396 γεννώ-

169 1418 247 1444 μενα,
264 1409 304 1436 ὅτι
326 1409 470 1444 ἐπιθυμεῖ,
484 1408 519 1434 τὰ
532 1408 560 1434 δὲ
586 1408 622 1443 μὴ
640 1402 798 1442 γεννώμενα
818 1407 848 1434 οὐ
870 1408 953 1434 νοσεῖ,

167 1455 270 1490 Πάσχει
287 1454 315 1481 δὲ
338 1455 372 1480 τὰ
394 1454 523 1481 νοσοῦντα
547 1452 563 1487 ἣ
586 1454 656 1480 κατὰ
689 1453 791 1488 πλῆθος
814 1453 829 1488 ἢ
851 1453 954 1480 ἔνδειαν

1007 225 1166 261 quidquam,
1195 226 1267 261 quod
1297 227 1330 254 ab
1350 227 1452 262 ingenti
1483 228 1556 255 illius
1573 227 1690 263 fortique
1712 237 1792 256 manu

1007 279 1058 299 nos
1074 272 1106 299 ad
1119 272 1258 300 interitum
1274 281 1304 300 ac
1321 275 1469 308 perniciem
1482 275 1568 309 possit
1582 275 1720 302 eximere:
1738 285 1792 303 non

1007 318 1088 352 ignis.
1104 325 1157 345 non
1170 326 1254 350 mors,
1273 326 1328 346 non
1342 319 1469 350 tenebrm,
1485 328 1538 346 nou
1552 320 1645 353 chaos,
1664 329 1716 348 non
1731 329 1793 348 cor-

1008 364 1107 397 ruptio.
1128 363 1193 395 Quis
1217 364 1285 390 enim
1298 372 1344 391 nos
1361 365 1504 399 separabit,
1519 365 1618 400 inquit,
1634 375 1649 393 (ι
1663 366 1793 394 clmritate

1007 408 1126 435 Christi?
1137 409 1215 444 553
1230 417 1309 443 quem
1324 409 1413 437 Patris
1424 418 1532 438 manum
1543 419 1573 438 ac
1582 411 1697 439 Verbum
1710 413 1794 439 inter-

1008 459 1156 489 pretamur.
1174 454 1340 482 Tribulatio?
1351 460 1397 481 aut
1416 457 1561 489 angustia?
1574 462 1618 483 aut
1628 459 1771 491 persecutio
1780 460 1793 486 7

1007 498 1167 532 autfames?
1182 503 1227 524 aut
1241 499 1348 526 nuditas
1359 501 1371 526 ζ)
1384 504 1429 525 aut
1440 501 1604 534 periculum?
1621 508 1665 528 aut
1674 503 1793 536 gladius!

1007 544 1225 578 quemadmodum
1251 545 1377 578 scriptum
1406 546 1613 579 est:Quoniam
1636 553 1742 583 propter
1768 554 1793 576 te

1007 590 1201 622 mortiﬁcamur
1230 591 1361 625 quotidie;
1387 592 1513 618 wstimati
1534 601 1636 625 smnus,
1651 594 1718 620 sicut
1734 602 1792 620 oves

1007 635 1154 661 occisionis.
1167 635 1219 662 Sed
1230 636 1256 662 in
1269 635 1309 662 his
1323 636 1442 662 omnibus
1452 644 1606 670 superamus
1623 646 1667 670 per
1674 646 1732 664 eum
1749 639 1794 673 qui

1007 687 1053 705 nos
1068 679 1159 706 dilexit
1175 681 1197 707 '.
1209 679 1359 708 Verissime
1372 681 1493 713 omnino,
1512 685 1542 708 ut
1556 682 1620 709 illud
1638 683 1791 718 impleatur,

1007 725 1234 759 quemadmodum
1248 726 1366 754 diximus
1379 735 1386 753 :
1404 726 1458 761 Ego
1471 727 1600 759 occidam.
1616 733 1639 755 et
1650 737 1696 763 ego
1712 729 1794 756 virere

1007 771 1288 805 faciam;percutiam.
1302 778 1326 799 et
1343 774 1506 808 egosauabo,
1519 779 1604 801 etnon
1618 779 1656 801 est
1668 776 1792 810 quierunt

1008 824 1054 842 nos
1070 824 1102 842 ea:
1121 817 1249 844 charitate
1279 817 1336 850 Dei,
1372 826 1429 852 qucc
1445 824 1482 845 est
1505 820 1531 846 in
1547 819 1653 848 Christo
1665 820 1739 852 Jesu,
1758 822 1790 848 ad

1007 862 1119 888 exiliunt
1144 862 1280 890 videlicet.
1312 862 1445 895 Quocirca
1473 865 1599 892 testimati
1617 874 1708 892 sumus
1724 867 1792 892 sicut

1006 915 1063 934 oves
1079 908 1225 940 occisionis,
1237 913 1266 934 ut
1279 910 1376 936 mortui
1388 915 1492 943 peccato
1505 911 1620 938 vivamus
1632 911 1685 938 Deo
1702 912 1725 938 ³.
1738 912 1791 938 Sed

1006 952 1040 979 de
1069 952 1113 980 his
1132 953 1273 981 hactenus.
1294 953 1371 982 Nunc
1397 963 1457 990 quae
1474 955 1517 983 his
1538 960 1722 984 consentanea
1738 957 1793 985 sint

1006 999 1079 1026 hunc
1093 999 1119 1026 in
1134 1000 1243 1026 modum
1257 1001 1440 1035 expromenda
1457 1005 1531 1028 sunt.

1040 1044 1135 1071 XXXI.
1151 1045 1179 1071 Si
1199 1045 1224 1072 id
1243 1053 1334 1077 omne,
1355 1046 1427 1081 quod
1442 1047 1561 1082 genitum
1577 1051 1628 1082 est,
1649 1055 1720 1083 aegre
1732 1056 1792 1076 sese

1005 1089 1095 1117 habet.
1113 1090 1151 1116 Ita
1167 1090 1239 1117 enim
1254 1092 1428 1118 adversarius
1445 1091 1541 1126 objicit
1558 1101 1565 1118 :
1579 1091 1617 1119 Ac
1633 1097 1686 1119 tam
1702 1092 1729 1119 in
1745 1100 1792 1127 ge-

1006 1135 1148 1163 neratione
1163 1136 1231 1170 ipsa,
1249 1143 1330 1171 quam
1348 1138 1498 1170 nutricatu,
1512 1142 1538 1165 et
1551 1138 1585 1165 ab
1600 1138 1793 1166 accedentibus

1005 1185 1129 1216 augetur,
1146 1186 1173 1209 et
1190 1182 1224 1209 ab
1241 1182 1436 1210 decedentibus
1456 1183 1606 1217 minuitur;
1625 1191 1685 1219 quae
1702 1188 1792 1211 autem

1005 1227 1118 1254 minime
1146 1227 1303 1262 gignuntur,
1327 1228 1506 1257 saluberrima
1532 1234 1607 1261 sunt,
1635 1237 1685 1257 nec
1706 1237 1792 1264 aegro-

1005 1276 1062 1299 tant
1080 1280 1213 1307 unquam,
1242 1281 1330 1308 neque
1354 1274 1437 1301 ullius
1462 1274 1501 1302 rei
1525 1274 1657 1309 indigent,
1683 1278 1730 1301 aut
1746 1282 1792 1309 ap-

1005 1321 1116 1353 petunt;
1139 1326 1200 1352 qua:
1218 1322 1307 1345 autem
1323 1319 1412 1353 genita
1433 1323 1508 1351 sunt,
1529 1324 1556 1346 et
1574 1320 1687 1353 coitum,
1703 1323 1729 1347 et.
1745 1320 1792 1346 ali~

1005 1367 1126 1390 mentum
1139 1366 1272 1397 appetunt
1289 1371 1297 1389 :
1317 1367 1360 1391 est
1375 1368 1465 1391 autem
1482 1369 1609 1399 appetere
1627 1364 1697 1392 idem
1713 1369 1792 1400 atque

1003 1408 1333 1443 segrotare;econtrario
1358 1416 1423 1436 vero
1450 1409 1551 1436 nullius
1582 1409 1715 1444 indigere,
1744 1417 1793 1436 nec

1003 1457 1143 1489 appetere,
1162 1454 1231 1480 idem
1252 1457 1295 1481 est
1310 1461 1342 1481 ac
1358 1462 1455 1481 sanum
1475 1463 1551 1488 esse;
1569 1458 1699 1489 a‘grotant
1712 1463 1796 1489 porro

166 1500 221 1526 τῶν
236 1499 455 1535 προσγινομένων
473 1499 520 1525 καὶ
536 1497 749 1533 ἀπογινομένων·
764 1497 794 1524 τὸ
807 1497 835 1524 δὲ
851 1497 953 1532 πάσχον

1007 1507 1172 1535 thecunque
1185 1503 1248 1526 nata
1262 1503 1336 1531 sunt,
1353 1500 1415 1534 quia
1432 1501 1645 1535 concupiscunt;
1660 1508 1720 1535 qum
1731 1508 1795 1527 vero

167 1545 216 1572 καὶ
230 1545 317 1580 φθίνει
331 1545 379 1571 καὶ
391 1544 549 1571 ἀπόλλυται’
563 1543 658 1579 διόπερ
672 1543 720 1569 καὶ
738 1543 875 1577 γεννᾶται.
890 1543 954 1568 Γεν-

167 1591 246 1618 νᾶται
259 1590 288 1617 δὲ
301 1591 315 1617 ὀ
334 1590 492 1626 ἄνθρωπος·
510 1590 539 1616 οὐ
560 1589 669 1616 δύναται
685 1589 738 1624 ἄρα
762 1588 869 1623 ἀπαθὴς
885 1587 954 1615 εἶναι

166 1637 182 1663 ὸ
197 1636 338 1672 ἄνθρωπος
359 1636 407 1662 καὶ
422 1635 564 1667 ἀθάνατος.
591 1635 764 1662 Καταπίπτει
785 1635 833 1670 μὲν
847 1633 893 1661 οὖν
907 1635 955 1661 καὶ

170 1683 217 1709 ἐπὶ
230 1682 335 1713 τούτοις
354 1682 445 1713 αὐτοῖς
462 1682 476 1708 ό
490 1681 578 1715 λόγος.
598 1682 628 1708 El
645 1681 699 1717 γὰρ
713 1682 765 1707 πᾶν
784 1681 814 1708 τὺ
827 1681 955 1716 γιγνόμε-

168 1736 223 1760 νον,
243 1727 261 1763 ἢ
284 1726 453 1762 γεννώμενον
476 1727 624 1754 ἀπόλλυται
645 1726 776 1762 (διαφέρει
802 1727 855 1761 γὰρ
881 1727 955 1753 οὐδὲν

167 1773 254 1805 οὕτως
271 1774 368 1800 εἰπεῖν⁸
383 1772 475 1807 ἐπειδὴ
490 1772 536 1798 καὶ
548 1772 574 1798 οἱ
590 1772 798 1808 πρωτόπλαστοι
813 1772 862 1799 οὐκ
877 1773 954 1807 εγεν-

167 1819 298 1855 νήοησαν,
314 1818 371 1845 ἀλλ’
389 1818 580 1853 ὲγενήθησαν)·
596 1818 703 1853 γενητοὶ
722 1818 751 1844 δὲ
771 1818 818 1844 καὶ
833 1819 857 1844 οἱ
872 1818 954 1852 ἄγγε-

167 1865 218 1899 λοι,
234 1865 280 1892 καὶ
294 1865 322 1891 αἱ
338 1864 423 1899 ψυχαὶ
449 1864 492 1899 (Ὀ
508 1863 601 1890 ποιῶν
615 1863 685 1895 τοὺς
701 1863 846 1898 ἀγγέλους
862 1863 955 1890 αὑτοῦ

168 1910 343 1946 amittam)-
359 1909 522 1936 ἀπόλλυνται
537 1909 591 1944 ἀρα
606 1909 630 1935 οἱ
646 1909 755 1942 ἄγγελοι
770 1909 829 1935 κατ’
845 1909 954 1940 αὐτοὺς,

168 1957 216 1983 καὶ
229 1957 257 1983 αἱ
278 1955 370 1990 ψυχαί.
391 1954 472 1981 Ἀλλὰ
493 1954 554 1981 οὔτε
570 1955 594 1980 οἱ
609 1953 733 1988 ἄγγελοι,
748 1953 809 1980 οὔτε
827 1954 855 1980 αι
871 1953 956 1988 ψυχαὶ

169 2002 342 2029 ἀπόλλυνται·
356 2001 477 2028 ἀθάνατα
488 2000 543 2035 γὰρ
554 1999 639 2026 ταῦτα
647 2000 694 2026 καὶ
703 2000 854 2034 ὰόᾰμαστα,
864 1999 956 2031 καθὼς

168 2048 308 2083 ὁποιήσας
331 2045 400 2073 εἶναι
426 2046 596 2081 βεϐούληται.
627 2045 771 2077 Ἀθάνατος
797 2045 850 2081 ἄρα
872 2045 918 2072 καὶ
943 2045 956 2072 ὁ

169 2093 320 2128 ἄνθρωπος.
337 2093 393 2119 Οὐκ
407 2093 521 2127 ἀρεστὸν
534 2093 563 2119 δὲ
581 2093 684 2124 ἐκεῖνο,
702 2091 733 2118 τὺ
748 2092 836 2125 λέγειν
853 2092 892 2123 εἰς
906 2091 956 2127 ἄρ-

168 2139 217 2174 δην
236 2138 392 2165 ἀπολεῖσοαι
407 2138 436 2164 τὸ
454 2139 517 2170 πᾶν,
547 2138 594 2164 καὶ
610 2138 661 2172 γῆν
680 2137 728 2163 καὶ
757 2136 825 2172 ἀέρα
844 2137 891 2163 καὶ
912 2137 956 2163 ού-

1006 1546 1117 1573 mlnime
1141 1549 1205 1584 nata
1227 1550 1302 1577 sunt,
1319 1553 1375 1572 non
1396 1550 1540 1581 aegrotant.
1562 1545 1621 1573 Jam
1639 1554 1703 1573 vero
1719 1554 1795 1581 quae-

1005 1599 1112 1626 cunque
1123 1599 1192 1626 aegra
1214 1595 1288 1623 sunt,
1309 1599 1404 1618 eormn
1419 1599 1479 1626 qua:
1498 1591 1632 1618 accedunt
1647 1591 1797 1619 decedunt-

1005 1643 1048 1667 ve,
1064 1636 1141 1670 copia
1157 1636 1199 1663 vel
1217 1636 1310 1670 inopia
1331 1636 1472 1668 laborant;
1490 1636 1562 1671 quod
1580 1641 1669 1664 autem
1683 1637 1797 1672 patitur,

1006 1682 1145 1716 corrumpi
1163 1685 1245 1716 atque
1261 1681 1374 1709 interire
1388 1690 1501 1710 necesse
1515 1687 1568 1714 est,
1583 1683 1662 1717 cujus
1679 1684 1717 1711 rei
1733 1691 1796 1719 gra-

1006 1729 1044 1756 tia
1057 1729 1187 1764 gignitur.
1203 1728 1285 1763 Atqui
1302 1727 1384 1755 homo
1396 1729 1525 1764 gignitur.
1537 1728 1597 1756 Non
1610 1733 1700 1764 potest
1715 1730 1797 1765 igitur

1007 1775 1088 1801 homo
1103 1774 1240 1808 passionis
1255 1781 1352 1808 expers
1375 1778 1402 1800 et
1427 1774 1588 1802 immortalis
1607 1782 1678 1802 esse.
1694 1775 1795 1803 Verum

1007 1820 1048 1848 vel
1061 1820 1169 1854 iisipsis
1180 1819 1288 1846 illorum
1299 1820 1431 1847 evertitur
1438 1820 1536 1847 oratio.
1551 1819 1619 1846 Nam
1632 1820 1654 1847 si
1664 1820 1795 1855 quidquid

1007 1865 1168 1900 productum
1196 1869 1243 1891 aut
1269 1865 1391 1900 genitum
1414 1869 1472 1897 est,
1500 1865 1594 1892 interit
1611 1865 1690 1900 (nihil
1706 1870 1796 1893 autem

1008 1909 1102 1940 refert,
1121 1909 1144 1936 si
1160 1909 1197 1935 ita
1214 1908 1375 1938 dixerimus.
1398 1908 1527 1942 quoniam
1550 1908 1628 1942 primi
1644 1908 1731 1935 nostri
1746 1914 1796 1942 pa-

1007 1959 1100 1982 rentes
1112 1962 1165 1981 non
1177 1955 1260 1990 geniti
1275 1958 1350 1984 sunt.
1360 1954 1408 1981 sed
1419 1953 1566 1988 producti):
1582 1961 1643 1980 cum
1657 1957 1684 1980 et
1696 1953 1795 1988 angeli,

1008 2004 1035 2028 et
1055 2001 1151 2027 anima:
1173 2000 1314 2035 producta:
1334 2001 1388 2027 sint
1406 2000 1549 2035 (scriptum
1565 2003 1607 2027 est
1626 2000 1697 2026 enim
1719 2009 1725 2027 :
1744 2000 1796 2032 Qui

1009 2046 1072 2079 facit
1093 2045 1199 2080 angelos
1221 2053 1282 2071 suos
1304 2045 1412 2078 spiritus
1425 2044 1465 2078 ‘),
1481 2052 1514 2071 ex
1535 2044 1642 2071 illorum
1668 2044 1797 2079 opinione

1008 2098 1178 2126 consequens
1194 2095 1244 2122 est,
1264 2095 1318 2116 tam
1332 2091 1454 2125 angelos,
1472 2098 1553 2124 qualn
1573 2090 1678 2118 animas
1698 2090 1795 2124 perire.

1008 2137 1043 2163 At
1062 2144 1149 2170 neque
1169 2135 1268 2170 angeli,
1282 2143 1371 2170 neque
1384 2135 1480 2162 anima:
1496 2135 1636 2167 occidunt,
1649 2139 1713 2162 sunt
1723 2134 1796 2162 enim

171 2185 250 2220 ρανδν
270 2184 307 2219 μὴ
331 2183 450 2210 ἔσεσθαι.
474 2183 713 2219 Ἐκπυρωθήσεται
738 2183 786 2218 μὲν
810 2182 864 2218 γὰρ
887 2183 955 2218 »πρὸς

1008 2183 1193 2213 immortales;
1207 2189 1255 2208 nec
1266 2189 1281 2208 a
1292 2189 1429 2216 quoquam
1440 2181 1562 2208 edomari
1574 2185 1696 2216 possunt,
1707 2189 1798 2216 quent-

169 2230 299 2265 κάθαρσιν
313 2229 359 2255 καὶ
376 2229 569 2263 ἀνακαινισμὺν
589 2229 720 2260 καταϐὰς,
739 2226 761 2262 ᾧ
778 2229 832 2260 πᾶς
852 2229 859 2244 ¹
876 2229 890 2254 ό
907 2228 955 2254 κό-

169 2284 237 2310 σμος
261 2274 496 2309 κατακλυζόμενος
519 2274 601 2310 πυρὶ,
622 2275 652 2301 οὐ
680 2274 733 2309 μὴν
755 2275 796 2305 εἰς
820 2274 957 2300 ἀπώλειαν

170 2320 308 2346 ἐλεύσεται
323 2319 440 2354 παντελῆ
466 2320 513 2345 καὶ
533 2319 646 2354 φθοράν.
666 2320 697 2345 Εἰ
716 2319 770 2354 γὰρ
788 2320 911 2354 κρεῖττον
927 2318 958 2345 τὸ

171 2365 209 2401 μὴ
233 2364 301 2392 εἶναι
326 2365 372 2392 τοῦ
399 2363 468 2391 εἶναι
495 2365 541 2391 τὸν
566 2365 682 2400 κόσμον,
707 2364 752 2391 διὰ
767 2364 793 2390 τί
816 2364 846 2390 τὸ
870 2365 958 2399 χεῖρον

169 2412 260 2447 ᾑρεῖτο
277 2411 392 2446 ποιήσας
407 2410 452 2436 τὸν
467 2410 568 2444 κόσμον
585 2410 600 2435 ὁ
619 2410 701 2441 Θεός;
716 2409 844 2441 Manio);
855 2409 959 2444 ἐχειρο-

170 2456 252 2483 ποίει,
271 2455 376 2482 Οὐκοῦν
390 2456 429 2486 εἰς
449 2455 482 2481 τὸ
506 2454 574 2481 εἶναι
599 2456 646 2482 καὶ
669 2455 760 2490 μένειν
774 2455 822 2489 τὴν
841 2455 930 2481 κτίσιν
944 2456 958 2481 ὁ

169 2503 236 2533 Θεὸς
251 2502 459 2536 διεκοσμήσατο,
475 2500 601 2536 καθάπερ
615 2501 661 2527 καὶ
679 2502 695 2535 ή
713 2501 797 2534 Σοφία
810 2500 842 2526 δι’
857 2500 875 2527 ἃ
889 2509 954 2526 συν-

171 2548 285 2582 ίστησιν,
305 2548 422 2573 "Enetos
436 2546 490 2581 γὰρ
505 2548 549 2579 εὶς
573 2547 605 2573 τὸ
625 2545 711 2578 εἶναι,
728 2546 855 2580 λέγουσα,
884 2547 955 2573 πάν-

170 2602 206 2620 τα
217 2595 233 2620 ό
248 2594 329 2625 Θεός·
345 2593 393 2619 καὶ
412 2592 552 2626 σωτήριοι
566 2593 596 2619 al
614 2592 749 2626 γενέσεις
762 2593 815 2619 τοῦ
830 2593 957 2627 κόσμου,

170 2639 220 2666 καὶ
233 2639 288 2666 οὐκ
302 2638 387 2665 ἐστιν
402 2638 437 2664 ἐν
448 2638 553 2671 αὑταῖς
567 2638 723 2672 φάρμακον
736 2638 869 2672 ὀλέθρου.

1009 2228 1153 2255 admodum
1174 2228 1281 2254 illorum
1296 2227 1436 2254 Conditori
1453 2227 1564 2261 placuit.
1587 2225 1670 2261 igitur
1686 2226 1797 2252 immor-

1009 2273 1072 2300 talis
1084 2279 1126 2300 est.
1144 2273 1235 2299 homo.
1253 2271 1305 2299 Sed
1325 2280 1374 2299 nec
1390 2271 1455 2298 illud
1474 2279 1638 2306 magnopere
1655 2271 1756 2306 probo;
1774 2271 1797 2298 si

1010 2323 1037 2346 et
1054 2319 1175 2345 funditus
1190 2319 1240 2345 hoc
1256 2319 1411 2345 universum
1428 2318 1577 2352 periturum
1590 2325 1652 2345 esse
1661 2317 1797 2348 dicamus,

1008 2368 1036 2392 et
1052 2369 1164 2396 terram,
1179 2369 1261 2398 atque
1274 2371 1375 2395 aerem,
1391 2367 1418 2390 et
1433 2363 1533 2390 coelum
1547 2363 1710 2397 quandoque
1722 2362 1798 2389 desi-

1008 2414 1110 2437 turum.
1132 2409 1273 2444 Siquidem
1297 2412 1372 2435 totus
1388 2407 1432 2434 hic
1446 2406 1576 2439 mundits,
1589 2411 1618 2434 ut
1632 2406 1742 2441 purgari
1757 2406 1798 2433 in-

1009 2456 1181 2490 staurarique
1200 2454 1297 2490 possit,
1314 2453 1517 2482 exundantibus
1537 2453 1654 2480 ﬂammis
1671 2452 1799 2479 incendio

1009 2501 1196 2536 conﬂagrabit,
1216 2499 1297 2534 55h,
1311 2507 1365 2526 non
1382 2503 1471 2525 tamen
1490 2498 1612 2525 interibit
1626 2505 1657 2524 ac
1674 2504 1798 2525 eorrum<

1009 2552 1089 2582 petur
1105 2547 1227 2573 omnino.
1248 2545 1354 2572 Etenim
1371 2545 1394 2571 si
1410 2544 1542 2571 mundum
1558 2551 1612 2571 non
1630 2551 1701 2573 csse,
1715 2550 1798 2578 quam

1010 2600 1072 2620 esse
1085 2592 1183 2619 melius
1197 2596 1249 2623 est,
1265 2598 1314 2618 cur
1329 2589 1402 2624 quod
1417 2589 1537 2616 deterius
1551 2586 1592 2616 esi
1607 2589 1738 2615 mundum
1756 2587 1797 2614 fa-

1010 2638 1144 2666 bricando
1160 2637 1232 2665 Deus
1244 2638 1367 2672 eligeret,
1384 2644 1417 2664 ac
1433 2636 1535 2664 frustra
1557 2644 1626 2670 opus
1646 2635 1712 2662 illud
1732 2642 1798 2669 pro-

175 2686 298 2714 luceret?
317 2685 499 2719 Quamobrem
530 2689 559 2712 ut
586 2689 679 2713 essent
705 2692 737 2712 ac
757 2689 908 2716 manerent,
933 2686 1058 2713 conditas
1087 2693 1102 2712 a
1124 2691 1154 2712 se
1175 2692 1219 2712 res
1240 2683 1312 2711 Deus
1340 2684 1497 2716 constituit;
1518 2683 1544 2709 id
1564 2682 1634 2716 quod
1658 2681 1797 2711 Sapientia

170 2733 314 2760 conﬁrmat
328 2733 372 2760 his
389 2733 498 2760 verbis:
515 2731 619 2760 Creavit
638 2732 708 2759 enim
722 2735 751 2758 ut
764 2736 849 2759 essent
865 2732 955 2758 omnia
966 2737 1052 2763 Deus;
1068 2736 1092 2759 et
1109 2731 1238 2758 salutares
1253 2735 1314 2757 sunt
1330 2730 1421 2757 mundi
1433 2730 1623 2765 generationes.
1640 2727 1696 2755 Nec
1711 2733 1750 2755 est
1770 2728 1797 2755 in

171 2781 225 2808 illis
238 2780 455 2808 medicamentum
468 2781 542 2807 exilii
555 2781 577 2807 ⁵.

211 2838 219 2854 ¹
237 2837 300 2865 Cor.
322 2838 404 2870 ἄπας.
443 2841 453 2856 ¹
467 2837 544 2866 liom.
561 2836 899 2871 vuu.35:l’sal.xt.ut,22.
937 2837 947 2853 ³

1007 2841 1046 2864 :tr.
1064 2844 1094 2870 Il,
1107 2836 1151 2864 ει.
1191 2836 1281 2865 ‘Psal.
1294 2836 1395 2869 cuni;
1410 2834 1491 2863 Hebr.
1507 2842 1526 2866 ι,
1546 2834 1572 2860 7.
1610 2833 1620 2849 ³
1637 2833 1701 2868 Sap.
1714 2839 1734 2865 ι,
1752 2831 1798 2861 ιι.
