1958 3050
201 133 265 162 1121

518 129 704 158 ADVERSUS
722 128 895 158 IIERESES
914 128 978 156 LIB.
1001 128 1034 156 ll.
1057 129 1140 157 'fOM.
1163 129 1182 156 Ι.
1203 144 1239 150 -
1258 127 1397 156 ΠΑΞΚΕΒ.
1419 128 1510 156 LXIV.

1763 129 1834 157 “2‘3

199 194 310 231 ῃότερον
323 194 428 230 τροπὴν
443 193 491 220 τοῦ
509 193 627 229 πρόσθεν
648 193 799 228 σχήματος.
817 190 882 220 Οἷον
895 191 990 228 ὥσπερ

1043 192 1141 220 melius
1165 199 1198 219 ac
1222 191 1370 220 formosius
1389 196 1442 224 est.
1469 192 1562 227 figurae
1590 190 1834 219 commutationem

198 241 279 268 ὁπότε
293 242 326 269 ἀν
335 251 377 273 τις
387 240 525 268 ἀπώλειαν
538 240 613 274 λέγοι
626 239 673 266 τοῦ
688 239 759 267 κατά
770 239 802 266 τὸ
816 239 914 274 νήπιον
928 239 994 275 σχή-

198 297 282 323 ματος
302 288 353 324 τὴν
375 289 414 320 εἰς
434 287 480 314 τὸν
502 287 588 323 ἄνδρα
608 287 655 313 τὸν
674 285 778 313 τέλειον
801 286 991 321 μεταλλαγὴν,

198 334 368 370 τρεπομένης
384 335 424 366 εἰς
445 333 561 369 μέγεθος
575 333 623 360 καὶ
641 332 740 364 κάλλος
756 332 806 367 τῆς
818 331 928 367 ἡλικίας
944 332 991 359 τοῦ

198 380 306 414 νηπίου.
324 380 389 406 Ὅτε
413 379 468 415 γὰρ
492 379 574 414 ἤμην
593 378 713 411 νήπιος,
727 378 768 411 ὡς
790 377 899 411 νήπιος
920 377 991 404 ἐλά-

197 427 283 457 λουν,
301 426 341 458 ὡς
363 426 473 460 νήπιος
488 427 649 461 ἐφρόνουν,
671 427 712 459 ὡς
734 425 843 459 νήπιος
863 424 992 461 ἐλογιζό-

197 480 265 505 μην·
279 472 329 499 ὅτε
343 473 378 500 δὲ
400 473 509 508 γέγονα
528 473 617 508 ἀνὴρ,
633 475 671 501 τὰ
687 473 741 500 τοῦ
757 473 868 507 νηπίου
883 471 992 506 κατήρ-

197 524 287 552 γησαε
311 518 521 554 Ταραχθήσεθαι
546 519 595 555 μὲν
622 519 677 555 γὰρ
699 519 749 554 τὴν
772 519 877 551 κτίσιν,
897 517 992 554 ὥσπερ

197 563 394 599 τεθνηξομένην
415 565 487 592 κατὰ
510 566 560 601 τὴν
579 565 749 601 ἐκπύρωσιν,
764 565 809 596 ἴνα
829 565 991 601 ἀνακτισθῇ,

197 608 227 634 οὐ
243 609 296 644 μὴν
311 609 472 636 ἀπολεῖσθαι
485 610 685 647 προσδοκητέον
695 618 702 625 ⁸
716 611 790 642 ὅπως
809 610 832 636 οἱ
846 610 993 637 ἀνακαινο-

197 655 356 689 ποιηθὲντες
385 657 415 682 ἐν
442 655 714 691 ἀνακαινοποιηθέντι
744 656 839 691 κόσμῳ
863 658 992 690 ἄγευστοι

196 699 285 736 λύπης
306 702 533 738 κατοικήσωμεν·
555 703 571 738 ἢ
592 703 663 729 κατά
683 702 714 729 τὸ
738 702 844 738 λεχθὲν,
867 703 992 736 Ἑξαπο-

195 745 316 780 στελεῖς
338 746 371 774 τὸ
395 747 514 782 πνεῦμά
538 756 614 780 σου,
639 748 689 775 καὶ
712 749 944 784 πεισθήσονται,
963 750 992 776 ὲν

196 791 335 826 ἑκατοστῷ
355 792 438 828 τρίτῳ
465 793 576 829 ψαλμῷ,
594 793 643 820 καὶ
657 794 886 826 ἀνακαινιεῖςθτὸ
898 795 994 828 :1de-

195 844 278 863 ωπον
289 837 345 872 τῆς
363 837 430 873 τῆς,
445 839 493 865 τοῦ
512 839 687 876 περιέχοντος
701 840 749 875 τῆς
772 840 918 877 εὐκρασίας
931 841 993 867 ἐπι-

1044 237 1186 266 interitum
1201 238 1302 266 dicere.
1319 237 1436 265 Perinde
1451 244 1484 264 ac
1498 237 1521 265 si
1538 237 1601 272 quis
1619 236 1756 264 infantilis
1768 237 1833 271 figu-

1043 292 1081 312 rat-
1105 284 1256 320 perfectum
1280 284 1309 311 in
1329 284 1418 311 virum
1443 284 1588 310 transitum
1607 290 1639 310 ac
1656 282 1834 310 mutationem

1043 329 1186 357 interitum
1202 328 1334 360 nominet,
1353 335 1416 355 cum
1433 327 1507 355 illius
1523 331 1589 355 astas
1611 327 1644 354 ad
1670 327 1823 362 magniludi

1042 383 1105 403 nent
1125 375 1413 411 pulchritudinemque
1437 374 1601 402 traducitur.
1625 373 1693 402 Cum
1709 375 1778 401 enim
1795 382 1822 401 es

1043 430 1098 449 sem
1123 421 1260 456 parvulus,
1288 421 1415 456 loquebar
1439 426 1468 447 ut
1490 420 1627 455 parvulus,
1650 421 1785 455 supiebam
1806 425 1835 447 ut

1042 469 1180 503 parvulus,
1204 468 1351 503 cogitabam
1372 472 1401 494 ut
1421 467 1564 502 parvulus;
1585 472 1724 502 postquam
1748 471 1836 494 autem

1043 514 1131 549 factus
1144 523 1202 542 sum
1219 515 1269 546 εἰν,
1281 514 1406 542 euacuavt'
1420 522 1478 549 qua:
1488 518 1563 541 erant
1580 513 1685 548 parvuli
1696 514 1716 540 ‘.
1730 513 1761 540 Et
1771 521 1836 540 vero

1044 560 1258 596 perturbandam
1279 568 1341 588 esse
1353 564 1521 592 creaturam,
1540 560 1615 587 velut
1630 560 1657 586 in
1673 559 1718 586 illa
1735 558 1828 586 conﬂa-

1043 607 1169 643 gratione
1185 607 1347 642 perituram,
1365 610 1396 633 ut
1412 606 1511 633 iterum
1529 610 1650 638 creetur,
1666 613 1722 632 non
1744 609 1836 634 tamen

1043 653 1272 689 exstinguendam
1292 661 1364 684 esse,
1388 653 1542 688 putandum
1565 656 1618 685 est,
1637 658 1666 680 ut
1684 652 1836 680 instaurata

1044 700 1147 727 mundo
1164 699 1275 734 ipsimet
1291 699 1439 726 instaurati
1453 706 1486 725 ac
1499 698 1604 726 doloris
1615 702 1742 733 expertes
1758 698 1836 725 habi-

1044 750 1150 778 tentus;
1170 745 1401 781 quemadmodum
1420 745 1448 772 in
1464 745 1616 773 centesimo
1631 745 1712 773 tertio
1731 746 1848 781 psalmo‘

1044 793 1184 827 proditum
1198 798 1242 821 est
1258 801 1265 820 :
1282 792 1395 820 Enn'ues
1418 793 1541 827 spiritum
1563 798 1648 826 tuam,
1669 798 1694 820 et
1707 793 1832 820 creaban-

1044 837 1104 871 bur,
1119 843 1144 865 et
1158 838 1293 865 remeabis
1306 838 1400 873 facient
1416 842 1494 865 terra
1505 839 1526 865 ².
1541 837 1620 871 Quod
1636 838 1765 866 nimirum
1779 846 1836 865 ant-

195 883 395 919 τροπεύσαντος
417 885 510 912 λοιπὸν
533 885 581 912 τοῦ
597 885 676 913 Θεοῦ.
706 886 854 922 Ἐσομένης
872 885 927 922 γὰρ
942 886 990 914 καὶ

1042 883 1159 912 bientetn
1179 891 1271 912 aerem
1287 885 1552 920 temperatissimum
1566 885 1697 920 deinceps
1712 884 1836 913 facturus

196 929 267 964 μετά
282 929 377 957 τοῦτον
396 930 452 966 (59)
472 931 519 958 τὸν
540 931 629 960 αἰῶνα
641 932 703 967 γῆς,
720 932 827 967 ἀνάγκη
841 933 916 959 πᾶσα
928 931 990 958 ἐσε-

196 975 259 1002 σθαι
277 977 325 1003 καὶ
348 977 411 1009 τοὺς
433 977 606 1014 οἰκήσοντας,
621 978 713 1006 οὐκέτι
729 978 955 1014 τεθνηξομένους,
973 978 990 1015 ἢ

194 1022 370 1057 γαμήσοντας
387 1023 434 1050 καὶ
460 1024 685 1060 γεννησομὲνους,
721 1024 779 1051 ἀλλ’
799 1025 839 1057 ὡς
856 1024 988 1059 ἀγγέλους

195 1067 414 1103 ἀμεταστρόφως
436 1068 466 1095 ὲν
490 1069 631 1106 ἀφθαρσίᾳ
651 1069 685 1096 τά
703 1069 802 1106 ἄριστα
823 1069 988 1106 πράξοντας.

194 1112 242 1139 Διὸ
256 1112 379 1148 ληρῶδες
393 1114 424 1140 τὺ
435 1114 464 1141 ὲν
477 1115 543 1152 ποίᾳ
557 1116 680 1152 διαγωγῇ
701 1116 761 1142 τότε
774 1116 806 1152 δὴ
824 1116 858 1143 τὰ
876 1115 991 1151 σώματα

194 1158 302 1187 ἔσονται
323 1160 463 1194 λέγεσθαι.
482 1161 551 1197 μήτε
569 1161 661 1198 ἀέρος,
684 1163 754 1198 μήτε
774 1162 838 1197 γῆς,
853 1163 922 1198 μήτε
933 1161 990 1189 τῶν

194 1203 283 1232 ἄλλων
289 1217 291 1220 ·
296 1205 444 1241 ἐσομένων.

1043 930 1080 958 sit
1097 929 1178 957 Deus.
1193 929 1262 958 Cum
1281 930 1355 958 enim
1378 934 1442 965 post
1458 930 1550 958 δεουιί
1573 932 1717 966 praesentis
1733 930 1836 958 exitum

1041 974 1132 1003 adhuc
1155 979 1228 1003 terra
1253 981 1464 1011 perseveratum
1491 978 1537 1009 sit,
1563 976 1735 1005 habitatores
1757 977 1784 1004 in
1802 985 1834 1004 ea

1041 1021 1176 1056 quosdam
1193 1021 1284 1050 inesse
1301 1029 1415 1050 necesse
1428 1027 1489 1055 est;
1503 1022 1550 1058 qui
1564 1030 1616 1050 nec
1629 1023 1756 1050 morituri
1772 1028 1836 1050 sunt

1042 1068 1170 1104 amplius,
1193 1076 1283 1104 neque
1305 1069 1453 1104 copulandi
1472 1069 1577 1104 nuptiis
1596 1073 1644 1097 aut
1661 1070 1837 1105 procreanda?

1041 1114 1130 1143 soboli
1145 1122 1257 1150 operam
1273 1114 1376 1147 daturi,
1401 1115 1484 1151 556
1507 1115 1556 1143 sed
1577 1115 1738 1151 angelorum
1760 1123 1837 1143 more

1041 1161 1102 1189 sine
1118 1161 1173 1188 ulla
1190 1161 1339 1189 mutatione
1363 1161 1390 1189 in
1407 1161 1623 1190 immortalitatis
1643 1165 1714 1190 statu
1731 1162 1835 1198 optima

1041 1207 1097 1234 sint
1118 1214 1234 1242 quaeque
1255 1205 1366 1234 facturi.
1386 1206 1561 1242 Proindeque
1581 1207 1695 1235 stultum
1710 1212 1752 1236 est
1767 1214 1836 1243 qua-

195 1259 259 1279 nam
273 1252 337 1280 vita:
356 1253 570 1282 ratione.usura
590 1254 647 1282 sint
666 1261 783 1290 corpora
806 1261 943 1290 quaarere,
962 1253 988 1282 si
1004 1261 1057 1282 nec
1073 1261 1131 1287 aer,
1163 1261 1252 1290 neque
1277 1258 1362 1288 terra,
1385 1262 1475 1290 neque
1502 1255 1653 1291 quidquam
1673 1259 1835 1283 ca-terorum

196 1296 234 1325 sit
249 1297 367 1333 amplius
384 1298 519 1327 futurum.

230 1343 292 1371 AI".
310 1344 402 1378 Ἄξιον
414 1346 443 1372 δὲ
464 1346 576 1373 κάκεῖνο
590 1346 660 1383 πρὸς
673 1348 731 1379 τοῖς
751 1347 910 1383 εἰρημένοις
927 1346 990 1373 ὲπι-

196 1391 318 1423 σκοπεῖν,
331 1389 369 1423 ὡς
381 1391 438 1426 ἔχει
453 1391 553 1428 πολλὴν
565 1392 726 1425 διάπτωσιν,
743 1393 768 1420 εἰ
779 1393 821 1420 δεῖ
832 1392 990 1429 παρρησίαν

194 1434 273 1469 ἄγειν
285 1436 350 1471 περὶ
362 1436 476 1470 τούτων,
489 1435 511 1464 ὦ
531 1437 700 1472 ’Δγλαοφῶν,
714 1437 905 1473 διαλεγόμενος
917 1446 990 1474 πρα-

193 1481 319 1517 γμάτων.
337 1483 449 1519 Φράσας
465 1483 520 1520 γὰρ
541 1485 733 1520 ἀποφήνασθαι
755 1485 801 1513 τὸν
823 1486 936 1522 Κύριον.
952 1486 991 1518 ὡς

194 1529 220 1554 οἱ
234 1529 284 1565 τῆς
298 1529 474 1563 ἀναστάσεως
487 1531 647 1567 τευξόμενοι
663 1532 770 1560 ἔσονται
782 1533 843 1560 τότε
858 1533 897 1565 ὼς
910 1533 990 1568 ἄγγε-

193 1575 246 1607 λοι,
260 1574 326 1603 ἔνθα
347 1577 525 1613 πειράζουσιν
544 1578 626 1605 αὐτὸν
642 1579 666 1605 οἱ
684 1579 870 1608 Σαδδουκαῖοι.
889 1579 991 1615 ἐπέφε-

196 1630 256 1657 ρεν·
278 1623 308 1649 Ol
322 1622 351 1649 δὲ
366 1623 492 1658 ἄγγελοι,
508 1624 586 1656 ἐκτὸς
601 1619 677 1656 ὅντες
692 1625 793 1662 σαρκὸς
805 1626 834 1652 ἐν
855 1626 990 1661 μακαριό-

193 1677 274 1704 τητος
288 1669 436 1705 ἀκρότητα..
452 1670 496 1697 διὰ
510 1670 590 1697 τοῦτο
607 1671 653 1698 καὶ
675 1670 754 1707 δόξης
767 1671 828 1698 εἰσί.
846 1672 902 1699 Καὶ
916 1673 990 1708 ἡμᾶς

193 1713 221 1740 δὲ
244 1713 300 1750 ἄρα
321 1714 493 1747 ὲξισάζεσϐαι
516 1715 663 1751 μέλλοντας
684 1717 821 1751 ἀγγέλοις,
836 1717 942 1753 ἀνάγκη
957 1717 990 1753 δὴ

194 1760 306 1796 σαρκῶν
322 1761 452 1793 ὡσαύτως
464 1762 580 1793 ἐκεινοις
594 1763 716 1798 γυμνοὺς
728 1762 838 1790 ἔσεσθαι
851 1763 916 1790 δεῖν.
932 1764 990 1790 Οὐκ

193 1806 356 1842 ἐπιστήσας,
372 1804 394 1833 ὣ
405 1807 511 1842 ἄριστε,
526 1807 564 1840 ὼς
577 1808 591 1834 ό
605 1808 723 1843 ποιήσας
739 1809 786 1835 καὶ
802 1809 990 1844 διακοσμήσας

193 1851 223 1886 ἐξ
243 1852 293 1879 οὐκ
315 1853 400 1880 ὄντων
422 1853 452 1879 τὺ
470 1854 525 1880 πᾶν
549 1855 598 1890 τὴν
614 1854 669 1881 τῶν
691 1854 832 1882 ἀθανάτων
855 1855 946 1890 φύσιν,
958 1856 989 1882 οὺ

196 1903 278 1934 μόνον
293 1901 334 1932 εἰς
351 1900 486 1934 ἀγγέλους
501 1901 548 1928 καὶ
561 1901 734 1937 λειτουργοὺς
747 1901 889 1937 διανείμας
903 1902 990 1929 διεκό-

195 1953 310 1980 σμησεν,
327 1945 393 1972 ἀλλά
408 1945 455 1972 καὶ
471 1947 510 1978 εἰς
523 1947 611 1982 ἀρχὰς
621 1968 628 1979 ,
645 1947 692 1973 καὶ
713 1946 835 1982 θρόνους,
851 1948 898 1974 καὶ
912 1948 988 1981 ἐξου-

195 1991 263 2022 σίας.
283 1992 363 2018 Ἀλλο
380 1992 435 2028 γὰρ
460 1993 538 2027 γένος
560 1993 590 2020 τὺ
606 1993 661 2020 τῶν
677 1993 788 2029 ἀρχῶν,
812 1994 859 2021 καὶ
881 1994 944 2021 ἄλλο
958 1994 989 2021 τὸ

196 2036 249 2063 τῶν
270 2037 397 2070 ἐξουσιῶν
409 2044 417 2053 ”
435 2038 475 2064 ὅτι
499 2038 536 2074 μὴ
550 2039 645 2073 τάγμα
663 2038 702 2070 ἓν,
719 2039 766 2065 καὶ
782 2039 831 2075 μία
846 2039 987 2072 σύστασις,

195 2083 241 2109 καὶ
255 2083 337 2118 φυλὴ,
350 2084 397 2110 καὶ
411 2084 514 2119 πατριὰ
527 2084 582 2111 τῶν
598 2084 748 2118 ἀθανάτων,
763 2085 830 2112 ἀλλὰ
846 2086 924 2122 γένη,
942 2087 989 2113 καὶ

195 2129 287 2164 φυλαὶ,
305 2129 352 2156 καὶ
368 2130 505 2166 διαφοραί.
521 2131 576 2158 Καὶ
586 2131 649 2158 οὔτε
663 2131 697 2158 τά
712 2132 844 2167 χερουὸὶμ
854 2132 906 2168 τῆς
921 2132 988 2164 ἰδίας

194 2175 358 2211 ὲξιστάμενα
380 2175 488 2210 φύσεως
512 2177 552 2209 εἰς
572 2177 621 2213 τὴν
640 2176 694 2204 τῶν
709 2177 834 2212 ἀγγέλων
851 2178 924 2205 ἰδέαν
940 2187 988 2214 με-

1079 1341 1197 1370 XXXIII.
1211 1342 1261 1371 Est
1273 1343 1340 1371 illud
1356 1343 1480 1379 insuper,
1495 1352 1513 1372 ο
1525 1344 1696 1380 Aglaophon,
1709 1347 1836 1374 conslue-

1042 1389 1149 1416 ratione
1166 1389 1291 1425 dignum,
1311 1397 1405 1418 errare
1421 1391 1498 1418 illum
1517 1392 1693 1420 vehementer
1711 1399 1744 1420 ac
1766 1392 1836 1426 falli,

1042 1434 1065 1462 si
1082 1435 1154 1470 quod
1176 1443 1221 1463 res
1244 1439 1286 1463 est
1308 1436 1441 1465 audacter
1464 1437 1646 1473 pronuntiare
1665 1438 1757 1471 liceat,
1772 1447 1835 1468 cum

1042 1479 1077 1507 iis
1092 1479 1126 1508 de
1141 1480 1223 1508 rebus
1243 1489 1398 1510 sermonem
1417 1482 1547 1511 instituit.
1569 1483 1635 1511 Nam
1651 1491 1715 1512 cum
1735 1485 1772 1512 ita
1793 1485 1837 1512 (Ii-

1042 1524 1138 1558 xisset,
1164 1525 1308 1554 Dominum
1336 1527 1497 1557 Sadducais
1522 1529 1691 1558 tentantibus
1720 1538 1837 1566 respon—

1042 1571 1136 1600 diSse:
1152 1572 1205 1606 Qui
1229 1578 1372 1609 compotes
1392 1575 1605 1603 resurrectionis
1626 1580 1731 1608 essent,
1751 1585 1834 1612 auge-

1042 1618 1128 1645 lorum
1145 1618 1233 1647 instar
1247 1619 1357 1648 futuros
1369 1619 1396 1654 ²;
1412 1625 1475 1656 post
1491 1621 1544 1649 ista
1559 1622 1701 1656 subjuuxit
1715 1632 1722 1650 :
1737 1623 1832 1658 Λυδοιὶ

1041 1671 1123 1699 porro
1137 1665 1229 1692 carttis
1241 1670 1367 1701 expertes
1381 1666 1408 1694 in
1424 1675 1531 1694 summa
1545 1666 1673 1696 felicitate
1685 1669 1787 1703 degunt
1799 1677 1833 1698 ac

1039 1709 1138 1745 gloria.
1158 1709 1248 1743 Quare
1263 1715 1290 1738 et
1308 1719 1369 1744 ttos,
1388 1720 1459 1747 quos
1475 1713 1577 1748 aequari
1593 1714 1697 1749 angelis
1713 1719 1832 1750 oportet,

1040 1763 1156 1784 necesse
1175 1760 1218 1784 est
1232 1757 1266 1784 ad
1283 1758 1408 1785 eumdem
1425 1760 1534 1786 modum
1551 1767 1636 1788 carne
1652 1761 1763 1788 nudari.
1778 1761 1834 1790 Nec

1041 1800 1120 1833 illud,
1142 1802 1245 1838 optime
1264 1803 1400 1836 virorum,
1423 1804 1618 1832 animadvertit
1633 1814 1706 1838 eum,
1731 1807 1777 1842 qui
1799 1815 1834 1835 ex

1040 1847 1128 1874 nihilo
1142 1848 1274 1875 mundum
1291 1849 1446 1881 fabricavit,
1463 1858 1495 1878 ac
1509 1851 1664 1884 constituit,
1682 1860 1735 1880 non
1751 1860 1835 1888 ange-

1040 1893 1074 1921 lis
1094 1894 1174 1922 ntodo
1190 1899 1217 1922 et
1234 1895 1405 1924 administris
1421 1897 1497 1930 suis,
1513 1898 1560 1925 sed
1578 1901 1605 1924 et
1620 1899 1832 1934 principatibus.

1040 1940 1147 1968 thronis
1183 1948 1215 1968 ac
1250 1942 1432 1976 potestatibus
1465 1943 1588 1970 eamdem
1618 1944 1832 1974 immortalitatis

1040 1985 1378 2028 conditionemqribuisse.
1393 1987 1474 2014 Aliud
1486 1988 1558 2016 enim
1573 1994 1615 2017 est
1628 1990 1832 2028 principaluum

1040 2004 1224 2013 νυιιιιιιιιυιηιιιι
1239 2004 1257 2013 ιι
1265 2004 1378 2015 ιυυιοδε-
1393 2004 1474 2014 ιιιιιιιι
1486 2004 1558 2016 ειΙΙΙΙΙ
1573 2004 1615 2017 EDI-
1629 2004 1654 2024 μΙ
1663 2004 1831 2028 ιιιυψειιιιιιιιι

1039 2039 1142 2068 genus;
1158 2004 1426 2067 aliud‘potestatum,
1448 2042 1481 2062 eo
1496 2035 1568 2070 quod
1584 2043 1639 2063 non
1661 2045 1732 2064 untts
1751 2037 1831 2069 ordo.

1039 2085 1090 2105 nec
1110 2085 1195 2105 unum
1211 2078 1294 2106 veluti
1312 2086 1412 2113 corpus
1427 2087 1459 2106 ac
1481 2080 1570 2108 tribus
1588 2081 1785 2110 immortalium
1805 2087 1833 2111 et

1040 2122 1143 2149 familia
1158 2123 1212 2156 sit;
1229 2123 1276 2150 sed
1293 2131 1423 2159 generum
1442 2132 1475 2151 ac
1490 2126 1564 2153 velut
1578 2127 1721 2154 nationum
1739 2127 1833 2156 divor-

1039 2170 1089 2196 tia.
1113 2169 1207 2205 Neque
1225 2169 1368 2197 cherubim
1384 2171 1470 2208 igitur
1491 2171 1526 2199 ab
1546 2177 1644 2199 natura
1669 2181 1718 2200 sua
1744 2174 1833 2202 desci-

193 2220 417 2253 τασκευάζονται,
441 2222 506 2248 οὔτε
527 2222 566 2254 εἰς
590 2223 691 2258 ἐτέρων
717 2223 798 2251 πάλιν
816 2225 840 2250 οἰ
865 2224 985 2258 ἄγγελοι.

1042 2216 1144 2244 scentia
1161 2217 1188 2244 in
1203 2217 1361 2252 angelorum
1375 2218 1560 2246 conditionem
1575 2224 1729 2251 transeunt.
1743 2229 1832 2256 neque

195 2265 270 2294 Εἶναι
285 2266 339 2303 γάρ
354 2267 425 2294 σὺτά
439 2269 492 2303 χρὴ
516 2268 562 2295 καὶ
577 2269 592 2295 ὅ
609 2269 673 2300 εἰσι.
690 2269 737 2295 καὶ
753 2268 768 2295 ὅ
783 2269 936 2304 γεγόνασιν.
956 2269 988 2296 Εἰ

194 2312 248 2349 γάρ
272 2312 320 2339 καὶ
334 2313 348 2339 ὁ
369 2313 513 2346 ἄνθρωπος
535 2313 580 2340 τὸν
603 2313 704 2349 κόσμον
719 2314 813 2345 οἰκεῖν,
829 2314 876 2340 καὶ
891 2313 945 2341 τῶν
959 2315 988 2340 ὲν

193 2357 268 2393 αὑτῷ
282 2357 391 2384 πάντων
408 2358 585 2394 ἡγεμονεύειν
596 2358 777 2390 κατασταθεὶς
793 2359 842 2394 τῆς
856 2358 885 2392 ἐξ
899 2359 988 2394 ἀρχῆς

193 2403 398 2439 διακοσμήσεως
413 2403 548 2436 ἀθάνατος
562 2403 611 2438 ὢν,
625 2404 673 2431 τοῦ
691 2402 761 2431 εἶναι
780 2404 923 2440 ἄνθρωπος
940 2404 987 2431 0-3-

194 2459 259 2477 ποτε
285 2449 538 2486 μεταϐληθήσεται,
559 2449 622 2476 οὔτε
646 2450 688 2481 εἰς
709 2450 759 2486 τὴν
778 2449 834 2476 τῶν
849 2449 984 2484 ἀγγέλων,

192 2496 254 2524 οὔτε
268 2497 308 2529 εἰς
322 2496 371 2532 τὴν
383 2496 437 2522 τῶν
449 2495 550 2531 ἑτέρων
569 2496 689 2532 μορφήν·
701 2496 743 2523 ὅτι
756 2496 824 2532 μηδὲ
835 2497 860 2523 οἰ
875 2496 986 2531 ἄγγελοι

194 2543 234 2574 εἰς
249 2542 298 2578 τὴν
313 2542 401 2569 ἄλλων
415 2541 466 2577 τῆς
487 2541 517 2574 ἐξ
532 2542 621 2578 ἀρχῆς
644 2542 716 2574 ἰδέας
733 2541 985 2577 μετακοσμούμενα

196 2588 420 2624 μεταϐάλλονται.

229 2690 237 2704 ²
255 2689 264 2715 I
280 2688 345 2716 Cor.
357 2695 416 2720 ειη,
433 2688 476 2715 tl.
516 2688 526 2703 ²
539 2686 611 2715 Psal.
628 2694 686 2718 cut,
705 2687 749 2714 50.
787 2687 798 2702 ³
813 2686 896 2714 Marc.
913 2695 962 2720 xu,
977 2686 1024 2715 ‘25.

230 2767 287 2805 (39)
305 2767 475 2805 Ὲσομένῃς
488 2766 702 2805 τὰρ-και-μετὰ
721 2765 838 2805 miror.
852 2764 910 2805 ‘I_lie
926 2773 989 2799 per-

196 2800 291 2837 spicue,
308 2800 524 2838 post’judiciu‘tn
548 2800 794 2838 hominesqlerrani
815 2800 988 2828 ltabitaturos

197 2836 314 2868 asserit,
328 2846 382 2865 non
399 2842 429 2864 ut
447 2837 589 2864 Chiliasta:
604 2836 638 2863 ad
664 2836 766 2871 aliquot
778 2836 910 2862 duntaxat
934 2843 986 2861 saa-

198 2875 271 2902 cula.
285 2880 326 2901 sic
342 2877 370 2899 ut
389 2874 499 2900 interim
513 2879 642 2907 suprema
660 2872 706 2898 illa
722 2872 861 2903 felicitate,
881 2871 930 2898 hoc
944 2874 987 2898 est

1038 2267 1135 2290 contra
1153 2263 1268 2290 aliorum
1294 2263 1323 2291 in
1348 2268 1474 2291 naturam
1500 2266 1589 2301 angeli
1614 2271 1831 2296 commutantur.

1039 2309 1145 2345 Quippe
1161 2309 1234 2344 quod
1251 2313 1278 2337 et
1294 2314 1368 2341 sunt.
1381 2316 1407 2338 et
1425 2311 1581 2345 cujusmodi
1599 2313 1734 2347 producta
1753 2320 1829 2347 sunt,

1038 2362 1100 2382 esse
1110 2355 1154 2382 illa
1166 2362 1280 2383 necesse
1290 2359 1342 2382 est.
1358 2355 1464 2382 Etenim
1475 2357 1498 2383 si
1508 2361 1535 2384 et
1546 2356 1638 2390 homo,
1650 2358 1697 2393 qui
1713 2361 1745 2386 ut
1759 2358 1834 2388 hunc

1038 2399 1170 2428 mundum
1201 2401 1347 2434 habitaret,
1364 2402 1546 2437 omnibusque
1562 2403 1608 2438 qui
1631 2404 1660 2431 in
1691 2411 1725 2432 eo
1756 2409 1832 2438 sunt,

1040 2450 1181 2481 praeesset,
1191 2453 1224 2473 ex
1235 2446 1323 2482 prima
1336 2446 1518 2480 dispositione
1529 2448 1696 2476 constitutus
1707 2453 1760 2482 est,
1769 2457 1832 2476 cum

1040 2492 1259 2526 sitimmortalis,
1272 2501 1410 2528 nunquam
1428 2493 1455 2520 in
1471 2494 1642 2530 angelorum.
1657 2499 1704 2522 aut
1719 2495 1832 2523 alterius

1040 2538 1188 2573 cujuslibet
1213 2538 1329 2566 formam
1359 2547 1393 2567 ex
1420 2539 1530 2568 homine
1551 2541 1753 2569 convertendus
1771 2545 1830 2572 est;

1040 2589 1116 2613 certe
1143 2593 1204 2618 nec,
1226 2586 1315 2622 angeli
1332 2586 1366 2614 ab
1381 2594 1423 2618 ea,
1448 2594 1530 2622 quam
1558 2587 1637 2615 initio
1650 2588 1739 2615 sortiti
1755 2593 1830 2619 sunt,

1040 2632 1131 2666 specie
1147 2639 1178 2660 ac
1205 2637 1303 2660 natura
1326 2632 1519 2662 transformari
1534 2634 1689 2669 mutarique
1704 2638 1830 2669 possunt.

1043 2770 1156 2801 aspectu
1170 2765 1216 2793 Dei
1228 2769 1370 2798 carerent;
1385 2773 1479 2793 verum
1491 2769 1520 2792 ut
1533 2769 1560 2792 et
1572 2768 1704 2800 perpetuo
1718 2765 1744 2792 in
1757 2769 1830 2793 terra

1042 2803 1228 2838 glegerettt._et
1246 2808 1353 2828 summa
1378 2802 1557 2829 nihilominus
1577 2801 1632 2829 illis
1657 2808 1688 2828 ac
1711 2802 1831 2836 perfecta

1041 2836 1170 2866 beatitatc
1185 2836 1353 2865 fruerentur.
