1958 3050
164 158 234 186 1125

163 263 215 288 tari
228 261 353 295 vertique
368 266 493 288 naturam
508 260 626 288 hominis
641 263 768 295 oportere
783 258 952 294 praedicavit,

164 306 212 333 sed
229 307 255 332 in
274 306 299 332 id
317 305 407 333 redire
422 306 566 336 duntaxat,
583 305 656 339 quod
675 305 752 332 initio
766 303 864 335 fuerat,
881 307 954 331 ante-

163 359 246 385 qnatn
264 351 411 383 excideret,
430 355 486 378 tum
503 358 564 377 cum
585 356 658 378 esset
675 351 849 377 immortalis.
865 349 955 384 Siqui-

163 397 224 424 dem
235 405 346 424 nccesse
358 401 400 424 est
413 397 627 432 unumquodque
635 405 739 428 eortnn,
749 405 809 432 quae
822 397 954 430 producta

163 448 237 474 sunt,
256 444 283 469 in
303 444 412 478 propria
434 447 537 470 naturm
554 451 610 470 suae
631 442 719 470 forma
744 451 776 469 ac
798 443 955 470 conditione

163 495 334 523 permanere.
356 493 386 515 ut
405 489 532 515 omnibus
548 489 640 515 omnia
661 489 851 524 compleantur
869 498 875 515 :
891 493 955 522 puta

164 534 291 560 caelestes
313 534 415 568 angelis
439 535 530 566 orbes,
551 534 641 561 throni
662 535 854 569 potestatibus,
872 533 957 560 adrni-

168 579 265 606 nistris
284 579 404 612 lumina;
420 579 569 606 diviniores
581 587 665 614 porro
681 575 771 611 sedes,
789 580 955 607 sinceriora-

164 632 218 659 que
235 624 338 650 lumina
355 624 529 659 seraphimis,
548 626 595 660 qui
616 632 730 652 summa:
750 625 787 652 illi
809 625 955 660 previden-

166 670 219 700 tiae,
235 677 288 704 qua
305 670 396 697 omnia
414 672 599 703 continentur,
623 672 697 698 velut
715 672 885 706 apparitores
908 679 954 698 as-

163 715 277 744 sistunt.
304 716 421 743 Mundus
441 716 560 751 denique
583 717 750 744 hominibus.
773 717 852 752 557
871 716 953 751 Atqui

166 761 190 789 si
207 761 234 788 in
250 762 361 796 angelos
381 762 481 788 mtttari
496 762 621 790 homines
636 764 867 791 concesserimus.
887 770 954 790 con-

164 814 284 841 sequens
306 811 348 834 est
365 811 394 834 ut
407 810 435 834 et
451 808 563 842 angelos
584 807 612 834 in
633 811 791 842 potestates,
813 812 840 835 et
857 808 906 835 has
926 808 952 834 in

866 154 895 183 S.
915 153 1087 183 EPIPHANII

198 215 232 242 Et
245 222 307 243 vero
319 214 444 243 Christus
457 213 605 242 adveniens
619 221 673 242 non
688 213 716 241 in
729 213 841 241 alteram
856 216 950 241 demu—
964 217 988 245 Α

1719 156 1796 184 κει

1043 214 1071 241 '0
1086 213 1141 250 γὰρ
1153 213 1270 249 Χριστὸς
1285 211 1353 250 ἧκεν
1368 213 1418 240 οὒκ
1435 214 1475 244 εἰς
1488 213 1582 250 ἑτέραν
1597 213 1790 250 μεταπλασθῆ-

1004 269 1049 287 ναι
1066 260 1212 295 κηρύσσων
1223 280 1229 292 ,
1248 259 1264 295 ἢ
1283 259 1536 295 μετασκευασθῆναι
1559 259 1608 295 τὴν
1624 259 1797 295 ἀνθρωπείαν

1005 306 1101 341 φύσιν,
1123 306 1191 332 ἀλλά
1219 306 1260 337 εἰς
1276 305 1289 332 ὃ
1310 303 1344 340 ἦν
1364 305 1394 337 ἐξ
1415 306 1501 340 ἀρχῆς
1524 305 1577 341 πρὺ
1598 305 1644 332 τοῦ
1667 306 1796 331 ἐκπεσεῖν

1005 352 1138 383 ἀθάνατος
1154 351 1202 378 ὧν.
1216 352 1275 387 Χρὴ
1291 351 1345 386 γὰρ
1361 351 1389 377 ὲν
1408 351 1447 384 τῷ
1470 351 1526 386 ἰδίῳ
1535 346 1590 386 ’τῆς
1602 350 1684 383 ἕξεως
1699 350 1797 377 ἑαυτοῦ

1005 397 1083 432 τύπῳ
1098 397 1152 423 τῶν
1169 396 1290 431 γενητῶν
1313 396 1427 422 ἕκαστον
1447 396 1547 431 μένειν⁷
1569 396 1613 423 ἵνα
1625 396 1713 423 πάντα
1728 396 1798 422 πάν-

1005 451 1060 469 των
1074 440 1125 469 ὦσι
1142 442 1354 477 πεπληρωμένα,
1367 442 1476 477 οὐρανοὶ
1491 442 1538 477 μὲν
1558 442 1692 476 ἀγγέλων,
1707 441 1798 478 θρόνοι

1005 488 1035 514 δὲ
1049 487 1194 520 ἐξουσιῶν,
1217 487 1294 521 φῶτα
1317 487 1344 514 δὲ
1361 487 1541 523 λειτουργῶν
1560 488 1605 514 καὶ
1621 488 1645 514 οἱ
1665 487 1797 523 θειότεροι

1005 534 1096 566 τόποι,
1113 534 1159 560 καὶ
1176 533 1210 560 τὰ
1225 534 1361 569 ἀκραιφνῆ
1377 533 1454 568 φῶτα
1467 533 1521 560 τῶν
1535 533 1664 568 σεραφὶμ,
1680 533 1697 561 ἃ
1727 541 1798 567 παρέ

1005 580 1135 614 εστήκασι
1146 580 1179 614 τῇ
1200 579 1305 614 μεγάλῃ
1321 578 1401 614 βουλῇ
1420 578 1600 613 διακρατούσῃ
1614 579 1644 604 τὸ
1658 579 1721 604 πᾶν·
1736 578 1751 604 ὁ
1765 577 1795 604 δὲ

1006 624 1109 659 κόσμος
1129 623 1294 659 ἀνθρώπων.
1326 624 1388 650 Ἐὰν
1410 623 1439 650 δὲ
1469 623 1684 659 μεταϐάλλεσθαι
1706 623 1797 657 δῶμεν

1003 670 1066 701 τοὺς
1075 669 1233 704 ἀνθρώπους
1245 670 1284 701 εἰς
1294 669 1436 703 ἀγγέλους,
1449 668 1508 704 ὥρα
1522 668 1736 704 μεταϐάλλεσθαι
1751 668 1798 695 λέ-

1006 724 1065 750 γειν
1080 715 1127 741 καὶ
1143 716 1205 747 τοὺς
1220 715 1352 749 ἀγγέλους
1367 716 1406 747 εἰς
1429 715 1560 747 ἐξουσίας,
1582 715 1629 741 καὶ
1644 714 1744 746 ταύτας
1755 715 1797 746 εἰς

1006 761 1071 789 ἀλλο
1087 762 1134 788 καὶ
1148 761 1222 795 ἄλλο,
1242 761 1297 787 ἐστ’
1315 761 1348 788 ἂν
1364 762 1378 788 ὁ
1399 761 1477 795 λόγος
1496 761 1599 792 ἀναϐὰς
1618 761 1658 792 εἰς
1676 759 1796 788 κίνδυνον

1007 807 1116 842 ἐμπέσῃ
1123 826 1129 833 .

163 853 238 880 aliud
251 857 332 888 atque
347 853 419 881 aliud
435 855 554 882 transire
568 854 703 888 dicamus,
719 855 807 882 donec
821 855 856 883 ad
867 855 1010 890 superiora
1024 862 1116 882 sermo
1129 854 1307 890 progrediens
1323 854 1508 889 periculosius
1521 853 1688 889 implicetur.

199 899 319 927 XXXIV.
345 899 438 935 Neque
461 909 525 928 vero
552 902 625 936 quod
647 902 721 929 velut
743 901 844 930 malum
865 902 954 929 homi-

1042 901 1103 928 ΛΔ’.
1115 901 1186 928 Ἀλλ’
1199 901 1261 928 οὒτε
1273 901 1311 933 ὡς
1323 901 1424 935 φαῦλον
1438 901 1639 936 τεκτηνάμενος
1651 902 1665 927 ὁ
1675 900 1740 933 Θεὸς
1749 900 1796 927 τὸν

163 953 226 972 nem
239 945 416 973 fabricaverit
428 946 513 977 Dens,
526 951 573 973 aut
585 947 611 973 in
623 955 656 974 eo
670 947 796 982 ﬁngendo
808 948 953 980 aberrarit,

164 993 291 1026 angelum
317 997 410 1027 postea
438 992 528 1020 facere
546 994 621 1020 illum
643 994 746 1027 voluit,
769 994 847 1028 quasi
864 995 953 1029 ipsum

165 1037 360 1065 vilissimorum
385 1038 513 1073 opiﬁcum
540 1040 627 1065 instar
649 1040 810 1074 pmnitentia
825 1040 953 1074 cepisset.

164 1081 257 1117 Neque
278 1091 340 1110 cum
359 1085 486 1118 angelum
506 1085 640 1120 principio
655 1085 745 1113 facere
756 1086 953 1119 constituisset,

165 1135 253 1163 neque
278 1129 305 1155 id
332 1133 405 1156 esset
434 1135 594 1162 assecutus,
629 1130 765 1158 hominem
790 1133 952 1166 procreavit.

164 1173 283 1200 Nimim:
301 1174 374 1201 istud
392 1175 557 1202 imbecillum
575 1181 625 1203 est.
647 1177 704 1204 Cur
718 1177 801 1212 igitur
816 1178 953 1205 hominem

166 1220 292 1251 faciebat.
306 1227 360 1247 non
376 1222 515 1256 angelum,
530 1222 552 1248 si
565 1222 690 1257 angelum
705 1223 843 1251 hominem
854 1224 953 1258 facere,

166 1273 220 1292 non
245 1265 381 1292 hominem
415 1266 572 1300 cogitabat?
597 1268 637 1294 An
665 1269 728 1303 quia
752 1276 805 1295 non
831 1271 955 1304 poterat?

165 1310 400 1338 Contumeliosum
411 1312 484 1339 istm]
498 1317 524 1338 et
536 1312 647 1348 impium
664 1318 715 1341 est.
728 1315 768 1341 Art
782 1315 807 1342 in
821 1316 955 1344 deteriore

167 1361 316 1392 occupatus
333 1357 405 1392 quod
426 1358 602 1392 praestantius
623 1364 664 1386 est
682 1359 844 1388 diﬂerebat?
859 1362 907 1389 Est
926 1367 954 1389 et

168 1402 235 1429 illud
251 1403 460 1437 perabsurdum.
485 1403 577 1439 Neque
594 1404 666 1432 enini
682 1405 709 1432 in
733 1407 870 1434 moliendo
882 1407 954 1435 bono

168 1449 209 1476 rel
221 1450 331 1476 aberrat
347 1449 434 1481 Deus,
454 1450 494 1477 vel
519 1451 548 1478 in
572 1451 645 1478 aliud
663 1457 768 1487 tempus
792 1453 890 1487 rejicit,
913 1454 955 1481 vel

167 1495 316 1522 destitutus
335 1494 439 1522 viribus
456 1499 509 1526 est,
524 1495 573 1523 sed
592 1500 618 1523 et
636 1501 773 1532 utcunque
791 1499 911 1530 libuerit,
928 1503 955 1526 et

167 1539 278 1574 quando
290 1539 410 1572 libuerit,
428 1540 524 1576 agendi
540 1545 674 1576 potestate
688 1529 817 1576 pra-ditus
828 1549 879 1576 est,
893 1529 954 1571 cum
969 1529 990 1557 Ο

167 1584 204 1610 sit
218 1584 276 1618 ipsa
293 1585 422 1618 potentia.
439 1585 623 1618 Quamobrem
640 1586 777 1614 hominem
791 1596 852 1616 esse
868 1589 957 1616 homi-

168 1637 229 1656 nem
244 1630 338 1657 volens
350 1629 428 1657 initio
445 1631 583 1665 produxit.
607 1631 684 1664 Quod
702 1633 724 1660 si
737 1634 762 1660 id
776 1635 870 1662 volens
884 1635 956 1668 fecit,

168 1675 324 1702 vultautem
337 1675 410 1710 quod
430 1676 530 1704 bonum
542 1681 601 1709 est,
615 1678 695 1705 homo
710 1687 774 1706 vero
786 1681 888 1708 bonum
903 1687 955 1714 est,

169 1720 294 1756 idemque
320 1729 353 1749 ex
382 1722 473 1748 anima
512 1727 619 1750 constat
638 1728 664 1751 et
686 1733 810 1760 corpore,
832 1729 956 1762 sequitur

169 1767 280 1794 minime
297 1770 372 1794 extra
387 1775 487 1802 cet-pus
505 1768 643 1796 hominem
658 1769 734 1804 fore;
754 1771 801 1798 sed
818 1779 879 1799 cum
894 1780 954 1800 cor-

170 1819 244 1846 pore.
266 1820 299 1838 ne
322 1812 392 1839 alius
410 1818 506 1847 praeter
524 1813 661 1841 hominem
678 1815 759 1843 homo
777 1818 952 1851 producatur.

170 1855 244 1889 Opus
267 1855 338 1882 enim
360 1860 402 1882 est
425 1856 462 1882 uti
485 1856 540 1883 Deo
557 1857 721 1886 immortalia
744 1869 844 1895 genera
865 1864 956 1890 omnia

170 1906 321 1927 serventur.
342 1900 444 1928 Creavit
461 1903 530 1929 enim
548 1904 598 1938 (ait
615 1904 765 1939 Sapientia)
783 1907 912 1934 hominem
929 1910 955 1935 in

170 1946 384 1981 incorruptione;
413 1947 446 1974 ad
469 1948 610 1983 imaginem
634 1951 791 1977 wlernitalis
816 1960 871 1979 mw
895 1953 954 1987 fecit

1004 947 1158 983 ἄνθρωπον,
1171 948 1186 982 ἢ
1200 947 1390 983 διαμαρτήσας
1404 946 1486 974 αὐτοῦ
1499 947 1562 982 περὶ¹
1574 947 1624 982 τὴν
1637 946 1793 979 διάπλασιν,

1004 993 1118 1028 ἄγγελον
1134 993 1214 1020 αὑτὸν
1234 993 1347 1028 ὕστερον
1360 993 1489 1028 ἐπενόησε
1499 993 1620 1027 ποιῆσαι,
1637 992 1795 1028 μεταγνοὺς,

1003 1041 1099 1075 ὥσπερ
1115 1040 1140 1066 οἱ
1155 1039 1317 1074 φαυλότατοι
1331 1039 1384 1066 τῶν
1402 1038 1585 1075 δημιουργῶν·
1606 1038 1668 1066 οὔτε
1682 1039 1797 1073 ἄγγελον

1005 1086 1064 1112 κατ’
1082 1085 1170 1121 ἀρχὰς
1192 1085 1308 1120 θελήσας
1330 1085 1454 1120 ποιῆσαι,
1475 1083 1524 1111 καὶ
1544 1084 1581 1119 μὴ
1596 1084 1729 1118 δυνηθεὶς,
1750 1083 1798 1110 ἄν-

1005 1131 1113 1166 θρωπον
1128 1130 1253 1157 ἔπλασεν.
1267 1129 1394 1162 Ἀσθενὲς
1408 1129 1489 1156 τοῦτο
1503 1129 1569 1164 γάρ.
1588 1129 1620 1156 Τί
1631 1129 1661 1164 δή
1674 1138 1738 1155 ποτε
1749 1127 1797 1155 οὖν

1005 1177 1049 1203 τὸν
1066 1176 1209 1212 ἄνθρωπον
1224 1176 1321 1208 ἐποίει,
1335 1176 1381 1202 κα)⁸
1395 1175 1445 1202 οὐκ
1462 1175 1588 1210 ἄγγελον,
1608 1174 1666 1209 εἴγε
1681 1175 1798 1209 ἄγγελον

1004 1223 1050 1250 τὸν
1064 1223 1218 1260 ἄνθρωπον,
1234 1224 1282 1250 καὶ
1293 1223 1343 1250 οὐκ
1355 1222 1498 1258 ἄνθρωπον
1513 1221 1638 1256 γενέσθαι
1651 1221 1795 1257 ἡθέλησενς

1011 1269 1055 1300 Ὠς
1077 1270 1107 1295 οὺ
1132 1269 1298 1304 δυνάμενος;
1325 1269 1501 1304 Βλάσφημον.
1529 1267 1611 1294 Ἀλλὰ
1635 1267 1797 1294 ἀνεϐάλλετο

1006 1316 1070 1350 περὶ
1086 1315 1132 1342 τοῦ
1150 1315 1304 1350 κρείττονος
1315 1315 1346 1341 τὺ
1360 1316 1450 1350 χεῖρον
1463 1313 1564 1346 ποιῶν;
1578 1314 1633 1339 Καὶ
1646 1312 1725 1339 τοῦτο
1733 1312 1796 1338 ἆτο-

1006 1369 1066 1387 πον.
1082 1360 1151 1387 Οὔτε
1163 1361 1216 1396 γὰρ
1228 1360 1420 1394 διασφάλλεται
1435 1360 1499 1395 περὶ
1514 1360 1544 1386 τὸ
1561 1361 1647 1385 ποιεῖν
1661 1359 1691 1385 τὸ
1702 1359 1795 1390 καλὸν,

1005 1405 1066 1432 οὒτε
1083 1405 1274 1436 ἀναϐάλλεται,
1292 1404 1354 1431 οὔτε
1369 1405 1506 1431 ἀδυνατεῖ·
1519 1404 1587 1431 ἀλλὰ
1601 1413 1636 1430 κα
1662 1405 1699 1435 ὡς
1713 1403 1795 1436 θέλει,

1006 1451 1053 1478 καὶ
1067 1451 1111 1476 ὅτε
1128 1451 1199 1476 θέλει
1214 1451 1244 1477 τὸ
1257 1450 1386 1477 δύνασθαι
1406 1450 1462 1485 ἔχει
1484 1449 1599 1484 δύναμις
1622 1449 1670 1476 ὢν.
1691 1448 1797 1476 Οὐκοῦν

1007 1495 1077 1523 εἶναι
1085 1496 1129 1523 τὸν
1141 1496 1282 1531 ἄνθρωπον
1291 1496 1432 1531 ἄνθρωπον
1445 1495 1528 1522 θέλων
1537 1495 1567 1527 ἐξ
1582 1494 1668 1530 ἀρχῆς
1678 1494 1795 1522 ἔκτισεν.

1007 1543 1038 1568 Εἰ
1047 1543 1075 1569 δὲ
1086 1542 1180 1574 θέλων,
1188 1542 1258 1568 θέλει
1267 1542 1332 1577 δὲξτὸ
1343 1542 1522 1574 καλὺν,καλδν
1530 1541 1578 1576 δὲξὸ
1589 1541 1740 1577 ἄνθρωπος,
1753 1542 1798 1569 ἄν·

1005 1588 1113 1624 ϐρωπος
1126 1588 1154 1614 δὲ
1170 1588 1199 1614 τὸ
1212 1588 1244 1614 ἐκ
1263 1587 1352 1622 ψυχῆς
1373 1588 1420 1614 καὶ
1438 1587 1562 1623 σώματος
1583 1587 1690 1621 λέγεται
1706 1595 1798 1614 συντε-

1005 1634 1060 1660 θέν·
1082 1635 1132 1660 οὐκ
1147 1634 1222 1660 ἔσται
1238 1634 1292 1669 ἄρα
1309 1633 1386 1666 ἐκτὸς
1400 1634 1524 1670 σώματος
1537 1635 1550 1660 ό
1564 1634 1714 1668 ἄνθρωπος,
1729 1632 1797 1660 ἀλλὰ

1006 1681 1074 1715 μετὰ
1088 1680 1224 1715 σώματος,
1243 1681 1285 1707 ἵνα
1304 1680 1341 1716 μὴ
1355 1680 1433 1712 ἄλλος
1445 1681 1587 1716 ἅνθρωπος
1603 1680 1678 1716 παρὰ
1693 1681 1738 1707 τὸν
1749 1681 1798 1707 ἇν-

1004 1726 1112 1761 θρωπον
1125 1726 1251 1761 γεννηθῇ.
1276 1727 1321 1752 Δεῖ
1340 1726 1394 1761 γὰρ
1408 1726 1447 1761 τῷ
1469 1726 1528 1761 Θεῷ
1543 1726 1577 1753 τὰ
1590 1727 1710 1753 ἀθάνατα
1728 1726 1795 1760 γένη

1002 1771 1091 1797 πάντα
1108 1771 1250 1803 σώζεσθαι.
1278 1772 1398 1798 Ἔκτισε
1423 1771 1487 1806 γὰρ,
1502 1772 1583 1806 φησὶν
1597 1772 1614 1806 ἡ
1629 1771 1723 1805 Σοφία,
1741 1771 1796 1797 τὸν

1008 1815 1163 1849 ἄνθρωπον
1180 1817 1196 1842 ό
1217 1816 1288 1849 Θεὸς
1300 1817 1348 1842 ἐπὶ
1363 1816 1524 1850 ἀφθαρσίᾳ,
1542 1817 1590 1843 καὶ
1605 1817 1706 1843 εἰκόνα
1718 1816 1729 1832 ³
1741 1815 1794 1849 τῆς

1010 1861 1086 1894 ιδίας
1111 1861 1276 1894 άὶδιότητος
1291 1861 1437 1895 ἐποίησεν
1453 1863 1554 1889 αὐτόν.
1574 1862 1630 1889 Οὐκ
1643 1861 1697 1897 ἄρα
1710 1861 1794 1889 ἀπόλ-

1007 1906 1085 1933 λυται
1106 1906 1137 1933 τὸ
1162 1907 1257 1942 σῶμα·
1289 1908 1302 1934 ὁ
1329 1907 1384 1942 γὰρ
1407 1908 1549 1944 ἄνθρωπος
1574 1909 1607 1935 ὲκ
1633 1908 1721 1944 ψυχῆς
1747 1907 1796 1935 καὶ

1010 1952 1149 1988 σώματος.

169 1991 246 2017 illum
261 1991 281 2017 '.
300 1990 406 2025 Corpus
430 1992 520 2026 itaque
530 2001 584 2020 non
606 2002 720 2028 prorsus
743 1996 938 2032 exstinguitur,
962 2005 1024 2025 curn
1043 1998 1123 2024 homo
1137 2005 1170 2025 ex
1181 2005 1297 2032 corpore.
1313 1998 1456 2033 animaque
1471 1999 1615 2026 coalescat.

205 2035 312 2062 XXXV.
325 2036 363 2062 Ac
377 2037 447 2068 vide,
463 2046 566 2072 quseso,
578 2041 805 2074 quemadmodum
824 2042 955 2071 Dominus

168 2083 263 2109 eadem
277 2082 321 2108 illa
334 2083 441 2111 tradere
453 2085 610 2113 Sadducaeis
620 2089 848 2116 resurrectionem
862 2090 954 2118 carnis

170 2128 356 2156 inﬁciantibus
378 2129 503 2157 \‘oluerit.
520 2131 568 2158 Est
582 2131 655 2158 enim
671 2132 723 2160 hoc
741 2133 953 2162 Sadducaaorum

1042 2042 1102 2070 AE'.
1122 2043 1167 2070 Διὸ
1183 2044 1339 2079 ἐπίστησον,
1361 2044 1398 2075 ὡς
1419 2045 1433 2070 ό
1451 2044 1550 2080 Κύριος
1569 2044 1603 2071 τὰ
1619 2045 1689 2072 αὐτὰ
1707 2045 1793 2074 ταῦτα

1005 2089 1141 2115 διδάσκειν
1164 2088 1257 2120 θέλων,
1283 2089 1320 2124 μὴ
1346 2090 1528 2117 πιστευόντων
1548 2090 1731 2118 Σαδδουκαίων
1752 2093 1793 2124 εις

1006 2135 1055 2170 τὴν
1069 2135 1216 2162 ἀνάστασιν
1232 2135 1282 2170 τῆς
1296 2135 1407 2171 σαρκός.
1423 2136 1515 2171 Δόγμα
1529 2136 1583 2171 γὰρ
1593 2136 1672 2163 τοῦτο
1683 2137 1794 2164 Σαδδου-

169 2175 277 2208 dogma.
294 2172 369 2214 Unde
382 2174 496 2201 conficta
509 2175 553 2202 illa
566 2176 600 2203 de
614 2177 738 2209 muliere,
753 2178 839 2213 deque
851 2185 952 2214 septem

1006 2180 1100 2207 καίων.
1118 2181 1198 2207 Ὅθεν
1214 2182 1446 2216 συσκευασάμενοι
1465 2181 1514 2216 τὴν
1528 2182 1598 2208 κατά
1613 2182 1662 2218 τὴν
1675 2184 1791 2216 γυναῖκα

170 2212 302 2245 iratribns
328 2219 471 2254 parabola,
486 2228 567 2254 quam
592 2221 722 2249 adversus
744 2225 955 2252 resurrectionis

169 2270 313 2298 corporum
330 2264 425 2299 dogma
441 2271 643 2300 proponerent:
659 2270 828 2296 Accesserant
841 2270 875 2296 ad
883 2279 953 2303 eum,

170 2309 272 2343 inquit,
290 2315 315 2336 et
342 2309 498 2343 Sadduca'i,
516 2311 630 2340 dicentes
658 2316 875 2343 resurrectionem
903 2326 954 2344 non

169 2362 225 2381 esse
243 2355 263 2382 ’.
280 2355 397 2383 Proinde
410 2356 546 2389 Christus,
558 2358 582 2385 si
594 2359 667 2385 nulla
678 2361 769 2388 carnis
780 2367 853 2389 esset
867 2370 956 2390 resur-

170 2399 265 2431 rectio,
281 2400 328 2427 sed
348 2402 437 2428 anima
453 2402 586 2430 duntaxat
601 2405 716 2433 salutem
730 2413 953 2442 consequeretur,

171 2445 225 2471 illis
245 2445 350 2479 utique,
367 2452 459 2481 utpote
476 2453 550 2476 recte
564 2457 595 2477 ac
618 2453 746 2486 praeclare
761 2454 953 2487 sentientibus,

170 2497 247 2516 suam
273 2492 461 2520 auctoritatent
487 2495 655 2530 adjungerct.
682 2497 763 2532 Atqui
787 2500 839 2526 alia
862 2501 953 2528 omnia

171 2535 326 2569 respondit,
340 2540 382 2562 et:
395 2537 427 2563 In
441 2539 640 2568 resurrectione.
653 2541 748 2576 inquit,
765 2551 843 2577 neque
855 2543 954 2570 ducunt

170 2587 275 2615 timores,
295 2589 375 2615 neque
391 2582 512 2615 nubunt;
537 2585 582 2611 sed
598 2590 626 2612 ut
643 2587 730 2622 angeli
748 2588 775 2614 in
796 2588 859 2615 uelo
879 2594 950 2616 sunt.

169 2625 228 2652 Non
242 2627 315 2660 quod
332 2634 442 2655 carnem
461 2630 578 2664 amplius
599 2639 653 2658 non
669 2633 796 2665 habeant,
814 2635 860 2662 sed
880 2635 953 2670 quod

170 2673 393 2706 nuptias'mutuo
408 2675 498 2703 nullas
511 2679 691 2712 contrahant;
715 2679 797 2715 558
815 2681 861 2708 sed
880 2681 953 2708 dein-

169 2724 233 2751 ceps
246 2719 406 2753 corruptelae
422 2725 487 2748 sunt
506 2723 595 2750 omnis
611 2728 746 2758 expertes.
764 2724 797 2751 Et
814 2725 887 2752 addit
902 2734 953 2754 nos

169 2763 221 2790 hac
239 2763 267 2790 in
286 2770 361 2792 parte
377 2766 536 2802 angelorum
555 2775 616 2795 esse
633 2770 739 2797 similes
775 2773 805 2797 ut
823 2770 953 2797 oucntad-

206 2839 216 2855 ¹
229 2839 293 2874 Sap.
310 2849 340 2875 tt,
353 2842 397 2870 25.

436 2845 446 2859 ²
462 2843 557 2871 Matth.
574 2853 641 2880 xm,
655 2846 700 2872 25.
739 2847 749 2862 ³
766 2846 797 2873 F.
814 2848 874 2874 κατ’
892 2848 993 2876 εἰκόνα.

1004 2225 1051 2251 καὶ
1071 2225 1134 2256 τοὺς
1156 2226 1225 2251 ἑπτὰ
1247 2226 1376 2260 ἀδελφοὺς
1400 2226 1567 2261 παραϐολὴν,
1594 2227 1639 2254 ἶνα
1660 2227 1705 2253 τὸν
1727 2229 1791 2263 περὶ

1004 2271 1178 2303 ἀναστάσεως
1190 2271 1237 2305 τῆς
1255 2272 1354 2307 σαρκὸς
1367 2271 1446 2305 λόγον
1466 2272 1636 2307 ἀπορήσωσι,
1651 2272 1791 2307 ΙΙροσῆλ-

1004 2318 1058 2343 θον
1068 2316 1157 2349 αὐτῷ,
1174 2317 1251 2351 φησὶ,
1274 2317 1322 2343 καὶ
1338 2317 1543 2349 Σαδδουκαῖοι,
1561 2318 1702 2352 λέγοντες
1716 2319 1790 2346 ἀνά-

1003 2370 1116 2389 στασιν
1126 2362 1169 2397 μὴ
1186 2363 1271 2389 εἶναι.
1289 2363 1318 2389 'O
1333 2361 1379 2389 οὖν
1396 2363 1521 2398 Χριστὸς,
1537 2365 1561 2390 εἰ
1575 2363 1612 2399 μὴ
1625 2362 1658 2399 ἦν
1672 2365 1789 2392 ἀνάστα-

1003 2416 1045 2440 σις
1064 2408 1175 2443 σαρκὸς.
1196 2407 1264 2433 ἀλλὰ
1284 2408 1364 2443 μόνον
1380 2409 1495 2440 ἐσώζετο
1510 2409 1593 2444 ψυχὴ,
1613 2409 1737 2436 συνέθετο
1755 2410 1791 2438 ἃν

1000 2453 1103 2484 αὐτοῖς,
1118 2453 1155 2484 ὡς
1171 2452 1259 2483 καλῶς
1275 2453 1320 2479 καὶ
1336 2453 1423 2488 ὀρθῶς
1438 2453 1575 2489 φρονοῦσι.
1596 2455 1664 2481 Νυνὶ
1676 2455 1704 2480 δὲ
1719 2455 1788 2481 ἁπο-

1001 2498 1133 2533 κρίνεται,
1146 2498 1241 2532 λέγων·
1261 2499 1311 2524 Ἐν
1320 2498 1356 2533 τῇ
1368 2499 1534 2526 ἀναστάσει
1548 2501 1616 2527 οὔτε
1629 2501 1787 2535 γαμοῦσιν,

1000 2544 1069 2570 οὔτε
1098 2545 1303 2578 γαμίσκονται·
1326 2545 1395 2572 ἀλλ’
1416 2546 1456 2579 ὡς
1474 2545 1593 2580 ἄγγελοι
1615 2547 1650 2573 ἐν
1671 2547 1788 2581 οὐρανῷ

1001 2592 1091 2618 εἰσιν.
1107 2591 1143 2616 Οὐ
1163 2590 1200 2625 τῷ
1219 2591 1308 2626 σάρκα
1324 2591 1361 2626 μὴ
1382 2591 1464 2626 ἔχειν,
1483 2592 1549 2618 ἀλλὰ
1570 2591 1610 2627 τῷ
1631 2592 1667 2628 μὴ
1689 2594 1788 2626 γαμεῖν

1002 2635 1048 2662 καὶ
1069 2635 1225 2670 γαμεῖσθαι,
1239 2636 1307 2663 ἀλλὰ
1323 2635 1391 2664 εἶναι
1405 2637 1497 2664 λοιπὸν
1517 2639 1545 2664 ὲν
1564 2637 1712 2674 ἀφθαρσίᾳ.
1732 2639 1790 2665 Καὶ

1002 2689 1084 2716 φησιν
1104 2681 1229 2715 ἀγγέλοις
1248 2682 1319 2708 κατά
1340 2682 1418 2709 τοῦτο
1438 2683 1738 2719 παραπλησιασθέντας·
1752 2684 1792 2712 ἵν’

1002 2726 1097 2761 ὥσπερ
1109 2727 1133 2752 οἱ
1152 2727 1262 2760 ἄγγελοι
1277 2728 1306 2754 ἐν
1317 2728 1356 2763 τῷ
1371 2728 1489 2764 οὐρανῷ,
1505 2728 1592 2760 οὕτως
1605 2729 1651 2755 καὶ
1666 2729 1746 2764 ἡμεῖς
1764 2732 1793 2758 ὲν

1002 2772 1040 2807 τῷ
1055 2771 1221 2808 παραδείσῳ,
1237 2773 1306 2809 μήτε
1323 2774 1423 2810 γάμοις
1442 2774 1460 2809 ἢ
1474 2773 1625 2806 εἰλαπίναις
1636 2773 1677 2801 ἔτι
1688 2774 1785 2810 σγολά-
