1958 3050
148 158 217 184 N25

473 155 658 184 ADVERSITS
677 155 849 184 HIERESES
868 153 932 182 LIB.
950 152 983 181 Il.
1004 152 1174 182 T0)I.‘l.—
1190 152 1327 181 HIE‘RES.
1345 151 1426 180 LXIV

1705 151 1773 179 “28

148 215 249 246 σοντες,
274 214 342 242 ἀλλὰ
365 215 428 241 τοῦ¹
455 215 564 250 βλέπειν
581 216 626 243 τὸν
642 216 718 248 Θεὸν,
738 216 786 243 καὶ
802 217 934 251 γεωργεῖν

990 214 1097 241 modum
1114 215 1201 248 angeli
1219 215 1245 241 in
1261 215 1349 246 cmlo,
1367 214 1408 242 sic
1430 221 1481 240 nos
1497 213 1524 241 in
1541 212 1670 248 paradiso
1685 220 1773 247 neque

148 261 196 296 τὴν
211 261 293 296 ζωὴν,
312 261 524 296 πρυτανεύοντος
541 263 605 297 ἡμῖν
621 262 668 288 τοῦ
684 262 801 297 Χριστοῦ
827 262 864 288 Οὐ
879 262 933 298 γὰρ

148 304 237 339 εἶπεν,
263 307 389 333 Ἔσονται
411 307 535 342 ἄγγελοι,
558 308 628 340 ἀλλ’,
655 308 696 341 ὼς
721 308 854 343 ἄγγελοι,
877 305 934 334 οἷον

148 352 221 386 δόξῃ
233 352 292 387 μὲν
301 352 349 380 καὶ
363 353 441 387 τιμῇ,
457 354 528 380 κατὰ
546 355 576 380 τὸ
592 354 794 389 γεγραμμένον.
806 353 934 388 ἐστεφα-

148 398 285 432 νωμένοι,
297 399 398 434 βραχὺ
417 399 450 426 δέ
466 409 493 426 τι
509 400 588 434 παρὰ
602 400 671 433 τοὺς
688 400 834 434 ἀγγέλους
852 400 935 426 διαλ-

148 443 328 477 λάσσοντες,
339 445 386 471 καὶ
400 445 483 478 ἐγγὺς
497 445 573 476 ὅντες
582 445 627 471 τοῦ
643 443 712 471 εἶναι
726 444 843 479 ἄγγελοι.
859 444 934 470 Καο-

150 488 220 524 άπερ
232 489 256 515 εἰ
271 489 362 523 ἔλεγεν
374 499 380 505 ·
397 490 487 526 Οὔσης
502 490 628 523 εὐταξίας
647 490 717 517 κατὰ
733 491 778 517 τὸν
794 491 872 525 ἀέρα.
887 490 935 516 καὶ

149 534 280 570 γαλήνης,
303 535 350 561 καὶ
370 537 476 567 νυκτὸς,
496 536 543 562 καὶ
563 535 671 562 πάντων
686 536 740 562 τῶν
755 536 804 570 τῆς
819 536 934 571 σελήνης

149 581 261 616 αἰθερίῳ
276 581 345 615 φωτὶ
365 582 588 617 κεκοσμημένων,
606 583 622 617 ἡ
644 583 741 617 σελήνη
763 582 852 616 φαίνει
867 581 905 613 ὡς
920 582 934 607 ὁ

148 626 233 661 ἥλιος.
259 627 313 653 Καὶ
336 627 365 653 οὑ
391 628 499 659 πάντως
522 627 555 654 ἂν
571 628 646 663 ἥλιον
669 626 803 664 εἶναιτὴν
821 628 934 664 σελήνην

149 673 353 708 ἀπομαρτυρεῖν
369 673 451 700 αὑτὸν
465 673 591 710 λέγομεν,
607 674 663 701 ἀλλ’
677 674 714 706 ὡς
730 674 814 710 ἥλιον.
830 675 935 710 Ὥσπερ

149 718 236 745 καὶτὸ
249 719 285 754 μὴ
296 719 417 755 ὑπάρχον
429 721 538 756 χρυσὸς,
553 721 637 758 ἐγγὺς
646 721 675 747 δὲ
684 720 730 747 τοῦ
741 719 811 747 εἶναι
823 720 934 756 χρυσὸς,

150 764 269 798 πεφυκὸς
281 765 318 796 ὡς
331 766 430 801 χρυσὸς
448 766 565 801 λέγεται,
584 767 630 794 καὶ
648 768 677 794 οὐ
690 767 799 802 χρυσός.
815 768 846 793 Εἰ
861 766 888 793 δὲ
901 764 935 802 ἦν

149 809 258 845 χρυσὸς.
267 809 316 836 οὔκ
329 810 436 845 ἐλέγετο
447 811 480 837 ἂν
491 811 528 843 ὡς
539 811 647 846 χρυσὸς,
660 811 727 838 ἀλλὰ
735 812 845 848 χρυσός.
858 812 935 838 Ἐπεὶ

147 855 176 882 δὲ
190 855 230 893 μὴ
241 856 298 883 ἔστι
315 859 424 892 χρυσὸς.
442 857 528 884 anew
543 857 590 884 τοῦ
607 855 674 885 εἶναι
688 857 797 894 χρυσὸς,
812 858 859 884 καὶ
869 867 933 893 φαν-

148 901 277 934 τάζεσθαι
287 903 333 929 τὸν
348 903 457 938 χρυσὸν,
470 904 507 936 ὠς
518 904 616 940 χρυσὸς
630 904 748 939 λέγεται.

184 1035 262 1063 οὕτω
286 1036 332 1063 καὶ
358 1035 396 1068 ὡς
423 1036 556 1070 ἀγγέλους
582 1035 692 1063 ἔσεσθαι
722 1036 847 1070 λέγοντος
871 1037 935 1069 τοὺς

148 1082 241 1116 ἁγίους
261 1083 290 1109 ὲν
313 1083 345 1118 τῇ
368 1082 524 1115 ἀναστάσει,
551 1083 601 1110 οὐκ
623 1083 688 1110 αὐτὸ
708 1083 787 1109 τοῦτο
803 1083 935 1118 ἀγγέλους

148 1128 228 1155 αὑτὸν
255 1127 470 1162 ἐπαγγέλλεσθαι
493 1128 629 1164 ἀκούομεν
654 1129 718 1160 τοὺς
744 1129 838 1163 ἁγίους
854 1130 883 1156 ἐν
901 1130 934 1164 τῇ

149 1173 295 1200 ἀναστάσει
319 1173 438 1206 ἔσεσθαι,
456 1173 524 1200 ἀλλὰ
545 1174 627 1208 ἐγγὺς
643 1173 689 1200 τοῦ
707 1171 776 1200 εἶναι
791 1174 933 1208 ἀγγέλους.

150 1219 231 1245 Ὥστε
252 1218 421 1253 ἀλογώτατον
440 1218 540 1253 λέγειν,
561 1218 654 1253 ἐπειδὴ
669 1219 683 1244 ὁ
697 1218 814 1254 Χριστὸς
831 1219 936 1253 ἀπεφή-

148 1273 213 1292 νατο
227 1265 290 1297 τοὺς
302 1265 395 1300 ἁγίους
407 1265 521 1300 ὀφθῆναι
533 1264 571 1296 ὡς
584 1264 716 1299 ἀγγέλους
731 1264 760 1291 ὲν
773 1265 805 1300 τῇ
818 1263 935 1290 ἀναστά-

149 1319 201 1340 σει.
216 1311 252 1338 τὰ
265 1311 379 1346 σώματα
392 1311 436 1337 διὰ
449 1310 526 1337 τοῦτο
538 1310 624 1337 ταῦτα
641 1310 678 1346 μὴ
693 1310 861 1337 ἀνίστασθαι·
875 1310 936 1336 καί-

149 1365 190 1382 τοι
206 1356 257 1391 τῆς
280 1355 378 1389 λέξεως
398 1356 482 1391 αὐτὴν
502 1356 551 1390 τὴν
571 1354 670 1391 πρᾶξιν
690 1355 824 1391 δηλοὺσης
844 1356 937 1391 σαφῶς

149 1402 196 1428 τοῦ
217 1402 420 1437 συμϐαίνοντος.
450 1402 609 1434 ’Δνάστασις
626 1402 680 1437 γὰρ
696 1402 746 1428 οὐκ
766 1402 812 1428 ἐπὶ
831 1401 878 1428 τοῦ
899 1401 936 1438 μὴ

150 1447 335 1479 πεπτωκότος,
354 1447 411 1473 ἀλλ’
428 1447 476 1474 ἐπὶ
495 1447 542 1474 τοῦ
564 1447 739 1478 πεπτωκότος
758 1446 866 1481 λέγεται
890 1448 936 1474 καὶ

151 1492 339 1528 ἀνισταμένου·
357 1492 451 1529 ὥσπερ
469 1493 570 1520 ὁπόταν
589 1492 662 1527 λέγει
681 1494 726 1520 καὶ
747 1494 760 1519 ὁ
783 1494 934 1529 προφήτης·

150 1538 204 1566 Καὶ
221 1538 384 1573 ἀναστήσω
406 1539 465 1573 τὴν
489 1538 610 1573 σκηνὴν
633 1538 722 1565 Δαόὶδ
744 1538 802 1573 τὴν
823 1546 937 1566 πεπτω-

151 1583 247 1610 κυῖαν.
271 1583 373 1610 Ἔπεσε
397 1584 426 1611 δὲ
449 1584 589 1610 ὀκλάσασα
612 1585 629 1620 ή
651 1583 756 1620 ποθητὴ
772 1584 827 1620 (40)
850 1583 937 1619 σκηνὴ

150 1629 200 1664 τῆς
217 1629 305 1664 ψυχῆς
325 1629 370 1662 εὶς
390 1628 450 1663 γῆν
466 1628 610 1663 χώματος.
635 1629 673 1656 Οὐ
697 1629 751 1664 γὰρ
770 1629 801 1656 τὸ
819 1630 855 1665 μὴ
875 1628 937 1664 θνῆ-

152 1683 226 1707 σκον,
240 1674 307 1701 ἀλλὰ
322 1673 352 1700 τὸ
367 1674 482 1709 θνῆσκον
497 1674 627 1701 κλίνεται.
644 1675 762 1710 Θνήσκει
777 1674 806 1701 δὲ
824 1676 840 1710 ἡ
858 1674 936 1710 σάρξο

150 1721 223 1756 ψυχὴ
237 1721 291 1757 γὰρ
305 1721 448 1752 ἀθάνατος.
465 1717 523 1747 Kal.
531 1720 619 1748 τοίνυν
636 1721 660 1747 ει
675 1722 691 1756 ἡ
706 1721 778 1756 ψυχὴ
794 1721 937 1752 ἀθάνατος,

152 1767 232 1802 σῶμα
250 1766 278 1793 δὲ
292 1767 306 1793 ὀ
321 1767 426 1802 νεκρός·
447 1767 472 1793 οἱ
488 1766 612 1801 λέγοντες
627 1767 776 1794 ἀνάστασιν
792 1767 840 1802 μὲν
856 1764 937 1800 εἶναι,

151 1811 251 1847 σαρκὸς
265 1811 294 1839 δὲ
314 1811 358 1847 μὴ’
371 1809 450 1844 εἶναι,
468 1811 612 1848 ἀρνοῦνται
626 1812 781 1840 ἀνάστασιν·
796 1814 837 1840 ὅτι
858 1813 894 1849 μὴ
909 1815 939 1840 τὸ

151 1857 248 1890 ἑστὼς,
265 1857 332 1884 ἀλλὰ
354 1857 385 1884 τὸ
406 1857 549 1889 πεπτωκὸς
577 1857 623 1884 καὶ
643 1857 733 1885 κλιθὲν
761 1858 937 1892 διανίσταται,

151 1902 221 1929 κατὰ
231 1901 261 1929 τὸ
273 1903 475 1938 γεγραμμένον·
488 1902 535 1937 Μὴ
548 1904 564 1930 ὁ
574 1903 691 1930 πίπτων
702 1904 757 1930 οὐκ
769 1903 938 1937 ἀνίσταται,

152 1947 170 1981 ἢ
184 1949 200 1975 ὁ
214 1948 412 1983 ἀποστρέφων
427 1949 482 1976 οὐκ
498 1949 695 1984 ἁναστρέφει;

986 260 1088 294 nuptiis
1102 260 1235 294 amplius,
1256 267 1344 294 neque
1357 259 1490 286 conviviis
1508 257 1709 292 indulgeamus,
1725 258 1773 284 sed

986 305 1012 332 iu
1025 305 1236 340 contemplando
1245 304 1301 332 Deo
1312 304 1515 338 excolendaque
1529 304 1583 330 vita
1595 302 1681 330 simus
1691 309 1774 329 oceuv

984 352 1051 386 pati,
1075 351 1189 386 praeside
1214 358 1244 378 ae
1273 351 1445 378 moderatore
1466 349 1586 377 Christo.
1614 348 1673 375 Non
1700 348 1773 374 enim

985 397 1064 430 dixit,
1085 398 1170 424 Erunt
1182 397 1269 432 angeli
1290 405 1296 424 :
1314 397 1360 424 sed
1373 416 1380 428 ,
1395 397 1463 423 sicut
1482 396 1587 430 angeli;
1605 395 1716 429 perinde
1743 401 1773 419 ac

984 443 1070 478 gloria
1082 448 1106 470 et
1121 444 1218 470 honore
1229 442 1361 473 coronati,
1375 442 1414 468 uti
1427 441 1559 476 scriptum
1570 444 1622 472 cst,
1634 439 1773 474 paululum

985 497 1044 516 vero
1060 490 1092 515 ab
1109 488 1209 523 angelis
1231 488 1382 522 ili/ferentes
1396 487 1417 517 ³,
1437 491 1519 521 alque
1539 485 1647 512 illorum
1670 490 1774 512 naturae

984 535 1114 570 proximi.
1134 534 1218 567 Quasi
1238 534 1274 560 ita
1289 534 1391 560 diceret
1406 543 1412 561 :
1430 532 1588 567 Tranquillo
1604 539 1651 566 per
1665 536 1772 558 noctem

986 589 1019 608 ac
1033 588 1131 609 screno
1143 587 1215 612 acre,
1228 587 1289 607 cum
1303 579 1407 606 caelesti
1422 579 1492 606 hunc
1504 579 1564 605 IuCe
1577 577 1774 604 collustrantur

986 628 1088 660 omnia,
1111 627 1177 655 solis
1193 627 1279 654 instar
1293 626 1356 652 luna
1369 624 1534 660 resplendet.
1553 623 1620 650 Tum
1632 623 1703 650 enim
1718 629 1774 649 non

985 674 1099 702 omnino
1114 673 1199 700 solem
1213 680 1274 700 esse
1286 672 1377 698 lunam
1390 679 1422 698 ex
1436 671 1509 698 illius
1530 669 1686 698 testimonio
1698 668 1774 696 colli-

985 728 1120 756 geremus.
1135 719 1181 747 sed
1198 719 1231 745 ad
1249 719 1333 746 solem
1346 717 1485 745 accedere.
1503 717 1579 744 Sicut
1592 715 1664 751 quod
1676 722 1774 742 aurum

987 774 1041 793 non
1057 770 1107 796 est,
1125 771 1151 792 et
1162 772 1229 792 auro
1243 769 1331 791 tamen
1347 767 1445 791 natura
1461 770 1510 790 sua
1527 762 1707 798 propinquius
1718 765 1773 793 est,

987 819 1042 838 nou
1059 818 1168 844 aurum,
1182 809 1229 838 sed
1244 810 1304 836 auri
1319 808 1408 836 simile
1423 815 1485 836 csse
1498 807 1610 839 dicitur,
1625 806 1697 842 quod
1710 807 1774 842 qui-

987 858 1048 885 dem
1068 865 1164 884 aurum
1185 856 1208 884 si
1231 859 1314 887 esset,
1337 863 1391 882 non
1411 854 1469 882 auri
1487 853 1586 885 simile,
1603 853 1650 881 sed
1676 860 1773 880 aurum

986 903 1134 932 diceretur.
1150 901 1228 930 Nunc
1243 901 1373 937 quoniam
1391 907 1487 927 aurum
1503 907 1558 927 non
1575 903 1628 932 est,
1644 898 1692 927 sed
1707 906 1774 926 auro

987 949 1151 984 proximum,
1179 947 1358 982 ejusdemque
1386 946 1518 973 mentitur
1547 945 1684 980 speciem,
1713 944 1773 972 auri

986 995 1075 1023 simile
1091 997 1276 1028 nuncupatur.

1021 1038 1121 1066 Eodem
1136 1038 1217 1066 modo
1236 1045 1348 1073 prorsus
1361 1036 1472 1072 quodin
1490 1036 1692 1064 resurrectione
1708 1043 1774 1064 san-

986 1089 1044 1112 ctos
1061 1084 1218 1119 angelorum
1237 1083 1296 1111 fore
1315 1083 1421 1111 similes
1439 1082 1639 1118 pronuntiavit,
1657 1090 1712 1110 non
1734 1082 1775 1110 sic

985 1130 1174 1166 accipiendqu
1185 1133 1236 1161 est,
1249 1129 1327 1164 quasi
1342 1129 1368 1156 iu
1387 1130 1544 1164 angelorum
1558 1133 1683 1155 naturam
1698 1133 1775 1155 trau-

985 1177 1212 1205 scribendosesse
1222 1180 1332 1203 sanctos
1340 1175 1367 1202 in
1376 1175 1421 1201 illa
1432 1174 1634 1203 resurrectione
1642 1174 1775 1208 voluerit;

987 1222 1034 1250 sed
1051 1222 1118 1250 nihil
1136 1221 1220 1254 aliud,
1239 1221 1291 1248 nisi
1311 1221 1469 1256 angelorum
1492 1220 1641 1248 conditioni
1662 1221 1776 1256 propiu-

987 1276 1056 1303 quos
1065 1268 1182 1295 futuros.
1194 1267 1377 1300 Quamobrem
1387 1266 1582 1294 stultissimum
1595 1266 1658 1293 mihi
1669 1266 1777 1293 videtur

987 1314 1024 1340 ita
1045 1313 1173 1348 colligere
1189 1322 1195 1340 :
1213 1312 1348 1345 Quoniam
1367 1311 1494 1339 Christus
1509 1315 1619 1339 sanctos
1638 1311 1665 1338 in
1683 1318 1777 1338 resur—

988 1359 1108 1387 rectione
1122 1363 1251 1393 tanquam
1264 1358 1377 1393 angelos
1391 1358 1479 1384 visum
1491 1357 1524 1384 iri
1538 1357 1705 1392 praedixerit,
1720 1357 1779 1384 haec

988 1404 1092 1431 idcirco
1115 1408 1305 1431 resurrectura
1327 1410 1381 1429 nun
1401 1410 1462 1430 esse
1477 1410 1604 1438 corpora.
1620 1402 1778 1430 Praesertim

987 1458 1050 1478 cum
1061 1450 1222 1477 vocabulum
1235 1450 1324 1484 ipsum
1336 1448 1396 1484 ejus
1407 1449 1478 1484 quod
1491 1449 1625 1484 contingit
1642 1450 1776 1476 actionem

988 1495 1130 1530 perspicue
1141 1494 1271 1522 declaret.
1285 1494 1353 1521 Nam
1363 1494 1529 1522 resurrectio
1540 1502 1594 1522 non
1606 1494 1639 1522 de
1649 1502 1692 1527 eo,
1704 1494 1779 1529 quod

950 1554 973 1583 ε
990 1548 1129 1576 nunquam
1156 1539 1265 1572 cecidit,
1293 1540 1340 1567 sed
1363 1540 1397 1568 de
1413 1548 1462 1572 eo,
1480 1539 1553 1575 quod
1573 1540 1673 1567 cecidit
1696 1545 1780 1575 atque

987 1590 1085 1617 iterum
1109 1586 1244 1620 assurgit,
1266 1590 1425 1620 usurpatur.
1457 1585 1534 1613 Velut
1559 1594 1621 1613 cum
1648 1586 1780 1621 propheta

987 1633 1073 1660 dicit:
1093 1631 1126 1658 Et
1152 1633 1272 1658 excitabo
1293 1631 1494 1658 tabernaculum
1513 1631 1600 1658 David
1622 1631 1691 1667 quod
1708 1632 1778 1659 ceci-

987 1679 1027 1705 dit
1044 1678 1064 1704 ⁸.
1085 1678 1192 1705 Cecidit
1220 1685 1301 1712 porro
1323 1683 1446 1712 optatum
1473 1677 1541 1704 illud
1569 1678 1666 1705 animae
1688 1679 1781 1706 taber«

988 1725 1115 1752 naculqu
1137 1725 1163 1750 in
1186 1729 1286 1750 terram
1309 1724 1412 1758 aggeris
1424 1723 1435 1739 ⁸
1453 1724 1616 1758 collapsum.
1633 1724 1692 1752 Non
1708 1724 1781 1751 enim

988 1769 1061 1805 quod
1075 1777 1128 1796 non
1142 1769 1257 1795 moritur
1267 1788 1274 1799 ,
1289 1767 1335 1795 sed
1348 1767 1421 1802 quod
1433 1768 1551 1794 moritur
1570 1768 1703 1795 inclinare
1714 1767 1782 1794 dici-

989 1821 1042 1842 tur.
1054 1815 1088 1841 At
1105 1814 1221 1841 moritur
1236 1821 1310 1841 caro.
1326 1813 1424 1839 Anima
1436 1813 1537 1848 quippe
1553 1813 1715 1840 immortalis
1727 1817 1780 1840 est.

987 1861 1159 1896 Quapropter
1178 1859 1201 1886 si
1220 1859 1384 1886 immortalis
1397 1862 1440 1886 est
1463 1859 1565 1889 anima,
1589 1866 1690 1893 corpus
1715 1866 1782 1885 vero

988 1907 1104 1934 cadaver
1113 1912 1169 1940 est;
1181 1906 1227 1940 qui
1243 1906 1277 1932 ita
1289 1907 1519 1933 resurrectionem
1535 1905 1592 1932 fore
1602 1905 1780 1936 conﬁtentur,

989 1956 1019 1979 ut
1033 1960 1092 1980 eam
1108 1951 1219 1979 nihilad
1236 1959 1347 1979 carnem
1366 1957 1503 1986 pertinere
1523 1956 1634 1986 putent,
1657 1959 1783 1978 resurre-

152 1994 270 2021 crionem
287 1993 410 2021 funditus
432 1997 543 2027 negant.
568 1993 794 2029 Quandoquidem
816 2002 871 2022 non
888 1996 954 2023 illud
975 1997 1047 2032 quod
1061 2001 1125 2029 stat,
1140 1996 1187 2024 sed
1202 1996 1273 2031 quod
1286 1995 1398 2028 cecidit,
1411 2000 1436 2024 ct
1451 1995 1606 2027 inclinavit,
1633 2003 1784 2030 exsurgere

153 2039 264 2071 dicitur,
288 2047 337 2074 pro
351 2048 384 2067 eo
398 2047 430 2066 ac
450 2040 584 2074 scriptum
601 2043 643 2067 est
667 2049 673 2067 :
695 2039 768 2067 Num
784 2041 829 2075 qui
853 2042 946 2068 cecidit
975 2051 1026 2069 non
1047 2043 1187 2077 resurget?
1209 2047 1255 2068 aut
1277 2042 1322 2074 qui
1342 2050 1451 2069 aversus
1467 2047 1506 2068 est
1525 2050 1577 2068 nou
1600 2042 1785 2068 revertetur"!

187 2087 257 2120 ACI".
281 2086 340 2113 Ὅτι
354 2087 382 2113 δὲ
398 2087 532 2119 ἀθάνατος
548 2088 564 2123 ἡ
581 2087 665 2123 ψυχὴ,
683 2088 801 2121 ἐδίδαξεν
817 2090 939 2124 ἀναφαν-

153 2133 198 2160 δὸν
213 2133 227 2159 ὁ
246 2133 347 2168 Κύριος
361 2133 407 2159 καὶ
424 2133 455 2158 δι’
473 2133 581 2165 ἑαυτοῦ,
597 2134 644 2160 καὶ
657 2134 702 2161 διὰ
717 2134 876 2169 Σαλομῶνος
901 2135 941 2162 εὶ-

1029 2089 1238 2126 559XXXVI.
1259 2089 1336 2123 Quod
1348 2094 1438 2116 autem
1453 2090 1618 2118 immortalis
1631 2090 1721 2116 anima
1736 2090 1782 2122 sit,

994 2137 1137 2164 manifeste
1160 2136 1293 2163 Dominus
1317 2143 1379 2163 cum
1402 2143 1450 2170 per
1471 2143 1543 2169 sese,
1560 2140 1616 2162 tum
1635 2144 1682 2170 per
1707 2135 1785 2163 Salo-

154 2178 222 2206 πών.
237 2178 276 2205 Δι’
289 2178 386 2205 ἑαυτοῦ
401 2178 450 2213 μὲν
463 2179 492 2205 ὲν
505 2180 539 2213 τῇ
556 2179 628 2206 κατά
639 2179 685 2205 τὸν
701 2178 828 2206 πλούσιον
839 2181 886 2206 καὶ
894 2179 939 2207 τὸν

994 2190 1102 2209 moncm
1129 2181 1250 2210 edocuit.
1276 2180 1329 2209 Per
1352 2189 1412 2209 sese
1437 2180 1558 2216 quidem,
1582 2181 1609 2207 in
1638 2181 1732 2208 divitis
1753 2189 1785 2208 ac

154 2226 257 2260 πένητα
273 2223 398 2261 Λάζαρον
413 2225 529 2260 ἱστορίᾳ,
542 2224 586 2250 τὸν
598 2225 647 2259 μὲν
655 2226 684 2251 ὲν
695 2224 805 2257 κόλποις
814 2225 942 2262 Ἀϐραὰμ

155 2271 215 2303 δοὺς
235 2270 421 2309 ἀναπαύεσραι
442 2271 511 2306 μετά
527 2270 576 2306 τὴν
591 2271 720 2297 ἀπόθεσιν
740 2270 788 2298 τοῦ
805 2271 941 2306 σώματος,

155 2318 200 2345 τὸν
219 2318 247 2345 δὲ
264 2319 292 2344 ἐν
311 2318 466 2354 ἀχθηδόσιν,
488 2316 529 2350 οἷς
544 2319 733 2354 διαλεγόμενον
753 2319 798 2346 τὸν
817 2319 943 2355 Ἀϐραὰμ

156 2367 294 2402 εἰσήγαγε·
311 2367 354 2394 διὰ
368 2365 526 2402 Σαλομῶνος
541 2366 569 2392 δὲ
585 2367 614 2393 ὲν
628 2368 661 2402 τῇ
677 2367 883 2403 ἐπιγραφομένῃ
896 2367 943 2393 Σοο

156 2414 215 2449 qua,
232 2413 306 2445 ἔνθα,
322 2413 448 2439 Δικαίων
466 2414 496 2439 αἱ
514 2412 610 2447 ψυχαὶ
627 2412 662 2438 ἐν
676 2412 763 2446 χειρὶ,
778 2412 944 2448 γέγραπται,

157 2459 241 2491 θεοῦ,
253 2459 301 2486 καὶ
315 2461 350 2486 οὐ
362 2458 405 2494 μὴ
418 2459 530 2493 ἅψηται
543 2458 643 2486 αὐτῶν
652 2458 801 2491 βάσανος.
818 2458 945 2490 Ἕδοξαν

157 2505 191 2531 ἐν
211 2505 374 2542 ὀφθαλμοῖς
395 2505 534 2539 ἀφρόν-ων
558 2503 707 2536 τεθνάναι,
733 2504 783 2531 καὶ
802 2504 945 2538 ἐλογίσθη

156 2551 287 2583 κάκωσις
300 2550 319 2584 ὴ
333 2550 440 2583 ἔξοδος
454 2549 563 2582 αὐτῶν,
579 2548 628 2576 καὶ
643 2549 662 2583 ή
678 2549 730 2583 ἀεί
745 2549 830 2583 ἡμῶν
841 2550 948 2583 πορεία

157 2597 333 2630 σύντριμμα.
361 2597 392 2622 οἱ
415 2595 449 2622 δέ
468 2596 549 2622 εἰσιν
561 2595 597 2621 ἐν
612 2594 727 2629 εἰρήνῃ.
749 2594 798 2621 καὶ
816 2595 836 2629 ἡ
858 2595 947 2628 ἐλπὶς

157 2641 257 2669 αὐτῶν
269 2641 436 2675 ἀθανασίας
451 2641 579 2675 πλήρης.
601 2641 683 2668 Ὅθεν
699 2641 824 2676 σώματος
844 2642 861 2677 ὴ
881 2641 947 2669 ἀνά-

159 2695 261 2719 στασις,
276 2687 324 2714 καὶ
340 2687 370 2713 οὐ
386 2686 486 2722 ψυχῆς·
500 2686 531 2713 οὺ
545 2686 601 2722 γὰρ
611 2687 656 2713 τὸν
668 2686 773 2713 ἑστῶτά
784 2695 826 2718 τις
837 2687 948 2722 ἀνίστη-

196 2753 246 2781 ‘F.
277 2755 325 2790 τῷ.
363 2756 373 2771 ¹
390 2754 470 2783 Deest
494 2755 588 2790 ἐγγύς,
627 2755 638 2771 ³
656 2755 730 2783 Psal.
751 2762 809 2788 vui,
841 2755 868 2783 6.
906 2755 939 2782 δι

990 2762 1020 2784 os
1049 2764 1088 2790 ix,
1104 2756 1148 2785 tt.

160 2797 214 2820 va.
231 2790 263 2818 l9
279 2799 355 2826 seqq.
393 2791 403 2807 ⁸
418 2791 483 2826 Sap.
493 2799 533 2823 ιιι,
550 2791 607 2819 1-5.

993 2228 1087 2256 Lazari
1099 2229 1227 2264 pauperis
1238 2228 1352 2256 historia
1362 2228 1381 2254 ":
1393 2235 1510 2262 quorum
1520 2227 1591 2254 hunc
1602 2227 1629 2254 in
1638 2227 1785 2256 Abrahami

993 2274 1055 2302 sinu
1071 2279 1134 2310 post
1150 2278 1264 2301 exutum
1284 2281 1385 2308 corpus
1400 2272 1575 2308 acquiescere
1591 2273 1678 2299 voluit
1694 2282 1701 2300 :
1719 2273 1786 2300 alte-

993 2328 1054 2348 rum
1067 2320 1237 2347 cruciatibus
1247 2319 1388 2346 damnavit
1399 2326 1430 2350 ;e
1443 2319 1543 2353 quibus
1555 2326 1616 2345 cum
1630 2319 1786 2346 Abrahamo

993 2365 1194 2400 colloquentem
1208 2364 1372 2391 introduxit.
1388 2363 1459 2390 Idem
1473 2371 1538 2390 vero
1550 2372 1598 2399 per
1611 2363 1785 2391 Salomonem

995 2412 1022 2438 in
1037 2419 1070 2439 eo
1085 2411 1155 2438 libro
1168 2411 1215 2445 qui
1237 2410 1376 2445 Sapientia
1394 2410 1556 2437 inscribitur
1572 2410 1702 2442 ostendit,
1719 2411 1763 2437 ubi
1778 2430 1786 2442 ,

995 2457 1145 2489 Justorum,
1169 2457 1274 2492 inquit.
1292 2457 1388 2483 animm
1403 2457 1430 2482 in
1446 2464 1527 2482 manu
1544 2456 1593 2483 Dei
1607 2461 1679 2487 sunt,
1695 2461 1719 2483 et
1736 2465 1788 2483 non

997 2507 1086 2538 tanget
1096 2502 1156 2529 illo:
1165 2506 1334 2529 tormentum.
1352 2501 1474 2528 Visisunt
1481 2501 1508 2527 in
1517 2501 1600 2527 oculis
1609 2501 1787 2536 insipientium

998 2548 1077 2579 mori,
1092 2552 1117 2574 et
1132 2547 1265 2574 wstimata
1277 2551 1316 2574 est
1328 2547 1433 2582 afflictio
1448 2546 1535 2573 exitus
1550 2545 1670 2578 illorum,
1685 2551 1709 2572 et
1719 2546 1788 2580 quod

998 2603 1014 2621 a
1025 2593 1100 2621 nobis
1112 2598 1150 2620 est
1162 2594 1213 2620 iter
1228 2593 1424 2620 exterminium.
1444 2592 1492 2619 Illi
1503 2597 1590 2619 autem
1602 2597 1663 2618 sunt
1674 2592 1701 2617 in
1713 2599 1786 2625 pace,

998 2644 1023 2667 et
1037 2647 1094 2673 spes
1111 2638 1221 2666 illorum
1235 2638 1438 2665 immortalitate
1452 2637 1530 2672 plena
1545 2642 1583 2664 est
1600 2638 1621 2663 ’⁸.
1640 2636 1710 2672 Ergo
1724 2643 1787 2662 cor—

999 2686 1075 2721 poris
1089 2688 1130 2713 est
1142 2684 1320 2717 resurrectio,
1336 2692 1390 2712 non
1403 2684 1518 2717 animae;
1532 2691 1618 2718 ιιαιυο
1629 2683 1701 2710 cnim
1715 2686 1791 2708 stan-

1202 2756 1213 2772 '
1226 2755 1294 2784 Dan.
1309 2763 1356 2789 xu,
1369 2754 1397 2781 2.
1451 2751 1526 2780 ‘Jer.
1539 2759 1600 2784 xui,
1615 2751 1642 2778 4.
1697 2749 1708 2766 ’
1721 2749 1788 2778 Luc.

195 2850 250 2880 1L0)
269 2850 379 2877 Ἐπεσε
389 2849 423 2876 δὲ
437 2848 598 2877 ὀκλάσασα
613 2849 632 2882 ἠ
645 2848 769 2882 ποθητή.
785 2846 849 2875 Cor.
880 2847 1006 2884 nam.
