1958 3050
194 130 266 157 ΗΞῚ

909 130 937 156 S.
958 129 1130 158 EPIPHANll

1759 139 1830 168 Ιίῖδ

191 195 244 217 tem
264 189 345 222 ullus,
362 189 410 216 sed
424 188 560 224 jacentem
572 189 663 224 erigit.
680 189 723 216 Uti
739 197 827 225 neque
843 197 912 218 sano
923 198 976 219 cor-

1036 201 1088 225 σιν,
1104 191 1172 219 ἀλλὰ
1188 191 1234 220 τὸν
1258 194 1388 230 κείμενον·
1414 195 1510 233 ὥσπερ
1530 197 1591 224 οὐδὲ
1612 197 1657 226 τὸν
1672 199 1831 234 ὑγιαίνοντα

191 236 261 270 puri,
277 235 323 262 scd
341 235 411 262 male
427 234 524 262 allecto
538 236 687 262 remedium
703 235 858 262 adhibetur.

226 279 304 312 Quod
322 280 344 307 si
361 281 424 315 quis
442 281 670 308 resurrectionem
689 281 786 308 anima:
803 289 856 308 non
875 282 985 317 corpori

190 329 347 351 eventuram
371 325 539 359 pertinacius
558 324 692 352 allirmare
716 326 792 357 velit,
821 334 918 362 magna
941 331 985 353 est

192 368 311 396 hominis
334 370 470 397 :‘oliditas
490 375 516 397 et
535 371 664 398 amentia.
686 370 766 398 Prius
790 371 863 398 enim
886 372 984 399 anima:

191 417 396 450 corruptionem
412 425 444 444 ac
460 417 670 445 dissolutionem
686 424 800 445 necesse
813 423 855 445 est
870 426 981 445 asseve-

191 465 241 492 ret,
256 467 283 488 ut
300 462 373 489 illius
385 463 470 497 partis
481 470 542 490 esse
556 462 787 489 resurrectionem
801 462 917 494 inferat;
932 471 983 490 nec

191 514 304 541 prorsus
331 508 449 535 delirare
473 507 521 535 sed
550 512 690 542 utcunque
716 508 819 542 aliquid
846 508 983 537 disserere

190 552 327 579 videatur.
345 552 444 579 Verum
459 552 556 580 demus
573 553 624 580 hoc
642 552 678 578 illi
693 573 700 585 ,
717 556 746 579 ut
763 553 905 580 mortalem
922 561 982 580 esse

189 598 308 624 animam
323 597 441 624 deﬁniat.
457 597 517 624 Jam
531 598 647 625 duorum
659 598 774 624 alterum
788 598 852 632 poni
869 606 983 626 necesse

188 647 230 670 est
242 651 249 673 ;
262 648 307 670 aut
324 651 384 670 vere
399 645 594 678 pronuntiasse
611 643 766 677 Dominum,
784 652 847 670 cum
869 644 982 670 immor-

189 688 272 714 talem
285 695 344 714 esse
357 689 476 714 animam
491 688 601 719 docuit,
618 693 645 715 ct
659 689 698 715 sic
708 688 831 715 eamdem
843 688 981 723 corrumpi

188 733 335 760 falsissime
360 733 519 767 przedicari;
545 739 592 760 aut
613 734 686 760 illam
711 738 786 762 certe
809 742 902 761 revera
920 742 982 762 cor-

187 778 296 813 rumpi,
325 779 447 812 adeoque
475 779 656 806 immortalem
687 779 760 806 illam
791 784 872 814 atque
897 781 980 807 exitio

187 828 326 850 carentem
338 832 409 856 esse,
422 832 564 859 perperam
576 824 702 854 docuisse
713 825 869 857 Christum;
883 830 939 852 tum
952 826 979 852 in

187 869 233 895 illa
244 868 337 896 divitis
357 877 388 896 ac
406 870 534 905 pauperis
550 870 665 897 historia
681 870 687 885 ‘
702 879 709 903 ;
723 874 779 896 tum
797 870 823 896 in
837 871 933 903 altera,
952 871 980 898 in

188 923 242 950 qua
255 915 345 943 Moses
357 920 438 951 atque
450 915 523 943 Elias
535 917 662 950 apparuit
672 917 694 943 ¹.
707 917 789 951 Atqui
802 916 870 943 nihil
881 920 984 944 temere

187 959 298 988 locutus
313 966 364 992 est,
381 969 469 996 neque
482 963 613 989 mentitus
623 966 665 989 est
674 961 815 989 Dominus.
828 961 886 989 Non
898 963 982 994 enim,

187 1010 218 1034 ut
230 1007 366 1042 apostolis
378 1008 517 1040 illuderct,
531 1008 612 1035 inane
630 1008 664 1036 iis
675 1008 854 1036 simulacrum
868 1016 900 1036 ac
913 1008 983 1036 ludi-

186 1058 263 1078 cram
284 1053 403 1087 speciem
419 1053 557 1085 ostendit.
581 1061 644 1080 cum
666 1054 693 1080 in
718 1059 812 1080 monte
837 1053 922 1080 Eliam
951 1062 983 1081 ac

188 1097 308 1133 Moysem
323 1099 478 1132 exhibuit';
493 1099 540 1126 sed
562 1100 635 1134 quod
653 1100 743 1135 reipsa
762 1106 841 1127 erant
853 1101 912 1128 sine
927 1102 982 1128 ullo

186 1144 332 1171 mendacio
347 1144 485 1179 patefecit.
509 1143 586 1172 Unde
602 1145 644 1172 vel
664 1144 887 1180 imperitissimus
905 1146 982 1180 quis-

1036 237 1241 274 θεραπεύουσιν,
1257 239 1326 266 ἀλλὰ
1341 240 1387 267 τὸν
1402 242 1552 278 πάσχοντα.

1070 284 1101 310 Εἰ
1116 284 1144 311 δέ
1156 294 1197 316 τις
1211 285 1260 320 τὴν
1275 286 1423 313 ἀνάστασιν
1436 288 1483 314 ἐπὶ
1497 289 1546 324 τῆς
1559 289 1660 326 ψυχῆς,
1675 291 1722 318 καὶ
1735 292 1773 328 μὴ
1783 293 1831 320 ἐπὶ

1033 330 1085 364 τῆς
1099 330 1200 365 σαρκὸς
1216 330 1339 366 βιάζεται
1356 332 1445 367 λέγειν
1464 333 1586 367 ἔσεσθαι,
1604 335 1688 372 πολλὴ
1707 337 1757 372 μὲν
1773 347 1830 373 μω-

1035 375 1082 410 ρία
1102 376 1189 412 τούτῳ
1213 378 1260 404 καὶ
1273 378 1381 413 ἀλογία.
1398 380 1480 414 Λέγει
1496 381 1551 416 γὰρ
1565 381 1575 397 ⁸
1594 382 1697 418 φθορὰν
1711 384 1828 420 πρῶτον,

1034 422 1081 447 καὶ
1096 421 1172 448 λύσιν
1187 422 1232 449 τὸν
1247 424 1365 451 τοιοῦτον
1378 425 1427 460 τῆς
1437 425 1527 461 ψυχῆς
1539 427 1686 461 δεικνύναι,
1699 429 1741 455 ἵνα
1753 430 1828 467 δείξῃ

1033 466 1066 502 δὴ
1081 468 1128 494 καὶ
1142 468 1191 503 τὴν
1201 468 1361 501 ἀνάστασιν,
1380 471 1416 507 μή
1431 480 1472 499 τοι
1489 473 1624 508 ληροῦντά
1637 483 1680 509 γε,
1697 476 1766 503 ἀλλὰ
1778 466 1827 503 ea;

1033 513 1091 558 φῶς
1109 513 1222 548 λέγοντά
1241 524 1268 541 τι
1285 517 1438 550 φαίνεσθαι.
1456 518 1552 554 Ὅμως
1565 520 1631 554 γοῦν
1648 522 1737 549 δοτέον
1750 523 1826 558 αὑτῷ

1033 557 1133 593 θνητὴν
1145 559 1289 594 ὁρίσασθαι
1308 561 1357 597 τὴν
1373 562 1471 598 ψυχήν.
1494 566 1571 591 Δυοῖν
1586 567 1641 601 γάρ
1657 575 1698 594 τοι
1713 557 1825 604 θάτερον

1032 603 1120 649 euocat
1137 604 1238 638 θετέον,
1258 606 1273 641 ἢ
1290 606 1376 642 ἀληθῆ
1394 609 1438 635 τὸν
1454 609 1552 645 Κύριον
1570 612 1761 648 ἀποφήνασθαι

1032 647 1121 684 ψυχὴν
1140 649 1275 677 ἀθάνατον
1299 652 1468 687 διδάσκοντα,
1493 655 1540 681 καὶ
1563 647 1661 690 ψεῦδοξ
1685 658 1770 693 αὐτὴν
1795 647 1826 685 σὺ

1033 693 1192 729 φθείρεσθαι
1215 696 1315 730 λέγειν·
1378 698 1548 735 φθείρεσθαι,
1569 703 1614 728 καὶ
1630 702 1727 736 ψεῦδος
1741 704 1826 740 αὐτὴν

1032 739 1062 765 τὸ
1076 740 1219 777 ἁνόλεθρον
1235 743 1282 769 καὶ
1296 739 1429 772 ἀθάνατον
1448 744 1517 772 εἶναι
1539 747 1675 775 διδάσκειν
1695 751 1740 777 τὸν
1759 739 1826 786 Χρι-

1033 785 1095 812 στὸν
1120 787 1168 812 καὶ
1193 788 1221 814 ὲν
1237 789 1270 824 τῇ
1294 790 1364 816 κατὰ
1378 791 1426 816 τὸν
1445 792 1571 820 πλούσιον
1595 795 1643 821 καὶ
1659 796 1704 822 τὸν
1722 797 1826 832 πένητα.

1032 830 1141 866 φράσει,
1159 833 1206 858 καὶ
1219 833 1248 858 ὲν
1268 835 1300 869 τῇ
1321 834 1392 861 κατὰ
1412 836 1457 862 τὸν
1473 838 1591 865 Μωῡσέα
1606 840 1711 867 καὶτὸν
1731 830 1825 868 Ἠλίαν

996 879 1016 906 Β
1032 876 1159 912 ὀπτασίᾳ.
1188 877 1257 904 Ἀλλ’
1271 878 1346 906 οὐδὲν
1364 880 1379 906 ὁ
1396 880 1498 916 Κύριος
1520 882 1608 915 ἄλλως
1628 885 1788 919 ἐφθέγξατο,
1805 886 1824 922 ἢ

1032 921 1174 956 ἐψεύσατο,
1190 924 1226 950 Οὑ
1240 924 1294 960 γὰρ
1307 926 1416 954 εἴδωλον
1429 928 1445 963 ἢ
1460 928 1614 965 φάντασμα,
1630 931 1693 963 τοὺς
1707 921 1825 958 ἀποστόέ

1031 966 1094 999 λους
1106 967 1266 1004 βουλόμενος
1278 972 1396 1008 ἀπατᾷν,
1409 974 1544 1001 ἐδείκνυεν
1559 976 1650 1008 αὐτοῖς
1664 977 1692 1003 ὲν
1704 977 1742 1013 τῷ
1753 978 1824 1014 ὄρει,

1031 1013 1076 1040 τὸν
1105 1014 1198 1042 Ἠλίαν
1221 1017 1268 1044 καὶ
1290 1018 1335 1045 τὸν
1352 1020 1484 1054 Μωῡσέα,
1500 1021 1557 1048 ἀλλ’
1569 1022 1584 1048 ὃ
1596 1020 1667 1058 ἦσαν
1689 1023 1825 1058 ἁψευδῶς.

1032 1059 1129 1105 inure,
1144 1061 1182 1093 ὡς
1200 1062 1265 1095 ἔπος
1288 1065 1387 1099 εἰπεῖν,
1412 1067 1459 1093 καὶ
1480 1068 1525 1094 τὸν
1539 1068 1758 1104 δυσμαθέστατον
1772 1079 1826 1105 μα-

1035 1102 1091 1129 θεῖν
1101 1104 1236 1134 ἀθάνατον
1250 1108 1332 1136 αὑτὸν
1344 1108 1424 1143 εἶναι,
1443 1112 1490 1138 καὶ
1498 1102 1642 1149 ἀνώλεθρον
1657 1102 1826 1141 διαϐεϐαιοῦ-

1036 1149 1098 1177 σθαι
1116 1151 1164 1187 τὴν
1180 1153 1280 1190 ψυχήν.

184 1199 249 1227 que,
263 1196 294 1218 ut
307 1199 361 1219 uno
386 1192 471 1219 verbo
496 1191 587 1219 dicam
597 1213 605 1225 ,
627 1192 783 1228 intelligere
809 1196 912 1228 potest,
928 1193 1109 1226 immortalem
1124 1200 1158 1226 ab
1174 1200 1244 1236 ipso,
1258 1207 1286 1229 et
1296 1202 1372 1231 exitii
1388 1204 1536 1234 immunem
1551 1207 1669 1235 animam
1680 1216 1740 1237 esse
1753 1217 1824 1237 con-

185 1241 262 1267 ﬁrma
266 1239 288 1266 ri
293 1259 302 1267 .

220 1283 351 1312 XXXVII.
368 1285 499 1320 Corporis
523 1285 616 1321 itaque
645 1286 812 1314 resurrectio
838 1290 892 1321 est,
920 1295 976 1316 non

184 1331 292 1363 animae,
317 1335 347 1358 ut
365 1332 392 1358 in
407 1332 611 1367 corruptionem
629 1332 736 1367 lapsum
757 1332 868 1361 Davidis
883 1334 977 1362 taber-

185 1377 314 1404 naculum
336 1381 462 1412 resurgat
480 1387 487 1409 ;
504 1383 584 1412 atque
598 1378 642 1404 uhi
654 1379 859 1412 consliterit,et
872 1380 978 1407 instau-

184 1428 274 1450 ratum
290 1422 382 1454 l‘uerit.
397 1423 539 1450 sicutdies
551 1423 655 1455 saeculi,
677 1423 835 1452 inviolabile
848 1425 977 1461 deinceps

184 1474 218 1495 ac
229 1468 427 1503 sempiternum
440 1473 609 1504 permaneat.
619 1468 712 1503 Neque
723 1477 788 1497 vero
804 1469 887 1498 Deum
901 1471 977 1498 arbi-

184 1515 252 1542 trari
261 1514 394 1542 debemus
410 1515 544 1550 lapideam
556 1515 625 1542 velle
640 1515 721 1550 560
734 1516 846 1543 domum
867 1516 978 1545 Davidis

183 1566 339 1593 exstruere,
355 1569 445 1596 neque
458 1562 487 1588 in
502 1562 608 1589 cmlcsti
622 1570 707 1598 regno
722 1563 852 1591 eximium
869 1564 980 1599 aliquod

183 1608 353 1635 domicilium
376 1613 548 1636 construere.
569 1607 621 1636 Sed
637 1609 671 1636 de
692 1617 774 1637 carne
796 1611 888 1646 loqui,
906 1611 979 1646 quod

185 1656 284 1682 animae
309 1655 517 1682 tabernaculum
540 1655 688 1690 est.'quod
712 1657 821 1691 quidem
843 1657 900 1685 suis
922 1658 980 1692 ipse

184 1699 311 1727 manibus
324 1701 433 1727 molitus
448 1705 500 1727 est.
517 1699 558 1727 Tu
574 1709 648 1733 vero,
665 1703 868 1737 sapientissime
880 1703 979 1738 Aglao-

183 1745 256 1780 phon
270 1765 277 1776 ,
296 1745 369 1771 hunc
389 1744 422 1770 ad
447 1744 557 1771 modum
584 1745 637 1772 ista
660 1745 815 1773 considera.
836 1745 978 1774 Facillime

182 1791 255 1818 enim
282 1790 327 1817 illa
343 1791 435 1817 animo
456 1792 612 1825 perceperis
623 1811 630 1822 .
651 1792 674 1819 si
691 1792 724 1818 ad
741 1792 934 1820 dormientiqu
950 1798 977 1820 et

182 1836 432 1871 expergiscentium
461 1836 669 1864 similitudinem
699 1838 829 1865 attendis.
857 1838 924 1864 Nam
953 1839 976 1866 si

183 1889 297 1909 somnus
311 1882 427 1917 \igiliam
438 1883 571 1917 sequitur,
585 1887 612 1910 et
625 1891 751 1911 somnum
764 1885 974 1920 expergefai-xio,

183 1929 267 1963 idque
283 1929 496 1956 resurrectionis
517 1936 550 1956 ac
562 1932 657 1958 mortis
681 1934 722 1958 est
738 1932 872 1959 nonnulla
888 1934 975 1960 ιιιιτιΙί-

182 1975 248 2002 tatio
262 1983 269 2002 :
286 1975 387 2010 quippe

337 2020 371 2046 Et
387 2029 479 2048 somno
494 2026 518 2048 et
534 2021 613 2048 morti
626 2022 747 2055 geminis,

181 2066 295 2101 perinde
311 2067 498 2094 necessarium
513 2073 566 2099 est,
585 2072 613 2094 ut
625 2073 651 2095 et
667 2068 829 2097 reviviscere
841 2075 927 2097 morte
940 2071 974 2098 sit

181 2113 329 2148 posterius,
343 2116 373 2139 ut
384 2114 510 2148 corporis
523 2114 574 2141 vita
592 2115 733 2146 succedat,
747 2123 808 2142 cum
821 2121 848 2143 et
859 2118 972 2144 excitari

178 2167 195 2187 c
205 2160 406 2188 dormientibus
418 2161 553 2195 quispiam
565 2161 682 2189 dicatur.
695 2161 801 2189 Etenim
812 2167 841 2190 ut
852 2172 867 2190 e
875 2172 972 2191 somno

178 2205 270 2239 vigilia
282 2205 417 2240 sequitur,
430 2210 457 2232 et
469 2206 515 2240 qui
528 2205 628 2234 dormit
643 2215 696 2234 non
709 2207 736 2234 in
749 2207 844 2235 eodem
858 2209 971 2236 omnino

179 2250 276 2277 habitu
300 2250 441 2284 persistit.
457 2256 486 2277 ut
500 2250 609 2278 assidue
624 2251 760 2286 dormiat;
784 2253 832 2279 sed
856 2254 972 2281 subinde

178 2294 388 2329 consurgit-,ita
407 2298 435 2321 et
453 2303 484 2321 ex
513 2299 600 2322 morte
624 2296 679 2323 vita
699 2303 900 2332 consequetur;
922 2307 972 2327 nec

178 2339 291 2367 omnino
300 2339 347 2374 qui
355 2345 482 2367 mortuus
492 2345 534 2368 est
545 2345 606 2375 post
616 2346 730 2370 mortem
740 2343 834 2370 eodem
851 2344 878 2371 in
897 2349 968 2372 statu

177 2390 344 2419 perseverat.
357 2386 425 2413 Cum
436 2386 508 2413 enim
521 2392 582 2421 post
595 2395 720 2415 somnum
732 2389 824 2424 vigilia
834 2391 968 2422 succedit.

176 2435 204 2458 et
219 2434 281 2465 post
296 2431 401 2466 lapsum
417 2433 555 2467 excitatio,
574 2438 601 2460 et
618 2439 679 2468 post
699 2434 903 2463 demolitionem
927 2437 970 2464 ia-

177 2477 320 2509 stauratio,
330 2474 423 2505 'nonne
438 2483 465 2506 et
480 2480 513 2506 ab
527 2487 570 2513 eo,
584 2479 657 2514 quod
670 2479 824 2512 inclinavit.
840 2482 968 2515 quodque

176 2525 315 2548 mortuum
342 2526 395 2554 est,
420 2524 605 2558 exspectanda
636 2523 804 2551 resurrectio
829 2525 887 2552 est?
908 2525 966 2552 Non

174 2566 246 2592 enim
260 2566 316 2593 haec
326 2574 376 2594 nos
387 2567 489 2595 frustra
500 2568 673 2600 conﬁtemur,
686 2572 866 2604 posteaquam
877 2578 967 2597 emor-

175 2615 222 2637 tua
238 2618 354 2647 corpora
375 2617 457 2646 sunt,
478 2615 569 2642 denuo
587 2614 761 2642 reviviscere.
781 2614 859 2648 Quod
877 2616 965 2650 ipsum

175 2663 228 2682 non
254 2656 282 2683 in
304 2664 401 2685 somno
420 2659 520 2690 solum,
543 2663 571 2687 et
596 2659 846 2695 expergefactione,
868 2661 915 2688 sed
936 2661 964 2688 in

174 2702 326 2731 seminibus
349 2711 382 2731 ac
403 2704 533 2740 stirpibus
548 2706 666 2737 intuere,
680 2705 705 2732 si
725 2705 811 2738 lubet,
833 2708 965 2741 quemad-

173 2748 285 2775 modum
309 2751 538 2779 resurrectionem
560 2751 618 2778 haee
638 2752 728 2779 omnia
752 2752 900 2787 praedicare
924 2754 964 2781 vi-

208 2847 218 2865 ‘
232 2848 297 2877 Luc.
311 2858 367 2885 xvr,
385 2851 418 2879 l9
431 2859 490 2888 sqq.
529 2853 539 2868 ³
554 2851 649 2880 Matth.
663 2860 728 2885 xvu,
746 2852 758 2879 1
776 2858 837 2886 sqq.
876 2851 885 2867 ³
896 2852 962 2881 ibid.

1064 1289 1125 1317 AZ’.
1144 1290 1248 1318 Οὐκοῦν
1265 1294 1397 1329 σαρκὸςὴ
1413 1294 1562 1328 ἀνάστασις
1582 1297 1698 1331 γίνεται,
1721 1299 1752 1326 οὒ
1771 1299 1825 1335 ψυ-

1029 1335 1090 1381 χῆς,
1112 1335 1186 1368 ὅπως
1212 1337 1228 1372 ὴ
1253 1341 1414 1366 πεπτωκυία
1437 1341 1484 1367 τοῦ
1504 1342 1586 1369 Δαῦὶδ
1602 1345 1643 1376 εις
1656 1345 1705 1381 τὴν
1719 1345 1824 1381 φθορὰν

1029 1380 1134 1415 ἀναστῇ
1156 1382 1254 1417 σκηνὴ,
1275 1383 1323 1410 καὶ
1338 1384 1490 1417 ἀναστᾶσα,
1507 1388 1553 1413 καὶ
1567 1380 1822 1425 ἀνοικοδομηθεῖγσα,

1029 1425 1122 1458 καθὼς
1138 1427 1166 1453 αἰ
1190 1428 1291 1464 ἡμέραι
1313 1430 1360 1458 τοῦ
1384 1431 1492 1464 αἰῶνος.
1517 1434 1636 1470 ἀπήμων
1659 1436 1751 1464 λοιπὸν
1774 1438 1823 1465 καὶ

1030 1472 1197 1519 ἀδιάπτωτος
1209 1474 1340 1510 διαμένοι.
1359 1477 1419 1504 ’Ότι
1432 1479 1469 1514 μὴ
1481 1479 1519 1514 τῷ
1531 1480 1590 1516 Θεῷ
1602 1482 1652 1517 τὴν
1662 1482 1767 1519 λιθίνην
1779 1486 1822 1512 oi-
1860 1488 1866 1497 ‘

992 1505 1015 1536 οι
1030 1518 1092 1567 κξαν
1110 1505 1261 1554 δείμασθαι,
1271 1522 1318 1549 τοῦ
1338 1505 1438 1556 Δαδιδ,¹

1029 1564 1083 1612 τῶν
1105 1565 1228 1601 οὺρανῶν
1251 1568 1339 1595 οἰκίαν
1357 1572 1407 1606 σχῇ
1428 1571 1523 1607 καλὴν,
1541 1573 1608 1600 ἀλλὰ
1623 1574 1672 1610 τὴν
1689 1564 1777 1612 σάρκα
1791 1564 1822 1603 ei

1030 1610 1129 1645 σκῆνος
1143 1612 1193 1646 τῆς
1209 1611 1307 1648 ψυχῆς,
1327 1614 1361 1650 ἢν
1380 1617 1461 1648 αὐτὸς
1475 1619 1534 1649 ταῖς
1550 1619 1646 1646 ἑαυτοῦ
1658 1610 1752 1656 χερσὶν
1763 1623 1822 1649 ἐτε-

1029 1657 1157 1692 κτήνατο.
1174 1658 1340 1686 Σκοπεῖσθαι
1358 1661 1386 1687 δέ
1404 1670 1444 1695 σε,
1458 1660 1480 1689 ὧ
1492 1664 1630 1698 σοφώτατε
1650 1667 1820 1703 Ἀγλαοφῶν.

1013 1702 1128 1748 Χορτωσὶ
1142 1704 1204 1739 χρή.
1219 1705 1330 1737 Πάντως
1343 1706 1371 1732 δὲ
1391 1708 1476 1742 ῥᾷστα
1491 1709 1601 1748 μαθήσῃ
1615 1712 1703 1744 τοῦτο,
1715 1702 1761 1740 ἐὰν
1773 1713 1821 1740 ἐπὶ

1028 1747 1078 1781 τὴν
1101 1748 1148 1774 τοῦ
1171 1749 1313 1777 καθεύδειν
1330 1752 1422 1779 εἰκόνα
1439 1755 1561 1791 πρόσχῃς
1581 1757 1627 1784 καὶ
1647 1757 1818 1786 ἀνίστασθαι.

1029 1791 1060 1817 ΕΞ
1080 1792 1134 1827 γὰρ
1151 1793 1181 1820 τὸ
1195 1794 1296 1821 ὑπνοῦν
1311 1797 1365 1823 ἀπὸ
1385 1797 1430 1824 τοῦ
1446 1799 1638 1836 ἐγρηγορέναι,
1654 1802 1701 1829 κα)⁵
1724 1804 1753 1830 τὺ
1772 1805 1820 1830 ἁν-

1029 1838 1155 1865 ιστασθαι
1177 1840 1231 1867 ἀπὸ
1243 1841 1291 1867 τοῦ
1307 1843 1447 1871 καθεύδειν
1463 1845 1578 1879 γίνεται,
1595 1849 1642 1875 καὶ
1658 1848 1736 1876 τοῦτο
1753 1850 1819 1876 ἀνα-

1028 1886 1150 1919 στάσεως
1165 1889 1213 1914 καὶ
1227 1889 1342 1916 θανάτου
1362 1892 1471 1927 μελέτη

1107 2022 1205 2054 Ὕπνῳ
1219 2023 1275 2057 γὰρ
1290 2023 1339 2050 καὶ
1355 2024 1471 2058 θανάτῳ
1483 2025 1593 2060 δίδυμα
1602 2023 1646 2053 ὧν
1657 2026 1691 2054 ἓν
1708 2027 1719 2043 ³

1026 2067 1133 2103 ἀνάγκη
1148 2068 1179 2104 δὴ
1197 2069 1244 2095 καὶ
1259 2069 1290 2095 τὸ
1306 2070 1525 2098 ἁναϐιώσχεσθαι
1553 2070 1622 2098 εἷναι
1650 2073 1683 2099 ὲκ
1708 2072 1756 2099 τοῦ
1771 2082 1818 2100 τε-

1026 2112 1131 2146 θνάναι,
1155 2115 1194 2146 εἰς
1210 2115 1240 2142 τὸ
1265 2114 1315 2151 ζῇν
1333 2116 1382 2152 τὴν
1396 2117 1495 2152 σάρκα,
1511 2118 1591 2153 εἴπερ
1605 2119 1652 2145 καὶ
1667 2119 1698 2145 τὸ
1711 2119 1817 2154 ἀνεγεί-

1027 2159 1120 2193 ρεσθαι
1136 2161 1168 2186 ὲκ
1184 2161 1238 2187 τῶν
1258 2156 1453 2189 καθευδόντων.
1472 2164 1517 2195 Ὠς
1532 2164 1586 2199 γὰρ
1602 2166 1634 2191 ὲκ
1650 2165 1697 2191 τοῦ
1715 2165 1816 2192 καθεύ-

1023 2205 1079 2231 δειν
1092 2205 1122 2232 τὸ
1135 2206 1315 2242 ἐγρηγορέναι
1328 2208 1443 2242 γίνεται,
1459 2210 1507 2236 καὶ
1520 2210 1551 2236 οὐ
1566 2210 1675 2242 πάντως
1686 2213 1700 2238 ὁ
1714 2211 1816 2239 καθεύ-

1022 2251 1075 2277 δων
1092 2253 1121 2278 ὲν
1144 2252 1182 2288 τῷ
1205 2253 1278 2288 αὑτῷ
1297 2254 1417 2289 διαμένει
1443 2256 1562 2291 σχήματι
1591 2257 1633 2283 ἀεὶ
1664 2257 1813 2291 καθεύδων,

1022 2297 1091 2323 ἀλλὰ
1102 2296 1180 2330 αὖθις
1194 2299 1347 2326 ἀνίσταται·
1367 2300 1454 2333 οὕτως
1472 2302 1519 2328 καὶ
1532 2302 1562 2328 τὸ
1578 2303 1628 2338 ζῇν
1641 2304 1674 2330 ἐχ
1685 2304 1732 2330 τοῦ
1745 2305 1814 2331 ἀπο-

1023 2342 1114 2369 θανεῖν
1129 2345 1307 2380 συμῦήσεται,
1323 2347 1370 2373 καὶ
1380 2347 1410 2373 οὺ
1422 2347 1530 2380 πάντως
1544 2349 1558 2374 ὁ
1571 2348 1725 2381 ἀποθανὼν,
1738 2351 1813 2377 ἐπει-

1022 2388 1069 2414 δὰν
1086 2390 1226 2422 ἀποθάνοι,
1246 2391 1275 2417 ἐν
1285 2391 1324 2427 τῷ
1337 2393 1409 2428 αὐτῷ
1421 2393 1508 2429 μένει,
1527 2395 1557 2421 Εἰ
1571 2394 1625 2430 γὰρ
1642 2396 1674 2422 ὲκ
1687 2395 1733 2422 τοῦ
1753 2405 1811 2422 κοι-

1023 2435 1126 2470 μᾶσθαι
1148 2437 1179 2463 τὸ
1206 2437 1395 2474 ἐγρηγορέναι,
1416 2441 1463 2467 καὶ
1480 2442 1511 2467 ἐκ
1530 2441 1577 2468 τοῦ
1597 2443 1690 2468 πεσεῖν
1705 2442 1735 2468 τὸ
1763 2443 1811 2469 ἁν-

1023 2481 1180 2516 εγερθῆναι,
1199 2483 1246 2509 καὶ
1263 2484 1295 2510 ὲκ
1311 2485 1357 2511 τοῦ
1371 2486 1573 2522 καταδληθῆναι
1585 2487 1616 2514 τὸ
1628 2488 1807 2524 ἀνοικοδομη-

1020 2526 1109 2562 θῆναι·
1127 2528 1168 2560 τίς
1191 2531 1299 2565 μηχανὴ
1323 2532 1370 2558 καὶ
1395 2532 1428 2559 ἐκ
1452 2532 1500 2560 τοῦ
1525 2533 1662 2565 κλιθέντος
1687 2534 1724 2570 μὴ
1746 2534 1808 2570 οὐχὶ

1020 2573 1172 2609 προσδοκᾷν
1187 2575 1216 2601 τὸ
1229 2575 1438 2612 ἀναστήσεσθαι,
1455 2579 1502 2605 καὶ
1515 2580 1547 2605 ὲκ
1561 2579 1688 2612 θανόντος
1700 2581 1731 2606 τὺ
1745 2581 1806 2607 ἀνα-

1020 2619 1185 2654 στήσεσθαι;
1204 2621 1258 2648 Καὶ
1270 2622 1324 2658 γὰρ
1341 2624 1422 2659 ἡμεῖς
1438 2624 1523 2651 ταῦτα
1537 2625 1586 2652 οὐκ
1599 2625 1806 2661 ἐξαπατώμενοι.

1018 2664 1214 2700 ὁμολογοῦμεν,
1236 2668 1269 2694 ὲκ
1289 2667 1344 2695 τῶν
1370 2669 1524 2696 τεθνεώτων
1549 2671 1683 2705 σωμάτων
1696 2671 1726 2698 τὺ
1741 2672 1807 2698 ἀνα-

1017 2709 1182 2746 ϐιώσκεσθαι
1197 2713 1367 2748 συμϐαίνειν.
1383 2716 1439 2742 Καὶ
1453 2716 1490 2752 μὴ
1505 2716 1583 2752 μόνον
1596 2717 1686 2750 τοῦτο,
1704 2719 1729 2745 εἰ
1745 2719 1806 2753 βού-

1017 2756 1069 2789 λει,
1083 2757 1137 2784 ἀπὸ
1150 2758 1197 2785 τοῦ
1211 2761 1352 2788 καθεύδειν
1363 2763 1470 2796 σκόπει,
1490 2765 1537 2790 καὶ
1552 2765 1722 2798 ἀνίστασθαι,
1737 2765 1804 2792 ἀλλὰ

1001 2857 1012 2872 ⁸
1029 2858 1092 2888 Cor.
1121 2863 1166 2888 Δεῖ
1178 2863 1242 2899 γάρ.
1281 2864 1291 2880 ³
1310 2865 1371 2892 Cor.
1407 2865 1572 2902 διδυμάοσιν.
1587 2866 1697 2895 Homeri
1710 2868 1748 2896 ll.
