1958 3050
139 175 209 204 I129

500 172 684 202 ADVERSUS
702 171 871 201 "IERESES
889 171 952 199 LIB.
972 171 1004 198 ll.
1025 170 1108 199 TOH.
1128 171 1194 200 I.—-
1213 171 1349 201 HERES.
1368 172 1461 200 LXIV.

1691 174 1760 203 “30

138 234 187 261 καὶ
209 232 263 260 ἀπὸ
283 232 339 259 τῶν
364 232 530 268 σπερμάτων
546 233 594 259 καὶ
611 233 714 267 φυτῶν,
737 232 775 263 ὡς
795 233 824 258 ὲν
844 231 926 258 πᾶσιν

979 230 1104 258 deantur.
1123 231 1220 267 Aspice
1235 232 1348 264 semina,
1362 240 1422 268 quae
1439 231 1510 260 nuda
1531 239 1561 258 ac
1578 239 1659 260 carne
1678 233 1762 260 desti-

137 280 230 310 αὐτοῖς
253 280 269 314 ἡ
292 278 442 311 ἀνάστασις
462 279 685 314 καταγγέλλεται.
705 277 855 313 Κατάμαθε
875 277 929 313 γὰρ

138 326 174 352 τά
188 325 344 360 σπέρματα,
364 325 424 356 πῶς
439 324 542 360 γυμνὰ,
563 324 659 360 φησὶί,
675 324 723 351 καὶ
738 324 847 359 άσαρκα
865 323 930 359 βάλ-

140 371 216 397 λεται
233 371 273 402 είς
288 370 338 406 τὴν
350 369 414 404 γῆν,
427 370 474 398 καὶ
487 367 726 404 τελεσφορούμενα
738 368 819 395 πάλιν
835 367 929 394 ἀποδί-

138 415 223 441 δοται.
248 415 324 441 Ἐπεὶ
343 415 369 441 εὶ
390 414 501 450 θνήσκοι
519 414 569 450 μὲν
586 414 633 441 καὶ
654 414 766 449 σήποιτο
780 413 815 439 τὰ
846 413 930 448 σπέρ-

142 470 226 496 ματα,
249 461 282 487 ὲκ
301 460 331 489 δὲ
351 460 405 488 τῶν
420 460 586 496 σπερμάτων
602 459 700 495 μηκέτι
716 459 746 485 τὸ
762 459 864 494 ἀναζῇν
883 459 930 485 καὶ

140 507 218 541 φύειν
230 507 348 541 γένοιτο·
361 505 403 538 τίς
413 507 430 542 ἡ
440 506 632 541 ἀποκλήρωσις
645 504 682 541 μὴ
692 505 752 540 οὐχὶ
764 504 852 531 πάντα
865 513 930 531 κατ-

139 553 312 588 αναλωθῆναι
327 554 367 585 είς
382 553 413 579 τὸ
425 552 566 584 τεθνάναι;

177 601 242 627 AH'.
262 599 342 626 Ἀλλὰ
357 598 411 634 γὰρ
427 599 491 633 περ)¹
503 598 606 625 τούτων
623 597 709 625 πλείω
721 597 810 631 λέγειν
823 596 857 624 τὰ
870 596 929 628 νῦν,

139 643 165 674 ὦ
180 646 308 682 κράτιστε
321 644 445 679 Θεόφιλε,
458 644 629 680 παρήσομεν,
642 644 690 670 καὶ
701 644 726 671 οἱ
740 643 828 670 λοιποὶ
839 643 930 679 κριταὶ

141 693 197 719 τῶν
214 693 311 726 λόγων.
328 691 462 726 Λάὃωμεν
475 690 504 717 δὲ
517 690 564 716 καὶ
578 689 612 716 τά
625 689 731 721 τούτοις
746 689 844 724 ἑφεξῆς
863 689 928 715 ἀκό-

141 738 235 770 λουθα,
253 737 291 768 ὡς
304 735 443 771 ἀφέστηκε
466 734 513 761 τοῦ
528 734 633 766 δέοντος
648 734 756 769 μακράν
767 734 788 760 ¹.
816 733 845 759 Ὀ
864 731 930 763 Θεὸς

141 784 197 820 γάρ
218 782 293 818 αὐτῷ
313 781 392 808 πάλιν
416 780 500 812 αὑτὰς
519 781 571 812 τὰς
589 779 678 815 ψυχὰς
695 780 724 806 ὲν
744 780 777 814 τῇ
797 777 868 805 κατὰ
884 778 930 804 τὸν

139 828 287 865 ἑξηκοστὸν
300 827 406 863 ψαλμὸν
419 826 574 862 προφητείᾳ
585 827 632 853 καὶ
650 825 773 861 πέμπτον
786 824 930 860 βεϐιασμέ-

142 885 195 907 νως
209 874 293 910 αὐτὴν
309 873 356 900 καὶ
376 872 517 904 ἀνοικείως
540 870 716 906 ὲκτιθεμένῳ,
734 870 773 902 ὥς
787 878 865 905 φησι,
880 869 930 905 τὴν

142 922 290 957 ἀνάστασιν
305 920 350 947 ἐπὶ
362 919 443 955 μόνον
455 918 502 945 τοῦ
513 918 598 950 εἴδους
611 917 744 950 σώζεσθαι
758 917 799 943 δεῖ
812 916 926 952 προσδο-

143 968 204 1002 κᾷν.
221 966 276 994 Καὶ
291 966 335 992 ἶνα
354 965 391 1001 μὴ
413 964 504 1000 εἴπῃς,
525 964 567 991 ὅτι
589 964 638 991 οὐκ
661 963 704 989 ἀεὶ
716 962 772 997 (II)
796 962 925 998 μανθάνει

143 1012 297 1044 σκοτεινῶς
313 1012 415 1042 ἐκεῖνος
431 1011 485 1046 γὰρ
498 1010 578 1037 τοῦτο
595 1009 726 1036 διέλαϐεν·
752 1008 821 1043 Ἐγὼ
835 1008 863 1035 δέ
885 1017 926 1035 σοι

143 1058 310 1093 σαφέστερον
328 1054 380 1084 ὦδε
392 1057 437 1084 τὸν
453 1056 515 1084 νοῦν
539 1055 633 1082 τοῦτον
652 1055 832 1091 ἐξηγήσομαι.
857 1055 926 1090 Ἤδη

142 1105 196 1141 γὰρ
212 1105 320 1135 πάντως
334 1103 458 1140 ἑώρακας
468 1103 556 1138 δέρμα
568 1101 649 1134 ζώου,
665 1101 681 1137 ἢ
696 1101 759 1129 ἀλλο
770 1110 795 1128 τι
808 1100 927 1127 τοιοῦτον

142 1150 273 1185 γεμισθὲν
287 1149 390 1181 ὓδατος,
408 1150 491 1181 ὅπως,
506 1148 554 1175 ὲὰν
568 1147 638 1184 πρὸς
649 1147 740 1182 ὀλίγον
754 1146 925 1183 κενούμενον,

143 1197 210 1232 πρὸς
222 1196 311 1230 ὀλίγον
327 1196 465 1232 πληροῖτο,
482 1195 526 1221 ἀεὶ
537 1194 568 1221 τὸ
581 1192 650 1226 εἶδος
660 1193 691 1220 τὸ
702 1193 767 1220 αὐτὸ
780 1193 925 1220 δείκνυσιν.

141 1230 205 1269 Οίον
216 1241 270 1276 γάρ
282 1242 317 1268 ἃν
366 1241 396 1267 τὸ
402 1230 547 1276 περιέχον,
560 1239 666 1274 ἀνάγκη
680 1239 750 1276 πρὸς
761 1238 827 1265 αὺτδ
839 1238 886 1265 καὶ
897 1239 928 1265 τὸ

141 1289 217 1320 ἐντὸς
232 1287 456 1323 σχηματίζεσθαι.
468 1287 537 1322 Φέρε
547 1286 600 1323 γὰρ
612 1285 792 1321 ὑπεκρέοντος
805 1285 852 1312 τοῦ
866 1284 928 1312 ὕδα-

142 1343 198 1366 τος,
219 1334 245 1360 εί
262 1342 303 1365 τις
318 1333 482 1369 προσϐάλλει
497 1332 632 1366 τοσοῦτον,
653 1333 715 1359 ὅσον
736 1332 866 1367 ἐκχεῖται,
890 1331 928 1367 μὴ

143 1380 195 1406 ἐῶν
212 1379 256 1406 τὸν
272 1379 355 1406 ἀσκὸν
368 1379 474 1414 ἀθρόως
489 1378 640 1414 κενωθῆναι
654 1377 701 1405 τοῦ
720 1377 826 1410 ὓδατος,
846 1378 871 1404 εί
890 1377 927 1413 μὴ

143 1427 249 1461 ἀνάγκη
262 1425 367 1452 τοιοῦτο
379 1424 522 1459 φαίνεσθαι
538 1424 568 1451 τὸ
582 1424 802 1461 προστιθέμενον,
814 1421 869 1450 οἷον
880 1423 928 1450 καὶ

142 1472 172 1498 τὸ
186 1473 252 1505 πᾶν,
271 1471 314 1498 διὰ
329 1471 360 1498 τὸ
377 1470 446 1498 εἶναι
458 1471 506 1498 καὶ
519 1470 550 1497 τδ
563 1471 690 1507 περιέχον
703 1470 734 1497 τὸ
747 1470 813 1497 αὐτὸ
824 1470 834 1486 ³
850 1478 928 1505 περι-

142 1518 209 1551 θεὶς,
229 1519 271 1554 ῥεῖ
282 1518 330 1545 καὶ
345 1518 462 1554 ἀπορρεῖ
479 1517 509 1544 τὸ
528 1517 609 1553 ὕδωρ.

177 1609 232 1635 Καὶ
241 1608 273 1643 δὴ
292 1608 339 1634 καὶ
352 1607 383 1634 τὸ
401 1607 480 1643 σῶμα
499 1607 602 1639 τούτοις
618 1608 632 1634 ὁ
651 1607 750 1633 ἐθέλων
768 1606 927 1638 ἀπεικάζειν

141 1654 192 1680 οὐκ
218 1653 414 1688 αἰδεσθήσεται.
447 1652 583 1685 Ὡσαύτως
609 1651 663 1688 γὰρ
676 1652 722 1679 καὶ
747 1652 781 1679 τά
803 1652 856 1679 ἀπὺ
878 1651 929 1686 τῆς

142 1700 244 1736 τροφῆς
260 1699 474 1734 ἁντεισαγόμενα
487 1699 547 1725 ἀντὶ
570 1698 624 1725 τῶν
638 1698 841 1732 ὑπεξεωθεισῶν
866 1707 929 1733 σαρ-

143 1745 199 1772 κῶν
214 1745 254 1777 είς
270 1744 300 1771 τὸ
321 1744 413 1779 σχῆμα
436 1743 482 1770 τοῦ
507 1743 678 1780 περιέχοντος
700 1743 786 1775 εἴδους
812 1744 929 1779 μεταϐα-

142 1790 261 1817 λοῦνται.
282 1789 337 1816 Καὶ
355 1789 452 1816 ὁπόσον
473 1789 523 1824 μὲν
542 1789 575 1816 ἂν
598 1789 668 1816 κατά
689 1789 752 1821 τοὺς
773 1789 929 1824 ὀφθαλμοὺς

142 1836 267 1872 διαχυθῇ,
287 1837 344 1868 τοῖς
359 1835 508 1870 ὀφθαλμοῖς
531 1835 631 1862 ἔοικεν·
647 1835 744 1862 ὁπόσον
766 1835 795 1862 δὲ
813 1835 883 1862 κατά
899 1835 929 1862 τὸ

122 1889 129 1897 ‘
143 1882 297 1917 πρόσωπον,
310 1880 348 1916 τῷ
372 1880 526 1917 προσώπῳ·
541 1880 639 1907 ὁπόσον
655 1880 683 1907 δὲ
699 1880 769 1907 κατά
789 1880 822 1907 τὰ
836 1880 927 1916 ἔτερα,

143 1927 257 1959 τούτοις.
275 1928 356 1954 ’Ὥστε
369 1928 413 1954 τὸν
428 1926 509 1954 αὑτὸν
526 1927 640 1954 ἕκαστον
653 1926 805 1960 φαίνεσθαι,
819 1927 868 1953 οὐκ
882 1927 928 1954 οὺ-

143 1973 198 2000 σῶν
209 1973 262 1999 τῶν
277 1972 385 2009 σαρκῶν
398 1973 427 1999 ὲν
439 1972 528 2008 ταυτῷ
541 1972 594 1999 τῶν
607 1972 722 2007 πρώτων
731 1972 927 2008 ὑποκειμένων,

143 2018 211 2045 ἀλλὰ
227 2018 273 2046 τοῦ
286 2019 381 2050 εἴδους,
393 2018 459 2046 καθὸ
471 2018 665 2046 είδοποιοῠνται
674 2018 708 2046 τὰ
718 2019 927 2054 προσ-γινόμενα.

145 2065 200 2091 Καὶ
213 2064 301 2091 τοίνυν
322 2065 346 2091 εί
374 2065 409 2099 μή
427 2066 509 2099 ἐσμεν
532 2065 556 2090 οἱ
581 2064 667 2096 αὐτοὶ,
687 2064 739 2091 κᾶν
766 2065 814 2091 ἐπὶ
835 2064 929 2098 ὀλίγας

145 2110 266 2145 ἡμέρας,
280 2110 319 2145 τῷ
338 2109 454 2145 σώματι,
476 2109 543 2136 ἀλλὰ
562 2110 601 2145 τῷ
623 2110 689 2136 εῖδει
712 2110 741 2136 ὲν
763 2110 801 2144 τῷ
823 2109 927 2145 σώματι

145 2154 234 2190 (τοῦτο
247 2155 301 2191 γὰρ
315 2154 393 2190 μόνον
407 2155 521 2190 ἕστηκεν
534 2154 588 2184 ἀπὸ
603 2155 748 2189 γενέσεως)
758 2164 764 2170 ·
777 2155 866 2190 πολλῴ
881 2153 927 2182 οὖν

144 2201 246 2236 μᾶλλον
265 2200 324 2227 οὐδὲ
352 2201 411 2227 τότε
430 2200 454 2227 οἱ
474 2201 550 2227 αὐτοὶ
567 2200 636 2236 μετά
658 2201 707 2236 τὴν
728 2200 812 2236 αὐτὴν
839 2201 928 2235 σάρκα

978 280 1035 304 tuta
1056 280 1135 304 terra:
1153 277 1326 310 mandantur,
1343 277 1442 305 dehinc
1456 277 1576 312 perfecta
1591 284 1762 305 Consumma-

979 326 1061 356 taque
1084 322 1246 350 redduntur.
1269 322 1337 350 Nam
1357 323 1380 351 si
1408 327 1578 350 morerentur
1597 323 1706 358 quidem
1730 331 1761 350 ac

979 371 1168 402 putrescerent
1189 369 1312 398 semina.
1327 376 1377 396 nec
1390 376 1422 395 ex
1440 369 1483 396 his
1502 368 1650 404 quidquam
1667 370 1762 396 revivi-

979 418 1066 441 sceret
1076 421 1108 440 ac
1121 414 1265 448 pullularet
1276 414 1364 447 aliud;
1376 422 1436 450 qua:
1447 423 1507 442 sors
1520 420 1592 442 esset
1603 415 1656 442 alia
1671 423 1760 442 rerum

979 462 1060 493 atque
1083 459 1214 492 conditio,
1233 467 1314 496 quam
1335 466 1364 487 ut
1380 460 1471 487 omnia
1495 465 1582 488 morte
1599 465 1761 496 consumpta

978 507 1086 538 penitus
1102 505 1275 533 occiderent?

1014 593 1156 622 XXXVIII.
1177 593 1229 622 Sed
1245 594 1279 622 de
1296 595 1337 622 his
1354 595 1477 630 pluribus
1493 596 1643 632 disputare,
1661 597 1763 633 optime

979 639 1140 676 Theophile,
1151 649 1253 676 vosque
1262 642 1351 669 caeteri
1360 650 1515 670 sermonum
1527 651 1680 671 nostrorum
1692 645 1764 672 arhi—

982 687 1028 719 tri,
1055 687 1083 714 in
1109 689 1252 722 prmsentia
1280 689 1527 723 supersedebimus.
1555 690 1620 723 Quae
1645 699 1707 718 vero
1728 695 1762 719 iis

981 735 1166 761 consentanea
1177 739 1209 759 ac
1220 733 1415 768 consequentia
1427 737 1501 767 sunt,
1514 735 1649 769 quomodo
1660 736 1763 764 scilicet

980 777 1074 812 procul
1089 777 1123 804 ab
1135 785 1221 813 scopo
1236 779 1387 811 aberrarit,
1401 779 1531 816 deinceps
1550 781 1699 810 videamus.
1714 781 1763 809 Et-

979 823 1053 850 enim
1077 823 1122 851 ille
1142 823 1175 851 de
1198 824 1299 852 animis
1321 824 1461 854 disserens
1480 827 1512 854 ad
1540 827 1673 862 psalmum
1700 836 1762 862 ιη,

981 875 1062 903 quem
1086 869 1205 897 violenta
1230 870 1348 905 quadam
1374 871 1596 906 interpretatione
1622 867 1763 908 alienaque.

944 907 964 934 Β
978 915 1107 947 declarat.
1117 915 1367 950 Resurrectionem,
1377 917 1475 953 inquit,
1482 918 1532 946 soli
1542 919 1660 947 hominis
1670 907 1763 948 forum:

977 962 1124 989 convenire
1137 962 1287 997 putandum
1301 967 1353 991 est.
1365 963 1404 991 Ac
1416 972 1450 991 ne
1463 964 1529 992 illud
1543 965 1658 994 fortasse
1670 967 1760 999 dicas.

975 1008 1094 1035 obscure
1107 1007 1185 1043 561
1202 1007 1285 1035 islum
1302 1009 1432 1037 discenda
1448 1010 1492 1037 illa
1511 1012 1696 1046 proposuisse,
1712 1013 1763 1040 hoc

978 1053 1066 1088 ipsum
1080 1053 1126 1081 ille
1139 1054 1298 1089 disputavit.
1313 1054 1369 1090 Ego
1383 1062 1450 1083 vero
1465 1056 1566 1084 clarius
1577 1057 1685 1085 illorum
1699 1066 1759 1086 rer—

977 1098 1074 1126 borum
1085 1107 1196 1127 sensum
1207 1100 1280 1128 hunc
1288 1100 1315 1129 in
1324 1100 1433 1128 modum
1441 1103 1578 1136 aperiam:
1590 1102 1697 1135 Vidisti.
1708 1107 1764 1141 opi-

977 1152 1038 1176 nor,
1057 1145 1204 1180 aliquando
1217 1146 1312 1181 pellem
1326 1147 1462 1179 animalis.
1483 1149 1625 1178 autsimile
1634 1151 1761 1186 quiddam

977 1198 1047 1226 aqua
1055 1192 1198 1227 repletum.
1210 1191 1267 1219 Hoc
1275 1193 1297 1220 si
1310 1193 1437 1228 paulatim
1450 1194 1617 1223 exinanitum
1633 1197 1761 1232 paulatim

977 1236 1132 1272 impleatur,
1145 1237 1267 1266 eamdem
1281 1243 1411 1274 perpetuo
1421 1239 1537 1268 fortnam
1547 1242 1656 1270 retinet.
1669 1243 1763 1279 Cujus-

977 1282 1049 1310 modi
1063 1283 1137 1310 enim
1149 1287 1192 1311 est
1203 1283 1230 1310 id
1243 1284 1315 1319 quod
1327 1285 1460 1317 continet,
1475 1294 1588 1315 necesse
1599 1293 1642 1316 est
1651 1289 1675 1316 ei
1689 1291 1761 1324 quod

979 1328 1054 1355 intus
1071 1333 1114 1356 est
1127 1329 1303 1357 conformari.
1319 1330 1375 1366 Age
1387 1332 1474 1364 enim,
1488 1340 1549 1360 cum
1567 1341 1636 1370 aqua
1648 1335 1744 1364 diIIluit
1754 1357 1761 1367 .

978 1375 1001 1401 si
1027 1375 1091 1410 quis
1108 1376 1275 1403 tantumdem
1317 1376 1452 1410 effundat,
1478 1383 1608 1414 quantum
1635 1381 1761 1413 elabitur.

978 1428 1067 1456 neque
1092 1425 1180 1449 utrem
1205 1429 1282 1457 aqua:
1302 1423 1448 1451 confertim
1464 1425 1603 1453 exhauriri
1626 1428 1761 1462 patiatur,

977 1474 1091 1495 necesse
1098 1471 1140 1495 est
1146 1468 1200 1495 tale
1210 1468 1295 1496 videri
1306 1469 1377 1504 quod
1389 1469 1507 1502 additur,
1519 1471 1599 1506 quale
1609 1475 1650 1500 est
1661 1476 1760 1507 totum.

977 1521 1011 1541 eo
1021 1514 1092 1548 quod
1104 1514 1174 1541 idem
1187 1513 1254 1541 illud
1268 1515 1357 1550 ipsum
1369 1519 1420 1548 est,
1432 1516 1504 1551 quod
1517 1518 1648 1552 continet,
1661 1518 1760 1547 ﬂuente

978 1566 1011 1586 ac
1025 1559 1163 1587 dililuente
1177 1559 1294 1595 liquore.

1013 1606 1064 1639 Qui
1092 1607 1172 1642 igitur
1199 1614 1298 1642 corpus
1317 1615 1380 1634 cum
1408 1608 1451 1636 his
1473 1609 1554 1637 rebus
1578 1609 1701 1638 conferre
1716 1619 1761 1638 vo-

979 1653 1078 1685 luerit,
1104 1653 1174 1681 citra
1201 1653 1330 1689 pudorem
1351 1655 1435 1682 ullum
1461 1655 1513 1682 hoc
1541 1655 1632 1684 faciet.
1660 1657 1760 1685 Eodem

979 1699 1077 1734 quippe
1091 1700 1172 1727 modo
1186 1701 1354 1733 alimentum,
1369 1701 1441 1736 quod
1456 1702 1618 1730 amissarum
1638 1704 1760 1730 carnium

979 1745 1040 1772 loco
1067 1745 1265 1777 substituitur,
1296 1746 1323 1774 in
1343 1748 1510 1776 continentis
1537 1748 1630 1776 formae
1649 1750 1760 1785 ﬁguram

978 1791 1150 1826 speciemque
1166 1795 1299 1819 mutatur.
1316 1791 1355 1818 Ex
1381 1800 1436 1827 quo
1457 1793 1589 1829 quidquid
1615 1794 1644 1822 in
1667 1796 1761 1824 oculos

978 1836 1153 1871 diﬂ'unditur,
1169 1838 1311 1866 oculorum
1331 1838 1360 1866 Iit
1374 1839 1480 1873 simile,
1496 1845 1525 1868 ut
1540 1845 1567 1869 et
1585 1842 1674 1870 vultus
1689 1844 1761 1878 quod

978 1883 1007 1910 in
1023 1883 1126 1912 vultum
1149 1884 1332 1920 dispergitur:
1352 1892 1384 1914 ac
1402 1890 1561 1915 cteterorum
1581 1887 1682 1916 similia
1698 1889 1761 1917 red-

978 1929 1081 1956 duntur
1097 1929 1148 1957 hoc
1169 1929 1267 1962 modo,
1290 1938 1352 1966 qua
1376 1939 1425 1965 per
1448 1931 1493 1961 illa
1516 1932 1695 1968 dissipantur.
1722 1934 1761 1962 Ex

978 1983 1032 2010 quo
1048 1975 1088 2007 lit,
1100 1979 1130 2003 ut
1145 1975 1215 2004 idem
1229 1983 1290 2006 esse
1305 1977 1416 2005 cuilibet
1430 1978 1562 2012 rideatur,
1579 1987 1641 2007 cum
1651 1980 1759 2008 interim

978 2029 1087 2053 carnes,
1101 2028 1160 2057 quae
1174 2022 1260 2057 prima
1275 2027 1334 2050 erat
1347 2023 1471 2058 corporis
1483 2025 1607 2056 materia.
1620 2033 1674 2055 non
1687 2035 1761 2054 eum-

977 2067 1038 2095 dem
1058 2071 1159 2096 statum
1173 2069 1328 2100 retineant,
1344 2068 1392 2097 sed
1412 2068 1498 2097 forma
1511 2069 1661 2104 duntaxat,
1678 2079 1693 2098 ο
1708 2080 1760 2107 qua

979 2121 1010 2140 ea
1033 2113 1258 2149 conﬁgurantur,
1278 2121 1339 2150 qua:
1364 2115 1399 2143 ad
1415 2122 1514 2151 corpus
1539 2116 1683 2145 accedunt.
1699 2117 1760 2147 Jam

979 2165 1043 2186 vero
1071 2159 1094 2187 si
1119 2159 1153 2186 ad
1173 2159 1354 2194 paucissimos
1377 2160 1436 2189 dies
1453 2169 1507 2189 non
1526 2162 1623 2195 iidem,
1640 2164 1717 2198 quad
1727 2165 1760 2191 ad

978 2213 1078 2240 corpus
1098 2206 1210 2238 attinet,
1226 2214 1384 2235 maneamus
1395 2227 1402 2239 ,
1419 2208 1466 2236 sed
1490 2208 1548 2235 sola
1574 2217 1635 2243 qua:
1652 2211 1760 2244 corpori

144 2246 270 2282 ἐσόμεθα,
291 2245 359 2272 ἀλλὰ
380 2245 449 2272 κατὰ
465 2245 496 2272 τὺ
509 2244 577 2278 εἶδος
598 2246 627 2272 τὸ
640 2247 686 2273 καὶ
700 2246 746 2272 νῦν
765 2246 808 2273 ἀεὶ
829 2246 926 2273 διασω-

979 2250 1078 2278 insidet
1093 2251 1199 2278 forma:
1215 2251 1240 2278 id
1261 2252 1333 2279 enim
1351 2259 1435 2279 unum
1456 2252 1490 2280 ab
1509 2258 1569 2280 orta
1586 2258 1715 2282 constans
1729 2262 1761 2282 ac

144 2291 256 2327 ζόμενον
275 2292 304 2317 ἐν
323 2292 388 2326 ἡμῖν
414 2291 461 2317 καὶ
483 2291 570 2326 μένον.
587 2292 619 2319 '0
633 2293 688 2329 γὰρ
701 2294 759 2320 ἐκεῖ
778 2293 807 2319 τὸ
827 2293 926 2329 δέρμα,

143 2336 222 2362 τοῦτο
237 2335 268 2362 τὸ
293 2334 362 2367 εἶδος
378 2336 486 2362 ἐνθάδε·
502 2336 516 2362 ὂ
537 2336 564 2363 δὲ
587 2337 645 2364 ἐκεῖ
668 2338 698 2364 τὸ
722 2338 793 2374 ὕδωρ
814 2340 859 2365 ἐπὶ
878 2339 928 2374 τῆς

144 2382 260 2414 εἰκόνος,
276 2381 354 2408 τοῦτο
370 2382 483 2408 ἐνταῦθα
499 2382 529 2408 τδ
543 2383 751 2418 προσγινόμενον
769 2385 814 2411 καὶ
830 2385 928 2419 ἀπογι-

144 2428 263 2462 νόμενον.
282 2428 385 2463 Ὥσπερ
400 2426 445 2454 οὖν
457 2428 503 2454 νῦν
519 2428 565 2454 τοῦ
589 2428 713 2464 σώματος
728 2431 777 2457 οὐκ
791 2430 866 2462 ὄντος
881 2430 926 2456 τοῦ

143 2472 236 2504 αὐτοῦ,
252 2473 325 2507 ὅμως
339 2474 353 2499 ὁ
365 2473 505 2508 χαρακτὴρ
518 2473 532 2499 ὁ
547 2474 615 2500 κατὰ
630 2475 678 2509 τὴν
691 2475 774 2510 αὐτὴν
792 2475 897 2512 μορφὴν
913 2477 927 2502 ὁ

145 2519 225 2549 αὐτὸς
241 2517 367 2550 σώζεται·
380 2518 465 2550 οὕτως
482 2519 505 2545 εί
523 2519 569 2545 καὶ
582 2519 657 2551 liv-ro;
671 2520 718 2547 τοῦ
742 2520 867 2556 σώματος
878 2521 925 2549 τοῦ

145 2564 237 2597 αὑτοῦ,
250 2565 288 2596 εἰς
300 2564 329 2591 τὸ
342 2565 509 2600 ἐνδοξότερον
521 2566 551 2592 τὸ
566 2564 634 2598 εἶδος
650 2567 775 2602 αὑξηθὲν,
793 2567 884 2594 οὐκέτι
897 2569 925 2595 ὲν

144 2609 264 2645 φθαρτῷ,
281 2610 338 2637 ἀλλ’
350 2611 379 2636 ὲν
395 2610 494 2636 ἀπαθεῖ
507 2611 553 2638 καὶ
566 2611 742 2648 πνευματικῷ
756 2612 925 2648 δειχθήσεται

145 2657 258 2692 σώματι.
277 2657 380 2692 Ὥσπερ
403 2655 458 2683 οἷον
473 2656 514 2692 τῷ
530 2657 617 2693 Ἰησοῦ
639 2657 708 2684 κατὰ
723 2657 772 2693 τὴν
787 2658 924 2694 μεταμὸρ-

979 2296 1076 2324 stahile
1098 2302 1237 2326 remanet:
1253 2300 1338 2327 multo
1357 2301 1443 2336 magis
1458 2309 1511 2328 non
1527 2301 1624 2333 iidem,
1640 2303 1711 2338 quod
1726 2303 1761 2330 ad

978 2348 1088 2368 carnem
1109 2347 1233 2377 spectat,
1254 2344 1299 2373 illo
1317 2349 1437 2380 tempore
1452 2354 1513 2374 esse
1528 2348 1693 2382 poterimus,
1713 2349 1761 2376 sed

979 2385 1065 2413 forma
1083 2391 1186 2416 tantum
1199 2408 1206 2419 .
1223 2397 1283 2424 qua:
1297 2390 1325 2418 in
1342 2391 1420 2419 nobis
1435 2398 1566 2427 perpetuo
1590 2393 1669 2421 modo
1692 2401 1761 2422 con-

981 2436 1105 2460 servatur
1127 2441 1159 2461 ac
1187 2436 1317 2470 persistit.
1342 2436 1408 2464 Nam
1425 2437 1497 2473 quod
1521 2438 1547 2464 in
1566 2439 1699 2474 superiori
1715 2440 1762 2468 illa

980 2477 1157 2506 similitudine
1181 2480 1257 2514 pellis
1280 2485 1322 2508 est
1335 2501 1342 2512 ,
1364 2481 1434 2508 idem
1452 2486 1494 2509 est
1514 2481 1565 2509 hoc
1580 2482 1641 2510 loco
1655 2483 1761 2510 forma:

979 2523 1052 2558 quod
1066 2528 1155 2553 autem
1172 2525 1226 2553 illic
1241 2533 1322 2561 aqua,
1338 2527 1456 2562 idipsum
1470 2528 1497 2554 in
1514 2528 1653 2563 proposito
1667 2532 1764 2556 nostro

977 2570 1043 2597 illud
1060 2575 1121 2602 est.
1138 2572 1217 2606 cujus
1243 2573 1367 2601 accessio
1391 2573 1420 2601 tit
1447 2579 1493 2601 aut
1517 2574 1649 2602 decessio.
1672 2573 1763 2607 Quare

978 2617 1221 2651 quemadmodum,
1239 2619 1290 2646 etsi
1316 2627 1370 2646 non
1395 2619 1464 2647 idem
1483 2620 1564 2647 modo
1586 2628 1686 2655 corpus
1706 2624 1761 2651 est,

977 2661 1071 2689 eadem
1087 2663 1263 2691 nihilominus
1274 2663 1366 2692 formae
1384 2666 1489 2700 species
1509 2673 1540 2692 ac
1557 2665 1640 2701 ﬁgura
1664 2665 1761 2695 retine-

179 2748 187 2762 '
207 2746 236 2773 [λ’.
256 2744 345 2782 φύσει,
383 2749 393 2763 ¹
406 2748 515 2776 Mutilus
535 2748 620 2776 locus.
661 2750 670 2765 ⁸
683 2749 741 2777 Vox
765 2751 809 2778 illa
835 2751 976 2779 mendosa.

177 2833 422 2875 (iI)Kat]rapi1
437 2835 536 2870 εἴπῃς,
551 2836 595 2862 ὅτι
612 2838 668 2864 οὐκ
682 2838 735 2865 ἀεί.
757 2838 856 2866 Desunt
884 2846 928 2866 n01

979 2839 1022 2866 lla.
1050 2839 1088 2866 Ac
1105 2839 1174 2868 forte
1199 2840 1236 2867 ita
1255 2840 1458 2868 rescribendum
1480 2840 1520 2866 ὅτι
1542 2840 1586 2867 ἀεὶ
1612 2839 1761 2875 διαλαμϐά-

143 2877 181 2897 νει
199 2877 350 2900 ωωτεινως.

195 2908 208 2912 ’
303 2916 436 2946 ΙἈτιιοι.
462 2917 518 2946 Gn.
550 2918 630 2949 XLI.

1574 2919 1612 2948 36
