1958 3050
199 146 264 174 H3!
906 145 940 172 ‘S.
963 145 1131 174 EPIPIIANH
1753 147 1766 174 4
1775 147 1825 174 132

199 211 259 239 tnr,
279 206 315 233 ita
334 206 397 234 licet
412 213 465 234 non
484 204 555 233 idem
568 211 671 240 corpus
687 207 812 238 exststat,
831 203 916 232 forma
926 206 981 240 ipsa

1036 215 1122 241 φωτιν
1143 203 1186 241 ἦν,
1205 206 1248 232 ὅτε
1271 205 1311 238 εἰς
1331 205 1362 232 to
1382 206 1444 241 ὄρος
1463 205 1546 241 ἀνέϐη
1567 204 1637 241 μετὰ
1653 205 1756 240 Πέτρου
1776 206 1825 232 καὶ

198 253 413 286 praestantiorem
435 253 462 279 in
479 256 579 280 statum
598 255 691 278 evecta
703 270 711 283 ,
734 258 789 278 non
811 251 868 286 jam
882 251 909 278 in
924 258 981 277 cor-

1035 251 1081 277 ποῦ
1100 251 1238 282 Μωῦσέως
1259 252 1306 277 καὶ
1329 251 1376 277 τοῦ
1398 250 1488 277 Ἡλίου
1509 250 1562 276 τῶν
1583 250 1718 284 ὀφθέντων
1737 249 1820 284 αὐτῷ.

199 299 320 333 rnptibili
337 306 461 333 corpore,
475 299 522 326 sed
536 298 671 334 passionis
687 303 796 333 experte
812 298 982 333 spiritalique
999 298 1252 333 comprehendetur.
1269 298 1426 333 Cuiusmodi
1445 297 1525 325 Jcsus
1538 298 1643 329 habuit,
1657 302 1717 332 post
1734 301 1822 324 trans-

197 347 386 381 tignrationem
407 347 478 374 hanc
493 346 601 382 quando
624 346 651 373 in
664 350 782 374 montcm
797 354 859 374 cum
878 346 958 376 Petro
970 369 977 382 ,
1004 348 1095 383 Moyse
1115 352 1142 375 et
1161 347 1218 374 Elia
1230 368 1237 380 ,
1255 347 1300 382 qui
1323 352 1380 374 tum
1397 348 1434 375 illi
1451 351 1646 382 apparuerunt.
1663 347 1786 374 ascendit
1801 347 1830 373 ¹.”

233 392 353 420 XXXIX.
378 393 431 421 Sed
455 393 488 420 de
513 393 556 420 his
583 393 735 420 hactenus:
760 394 816 420 haec
843 395 915 421 enim
942 399 984 423 est

198 437 323 472 Origcnis
337 438 495 474 dogmatum
511 446 617 466 summa
635 439 854 473 comprehensio.
867 438 945 473 Quod
960 440 983 468 si

197 485 260 519 quis
287 484 505 512 adversariorum
530 484 632 511 Christi
660 492 761 520 corpus
786 485 920 520 objiciat,
951 494 984 514 eo

197 530 269 565 quod
285 530 364 565 562
376 531 562 564 primogenita:
575 535 739 557 mortuorum
750 540 780 558 ac
791 532 916 566 primitiae
926 533 985 560 dor-

197 575 332 602 mientium
342 575 491 609 appelletur
504 575 526 605 ‘.
547 575 637 609 itaque
650 575 761 611 colligat
775 585 781 603 :
801 575 984 609 Quemadmo-

197 620 261 647 dum
277 620 320 647 ille
335 620 504 651 resurrexit,
525 620 563 646 ita
585 624 613 647 et
629 625 814 648 resurrectura
830 625 926 649 caetera
942 622 983 648 vi-

197 665 266 697 deri,
285 670 314 692 ut
331 664 466 700 quomodo
478 664 605 692 Christus
624 666 774 693 resurrexit
786 684 795 698 ,
811 666 851 694 sic
870 671 897 693 et
912 665 982 695 Deus

197 715 320 738 mortuos
345 717 393 745 per
418 709 512 737 Jesum
539 709 656 737 adducat
674 710 701 744 ³;
723 718 784 738 cum
812 711 872 746 ipso
898 719 981 746 porro

195 756 260 784 Jesu
274 764 374 791 corpus
393 756 432 784 sic
456 764 517 784 esse
531 764 546 783 a
567 756 683 784 mortuis
701 756 848 784 excitatum
862 776 869 789 ,
886 756 983 785 iisdem

198 803 236 829 nti
250 802 380 830 carnibus
393 822 400 835 ,
417 803 582 838 ossibusque
597 807 754 836 constaret,
774 803 800 830 id
820 803 893 838 quod
908 803 982 832 Th0-

197 857 245 875 nne
257 856 416 884 persuasum
432 848 513 876 fuerit
529 857 536 882 ;
551 856 603 876 nos
615 848 649 876 ad
663 856 694 876 ea
707 849 748 876 sic
759 848 981 884 respondeamus:

196 894 298 921 Christi
315 902 416 930 corpus
431 902 485 922 non
499 902 532 921 ex
549 895 688 922 voluntate
703 894 784 927 viri‘,
802 902 834 922 ac
845 895 983 930 voluptate

188 941 338 975 somnique
351 941 545 976 congressione
564 940 591 968 in
607 940 798 976 iniquitatibus
810 948 872 968 esse
886 948 983 969 susce-

186 991 271 1021 ptum
286 987 308 1018 ⁵,
329 991 356 1013 et
381 986 409 1013 in
433 987 553 1021 peccatis
580 986 702 1021 genitum
724 986 746 1018 ⁸,
769 986 817 1013 sed
833 987 865 1014 de
879 987 983 1021 Spiritu

196 1023 291 1060 sancto
301 1037 329 1060 et
338 1032 471 1060 Altissimi
481 1032 581 1059 virtute
589 1033 610 1065 ⁷,
625 1039 657 1059 ac
666 1031 777 1067 Virgine
791 1036 982 1067 procreatum;

196 1083 272 1106 tuum
287 1083 376 1105 autem
393 1085 491 1106 somno
510 1085 542 1105 ac
562 1077 700 1113 voluptate
716 1077 898 1112 sordibusque
914 1085 983 1105 con-

195 1130 279 1151 stare.
303 1123 396 1156 .Quam
421 1123 457 1151 ob
484 1131 596 1151 causam
615 1123 724 1158 sapiens
753 1123 798 1151 ille
817 1122 913 1150 Sirach
946 1124 983 1151 ita

195 1168 374 1202 pronuntiat:
388 1166 455 1194 Cum
469 1167 539 1194 enim
556 1168 683 1194 morietur
699 1167 775 1194 homo
787 1188 795 1200 ,
816 1167 982 1195 hwreditabit

194 1218 342 1247 serpentes,
366 1218 391 1240 et
410 1212 524 1246 bestias,
544 1218 569 1240 et
587 1221 683 1240 vermes
695 1214 715 1240 ⁸.
737 1213 778 1240 Ad
800 1213 858 1241 hate
873 1221 982 1241 uxxvu

195 1257 320 1291 psalmo:
336 1256 464 1293 Nunquid
482 1260 594 1284 mortuis
609 1258 691 1292 [acies
707 1258 852 1291 mirabilia,
868 1265 912 1286 aut
930 1268 984 1286 me-

194 1302 247 1328 dici
263 1301 427 1328 noscitabant
446 1306 470 1329 et
484 1302 678 1336 conﬁtebuntur
693 1301 738 1328 tibi
751 1303 763 1329 ?
779 1301 906 1337 Nunquid
920 1310 983 1328 nar-

195 1346 263 1373 rabit
290 1346 386 1382 aliquis
411 1346 439 1373 in
460 1346 579 1380 sepulcro
607 1345 816 1373 misericordiam
841 1351 933 1378 tuam,
958 1350 983 1373 et

195 1392 327 1419 veritatem
343 1397 415 1419 tuam
428 1392 454 1418 in
465 1392 630 1426 perditione?
646 1390 773 1426 Nunquid
794 1396 983 1426 cognoscentur

194 1438 221 1464 in
238 1438 348 1465 tenebris
373 1438 508 1465 mirabilia
527 1442 574 1464 tua
587 1457 595 1470 ,
615 1442 640 1464 et
665 1437 775 1472 justitia
795 1441 841 1463 tua
860 1437 888 1464 in
913 1442 983 1464 terra

195 1483 333 1511 oblivionis
349 1483 359 1499 ’
371 1484 382 1511 ?
396 1483 536 1519 Ejusmodi
558 1487 585 1511 et
601 1483 654 1511 alia
671 1482 818 1518 Scriptura:
833 1483 915 1511 verba
929 1483 984 1510 cui-

196 1530 261 1556 libet
277 1530 404 1565 colligere
419 1530 500 1562 licet,
517 1538 563 1563 ne,
574 1530 597 1558 si
612 1530 703 1558 omnia
714 1530 824 1565 copiose
840 1530 981 1565 complecti
995 1541 1017 1571 ο

194 1583 226 1602 ac
251 1583 465 1604 commemorare
491 1576 628 1608 velimus,
656 1575 787 1611 majorem
815 1576 842 1602 in
870 1576 980 1603 modum

194 1625 335 1649 excrescat
349 1622 447 1648 oratio.

422 1722 545 1758 Sequttur
558 1731 590 1750 ea;
609 1722 752 1750 Met/tudio.

229 1780 285 1808 XL.
302 1780 370 1808 Cum
392 1779 505 1807 Proclus
530 1787 601 1814 aegre
627 1779 735 1806 dicendi
764 1778 843 1806 ﬁnem
862 1778 980 1812 fecisset,

185 1827 241 1855 idin
265 1827 299 1855 iis
322 1826 368 1861 qui
390 1826 504 1854 aderant
529 1825 704 1858 tacentibus,
731 1829 758 1853 et
777 1825 811 1852 ad
838 1825 982 1853 inﬁdelita-

195 1876 249 1899 tem
267 1871 374 1900 abunde
394 1871 538 1907 prostratis
549 1892 557 1904 ,
573 1876 750 1906 posteaquam
774 1871 890 1899 desiisse
906 1871 980 1898 illum

195 1918 391 1950 animadverti,
415 1918 517 1946 sensim
533 1921 615 1953 caput
631 1918 758 1946 attollens
779 1924 811 1945 ac
830 1917 980 1953 respirans,

197 1970 226 1992 nt
246 1965 264 1993 ii
288 1965 335 2001 qui
356 1964 385 1992 in
403 1964 471 1991 mari
487 1964 635 1999 navigant,
654 1963 700 1991 ubi
729 1963 819 1991 sedari
834 1967 981 1998 tempestas

194 2011 299 2047 cccpit,
327 2001 447 2038 tremens
465 2010 556 2038 adhuc
582 2010 762 2037 nihilominus
790 2016 823 2037 ac
847 2009 981 2044 vertigine

195 2061 337 2092 correptus
352 2055 402 2092 (ut
416 2056 488 2084 enim
503 2055 576 2091 quod
593 2063 637 2084 res
652 2060 693 2084 est
710 2056 826 2091 ingenue
843 2055 921 2083 vobis
941 2055 980 2082 fa-

195 2107 263 2134 tear,
279 2106 355 2129 tanta
369 2101 476 2129 dicendi
494 2102 572 2137 copia
593 2109 625 2129 ac
639 2101 767 2128 facultate
784 2101 927 2136 perculsus
949 2108 981 2128 ac

195 2147 268 2175 velut
279 2147 395 2175 obrutus
410 2146 539 2181 fueram),
554 2146 587 2174 ad
603 2146 768 2174 Auxentium
780 2153 939 2178 conversus,
954 2149 981 2173 et

194 2201 257 2220 eum
270 2192 425 2228 appellans,
440 2191 556 2219 Auxenti
568 2212 576 2225 ,
590 2192 712 2226 inquam,
728 2199 783 2219 non
797 2195 900 2220 temere
914 2199 978 2228 poe-

195 2239 277 2266 ticum
293 2237 358 2265 illud
370 2242 530 2272 usurpatum
544 2238 663 2264 arbitror
676 2247 683 2264 :

369 2291 440 2319 Dum
447 2292 535 2327 juncti
546 2297 685 2327 properant
699 2292 786 2319 ambo.

195 2349 253 2376 Duo
268 2349 367 2384 quippe
381 2349 531 2376 adversarii
545 2353 620 2376 sunt.
637 2348 728 2382 Quare
746 2348 888 2376 amborum
909 2349 981 2377 vires

195 2394 326 2422 ambobus
352 2394 432 2422 nobis
449 2395 616 2422 sustinendae
643 2399 715 2422 sunt.
734 2393 773 2422 Te
795 2395 868 2423 enim
886 2403 982 2430 pugnae

192 2441 325 2468 adversus
344 2441 406 2468 illos
428 2445 455 2468 et
469 2440 628 2468 certaminis
641 2441 794 2475 adjutorem
813 2445 841 2468 et
864 2442 983 2477 opitula-

229 2518 238 2561 ξ
256 2517 351 2545 Matth.
368 2526 435 2548 xvii.
454 2519 466 2545 l
480 2525 552 2553 sqq:
570 2517 652 2546 Marc.
668 2526 705 2550 ix,
721 2519 734 2545 i
748 2526 810 2582 sqq;
848 2520 859 2534 ²
874 2520 981 2581 Apocu‘

229 2561 285 2582 san.
298 2562 346 2582 vn.
363 2553 390 2580 2.
425 2553 516 2581 'Psal.
535 2562 560 2582 L.
576 2554 604 2580 Ἰ..
642 2554 652 2570 ⁷
667 2553 733 2582 Luc.
754 2562 773 2582 ι.
808 2554 833 2581 5.
871 2555 882 2570 ⁸
918 2556 980 2582 ccli.

1037 2529 1044 2553 ;
1072 2519 1158 2548 lCor.
1177 2529 1221 2552 xv,
1235 2520 1280 2548 20.

1038 2554 1098 2582 .15.
1136 2557 1147 2572 ⁹
1166 2555 1239 2582 Psal.
1252 2565 1280 2582 ιι

766 2574 773 2587 ,
789 2554 833 2582 35.
871 2555 882 2570 ⁸
896 2554 980 2583 Eccli.

1038 2554 1098 2588 .15.
1136 2557 1147 2572 ⁵
1166 2555 1239 2584 Psal.
1252 2564 1373 2589 szxvu,
1391 2556 1483 2584 ll-i3.
1523 2555 1545 2572 ’⁸
1558 2555 1587 2583 F.
1607 2556 1662 2591 εἴη.
1695 2557 1715 2572 ¹¹
1730 2555 1766 2582 Il.
1780 2557 1815 2583 K.

193 2554 203 2569 '
221 2553 285 2589 Sap.
298 2562 346 2585 vn,
363 2553 390 2580 2.
425 2553 516 2581 'Psal.
535 2562 560 2587 ι,
576 2554 604 2580 Ἰ..
642 2554 652 2570 ⁷
667 2553 733 2582 Luc.
754 2562 762 2581 t

228 2644 298 2680 (42)
331 2643 457 2680 [tomng
492 2643 649 2670 Μεθοδίου.
677 2643 814 2680 Hactenus
846 2644 974 2672 Proclus.

192 2678 325 2713 Deinceps
342 2678 470 2705 Methodii
491 2684 583 2713 partes
601 2682 675 2710 sunt,
700 2680 747 2713 qui
773 2679 903 2707 adversus
915 2680 976 2706 ()ri-

190 2722 285 2749 guucm
302 2714 424 2746 disserit,
440 2713 519 2747 cujus
536 2713 717 2748 patrocinium
734 2722 748 2740 ιι
768 2714 865 2742 Proclo
882 2723 976 2742 susce-

192 2753 266 2782 ptum
284 2749 363 2783 paulo
375 2753 434 2782 post
451 2749 559 2775 indicat.
580 2749 677 2776 Verum
690 2750 711 2776 si
725 2749 812 2776 Procli
824 2754 866 2776 est
880 2758 910 2777 ea
921 2750 979 2776 dis-

191 2785 305 2817 putatio,
323 2792 383 2819 qua;
398 2792 412 2810 a
428 2792 503 2810 num.
524 2784 555 2810 i7
568 2784 602 2818 ad
622 2784 694 2819 hunc
715 2793 802 2819 usque
818 2785 977 2819 pertexitur,

192 2826 245 2845 non
269 2818 348 2846 video
372 2819 598 2853 quemadmodum
615 2818 739 2853 Origenis
759 2818 873 2846 causam
889 2820 979 2847 defen-

191 2853 253 2886 dat,
267 2861 330 2880 cum
344 2854 410 2889 ejus-
418 2854 515 2890 dogma
531 2854 700 2883 validissime
716 2854 831 2888 refellat,
844 2860 871 2882 et
886 2863 978 2882 resur-

1071 395 1133 422 ΛΘ’.
1151 395 1205 421 Καὶ
1226 395 1313 421 ταῦτα
1338 395 1387 430 μὲν
1411 394 1491 430 μέχρι
1511 394 1637 421 τοσούτου
1660 394 1822 428 διεσκέφθαι.

1036 440 1128 471 Οὕτως
1142 439 1197 474 γὰρ
1216 440 1254 471 ὡς
1277 440 1305 465 ὲν
1322 439 1460 474 κεφαλαίῳ
1479 438 1533 465 τῶν
1555 437 1708 474 Ὠριγένους
1722 437 1824 472 δογμαα

1035 485 1166 519 τισμῶνό
1188 484 1260 516 νοῦς,
1283 484 1345 511 Ἐὰν
1367 484 1395 510 δέ
1419 492 1461 515 τις
1488 483 1541 509 τῶν
1565 482 1822 518 ἀμφισῦητούντων,

1036 530 1250 566 προϐαλλόμενος
1264 528 1297 556 διεδ
1315 529 1395 564 σῶμα
1419 529 1466 556 τοῦ
1490 528 1620 564 Χριστοῦ,
1634 528 1679 555 διὰ
1697 528 1728 554 τὸ
1744 534 1822 562 πρω-

1035 576 1160 602 τότοκον
1174 574 1233 602 τῶν
1245 574 1358 610 νεκρῶν
1378 575 1427 601 καὶ
1444 574 1586 608 ἀπαρχὴν
1600 574 1679 600 αὑτὸν
1698 573 1822 608 εἰρῆσθαι

1035 620 1095 647 τῶν
1116 620 1348 655 κεκοιμημένων,
1368 620 1460 654 λέγοι,
1485 620 1537 652 ὅτι,
1566 619 1692 654 καθάπερ
1719 620 1822 651 ἐκεῖνος

1035 666 1147 701 ἀνέστη,
1159 666 1248 692 καὶτὰ
1260 665 1348 692 πάντα
1358 665 1490 697 ὡσαύτως
1503 666 1592 692 ἐκεῖνο
1604 665 1658 691 δεῖν
1671 665 1823 700 προσδοκᾷν

1036 710 1243 746 ἀναστήσεσθαι,
1262 710 1314 743 ἵνα,
1330 710 1423 746 ῶσπερ
1437 710 1552 746 Χριστὸς
1565 710 1721 746 ἐγήγερται,
1737 709 1822 741 οὕτως

1036 757 1083 784 καὶ
1096 758 1110 784 ὁ
1125 757 1191 789 Θεὸς
1206 758 1269 789 τοὺς
1287 757 1465 792 κοιμηθέντας
1476 757 1520 784 διὰ
1532 756 1578 783 τοῦ
1600 755 1686 790 Ἰησοῦ
1703 755 1758 788 ἄξει
1773 755 1822 782 σὺν

1036 802 1111 838 αὐτῷ
1122 811 1128 817 ·
1145 803 1292 838 ἐγήγερται
1306 802 1335 829 δὲ
1354 803 1384 828 τὸ
1404 801 1450 828 τοῦ
1474 801 1572 836 Ίησοῦ,
1588 801 1636 828 καὶ
1651 800 1700 832 τὰς
1717 800 1822 835 σάρκας

1035 848 1068 880 ἃς
1085 846 1155 883 εἶχε,
1166 848 1212 875 καὶ
1228 848 1262 874 τὰ
1273 848 1349 879 ὀστᾶ,
1369 847 1495 882 καθάπερ
1511 846 1624 881 ἐπείσθη
1641 846 1688 872 καὶ
1701 845 1801 880 Θωμᾶς
1813 853 1820 860 ’

1035 895 1174 930 λέξωμεν·
1200 894 1281 921 Ἀλλὰ
1295 894 1326 921 τὸ
1348 893 1395 920 τοῦ
1423 892 1542 928 Χριστοῦ
1559 892 1638 927 σῶμα
1661 893 1706 918 οὗ)
1733 889 1765 927 ἦν
1790 892 1823 917 ὲκ

1033 940 1187 976 θελήματος
1201 940 1306 976 ἀνδρὸς,
1318 939 1414 975 ἡδονῆς
1429 939 1505 974 ὕπνῳ
1517 937 1706 973 συνελθούσης,
1718 938 1746 963 ἐν
1762 937 1822 963 ἀνο-

1035 987 1109 1021 μίαις
1121 985 1280 1021 συλληφθὲν,
1297 987 1344 1013 καὶ
1356 984 1485 1020 κισσηθὲν
1497 985 1525 1010 ὲν
1541 983 1699 1019 ἁμαρτίαις,
1709 982 1777 1009 ἀλλὰ
1791 982 1823 1008 ἐκ

1034 1033 1191 1067 Πνεύματος
1206 1031 1293 1066 ἁγίου,
1313 1031 1360 1058 καὶ
1378 1031 1517 1066 δυνάμεως
1538 1029 1675 1064 Ὑψίστου,
1689 1029 1734 1055 καὶ
1749 1028 1822 1063 Παρ-

1034 1078 1120 1104 θένου.
1135 1078 1171 1104 Τὸ
1185 1078 1213 1104 δὲ
1229 1077 1274 1103 σὸν
1296 1076 1380 1109 ὕπνος
1396 1076 1466 1107 ἐστὶ,
1490 1076 1536 1103 καὶ
1553 1076 1643 1112 ἡδονὴ,
1662 1075 1709 1101 καὶ
1726 1074 1821 1109 ῥύπος.

1033 1124 1089 1151 Καὶ
1107 1123 1150 1150 διὰ
1167 1123 1243 1150 τοῦτο
1254 1123 1301 1150 καὶ
1314 1124 1328 1150 ὁ
1342 1122 1422 1157 σοφὸς
1433 1122 1543 1158 Σειρὰχ,
1565 1122 1616 1148 Ἐν
1628 1121 1682 1156 γὰρ
1696 1119 1735 1153 τῷ
1749 1120 1822 1147 ἀπο-

1033 1169 1177 1203 θνήσκειν
1193 1169 1358 1204 ᾶνθρωπον,
1371 1168 1584 1202 ἀποφθέγγεται,
1601 1165 1822 1201 κληρονομήσει

1034 1217 1152 1250 ἑρπετὰ,
1168 1215 1218 1242 καὶ
1237 1215 1334 1249 θηρία,
1351 1214 1399 1241 καὶ
1419 1213 1583 1247 σκώληκας
1595 1221 1601 1227 ⁵
1615 1213 1662 1239 καὶ
1676 1213 1704 1238 ὲν
1724 1212 1821 1247 ὀγδοη-
1865 1213 1869 1216 ’

1033 1262 1122 1297 κοστῴ
1134 1261 1234 1297 ψαλμῷ
1257 1261 1361 1296 ἑϐδόμῳ
1373 1269 1379 1276 '
1396 1260 1443 1294 Μὴ
1460 1259 1523 1293 τοῖς
1543 1259 1659 1293 νεκροῖς
1684 1258 1821 1291 ποιήσεις

1033 1307 1193 1342 θαυμάσια,
1215 1307 1233 1341 ἢ
1250 1306 1343 1340 ἰατροὶ
1363 1305 1582 1338 ὰναστήσουσι,
1608 1303 1657 1330 καὶ
1679 1304 1823 1338 ἐξομολο-

1032 1353 1178 1388 γήσονταί
1185 1360 1233 1379 σοι
1240 1361 1249 1384 ;
1259 1354 1286 1379 Μ
1290 1352 1306 1386 ii
1318 1351 1493 1386 διηγήσεταί
1502 1360 1547 1384 τις
1555 1351 1590 1377 ὲν
1601 1350 1682 1384 τάξω
1690 1349 1723 1376 τὸ
1734 1348 1822 1382 ἔλεός

1033 1407 1101 1430 σου,
1118 1399 1167 1425 καὶ
1181 1398 1238 1432 τὴν
1258 1397 1403 1430 ἀλήθειάν
1419 1405 1476 1423 σου
1497 1397 1532 1424 ὲν
1550 1395 1588 1431 τῇ
1607 1395 1756 1429 dri/uilem;
1770 1396 1820 1428 Μὴ

1033 1444 1239 1478 γνωσθήσεται
1252 1444 1287 1470 ἐν
1301 1442 1340 1475 τῷ
1355 1443 1456 1470 σκότει
1471 1442 1507 1469 τὰ
1523 1441 1672 1476 θαυμάσιά
1686 1450 1754 1472 σου,
1770 1441 1820 1467 καὶ

1033 1491 1052 1524 ἡ
1080 1489 1257 1522 δικαιοσύνη
1284 1496 1342 1516 σου
1367 1489 1402 1514 ἐν
1429 1487 1468 1523 γῇ
1495 1486 1738 1522 ἑπιλε.1ησμὲνῃ;
1764 1487 1822 1512 Καὶ

1034 1535 1115 1571 ἕτερα
1128 1535 1156 1562 δὲ
1172 1535 1282 1571 ῥήματα
1297 1533 1409 1560 τοιαῦτα
1423 1533 1461 1568 τῷ
1481 1533 1633 1568 βουλομένῳ
1650 1532 1775 1565 συνάγειν
1789 1532 1822 1557 ὲκ

1033 1581 1086 1607 τῶν
1109 1580 1223 1616 Γραφῶν
1237 1581 1367 1615 πάρεστιν
1379 1579 1439 1610 ὅσα,
1455 1578 1498 1605 ἵνα
1513 1578 1550 1614 μῂ
1566 1578 1673 1604 πάντων
1685 1578 1764 1612 ἡμεῖς
1780 1578 1822 1607 εἰς

1033 1625 1133 1660 πλῆθος
1150 1625 1376 1661 μνημονεύοντες,
1392 1624 1591 1650 πολυπλασίονα
1602 1623 1655 1650 τῶν
1668 1622 1821 1658 εἰρημένων

1033 1671 1194 1706 αὐξήσωμεν
1207 1671 1296 1705 λόγον.

1247 1727 1360 1755 Λοιπὸν
1379 1728 1524 1754 Μεθοδίου
1541 1726 1609 1762 (42).

1067 1785 1111 1811 Μ’.
1135 1785 1179 1816 Ὠς
1197 1782 1242 1811 οὖν
1267 1785 1403 1811 ἐπαύσατο
1424 1785 1503 1819 μόγις
1524 1784 1569 1810 καὶ
1585 1785 1599 1810 ό
1625 1783 1754 1819 Πρόκλος.
1772 1783 1821 1809 καὶ

1033 1832 1095 1867 σιγὴ
1120 1831 1174 1858 τῶν
1201 1831 1342 1866 παρόντων
1364 1829 1397 1866 ἦν
1420 1831 1466 1857 ἐπὶ
1491 1830 1568 1862 πολὺ,
1595 1829 1822 1864 καταϐληθέντων

1033 1876 1132 1908 ἱκανῶς
1147 1876 1215 1911 πρὸς
1227 1876 1363 1905 ἀπιστίαν,
1380 1876 1428 1902 καὶ
1441 1874 1639 1910 ἐγὼ-ᾐσθόμην,
1655 1875 1696 1901 ὅτι
1710 1873 1747 1909 τῷ
1762 1873 1822 1900 ὄντι

1032 1922 1206 1957 πεπαυμένος
1218 1921 1276 1956 εἴην
1290 1921 1321 1952 ¹⁰,
1334 1921 1424 1956 ἡρέμα
1442 1921 1492 1956 τὴν
1511 1920 1628 1956 κεφαλὴν
1645 1920 1749 1955 ἐπάρας
1772 1920 1822 1946 καὶ

1032 1967 1213 1999 ἀναπνεύσας.
1241 1967 1335 2003 ὥσπερ
1357 1968 1380 1993 οἱ
1406 1967 1532 1998 πλέοντες
1550 1967 1597 1993 τοῦ
1629 1966 1749 2001 κύματος
1768 1966 1819 2001 ἤδη

1031 2015 1184 2049 λωφῶντος,
1214 2015 1376 2050 ὑποτρέμων
1397 2014 1436 2040 ἔτι
1462 2014 1508 2041 καὶ
1532 2012 1721 2047 σκοτιζόμενος
1749 2012 1821 2046 (ἐϐε-

1032 2062 1139 2097 ἧλήμην
1153 2061 1217 2096 γὰρ,
1242 2061 1279 2092 ὡς
1306 2061 1373 2096 πρὸς
1396 2061 1468 2095 ὑμᾶς
1485 2059 1613 2095 εἰρήσθω,
1631 2061 1664 2094 τῇ
1687 2059 1820 2093 δεινότητι

1032 2107 1085 2133 τῶν
1101 2106 1188 2140 λόγων
1203 2105 1431 2140 κατηντλημένος)
1444 2113 1450 2120 ·
1467 2105 1603 2140 τρέπομαι
1621 2104 1687 2139 πρὸς
1707 2103 1752 2130 τὸν
1766 2104 1821 2129 Αὑ-

1032 2152 1143 2185 ξέντιον,
1166 2151 1213 2178 καὶ
1231 2151 1349 2182 καλέσας
1372 2151 1463 2182 αὑτὸν,
1482 2148 1516 2176 Ὠ
1542 2149 1679 2182 Αὺξέντιε,
1705 2149 1819 2184 νομίζω,

1032 2198 1112 2234 ἔφην,
1130 2197 1166 2234 μὴ
1186 2199 1273 2234 μάτην
1287 2197 1409 2232 λελέχθαι
1421 2198 1451 2224 τὺ
1467 2196 1617 2233 ποιητικὸν,

1209 2297 1270 2324 Σύν
1281 2304 1311 2323 τε
1327 2295 1412 2323 δυοῖν
1425 2294 1596 2330 ἐρχομένων
1607 2295 1638 2321 “.

1034 2351 1089 2377 Καὶ
1108 2351 1161 2386 γὰρ
1180 2352 1204 2377 οἱ
1216 2351 1413 2385 ἀνταγωνισταὶ
1426 2351 1481 2378 δύο.
1499 2351 1543 2377 Διὸ
1558 2350 1648 2382 σθένος
1670 2350 1820 2385 ἀμφότεροι

1033 2396 1195 2432 ἀμφοτέρων
1209 2397 1353 2432 ἐπέχομεν.
1366 2397 1602 2432 Συναντιληπτορα
1616 2396 1670 2431 γὰρ
1682 2397 1729 2422 καὶ
1756 2404 1820 2422 συν-

1034 2443 1185 2478 αγωνιστὴν
1200 2443 1329 2479 αἱροῦμαέ
1355 2451 1385 2469 σε
1396 2443 1444 2477 τῆς
1460 2442 1527 2478 πρὸς
1541 2443 1637 2474 αὐτοὺς
1658 2443 1757 2478 μάχης,
1781 2442 1820 2477 μὴ

1329 2521 1361 2547 ³1
1377 2520 1460 2548 Thes.
1473 2528 1510 2554 tv,
1533 2520 1576 2548 13.
1614 2521 1626 2536 ⁸
1640 2520 1720 2547 Joan.
1737 2528 1756 2550 t.
1773 2521 1816 2548 13.

1030 2645 1178 2672 rectionem
1197 2652 1342 2680 c0rporum
1361 2644 1485 2672 amrmet.
1509 2643 1562 2672 Sed
1579 2651 1670 2680 neque
1688 2643 1817 2671 Methodii

1029 2687 1201 2715 consequens
1218 2679 1347 2707 refutatio
1371 2679 1404 2707 ad
1428 2680 1633 2707 antecedentem
1649 2679 1738 2706 Procli
1760 2686 1818 2705 scr-

1030 2723 1138 2742 monem
1164 2716 1296 2750 pertinet;
1324 2720 1350 2742 et
1369 2715 1566 2751 Aglaophontis
1583 2715 1734 2751 orationem
1752 2722 1818 2751 con-

1030 2751 1126 2780 vincit,
1144 2749 1203 2784 quae
1219 2751 1292 2777 nulla
1309 2751 1352 2778 hic
1365 2749 1465 2778 exstat;
1483 2750 1533 2777 Hic
1550 2751 1632 2785 igitur
1649 2749 1748 2776 haereo.
1765 2749 1817 2785 rAt-

1032 2793 1084 2820 que
1095 2791 1141 2812 aut
1156 2786 1330 2821 transposita,
1345 2789 1391 2812 aut
1402 2785 1503 2821 omissa
1515 2784 1643 2821 pleraque
1657 2784 1717 2812 istic
1734 2784 1817 2811 fuisse

1032 2821 1179 2848 verisimile
1205 2826 1256 2848 est.
1286 2821 1362 2854 Qute,
1389 2822 1413 2847 si
1433 2820 1563 2848 Methodii
1589 2820 1660 2848 liber
1685 2822 1817 2851 exstaret,

1033 2855 1153 2883 discerni
1178 2855 1373 2887 emcndarioue
1386 2859 1508 2889 possent.
