1958 3050
154 172 222 200 1153

498 153 683 200 ADVERSUS
702 171 871 203 IIIERESES
890 174 954 202 LIB.
976 174 1009 201 ll.
1029 173 1109 201 TOM.
1130 173 1151 200 l.
1171 189 1205 194 —
1224 173 1361 201 HERES.
1380 172 1471 200 LXIV.

1710 172 1780 200 ιιδι

153 232 219 266 ἡμῖν
233 232 247 257 ὁ
264 230 419 266 Ἀγλαοφῶν
438 231 506 266 μετὰ
526 232 647 267 Πρόκλου
659 233 705 260 καὶ
717 233 871 269 Ὠριγένους
885 235 941 265 τοῖς

999 237 1080 260 iorem
1093 232 1175 268 eligo,
1191 240 1226 260 ne
1238 221 1395 267 Aglaophon
1409 238 1471 258 cum
1487 229 1584 257 Proclo
1602 233 1628 256 et
1651 229 1778 265 Origene,

154 277 212 312 ἄμα
226 278 383 313 τρεπτικοῖς
396 278 404 292 ¹
428 277 487 304 καθ’
500 278 579 313 ἡμῶν
595 278 765 314 ὡπλισμένος
779 280 869 314 λόγοις
897 281 943 307 ὲκ-

155 322 224 357 πέσῃ
239 323 250 337 ³
267 322 316 357 τὴν
339 322 495 349 ἀνάστασιν.
515 323 582 356 Ἄγε
600 321 647 349 οὖν
663 323 945 359 ἀντιπαραταξώμεθὰ.

155 368 210 398 τοῖς
223 367 387 401 σοφίσμασιν
403 367 503 398 αὐτῶν,
522 367 605 402 μηδὲν
626 367 680 394 τῶν
698 367 886 402 ἀντιλογικῶν,
904 365 945 399 οἷς

154 411 236 439 δειλοὶ
255 411 406 445 βάλλονται,
423 412 596 448 φοϐηθέντες.
615 414 670 439 Καὶ
688 413 743 449 γὰρ
759 413 834 440 οὐδὲν
851 415 881 440 ὲν
897 414 946 440 αὐ-

155 459 210 489 τοῖς
224 457 298 492 ὑγιὲς
311 458 371 484 οὐδὲ
388 459 495 492 πάγιον,
511 459 578 485 ἀλλὰ
599 459 735 494 φαντασία
751 460 831 494 μόνον
845 460 945 495 εὐπρε-

155 502 208 536 πὴς
226 502 356 537 ῥημάτων
372 503 441 537 πρὸς
457 502 624 537 κατάπληξιν
639 502 693 530 τῶν
720 502 881 534 ἀκουόντων,
899 502 945 528 καὶ

156 547 242 573 πειθὼ
266 548 520 583 κατεσκευασμένη,
544 549 574 575 οὐ
591 549 641 584 τῆς
665 548 794 584 ἀληθείας
816 549 877 575 οὐδὲ
897 548 944 575 τοῦ

156 592 342 628 συμφέροντος
365 593 455 629 χάριν,
476 593 545 620 ἀλλὰ
567 592 614 620 τοῦ
637 593 722 625 δεῖξαι
747 594 803 625 τοῖς
827 592 945 628 παροῦσι

155 639 219 670 τοὺς
237 639 333 672 λόγους
353 639 462 673 σοφούς.
482 639 621 666 Ἐντεῦθεν
638 639 702 674 γοῦν
720 641 777 671 τοῖς
796 639 903 671 πολλοῖς
920 640 944 666 οἱ

155 685 189 710 ἐκ
200 684 254 710 τῶν
266 685 378 712 εἰκότων
397 685 453 711 ἔσθ’
469 686 514 712 ὅτε
534 686 610 719 λόγοι
623 686 689 722 πρὸς
705 686 802 718 κάλλος
822 686 869 712 καὶ
883 686 944 722 ἡδο-

155 731 204 766 νὴν
224 731 429 766 πεποικιλμένοι
444 731 544 767 μᾶλλον
557 731 612 758 τῶν
627 733 667 765 είς
687 732 832 767 ἀκρίϐειαν
850 732 946 767 ἐξητα-

155 776 262 811 σμένων
288 776 441 812 νομίζονται
464 777 677 813 σπουδαιότεροι,
703 778 757 805 τῶν
778 779 945 806 διδασκάλων

154 822 216 849 οὔτε
232 823 300 859 πρὸς
313 823 344 850 τὸ
358 823 493 858 βέλτιστον
503 824 699 860 ἁμιλλωμένων
718 824 758 851 ἔτι
774 825 821 852 καὶ
835 826 943 861 σεμνὸν,

154 868 223 895 ἀλλὰ
239 869 307 903 πρὸς
325 870 355 895 τὸ
379 869 475 905 ἀρέσαι
499 870 546 896 καὶ
573 870 754 905 εὐημερῆσαι,
779 869 904 906 καθάπερ
919 871 944 898 οί

995 279 1067 313 aptis
1087 278 1121 305 ad
1140 278 1315 305 refellendum
1332 277 1482 304 rationibus
1504 277 1666 307 instructus,
1687 284 1780 304 resur-

995 325 1145 351 rectionem
1170 328 1282 351 evertat.
1313 324 1396 358 Igitur
1421 323 1576 358 sophisticis
1603 322 1711 350 illorum
1733 331 1780 350 ca-

996 369 1107 397 lumniis
1123 369 1302 397 resistendum
1321 369 1401 396 nobis
1426 374 1485 402 est,
1503 376 1591 403 neque
1606 369 1714 396 illorum
1734 376 1779 395 ra-

995 415 1084 441 tiones
1095 415 1192 448 quibus
1200 414 1278 450 563
1289 414 1401 448 ignavos
1417 414 1548 449 impetunt
1563 414 1616 441 ullo
1629 413 1710 441 modo
1724 421 1781 441 me-

996 460 1114 488 tuendae.
1128 459 1201 487 Nihil
1215 463 1286 487 enim
1299 461 1326 487 in
1341 460 1383 487 his
1398 468 1494 487 sanum
1510 464 1551 488 est
1566 464 1647 496 atque
1661 460 1780 491 ﬁrmum,

994 507 1042 534 sed
1058 507 1204 534 verborum
1222 506 1352 534 duntaxat
1367 511 1481 534 ornatus
1502 506 1535 533 ad
1557 513 1684 541 pompam
1703 511 1730 534 et
1747 505 1781 532 ad

995 552 1162 579 audientium
1188 552 1398 580 admirationem
1422 553 1592 584 instructus,
1609 559 1642 579 ac
1668 559 1781 587 persua-

995 599 1075 626 dendi
1095 598 1232 633 quoddam
1262 599 1426 626 lenocinium
1450 607 1504 626 non
1529 599 1669 631 veritatis,
1693 605 1781 633 neque

997 645 1121 672 utilitatis
1139 645 1220 673 ullius
1232 666 1239 678 ,
1260 645 1306 673 sed
1326 646 1520 674 ostentationis
1539 653 1623 673 causa
1639 652 1781 680 compara-

996 695 1065 723 tum,
1085 696 1114 718 ut
1131 691 1246 719 callidos
1263 699 1295 718 ac
1313 692 1426 720 solerter
1445 691 1613 727 excogitatos
1642 698 1782 718 sermones

996 735 1166 764 auditoribus
1193 736 1348 764 exhibeant.
1376 737 1465 771 Atque
1495 736 1558 763 hinc
1585 743 1782 770 nonnunquam

996 781 1097 809 accidit
1114 787 1143 809 ut
1155 789 1217 817 quae
1230 790 1263 809 ex
1277 782 1473 810 verisimilibus
1492 782 1616 810 deducta:
1635 786 1698 810 sunt
1717 790 1781 810 ora-

996 828 1099 861 tiones,
1116 832 1144 855 et
1165 828 1198 855 ad
1216 828 1334 863 speciem
1349 836 1382 856 ac
1400 829 1565 863 voluptatem
1581 833 1701 861 ornatae,
1722 829 1782 857 aliis

996 874 1200 908 pnestantiores
1215 873 1378 907 videantur,
1404 882 1465 909 qua:
1490 874 1524 901 ad
1548 875 1782 902 accuratissimam

156 916 293 951 σοφισταὶ,
307 916 331 942 οἳ
357 915 452 951 μισθὸν
469 916 609 952 αἱροῦνται
629 916 683 943 τῶν
696 917 794 950 λόγων,
814 917 944 944 έπευωνι-

999 907 1122 947 veritatis
1148 927 1272 946 normam
1291 923 1394 947 exactae
1414 907 1493 947 sunt.
1519 919 1557 947 Ex
1574 927 1630 956 quo
1657 919 1686 947 ﬁt
1702 924 1732 948 ut
1755 924 1786 947 et

155 960 262 996 ζόμενοι
286 961 336 996 τῆς
355 961 450 995 σοφίας
477 961 608 993 ἐπαίνοις.
627 961 663 988 Τὸ
685 962 735 997 μὲν
758 960 804 989 οὖν
831 963 944 996 παλαιὸν

156 1005 244 1041 βραχὺ
256 1006 395 1038 παντελῶς
408 1006 438 1033 τὸ
452 1007 515 1042 περὶ
527 1006 577 1042 τὴν
590 1007 718 1044 ἐξήγησιν
730 1005 775 1044 ἦν,
790 1008 945 1044 φιλοτιμου-

156 1052 246 1086 μένων
261 1052 297 1088 μὴ
312 1052 433 1088 τέρπειν,
449 1052 517 1079 ἀλλὰ
527 1052 641 1087 ὠφελεῖν
656 1054 719 1085 τοὺς
738 1054 874 1090 παρόντας
888 1055 942 1081 τῶν

154 1099 226 1126 τότε.

999 964 1127 993 doctores
1142 973 1197 993 non
1214 965 1271 1000 jam
1287 965 1323 998 ei,
1338 965 1410 1001 quod
1425 966 1556 1001 optimum
1572 965 1608 993 sit
1629 966 1784 1001 gravitatis-

999 1019 1052 1046 que
1067 1011 1174 1047 plenum
1185 1031 1193 1044 ,
1210 1011 1337 1039 studeant
1347 1032 1355 1044 ,
1370 1012 1417 1040 sed
1431 1012 1459 1039 id
1478 1011 1626 1043 duntaxat,
1642 1012 1714 1047 quod
1730 1013 1783 1047 pla-

995 1061 1039 1085 cet
1065 1057 1192 1093 quodque
1206 1057 1327 1085 secundo
1343 1057 1438 1085 favore
1455 1057 1550 1090 fertur,
1567 1058 1726 1092 respiciant,
1742 1059 1781 1084 uti

997 1104 1127 1140 sophistae
1145 1104 1237 1132 facere
1254 1110 1470 1137 consueverunt,
1490 1105 1537 1140 qui
1554 1105 1707 1132 orationum
1723 1112 1784 1132 sua-

156 1153 216 1174 rum
234 1147 385 1174 mercedem
402 1147 568 1182 accipientes
585 1147 717 1175 doetrinaa
742 1151 769 1175 et
798 1148 962 1177 eruditionis
989 1157 1046 1177 suae
1071 1149 1199 1179 laudibus
1226 1155 1355 1186 tanquam
1383 1150 1430 1178 vili
1457 1150 1574 1186 quodam
1602 1151 1688 1185 pretio
1712 1151 1783 1178 redi-

156 1196 276 1220 muntur.
293 1192 331 1220 Ac
345 1192 443 1228 priscis
456 1193 565 1228 quidem
581 1194 750 1228 temporibus
780 1202 887 1222 summa
913 1198 973 1222 erat
995 1195 1022 1222 in
1039 1196 1200 1230 explicando
1219 1196 1357 1229 brevitas,
1373 1203 1435 1224 cum
1460 1196 1488 1223 in
1510 1195 1536 1223 id
1553 1195 1591 1223 illi
1609 1197 1780 1231 potissimum

156 1243 355 1275 incumberent,
372 1251 424 1270 non
441 1247 472 1270 ut
482 1242 663 1276 oblectarent,
680 1243 727 1270 sed
741 1249 770 1270 ut
785 1244 946 1278 prodessent
966 1245 1146 1286 auditoribus.

197 1290 255 1323 Ἀφ’
270 1286 300 1316 οὗ
314 1289 343 1316 δὲ
365 1289 457 1316 λοιπὸν
472 1290 512 1321 εἰς
535 1289 676 1326 ῥᾳστώνην
697 1291 838 1326 ἐπετράπη
863 1292 945 1318 πᾶσιν

156 1335 318 1371 ἑρμηνεύειν
337 1335 436 1368 ἐξεῖναι
457 1334 507 1366 τὰς
532 1334 653 1370 Γραφὰς,
671 1336 718 1362 καὶ
741 1336 840 1368 πάντες
857 1337 897 1368 εἰς
915 1336 946 1363 τὸ

156 1382 267 1417 ποιῆσαι
280 1381 328 1416 μὲν
339 1381 370 1407 τὸ
378 1381 461 1408 καλὸν
477 1381 667 1417 ἠμϐλύνθησαν
676 1381 840 1417 πλησθέντες
852 1383 947 1418 οἰήμα-

157 1435 202 1458 τος
213 1435 220 1442 ·
240 1427 303 1462 περὶ
320 1426 351 1453 τὸ
365 1426 553 1461 λογικεύεσθαι
570 1426 599 1453 δὲ
612 1426 766 1462 προέκοψαν
779 1427 932 1458 καλλωπιζό

159 1481 244 1507 μενοι,
261 1472 298 1504 ὡς
314 1472 402 1499 πάντα
417 1471 562 1506 γινώσκειν
583 1472 750 1508 ὑπάρχοντες
764 1472 856 1505 δεινοὶ,
876 1473 946 1499 διδά-

159 1518 269 1545 σκεσθαι
289 1518 337 1553 μὲν
349 1518 488 1553 ὁμολογεῖν
506 1519 618 1554 χρῄζειν
634 1518 813 1551 αἰδεσθέντες,
830 1519 946 1554 φιλονει-

158 1565 215 1591 κεῖν
237 1564 266 1590 δὲ
287 1551 385 1599 μᾶλλον
417 1551 464 1591 καὶ
486 1551 638 1600 προπηδᾷν,
663 1565 701 1596 ὼς
728 1566 752 1591 oi
774 1551 945 1591 διδάσκαλοι⁵
960 1551 982 1581 c

158 1610 353 1645 θρασυνθέντες
372 1609 437 1644 γοῦν
459 1610 593 1643 ἐντεῦθεν,
609 1610 655 1637 τοῦ
677 1611 725 1645 μὲν
749 1610 881 1642 εὐ).αΰοῦ;
899 1610 948 1637 καὶ

158 1657 256 1693 πράου,
273 1657 319 1683 καὶ
329 1657 416 1684 πάντα
430 1656 557 1683 δύνασθαι
573 1657 660 1683 ποιεῖν
673 1657 718 1683 τὸν
730 1655 796 1682 Θεὸν
811 1653 848 1683 ὧν
861 1657 947 1691 ὲπηγ-

158 1702 276 1736 γείλατο,
297 1702 327 1728 τὸ
341 1702 351 1718 ³
367 1702 504 1729 πιστεύειν
523 1701 693 1736 ὠλίσθησαν·
708 1703 749 1734 εἰς
768 1701 795 1728 δὲ
819 1702 946 1737 ζητήσεις

159 1749 239 1780 κενὰς
253 1749 299 1775 κα).
322 1748 496 1784 βλασφημίας
519 1749 613 1783 ἥκασι,
634 1747 671 1783 μὴ
686 1748 842 1783 νοήσαντες,
857 1747 895 1779 ὡς
915 1748 946 1774 οὺ

158 1795 192 1821 τὰ
207 1795 275 1830 ἔργα
289 1795 342 1821 τῶν
355 1794 441 1828 λόγων
458 1793 623 1829 ἐπετηδεύθη
639 1794 729 1829 χάριν,
746 1794 814 1821 ἀλλά
827 1794 883 1821 τῶν
898 1794 944 1830 έρ-

158 1849 213 1875 γων
229 1842 253 1867 οἱ
268 1841 356 1875 λόγοι·
381 1840 474 1875 ὥσπερ
490 1839 623 1875 ἰατρικῆς,
640 1841 673 1866 δι’
693 1837 730 1867 ὧν
749 1840 812 1872 τοὺς
829 1840 946 1875 κάμνον-

158 1895 208 1918 τας
219 1887 259 1913 δεῖ
273 1885 416 1918 σώζεσθαι,
433 1885 486 1912 τῶν
501 1885 587 1920 λόγων
600 1885 690 1920 ἔργοις
712 1885 900 1920 κυρουμένων·
913 1885 946 1911 ἵν’

159 1933 338 1969 ἡρμοσμένων
358 1932 437 1968 ἡμῶν
453 1933 542 1959 πάντα
558 1932 721 1967 συμφώνως,
735 1933 750 1958 ὁ
765 1931 827 1963 νοῦς
839 1931 882 1967 εἴη
892 1932 947 1963 τοῖς

158 1979 280 2015 ἀρίστοις
295 1979 384 2013 λόγοις
396 1980 430 2005 τὰ
445 1979 496 2014 ἧθη
513 1980 546 2014 τῇ
563 1979 674 2015 γλώσσῃ
687 1978 792 2014 συνῳδὰ
807 1978 945 2014 παρέχων,

158 2025 237 2060 δίκην
252 2025 346 2060 λύρας,
370 2025 437 2051 ἀλλὰ
454 2025 490 2060 μὴ
505 2025 612 2060 ἄμουσα
637 2025 684 2051 καὶ
704 2023 865 2061 ἀσήμφωνα.
886 2024 947 2050 Ἐπὶ

159 2071 213 2105 γὰρ
227 2070 266 2105 τῷ
281 2071 433 2106 κτήσασθαι
447 2071 517 2098 κατὰ
532 2071 659 2106 ἀλήθειαν
674 2070 854 2104 ἀγωνίζεσθαι
866 2070 946 2097 δεῖτὸ

158 2117 262 2143 δίκαιον
278 2118 382 2148 ἀσκεῖν,
406 2118 452 2144 καὶ
478 2118 527 2144 οὐκ
553 2118 599 2143 ἐπὶ
612 2118 651 2153 τῷ
670 2117 767 2147 δοκεῖν.
784 2116 877 2152 χωλῶς
891 2117 946 2143 ἐπι-

159 2163 284 2188 Εαίνοντα
303 2163 409 2197 σοφίας,
421 2164 467 2189 καὶ
484 2162 551 2198 πρὸς
562 2162 639 2196 δόξαν
656 2162 755 2197 μᾶλλον
771 2162 787 2197 ἢ
800 2161 866 2197 πρὸς
878 2161 946 2197 ἁλή-

159 2209 234 2235 θειαν
254 2209 439 2244 ἁμιλλώμενον
461 2209 596 2244 πρόθυρα,
619 2209 666 2235 καὶ
688 2210 880 2245 προσχήματα,
899 2208 946 2235 καὶ

160 2256 248 2282 πᾶσαν
263 2255 464 2290 ὑποδυειάμενον
481 2255 531 2290 τῆς
546 2255 715 2291 ὑποκρίσεως
731 2255 779 2290 τὴν
794 2254 904 2290 σκευήν.

1034 1291 1214 1327 Posteaquam
1241 1300 1307 1319 vero
1325 1292 1559 1327 explanandarum
1577 1292 1780 1328 Scripturarum

999 1338 1073 1365 nullo
1090 1337 1190 1372 cuique
1203 1337 1310 1372 negotio
1326 1336 1442 1365 facultas
1457 1341 1499 1366 est
1517 1345 1658 1372 concessa,
1677 1339 1774 1365 univer

998 1383 1076 1418 sique
1102 1383 1174 1410 fastu
1201 1390 1233 1410 ac
1255 1383 1297 1410 sui
1327 1383 1455 1418 opinione
1480 1384 1564 1411 inﬂati
1588 1384 1622 1411 ad
1637 1385 1666 1412 id
1682 1406 1689 1418 ,
1708 1385 1783 1421 quod

997 1433 1102 1456 rectum
1135 1432 1200 1460 est,
1232 1428 1323 1456 obtusi
1353 1433 1435 1465 atque
1461 1430 1571 1458 hebetes
1603 1430 1666 1458 facti
1698 1436 1782 1462 sunt.

998 1481 1110 1509 magnos
1125 1481 1190 1502 vero
1211 1474 1237 1501 in
1254 1474 1436 1502 ratibcinandi
1454 1475 1604 1502 subtilitate
1623 1483 1783 1511 progressus

998 1519 1142 1553 fecerunt,
1160 1527 1192 1547 ac
1217 1519 1310 1547 fucum
1330 1521 1357 1547 in
1381 1520 1497 1548 dicendo
1523 1522 1672 1550 consectati
1698 1527 1782 1553 sunt.

998 1565 1111 1600 perinde
1126 1572 1157 1592 ac
1171 1573 1263 1593 rerum
1276 1565 1397 1592 omnium
1413 1566 1527 1593 scientia
1542 1567 1664 1602 praediti:
1679 1575 1740 1595 cum
1756 1573 1784 1595 et

998 1609 1091 1637 doceri
1111 1617 1142 1638 se
1164 1617 1233 1645 opus
1260 1610 1360 1638 habere
1383 1610 1506 1638 conﬁteri
1522 1611 1715 1640 erubescerent
1729 1633 1736 1644 .
1756 1618 1784 1640 et

998 1656 1169 1684 contentiose
1180 1656 1284 1691 iurgari
1297 1663 1330 1683 ac
1343 1657 1470 1691 prosilire
1484 1662 1682 1693 przeceptorum
1697 1658 1784 1686 instar

998 1703 1126 1736 mallent;
1150 1707 1207 1730 tum
1225 1703 1334 1730 demum
1349 1703 1466 1736 accidit,
1488 1709 1518 1731 ut
1535 1705 1688 1732 temeritate
1715 1714 1783 1740 qua-

999 1748 1060 1775 dam
1072 1748 1136 1775 elati
1149 1748 1183 1775 ab
1197 1749 1322 1783 religiosa
1337 1754 1534 1785 mansuctaque
1547 1750 1630 1777 animi
1642 1750 1784 1779 affectione

999 1801 1031 1821 ac
1044 1794 1205 1822 credulitate
1224 1794 1269 1821 illa
1288 1794 1492 1827 desciscerent,
1519 1804 1572 1832 qua
1595 1795 1679 1824 Deum
1703 1805 1783 1832 posse

998 1839 1131 1875 quidquid
1164 1841 1321 1875 promiserit
1347 1841 1451 1869 allicere
1483 1842 1535 1870 sibi
1567 1842 1782 1877 persuaderent,

997 1891 1095 1914 contra
1108 1894 1174 1914 vero
1193 1886 1227 1913 ad
1245 1887 1341 1914 inanes
1365 1887 1531 1922 quaestiones
1554 1894 1586 1914 ac
1599 1887 1783 1922 blasphemias

997 1932 1094 1959 deduci
1110 1940 1139 1960 se
1158 1936 1327 1968 paterentur,
1347 1941 1381 1960 ne
1396 1933 1463 1960 illud
1481 1932 1589 1967 quidem
1610 1933 1783 1960 animadver-

998 1982 1087 2005 tentes
1113 1986 1167 2006 non
1184 1985 1266 2013 opera
1289 1979 1347 2013 ipsa
1372 1986 1528 2006 sermonum
1543 1999 1551 2012 ,
1571 1978 1618 2006 sed
1642 1985 1783 2006 sermones

997 2032 1110 2059 operum
1126 2025 1213 2060 gratia
1233 2025 1385 2060 comparari
1400 2045 1407 2056 ,
1429 2029 1457 2052 ut
1473 2025 1499 2052 in
1517 2024 1653 2052 medicina
1668 2033 1719 2053 usu
1737 2032 1783 2052 ve-

999 2071 1057 2098 nire
1081 2071 1235 2102 cernimus,
1254 2070 1283 2099 in
1305 2078 1358 2106 qua
1383 2071 1512 2098 nimirum
1542 2078 1683 2099 sermones
1706 2070 1784 2098 factis

998 2117 1051 2144 illis
1076 2117 1303 2151 comprobantur,
1319 2117 1419 2151 quibus
1444 2121 1575 2152 aegrotum
1594 2117 1783 2152 repraesentari

998 2167 1123 2189 sanatum
1143 2167 1260 2197 oportet.
1284 2163 1343 2196 Quo
1359 2162 1483 2190 videlicet
1500 2162 1644 2197 aptissimo
1665 2161 1784 2197 quodam

996 2211 1130 2234 concentu
1150 2209 1307 2242 temperati,
1325 2207 1458 2242 ejusmodi
1481 2211 1598 2234 mentem
1625 2207 1784 2240 habeamus,

965 2245 987 2272 D
1000 2261 1059 2287 qua:
1078 2253 1309 2288 praestantissimis
1324 2253 1495 2280 sermonibus
1510 2256 1708 2279 consentaneos
1728 2259 1787 2278 mo-

160 2309 204 2328 res
219 2308 274 2336 prat
288 2309 317 2329 se
334 2301 420 2333 ferat.
440 2302 504 2337 lyrae
525 2301 668 2336 cujusdam
693 2301 792 2332 instar,
825 2308 878 2327 non
910 2300 1091 2327 abhorrentes
1113 2303 1194 2334 atque
1217 2298 1369 2326 discordes.
1389 2298 1494 2334 Qu'ppe
1521 2299 1553 2325 ad
1579 2299 1604 2326 id
1618 2319 1625 2331 ,
1647 2304 1676 2325 ιιι
1692 2306 1786 2327 revera

159 2353 300 2383 compotes
325 2349 428 2381 simus,
443 2357 498 2376 non
519 2353 548 2376 ut
565 2357 625 2377 esse
644 2349 796 2381 videamur,
821 2350 896 2376 omni
911 2353 955 2376 est
978 2349 1058 2376 nobis
1089 2348 1172 2374 animi
1199 2349 1374 2375 contentione
1404 2347 1518 2375 colenda
1538 2347 1662 2382 justitia,
1678 2351 1707 2374 ut
1730 2355 1784 2375 non

160 2396 242 2423 veluti
257 2396 436 2424 claudicando
453 2397 594 2432 sapientia:
611 2398 732 2425 studium
749 2405 936 2432 capessamus.
963 2405 1052 2433 neque
1071 2397 1104 2424 ad
1119 2397 1231 2432 gloriam
1247 2397 1347 2432 magis,
1361 2404 1442 2431 quam
1460 2396 1494 2422 ad
1525 2396 1665 2424 veritatem
1699 2397 1787 2423 enita-

160 2451 231 2476 mur,
255 2449 302 2471 aut
322 2445 362 2472 sic
388 2449 517 2480 tanquam
543 2445 670 2472 eximiam
685 2445 832 2481 quamdam
852 2445 948 2473 faciem
974 2449 1001 2473 et
1020 2445 1129 2472 inanem
1156 2444 1275 2480 speciem
1295 2444 1480 2475 obducamus,
1506 2451 1669 2479 omnemque
1700 2444 1787 2471 simu-

159 2490 268 2518 lationis
284 2494 410 2517 ornatum
426 2495 642 2526 apparatumque
657 2492 813 2519 subeamus.

194 2537 262 2565 MA’.
281 2537 341 2563 Εἰσὶ
357 2537 420 2573 γὰρ,
432 2538 500 2564 εἰσὶν
516 2538 540 2564 οἳ
557 2537 643 2572 λόγων
659 2538 798 2574 τραγικῶς
813 2546 946 2573 κεκοσμη-

161 2583 248 2619 μένων
256 2583 416 2618 προσὸολαῖς
422 2583 442 2614 ⁸,
451 2584 575 2619 καθάπερ
583 2585 709 2618 γυναῖκες
720 2585 748 2611 αἱ
757 2584 856 2618 ἔξωθεν
865 2585 947 2620 ὡραῖ-

159 2630 271 2665 ζὸμεναι
288 2630 356 2666 πρὸς
370 2630 478 2665 ἀπάτην
490 2631 631 2666 ἐντέχνως,
647 2631 694 2657 ἐὰν
716 2632 752 2666 μή
771 2639 813 2662 τις
826 2631 946 2665 πεφυλα-

158 2676 265 2711 γμένως
281 2677 375 2707 αὑταῖς
388 2676 441 2702 τῶν
452 2676 490 2702 ἔτι
502 2677 639 2712 νεωτέρων
648 2677 804 2713 προσὸλέψῃ
815 2678 847 2712 τῇ
857 2676 946 2703 πίστει

159 2722 206 2748 καὶ
227 2722 374 2757 νηπτικῶς.
393 2722 472 2749 Ὅθεν
494 2722 666 2757 εὐλαϐητέον,
685 2722 737 2758 πρὸ
759 2722 806 2749 τοῦ
823 2730 946 2756 καταμα-

159 2767 215 2794 θεῖν
231 2768 370 2803 ἀσφαλῶς,
386 2769 425 2800 εἰς
438 2769 486 2805 τὴν
494 2768 606 2804 καρδίαν
620 2768 789 2801 εἰσδέξασθαι
804 2768 849 2794 τὸν
860 2767 947 2794 τοιοῦ-

158 2822 204 2841 τον
223 2814 311 2848 λόγον.
326 2815 381 2841 Καὶ
395 2815 448 2850 γὰρ
467 2814 612 2848 φθάνουσιν
632 2815 656 2841 οἱ
677 2813 864 2847 ἐξαπατῶντες
881 2813 946 2839 πολ-

196 2893 205 2910 ¹
221 2893 253 2921 F.
268 2894 484 2928 ἀνατρεπτικοῖς.
531 2894 540 2908 ¹
556 2893 689 2928 Corrupto
705 2902 755 2921 vox
771 2896 823 2921 est.

1037 2535 1117 2572 564
1130 2534 1198 2562 XLI.
1214 2533 1283 2562 Sunt
1297 2535 1368 2562 enim
1383 2533 1515 2570 profecto,
1531 2537 1605 2566 sunt,
1621 2534 1668 2569 qui
1683 2536 1786 2563 oratio-

1000 2582 1044 2610 nis
1063 2582 1191 2617 tragicam
1210 2580 1244 2608 ad
1269 2588 1394 2615 pompam
1420 2584 1557 2607 exornatae
1583 2580 1700 2607 artiﬁcio
1725 2588 1786 2609 sese

999 2628 1153 2659 venditant,
1167 2626 1205 2654 uti
1226 2626 1353 2653 mulieres
1370 2625 1458 2653 facere
1474 2625 1577 2657 solent;
1591 2632 1662 2660 quae,
1687 2625 1719 2652 ad
1738 2625 1787 2652 illi-

999 2673 1126 2701 ciendum
1152 2681 1183 2701 ac
1206 2672 1412 2708 decipiendum,
1426 2677 1569 2699 externum
1588 2671 1712 2706 corporis
1728 2672 1787 2698 cul-

999 2724 1056 2747 tum
1083 2727 1115 2748 ac
1143 2719 1308 2747 lenocinium
1333 2719 1481 2751 adhibent,
1509 2718 1562 2750 nisi
1589 2724 1696 2749 summa
1723 2724 1785 2745 cum

1000 2767 1084 2794 animi
1100 2767 1243 2799 cautione,
1260 2766 1312 2793 ﬁde
1337 2773 1369 2793 ac
1395 2766 1543 2793 sobrietate
1563 2764 1659 2791 muniti
1674 2763 1706 2790 ad
1723 2763 1785 2790 illas

1001 2813 1190 2841 adolescentes
1212 2813 1307 2841 oculos
1327 2812 1466 2848 adiiciant.
1487 2811 1621 2845 Quocirca
1640 2809 1786 2845 diligenter

867 2892 878 2908 ³
890 2890 920 2919 F.
933 2891 988 2918 τοῦ.
1027 2892 1038 2908 ⁸
1058 2891 1089 2920 F.
1107 2892 1263 2928 προϐολαῖς.
