1958 3050
171 170 240 199 1255

863 167 892 195 S.
914 166 1085 195 EPIPHANII

1733 164 1803 193 H56

170 226 321 254 Cavendum
336 228 380 253 est
393 245 400 258 ,
417 232 453 252 ne
463 244 470 257 ,
485 228 630 259 antequam
647 227 731 252 totam
749 231 806 252 rem
830 228 957 251 accurate

1010 223 1085 254 λάκις
1098 223 1161 254 τοὺς
1173 222 1348 254 διδάσκοντας
1356 228 1362 235 ·
1374 221 1500 257 καθάπερ
1511 221 1558 248 καὶ
1566 221 1728 258 αῐΣειρῆνες
1739 224 1804 255 τοὺς

171 272 376 308 poi-ceperimus
387 291 398 304 ,
412 271 547 306 ejusmodi
572 278 712 298 sermones
737 270 771 297 ad
786 270 892 298 animos
909 278 959 297 nt»

171 321 244 344 stros
263 316 450 344 adhaerescere
469 316 616 351 patiamur.
645 314 722 350 Saepe
747 315 819 342 enim
845 315 957 346 accidit,

171 367 201 389 ut
216 362 377 396 deceptores
402 361 545 389 doctorum
571 368 681 401 operam
702 364 886 392 antevertant,
902 368 958 387 non

171 408 250 435 aliter
270 414 302 434 ac
313 406 424 435 Sirene’s
441 407 629 434 crudelitatem
645 414 722 434 suam
739 411 766 434 et
792 406 819 433 in
835 406 959 434 homines

172 452 265 480 odium
285 453 334 485 iis,
349 452 396 487 qui
416 459 477 480 sese
490 451 615 487 fugiunt,
630 455 765 479 suavrtate
778 451 852 480 vocis
870 452 960 478 occul-

172 502 241 525 tant.
255 498 332 531 Quod
348 498 401 525 uisi
421 498 458 525 ita
470 503 522 530 est,
544 498 665 533 inquam.
679 497 807 529 Auxenti,
831 504 892 533 qua:
911 502 958 524 tua

172 548 215 572 est
229 545 263 572 de
279 552 311 572 ea
330 552 360 572 re
376 544 528 572 sententia?
543 543 643 572 Eadem
657 551 719 580 qua:
732 548 789 575 tua.
806 544 958 579 respondit.

173 590 291 619 Proinde
317 591 462 618 contrariae
485 590 623 625 opinionis
644 590 781 625 sopbistas
799 597 896 618 omnes
922 590 960 618 si-

174 638 360 664 mulacrorum
385 637 508 664 veritatis
531 637 681 664 imitatores
696 644 758 664 esse
777 637 912 670 dicimus,
928 644 960 664 ac

174 683 297 711 Veritatis
324 683 410 718 ipsius
431 683 551 718 ignaros,
578 683 731 718 cujusmodi
746 686 810 710 sunt
829 683 958 718 pictores.

174 729 241 756 Nam
256 733 283 757 et
296 729 340 757 isti
357 730 466 757 navium
483 729 666 762 architectos,
680 732 708 756 et
729 736 811 757 naves
828 729 903 764 ipsas
928 735 960 755 ac

174 775 372 810 gubernatores
400 775 552 810 exprimere
580 775 713 802 imitando
738 774 870 807 student.
898 781 960 802 cum

175 819 394 847 fabricandarum
427 820 537 846 navium
569 819 794 855 gubernandique
826 819 881 846 sint
910 819 961 846 im-

174 864 263 899 periti.
292 863 374 892 Visne
398 864 499 899 igitur,
520 867 549 891 ut
570 864 678 891 abrasis
700 863 840 892 coloribus
867 864 960 898 pueris

1010 269 1161 304 φεύγοντας
1178 268 1263 300 αὐτὰς
1278 267 1430 303 κρύπτουσι
1447 268 1582 304 μακρήθεν
1597 268 1628 294 τὸ
1649 268 1804 304 μισάνθρω-

1010 323 1061 340 πον
1081 315 1114 349 τῇ
1127 313 1304 349 καλλιφωνία.
1322 314 1357 340 Ἦ
1374 313 1443 345 πῶς,
1457 310 1480 339 ὣ
1493 312 1631 346 Αὐξέντιε,
1649 313 1716 348 ἔφην
1735 313 1801 348 ἐγὼ,

1011 360 1052 387 σοὶ
1063 361 1070 375 ¹
1081 360 1167 387 ταῦτα
1181 360 1319 392 demeat;
1333 360 1387 387 Καὶ
1399 359 1428 392 ὃς
1437 359 1618 394 ἀπεκρίνατο’
1630 360 1723 391 Οὕτως
1737 359 1803 386 καθ-

1011 406 1083 443 άπερ
1102 407 1149 433 καὶ
1170 406 1213 433 σύ.
1230 405 1335 433 Οὐκοῦν
1358 406 1466 437 πάντως
1479 405 1533 432 τῶν
1553 404 1714 441 ἑτεροδόξων
1737 406 1803 436 τοὺς

1010 452 1140 487 σοφιστάς
1165 453 1287 489 μιμητὰς
1303 452 1419 479 εἰδώλων
1438 451 1566 487 ἀληθείας
1590 450 1659 478 εἶναι
1674 451 1801 486 λέγομεν,

1009 498 1137 534 ἀλήθειαν
1153 499 1190 534 μὴ
1205 497 1399 533 γινώσκοντας,
1421 498 1544 533 καθάπερ
1557 497 1728 533 ζωγράφους.
1745 497 1803 524 Καὶ

1009 545 1062 580 γὰρ
1079 541 1154 571 οὗτοι
1172 544 1312 580 μιμεῖσθαι
1330 543 1381 578 μὲν
1397 544 1564 579 ναυπηγοὺς,
1587 544 1635 570 καὶ
1649 543 1739 575 πλοῖα,
1753 543 1803 575 καὶ

1011 590 1179 626 κυϐερνήτας
1204 589 1390 626 ἐπιχειροῦσι,
1418 591 1567 625 ναυπηγεῖν
1596 589 1643 616 καὶ
1667 589 1802 625 κυδερνᾷν

1012 636 1050 671 μὴ
1070 635 1258 670 γινώσκοντες.
1275 635 1380 662 Οὐκοῦν
1399 635 1562 667 ἀπξέοντες
1579 635 1666 667 θέλεις
1683 635 1717 661 τὰ
1729 635 1801 671 χρώ-

1012 690 1084 717 ματα
1098 682 1236 717 πείθωμεν
1250 681 1341 708 αὐτῶν
1355 681 1390 708 τὰ
1412 679 1585 716 θαυμάζοντα
1604 680 1654 713 τὰς
1674 682 1802 713 τοιαύτας

1010 727 1119 763 γραφὰς
1130 727 1235 758 παιδία,
1254 727 1295 753 ὅτι
1311 727 1373 753 οὔτε
1386 727 1417 753 τὸ
1432 727 1523 754 πλοῖον
1536 727 1628 753 πλοῖόν
1643 727 1727 757 ἐστιν,
1739 725 1802 752 οὔτε

1010 775 1024 800 ὁ
1039 774 1207 809 κυϐερνήτης
1223 773 1403 809 κυϐερνήτης,
1421 773 1488 800 ἀλλὰ
1508 775 1595 808 τοῖχος
1612 773 1711 805 ἔξωθεν
1728 772 1798 808 πρὸς

1010 819 1105 854 τέρψιν
1124 818 1251 854 χρώμασι
1265 819 1313 845 καὶ
1325 820 1444 855 γραφαῖς
1459 818 1681 854 κεκοσμημένος;
1696 818 1750 844 Καὶ
1760 818 1801 844 ὅτι

1014 864 1131 899 μιμηταὶ
1154 863 1203 897 μὲν
1219 863 1328 890 εἰδώλου
1343 863 1437 890 πλοίου
1460 864 1507 890 καὶ
1528 857 1696 899 κυϐερνήτου
1716 863 1740 889 οἱ
1755 862 1803 896 δη-

174 911 342 944 picturarum
359 909 467 936 illarum
485 908 668 936 admiratione
682 909 779 937 deﬁxis
794 909 959 944 persuadeat-

1015 909 1231 945 μιουργήσαντές
1245 910 1315 936 εἰσιν
1334 909 1388 936 ἀπὸ
1402 909 1457 936 τῶν
1471 909 1623 945 χρωμάτων
1641 908 1736 940 ταῦτα,
1754 908 1802 935 καὶ

175 963 254 988 mus,
276 963 364 991 neque
379 962 475 983 navem
494 962 556 983 esse
575 962 637 990 quae
650 955 728 983 navis
742 955 858 988 videtur,
877 963 964 990 neque

174 1002 384 1036 gubernatorem
401 1001 449 1036 qui
477 1000 644 1036 gubernator
670 1005 817 1036 appareat,
843 1001 889 1028 sed
917 1008 964 1036 pa—

174 1048 268 1075 rietem
281 1055 343 1075 esse
355 1047 471 1083 picturis
482 1055 515 1074 ac
525 1046 665 1074 coloribus
681 1046 853 1074 extrinsecus
869 1047 902 1074 ad.
916 1055 964 1074 vo-

175 1091 307 1126 luptatem
322 1091 472 1118 ornatum?
487 1091 566 1124 Quod
583 1095 673 1118 autem
685 1110 694 1123 ,
716 1091 820 1126 optime
834 1091 892 1123 vir,
921 1093 963 1118 in-

174 1144 256 1171 quam
268 1156 276 1169 ,
291 1136 432 1164 simulacri
450 1135 582 1163 duntaxat
603 1135 682 1163 navis
704 1142 736 1163 ac
760 1135 961 1171 gubernatoris,

174 1191 228 1209 non
254 1182 333 1209 navis
353 1181 441 1217 ipsius
468 1182 621 1210 imitatores
649 1181 722 1215 sint,
751 1181 799 1216 qui
824 1182 961 1217 ejusmodi

173 1234 256 1262 opera
270 1227 392 1255 colorum
406 1226 537 1254 varietate
556 1226 703 1259 ﬁnxerunt,
721 1225 831 1262 longum
844 1230 886 1254 est
899 1227 960 1261 qui-

173 1274 234 1300 dem
250 1273 284 1300 iis
303 1273 350 1307 qui
374 1272 470 1300 audire
486 1272 599 1307 cupiunt
615 1271 773 1304 exordium,
796 1272 844 1300 sed
868 1276 960 1300 tamen

173 1319 250 1346 utile.
277 1318 383 1346 Etenim
407 1318 432 1346 si
457 1317 609 1345 divinarum
627 1317 829 1352 Scripturarum
857 1318 959 1350 verba,

169 1365 274 1400 quibus
288 1363 445 1399 opiuionem
469 1371 547 1391 suam
572 1364 605 1391 ad
625 1362 792 1390 illudendum
807 1384 814 1395 ,
830 1367 958 1399 tanquam

172 1411 250 1437 vario
265 1410 388 1437 colorum
403 1417 501 1444 genere
513 1429 522 1442 ,
544 1408 715 1444 distinguunt
729 1428 737 1440 .
767 1416 800 1435 ac
823 1408 958 1443 justitiam

1011 956 1041 982 οὐ
1056 955 1159 987 πλοίου,
1177 954 1281 990 μακρὸν
1292 954 1321 981 τὺ
1337 955 1453 982 ἀκοῦσαι
1469 954 1594 981 ποθοῦντι
1605 954 1635 981 τὸ
1649 954 1801 990 προοίμιον,

1011 1001 1079 1028 ἀλλὰ
1104 1001 1253 1036 ὠφέλιμον,
1278 1000 1356 1035 ἔφην,
1378 997 1400 1027 ὦ
1415 1001 1519 1037 ἄριστε.
1536 1001 1576 1028 Τὰ
1599 1001 1653 1036 γὰρ
1678 1000 1732 1027 ἀπὺ
1747 1000 1802 1026 τῶν

1012 1046 1198 1073 θεοπνεύστων
1217 1046 1332 1082 Γραφῶν
1347 1047 1468 1081 ῥήματα,
1483 1045 1524 1078 οἷς
1537 1046 1802 1082 ὲπιχρωματίζοντες

1014 1092 1196 1119 ποικίλλουσιν
1214 1092 1319 1119 ἑαυτῶν
1336 1092 1404 1128 πρὸς
1426 1093 1534 1128 ἀπάτην
1553 1089 1625 1119 οὗτοι
1645 1092 1695 1128 τὴν
1711 1091 1800 1124 δόξαν,

1009 1138 1183 1174 δικαιοσύνην
1203 1138 1326 1171 αὐθαδῶς
1351 1139 1397 1165 καὶ
1419 1138 1545 1174 ἀλήθειαν
1564 1138 1751 1174 ὀνομάζοντες,
1766 1139 1798 1164 οὐ

1009 1184 1189 1219 γινώσκοντες
1199 1185 1267 1217 ὂλως
1281 1184 1463 1220 δικαιοσύνην,
1477 1186 1503 1211 εἴ
1515 1193 1556 1217 τις
1570 1185 1706 1220 ἀφέλοιτο,
1718 1184 1801 1210 πόσον

1011 1230 1063 1257 οἴει
1092 1231 1285 1266 γυμνωθέντας
1310 1231 1408 1263 αὐτοὺς
1430 1231 1487 1258 τῶν
1514 1231 1642 1258 τοιούτων
1662 1231 1801 1266 ὀνομάτων

1012 1274 1260 1311 χλευασθήσεσθαι;
1284 1276 1359 1304 Πάνυ
1381 1276 1460 1309 πολὺ,
1490 1276 1553 1312 ἐφη.
1576 1277 1694 1313 Πότερον
1709 1274 1802 1307 aiunt}

1013 1320 1152 1354 Δύξέντιε,
1172 1319 1206 1358 ἦν
1220 1322 1248 1349 δὲ
1262 1321 1328 1357 ἐγὼ,
1354 1323 1386 1349 σὺ
1403 1322 1492 1357 βούλει
1509 1323 1611 1359 ταύτης
1624 1323 1801 1358 ἡγεμονεύειν

1012 1366 1062 1401 τῆς
1078 1367 1149 1400 ὀδοῦ,
1166 1367 1183 1403 ἢ
1204 1367 1260 1402 ἐγὼ
1273 1369 1426 1404 ἡγήσομαι;
1441 1369 1560 1402 Δίκαιον,
1584 1369 1647 1405 ἔφη,
1665 1369 1708 1396 σοὶ
1723 1371 1800 1404 ἠγεῖ-

1013 1411 1085 1439 σθαι.
1095 1413 1132 1440 Σὺ
1145 1413 1199 1450 γὰρ
1210 1414 1357 1450 κατάρχεις
1369 1415 1415 1441 τοῦ
1432 1415 1524 1449 λόγου.

173 1457 368 1490 veritatemque
381 1458 539 1489 arroganter
551 1453 703 1486 nom'uaut,
719 1453 831 1488 iustitiae
847 1454 954 1488 penitus
969 1453 1075 1490 ignari;
1092 1456 1141 1484 sed
1170 1457 1193 1485 si
1222 1458 1284 1493 quis
1303 1459 1348 1486 illa
1367 1459 1501 1491 detrahat,
1530 1467 1612 1495 quam
1639 1465 1668 1487 tu
1699 1459 1801 1488 ridicu-

173 1502 215 1529 los
227 1502 283 1529 fore
295 1502 356 1528 illos
368 1501 509 1528 existimas
521 1500 675 1528 istiusmodi
687 1499 829 1527 vocabulis
847 1500 963 1527 exutos?
987 1501 1083 1530 Mirum
1101 1503 1130 1530 in
1148 1503 1272 1536 modum,
1300 1504 1399 1540 inquit.
1417 1505 1487 1533 Tum
1512 1514 1562 1541 ego
1579 1515 1586 1533 :
1612 1505 1682 1533 Num
1700 1511 1728 1533 tu
1751 1509 1802 1533 via:

174 1547 248 1575 illius
265 1546 319 1574 dux
335 1546 514 1579 esse_mavis,
532 1545 648 1572 Auxenti
662 1564 670 1577 ,
685 1552 720 1572 an
738 1552 783 1572 me
799 1545 891 1580 potius
909 1545 1006 1573 ducem
1022 1547 1172 1576 adhibere?
1188 1549 1309 1585 Equum
1342 1554 1384 1578 est
1406 1550 1502 1578 ducem
1529 1555 1557 1580 te
1581 1559 1659 1584 esse.
1686 1560 1800 1588 respon-

172 1593 213 1620 dit
223 1599 230 1618 :
240 1592 281 1619 'l‘u
295 1591 368 1619 enim
377 1591 402 1619 ei
418 1592 536 1618 sermoni
552 1591 665 1626 praeisti.

211 1639 290 1666 XLII.
311 1638 368 1665 Hoc
393 1638 476 1673 igitur
495 1638 598 1666 dictum
615 1641 657 1666 est
673 1639 744 1674 (age
769 1638 842 1666 enim
864 1638 959 1674 Aglao-

1048 1639 1115 1666 MB’.
1127 1640 1232 1666 οὐκοῦν
1246 1640 1353 1675 ἐλέγετο
1362 1640 1446 1677 (φέρε
1463 1641 1515 1679 γάρ
1531 1643 1600 1678 πρὸς
1617 1644 1701 1679 μέρος
1711 1645 1740 1678 ἐξ
1750 1646 1800 1680 ἀρ-

174 1684 286 1719 ξιὴοηιὶε
309 1684 470 1711 sententiam
489 1684 522 1711 ab
547 1684 628 1712 initio
646 1686 790 1720 repetitam
803 1685 962 1721 singillatim

174 1728 393 1765 expendamus),
417 1730 536 1756 animam
551 1737 662 1765 corpus.
679 1731 752 1766 quod
766 1731 962 1759 circumfusum

175 1777 255 1804 nobis
271 1780 323 1808 est,
341 1776 370 1803 in
388 1775 480 1803 delicti
498 1768 606 1812 poenam
623 1778 823 1813 assumpsisse,
837 1786 898 1806 cum
914 1786 961 1806 su-

176 1822 329 1857 perioribus
353 1821 521 1857 temporibus
541 1822 575 1849 ab
595 1829 627 1849 eo
655 1827 781 1857 separata
805 1830 911 1850 summa
933 1823 961 1850 in

175 1868 304 1895 felicitate
333 1866 452 1902 degeret.
483 1867 589 1895 Etenim
615 1873 737 1896 scorteas
766 1869 826 1896 illas
853 1869 962 1896 tunicas

174 1920 290 1948 corpora
307 1920 368 1940 esse
389 1912 515 1945 dicebat,
533 1913 632 1947 quibus
658 1913 738 1949 565
767 1914 879 1941 inclusas.
897 1918 962 1941 sunt

175 1960 289 1990 animm,
307 1963 336 1985 ut
360 1962 498 1986 mortuum
524 1959 590 1987 illud
617 1966 718 1995 corpus
736 1959 961 1988 circumferentes

174 2009 269 2029 corum
294 2009 355 2037 qua:
394 2003 605 2037 commiserant,
637 2011 734 2039 pmnas
764 2004 960 2039 dependereut.

174 2046 271 2075 Nonne
291 2048 348 2075 haec
373 2052 431 2075 ate
452 2048 531 2075 initio
550 2049 689 2084 proposita
708 2053 783 2082 sunt,
806 2056 823 2077 ο
839 2049 962 2078 medice?

175 2093 215 2120 Tu
230 2100 304 2125 vero,
321 2093 344 2121 si
359 2094 451 2121 minus
468 2094 607 2122 recordari
620 2093 730 2127 videor,
742 2095 880 2121 memoria:
894 2102 961 2121 meae

173 2140 313 2174 subjicito.
333 2139 406 2166 Nihil
421 2147 454 2167 ea
481 2148 510 2167 re
530 2147 604 2167 nunc
623 2141 732 2175 quidem
757 2147 827 2176 opus
843 2144 904 2173 est,
923 2140 961 2168 ait

173 2186 228 2213 ille.
246 2185 313 2212 Nam
329 2186 386 2212 haec
402 2185 460 2220 ipsa
480 2189 554 2217 sunt,
568 2193 627 2221 quae
642 2185 730 2221 primo
745 2186 805 2214 loco
828 2186 957 2214 diximus.

173 2229 244 2262 Quid
264 2230 383 2257 deinde?
401 2229 497 2259 Nonne
515 2231 568 2257 hoc
583 2234 677 2265 postea
690 2230 790 2265 saepius
806 2238 822 2257 a
839 2236 864 2258 te
883 2238 960 2258 com-

1014 1685 1065 1720 χῆς
1078 1685 1233 1717 ἀκολούθως
1257 1686 1303 1712 τὸν
1322 1686 1524 1721 Ἀγλαοφῶντος
1540 1687 1709 1724 ἐξετάσωμεν
1724 1690 1800 1724 νοῦν)

1013 1732 1030 1767 ή
1044 1731 1116 1767 ψυχὴ
1141 1731 1172 1758 τὸ
1187 1731 1266 1767 σῶμα
1285 1732 1328 1759 διὰ
1341 1732 1390 1768 τὴν
1411 1733 1565 1769 παράϐασιν
1584 1734 1599 1760 ὃ
1618 1736 1800 1771 περικείμεθα

1015 1776 1095 1803 τοῦτο
1101 1776 1285 1812 ἀνειληφέναι,
1301 1778 1406 1813 χρόνοις
1417 1779 1473 1809 τοῖς
1488 1779 1543 1805 ἄνω
1556 1780 1640 1815 χωρὶς
1651 1781 1733 1807 αὑτοῦ
1749 1791 1800 1817 μα-

1011 1822 1116 1857 καρίως
1126 1821 1250 1854 διάξασα.
1264 1822 1333 1854 Τοὺς
1343 1822 1398 1858 γὰρ
1410 1823 1588 1858 δερματίνους
1603 1823 1672 1851 εἶναι
1684 1826 1800 1860 χιτῶνας

1012 1866 1136 1902 σώματα,
1160 1869 1200 1900 εἰς
1216 1868 1234 1895 ἃ
1250 1868 1385 1904 ἐνεῖρχθαι
1409 1869 1506 1905 συνέϐη
1531 1869 1580 1901 τὰς
1599 1869 1699 1906 ψυχὰς,
1721 1871 1800 1907 δίκην

1010 1912 1085 1944 ὅπως
1101 1911 1139 1939 ὧν
1159 1913 1276 1948 ἔδρασαν
1289 1915 1501 1950 νεκροφοροῦσαι
1517 1917 1702 1952 παράσχωσιν.
1720 1919 1754 1944 Ἢ
1767 1919 1798 1945 οὺ

1010 1957 1096 1984 ταῦτα
1126 1959 1233 1994 πρῶτον
1254 1957 1288 1995 ἦν
1315 1960 1344 1987 ὲν
1370 1961 1441 1996 ἀρχῇ
1465 1960 1500 1987 τὰ
1514 1961 1643 1997 λεχθέντα
1670 1963 1723 1990 ὑπὸ
1739 1964 1798 1996 σοῦ,

1011 2006 1104 2041 ῖατρὲς
1120 2006 1188 2033 Ἀλλ’
1200 2007 1240 2039 εἰς
1255 2007 1405 2043 ὑπόμνησιν
1419 2008 1466 2035 ἐάν
1479 2009 1519 2041 τις
1531 2010 1542 2024 ¹
1558 2019 1599 2036 σοι
1614 2010 1743 2046 φαίνομαι
1760 2012 1797 2047 μὴ

1012 2052 1202 2088 μεμνημένος·
1229 2053 1289 2080 οὐδὲ
1314 2054 1360 2081 νῦν
1380 2055 1557 2090 ὑπομνήσεως
1581 2057 1621 2088 εις
1640 2057 1720 2084 τοῦτο
1739 2058 1796 2094 δέῃ.

1009 2098 1084 2126 Δὺτὰ
1099 2099 1186 2126 ταῦτα
1209 2099 1264 2134 γὰρ
1286 2097 1320 2135 ἦν
1336 2100 1366 2126 ὲν
1383 2101 1501 2135 πρώτοις
1519 2102 1585 2136 ἡμῖν
1600 2101 1634 2128 τὰ
1654 2103 1796 2138 εἰρημένα.

1010 2143 1042 2169 Tt
1057 2143 1086 2169 δὲ
1100 2144 1162 2179 οὐχὶ
1175 2144 1223 2171 καὶ
1236 2144 1316 2172 τοῦτο
1331 2146 1361 2172 ὲν
1374 2147 1431 2178 τοῖς
1450 2146 1513 2182 ἑξῆς
1526 2146 1635 2182 ἐλέγετο
1655 2147 1799 2183 πολλαχῶς

1009 2189 1061 2215 ὑπὸ
1070 2189 1126 2221 σοῦ,
1136 2190 1173 2221 ὡς
1181 2190 1305 2225 ἐμποδὼν
1314 2191 1381 2227 πρὸς
1388 2192 1437 2227 τὴν
1448 2192 1598 2228 κατάληψιν
1606 2194 1671 2229 ἡμῖν
1679 2194 1709 2221 τὸ
1718 2195 1799 2229 σῶμα

1009 2235 1062 2261 τῶν
1076 2235 1159 2266 ὅντως
1168 2236 1263 2270 ὄντων,
1277 2237 1323 2264 καὶ
1334 2237 1442 2271 γνῶσιν,
1453 2238 1496 2265 διὰ
1506 2239 1556 2271 τὰς
1566 2240 1632 2274 πρὸς
1643 2240 1673 2267 τὺ
1685 2243 1798 2275 κοσμεῖν

174 2279 353 2302 memoratum
370 2280 428 2308 est,
457 2283 555 2311 magno
575 2275 657 2309 nobis
681 2275 875 2311 impedimento
897 2284 958 2305 esse

1010 2280 1137 2316 ἀσχολίας
1152 2282 1217 2308 αὐτὸ
1228 2283 1274 2309 καὶ
1286 2282 1458 2318 θεραπεύειν,
1471 2285 1586 2319 γίνεται,
1597 2285 1645 2312 καὶ
1655 2286 1704 2318 τὰς
1715 2286 1798 2318 ἄλλας

173 2327 285 2355 corpus,
313 2321 346 2347 ad
361 2328 455 2348 eorum
471 2329 530 2355 quae
549 2328 643 2348 revera
658 2325 742 2355 sunt,
759 2321 958 2357 perceptionem

1010 2326 1060 2357 τὰς
1075 2327 1137 2362 περὶ
1152 2327 1201 2362 τὴν
1219 2328 1365 2364 ἐπιθυμίαν
1384 2330 1434 2364 τῆς
1447 2318 1565 2366 γαστρὸς
1580 2331 1741 2366 προσϐολὰς,
1757 2332 1798 2359 ἔτι

173 2373 206 2392 ac
231 2366 388 2399 scientiam;
406 2366 478 2401 quod
494 2367 594 2400 partim
612 2366 640 2393 in
664 2373 698 2394 eo
714 2366 836 2394 curando
856 2374 888 2394 ac
913 2366 957 2394 fo-

172 2411 261 2438 vendo
275 2411 360 2439 simus
369 2412 506 2447 occupati,
522 2412 619 2446 partim
630 2412 732 2440 ventris
750 2419 801 2440 nos
824 2412 958 2440 illecebrae

172 2464 203 2483 ac
216 2457 379 2491 cupiditates
393 2457 584 2485 infestent?Ad
596 2457 652 2484 haec
663 2457 855 2485 maledicentia;
868 2458 958 2485 omnis

174 2503 200 2529 in
220 2501 321 2533 Deum,
341 2509 372 2528 ac
386 2507 557 2536 peccatorum
573 2503 693 2529 omnium
716 2510 826 2530 causam
846 2502 879 2530 ad
895 2511 956 2530 cor-

172 2555 222 2582 pus
245 2546 352 2578 referri,
371 2551 513 2582 propterea
536 2547 608 2581 quod
631 2554 678 2581 per
691 2554 752 2574 sese
767 2547 826 2575 sine
842 2555 956 2582 corpore

173 2600 287 2627 peccare
301 2601 413 2628 prorsus
432 2594 521 2619 anima
546 2600 601 2620 non
625 2592 737 2627 potest?
753 2592 830 2620 Unde
851 2597 878 2620 et
895 2599 956 2628 post

171 2639 274 2666 obitum
288 2658 295 2671 ,
316 2646 369 2673 quo
390 2642 502 2673 peccato
527 2643 610 2673 atque
629 2638 657 2665 in
683 2637 767 2666 Deum
783 2641 954 2667 contumacia

171 2692 268 2712 vacare
283 2685 310 2711 in
326 2685 395 2711 coelo
412 2688 513 2719 posset,
531 2684 576 2711 ubi
593 2692 655 2711 cum
672 2685 775 2720 angelis
789 2685 814 2713 ei
836 2684 951 2712 domici-

171 2732 237 2758 lium
255 2733 434 2759 constitutum
460 2736 515 2765 est,
538 2733 648 2759 liberam
673 2733 747 2760 illam
776 2740 809 2760 ac
838 2740 953 2768 corpore

172 2777 300 2804 nudatam
320 2778 380 2805 esse
404 2777 502 2805 debere
516 2798 523 2810 ,
543 2777 761 2813 quandoquidem
791 2779 951 2814 inquinandi

1010 2379 1040 2397 τε
1059 2371 1246 2407 βλασφημιῶν,
1267 2375 1313 2400 καὶ
1327 2376 1461 2402 παντοίων
1472 2376 1557 2403 αἴτιον
1572 2377 1777 2413 ἁμαρτημάτων
1788 2387 1795 2394 ·

1009 2415 1052 2442 διὰ
1069 2417 1099 2443 τὸ
1116 2418 1154 2453 μὴ
1174 2417 1303 2446 δύνασθαι
1318 2419 1380 2446 καθ’
1396 2421 1494 2457 ἑαυτὴν
1509 2421 1571 2457 δίχα
1588 2422 1712 2458 σώματος
1727 2423 1796 2456 ὅλως

1011 2462 1169 2498 ἁμαρτῆσαι
1193 2464 1243 2499 τὴν
1254 2464 1354 2500 ψυχὴν,
1377 2466 1424 2493 καὶ
1439 2467 1484 2493 διὰ
1500 2467 1578 2494 τοῦτο
1599 2469 1667 2503 μετὰ
1682 2469 1730 2505 τὴν
1753 2471 1795 2497 ὲν⁴

1009 2507 1103 2536 τεῦθεν
1120 2509 1273 2544 ἀποδημίαν
1287 2511 1364 2552 eme;
1380 2513 1587 2548 ἁμαρτημάτων
1600 2515 1674 2546 ὅπως
1696 2516 1794 2548 ἔσοιτο,

1010 2554 1056 2580 καὶ
1069 2555 1210 2590 παρακοῆς
1225 2557 1254 2582 ὲν
1270 2558 1326 2588 τοῖς
1341 2558 1474 2593 οὐρανοῖς,
1489 2559 1554 2587 ἔνθα
1569 2559 1615 2586 καί
1631 2560 1679 2592 τὰς
1690 2561 1795 2598 διατρι-

1008 2600 1058 2631 ϐὰς
1080 2600 1135 2632 ἔξει
1156 2601 1225 2636 μετὰ
1243 2602 1298 2629 τῶν
1321 2603 1454 2638 ἀγγέλων,
1479 2605 1623 2642 ἐλευθέραν
1646 2608 1731 2643 αὐτὴν
1748 2609 1795 2634 καὶ

1007 2645 1113 2681 γυμνὴν
1138 2647 1234 2682 χρῆναι
1260 2648 1394 2683 διαμεῖναι
1426 2650 1568 2686 σώματος;
1594 2653 1741 2689 ἐπειδήπερ
1765 2655 1796 2681 τὺ

1009 2689 1088 2725 σῶμα
1102 2691 1149 2717 τοῦ
1166 2693 1325 2727 χραίνεσθαι
1344 2695 1422 2722 τοῦτο
1444 2697 1490 2722 καὶ
1508 2698 1676 2733 ἁμαρτάνειν
1696 2700 1796 2735 παραί-

1005 2743 1062 2762 τιον
1077 2736 1144 2772 αὺτῇ
1156 2738 1205 2764 καὶ
1219 2740 1348 2774 συνεργὸν
1364 2742 1477 2775 γίνεται.
1496 2744 1576 2770 Ἀνευ
1595 2744 1647 2780 γὰρ
1672 2745 1795 2780 σώματος

1006 2782 1144 2818 ἀμήχανον
1165 2785 1320 2821 ἀναρτῆσαι
1340 2788 1440 2824 ψυχήν.
1460 2790 1539 2817 Ὀθεν
1556 2791 1599 2818 ἵνα
1617 2791 1662 2820 τὸν
1681 2793 1794 2829 ἄπειρον

216 2857 330 2885 'Deesse
354 2858 462 2885 videtur
473 2858 608 2886 nonnihil.
647 2860 657 2875 ³
671 2857 702 2885 F.
740 2857 784 2892 ἄγ’
800 2859 840 2890 εἰς
853 2859 936 2895 ὕπομ.
954 2861 1000 2888 ἐάν
1013 2869 1048 2888 τι.
