1958 3050
131 173 199 202 1151
459 172 645 201 ADVERSUS
664 171 834 200 HEBESES
853 171 904 199 Llll

993 172 1074 200 ΤΟΜ.
1094 173 1115 200 1.
1135 188 1169 194 -—
1188 172 1326 200 HIERES.
1346 170 1438 199 LXIV.
1684 164 1752 193 H38

130 232 319 268 ἀναμάρτητος
343 231 428 258 αἰῶνα
447 233 564 268 τηρηθῇ,
582 232 674 259 οὐκέτι
699 233 731 259 τὸ
754 232 903 260 ταλαντεῦοη

977 233 1009 259 uti
1028 233 1212 268 peccandique
1237 240 1320 260 causa
1338 232 1377 259 illi
1395 238 1496 265 corpus
1517 233 1559 256 est
1571 248 1578 259 ,
1593 230 1620 255 et
1635 226 1750 254 admini-

130 277 214 312 αὐτὴν
234 278 274 309 εἰς
292 277 341 312 τὴν
357 277 459 313 φθορὰν
475 279 551 305 κάτω
571 278 617 304 καὶ
642 278 691 313 τὴν
714 277 819 304 ἀδικίαν
836 277 903 312 σῶμ(

978 282 1054 305 ιῑισθιιι
1080 286 1190 314 operam
1208 279 1330 313 praebet?
1346 277 1413 305 Nam
1438 276 1541 310 absque
1559 281 1674 308 corpore
1690 279 1751 307 pec-

130 322 272 357 λήψεσθαι.
297 322 408 357 Ἑλέχθη
424 323 473 349 xui.
492 323 581 350 τοῦτο.
595 323 627 349 Τί
649 323 677 349 δὲ
700 323 745 350 καὶ
769 322 858 354 καλῶς
875 331 903 349 σο

979 332 1031 351 :are
1055 325 1145 351 anima
1171 332 1224 352 non
1241 329 1340 359 potest.
1358 323 1421 350 Ideo
1447 326 1477 349 ut
1503 320 1609 348 inﬁnito
1631 324 1752 353 tempore

131 367 208 394 τοῦτο
224 368 271 393 καὶ
286 367 383 402 ὀρθῶς,
397 367 476 403 ἔφην.
489 368 592 403 ἥγησαι
601 368 724 403 λελέχθαι
737 377 744 401 ;
758 369 812 395 Καὶ
822 368 848 395 τί
863 377 904 394 σοι

978 370 1071 396 )eecati
1087 377 1187 404 corpus
1198 377 1295 404 expers
1310 376 1370 396 esse
1379 368 1475 403 possit,
1487 374 1541 394 non
1555 365 1620 392 illud
1635 364 1751 399 amplius

132 414 194 448 ἔφη,
208 413 288 440 τοῦτο
298 413 436 449 διαφέρειν
451 414 459 430 ¹
470 423 478 448 ;
495 414 575 440 Ἀλλὰ
585 414 635 440 οὐκ
646 413 758 450 ἐλέγξῃς
770 414 816 441 τὸν
827 414 905 449 λόγον

977 422 1069 450 :orpus
1079 415 1205 450 accipiet,
1220 415 1293 450 quod
1305 414 1497 450 pessumillam
1511 412 1543 439 ad
1569 411 1750 444 corruptelam

133 458 198 484 υὺδὲ
217 458 305 494 ψυχὴν
320 459 357 489 δὲ,
376 459 442 494 ἐγώ.
466 459 547 486 Ἀλλὰ
560 459 593 485 δι’
609 459 627 486 ἃ
644 459 767 495 εἴρηκας,
782 460 856 490 ὅπως
875 459 906 491 ἐξ

978 464 995 488 :t
1007 461 1041 488 ad
1056 461 1216 495 injustitiam
1230 460 1366 496 deprimit.
1381 459 1439 486 Hoc
1455 459 1543 494 ipsum
1554 477 1562 488 ,
1585 456 1623 483 ait
1637 457 1681 482 ille
1691 475 1698 486 ,
1712 454 1751 481 di-

131 503 261 539 ετάξηται
276 505 290 530 ὁ
312 504 400 539 λόγος,
416 504 506 537 καλῶς
518 506 565 532 καὶ
587 505 684 541 ὀρθῶς,
699 506 759 541 ἐφη.
779 506 874 538 Καλῶς
887 507 902 533 δ

978 507 1069 534 timus.
1090 506 1159 534 Num
1177 511 1205 534 tu
1220 514 1285 535 vero
1297 526 1306 539 ,
1334 507 1469 540 inquam,
1487 509 1559 531 recte
1575 510 1607 529 ac
1625 501 1751 536 praeclare

131 557 173 599 ροι
188 549 262 576 δοκεῖ
283 549 403 577 τίθεσθαι
421 551 468 577 καὶ
483 550 580 587 ὀρθῶς,
600 551 632 583 ὃς
648 551 737 587 ἐαυτῷ
753 551 788 578 τὰ
809 553 904 579 ὲναντὶς

977 552 1072 579 licium
1091 552 1157 580 illud
1172 552 1334 580 existimas?
1350 551 1420 584 Quid
1437 550 1509 577 enim
1525 553 1572 576 tua
1591 547 1691 575 refert?
1703 546 1750 572 ait.

132 593 216 627 λέγων
234 595 280 621 καὶ
294 594 460 630 ἀσύμφωνα;
471 595 533 622 Οὐδ’
548 596 631 628 ὅπως.
644 596 676 622 Τί
690 595 736 624 οὖν
748 605 755 629 ;
779 597 905 632 ’Δμούσωη

979 598 1053 634 λιιιυί
1078 598 1202 626 refellere
1226 598 1277 625 ista
1294 605 1348 625 non
1370 597 1481 632 poteris.
1496 594 1589 629 Neque
1611 602 1676 621 vero
1691 593 1752 619 ani-

131 639 184 674 γὰρ
201 639 287 671 οὕτως
303 648 346 667 σοι
361 641 483 675 φαίνεται
499 642 547 677 τὴν
563 642 690 678 ἀλήθειαν
704 643 897 679 ὑποκρίνεσθαι

978 652 1052 677 nam,
1069 644 1182 679 subjeci.
1198 643 1296 672 Verum
1311 651 1344 671 ex
1362 643 1405 671 his
1421 650 1481 677 quae
1495 641 1599 672 dixisti,
1617 640 1751 675 plaeetne,

133 685 245 738 llivtm'v
272 686 399 721 μάλιστα,
416 686 479 722 ἔφη.
503 688 560 714 Οὐκ
584 688 638 724 ἄρα
661 688 779 724 ἀποδέχῃ
805 690 850 716 τὸν
867 689 906 716 τὼ

978 695 1002 718 tt
1017 691 1044 717 in
1068 698 1222 718 sermonem
1248 694 1324 717 tuum
1340 688 1527 724 inquiramus?
1547 687 1636 718 Belle,
1653 684 1751 719 inquit,

133 731 269 766 ἁμαρτίας
290 733 441 760 ἐντείνοντα
457 733 525 770 πρὸς
539 733 570 761 τὸ
588 734 682 769 ψευδὲς
702 734 783 770 μέλος
799 735 853 762 τῶν
873 735 902 762 λό

981 745 1004 764 lc
1018 737 1170 764 commode.
1184 735 1304 763 Rectene
1317 742 1382 763 vero
1403 742 1435 762 ac
1454 733 1585 770 praeclare
1603 738 1699 759 censos
1720 730 1754 757 ab

132 785 203 810 γων;
217 778 276 804 Οὐδ’
292 778 366 811 ὅπως
382 778 409 806 τί
421 776 467 806 οὖν
485 779 514 812 ';

983 789 1005 809 ιο
1021 782 1139 817 positum
1157 781 1258 816 aliquid
1269 800 1277 812 ,
1293 780 1341 815 qui
1366 779 1418 807 sibi
1438 779 1489 814 ipsi
1509 777 1644 806 contraria
1660 784 1692 803 ac
1705 783 1756 810 pa-

134 832 194 852 rum
221 825 385 854 cohaerentia
423 827 579 862 loquatur?
609 826 720 856 Minime
746 835 833 861 sane,
857 828 937 856 dixit.
965 828 1036 862 Quid
1062 828 1160 864 igitur?
1187 827 1257 855 Num
1275 827 1325 854 tibi
1350 826 1468 854 ahsm'de
1488 825 1532 852 ille
1557 824 1697 852 veritatem
1716 822 1754 849 si-

134 874 254 924 ii'ulf’sse
267 874 396 902 ﬁdem”
414 875 540 908 Ο¹¹¹¹¹ίη⁰ν
561 876 710 911 resPendit.
723 876 762 905 Ne
775 885 837 905 eum
854 877 964 912 quidem
984 878 1068 913 igitur
1080 877 1196 912 probare
1213 880 1300 912 potes,
1323 876 1369 911 qui
1390 875 1488 902 delicta
1511 873 1546 900 ad
1571 872 1669 900 falsum
1691 878 1755 898 ora-

133 920 216 947 tionis
225 926 388 949 concentum
401 926 481 957 atque
492 923 662 950 harmoniam
673 923 816 951 intendat?
826 923 916 957 Nullo,
935 925 1033 959 inquit,
1052 923 1144 951 modo.

167 965 270 992 ⁴ὶὺκοῡν
281 966 340 993 οὐδὲ
351 967 464 994 σεαυτοῦ
479 967 603 1002 λέγοντος
616 968 814 1003 ἀμούσιικ,οὑδ’
828 968 916 996 ὁτιοῦν
934 973 940 1000 |

1003 969 1087 1004 Igitur
1107 976 1141 996 ne
1161 972 1187 995 te
1208 967 1297 1004 ipsum
1318 966 1428 1002 quidem
1447 962 1605 1000 probaveris
1633 962 1678 997 qui
1699 967 1754 988 tam

132 1010 271 1046 ἀποδείξῃ.
301 1012 368 1044 Δοὺς
394 1012 449 1049 γὰρ
479 1013 632 1048 ἀσωμάτως
658 1014 847 1050 ἡμαρτηκέναι
870 1014 904 1040 τὰ

982 1014 1090 1042 lbsurde
1112 1013 1232 1048 loquare.
1265 1012 1333 1039 Nam
1349 1019 1410 1038 cum
1426 1016 1554 1044 peccasse
1567 1007 1635 1034 citra
1655 1013 1755 1040 corpus

133 1056 230 1091 ψυχὰς,
251 1058 454 1092 ἀποσφαλείσας
471 1058 520 1094 τῆς
541 1059 659 1094 ἐντολῆς,
681 1059 729 1086 καὶ
751 1060 859 1095 φράσας
877 1059 906 1086 6a

983 1059 1078 1086 mimas
1097 1057 1296 1089 concessisses,
1310 1064 1341 1083 ac
1357 1055 1513 1082 mandatum
1530 1061 1590 1081 esse
1604 1058 1756 1086 transgres-

134 1103 181 1136 τὴν
199 1103 312 1138 ὶνομίαν
330 1105 392 1136 τοὺς
410 1104 528 1139 χιτῶνας
542 1104 637 1136 αὑταῖς
658 1104 770 1140 ὕστερον
784 1105 847 1137 τοὺς
861 1106 907 1141 δερ

982 1113 1029 1138 sas,
1053 1109 1135 1140 atque
1157 1105 1193 1131 ob
1213 1104 1238 1131 id
1262 1107 1404 1139 peccatum
1428 1105 1548 1129 scorteas
1570 1099 1624 1126 illis
1648 1098 1755 1125 tunicas

135 1148 263 1182 ματίνους
279 1149 424 1176 δεδωκέναι
440 1150 485 1177 τὸν
504 1150 579 1183 Θεὸν,
598 1151 641 1182 ἵνα
657 1150 733 1186 δίκην
744 1151 908 1186 νεκροφοροῦ

983 1150 1107 1177 ibtulisse
1120 1148 1215 1182 Deum,
1230 1153 1259 1176 ut
1269 1156 1301 1176 ea
1314 1151 1484 1176 mortuorum
1497 1145 1649 1182 gestatione
1661 1150 1756 1178 pmnas

135 1203 178 1220 σαι
194 1195 366 1231 παράσχωσι,
378 1195 493 1231 χιτῶνας
509 1196 542 1223 τὰ
558 1196 670 1231 σώματα
686 1197 802 1231 φράσας,
815 1197 908 1232 προῖόν

983 1196 1180 1229 icrsolvereut;
1212 1195 1321 1222 tunicas
1348 1194 1420 1222 enim
1445 1194 1512 1221 istas
1536 1192 1571 1219 de
1595 1190 1756 1225 c0rporibus

134 1248 178 1270 τος
190 1239 238 1266 τοῦ
252 1240 331 1275 λόγου
347 1241 552 1276 ἐπιλαθόμενος,
567 1241 585 1268 ἃ
595 1242 625 1268 τὸ
636 1241 743 1276 πρῶτον
758 1241 869 1273 ὑπέθου,
885 1250 907 1276 μ’

985 1242 1183 1277 interpretaris,
1211 1248 1275 1269 cum
1305 1240 1379 1271 haec,
1418 1245 1546 1274 mquam.
1573 1236 1755 1265 asseruissrs,

134 1285 261 1313 δύνασθαι
276 1286 337 1313 καθ’
351 1287 450 1323 ἑαυτὴν
469 1288 519 1323 τὴν
537 1288 626 1322 ψυχὴν
646 1288 802 1323 άμαρτῆσαι
822 1287 907 1321 λέγεις

984 1288 1162 1323 ινοετοάὶοιιιθ
1185 1288 1315 1322 deinceps
1338 1286 1478 1316 oratione,
1494 1284 1567 1311 velut
1578 1289 1672 1310 eorum
1697 1288 1757 1315 quae

137 1330 174 1356 οὐ
191 1331 342 1364 πεφυκέναι
358 1330 412 1367 γὰρ
428 1331 496 1363 ὅλως
511 1332 579 1367 πρὸς
595 1331 682 1361 τοῦτο,
697 1331 765 1358 ἀλλὰ
779 1331 910 1367 παραίτια

984 1340 1051 1362 lutea
1076 1340 1259 1369 proposueras
1282 1332 1407 1364 oblitus,
1438 1338 1490 1358 non
1521 1336 1601 1364 posse
1626 1334 1674 1362 per
1697 1333 1757 1353 sese

136 1376 203 1410 αὐτῇ
219 1376 355 1403 παντοίων
367 1377 461 1404 κακῶν
470 1377 500 1404 τὸ
512 1376 590 1412 σῶμα
601 1377 750 1411 γεγονέναι.
763 1377 844 1403 Ὀθεν
856 1376 907 1412 πρὸ

984 1380 1092 1406 lnimam
1105 1385 1226 1413 .peccare
1244 1377 1410 1404 conﬁrmas:
1426 1374 1509 1410 566
1531 1381 1618 1408 neque
1634 1371 1707 1399 enim
1724 1370 1757 1396 ad

135 1419 166 1446 τὸ
191 1421 223 1455 μὶ
250 1422 458 1458 παρορμηθῆναι
486 1422 553 1458 πρὸς
579 1422 684 1449 ἀδικίαν
713 1422 806 1458 αὐτὴν,
834 1419 908 1453 αὖθις

986 1424 1000 1452 d
1015 1432 1030 1451 a
1051 1429 1147 1451 natura
1168 1431 1229 1451 esse
1248 1425 1431 1457 comparatam
1450 1441 1457 1453 ,
1473 1419 1520 1448 scd
1542 1418 1675 1446 malorum
1704 1423 1759 1443 om-

137 1465 262 1502 καθάπερ
279 1467 377 1503 συνέϐη
397 1469 442 1494 καὶ
459 1468 575 1504 πρόσθεν
591 1468 642 1494 ὑπὸ
664 1467 710 1495 τοῦ
727 1469 862 1503 σώματος.
880 1467 910 1494 οὗ

985 1470 1049 1497 lium
1063 1477 1172 1497 causam
1189 1469 1214 1496 ei
1237 1475 1336 1503 corpus
1355 1466 1490 1494 attulisse.
1503 1464 1592 1498 Quare
1612 1470 1645 1489 ne
1661 1461 1694 1488 ad
1710 1461 1758 1487 im-

136 1512 245 1543 :w;~slg
269 1513 332 1544 τοὺς
353 1512 453 1545 αἰῶνας
481 1513 566 1549 αὐτὴν
593 1513 701 1540 ἔσεσθαι
725 1513 809 1548 χωρὶς
830 1513 909 1540 αὑτοῦ

985 1514 1136 1542 )robitatem
1158 1513 1257 1541 iterum
1279 1512 1418 1542 incitetur,
1434 1507 1662 1545 quemadmodum
1680 1509 1758 1532 antea

137 1557 233 1585 Καίτοι
246 1559 352 1594 πρῶτον
366 1560 449 1586 εἰπὼν
466 1562 494 1587 ἐν
508 1561 547 1596 τῷ
562 1560 719 1596 παραδείσῳ
736 1560 788 1595 πρὸ
804 1560 851 1586 τοῦ
872 1559 910 1586 σὼ

987 1568 1006 1587 rx
1033 1560 1193 1595 contagione
1212 1558 1335 1593 corporis
1360 1556 1504 1587 acciderat,
1523 1555 1563 1582 sic
1584 1553 1657 1580 illam
1676 1551 1711 1577 ab
1728 1557 1760 1577 eo

140 1612 222 1639 ματος
234 1605 282 1640 τὴν
292 1605 390 1641 ψυχὴν.
401 1606 479 1633 ὁπότε
495 1606 535 1632 ἔτι
552 1606 673 1642 μακαρία
687 1606 733 1632 καὶ
749 1604 868 1641 ἀναλγὴς
879 1603 913 1640 ἦν

986 1610 1130 1642 ιοριιτιιιοω
1164 1609 1294 1640 perpetuo
1325 1603 1456 1631 futuram.
1482 1600 1564 1636 Atqui
1587 1598 1669 1634 paulo
1697 1600 1759 1623 ante

138 1651 336 1686 ἡμαρτηκέναι.
358 1652 508 1687 [Ιαραϐᾶσα
535 1653 588 1688 γὰρ
613 1641 662 1687 τὴν
685 1651 805 1687 ἐντολὴν,
827 1660 911 1687 κεκρα

990 1652 1109 1684 Iixeras,
1132 1651 1250 1677 animam
1273 1653 1336 1677 ante
1361 1654 1461 1682 corpus
1482 1646 1510 1673 in
1532 1644 1669 1681 paradiso,
1694 1641 1763 1668 dum.

138 1697 258 1732 τημένης
274 1697 285 1713 ³
308 1698 358 1733 ἢδη
381 1698 426 1725 διὰ
451 1699 499 1734 τὴν
532 1686 598 1733 πρὸς
623 1686 666 1724 τδν
684 1697 746 1731 ὁςιν
770 1686 855 1724 ’πειθὼ
874 1686 911 1732 τῆη

988 1697 1066 1725 ιθὴυο
1089 1696 1163 1729 felix,
1181 1700 1207 1724 et
1222 1704 1237 1722 a
1251 1695 1345 1723 dolore
1367 1693 1497 1721 immunis
1521 1695 1607 1722 esset,
1634 1695 1695 1716 sese
1713 1686 1761 1713 0b-

138 1742 282 1778 ἁμαρτίας,
298 1744 397 1779 δεσμὸν
414 1743 481 1779 αὐτῇ
500 1743 530 1770 τὸ
554 1743 633 1778 σῶμα
651 1743 772 1770 δεδόσθαι
794 1743 911 1778 τιμωρόν

986 1744 1122 1771 strinxisse
1152 1745 1275 1777 peccato.
1304 1740 1410 1775 Quippe
1436 1739 1538 1766 violato
1557 1737 1603 1764 Dei
1620 1733 1759 1764 mandato,

139 1796 200 1815 cum
212 1789 267 1823 jam
286 1793 437 1823 peccatum,
453 1796 502 1824 pro
515 1792 548 1816 eo
560 1789 633 1824 quod
650 1788 769 1823 serpenti
792 1792 931 1823 paruerat,
949 1788 1118 1821 invaluisset,
1134 1795 1235 1823 corpus
1250 1787 1289 1814 illi
1310 1785 1436 1821 supplicii
1461 1784 1522 1811 loco
1543 1780 1645 1810 vinculi
1675 1779 1764 1805 instar

140 1835 349 1863 circumdatum.

177 1882 258 1908 Ὥστε
275 1881 291 1917 ἢ
307 1882 337 1908 τὸ
350 1882 480 1918 πρότερον
494 1882 510 1918 ἦ
528 1882 558 1909 τὸ
567 1881 679 1917 ὕστερον
692 1882 742 1908 οὐκ
760 1881 847 1918 ὀρθῶς
858 1881 924 1916 ἔχει.

1015 1879 1101 1914 Igitur
1124 1877 1166 1905 vel
1192 1877 1279 1915 prius,
1308 1877 1352 1904 vel
1379 1875 1516 1911 posterius
1545 1879 1688 1909 perperam
1706 1877 1762 1898 ate

142 1927 219 1954 Ἤτοι
237 1928 291 1963 γὰρ
309 1928 362 1964 πρὸ
378 1928 501 1964 σώματος
519 1928 636 1964 ἥμαρτε,
653 1929 700 1955 καὶ
720 1928 796 1955 οὐδέν
816 1937 842 1954 τι
858 1927 915 1963 pd).-

987 1925 1098 1960 Jositum
1122 1928 1175 1952 est.
1201 1923 1268 1950 Nam
1295 1927 1343 1951 aut
1365 1925 1428 1950 ante
1451 1927 1556 1955 corpus,
1573 1919 1697 1953 deliquit.
1718 1925 1760 1949 ac,

141 1971 196 2003 λον,
211 1972 261 1999 κᾶν
278 1974 314 2009 μὴ
330 1973 398 2009 λάϐῃ
422 1974 511 2009 σῶμα,
531 1974 730 2010 ἁμαρτήσεται,
747 1973 795 2000 καὶ
812 1973 914 2009 μάταια

992 1971 1090 1999 ametsi
1105 1977 1206 2005 corpus
1223 1969 1335 1996 minime
1351 1970 1484 1998 resumat,
1505 1964 1683 1992 nihilominus
1704 1970 1764 1997 pec-

142 2019 160 2054 ὴ
177 2019 240 2054 περὶ
251 2007 298 2045 τοῦ
309 2007 352 2055 ’μὴ
369 2007 528 2047 ἀνίστα-σθαι
542 2007 573 2046 τὸ
593 2007 674 2055 σῶμα
688 2007 892 2056 τιερισσολογία·
907 2021 915 2046 i

990 2017 1062 2050 :abit,
1089 2020 1117 2043 et
1141 2015 1232 2042 inanis
1254 2015 1306 2042 erit
1328 2013 1418 2041 omnis
1441 2012 1487 2039 illa
1515 2015 1611 2039 contra
1640 2007 1763 2044 corporis

143 2065 213 2100 μετὰ
237 2064 373 2100 σώματος,
392 2066 440 2092 καὶ
459 2066 490 2092 οὺ
517 2065 643 2093 δύνανται
667 2066 745 2102 σῶμα
766 2067 790 2093 οί
815 2066 916 2102 χντιῖ›νε‹

991 2061 1208 2090 'esurrectionem
1233 2068 1265 2087 ac
1293 2066 1493 2095 supervacanea
1522 2056 1693 2092 disputatio:
1717 2058 1764 2081 aut

143 2109 298 2145 νομίζεσθαι
316 2109 383 2137 εἶναι
402 2111 428 2137 οἱ
445 2111 608 2147 δερμάτινοι.
631 2111 793 2147 Εὑρίσκεται
809 2112 863 2148 γὰρ
877 2112 916 2147 πρὶ

989 2115 1042 2135 :um
1068 2114 1184 2142 corpore
1207 2106 1350 2141 peccavit,
1368 2110 1449 2139 atque
1464 2104 1501 2131 ita
1518 2107 1631 2130 scortea:
1646 2101 1698 2128 illa:
1717 2104 1762 2127 tu-

143 2156 192 2190 τῆς
213 2158 385 2191 κατασκευῆς
400 2146 487 2184 αὐτῶν
503 2157 639 2193 ἀθετήσας
652 2146 822 2193 ὀγᾱνθρωπος
838 2146 916 2193 (πρδς

991 2153 1049 2180 lica!
1076 2152 1109 2180 ad
1134 2159 1234 2187 corpus
1262 2150 1359 2178 referri
1385 2157 1440 2177 non
1466 2152 1603 2184 poterunt,
1630 2146 1764 2182 siquidem

143 2201 194 2236 τὴν
209 2201 282 2227 θείαν
300 2201 422 2237 ἐντολήν·
439 2198 470 2229 οὗ
492 2202 539 2228 καὶ
561 2202 640 2237 χάριν
663 2203 687 2228 οι
711 2192 823 2237 χιτῶνες
844 2192 915 2229 κατα

992 2202 1129 2233 mtequam
1153 2197 1206 2225 illa:
1229 2200 1444 2226 consuerentur,
1469 2194 1591 2222 divinum
1607 2193 1641 2220 ab
1657 2192 1765 2219 homine

145 2247 331 2280 σκευάζονται,
349 2247 398 2283 τὴν
420 2247 559 2283 γύμνωσιν
579 2248 628 2282 τὴν
649 2246 704 2274 ἀπὸ
719 2246 769 2281 τῆς
794 2246 918 2282 ἁμαρτίαι

991 2245 1113 2272 riolatum
1135 2251 1197 2272 esse
1216 2246 1380 2278 praecvptum
1402 2240 1655 2270 animadvertimus,
1683 2237 1764 2272 cujus

145 2292 235 2319 αὐτῶν
258 2293 477 2328 προσγενομένην
506 2292 679 2326 καλύψοντες.
710 2291 792 2318 Ἀλλὰ
818 2291 918 2326 πότερο·

996 2298 1097 2325 nsuper
1120 2297 1202 2317 causa
1220 2292 1386 2324 comparata}
1397 2287 1448 2314 illa:
1461 2287 1562 2314 tunica:
1576 2289 1650 2317 sunt,
1665 2285 1766 2319 quibus

1042 2339 1048 2342 .
1103 2338 1109 2342 .
1276 2337 1321 2342 ,,.,
1356 2332 1468 2342 ,,_.It--4
1496 2331 1668 2342 -L.-...._..n.._
1698 2328 1766 2342 Mn...

146 2338 232 2365 πείθω
247 2347 286 2371 σε,
302 2339 349 2365 καὶ
362 2339 438 2375 ὁρᾷς,
451 2339 488 2370 ὡς
502 2338 591 2373 ἐαυτῷ
607 2337 746 2373 μαχόμενα
762 2337 872 2369 ὑπέθου,
886 2345 919 2363 κα

994 2338 1130 2363 :ontracta
1159 2342 1193 2362 ex
1218 2337 1330 2369 peccato
1355 2332 1469 2360 nuditas
1493 2331 1677 2363 obtegeretur.
1698 2328 1767 2356 Nunt

147 2394 189 2412 σοι
212 2384 290 2412 τοῦτο
308 2386 451 2421 γεγένηται
471 2385 570 2419 σαφέςς
587 2385 623 2411 Ἦ
648 2383 752 2410 οὐδέπω
777 2382 920 2419 μανθάνεις

997 2381 1093 2408 andem
1106 2379 1154 2407 tibi
1163 2379 1215 2407 ista
1226 2378 1389 2414 persuadeo,
1398 2377 1479 2411 idque
1492 2376 1559 2403 adeo
1571 2375 1668 2406 sentis,
1677 2381 1768 2409 quem-

146 2429 170 2458 ὧ
190 2431 354 2466 Ἀγλαοφῶν,
377 2431 460 2466 ἔφην.
487 2431 502 2458 δ
527 2430 617 2464 λέγως
638 2429 780 2461 Μανθάνω,
804 2428 867 2464 ἔφη,
886 2437 919 2454 κα

995 2425 1130 2453 Idmodum
1145 2430 1233 2452 tecum
1247 2424 1307 2459 ipse
1325 2424 1432 2451 ratione
1442 2426 1489 2449 tua
1501 2421 1675 2451 dissenseris,
1688 2424 1768 2455 atque

147 2477 238 2503 οὐκέτι
252 2476 348 2512 δέομαι
359 2475 483 2511 δεύτερον
497 2474 664 2502 ἁκούσασθαι
673 2483 681 2490 ·
696 2473 763 2501 ἀλλὰ
777 2472 870 2500 ἔλαθον
884 2472 920 2499 ob:

997 2479 1037 2499 loc
1049 2479 1065 2498 a
1082 2478 1126 2498 me
1146 2471 1195 2498 tibi
1215 2474 1257 2498 est
1272 2469 1414 2505 perspicue
1428 2467 1630 2496 monstratum?
1645 2467 1685 2493 An
1705 2475 1770 2493 non-

147 2522 236 2558 ὁρθῶς
250 2521 344 2549 εἰπών.
367 2521 486 2556 1Ανιὶγκη
507 2520 561 2556 γάρ
579 2529 635 2556 μοι,
652 2519 779 2546 δεδωκότι
793 2519 855 2550 τοὺς
872 2517 919 2553 δερ

996 2517 1050 2544 tum
1078 2516 1150 2551 quod
1180 2516 1241 2543 dico
1270 2515 1397 2550 percipis,
1424 2513 1602 2549 Aglaophon?
1629 2513 1686 2548 Ego
1706 2520 1769 2540 vero

151 2568 278 2603 ματίνους
293 2567 409 2603 χιτῶνας
432 2565 502 2593 εἶναι
523 2566 558 2593 τὰ
577 2565 701 2600 σώματα,
717 2563 867 2599 ὁμολογεῖν,
888 2563 924 2589 κα

995 2562 1119 2597 percipio,
1138 2562 1239 2596 inquit,
1261 2567 1312 2587 nec
1331 2559 1426 2586 audire
1443 2559 1563 2586 secundo
1584 2565 1696 2586 necesse
1717 2561 1768 2584 est.

151 2602 215 2650 πρὶν
228 2615 268 2646 είς
285 2602 317 2640 τὸ
339 2613 418 2648 σῶμα
436 2612 484 2648 τὴν
500 2611 589 2647 ψυχὴν
601 2610 767 2646 ἐληλυθέναι,
781 2609 924 2644 ἡμαρτηκέ

999 2606 1044 2633 Sed
1068 2606 1161 2634 nescio
1186 2613 1240 2641 quo
1263 2605 1344 2632 modo
1362 2604 1520 2640 imprudens
1549 2610 1689 2638 perperam
1720 2602 1772 2628 ista

150 2668 205 2689 ναι.
222 2658 280 2686 ἀνθ’
292 2655 329 2685 ὧν
341 2658 394 2694 πρὸ
407 2658 456 2693 τῆς
467 2656 637 2698 κατασκευῆς
652 2655 745 2682 αὐτῶν
755 2656 772 2690 ἡ
783 2654 921 2690 παράϐασι

1000 2651 1099 2678 actavi.
1116 2649 1234 2678 Necesse
1250 2654 1292 2677 est
1306 2651 1378 2677 enim
1396 2657 1460 2676 cum
1484 2643 1612 2684 pelliceas
1627 2647 1686 2674 illas
1699 2647 1773 2673 tuni-

151 2703 269 2737 ἐγὲνετο.
287 2703 335 2729 Διὰ
353 2703 403 2738 τὴν
423 2695 576 2736 παρᾶὕασιν
592 2701 646 2736 γὰρ
665 2701 690 2726 οι
709 2699 821 2735 χιτῶνες
835 2699 924 2730 αὐτοῖς

997 2704 1035 2724 :as
1064 2702 1179 2731 corpora
1201 2703 1263 2724 esse
1288 2695 1491 2727 concesserim,
1508 2695 1625 2721 animam
1651 2698 1770 2726 quoque.

152 2749 199 2776 καὶ
219 2748 253 2775 δι’
271 2748 361 2774 αὐτῶν
379 2749 395 2783 ἡ
418 2748 519 2775 τούτων
540 2747 630 2778 αὐτοῖς
654 2743 871 2776 κατασκεύασις,
891 2752 925 2770 κα

997 2743 1151 2778 priusquam
1170 2741 1198 2769 in
1214 2749 1315 2776 corpus
1337 2741 1452 2773 subiret,
1479 2747 1607 2775 peccasse
1625 2736 1749 2764 confiteri
1765 2745 1770 2763 :

152 2795 201 2830 οὐχ
217 2795 234 2830 ή
253 2794 408 2830 παράϐασις
444 2793 489 2821 διὰ
514 2793 578 2826 τοὺς
597 2792 712 2828 χιτῶνας
734 2791 874 2827 γίγνεται’
892 2799 925 2817 κα

1000 2793 1133 2824 )ropterea
1149 2788 1221 2824 quod
1233 2788 1373 2821 delictum,
1385 2790 1530 2822 antequam
1547 2786 1600 2812 ill-e
1612 2783 1716 2814 ﬁerent,
1731 2786 1773 2810 est

190 2882 199 2898 '
213 2881 243 2910 F.
265 2882 396 2913 διαφέρει,
424 2881 470 2910 sed
492 2888 586 2911 parum
607 2878 750 2908 commoda
776 2879 832 2906 haec
858 2877 937 2905 lectio

1000 2876 1077 2905 lctur.
1115 2876 1125 2891 '
1141 2875 1170 2902 Ρ.
1193 2874 1248 2902 οἰδ
1272 2875 1346 2906 ὅπως
1365 2872 1422 2902 οὖν.
1460 2874 1470 2890 ³
1486 2871 1516 2900 F.
1534 2870 1773 2907 xsxpuuppévq,.
