1958 3050
172 146 240 175 H39

857 154 885 182 S.
904 155 1074 184 EPII’II.\N[I

1721 162 1793 189 IMO

172 205 333 233 admissum.
363 205 430 234 Nam
455 207 489 235 ob
515 208 599 244 legem
622 211 749 238 violatam
775 213 874 240 tunicae
900 214 952 242 illis

1004 216 1036 241 ἐκ
1050 215 1150 251 ταύτης
1166 216 1214 251 τῆς
1225 217 1370 251 ὁμολογίας
1391 217 1643 251 συγκατατίθεσθαι.
1657 218 1695 250 ὡς
1711 219 1743 245 οὐ
1760 219 1792 246 τὸ

174 250 271 277 oblatae
292 255 367 281 sunt,
392 252 428 279 ob
452 260 567 289 eamque
578 260 715 288 consume;
739 264 828 291 neque
845 263 955 293 propter

173 295 282 322 tunicas
295 295 341 322 illa
353 301 395 324 est
409 296 479 324 facta
497 299 664 326 commissio.
678 299 743 332 Quae
757 308 818 328 cum
839 301 954 336 professi

174 339 318 374 fuerimus,
346 344 473 370 assentiri
495 351 548 371 una
562 350 588 372 et
603 344 668 372 illud
683 345 824 378 debemus,
840 354 874 374 ne
892 347 955 374 huic

172 387 281 421 quidem
297 389 404 424 corpori
422 394 548 424 tanquam
565 397 656 418 causa:
674 391 736 418 mali
753 396 858 426 partem
872 393 954 420 ullam

173 441 234 461 csse
247 434 429 468 tribuendam,
440 436 486 462 sed
499 436 586 470 ipsam
602 444 649 472 per
659 445 719 465 sese
737 439 854 464 animam
868 442 955 465 totam

175 479 248 506 illam
274 481 418 508 sustinere.
446 481 536 514 Quare
560 483 667 511 tametsi
684 491 785 518 corpus
812 492 866 511 non
880 491 956 511 resu-

174 529 240 557 mat,
269 527 445 555 nihilominus
478 529 611 562 peccabit,
639 537 700 556 cum
725 534 752 556 et
779 535 857 558 antea
885 531 955 558 citra

173 578 273 605 corpus
289 573 449 606 peccaverit.
464 572 635 608 Omninoque
654 575 781 602 stolidum
797 580 840 603 est
857 584 957 612 negare

174 615 210 643 ob
229 617 256 643 id
273 624 374 652 corpus
403 622 452 645 aut
479 626 589 647 carnem
623 628 703 655 posse
731 629 884 656 resurgere,
921 630 956 650 ne

173 663 280 697 corpori
297 667 434 698 utcunque
447 665 482 692 sit
498 672 581 692 causa
594 666 733 700 peccandi.
742 666 868 694 Peccabit
880 668 952 695 enim

173 709 267 744 utique
290 710 379 745 posito
401 717 526 746 corpore,
545 717 573 738 ut
588 717 615 738 et
626 716 688 739 ante
705 719 806 746 corpus
820 719 952 747 peccave-

172 759 224 786 rat,
239 756 290 782 etsi
307 763 407 790 corpus
417 764 470 783 non
493 757 608 784 subinde
629 758 750 792 recipiat.
776 757 814 784 Ex
832 766 886 793 quo
905 766 953 786 ne-

1004 261 1082 295 σώμα
1105 261 1183 287 τοῦτο
1206 262 1349 297 παραίτιον
1373 263 1471 294 καιίας
1499 264 1582 294 ἐστὶν,
1609 263 1666 290 ἀλλ’
1683 264 1752 300 αὑτὴ
1771 266 1788 300 ἡ

1002 305 1074 342 ψυχὴ
1092 307 1120 332 ἑν
1131 307 1225 342 ἑαυτῇ.
1243 308 1297 339 Διὸ,
1316 308 1367 334 κᾶν
1382 308 1418 344 μὴ
1430 309 1499 345 λάϐῃ
1511 309 1540 335 τὸ
1558 309 1646 344 σῶμα,
1662 310 1772 345 ἀμαρτή

1004 358 1089 381 σεται.
1109 351 1258 388 ἐπειδήπερ
1274 353 1319 379 καὶ
1336 353 1453 389 πρόσθεν
1468 354 1574 390 ἥμαρτε
1597 356 1680 390 χωρὶς
1696 355 1781 390 σώμα-

1003 404 1058 427 τος.
1080 397 1134 423 Καὶ
1154 398 1265 433 ἀνόητον
1281 398 1311 424 τὸ
1335 399 1424 433 λέγειν
1442 397 1589 426 ἁναὈιῶναι
1604 400 1642 435 μὴ
1659 400 1786 427 δύνασθαι

1003 441 1034 467 τὺ
1049 441 1138 476 σῶμα,
1153 442 1196 469 διὰ
1213 443 1293 470 τοῦτο
1308 444 1366 480 (τὴν
1387 445 1476 480 σάρκα
1495 445 1515 480 ⁸)
1532 446 1574 472 ἵνα
1594 447 1631 482 μὴ
1646 447 1782 482 παραίτιοι

1003 487 1036 522 τῇ
1050 487 1121 523 ψυχῇ
1136 488 1181 514 τοῦ
1197 489 1354 525 ἀμαρτῆσαι
1371 491 1480 526 γενηθῇ.
1496 492 1696 528 ’Λμαρτήσεται
1722 492 1786 528 γὰρ,

1002 532 1040 564 ὠς
1056 533 1102 559 καὶ
1117 534 1169 569 πρὸ
1189 535 1236 561 τοῦ
1257 536 1381 570 σώματος
1397 536 1528 572 ἥμαρτεν,
1546 537 1631 570 οὕτως
1656 538 1702 564 καὶ
1719 538 1786 573 μετά

1003 579 1051 614 τὴν
1063 579 1110 606 τοῦ
1127 579 1250 616 σώματος
1274 582 1413 614 ἀπόθεσιν,
1433 582 1484 609 κᾶν
1501 583 1538 618 μὴ
1555 582 1633 615 αὖθις
1655 583 1686 610 τὸ
1708 583 1786 618 σῶμα

1003 624 1139 661 ἀπολάΰῃ.
1154 626 1235 652 Ὅθεν
1252 627 1355 662 ἀνάγκη
1374 637 1420 663 μοι
1430 628 1473 654 διὰ
1484 628 1570 656 ταῦτα
1586 629 1653 664 μήτε
1667 629 1786 664 ἐμαυτοῦ

1008 671 1077 706 μήτε
1093 671 1173 698 ἄλλον
1191 673 1368 708 ἀποδέχεσθαι
1391 674 1512 709 λέγοντος
1532 675 1595 706 τοὺς
1612 675 1787 711 δερματίνους

1005 715 1121 750 χιτῶνας
1135 715 1203 745 εἶναι
1221 717 1255 744 τὰ
1270 718 1392 753 σώματα.
1413 720 1443 745 Εί
1462 719 1490 746 δὲ
1511 718 1704 755 ἀποδεξαίμην,
1721 720 1780 754 ὁμο-

1004 760 1093 796 λογεῖν
1110 763 1161 798 χρή
1176 772 1210 798 με
1224 764 1270 790 καὶ
1282 764 1316 790 τὰ
1331 765 1472 800 εἰρημένα.
1528 778 1530 781 ι

172 807 248 828 resse
274 805 316 828 est
341 809 429 836 neque
448 810 491 829 me
518 802 616 837 ipsum,
648 811 735 838 neque
751 804 868 831 alterum
884 812 898 831 a
916 812 959 832 me
990 808 1099 841 probari
1117 809 1197 845 567
1223 811 1270 844 qui
1297 815 1417 839 scorteas
1438 812 1544 839 tunicas
1567 820 1682 848 corpora
1703 812 1788 840 fuisse

171 845 278 872 dixerit.
297 846 374 879 Quod
390 847 412 874 si
427 847 455 874 id
475 856 525 883 ego
549 848 730 883 comprobem,
752 856 804 876 una
821 849 864 881 iis,
885 857 945 885 qua:
967 850 1033 884 dixi,
1047 854 1174 881 assentiri
1196 857 1330 883 convenit.

207 888 295 916 XLIII.
320 889 361 916 Ad
377 890 433 918 haec
449 899 499 926 ego
516 901 522 918 :
541 891 608 918 Illud
635 899 709 923 vero,
735 899 752 920 ο
773 892 948 928 Aglaophon,

1037 897 1103 925 MF’.
1127 898 1160 924 Τί
1185 899 1223 931 δὲ,
1247 900 1308 936 οὐχὶ
1334 901 1453 933 κάκεῖνο,
1480 901 1558 937 ἔφην,
1577 899 1600 929 ὧ
1618 902 1787 936 Ἀγλαοφῶν.

172 942 261 961 nonne
277 935 325 962 tibi
338 942 479 970 perperam
504 936 614 963 allatum
640 936 766 964 videtur?
795 937 865 970 Quid
886 937 952 965 illud

171 980 232 1006 est?
266 980 365 1015 inquit.
393 980 511 1016 Corpus,
540 982 667 1016 inquam,
702 990 824 1010 asserere
850 983 952 1011 vinculi

172 1026 259 1054 instar
284 1034 317 1053 ac
336 1027 473 1061 compedis
493 1027 625 1055 adversus
643 1028 760 1055 animam
790 1036 850 1057 esse
869 1029 954 1056 fabri-

171 1076 262 1098 catum
277 1081 284 1099 :
300 1072 373 1107 quod
387 1077 414 1099 et
427 1072 557 1107 propheta
571 1074 674 1100 vinctos
690 1081 739 1100 nos
757 1074 783 1100 in
802 1079 873 1101 terra
891 1082 953 1102 esse

172 1117 244 1144 dicat
259 1118 279 1149 ',
299 1122 325 1145 et
343 1118 427 1145 David
445 1119 613 1154 compeditos
633 1120 787 1154 appellat'?
803 1120 871 1147 Tum
885 1121 951 1148 ille:

172 1161 358 1196 Respondere,
375 1162 475 1197 inquit.
497 1167 552 1189 tam
565 1163 689 1198 expedite
705 1164 754 1191 tibi
769 1172 884 1199 nequeo.
897 1165 953 1193 Cur

171 1211 262 1234 autem
278 1214 340 1234 cum
358 1207 412 1234 alio
426 1208 517 1243 potius
532 1216 586 1236 non
604 1209 748 1243 disputas?
766 1210 800 1236 At
813 1217 864 1244 ego
879 1211 953 1243 (sen—

172 1261 260 1280 seram
277 1254 348 1281 enim
372 1254 516 1282 erubuisse
537 1254 685 1286 hominem,
701 1255 881 1290 convincique
896 1263 953 1283 me-

171 1300 277 1334 tuere),
304 1300 374 1327 Num
401 1304 429 1327 tu
458 1300 566 1328 tandem
597 1301 743 1328 adductum
776 1310 818 1329 me
850 1302 951 1330 invidia

172 1349 251 1379 putas
269 1344 387 1372 voluisse
409 1344 542 1376 refellere,
566 1352 598 1372 ac
623 1353 676 1372 non
698 1346 787 1380 potius
804 1345 876 1380 quod
893 1350 951 1373 erat

171 1391 339 1426 propositum
373 1391 513 1419 declarare
544 1392 689 1419 voluisse?
726 1391 779 1419 Sed
809 1392 877 1420 heus
905 1393 949 1419 tul

166 1444 219 1464 uec
239 1441 264 1464 te
291 1437 451 1472 interrogari
469 1438 567 1472 pigeat.
594 1436 674 1465 Vides
699 1437 771 1466 enim
791 1446 846 1466 non
861 1440 952 1474 parvis

170 1483 203 1510 de
217 1482 297 1510 rebus
311 1486 404 1510 natum
431 1483 503 1510 hunc
527 1483 606 1511 nobis
625 1491 686 1512 esse
711 1491 874 1517 sermonem,
903 1485 950 1512 sed

169 1528 204 1554 de
215 1535 248 1555 eo
263 1528 380 1559 scilicet,
393 1535 511 1563 quanam
531 1529 636 1556 ratione
657 1529 824 1556 credendum
843 1530 888 1557 sit.
902 1529 950 1556 Et-

169 1573 242 1599 enim
263 1572 366 1601 nullum
382 1573 483 1600 homini
497 1573 607 1608 gravius
622 1574 722 1601 malum
735 1574 860 1602 accidere
873 1582 952 1610 posse

169 1623 246 1653 puto,
270 1626 351 1653 quam
378 1619 541 1647 necessariis
567 1627 601 1647 ex
623 1620 715 1650 rebus.
731 1627 792 1647 cum
808 1620 903 1648 falsam
918 1621 952 1648 de

169 1664 223 1691 illis
238 1663 391 1698 opinionem
414 1663 679 1699 conceperit.Palam
696 1665 790 1700 igitur,
806 1673 908 1700 quaeso,
925 1670 952 1693 et

170 1709 299 1736 alacriter
325 1708 359 1735 ad
388 1709 554 1744 interrogata
583 1711 767 1745 respondeas;
792 1719 825 1738 ac
843 1711 866 1739 si
887 1712 952 1746 quid

170 1755 264 1782 minus
282 1761 376 1781 verum
396 1755 576 1790 proposuisse
590 1756 695 1788 videor,
711 1757 816 1790 majore
830 1757 953 1786 veritatis

170 1808 251 1835 quam
277 1801 330 1828 mei
354 1801 444 1828 studio
466 1801 566 1828 duelus
591 1802 732 1837 redargue.
748 1801 815 1829 Nam
829 1803 952 1838 redargui

169 1846 270 1881 ipsum,
286 1853 368 1881 quam
387 1846 469 1873 alium
495 1847 657 1882 redarguere
677 1848 756 1883 longe
775 1849 953 1877 excellentius

169 1899 231 1919 esse
256 1891 355 1919 bonum
381 1891 515 1923 arbitror,
532 1899 587 1927 quo
604 1892 708 1920 scilicet
724 1893 812 1928 majus
826 1898 866 1922 est
882 1894 954 1922 malo

170 1937 260 1972 ipsum
272 1937 351 1972 eripi,
369 1945 450 1972 quam
466 1938 535 1965 alios
552 1938 667 1973 eripere.
682 1939 738 1974 Age
752 1939 834 1974 igitur
848 1941 953 1969 collatis

170 1982 285 2009 invicem
309 1982 492 2014 sermonibus,
516 1983 656 2011 videamus
667 1984 763 2019 ecquid
782 1993 797 2011 a
816 1993 845 2013 se
860 1990 954 2014 mutuo

169 2027 343 2056 dissentiant.
365 2027 425 2055 Non
448 2029 520 2056 enim
549 2029 618 2056 levia
643 2033 707 2057 sunt
722 2030 779 2064 illa,
801 2031 835 2058 de
853 2032 953 2066 quibus

170 2073 373 2105 contendimus,
391 2073 439 2101 sed
454 2073 600 2109 ejusmodi,
625 2079 656 2102 ut
682 2079 710 2103 et
727 2076 773 2103 illa
795 2077 866 2104 scire
886 2085 954 2112 pra:-

170 2119 292 2146 stantius
311 2119 362 2151 sit,
389 2123 416 2147 et
442 2119 569 2155 ignorare
594 2122 794 2156 turpissimum.
819 2122 860 2150 Tu
873 2123 954 2158 igitur

169 2164 331 2192 reviviscere
342 2171 441 2199 corpus
454 2172 507 2192 non
521 2166 663 2194 existimas
678 2177 684 2194 :
701 2175 751 2203 ego
763 2176 828 2196 vero
843 2177 952 2198 censeo.

170 2209 253 2238 Itase
278 2217 323 2238 res
348 2210 439 2243 habet,
470 2211 568 2246 inquit,
588 2220 621 2240 ex
644 2213 687 2241 his
709 2222 770 2249 quae
788 2219 866 2243 antea
884 2216 952 2243 dixi.

169 2255 314 2287 Praeterea,
333 2256 454 2291 inquam,
468 2257 605 2285 vinculum
622 2259 691 2286 idem
704 2267 736 2286 ac
750 2261 912 2295 custodiam,
927 2267 952 2290 et

1005 2255 1119 2306 πλάνηέέ

169 2302 335 2335 sepulcrum,
349 2307 376 2329 et
387 2310 456 2329 onus
471 2311 502 2330 ac
514 2304 622 2338 pedicas
632 2313 693 2333 esse
706 2305 815 2340 dixisti;
827 2315 876 2342 ego
888 2315 952 2335 vero

168 2355 223 2374 non
240 2347 385 2376 assentior.
398 2348 476 2382 Vere,
491 2349 590 2384 inquit,
606 2357 621 2376 a
636 2354 662 2378 te
681 2351 732 2378 ista
749 2352 889 2380 dicuntur.
911 2353 953 2381 Ad

169 2392 226 2420 haec
256 2393 483 2428 intemperantia,
508 2402 620 2428 errore,
646 2397 769 2428 tristitia,
799 2398 953 2433 iracundia,

169 2438 340 2473 ueterisque,
358 2443 388 2466 ut
403 2446 456 2466 uno
473 2440 555 2467 verbo
574 2439 675 2472 dicam,
693 2442 828 2474 munibus,
838 2451 953 2478 quorum

169 2488 200 2512 tu
235 2483 369 2510 malorum
401 2491 512 2511 causam
542 2485 678 2513 sustinere
712 2494 811 2521 corpus
840 2489 952 2520 asseris,

170 2529 267 2569 anima:
279 2528 312 2555 ad
325 2529 435 2556 meliora
449 2530 578 2565 impetum
594 2533 735 2567 praepediri
746 2533 850 2566 dixisti,
864 2541 954 2568 neque

171 2574 261 2602 sinere
285 2581 336 2602 nos
363 2574 397 2602 ad
416 2583 522 2608 eorum,
539 2584 598 2611 qua:
617 2578 706 2612 reipsa
731 2583 804 2611 sunt,
828 2588 952 2615 compro-

171 2620 329 2648 hensionem
353 2627 391 2653 ac.
411 2621 554 2648 scientiam
572 2624 723 2657 pervenire.
740 2624 853 2658 Quoties
879 2627 951 2653 enim

170 2673 266 2693 eorum
293 2674 356 2701 qua:
381 2671 445 2693 sunt
469 2666 599 2702 indagare
619 2669 723 2705 aliquid
740 2670 876 2704 volumus,
895 2676 952 2698 tum

171 2712 269 2738 oborta
292 2712 380 2748 caligo
408 2712 544 2740 mentibus
563 2714 666 2742 nostris
686 2716 814 2744 tenebras
827 2716 953 2750 oﬂ'undit,

171 2765 260 2792 neque
271 2757 412 2785 veritatem
428 2757 546 2790 dilucide
562 2767 577 2786 a
594 2760 675 2788 nobis
692 2760 824 2796 pervideri
843 2762 953 2796 patitur.

1002 942 1076 970 δοκεί
1091 952 1130 970 σοι
1148 944 1184 980 μὴ
1199 944 1287 980 ὀρθῶς
1311 945 1398 980 ἕχεινς
1415 945 1451 973 Τὸ
1474 948 1567 979 ποῖον;
1589 947 1626 973 Τὸ
1641 947 1739 981 λέγειν,
1752 945 1787 982 ἢν

1002 988 1031 1016 δὲ
1051 989 1115 1023 ἐγὼ,
1137 990 1236 1025 δεσμδν
1255 992 1302 1018 καὶ
1324 992 1406 1023 πέδας
1425 992 1455 1018 τὸ
1477 993 1554 1028 σῶμα
1578 992 1788 1028 μεμηχανῆσθαι

1003 1035 1073 1062 κατά
1085 1035 1135 1070 τῆς
1151 1036 1240 1071 ψυχῆς
1254 1046 1260 1052 ·
1286 1037 1332 1064 καὶ
1347 1038 1388 1064 ὅτι
1403 1038 1450 1064 καὶ
1469 1039 1484 1064 ό
1506 1038 1647 1074 προφήτης
1661 1038 1788 1073 δεσμίους

1002 1080 1053 1114 γῆς
1072 1079 1123 1115 ἔφη
1152 1082 1240 1116 ἡμᾶς·
1262 1081 1304 1108 διὰ
1325 1082 1402 1108 τοῦτο
1424 1083 1498 1110 καὶὸ
1521 1083 1601 1109 Δαῆὶδ
1631 1083 1788 1117 πεπεδημέ-

1002 1134 1081 1159 νουςς
1095 1126 1145 1153 Καὶ
1160 1127 1199 1158 ὃς,
1211 1127 1268 1154 οὐκ
1280 1127 1336 1162 ἔχω
1350 1136 1390 1154 σοι
1413 1129 1565 1164 προχείρως
1577 1129 1787 1165 ἀποκρίνασθαι,

1002 1171 1065 1206 ἔφη.
1083 1172 1162 1199 Ἀλλὰ
1174 1172 1201 1198 τί
1218 1173 1289 1208 ἄλλῳ
1302 1173 1332 1200 οὐ
1349 1173 1484 1207 διαλέγει;
1502 1174 1556 1201 Καὶ
1571 1174 1628 1208 ἐγὼ
1653 1175 1789 1209 (ᾐσθόμην

1002 1217 1056 1254 γὰρ
1068 1218 1195 1254 ὲρυθριᾷν
1204 1219 1296 1252 αὑτὸν,
1310 1219 1442 1254 φεύγοντα
1457 1221 1615 1256 ἐλεγχθῆναι
1628 1221 1673 1247 τὸν
1687 1221 1788 1255 λόγους),

1002 1264 1059 1290 Οἴει
1078 1264 1132 1299 γὰρ
1157 1265 1195 1300 μὴ
1218 1265 1288 1292 κατά
1313 1265 1410 1299 φθόνον
1436 1267 1582 1302 ἐπιχειρεῖν
1609 1275 1639 1293 σε
1668 1266 1787 1300 ιλέγξαι,

1003 1309 1081 1345 ἔφην,
1107 1310 1154 1337 καὶ
1174 1310 1211 1346 μὴ
1237 1311 1268 1337 τὸ
1292 1313 1470 1347 προκείμενον
1493 1312 1647 1347 καταφανὲς
1670 1312 1786 1346 φιλονει-

1004 1358 1061 1382 κεῖν
1083 1356 1213 1392 ποιῆσαι;
1229 1359 1309 1390 ⁸Αλλ“,
1336 1355 1359 1385 ὧ
1389 1358 1486 1392 ἀγαθὲ,
1513 1358 1549 1394 μὴ
1581 1358 1733 1393 ἀποκάμοις
1754 1358 1788 1383 ἂν

1003 1401 1188 1437 ἐρωτώμενος.
1210 1404 1292 1439 Ὁρᾷς
1307 1404 1372 1439 γὰρ,
1396 1404 1432 1436 ὡς
1451 1405 1482 1430 οὺ
1510 1404 1573 1440 περὶ
1595 1404 1698 1439 μικρῶν
1719 1404 1789 1429 εἰσιν

1004 1449 1068 1484 ἡμῖν
1080 1450 1104 1476 οί
1119 1449 1206 1484 λόγοι,
1220 1450 1276 1477 ἀλλ’
1285 1451 1376 1477 ὅντινα
1390 1451 1443 1486 χρὴ
1456 1451 1556 1486 τρόπον
1567 1449 1787 1477 πεπιστευκέναι·

1003 1496 1051 1522 καὶ
1075 1495 1128 1531 γὰρ
1156 1496 1233 1522 οὐδὲν
1255 1495 1331 1531 οἶμαι
1359 1496 1492 1523 τοσούτων
1513 1496 1604 1523 κακῶν
1621 1496 1632 1512 ⁸
1653 1496 1789 1531 ἀνθρώπῳ

1002 1541 1140 1575 γενέσθαι,
1164 1542 1225 1568 ὅσον
1252 1543 1305 1569 ἀπὸ
1325 1542 1379 1569 τῶν
1401 1542 1566 1576 ἀναγκαίων,
1584 1542 1682 1569 ὁπόταν
1702 1542 1788 1578 ψευδῆ

965 1586 994 1625 c'
1003 1585 1066 1620 περὶ
1078 1585 1167 1612 αὐτῶν
1177 1585 1290 1619 δοξάζοι.
1304 1587 1354 1613 Ἴθι
1367 1584 1414 1613 οὖν
1426 1587 1572 1622 προθύμως
1587 1587 1654 1623 πρὸς
1671 1587 1703 1614 τὰ
1719 1588 1790 1622 ὲρω-

1002 1630 1111 1665 τώμενα
1129 1632 1280 1666 ἀποσάφει·
1299 1633 1346 1659 καὶ
1366 1633 1412 1660 ὲάν
1430 1633 1456 1659 τί
1476 1641 1516 1660 σοι
1533 1633 1621 1667 λέγειν
1640 1633 1737 1668 ἀληθὲς
1750 1633 1788 1668 μὴ

1002 1675 1086 1707 δοκῶ,
1121 1677 1221 1711 μᾶλλον
1248 1679 1296 1713 τῆς
1321 1679 1448 1714 ἀληθείας
1482 1679 1627 1714 φροντίσας
1658 1678 1674 1713 ῆ
1704 1678 1787 1713 ἐμοῦ,

1003 1721 1119 1756 ἔλεγξον.
1148 1723 1248 1754 Μεῖζον
1277 1725 1331 1759 γὰρ
1360 1724 1462 1758 ἀγαθὸν
1491 1725 1522 1750 τὸ
1553 1724 1711 1759 ἐλεγχθῆναι
1739 1723 1787 1750 τοῦ

1002 1768 1110 1803 ἐλέγξαι
1128 1769 1244 1804 νομίζω·
1265 1771 1319 1805 ὅσῳ
1341 1771 1432 1805 μεῖζόν
1452 1772 1509 1797 ἐστι
1523 1771 1553 1797 τὸ
1570 1771 1650 1797 αὑτὸν
1670 1770 1789 1796 ἀπαλλα-

1002 1813 1082 1848 γῆναι
1098 1814 1183 1840 κακοῦ
1204 1814 1251 1841 τοῦ
1277 1815 1355 1842 ἄλλον
1379 1815 1541 1847 ἀπαλλάξαι.
1564 1816 1631 1851 Φέρε
1648 1814 1704 1847 οὖν,
1723 1816 1788 1850 παρ’

1003 1858 1132 1894 ἀλλήλους
1144 1860 1156 1875 ⁸
1166 1860 1383 1895 παραϐάλλοντες
1397 1862 1460 1892 τοὺς
1475 1861 1579 1895 λόγους,
1596 1860 1782 1894 σκεπτώνςθα-

1003 1906 1067 1932 εἴτι
1079 1905 1223 1933 διοίσουσιν
1235 1906 1367 1942 ἀλλήλων.
1383 1908 1436 1934 Καὶ
1458 1907 1512 1943 γὰρ
1532 1908 1660 1942 τυγχάνει
1677 1905 1739 1943 περ).
1751 1904 1789 1933 ὦν

1003 1952 1229 1988 ἀμφισϐητοῦμεν
1242 1954 1273 1980 οὐ
1291 1954 1361 1980 πάνυ
1377 1954 1481 1987 σμικρὰ
1501 1955 1574 1986 ὅντα,
1589 1954 1658 1980 ἀλλὰ
1670 1954 1733 1988 περὶ
1751 1950 1788 1979 ὧν

1003 1998 1102 2024 ειδέναι
1120 2006 1150 2024 τε
1165 1997 1283 2030 κάλλιον,
1302 1999 1338 2034 μὴ
1351 1999 1450 2026 ειδέναι
1464 2008 1494 2025 τε
1507 1999 1629 2035 αίσχρόν.
1641 1998 1744 2026 Οὐκοῦν
1755 1999 1788 2024 σὺ

1005 2043 1053 2078 μὲν
1064 2044 1094 2070 οὐ
1108 2043 1228 2079 νομίζεις
1242 2044 1388 2071 ἀναϐιῶναι
1410 2045 1440 2071 τὸ
1461 2044 1550 2080 σῶμα,
1567 2043 1670 2079 νομίζω
1681 2043 1708 2070 δὲ
1722 2043 1787 2077 ἐγώ.

1004 2088 1078 2114 Πάνυ
1104 2088 1152 2124 μὲν
1168 2087 1224 2122 οὖν,
1248 2089 1325 2124 ἔφην,
1346 2090 1392 2116 καὶ
1405 2090 1438 2116 δι’
1451 2089 1470 2116 ἃ
1492 2089 1601 2124 εἴρηκα.
1626 2089 1682 2115 Καὶ
1700 2088 1731 2115 σὺ
1747 2088 1788 2121 δὲ,

1002 2131 1037 2169 ἦν
1048 2134 1097 2168 μὲν
1113 2133 1179 2168 ἐγὼ,
1194 2134 1293 2170 δεσμὸν
1315 2135 1390 2166 αὐτὸ,
1412 2135 1460 2162 καὶ
1478 2135 1610 2170 φυλακὴν,
1636 2134 1682 2161 καὶ
1701 2133 1787 2168 σῆμα,

1004 2180 1051 2206 καὶ
1063 2179 1154 2215 ἄχθος,
1184 2182 1231 2208 καὶ
1249 2181 1331 2213 πέδας
1355 2181 1422 2209 εἶναι
1443 2182 1526 2217 ἔφης·
1539 2181 1594 2216 ἐγὼ
1615 2181 1643 2208 δὲ
1660 2181 1691 2208 οὺ
1706 2180 1790 2216 φημί.

1010 2225 1121 2261 Ἀληθῆ,
1133 2226 1196 2261 ἔφη,
1213 2227 1258 2262 μοὶ
1271 2227 1368 2261 λέγεις.
1386 2228 1440 2254 Καὶ
1460 2227 1511 2262 μὴν
1530 2227 1563 2254 δι’
1574 2227 1730 2259 ἀκολασίας,
1744 2227 1790 2254 καὶ

1209 2272 1306 2308 λύπης,
1324 2274 1371 2300 καὶ
1388 2273 1484 2308 θυμοῦ,
1502 2274 1549 2300 καὶ
1567 2273 1715 2309 συλλήϐδην
1735 2273 1791 2300 τῶν

1004 2316 1092 2343 ἀλλων
1103 2317 1240 2351 ἁπάντων,
1252 2316 1289 2345 ὧν
1302 2316 1370 2345 εῖναι
1383 2319 1525 2354 παραίτιον
1534 2318 1600 2345 αὐτὸ
1609 2319 1701 2346 κακῶν
1710 2318 1790 2353 ἔφης,

1005 2361 1151 2396 ἐμποδίζον
1169 2363 1233 2398 ἡμῖν
1246 2363 1296 2398 τὴν
1312 2363 1380 2398 πρὸς
1399 2363 1428 2390 τὸ
1445 2364 1552 2390 κάλλιον
1573 2364 1660 2399 ὁρμὴν
1678 2364 1727 2399 τῆς
1739 2363 1790 2397 ψυ-

1002 2411 1064 2446 χῆς,
1082 2412 1119 2448 μὴ
1141 2412 1193 2439 ὲῶν
1208 2413 1253 2439 τὸν
1274 2413 1358 2445 ὅντως
1378 2414 1462 2440 ὄντων
1483 2415 1522 2445 εἰς
1545 2413 1695 2448 κατάληψιν
1716 2414 1790 2448 ἡμᾶς

1002 2463 1050 2489 καὶ
1066 2463 1165 2498 γνῶσιν
1183 2463 1338 2499 παρελθεῖν.
1359 2463 1417 2490 Κᾶν
1432 2464 1486 2499 γὰρ
1508 2464 1724 2499 ἐπιχειρήσωμεν
1739 2462 1790 2497 θη-

1003 2514 1098 2550 ρεῦσαί
1112 2523 1138 2540 τι
1149 2514 1203 2541 τῶν
1215 2515 1308 2546 όντων,
1329 2515 1372 2542 ἀεὶ
1390 2515 1590 2550 παρεμπίπτεων
1615 2515 1695 2548 ζόφος
1713 2513 1790 2548 Coeo?

1002 2564 1047 2591 τὸν
1058 2565 1194 2600 λογισμὸν,
1225 2565 1260 2601 μὴ
1277 2565 1430 2601 ἐπιτρέπων
1455 2566 1529 2601 ἡμᾶς
1557 2565 1739 2600 ἐπισκοπῆσαι
1759 2564 1791 2590 τὸ

1002 2614 1100 2651 ἀληθὲς
1114 2616 1229 2652 τρανῶς.
1252 2617 1371 2651 ’Λπὰτης
1386 2615 1440 2651 γὰρ
1455 2617 1471 2651 ἡ
1490 2615 1535 2642 διὰ
1552 2615 1606 2641 τῶν
1622 2614 1698 2641 ὢτων
1710 2614 1790 2649 ἡμῶν

1003 2666 1179 2702 πεπλήρωται
1198 2667 1303 2702 σκέψις,
1323 2667 1360 2699 ὡς
1380 2667 1462 2702 ἔφης·
1478 2667 1585 2701 ἀπάτης
1606 2665 1633 2692 δὲ
1657 2665 1703 2691 καὶ
1715 2666 1731 2699 ἡ
1746 2664 1790 2692 διὰ

1002 2715 1051 2751 τῆς
1067 2716 1163 2751 ὂψεως,
1178 2716 1285 2753 ἀπάτης
1306 2718 1332 2744 δὲ
1355 2718 1402 2744 καὶ
1421 2718 1437 2752 ή
1456 2717 1500 2743 διὰ
1524 2716 1577 2743 τῶν
1596 2715 1683 2743 ἄλλων
1695 2713 1787 2749 αἰσθή-

1005 2773 1083 2793 σεων·
1105 2767 1202 2802 Ὁρᾷς.
1223 2768 1293 2803 ἔφη,
1317 2765 1339 2796 ὦ
1361 2768 1506 2802 Εὐϐούλιε,
1528 2768 1566 2801 ὡς
1594 2767 1649 2802 ἐγὼ
1680 2765 1790 2800 ἕτοιμός

207 2819 214 2833 ¹
229 2818 312 2845 Zach.
331 2825 367 2850 Ix,
385 2817 428 2844 II.
467 2819 478 2834 ³
495 2817 568 2847 Psal.
583 2828 645 2853 xu,
660 2820 685 2848 7.
706 2821 716 2837 ³
747 2820 804 2850 Nisi
829 2822 874 2848 καὶ
897 2822 945 2859 τὴν

210 2854 255 2864 ..λη
286 2853 297 2864 Ι
328 2852 349 2864 Ι,
373 2852 494 2864 ιἺΧΛἹ-..

1003 2834 1047 2853 nea
1072 2827 1155 2864 legas,
1179 2836 1380 2864 supervacanea
1409 2828 1460 2857 ista
1487 2833 1562 2857 sunt.
1604 2834 1614 2845 '
1634 2829 1664 2858 F.
1677 2830 1788 2858 τοσοῦτο

173 2854 266 2880 κακόν.
286 2853 297 2870 ⁸
328 2852 504 2888 Ρ.ἀλλήλοις.
