1958 3050
150 128 218 159 «ut

474 127 657 156 ADYICRSUS
677 129 848 158 ILI-IRESES
867 129 930 157 ιω.
951 129 982 156 η.
1003 129 1085 157 TOM.
1106 130 1125 157 l.
1146 144 1182 150 —-
1199 129 1336 157 HERES.
1357 129 1451 157 LXIV.

1708 130 1783 158 “42'

148 185 209 222 ειμί
227 195 256 213 σε
284 185 415 218 ἐπαινεῖν,
428 186 525 216 ὁπόταν
546 187 633 223 ὀρθῶς
654 189 789 224 διασαφῇς
810 189 939 222 τοῦςιλό-

997 188 1059 215 Nam
1075 193 1102 216 et
1117 196 1149 216 ea
1165 188 1315 223 perceptio.
1332 196 1393 219 qua:
1412 188 1442 215 iit
1463 188 1589 219 auribus,
1620 187 1779 223 plenissima

149 240 217 267 γους
229 242 236 265 ς

994 235 1108 262 fallacia:
1124 238 1180 267 est;
1197 233 1280 270 568
1303 233 1386 261 fallax
1409 234 1474 261 item
1490 241 1550 269 quae
1569 235 1656 261 oculis
1673 242 1704 262 ac
1719 235 1779 262 rcli-

149 280 214 313 quis
235 279 347 306 omnino
368 279 495 308 sensibus
514 279 640 307 edicitur.
655 280 748 314 Vides,
775 282 883 317 inquit,
900 281 1014 315 Eubuli,
1040 290 1121 318 quam
1144 290 1194 317 ego
1216 283 1270 309 sim
1293 282 1320 309 in
1346 282 1386 309 tui
1407 281 1591 309 laudationem
1614 288 1778 318 propensus.

116 342 124 347 ρ
150 332 214 352 cum
231 330 322 360 aperte
335 324 519 361 distincteque
532 326 676 362 loqueris?

187 371 251 397 MA’.
271 371 342 406 Ἀρα
357 368 413 401 οὖν,
430 371 473 398 ἵνα
491 372 523 406 δή
542 381 575 407 με
593 373 640 399 καὶ
656 373 754 408 μᾶλλον
776 374 940 407 ἐπαινέσεις,

151 417 178 443 εὶ
194 417 292 451 δεσμὸς
310 417 340 443 τὸ
359 417 438 452 σῶμα
454 417 518 444 καθ’
533 418 605 453 ὑμᾶς
619 419 703 451 δοκεῖ,
723 419 754 445 οὐ
773 419 883 446 δύναται
896 429 942 447 κα-

151 462 214 494 κίας
230 462 352 489 ὑπαίτιον
367 461 438 490 εἶναι
453 463 610 498 νομίζεσθαι
623 466 655 500 τῇ
671 464 754 500 ψυχῇ,
772 466 819 492 καὶ
837 465 943 497 ἀδικίας

151 507 202 538 ἔτι,
223 507 290 534 ἀλλὰ
320 508 497 544 σωφροσύνης
525 510 711 545 ἀντιστρόφως
734 511 780 538 καὶ
807 512 941 543 παιδείας.

150 551 215 579 ἀὖε
226 554 253 580 δὲ
271 553 376 580 σκόπει.
389 553 467 582 Οὕτω
479 554 532 591 γὰρ
553 555 585 581 ἂν
606 555 705 591 μᾶλλον
724 557 941 592 ἀκολουθήσειας.

151 599 203 625 Ποῖ
222 599 324 634 ἄγομεν
346 600 410 631 τοὺς
431 600 466 626 τὰ
485 600 599 635 σώματα
624 601 792 636 κάμνοντας;
813 603 849 629 Οὐ
868 602 943 638 παρὰ

151 646 215 676 τοὺς
229 645 354 681 ἰατρούς;
366 645 461 681 Δῆλον,
475 645 536 681 ἔφη.
551 647 600 673 Ποῖ
611 647 638 673 δὲ
648 647 710 679 τοὺς
723 647 941 684 ἁμαρτάνοντας

152 690 191 718 Οὐ
208 691 283 727 παρὰ
299 691 363 723 τοὺς
374 691 522 724 δικαστάςι
543 693 674 729 ’Λνάγκη.
688 693 792 720 Οὐκοῦν
811 694 888 729 δίκην
904 691 942 720 ὧν

153 738 270 773 ἔδρασαν
284 736 429 770 δώσοντας,
453 738 531 773 ἔφην,
550 738 676 771 δικαίως;
702 739 765 767 Ναί.
793 739 829 766 Τὸ
853 740 882 767 δὲ
904 740 943 767 δί-

153 791 230 809 καιον
247 784 300 810 πᾶν
321 783 420 813 καλόνς
440 783 590 818 Ὁμολογεῖ.
610 785 640 810 ὐ
662 784 690 811 δὲ
713 784 824 817 δικαίως
843 785 943 821 κρίνων

1030 372 1121 400 XLIV.
1144 372 1179 400 Ut
1202 373 1294 408 igitur,
1313 373 1434 408 inquam,
1453 381 1497 401 me
1518 374 1666 409 impensius
1679 374 1780 401 collau-

994 419 1042 446 des
1061 428 1067 445 :
1082 418 1105 446 si
1127 426 1226 453 corpus
1240 417 1376 453 quoddam
1389 418 1517 452 opinione
1534 423 1624 446 vestra
1641 419 1778 446 vinculum

991 470 1049 497 est,
1073 473 1126 492 non
1146 469 1236 500 potest
1259 465 1355 492 animm
1382 464 1564 499 improbitatis
1584 469 1611 492 et
1638 465 1780 500 injustitim

995 511 1086 546 aliquo
1102 511 1182 538 modo
1208 518 1268 538 esse
1292 517 1374 538 causa
1398 510 1501 543 videri,
1527 511 1575 538 sed
1600 519 1615 539 e
1640 511 1780 539 contrario

992 557 1178 591 temperantiae
1214 560 1295 591 atque
1321 556 1483 592 disciplinae.
1513 557 1559 584 Sic
1584 561 1674 585 autem
1706 557 1780 584 istud

992 603 1081 638 ipsum
1094 603 1250 635 considera,
1268 610 1323 638 quo
1338 604 1425 639 magis
1439 603 1506 639 quid
1526 603 1606 631 velim
1619 610 1778 638 assequare.

991 649 1043 682 Qui
1068 649 1151 684 igitur
1167 649 1292 684 corporis
1310 650 1469 685 aegritudine
1491 649 1631 683 laborant,
1652 657 1706 684 quo
1719 653 1781 676 tan-

991 697 1053 724 dem
1078 696 1259 724 deducimus!
1286 696 1383 725 Nonne
1411 697 1445 725 ad
1475 698 1617 726 medicos?
1648 700 1777 734 Apparet,

992 743 1089 777 inquit.
1107 742 1231 776 Quonam
1243 751 1308 770 vero
1323 751 1382 775 eos.
1404 743 1450 779 qui
1471 744 1665 778 peccaverint?
1683 743 1779 771 Nonne

992 789 1026 816 ad
1042 789 1168 823 judices?
1185 788 1304 817 Necesse
1318 793 1372 821 est,
1387 790 1433 816 ait.
1444 789 1591 821 Nimirum,
1611 789 1733 824 inquam,
1749 793 1779 816 ut

153 829 244 861 καλῶς
264 831 336 856 ποιεῖ
351 839 357 845 ·
382 829 494 862 δικαίως
515 830 570 866 γὰρ
592 830 695 865 κρίνεις
721 831 837 866 Συνέφη.
852 827 888 857 Τὸ
914 831 943 858 δὲ

997 842 1045 869 pro
1060 834 1093 862 iis
1112 842 1172 869 qum
1191 833 1383 862 commiserint
1396 834 1471 869 juste
1486 834 1653 869 puniantur?
1669 833 1778 862 Fateor.

153 876 234 902 καλὸν
247 876 382 911 ὠφέλιμον
398 876 533 910 φαίνεται.
553 877 724 910 Ὠφελοῦνται
741 877 795 912 ἄρα
809 878 834 903 οἱ
853 877 941 912 κρινό-

155 931 241 958 μενοι.
262 923 424 959 Ἀναιρεῖται
443 923 497 958 γὰρ
512 923 601 949 αὐτῶν
621 924 681 954 ταῖς
706 923 832 958 βασάνοις
849 924 865 958 ἡ
891 931 940 949 πο-

153 968 234 1004 νηρία
255 968 425 1004 κωλυομένη,
449 968 573 1004 καθάπερ
597 969 645 995 καὶ
672 969 741 1004 πρὸς
764 968 818 996 τῶν
842 969 942 1004 ἰατρῶν

153 1016 251 1050 τομαῖς
264 1015 311 1042 καὶ
335 1016 490 1050 φαρμάκοις
512 1015 540 1041 at
567 1015 650 1042 νόσοι.
677 1015 713 1041 Τὸ
729 1015 784 1049 γὰρ
800 1014 942 1041 ἀδικοῦντα

152 1062 253 1088 διδόναι
267 1061 354 1097 δίκην,
364 1061 578 1096 ἐπανορθοῦσθαι
593 1062 641 1097 τὴν
651 1060 737 1097 ψυχήν
749 1062 817 1093 ἐστι,
829 1061 879 1096 τὴν
894 1069 942 1096 με·

153 1107 240 1142 γάλην
255 1108 330 1134 νόσον
345 1107 451 1134 ἀδικίαν
476 1107 672 1134 ἀποϐάλλοντα.
693 1107 843 1142 Ὠμολόγει.
859 1106 892 1132 Τί
903 1106 942 1138 δὲ,

153 1154 185 1180 οὺ
200 1153 270 1180 κατὰ
284 1153 426 1188 ἀναλογίαν
446 1153 501 1180 τῶν
516 1152 732 1189 ἁμαρτηθέντων
755 1152 803 1184 τὰς
819 1151 944 1183 κολάσεις

153 1202 208 1232 τοῖς
220 1200 409 1236 κολαζομένοις
427 1199 539 1231 δικαίως
559 1199 760 1235 προσφέρεσθαι
777 1199 840 1234 φῂς,
859 1197 943 1224 καθά-

155 1256 208 1284 περ
232 1247 280 1275 καὶ
301 1248 357 1279 τοῖς
387 1246 589 1282 ἰατρευομένοις
619 1245 690 1273 κατὰ
721 1245 864 1280 ἀναλογίαν
889 1245 944 1271 τῶν

154 1293 319 1328 τραυμάτων
336 1293 386 1324 τὰς
410 1293 602 1328 χειρουργίας;
621 1292 789 1318 Ἑπένευσεν.
811 1291 915 1318 Οὐκοῦν
931 1291 945 1318 ὁ

156 1340 206 1375 μὲν
228 1339 343 1366 θανάτου
371 1339 474 1374 δράσας
498 1338 561 1371 ἄξια
584 1339 696 1374 τιμᾶται
715 1338 822 1373 θανάτῳ
845 1337 894 1373 τὴν
907 1337 945 1364 δί-

155 1393 218 1420 κην,
236 1386 250 1411 ὁ
270 1384 298 1411 δὲ
315 1384 425 1420 πληγῶν
453 1384 585 1419 πληγαῖς,
610 1385 624 1410 ὁ
648 1384 677 1410 δὲ
700 1383 807 1419 δεσμῶν
825 1383 944 1417 δεσμοῖς.

162 1431 311 1466 Ὠμολόγει.
330 1430 479 1466 Ζημιοῦται
501 1430 529 1456 δὲ
547 1432 561 1457 ὁ
577 1429 707 1465 ὀφλήσας,
727 1429 805 1465 ἔφην,
824 1428 945 1464 δεσμοῖς,

156 1476 173 1512 ἢ
193 1476 319 1512 πληγαῖς,
337 1475 353 1511 ἦ
369 1475 436 1511 ἄλλῃ
450 1475 503 1502 τινὶ
517 1474 627 1510 τοιαύτῃ
641 1475 770 1510 τιμωρίᾳ,
790 1474 863 1505 ὅπως
876 1473 948 1500 παύ-

991 879 1097 907 Justum
1119 887 1204 915 porro
1229 887 1309 907 omne
1331 881 1431 908 bonum
1454 883 1535 915 atque
1557 880 1700 908 honestum
1718 879 1779 908 est?

991 926 1127 953 Assensus
1157 929 1209 953 est.
1235 924 1295 952 Jam
1324 925 1369 960 qui
1394 925 1468 960 juste
1495 925 1613 960 judicat,
1644 926 1790 960 praeclare.-

992 971 1078 1004 facit;
1105 975 1179 999 recte
1207 971 1280 998 enim
1313 971 1442 1006 judicat?
1470 971 1529 999 Non
1552 971 1671 1007 negavit.
1701 971 1788 1004 Quod.

993 1024 1084 1045 autem
1099 1017 1198 1044 bonum
1214 1021 1267 1050 est,
1291 1018 1371 1045 etiam
1399 1018 1465 1044 utile
1485 1017 1602 1045 videtur.
1623 1017 1717 1051 Quare
1734 1017 1794 1053 qui;

990 1063 1150 1097 judicantur
1175 1063 1319 1091 utilitatem
1343 1063 1476 1099 capiunt:
1494 1064 1591 1091 horum
1617 1063 1718 1098 quippe
1742 1071 1782 1090 re.

994 1116 1087 1144 pressa
1107 1108 1228 1144 nequitia
1256 1109 1424 1137 cruciatibus
1445 1109 1580 1141 evellitur,
1596 1113 1626 1136 ut
1640 1108 1791 1137 antedicis’

994 1156 1163 1183 sectionibus
1184 1163 1216 1183 ac
1236 1155 1446 1184 medicamentis
1466 1155 1788 1191 aegrotationes-tollun-

994 1205 1049 1229 tur.
1081 1201 1187 1229 Etenim
1222 1209 1284 1229 eum
1314 1202 1360 1237 qui
1387 1202 1517 1236 injuriam
1548 1201 1654 1233 fecerit,
1685 1208 1782 1236 pcenas

996 1249 1080 1279 lucre,
1098 1248 1170 1275 idem
1189 1251 1232 1276 est
1253 1251 1335 1282 atque
1362 1248 1453 1275 animo
1471 1248 1583 1282 corrigi,
1597 1252 1624 1275 et
1643 1247 1782 1282 ingentem

995 1294 1131 1325 morbum.
1154 1294 1205 1321 hoc
1216 1297 1260 1321 est
1274 1293 1447 1328 iniustitiam,
1461 1292 1608 1328 deponere.
1629 1291 1690 1319 Non
1710 1292 1782 1319 didi-

996 1341 1113 1368 tebatur.
1128 1339 1198 1373 Quid
1222 1343 1278 1366 tum
1304 1339 1415 1374 postea?
1440 1339 1538 1366 Annon
1559 1347 1610 1374 pro
1631 1338 1724 1366 delicti
1742 1346 1784 1365 ra-

995 1386 1080 1418 tione,
1094 1386 1157 1420 jure
1182 1385 1216 1413 iis
1241 1385 1287 1420 qui
1309 1385 1462 1420 puniuntur
1476 1384 1559 1420 indigi
1576 1392 1673 1420 pmnas
1686 1384 1782 1411 existi-

996 1439 1065 1464 mas,
1082 1439 1137 1458 non
1150 1431 1231 1458 aliter
1243 1435 1324 1466 atque
1334 1430 1444 1465 wgrotis
1457 1437 1505 1465 pro
1518 1430 1661 1457 vulnerum
1677 1429 1784 1456 ratione

997 1477 1102 1504 medica
1126 1483 1225 1503 manus
1244 1475 1408 1503 adhibetur?
1429 1475 1532 1502 Annuit
1552 1475 1607 1502 ille.
1633 1473 1715 1510 Igitur
1734 1475 1783 1509 qui

156 1510 244 1558 σηται
260 1510 409 1557 μεταγνοὺς
432 1510 493 1548 ντοῦ
518 1521 630 1554 ἀδικεῖν,
657 1520 734 1553 ξύλον
759 1519 884 1555 καθάπερ
906 1520 946 1546 δι-

1000 1527 1090 1550 morte
1104 1521 1185 1557 digna
1199 1521 1379 1553 commiserit,
1395 1525 1548 1549 extremum
1570 1520 1598 1548 in
1619 1521 1694 1548 illum
1720 1528 1781 1555 sup-

155 1569 343 1604 εστραμμένον
378 1567 504 1603 βασάνοις
529 1567 726 1602 εὐθυνόμενος;
749 1565 946 1602 ’Δληθέστατα,

157 1614 220 1650 ἔφη,
235 1615 333 1647 λέγεις.
347 1614 512 1649 Τιμωρεῐται
527 1613 580 1649 γὰρ
600 1613 680 1640 αὑτὸν
693 1613 723 1639 οὑ
735 1612 782 1638 τοῦ
797 1611 947 1647 παρεληλυ-

157 1661 232 1692 θότος
246 1660 418 1695 ἐγκλήματος
437 1660 519 1686 ἕνεκα
541 1661 554 1686 ὁ
569 1658 709 1694 δικαστὴς,
731 1658 798 1685 ἀλλὰ
815 1658 862 1685 τοῦ
883 1658 948 1694 μέλ-

156 1707 257 1738 λοντος,
272 1707 346 1738 ὃπως
361 1705 397 1741 μὴ
413 1706 460 1732 καὶ
475 1703 554 1736 αὖθις
577 1706 652 1740 ποιῇ.
671 1704 756 1731 Τοῦτο
779 1703 869 1739 δῆλον,
883 1703 945 1739 ἔφη,

162 1755 192 1781 '0
211 1753 266 1789 γὰρ
278 1752 375 1788 δεσμὸς
389 1751 464 1787 αὐτῷ
486 1751 565 1786 δῆλον
585 1751 623 1782 ὡς
638 1751 686 1786 τὴν
709 1750 777 1786 πρὸς
797 1749 828 1776 τὸ
841 1749 944 1776 ἀδικεῖν

157 1800 244 1835 ὁρμὴν
256 1800 371 1834 ἀναιρεῖ,
383 1798 420 1834 μὴ
433 1797 587 1832 ἐπιτρέπων
600 1798 686 1822 ποιεῖν
698 1795 715 1822 ὃ.
726 1795 807 1822 θέλει.
822 1794 943 1830 Ἀληθές.

158 1846 261 1873 Οῢαοῦν
283 1845 403 1880 εἴργεται
430 1842 478 1871 τοῦ
500 1842 676 1878 ἁμαρτάνειν,
705 1841 758 1868 τῶν
779 1841 885 1876 δεσμῶν
908 1840 946 1876 μὴ

159 1890 266 1919 ἐώντων
281 1888 502 1925 ἐλευθεριάζοντα
528 1886 645 1923 χρῆσθαι
668 1888 729 1918 ταῖς
746 1887 862 1922 ἡδοναῖς,
878 1885 946 1912 ἀλλὰ

159 1937 366 1968 συστελλόντων,
379 1937 425 1962 καὶ
445 1935 475 1961 τὸ
493 1934 596 1962 δίκαιον
609 1933 785 1961 διδασκόντων
797 1934 878 1968 τιμᾷν
891 1931 944 1958 ἐστ’

160 1983 193 2009 ἂν
218 1981 366 2017 ἁπομάθῃ·
391 1979 596 2014 νουθετούμενος
621 1979 779 2014 σωφρονεῖν.
803 1977 945 2010 Φαίνεται,

160 2029 222 2064 ἔφη·

1000 1569 1112 1604 plicium
1139 1567 1308 1595 decernitur.
1336 1567 1388 1600 Qui
1415 1567 1530 1594 verbera
1556 1567 1706 1599 meruerit,
1735 1571 1784 1594 aut

995 1614 1115 1646 vincula,
1148 1613 1318 1645 verberibus,
1345 1617 1393 1640 aut
1415 1613 1533 1641 vinculis
1546 1618 1699 1640 coercetur.
1720 1613 1785 1640 Haec

996 1659 1042 1687 ille
1067 1659 1163 1687 fassus.
1175 1662 1228 1687 est.
1244 1658 1317 1686 Tuur
1328 1666 1381 1694 ego
1397 1668 1404 1686 :
1422 1658 1526 1687 Vinclis
1542 1659 1644 1694 itaque.
1663 1659 1784 1687 verberi-

997 1705 1060 1736 bus,
1088 1709 1168 1740 atque
1196 1704 1224 1732 id
1248 1711 1336 1739 genus
1356 1704 1501 1740 suppliciis
1520 1705 1566 1740 qui
1578 1705 1722 1735 convictus
1739 1708 1783 1732 est

993 1750 1119 1783 adicitur,
1141 1754 1171 1777 ut
1190 1749 1225 1777 ab
1238 1750 1387 1778 sceleribus
1412 1750 1470 1778 suis
1494 1751 1653 1786 resipiscat,
1678 1751 1781 1784 acsic,

994 1799 1123 1831 tanquam
1143 1795 1289 1822 distortum
1315 1795 1430 1830 lignum,
1460 1796 1603 1822 tormentis
1623 1795 1779 1830 corrigitur.

994 1841 1145 1869 Verissime
1160 1840 1186 1868 id
1202 1840 1311 1876 quidem
1329 1848 1436 1873 narras,
1453 1840 1550 1875 inquit.
1562 1840 1622 1868 Non
1640 1846 1694 1868 tam
1709 1842 1781 1868 enim

994 1887 1030 1914 ob
1046 1886 1215 1921 pra-teritum
1229 1885 1344 1918 crimen,
1362 1894 1442 1920 quam
1461 1886 1544 1913 futuri
1559 1885 1672 1913 cavendi
1684 1888 1782 1921 gratia,

996 1932 1078 1968 iudex
1108 1932 1135 1959 in
1168 1932 1244 1959 illum
1285 1931 1489 1959 animadvertit.
1517 1931 1655 1967 Apparet,
1684 1933 1782 1967 inquit.

999 1978 1104 2012 Quippe
1122 1977 1231 2004 vincula
1255 1976 1328 2004 illius
1348 1976 1381 2003 ad
1407 1976 1529 2003 facinora
1549 1977 1680 2012 impetum
1697 1976 1783 2011 repri—

1000 2027 1097 2055 munt,
1125 2023 1190 2050 dum
1216 2030 1277 2058 qua).
1301 2022 1365 2049 velit
1389 2029 1438 2057 pro
1469 2023 1583 2050 arbitrio
1613 2022 1701 2050 facere
1727 2031 1783 2052 non

161 2075 332 2111 permittunt.
358 2072 442 2100 Recte
470 2072 592 2100 omnino.
621 2071 692 2108 Ergo
715 2078 731 2098 ιι
752 2069 891 2106 peccando
922 2069 1097 2105 prohibetur,
1125 2069 1198 2105 quod
1230 2077 1292 2096 eum
1321 2069 1429 2096 vincula
1455 2068 1539 2096 libere
1578 2068 1606 2096 in
1628 2069 1783 2103 voluptates

162 2121 327 2157 praecipitem
341 2119 404 2147 ferri
415 2119 571 2155 prohibent,
587 2118 635 2147 sed
659 2121 838 2153 compescunt
864 2117 967 2152 potius,

996 2124 1029 2144 ac
1050 2117 1183 2151 justitiam
1213 2117 1303 2144 colere
1328 2117 1497 2151 perdocent,
1527 2116 1615 2144 donec
1644 2116 1782 2150 ejusmodi

162 2169 340 2204 castigatione
364 2168 572 2203 temperantiam
597 2166 750 2195 condiscat.
771 2165 822 2198 Ita,
845 2166 944 2200 inquit,
966 2164 1086 2192 videtur.

197 2215 266 2243 Οὔτε
285 2215 372 2242 τοίνυν
387 2215 529 2250 παραίτιος
539 2216 552 2241 ὁ
562 2214 659 2249 δεσμὸς
669 2214 791 2248 γίγνεται
803 2213 849 2240 τοῦ
862 2213 946 2248 πλημ-

1036 2212 1095 2240 Non
1116 2211 1199 2247 igitur
1219 2210 1324 2246 peccati
1341 2209 1423 2246 569
1438 2217 1550 2237 causam
1567 2207 1676 2236 vincula
1699 2206 1785 2235 susti-

164 2262 264 2298 μελεῖν,
278 2261 316 2293 ὡς
329 2261 409 2288 ἔοικε.
422 2260 586 2295 Σωφρονίζει
600 2259 664 2294 γὰρ,
677 2260 724 2286 καὶ
738 2260 810 2285 ποιεῖ
823 2258 951 2285 δικαιοτέ-

165 2317 228 2344 ρους
248 2307 466 2343 ἀλεξιφάρμακον
490 2306 528 2333 ῶν
546 2306 647 2341 ψυχῆς,
671 2305 806 2341 αὐστηρὸν
832 2305 880 2339 μὲν
902 2304 950 2331 καὶ

163 2355 299 2390 δηκτικὸν,
318 2354 385 2381 ἀλλὰ
407 2353 520 2379 ίατικόν.
540 2352 635 2387 Δῆλον,
654 2351 717 2387 ἔφη.
738 2351 770 2377 Τί
790 2351 862 2386 γάρ;
882 2350 950 2385 φέρε

165 2402 219 2437 γὰρ
236 2400 406 2435 ἐξετάζωμεν
420 2399 500 2426 πάλιν
518 2398 553 2425 τὰ
570 2398 735 2434 ἔμπροσθεν.
756 2397 793 2424 Οὐ
807 2396 906 2432 δεσμὸν
919 2395 950 2422 τὸ

166 2447 246 2482 σῶμα
261 2446 305 2473 διὰ
319 2446 368 2482 τὴν
387 2445 542 2481 παράϐασιν
560 2443 678 2474 δέδωκας
693 2440 762 2469 εἶναι
779 2441 828 2476 τῆς
843 2441 949 2476 ψυχῆςς

166 2494 221 2519 Καὶ
239 2492 345 2526 δίδωμι,
367 2490 428 2526 ἔφη.
456 2489 636 2525 ’Δμαρτάνειν
661 2488 690 2515 δὲ
710 2488 760 2523 τὴν
778 2487 866 2522 ψυχὴν
884 2486 953 2521 μετὰ

167 2535 301 2571 σώματος.
319 2534 397 2570 εἴπερ
408 2534 438 2560 τὸ
454 2533 609 2569 μοιχᾱσθαι,
627 2532 749 2567 φονεύειν
765 2540 795 2558 τε
825 2531 871 2558 καὶ
888 2531 951 2557 ἁσε-

167 2583 224 2608 δεῖν
238 2581 360 2617 ἁμαρτία
375 2589 415 2607 σοι
429 2580 514 2611 δοκεῖ,
529 2579 547 2606 ἃ
565 2579 633 2615 μετὰ
651 2579 697 2606 τοῦ
715 2579 839 2614 σώματος
851 2578 867 2613 ἠ
880 2577 952 2612 ψυχὴ

168 2629 256 2660 natat;
280 2627 449 2654 Ἐπένευσεν.
470 2625 549 2652 Ἀλλὰ
564 2625 609 2652 τὸν
620 2624 762 2660 δεσμώτην
775 2623 953 2659 ὡμολογήσα-

170 2681 218 2706 μεν
251 2673 288 2708 μὴ
316 2671 444 2698 δύνασθαι
471 2671 593 2703 ὰδικεῖν;
626 2670 862 2705 Ὦμολογήσσμεν,
887 2669 951 2704 ἔφη.

169 2718 327 2746 κωλύεσθαι
348 2718 375 2745 δὲ
396 2718 575 2752 ἀλγυνόμενον
597 2715 648 2742 ὑπὸ
667 2716 721 2743 τῶν
745 2715 867 2751 δεσμῶν;
887 2715 951 2743 Ναί.

169 2765 273 2800 Δεσμδς
299 2765 326 2791 δὲ
345 2766 361 2800 ὴ
391 2764 458 2798 σὰρξ
478 2764 526 2799 τῆς
550 2763 656 2798 ψυχῆς,
680 2761 847 2788 Ἐπένευσεν.
872 2761 951 2787 Ἀλλὰ

172 2810 362 2846 ἁμαρτάνομεν
382 2811 456 2841 ὅντες
477 2810 505 2836 ὲν
524 2809 614 2844 σαρκὶ,
634 2807 811 2843 ὁμοδοξούσης
833 2807 898 2842 ἡμῖν
913 2807 952 2837 εἰς

171 2855 250 2886 τοῦτο
265 2856 313 2890 τῆς
329 2856 427 2892 σαρκός
440 2863 447 2888 ;
470 2854 685 2890 Ἂμαρτάνομεν,
703 2852 764 2888 ἔφη.
786 2853 814 2878 '0
827 2852 855 2879 δὲ
871 2861 953 2878 πεπε-

999 2267 1065 2286 nere
1078 2258 1215 2289 videntur.
1233 2257 1279 2284 sed
1296 2257 1352 2283 htec
1365 2256 1456 2291 potius
1467 2255 1500 2282 ad
1511 2254 1630 2282 ofﬁcium
1642 2256 1784 2284 revocant,

1000 2311 1031 2331 ac
1042 2303 1172 2338 iustiores
1186 2302 1306 2330 eiiiciunt
1317 2321 1324 2334 ,
1340 2309 1402 2329 cum
1419 2301 1490 2328 velut
1508 2299 1669 2335 praesidiarii
1689 2300 1786 2334 cujus-

1000 2349 1064 2377 dam
1088 2348 1279 2376 medicamenti
1293 2348 1353 2374 loco
1366 2347 1438 2379 sint;
1451 2346 1554 2374 austeri
1570 2345 1680 2380 quidem
1699 2345 1784 2374 illius,

1000 2402 1033 2422 ac
1045 2394 1192 2426 mordacis,
1207 2394 1253 2422 sed
1269 2397 1359 2420 tamen
1372 2391 1588 2428 praesentissimi.
1606 2390 1785 2426 Perspicuum

1001 2441 1070 2469 illud
1088 2445 1141 2474 est,
1170 2441 1269 2474 inquit.
1290 2438 1360 2473 Quid
1384 2438 1485 2474 porro?
1502 2445 1562 2473 age,
1590 2445 1700 2466 rursum
1726 2445 1787 2472 quae

1001 2487 1129 2522 superius
1148 2487 1236 2521 posita
1261 2489 1326 2513 sunt
1349 2485 1548 2520 expendamus.
1565 2483 1626 2510 Non
1640 2488 1667 2510 tu
1687 2490 1787 2518 corpus

1001 2533 1035 2560 ob
1060 2532 1200 2564 delictum,
1225 2531 1360 2566 quoddam
1387 2531 1485 2558 animae
1504 2530 1645 2556 vinculum
1659 2536 1720 2556 esse
1734 2533 1789 2555 sta-

1000 2579 1093 2606 tuisti?
1113 2577 1168 2613 Ego
1183 2585 1247 2604 vero
1273 2580 1374 2608 statuo,
1398 2576 1496 2611 inquit.
1512 2576 1552 2602 Ad
1581 2575 1649 2606 haec,
1676 2581 1790 2608 peccare

1001 2629 1064 2649 cum
1080 2629 1195 2656 corpore
1209 2621 1340 2651 animam,
1367 2621 1389 2648 si
1405 2620 1514 2656 quidem
1533 2619 1709 2650 adulterium,
1723 2625 1788 2652 par-

1005 2668 1129 2695 ricidium
1141 2670 1168 2694 et
1181 2666 1306 2701 impietas
1318 2671 1428 2700 peccata
1441 2670 1515 2698 sunt,
1527 2673 1589 2700 quae
1600 2671 1662 2691 cum
1674 2670 1789 2697 corpore

1004 2713 1094 2739 anima
1118 2711 1276 2746 perpetrat?
1295 2711 1438 2738 Annueute
1460 2711 1526 2738 illo:
1550 2709 1647 2744 Atqui,
1664 2709 1786 2742 inquam,

1005 2759 1125 2786 vinctum
1137 2759 1227 2786 scelus
1238 2758 1341 2784 nulluul
1350 2758 1520 2784 committere
1531 2763 1611 2790 posse
1623 2753 1788 2781 (utebamur?

1006 2804 1082 2832 Fassi
1108 2805 1220 2832 omnino
1245 2811 1355 2834 sumus.
1384 2803 1483 2837 inquit,
1502 2802 1673 2829 vinculorum
1688 2799 1788 2834 quippe

1007 2850 1102 2879 dolore
1130 2851 1308 2885 crucizttuquc
1334 2847 1473 2884 prohiberi
1490 2848 1583 2875 etiam.
1601 2846 1796 2880 Corpus-vero-
