1958 3050
142 109 212 138 1145

844 113 872 142 S.
889 113 1057 142 EPlPllANll

1690 111 1762 140 1144

143 175 207 194 nuzu
223 167 319 194 animae
335 168 473 196 vinculum
493 174 534 198 est
546 170 559 197 τ
575 169 738 197 Amrmavit.
759 169 920 198 Utrumnam

977 171 1003 206 5η
1009 171 1088 206 μένος
1098 171 1127 197 οῦ
1138 170 1248 197 δύναται
1260 170 1443 205 ἀμαρτὰνεινς
1454 169 1510 195 Καὶ
1523 164 1639 195 ἐνταῦθα
1651 168 1763 195 ἐπένευ-

142 213 225 248 igitur
240 213 361 247 quandiu
378 215 405 241 in
421 215 474 242 hoc
498 222 612 250 corpore
639 223 744 245 sumus,
773 216 809 242 ita
832 223 926 250 pecca-

142 265 214 288 mus,
241 262 270 285 nt
287 258 320 285 ad
349 258 375 286 id
398 267 463 287 caro
487 259 547 294 ipsa
572 260 745 288 consentiat?
763 259 923 289 Peccamus.

141 302 238 338 inquit.
259 304 293 330 At
307 304 355 339 qui
368 306 533 333 constrictus
549 310 602 339 est,
623 314 734 341 peccare
749 314 802 333 non
820 305 926 340 potest?

142 347 175 374 Et
204 349 266 376 huic
294 351 396 385 pariter
418 359 551 380 assensus
579 356 630 379 est.
662 352 778 387 Angitur
799 352 872 379 enim
893 359 926 379 ac

142 399 293 422 coercetur.
314 395 408 430 Recte,
428 398 524 434 inquit.
544 398 611 425 Nam
628 399 662 426 ab
679 398 796 425 vinculis
818 397 925 425 inhibe-

142 440 206 466 tur?
220 440 278 468 Non
294 442 404 470 dubium
419 447 471 477 est,
490 444 640 480 respondit.
658 443 756 471 Verum
772 451 872 478 corpus
889 442 923 470 ad

143 487 308 520 peccandum
321 489 511 518 administrum
522 491 579 518 est?
595 491 653 522 Est,
669 490 765 525 inquit.
778 488 921 516 Vinculum

974 225 1030 243 σεν.
1047 216 1177 251 Ἀγχεται
1189 216 1253 250 γάρ.
1270 214 1331 242 Ναί.
1344 215 1390 250 Μὴ
1400 214 1516 250 ὲώμενος
1527 214 1580 240 ὑπὸ
1589 213 1635 240 τοῦ
1646 213 1759 248 δεσμοῦ;

974 261 1066 297 Δῆλον.
1094 261 1173 288 Ἀλλά
1205 262 1234 288 τὺ
1259 262 1309 296 μὲν
1339 261 1419 296 σῶμα
1447 260 1515 296 πρὸς
1542 261 1573 287 τὺ
1603 261 1760 295 ἀμαρτῆσαι

974 307 1121 343 συνεργδνς
1149 307 1210 334 Ναί.
1239 307 1332 342 Είργει
1350 306 1378 332 δὲ
1401 307 1415 332 ὁ
1444 306 1551 340 δεσμός.
1569 305 1684 340 Συνέφη.
1702 305 1760 330 Οὐκ

973 352 1029 388 ἄρα
1042 352 1072 378 τὺ
1087 352 1166 387 σῶμα
1181 353 1195 378 ὁ
1208 351 1315 387 δεσμὸς.
1331 350 1392 377 οὔτε
1410 350 1481 377 κατά
1498 350 1537 381 σὲ,
1555 349 1617 376 οὔτε
1628 348 1697 375 κατὰ
1710 348 1759 375 ἀλ-

977 398 1032 430 λον,
1059 397 1141 433 ἔφην,
1159 395 1182 424 ὢ
1204 397 1373 432 Ἀγλαοφῶν·
1392 396 1462 424 ἀλλὰ
1488 396 1556 431 πρὸς
1579 395 1708 430 ἑκάτερον
1725 395 1759 430 τῇ

975 443 1047 479 ψυχῇ
1064 444 1203 480 συνεργὸν,
1226 444 1280 470 εἴτε
1306 443 1375 479 πρὸς
1391 443 1422 470 τὸ
1445 443 1560 478 ἀγαθὸν,
1579 441 1633 469 εἴτε
1650 440 1717 476 πρὸς
1728 439 1760 466 τδ

976 489 1069 516 κακόν.
1087 489 1248 525 Συνεχώρει.

142 534 232 558 autem
259 533 384 560 coercet?
401 534 514 562 Annuit.
546 534 676 570 Sequitur
701 534 813 569 proinde
833 541 922 569 neque
954 542 987 561 ex
1012 539 1068 564 tua.
1094 534 1272 570 Aglaophon,
1298 542 1387 569 neque
1408 541 1442 560 ex
1473 533 1587 560 alterius
1612 532 1757 563 sententia,

143 578 280 606 vinculum
310 587 371 609 esse
397 588 512 616 corpus;
540 582 588 610 sed
611 582 645 609 ad
677 581 829 612 utrumvis,
849 586 905 608 tam
929 581 1032 608 bonum
1059 581 1181 615 scilicet,
1205 589 1287 617 quam
1311 582 1428 611 malum,
1453 580 1550 607 anime
1574 579 1682 614 adjutor
1705 583 1759 605 est.

143 625 291 653 Concessit.

178 682 257 711 XLV.
278 684 340 713 Haec
355 693 417 713 cum
433 686 471 713 ita
502 686 567 719 sint,
593 690 669 714 tuum
693 690 745 719 est,
757 687 926 723 Aglaophon,

144 737 261 764 purgare
283 738 342 766 quae
367 736 448 759 antea
474 733 601 767 posuisti.
620 732 720 761 Aiehas
735 734 807 760 enim
825 740 926 768 corpus

143 776 240 803 animae
253 777 547 811 vinculum,carcerem
571 786 603 805 ac
619 778 764 814 compedes
777 787 847 807 esse.
861 778 928 812 Quae

143 829 203 846 tum
221 820 255 848 iis
269 829 329 856 qua
348 822 427 850 modo
444 823 547 855 dixisti,
568 831 738 858 nequaquam
750 824 924 851 conveniunt.
941 843 962 872 Β

142 865 194 898 Qui
208 866 280 893 enim
292 869 440 895 convenire
455 872 580 903 possunt,
594 870 616 896 si
637 869 745 904 quidem
760 877 872 897 necene
885 875 928 897 est

142 919 251 938 carnem
268 913 366 940 vinculi
379 914 465 942 instar
481 914 710 946 haberi,animam
721 923 786 942 vero
803 915 927 950 adjutore

143 958 175 984 ad
192 958 282 986 scelus
293 959 330 986 uti
340 960 466 987 vinculo?
483 961 555 996 quod
570 962 678 996 quidem
691 962 748 989 lleri
763 962 837 989 nullo
848 966 927 997 pacto

142 1008 240 1037 potest.
248 1003 314 1031 Nam
325 1012 388 1032 cum
403 1011 514 1041 propter
529 1007 657 1035 delictum
675 1015 760 1042 poena:
772 1009 927 1036 constitutae

143 1050 208 1078 sint.
229 1054 259 1076 ut
275 1050 372 1078 allecta
397 1052 490 1079 dolore
516 1053 605 1080 anima
622 1052 656 1080 ad
680 1053 825 1081 colendum
842 1053 926 1081 Deur-

141 1095 294 1128 erudiatur,
322 1096 416 1124 Ilerine
437 1101 537 1132 potest,
557 1101 586 1125 ut
601 1098 634 1125 ad
649 1098 872 1126 committendum
887 1098 927 1125 la-

142 1142 222 1169 cinus
238 1149 339 1177 corpus
355 1143 393 1170 illi
408 1143 566 1178 adjumento
580 1144 735 1179 auxilioque
748 1152 810 1172 esse
824 1145 928 1180 possit?

144 1187 257 1215 Vincula
275 1189 387 1224 quippe,
408 1189 549 1221 custodiat,
578 1191 723 1226 compedes
750 1195 777 1218 et
796 1190 823 1217 id
839 1198 926 1227 genus

142 1235 233 1261 omnia
246 1242 388 1270 pugnarum
404 1235 596 1268 instrumenta,
620 1244 680 1272 quae
695 1237 728 1263 ad
743 1237 927 1265 emendandos

143 1278 267 1306 homines
284 1280 430 1314 pertinent,
454 1285 629 1315 peccatorum
652 1289 684 1308 ac
699 1281 833 1309 scelerum
849 1282 876 1309 in
893 1281 927 1310 iis

142 1324 189 1358 qui
215 1325 367 1358 puniuntur
395 1326 653 1360 compescendorum
676 1327 702 1354 vi
724 1326 837 1362 praedita
851 1331 924 1355 sunt.

141 1369 209 1396 Nam
226 1378 278 1397 non
296 1370 366 1403 ideo,
385 1376 416 1398 ut
430 1371 581 1400 sceleratus
592 1371 703 1407 'majora
730 1373 835 1400 scelera
852 1380 927 1400 com-

143 1416 242 1446 mittat,
260 1415 332 1443 velut
353 1417 508 1450 prasidium
527 1417 664 1452 quoddam
688 1418 827 1446 vinculum
851 1419 928 1446 adhi-

142 1459 232 1492 betur,
256 1460 302 1488 sed
335 1466 364 1488 ut
390 1469 423 1490 eo
449 1462 529 1489 modo
543 1462 624 1498 57o
637 1464 776 1491 cruciatus
797 1470 813 1490 ιι
833 1472 927 1499 perpe-

1010 685 1077 714 ME’.
1090 685 1193 712 Οὒκοῦν
1208 684 1278 712 οὕτω
1290 684 1322 720 δὴ
1333 684 1435 711 τούτων
1451 683 1566 719 ἑχόντων
1581 683 1759 719 ἀπολόγησαι,

975 729 998 758 ὦ
1015 731 1182 766 Ἀγλαοφῶν,
1199 731 1266 766 πρὸς
1289 730 1307 758 ἃ
1329 730 1436 766 πρῶτον
1462 730 1573 757 ὑπέθου.
1596 730 1684 764 Ἐφης
1705 729 1760 766 γὰρ

975 777 1076 812 δεσμὸν
1090 777 1136 803 καὶ
1151 776 1262 812 εἱρκτὴν
1277 776 1325 803 καὶ
1346 775 1430 807 πέδας
1447 775 1478 802 τὸ
1495 775 1576 810 σῶμα
1600 775 1650 810 τῆς
1671 775 1758 810 ψυχῆς

976 823 1005 849 ὲν
1016 824 1072 855 τοῖς
1087 821 1251 858 ἔμπροσθεν.
1267 822 1321 848 Καὶ
1340 821 1416 858 ὁρᾷς,
1434 821 1471 853 ὡς
1491 822 1521 848 οὒ
1539 821 1680 856 συνᾴδουσι
1696 821 1759 847 τού-

976 878 1033 901 τοις
1046 869 1064 896 ἃ.
1077 869 1145 905 ἔφης
1156 877 1163 901 ;
1176 868 1238 900 Πῶς
1254 868 1308 903 γὰρ
1327 868 1473 903 συνᾴδοιεν,
1496 868 1574 903 εἴπερ
1588 875 1619 902 γε
1641 868 1759 902 ἀνάγκη,

976 913 1114 951 ὧάριστε,
1130 915 1228 950 δεσμὸν
1244 914 1292 949 μὲν
1306 915 1356 949 τὴν
1372 913 1461 949 σάρκα
1473 913 1641 948 νομίζεσθαι,
1665 914 1714 953 τὴν
1732 913 1761 940 δὲ

976 961 1064 997 ψυχὴν
1078 960 1200 997 συνεργῷ
1213 960 1281 996 πρὸς
1296 960 1404 987 ἀδικίαν
1420 958 1548 995 χρῆσθαι,
1566 959 1613 985 καὶ
1634 958 1762 993 συμπρά-

977 1016 1053 1043 κτορι
1077 1006 1116 1042 τῷ
1135 1006 1237 1041 δεσμῷ,
1261 1006 1329 1041 ὅπερ
1355 1005 1502 1037 ἀδύνατονς
1518 1004 1550 1031 Εἰ
1570 1004 1625 1039 γὰρ
1639 1003 1682 1030 διὰ
1709 1003 1762 1039 τὴν

976 1052 1114 1089 ἁμαρτίαν
1132 1051 1340 1087 βασανιπήριον
1355 1050 1445 1086 ἐδόθη.
1462 1050 1530 1086 πρὸς
1541 1049 1571 1076 τὸ
1583 1049 1762 1083 ἀλγυνθεῖσαν

976 1098 1016 1128 εἰς
1031 1097 1062 1123 τὸ
1081 1097 1164 1132 τιμᾷν
1180 1095 1229 1122 τὸν
1245 1095 1312 1122 Θεὸν
1333 1094 1509 1130 παιδευθῆναι
1524 1094 1572 1129 τὴν
1588 1093 1687 1129 ψυχὴν,
1703 1093 1762 1125 πῶς

977 1143 1102 1178 συνεργεί
1115 1142 1163 1169 καὶ
1181 1141 1392 1176 συναγωνίζεται
1405 1141 1436 1168 τὺ
1452 1140 1531 1176 σῶμα
1547 1141 1615 1176 αὐτῇ
1638 1140 1706 1175 πρὸς
1729 1138 1763 1165 τὸ

976 1189 1096 1221 ἀδικετνς
1119 1187 1222 1223 Δεσμοὶ
1247 1187 1302 1224 γὰρ
1321 1187 1369 1214 καὶ
1390 1186 1519 1222 φυλακαὶ,
1544 1186 1590 1214 καὶ
1608 1185 1697 1219 πέδαι,
1714 1185 1762 1212 καὶ

976 1234 1126 1271 συλλήϐδην
1141 1234 1170 1261 αι
1184 1234 1307 1261 τοιαῦται
1320 1235 1406 1261 πᾶσαι
1427 1234 1495 1269 πρὸς
1515 1231 1699 1268 ἐπανόρθωσιν
1721 1240 1764 1258 τι-

977 1281 1064 1317 μωροὶ
1076 1281 1196 1316 μηχαναὶ
1217 1281 1360 1316 ὲφεκτικαὶ
1382 1280 1428 1307 τοῦ
1450 1280 1554 1307 ἀδικεῖν
1575 1279 1622 1305 καὶ
1637 1278 1761 1314 ἁμαρτά·

975 1335 1031 1353 νειν
1057 1328 1112 1359 τοῖς
1137 1326 1328 1362 κολαζομένοις
1348 1326 1499 1360 γίγνονται.
1518 1324 1555 1352 οὐ
1581 1324 1636 1359 γὰρ
1659 1324 1732 1355 ὅπως
1747 1323 1764 1350 δ

976 1372 1108 1409 ἀδικήσας
1122 1373 1240 1409 ἀδικήσῃ
1252 1372 1345 1404 πλέον,
1358 1372 1488 1407 συνεργὸς
1498 1370 1572 1406 αὐτῷ
1584 1370 1653 1406 πρὸς
1664 1370 1696 1396 τὸ
1705 1370 1764 1396 ἀδι-

976 1421 1057 1446 κεῖνὸ
1072 1419 1170 1455 δεσμὸς
1188 1419 1296 1450 δίδοται,
1323 1418 1382 1445 ἀλλ’
1406 1419 1480 1450 ὅπως
1497 1417 1564 1453 λήξῃ
1585 1416 1633 1444 τοῦ
1648 1416 1761 1446 ἀδικεῖν.

977 1465 1187 1501 βασανιζόμενος
1202 1464 1246 1492 διὰ
1259 1464 1313 1491 τῶν
1324 1464 1440 1500 δεσμῶν.
1458 1464 1514 1490 Καὶ
1531 1463 1585 1499 γὰρ
1596 1464 1621 1490 οἱ
1636 1463 1764 1490 δικασταὶ

143 1507 249 1534 trandis
271 1508 438 1536 facinoribus
455 1509 579 1537 desistat.
595 1510 684 1545 Atque
707 1517 740 1537 ea
770 1517 854 1539 causa
884 1515 927 1539 est

977 1511 1063 1548 ταύτῃ
1078 1511 1189 1538 πεδοῦσι
1199 1511 1262 1542 τοὺς
1276 1511 1403 1546 φαύλους.
1412 1510 1568 1537 κωλύονται
1582 1509 1647 1545 γὰρ,
1658 1509 1710 1535 κᾶν
1725 1509 1762 1544 μὴ

141 1559 194 1579 ἐυκ-
218 1552 365 1581 facinorosi
381 1554 505 1582 homines
519 1554 637 1583 vinculis
656 1562 671 1582 a
686 1555 779 1590 judice
792 1559 927 1585 constrin-

141 1602 252 1633 gantur,
266 1604 409 1634 propterea
424 1601 496 1635 quod
505 1601 582 1629 abiis
597 1601 637 1629 vel
653 1603 729 1630 inviti
744 1603 808 1630 mali
824 1603 926 1639 aliquid

145 1644 236 1671 facere
246 1645 433 1679 prohibentur.
443 1646 515 1679 Quin
524 1647 579 1673 imo
590 1647 737 1675 liberorum
750 1655 781 1675 ac
803 1649 844 1676 sui
856 1649 927 1684 juris

145 1689 296 1721 hominum,
326 1698 442 1725 quorum
471 1699 550 1719 nemo
578 1693 660 1720 vitam
691 1700 767 1720 suam
788 1694 926 1727 observat,

144 1742 259 1769 peccare
273 1736 415 1770 proprium
430 1741 483 1768 est,
501 1745 555 1765 non
572 1740 734 1766 vinctorum.
753 1739 840 1767 llorno
863 1747 928 1767 vero

144 1780 261 1814 primum
270 1780 378 1815 quidem
388 1782 565 1816 parricidium
575 1783 694 1816 admisit,
708 1784 787 1812 veluti
796 1786 897 1813 (iainus
906 1787 926 1812 ‘.

144 1824 213 1852 Tum
225 1825 259 1852 ad
273 1825 458 1854 inﬁdelitatem
476 1828 604 1859 adolevit,
621 1828 767 1857 simulacra
784 1835 928 1858 veneratus

143 1875 228 1902 cst,a
250 1870 304 1900 Deo
318 1871 444 1900 descivit.
470 1872 578 1901 Fierinc
606 1874 690 1909 igitur
719 1879 809 1910 potest
844 1880 872 1903 ut
903 1877 928 1903 ei

144 1924 245 1952 corpus
274 1922 403 1954 tanquam
433 1919 571 1946 vinculum
600 1919 635 1947 sit
671 1920 852 1948 attributum?
876 1922 930 1949 Aut

144 1963 280 1997 quomodo
294 1963 376 1996 Deus,
395 1973 455 1992 cum
470 1973 499 1993 se
516 1966 597 1993 homo
611 1967 730 2001 peccatis
745 1972 807 1994 ante
830 1975 930 2002 corpus

144 2009 345 2041 obstrinxisset,
363 2010 397 2037 ad
426 2010 530 2043 majora
553 2011 656 2038 scelera
675 2012 747 2038 velut
774 2013 928 2047 praesidium

144 2054 280 2088 quoddam
291 2054 314 2081 ei
329 2062 429 2090 corpus
444 2055 564 2082 affinxit?
577 2056 717 2089 Quomodo
740 2057 857 2092 denique
869 2062 930 2093 post

144 2099 210 2126 illud
239 2099 398 2128 fabricatum
424 2101 560 2129 vinculum
588 2103 624 2129 ita
653 2103 760 2131 locutus
785 2109 848 2132 est:
866 2104 931 2132 Ecca

144 2152 234 2171 coram
249 2149 273 2171 le
282 2146 359 2179 potui
371 2146 450 2172 vitam
461 2151 484 2173 et
501 2151 624 2178 mortem;
637 2147 701 2183 elige
717 2150 796 2176 vitam
811 2157 820 2176 :
834 2149 929 2177 bonum

978 1558 1136 1593 βούλωνται,
1152 1558 1309 1585 κακοποιεῖν
1320 1557 1372 1584 ὑπὸ
1382 1557 1437 1584 τῶν
1452 1556 1568 1592 δεσμῶν,
1593 1555 1764 1590 Ἐλευϐεριαο

977 1604 1076 1636 ζόντων
1095 1603 1124 1630 δὲ
1136 1603 1167 1630 τὺ
1181 1604 1345 1639 κακουργεῖν
1370 1603 1438 1635 ἐστι,
1458 1602 1506 1629 καὶ
1527 1601 1635 1633 ζώντων
1659 1600 1761 1635 ἀφυλά-

976 1657 1059 1682 κτως,
1072 1649 1128 1676 ἀλλ’
1142 1649 1174 1676 οὐ
1191 1649 1396 1684 πεπεδημένων.
1414 1648 1443 1674 '0
1457 1648 1485 1674 δὲ
1497 1647 1638 1682 ἄνθρωπος
1654 1646 1760 1682 πρῶτον

979 1695 1028 1731 μὲν
1041 1695 1178 1730 ἐφόνευσε,
1195 1694 1265 1722 κατά
1274 1695 1320 1721 τὸν
1334 1694 1414 1726 Κάῖν,
1424 1694 1530 1730 ηὐξήθη
1545 1694 1612 1730 πρὸς
1623 1693 1761 1724 ἀπιστίαν,

977 1740 1097 1772 εἰδώλοις
1105 1741 1264 1777 προσέσχεν,
1276 1740 1466 1775 ἀπεπάτησεν
1479 1739 1533 1767 ἀπὸ
1542 1738 1621 1766 Θεοῦ.
1633 1739 1689 1765 Καὶ
1703 1737 1763 1770 πῶς

978 1784 1053 1820 αὐτῷ
1063 1784 1160 1820 δεσμὸς
1171 1784 1202 1811 τδ
1215 1784 1294 1820 σῶμα
1306 1784 1384 1820 ἐδόθη
1395 1792 1403 1816 ;
1417 1785 1453 1811 Ἦ
1468 1783 1527 1815 πῶς
1541 1783 1639 1816 ὸΘεδς,
1653 1782 1722 1818 μετὰ
1732 1782 1763 1809 τὸ

978 1829 1031 1865 πρὸ
1045 1829 1169 1865 σώματος
1182 1830 1317 1865 ἀνομῆσαι
1327 1830 1372 1857 τὸν
1384 1829 1536 1865 ἄνθρωπον,
1552 1829 1683 1865 συνεργὸν
1696 1828 1763 1864 πρὸς

980 1876 1086 1903 ἀδικίαν
1098 1876 1172 1912 αὐτῷ
1196 1876 1306 1912 μείζονα
1318 1876 1348 1903 τὸ
1372 1876 1453 1912 σῶμα
1467 1876 1559 1909 ἐδοτο;
1581 1876 1643 1907 Πῶς
1664 1875 1693 1901 δὲ
1716 1875 1763 1902 καὶ

981 1922 1049 1957 μετά
1072 1923 1122 1958 τὴν
1146 1921 1318 1958 κατασκευὴν
1343 1921 1391 1949 τοῦ
1417 1921 1516 1957 δεσμοῦ
1537 1921 1579 1954 τὸ,
1611 1920 1688 1948 Ἰδοὺ
1706 1919 1763 1954 πρὸ

979 1968 1140 2003 προσώπου
1153 1967 1347 2002 σου,λέγεται,
1361 1967 1478 1994 τέθεικα
1487 1966 1545 2000 τὴν⁴
1558 1966 1635 2000 ζωὴν
1649 1966 1698 1992 καὶ
1711 1965 1764 1992 τὸν

980 2013 1118 2045 θάνατον,
1137 2012 1257 2045 Exiet-ﬁat
1279 2012 1336 2047 τὴν
1357 2011 1448 2045 ζωήν·
1473 2011 1507 2038 τὸ
1522 2011 1635 2046 ἀγαθὸν
1657 2010 1706 2038 καὶ
1728 2011 1763 2038 τὸ

979 2059 1122 2093 πονηρὸν,
1148 2059 1268 2091 ἓκλεξαι
1287 2059 1321 2086 τὸ
1341 2059 1467 2093 ἀγαθόν’
1480 2058 1538 2091 καὶ,
1560 2057 1629 2085 Ἐὰν
1658 2057 1764 2091 θέλητε

979 2105 1028 2132 καὶ
1043 2105 1242 2139 εἰσακούσητέ
1255 2113 1334 2139 μου;
1354 2105 1446 2131 Ταῦτα
1460 2105 1516 2139 γὰρ
1535 2104 1573 2136 ὡς
1596 2103 1670 2139 αὐτῷ
1687 2103 1764 2136 ἐξου-

981 2151 1112 2183 σιάζοντι,
1125 2151 1171 2178 καὶ
1182 2151 1231 2186 οὐχ
1245 2151 1283 2183 ὡς
1295 2150 1347 2177 ὑπὸ
1365 2150 1453 2186 δεσμὰ
1479 2151 1527 2177 καὶ
1552 2149 1675 2184 ἀνάγκην
1689 2150 1764 2184 ,ἀγο-

143 2194 168 2216 et
180 2190 297 2223 malum;
311 2191 376 2225 elige
390 2191 485 2218 bonum
500 2192 521 2219 '.
533 2191 599 2220 Item
617 2201 624 2219 :
640 2192 670 2220 Si
685 2194 818 2221 volueritis
832 2200 857 2222 et
879 2203 927 2222 au-

980 2198 1052 2232 μένῳ
1063 2197 1179 2233 ἐρρήθη.
1196 2197 1277 2223 Ὥστε
1293 2197 1325 2223 ὲκ
1338 2197 1437 2228 παντὸς
1451 2195 1625 2223 συνίστασθαι
1637 2196 1704 2232 μήτε
1716 2195 1765 2222 πί-

144 2236 246 2263 άίετὶιίι
258 2245 297 2264 me
312 2237 342 2263 '?
355 2237 417 2264 Haec
433 2238 505 2265 enim
521 2238 559 2265 illi
576 2242 702 2273 tanquam
728 2240 850 2268 libertate
867 2248 931 2276 prae-

144 2282 212 2315 ditu,
229 2291 283 2310 non
306 2284 424 2312 vinculis
441 2292 473 2311 ac
494 2286 656 2313 necessitate
678 2290 774 2314 coacto
799 2287 872 2314 dicta
889 2288 930 2314 vi-

145 2329 252 2357 dentur.
264 2329 297 2357 Ut
312 2330 429 2366 idipsu-m
442 2331 554 2359 omnino
566 2338 736 2366 consequens
749 2332 795 2364 sit,
807 2341 861 2361 non
869 2341 931 2361 csso

145 2383 244 2410 corpus
253 2377 478 2412 compedum.aut
490 2379 632 2412 custodit,
640 2384 686 2407 aut
694 2379 862 2418 vinculorum
871 2380 931 2408 loco

145 2422 313 2456 habendum,
334 2431 423 2459 neque
445 2425 551 2453 vinctas
573 2430 651 2453 terrae
667 2426 768 2453 idcirco
782 2426 932 2460 appellatas

146 2468 266 2500 animas,
295 2469 374 2504 quasi
403 2470 520 2498 terrenis
547 2471 712 2506 quibusdam
751 2471 931 2506 compedibus

147 2514 217 2542 Deus
244 2515 305 2543 illas
332 2515 510 2544 damnaverit.
539 2516 605 2544 Nam
626 2517 762 2552 quomodo
787 2525 880 2544 verum
903 2517 929 2544 id

145 2569 204 2588 csse
219 2564 320 2596 potest,
337 2568 399 2588 cum
412 2562 595 2590 demonstrari
610 2555 682 2590 nulla
700 2563 804 2590 ratione
819 2563 931 2598 possit?

145 2607 196 2633 Sed
212 2612 239 2635 et
254 2608 396 2642 perspicue
410 2608 475 2636 illud
491 2609 639 2636 absurdum
659 2613 701 2636 est
711 2629 718 2641 ,
735 2616 835 2644 corpus
854 2608 928 2636 arbi-

146 2654 209 2680 trari
222 2653 248 2680 in
263 2657 364 2682 aeterna
387 2654 433 2681 illa
449 2654 502 2681 vita
516 2655 610 2689 procul
629 2655 664 2682 ab
681 2655 770 2682 anima
785 2655 926 2686 futurum,

147 2700 215 2734 quod
231 2701 295 2729 huic
310 2701 374 2728 illud
390 2705 519 2736 tauquam
537 2701 676 2728 vinculum
691 2708 723 2728 ac
738 2700 837 2735 pedicm
850 2700 905 2728 sint
919 2708 926 2734 ;

181 2813 188 2828 ‘
206 2812 270 2841 Gen.
285 2821 321 2847 tv,
333 2815 359 2841 δ.
398 2816 407 2831 ¹
423 2814 499 2843 Deut.
517 2823 579 2846 xu,
597 2815 638 2842 l5.
677 2815 779 2848 “152.1,
795 2815 836 2842 [9.

977 2243 1026 2275 δας
1045 2243 1062 2278 ἦ
1083 2242 1215 2277 φυλακὴν,
1232 2242 1250 2278 ἢ
1267 2242 1384 2277 δεσμοὺς
1400 2242 1520 2277 νομίζειν
1530 2241 1561 2268 τὸ
1579 2241 1670 2276 σῶμα,
1693 2240 1764 2276 μήτε

978 2288 1144 2324 δεσμώτιδας
1161 2287 1213 2322 γῆς
1227 2287 1272 2314 διὰ
1287 2287 1373 2314 ταῦτα
1388 2287 1437 2319 τάς
1451 2287 1540 2322 ψυχὰς
1558 2283 1663 2322 χοῖδὶαῖς
1679 2293 1764 2313 κατα-

979 2334 1116 2369 κρίνοντας
1130 2333 1215 2364 αὑτὰς
1229 2331 1276 2359 τοῦ
1294 2331 1361 2358 Θεοῦ
1374 2332 1483 2367 δεθῆναι
1496 2332 1601 2363 πέδαις.
1619 2331 1681 2362 Πῶς
1697 2331 1762 2366 γὰρ.

978 2378 1058 2405 δπότε
1082 2377 1120 2413 μὴ
1139 2377 1249 2404 δύναται
1276 2377 1466 2413 ἀποδειχθῆναι
1487 2377 1586 2410 τοῦτο;
1602 2377 1719 2403 Ἀτοπον
1734 2376 1764 2402 δὲ

980 2425 1090 2452 κὰκεῐνο
1107 2423 1253 2460 προφανῶς
1271 2423 1301 2450 τὸ
1313 2423 1416 2451 οἴεσθαι
1435 2424 1466 2450 τὺ
1488 2424 1567 2459 σῶμα
1582 2424 1611 2451 ὲν
1630 2425 1661 2459 τῇ
1692 2422 1764 2450 mni

979 2471 1040 2502 τοὺς
1057 2470 1159 2501 αἰῶνας
1169 2469 1290 2505 διαγωγῇ
1304 2470 1341 2505 μὴ
1360 2470 1516 2496 συνέσεσθαι
1530 2472 1563 2506 τῇ
1576 2470 1660 2505 ψυχῇ,
1675 2469 1719 2496 διὰ
1733 2468 1765 2495 rb

977 2515 1076 2550 δεσμὸν
1093 2514 1168 2550 αὐτῷ
1179 2515 1225 2542 καὶ
1243 2515 1325 2547 πέδας
1342 2513 1422 2547 εἶναι,
1439 2516 1483 2542 ἵνα
1500 2515 1537 2552 μὴ
1559 2515 1663 2543 αίώνιοι
1679 2514 1765 2548 γενώ⁵

979 2561 1049 2597 μεθα
1072 2561 1231 2597 κατάκριτοι
1247 2560 1395 2596 δεσμῶται,
1419 2561 1489 2588 κατὰ
1507 2561 1570 2593 τοὺς
1589 2561 1718 2596 φθορέας,
1734 2561 1764 2586 ὲν

979 2610 1013 2643 τῇ
1035 2607 1158 2643 βασιλείᾳ
1182 2607 1229 2634 τοῦ
1255 2607 1343 2642 φωτὸς
1374 2607 1508 2642 ἐσόμενοι.
1530 2606 1684 2642 Δελυμὲνου
1710 2606 1764 2641 γὰρ

982 2654 1092 2686 ἱκανῶς,
1108 2655 1156 2681 καὶ
1173 2653 1375 2688 ἐξελεγχθέντος
1388 2653 1435 2680 τοῦ
1447 2653 1537 2687 λόγου,
1558 2653 1588 2679 ὲν
1613 2649 1636 2687 ᾧ
1662 2653 1763 2688 δεσμὸν

979 2698 1030 2734 τῆς
1041 2698 1129 2734 ψυχῆς
1151 2697 1285 2734 ὡρίσαντο
1306 2696 1374 2726 εἶναι
1394 2697 1443 2733 τὴν
1463 2697 1562 2734 σάρκα,
1582 2697 1690 2725 λέλυται
1717 2697 1764 2725 καὶ
