1958 3050
143 151 210 178 Ηίῧ

462 151 646 180 ADVERSUS
666 152 836 181 ILERI'ZSES
856 154 918 182 LIB.

997 155 1078 184 TOM.
1101 155 1121 183 l.
1141 172 1175 176 —
1196 155 1332 184 llz’EltES.
1352 156 1443 184 LXIV.

1704 158 1770 185 llttS

140 209 172 235 τὸ
187 206 254 234 εἶναι
268 208 334 243 (45)¹
351 207 388 244 μὴ
405 207 541 243 δεσμιῖπαι
558 209 590 235 δι’
602 209 687 245 αὐτὴν
707 211 736 236 ὲν
756 212 789 246 τῇ
806 211 929 247 βασιλείᾳ

990 219 1014 239 te
1027 213 1200 247 sempiternis
1218 214 1336 246 vinculis
1351 214 1545 241 sceleratorum
1563 215 1651 241 instar
1668 215 1769 242 addicti

141 255 189 281 τοῦ
209 255 308 289 φωτὸς,
329 255 362 290 ἢν
381 255 620 290 ἀπολαμϐάνομεν,
632 256 762 291 ἐσόμεθα,
781 257 826 284 διὰ
850 257 931 284 τοῦτο

141 300 193 326 οὐκ
203 300 397 335 ἀναστήσεται.

983 258 1204 289 videatuur,cum
1216 259 1242 285 in
1256 259 1346 286 lucido
1356 260 1402 287 illo
1414 267 1498 295 regno
1512 261 1599 287 simus
1613 260 1768 287 habitaturi.

983 303 1052 330 Cum
1079 304 1152 330 enim
1178 304 1286 332 abunde
1310 305 1444 332 dissoluta
1471 314 1503 333 ac
1526 306 1641 333 refutata
1669 307 1704 334 sit
1725 308 1770 334 illa

143 349 291 381 sententia,
306 355 366 383 quae
382 348 480 375 animae
501 348 640 376 vinculum
667 356 778 376 carnem
806 356 869 377 esse
895 349 1052 381 deﬁniebat.
1081 359 1134 378 una
1150 355 1177 378 et
1189 351 1255 378 illud
1272 352 1421 386 refellitur;
1445 361 1546 389 corpus
1573 354 1635 382 ideo
1660 355 1771 382 minime

144 400 383 429 resurrecturum;
401 403 436 423 ne
453 396 480 423 in
496 395 639 431 splendido
652 397 698 424 illo
715 405 809 432 regno,
826 398 848 425 si
867 398 934 425 illud
951 399 1148 433 receperimus.
1165 399 1247 425 vineti
1261 407 1322 426 esse
1335 400 1486 427 videamur.

179 445 253 478 Μςι.
269 443 394 471 Ποταπὸν
414 444 467 480 γὰρ
485 444 578 472 λοιπὸν
592 445 632 477 εἰς
649 445 734 472 πειθὼ
755 447 810 477 τοῖς
836 446 932 481 sum-

146 489 282 525 ραίνουσιν
298 489 391 525 ἕτερον
412 489 553 524 ἀλήθευμα
572 490 624 525 χρὴ
645 490 792 523 δεικνύναι,
813 491 853 522 εἰς
881 500 933 518 πα-

144 535 205 569 γίδα
222 534 270 570 τήν
286 536 375 571 σάρκα
396 535 473 570 δίκην
492 535 641 576 ὑφέξουσαν
656 536 711 563 τῶν
732 537 933 572 ἡμαρτημένων

144 580 290 616 ἐμϐιϐάζει
302 589 309 595 ·
322 581 390 616 ὅπερ
406 582 416 596 ¹
432 580 531 616 μᾶλλον
546 579 562 616 ἦ
575 580 730 616 ὸρθοδοξίας
739 581 822 608 ἐστίν.
835 582 866 608 Εἰ
879 581 933 617 γάρ

145 625 199 660 πρὸ
212 626 262 661 τῆς
280 626 472 661 παραϐάσεως,
488 626 613 661 καθάπερ
629 627 679 662 ήδη
695 627 743 654 καὶ
766 628 795 654 ὲν
809 629 866 659 τοῖς
884 627 934 663 ἐμ-

145 671 264 706 προσθεν
286 670 448 706 έξεθέμεθα,
471 670 587 707 σώματα
611 672 758 707 ἐκέκτηντο
779 673 807 699 αἱ
837 672 932 708 ψυχαὶ,

145 717 204 749 πῶς
222 718 263 749 εἰς
290 716 392 751 παγίδα
417 716 530 753 ὕστερον
559 717 627 753 μετὰ
650 718 700 753 τὴν
717 717 873 753 παράϐασιν
895 719 935 749 εἰς

147 763 227 798 σῶμα
240 763 443 798 ὲμϐιϐάζονται,
455 763 504 790 οὐκ
519 763 596 796 ὄντος
609 764 716 800 χρόνου,
729 765 759 791 ὲν
773 761 795 798 ᾧ
808 765 873 800 πρὶν
890 764 936 791 αὖε

146 810 196 841 τὰς
210 809 241 836 τὸ
261 809 342 845 σῶμα
355 809 447 836 λαϐεῖν
465 809 674 846 ὲξημάρτοσαν;
699 811 736 838 Ob
753 810 808 846 γὰρ
830 810 936 846 59:990-

1020 445 1111 473 XLVI.
1131 447 1197 480 Quae
1211 448 1293 479 enim.
1311 447 1357 474 illa
1373 448 1490 480 sublata.
1507 452 1580 476 certa
1594 457 1625 476 ac
1640 453 1771 477 constans

982 493 1053 518 ratio
1066 499 1128 519 esse
1143 496 1242 527 potest,
1257 500 1310 527 qua
1325 492 1351 520 id
1363 499 1434 528 aegre
1447 493 1598 521 ferentibus
1612 494 1772 529 persuaderi

983 538 1080 572 possit.
1109 538 1228 564 animam
1254 542 1283 564 ut
1307 538 1468 565 delictorum
1488 545 1599 565 suerunt
1617 546 1711 573 [NBIIIIS
1725 546 1774 565 ex-

983 585 1080 616 solvat,
1093 584 1120 611 in
1137 585 1208 612 hanc
1223 591 1332 611 carnem
1361 584 1435 611 velut
1459 584 1486 610 in
1510 584 1636 619 laqueum
1653 584 1774 619 conjici?

983 630 1056 665 quod
1084 630 1207 657 stultitia:
1235 630 1332 665 magis,
1348 637 1430 664 quam
1445 630 1559 657 sincerae
1575 630 1636 657 lidel
1653 630 1774 657 tribuen:

983 675 1048 702 dum
1067 679 1126 707 est;
1142 682 1205 701 nam
1232 682 1294 702 cutn
1317 679 1381 702 ante
1396 675 1524 701 violatqu
1542 674 1588 702 Dei
1605 674 1773 705 tuandatum,

983 723 1014 756 με
1030 725 1110 748 antea
1128 720 1351 750 monstravimus.
1363 721 1526 755 corporibus
1541 720 1658 755 praedita:
1674 720 1775 747 fuerint

984 766 1092 798 animat,
1110 773 1229 801 quonam
1249 770 1329 801 pacto
1353 766 1504 794 secundum
1528 766 1657 793 delictum
1674 766 1775 792 includi

984 820 1100 848 corpore
1120 815 1278 848 potuerunt,
1293 819 1354 839 cum
1371 819 1425 839 non
1443 816 1571 847 suppetat
1587 816 1693 847 tempus
1709 819 1774 846 quo,

146 864 191 886 νος
202 855 247 882 ὁτὲ
264 855 314 890 μὲν
329 856 366 888 ὡς
382 855 427 882 διὰ
438 856 468 883 τὸ
483 856 563 892 σῶμα
577 856 666 891 λέγειν
681 857 730 889 τὰς
746 857 834 893 ψυχάς
845 859 936 894 ἡμαρ-

990 858 1146 893 priusquam
1156 865 1258 892 corpus
1275 857 1429 890 induerent,
1445 858 1470 884 in
1486 862 1627 892 peccatum
1643 857 1777 892 prolapsa:

146 901 269 932 τηκέναι.
283 902 328 928 ὁτὲ
338 902 377 933 δὲ,
391 902 540 938 ἐπειδήπερ
556 903 733 939 ήμάρτησαν,
745 904 788 930 διὰ
802 905 880 930 τοῦτο
889 906 937 932 καὶ

147 947 247 982 δεσμὸν
259 947 334 980 αὐτὸ,
349 948 396 974 καὶ
413 948 513 982 παγίδα
529 948 597 984 πρὸς
611 949 773 985 κατάκρισιν
784 951 935 984 γεγονέναι.

148 994 180 1020 Et
193 993 247 1029 γὰρ
265 993 309 1020 διὰ
325 994 357 1020 τὸ
374 993 454 1029 σῶμα
470 994 603 1030 ἥμαρτον,
621 995 705 1029 συνῆν
722 995 776 1030 ἄρα
801 995 831 1027 ἐξ
849 995 938 1030 ἀρχῆς

147 1040 244 1072 αὑταῖς
260 1040 307 1066 καὶ
321 1039 374 1075 πρὸ
387 1040 436 1075 τῆς
451 1040 587 1076 ἁμαρτίας
600 1040 631 1067 τὸ
651 1040 739 1075 σῶμα.
755 1040 816 1073 Πῶς
829 1041 883 1078 γὰρ
894 1041 938 1069 διὰ

148 1086 228 1113 τοῦτο
241 1086 408 1122 ἡμάρτανον,
424 1086 438 1112 ὃ
453 1087 489 1122 μὴ
506 1085 540 1122 ἦν
555 1087 682 1122 μηδέπω;
700 1088 730 1114 Et
745 1087 774 1114 δὲ
786 1088 869 1121 παγὶς
886 1088 940 1115 πά-

148 1132 189 1158 λιν
200 1131 274 1166 αὐτῷ
286 1130 315 1158 τὸ
330 1131 410 1167 σῶμα
426 1132 472 1158 καὶ
493 1131 572 1158 πέδαι
587 1131 740 1168 νομίζεται,
765 1133 813 1158 καὶ
827 1132 937 1168 δεσμὸς,

148 1177 240 1204 οὐκέτι
264 1177 295 1203 τὸ
320 1177 524 1213 συναμφότερον
546 1176 644 1210 αἴτιον,
674 1177 744 1204 ἀλλὰ
760 1177 833 1213 ψυχὴ
857 1178 937 1214 μόνη,

150 1224 325 1260 άμαρτῆσαν.
344 1223 376 1250 Τί
393 1223 447 1258 γὰρ
476 1223 545 1258 μετὰ
566 1223 596 1249 τὸ
614 1224 771 1259 άμαρτῆσαι
793 1224 832 1259 τῷ
848 1225 939 1260 ἁμαρ-

149 1270 278 1305 τήσαντι;
294 1268 387 1304 Δεσμὰ
402 1268 449 1294 καὶ
464 1268 588 1302 παγίδες,
606 1268 653 1294 καὶ
668 1269 746 1296 πέδαι
768 1270 939 1297 κατασκευά-

150 1315 252 1347 ζονται.
273 1314 354 1341 Ἀλλὰ
373 1314 422 1350 μὲν
445 1314 476 1350 δὴ
500 1314 727 1350 ὡμολογήσαμεν,
751 1315 788 1351 μή
809 1315 939 1342 δύνασθαι

149 1361 247 1396 δεσμὸν
266 1358 334 1387 εἶναι
347 1359 378 1386 τδ
393 1359 473 1396 σῶμα
488 1360 537 1395 τῆς
546 1359 636 1395 ψυχῆς
647 1368 653 1375 ·
671 1359 768 1397 ἐπειδὴ
779 1361 810 1387 τὺ
824 1361 873 1397 μὲν
886 1361 939 1388 σῶ-

151 1415 190 1441 μα
210 1406 277 1441 πρὸς
292 1406 421 1441 ἑκάτερα.
439 1406 486 1432 καὶ
511 1407 580 1442 πρὸς
605 1406 636 1432 τὸ
662 1405 767 1433 δίκαιον
784 1407 831 1433 καὶ
847 1406 940 1434 ἄδικον

151 1453 288 1487 συνεργεῖ,
310 1452 324 1478 ὁ
347 1451 375 1478 δὲ
402 1451 501 1486 δεσμὸς
526 1451 613 1486 εἴργει
637 1450 684 1478 τοῦ
709 1451 822 1479 ἀδικεῖν.
847 1452 939 1485 Ὥστε,

150 1498 219 1534 ὅπερ
232 1497 314 1532 λέγω,
329 1497 401 1524 δυοῖν
416 1497 540 1533 θάτερον.
558 1498 592 1523 Ἦ
607 1496 661 1532 γὰρ
674 1497 703 1529 ἐξ
715 1497 803 1533 ἀρχῆς
817 1498 939 1534 ἡμάρτο-

987 904 1068 932 sunt?
1084 903 1177 939 Neque
1190 911 1254 931 vero
1271 905 1313 932 sui
1328 912 1440 939 compos
1455 909 1505 933 est.
1523 904 1569 938 qui
1585 904 1653 930 alias
1667 909 1776 938 propter

986 957 1086 984 corpus
1097 957 1226 984 peccasse
1237 949 1315 985 57],
1327 955 1404 985 putat
1414 950 1530 982 animas,
1542 950 1621 982 alias,
1633 954 1776 984 postquam

987 996 1172 1030 peccaverint.
1191 996 1286 1023 eodem
1300 996 1346 1023 illo
1363 1004 1477 1031 corpore
1491 1000 1620 1030 tanquam
1634 995 1730 1022 vinclis
1745 1002 1777 1021 ac

987 1041 1164 1075 compedibus
1177 1040 1260 1069 fuisse
1267 1041 1421 1069 damnatas.
1432 1041 1460 1068 Si
1473 1042 1545 1068 enim
1559 1045 1670 1076 propter
1678 1048 1778 1075 corpus

987 1087 1162 1122 deliquerint,
1180 1095 1242 1114 cum
1258 1095 1290 1114 eo
1314 1087 1356 1113 vel
1372 1091 1436 1114 ante
1461 1090 1602 1121 peccatum
1625 1086 1779 1120 conjunctae

990 1133 1090 1160 fuerint
1101 1136 1220 1167 oportet.
1230 1131 1338 1166 Alioqui
1350 1136 1460 1167 propter
1471 1131 1496 1158 id
1510 1131 1583 1167 quod
1597 1131 1718 1159 nondum
1735 1139 1780 1158 ex-

989 1177 1108 1207 stiterat.
1120 1184 1250 1211 peccasse
1262 1176 1399 1211 quomodo
1413 1177 1580 1211 potuerunt?
1592 1175 1669 1210 Quod
1685 1176 1709 1203 si
1723 1177 1780 1203 viu-

988 1223 1043 1250 culi
1061 1223 1121 1249 loco
1141 1222 1333 1258 compedisque
1348 1230 1449 1258 corpus
1469 1226 1512 1249 est
1529 1222 1638 1254 animae,
1654 1229 1708 1249 non
1722 1222 1778 1256 jam

991 1269 1100 1304 utrique
1111 1268 1191 1296 simul
1204 1268 1311 1301 est,sed
1323 1269 1420 1295 anima:
1433 1267 1563 1295 duntaxat
1578 1267 1681 1302 peccati
1695 1274 1779 1294 causa

989 1315 1143 1342 tribuenda.
1156 1314 1227 1347 Quid
1243 1319 1285 1341 est
1295 1314 1378 1345 enim,
1390 1314 1460 1348 quod
1474 1313 1624 1340 secundum
1639 1317 1779 1348 peccatum

989 1362 1012 1390 ei
1026 1362 1072 1396 qui
1087 1362 1206 1397 peccarit
1221 1361 1373 1396 inﬂigitur?
1385 1360 1499 1388 Vincula
1512 1360 1693 1388 nitnirum'ac
1705 1367 1781 1387 com-

989 1408 1072 1442 pedes
1089 1412 1229 1442 parantur.
1243 1406 1298 1434 Nos
1315 1411 1404 1434 autem
1418 1407 1500 1442 paulo
1517 1406 1583 1433 illud
1602 1410 1665 1434 ante
1679 1405 1781 1432 lateba-

989 1460 1061 1484 mur,
1087 1459 1187 1487 corpus
1213 1452 1310 1479 animm
1340 1451 1480 1479 vinculum
1508 1459 1570 1479 csse
1597 1459 1651 1479 non
1679 1458 1779 1486 posse.

990 1499 1118 1533 quoniam
1136 1498 1168 1526 ad
1187 1502 1343 1533 utrumque,
1362 1501 1417 1525 tam
1438 1498 1543 1533 justum
1559 1498 1675 1530 scilicet.
1697 1505 1779 1532 quant

153 1552 202 1578 μεν
217 1543 286 1579 μετὰ
308 1542 449 1579 σώματος,
472 1543 520 1570 καὶ⁸
543 1543 574 1569 οὗ
599 1543 722 1578 φαίνεται
742 1543 849 1579 χρόνος,
874 1545 904 1570 ἐν
917 1541 938 1578 ᾧ

990 1544 1134 1578 injustum,
1153 1545 1306 1571 ministerio
1331 1544 1455 1579 corporis
1482 1543 1655 1578 adjuvantur.
1673 1544 1705 1570 At
1719 1543 1780 1570 vin-

150 1587 229 1620 ἐκτὸς
246 1588 406 1624 ὑπήρξαμεν
425 1587 562 1623 σώματος,
580 1589 627 1614 καὶ
651 1588 787 1616 συναίτιον
806 1589 836 1615 τὸ
859 1589 940 1624 σῶμα

151 1635 199 1661 καὶ
213 1634 305 1661 κακῶν
321 1635 354 1670 τῇ
367 1635 440 1670 ψυχῇ
457 1635 504 1660 καὶ
522 1634 646 1668 ἀγαθῶν·
663 1634 679 1670 ἢ
702 1635 786 1670 χωρὶς
814 1634 940 1670 σώματος

151 1681 309 1716 ἡμάρτομεν
323 1681 497 1715 διαγαγόντες
509 1689 517 1696 ·
538 1681 585 1708 καὶ
605 1681 726 1708 ἀναίτιον
739 1681 770 1708 τὸ
794 1681 873 1717 σῶμα
891 1691 941 1710 κα-

151 1726 213 1758 κίας
228 1727 260 1752 ὲκ
282 1726 392 1758 παντὸς.
419 1725 501 1752 Ἀλλὰ
522 1725 607 1761 χωρὶς
631 1724 756 1760 σώματος
776 1726 829 1752 ὑπὸ
842 1726 940 1759 ἀλόγου

150 1772 248 1808 ἡδονῆς
273 1773 304 1799 οὐ
326 1773 466 1807 κρατεῖται
490 1773 506 1807 ἡ
531 1772 616 1807 ψυχή.
639 1772 848 1808 Ἐκρατήθησαν
869 1772 897 1798 δὲ
913 1772 939 1798 oi

151 1817 358 1853 πρωτόπλαστοι
373 1817 463 1854 ἀλόγῳ
479 1817 669 1849 δελεασθέντες
684 1817 773 1854 ἡδονῇ.

992 1589 1083 1616 culutn
1099 1590 1134 1617 ab
1149 1589 1266 1624 eoquod
1282 1589 1413 1624 injustum
1441 1592 1484 1616 est
1511 1588 1707 1616 committendo
1730 1597 1781 1616 nos

992 1635 1130 1670 prohibet.
1145 1635 1185 1662 Ex
1206 1643 1261 1670 quo
1285 1635 1413 1667 alterum,
1431 1635 1469 1661 uti
1497 1634 1627 1665 diximus,
1644 1642 1660 1661 e
1674 1633 1781 1662 duobus

989 1682 1124 1716 sequitur.
1142 1681 1195 1708 Aut
1209 1681 1282 1709 enim
1295 1681 1373 1708 initio
1389 1689 1451 1708 cum
1468 1688 1583 1716 corpore
1596 1680 1780 1715 peccavimus;

990 1735 1041 1756 nec
1054 1728 1140 1754 ullum
1156 1731 1265 1762 tempus
1279 1730 1404 1762 apparet,
1421 1733 1477 1761 quo
1492 1726 1552 1754 sine
1566 1733 1682 1760 corpore
1697 1725 1782 1752 {ueri-

990 1781 1070 1808 ntus;
1096 1778 1192 1808 estque
1221 1773 1357 1801 honorum
1386 1773 1576 1808 malorumquu
1608 1779 1692 1800 causa
1718 1779 1781 1798 cum

989 1820 1080 1846 anima
1094 1819 1278 1847 communiter
1294 1826 1404 1854 corpus.
1425 1818 1479 1845 Aut
1496 1822 1553 1845 tum
1572 1821 1713 1853 peccatum
1735 1816 1783 1843 ad-

151 1866 287 1899 misimus,
302 1874 364 1894 cum
378 1866 445 1894 citra
467 1875 568 1902 corpus
585 1867 762 1900 degeremus,
777 1871 808 1894 ut
820 1867 854 1894 ab
869 1867 944 1894 omni
959 1868 1069 1895 maliti-re
1087 1868 1166 1902 culpa
1184 1874 1286 1902 corpus
1302 1867 1423 1894 immune
1449 1866 1494 1893 sit.
1523 1865 1604 1900 Atqui
1625 1865 1698 1891 nulla
1723 1863 1784 1890 sine

150 1919 267 1946 corpore
293 1911 408 1939 rationis
445 1918 558 1947 experte
583 1911 724 1947 voluptate
750 1911 810 1947 capi
838 1913 930 1940 anima
943 1916 1043 1948 potest.
1076 1912 1237 1947 Cujusmodi
1267 1911 1350 1947 primi
1381 1912 1468 1939 nostri
1495 1916 1624 1946 parentes
1655 1909 1782 1937 illecebra

151 1961 222 1995 capti
235 1961 411 1996 superatique
425 1965 489 1988 sunt
499 1960 518 1988 ’.

185 2003 240 2032 Ἦν
265 2005 320 2041 ἄρα
342 2007 358 2041 ή
393 2006 466 2042 ψυχὴ
487 2007 556 2042 μετὰ
582 2005 707 2042 σώματος
732 2007 781 2034 καὶ
807 2007 862 2044 πρὸ
890 2008 942 2043 τῆς

151 2051 299 2087 ἁμαρτίας.
326 2052 394 2087 Περὶ
415 2053 470 2088 γὰρ
492 2053 539 2079 τοῦ
559 2052 596 2088 μὴ
619 2053 752 2088 ἐγχωρεῖν
775 2054 842 2080 αὐτὸ
864 2054 943 2089 νομί-

151 2097 246 2130 ζεσθαι
269 2098 313 2125 διὰ
331 2098 380 2134 τὴν
406 2098 563 2134 παράϐασιν
581 2099 680 2134 δεσμὸν
697 2099 743 2126 ἐπὶ
763 2100 883 2135 τιμωρίᾳ
897 2108 943 2134 γε-

152 2143 260 2176 γονότα,
277 2143 310 2169 ἶν’
332 2143 451 2178 ἄκρατον
463 2145 479 2179 ἡ
492 2143 564 2180 ψυχὴ
586 2144 634 2170 καὶ
652 2144 751 2179 συνεχῆ
767 2145 827 2170 κατ’
845 2144 944 2176 αὐτοὺς

1024 2008 1121 2035 Anima
1146 2007 1228 2042 igitur
1249 2006 1359 2042 corpori
1387 2005 1535 2040 conjuncta
1550 2005 1696 2032 fuitetiam
1721 2008 1784 2032 ante

990 2056 1145 2088 peccatum.
1170 2051 1247 2084 Quod
1268 2052 1341 2078 enim
1362 2049 1513 2077 absurdum
1541 2050 1587 2081 sit,
1617 2056 1704 2084 preme
1725 2049 1784 2077 loco

991 2104 1092 2132 corpus
1112 2097 1211 2124 anima:
1237 2099 1298 2132 post
1320 2098 1460 2130 peccatum
1487 2099 1616 2129 tanquam
1645 2094 1783 2121 vinculum

991 2143 1077 2170 fuisse
1089 2143 1279 2172 constitutum,
1291 2145 1320 2168 ut
1328 2140 1436 2168 addicta
1449 2144 1559 2168 mortuo
1566 2140 1684 2175 gerendo
1693 2140 1783 2167 anima

153 2189 269 2224 βάσανον
288 2189 337 2224 ἔχῃ
358 2190 569 2225 νεκροφοροῦσα,
593 2189 664 2217 δοκῶ
681 2199 726 2225 μοι
744 2189 834 2226 πλήρη
857 2190 938 2217 ταῦτα

993 2196 1070 2216 mero
1092 2188 1214 2224 quodam
1243 2187 1368 2223 supplicii
1382 2194 1481 2222 genere
1506 2194 1538 2213 ac
1565 2186 1733 2221 sempiterno
1749 2194 1783 2213 ex

152 2234 202 2270 ήδη
236 2233 305 2270 μετὰ
334 2235 424 2269 πάσης
451 2235 614 2268 ἀποδείξεως
644 2235 833 2272 δεδηλωκέναι.
860 2236 941 2263 Ὅθεν

151 2280 303 2308 ἀσύστατον
328 2282 375 2307 καὶ¹
392 2281 550 2308 ἀνένδεκτον
565 2282 596 2308 τὸ
620 2282 669 2318 μὲν
687 2280 767 2317 σῶμα
784 2281 885 2315 παγίδα
901 2281 941 2308 τί-

152 2326 246 2354 θεσθαι
261 2327 308 2353 καὶ
330 2327 428 2362 δεσμά,
447 2327 492 2354 τὸν
511 2328 539 2354 δὲ
558 2328 625 2354 Θεὸν
639 2327 759 2362 εἰσάγειν
782 2327 832 2358 τὰς
853 2327 942 2362 ψυχὰς

108 2384 111 2388 -
151 2374 192 2404 εἰς
211 2373 261 2408 τὴν
282 2373 394 2407 παγίδα,
416 2373 494 2409 δίκην
515 2373 682 2408 ὑφεεοὺσαςσ
706 2373 810 2401 ἄνωθεν
833 2374 865 2401 ὲκ
884 2373 943 2410 τρί-

152 2429 199 2446 του
224 2419 389 2446 ἐκϐάλλοντα
410 2419 544 2455 οὐρανοῦ,
571 2421 611 2446 ὅτι
640 2420 743 2447 ἄνωθεν
769 2420 946 2455 παρήκουσαν

150 2466 201 2501 τῆς
220 2466 340 2502 ἐντολῆς.
369 2466 441 2502 Πρὸς
468 2466 494 2493 τί
516 2467 571 2502 γάρ
595 2475 637 2498 τις
664 2466 763 2501 βλέψας
775 2465 945 2493 πιστεύσειεν

151 2513 208 2543 τοῖς
224 2511 295 2538 οὕτω
310 2511 356 2538 ὑπ’
370 2512 460 2538 αὐτῶν
476 2512 622 2548 προπετῶς
643 2512 818 2548 είρημένοις;
837 2512 945 2548 Καίπερ

152 2558 201 2584 οὐκ
222 2557 331 2593 ἔχοντος
352 2557 440 2590 οὕτως
461 2559 509 2585 τοῦ
529 2558 653 2594 ψαλμοῦ.
677 2559 730 2586 κᾶν
756 2558 944 2594 βεϐιασμένως

152 2603 233 2629 αὖτδν
253 2602 414 2630 ἐκτίθενται.
440 2604 515 2631 tm
539 2604 566 2631 δὲ
587 2605 707 2640 προοίσω
722 2604 757 2631 τὰ
775 2603 940 2639 ὲγκείμενα·

153 2649 195 2675 ινα
213 2649 262 2684 (δὲ)
278 2649 367 2676 καὶτὸ
384 2649 507 2685 μυθῶδες
519 2650 608 2677 αὐτῶν
621 2651 672 2686 τῆς
685 2651 842 2687 ἐξηγήσεως
858 2651 942 2686 φανῇ.

151 2694 240 2730 ὀρθῶς
262 2695 299 2730 μὴ
323 2695 455 2722 θελόντων
483 2698 554 2723 νοεῖν
581 2696 631 2728 τὰς
655 2697 776 2733 Γραψάς.
803 2697 863 2724 Εἰσὶ
887 2697 943 2732 γὰρ

189 2773 198 2789 ¹
215 2773 370 2809 Corruptus
385 2778 426 2802 est
444 2774 488 2802 hic
501 2775 589 2802 locus.
628 2775 639 2790 ¹
653 2774 730 2802 Deest
748 2774 851 2810 aliquid
862 2778 889 2802 et
901 2775 936 2809 ἐμ

990 2772 1099 2806 ίζεσθαι
1111 2772 1162 2808 leg.

994 2235 1102 2262 illorum
1125 2234 1255 2269 opinione
1276 2234 1426 2265 crucietur,
1449 2232 1543 2260 videor
1558 2232 1625 2259 illud
1649 2232 1783 2259 hactenus

994 2280 1102 2308 abunde
1125 2280 1290 2316 copioseque
1312 2280 1527 2307 demonstrasse.
1553 2277 1644 2311 Quare
1671 2278 1783 2305 minime

994 2327 1136 2354 cohzcrens
1161 2334 1193 2354 ac
1209 2326 1351 2362 probabile
1373 2326 1491 2357 videtur,
1509 2324 1598 2360 laquei
1624 2331 1656 2351 ac
1681 2324 1783 2350 vinculi

995 2374 1082 2401 instar
1100 2381 1162 2401 esse
1177 2381 1290 2408 corpus,
1305 2373 1332 2400 in
1348 2372 1422 2408 quod
1437 2371 1542 2398 animas
1561 2370 1631 2398 Deus
1656 2370 1783 2404 supplicii

995 2428 1077 2448 causa
1095 2420 1273 2448 nihilominus
1300 2420 1414 2450 inserat,
1434 2426 1504 2453 quas
1516 2426 1531 2445 e
1546 2417 1627 2445 tertio
1651 2417 1722 2445 coelo
1737 2416 1785 2444 de-

995 2467 1122 2499 turbarit,
1137 2465 1210 2501 quod
1225 2465 1384 2493 mandatum
1401 2472 1481 2493 suum
1498 2463 1545 2491 illo
1562 2463 1588 2490 in
1613 2463 1674 2490 loco
1697 2462 1783 2488 viola-

994 2514 1059 2541 rint.
1078 2512 1150 2546 Quid
1172 2516 1213 2540 est
1228 2513 1312 2542 enim.
1329 2518 1384 2547 quo
1398 2516 1453 2538 tam
1474 2514 1576 2537 temere
1597 2509 1655 2536 haec
1678 2508 1784 2536 abillis

992 2559 1123 2586 alllrmata
1146 2558 1302 2594 persuaderi
1319 2556 1444 2592 possint?
1459 2555 1528 2583 Cum
1546 2553 1696 2590 praesertim
1715 2553 1783 2580 nihil

994 2606 1128 2640 ejusmodi
1146 2605 1267 2640 psalmus
1281 2603 1327 2631 ille
1343 2602 1494 2634 contineat,
1526 2600 1634 2628 tametsi
1663 2606 1711 2634 per
1728 2598 1783 2624 vim

995 2651 1056 2686 ejus
1072 2650 1236 2679 sententiam
1253 2649 1418 2684 detorquere
1436 2646 1588 2674 conentur?
1608 2643 1661 2672 Sed
1688 2643 1784 2670 eadem

996 2697 1041 2724 illa
1054 2696 1135 2724 verba
1151 2695 1216 2723 libet
1233 2694 1342 2726 all‘erre,
1375 2700 1430 2728 quo
1461 2691 1569 2720 illorqu
1595 2687 1784 2723 interpretatio

1210 2771 1299 2799 'Cen.
1320 2778 1360 2804 ut,
1378 2771 1389 2797 ι
1409 2777 1470 2805 sqq.

191 2863 247 2899 1‘5)
268 2863 396 2891 ,ὶέλυται
417 2863 466 2890 καὶ
485 2862 518 2891 τὸ
540 2861 626 2890 εἶναι.
659 2861 799 2898 Expuncta
819 2861 938 2890 voculas

992 2869 1000 2887 t
1016 2864 1155 2894 utcunque
1171 2857 1307 2886 sententia
1323 2855 1484 2884 cohaerebit.
