1958 3050
182 130 251 157 ιιιε)

520 128 704 158 ADVERSUS
725 129 894 157 HEBESES
913 129 977 157 LIB.
998 128 1031 156 ll.
1044 120 1137 158 ‘TOM.
1157 130 1178 158 l.
1199 145 1232 151 —-
1251 130 1388 157 IM‘IRES.
1408 129 1500 157 LXIV.

1732 127 1802 156 “50

181 189 295 222 ικανῶς,
316 189 370 215 οὐδ’
394 188 460 216 αὐτὸ
479 187 557 223 σῶμα
576 189 658 222 παγὶς
679 189 767 216 τοῦτο.
792 189 872 216 Ἀλλὰ
894 188 959 224 μετὰ

1015 189 1144 224 contigit,
1163 192 1192 215 ut
1207 188 1315 215 abunde
1338 192 1400 215 ante
1417 188 1581 220 docuimus;
1599 194 1687 222 neque
1700 194 1800 221 corpus

179 235 228 270 τὴν
247 235 287 266 εἰς
311 235 341 261 τὸ
367 235 445 269 σῶμα
472 234 609 269 σύμφυσιν
636 235 685 269 τῆς
706 235 793 270 ψυχῆς
815 235 917 269 γίνεται
936 234 965 260 τὸ

180 280 372 314 παράπτωμα.-
395 279 435 304 ὃτι
455 278 533 304 τοῦτο
548 279 749 314 συναμφότερον
771 281 785 306 ό
807 279 963 314 ἄνθρωπος·

180 325 227 351 καὶ
240 326 256 359 ἡ
271 325 303 351 ὲκ
324 323 371 351 τοῦ
387 324 552 359 παραδείσου
574 325 749 356 κατάπτωσις
761 325 865 351 ἐνθάδε.
889 326 917 351 Ὀ
937 325 966 351 δὲ

179 371 247 402 ὅλως
282 370 431 406 προσέσχεν
460 370 684 406 ἐπιμελέστερον,
723 371 895 404 Ἀγλαοφῶν,
925 370 965 406 τῷ

178 416 267 451 λόγῳ·
289 416 356 442 ἀλλὰ
377 415 523 442 διετείνατο
552 416 615 451 περὶ
635 416 806 452 πραγμάτων
830 417 964 452 διανόησιν

180 463 228 489 οὐκ
250 462 365 497 ἐχόντων
388 461 572 496 ἐπιχείρησιν,
595 462 665 488 κατὰ
691 462 740 493 τὰς
764 461 842 495 δόξας
864 461 963 497 ἐξηγή-

180 507 277 534 σασθαι
298 507 352 533 τῶν
379 507 488 540 φαύλων
513 508 558 533 τὸν
581 506 704 542 ψαλμὸν,
734 508 797 543 περὶ
819 505 855 534 ὦν
876 507 964 541 λέγειν

180 553 264 580 πλείω
284 553 453 588 παρήσομεν.

212 699 285 726 MH’.
303 699 436 734 Βούλομαι
459 698 522 734 γὰρ,
544 698 637 734 ἐπειδὴ
659 698 731 730 ἅπαξ
750 699 789 730 εἰς
807 698 836 725 τὸ
856 698 963 725 διευθῧ-

178 753 221 770 ναι
241 745 290 779 τὴν
306 744 454 780 μοχθηρίαν
474 743 562 770 αὐτῶν
576 745 689 779 ἥκομεν,
707 743 902 779 ἀπογυμνῶσαι
916 744 963 770 καὶ

178 790 278 824 ταύτης
292 791 382 821 αὐτοῖς
394 791 442 825 τῆς
465 790 632 825 προφητείας
646 790 694 825 τὴν
714 790 859 826 πρόφασιν.
882 790 963 816 Ἐδο-

178 835 307 870 κίμασιις
320 834 409 869 ἡμᾶς,
433 837 449 862 o'
471 835 552 868 Θεὸς,
575 835 623 862 καὶ
642 836 798 869 ὲπὺρωσας
818 835 905 870 ἡμᾶς,
920 835 960 868 ὡς

177 880 321 914 πυροῦται
345 881 377 907 τὸ
397 881 548 916 ἀργύριον.
568 881 781 916 Δοκιμασθέντες
798 869 916 917 διαρκῶς
935 883 959 908 οἱ
973 869 996 896 Β

179 926 315 962 μάρτυρες
337 926 366 952 ὲν
386 927 447 957 ταῖς
470 926 540 952 κατὰ
559 926 621 957 τοὺς
645 926 813 961 πειρασμοὺς
835 926 888 952 τῶν
910 926 959 961 βα-

178 971 265 998 σάνων
288 971 449 1007 προσϐολαῖς
470 972 522 1006 (τὰ
555 971 640 998 πολλὰ
670 971 724 1007 γὰρ
752 973 792 1003 εἰς
820 972 870 1006 τὴν
898 971 959 998 καθ’

177 1018 248 1052 ἡμᾶς
269 1018 297 1043 αἱ
315 1018 475 1051 προφητεῖαι
498 1017 588 1043 πίστιν
609 1017 794 1053 πληροῦνται),
813 1017 860 1043 καὶ
881 1018 959 1043 εὐσε-

177 1063 230 1095 ϐῶς
245 1063 291 1090 καὶ
302 1063 524 1098 ἐρρωμενέστατα
537 1063 737 1098 διαϐλήσαντες,
759 1062 958 1098 εὐχαριστοῦσι,

175 1109 214 1140 τὸ,
241 1109 419 1143 ἐδοκίμασας
439 1109 525 1143 ἡμᾶς,
548 1108 681 1143 λέγοντες,
699 1109 738 1144 τῷ
757 1109 834 1143 Θεῷ·
858 1109 897 1140 ὃς,
916 1109 960 1136 ἵνα

176 1155 224 1190 τὴν
241 1153 320 1186 δόξαν
340 1155 404 1190 παρ’
422 1154 495 1190 αὐτῷ
520 1155 671 1190 κτήσωνται
690 1154 809 1189 μείζονα,
830 1154 876 1181 διὰ
896 1156 958 1182 πολ-

175 1200 229 1227 λῶν
248 1201 344 1231 αὐτοὺς
368 1200 464 1235 ἦλεγξε
486 1201 585 1231 πόνων,
608 1201 653 1227 τὸν
677 1200 784 1235 ἀληθῶς
812 1201 960 1236 Ὀλυμπια-

176 1247 223 1273 κδν
244 1246 337 1281 ἀγῶνα
360 1247 470 1281 νικῆσαι
492 1245 611 1282 προθείς.
637 1246 691 1273 Kal.
707 1246 899 1280 ἐπισκέψασθε,
921 1246 959 1278 ὡς

176 1292 279 1324 τούτοις
301 1292 405 1327 συνῳδὰ
421 1291 511 1326 σαφῶς
525 1293 581 1323 τοῖς
603 1291 691 1325 λόγοις
706 1292 769 1327 περ),
782 1291 836 1318 τῶν
858 1292 961 1327 μαρτύ-

178 1348 232 1375 ρων
255 1339 301 1365 καὶ
318 1340 332 1365 6
353 1337 478 1374 Σολομὼν
501 1338 718 1372 ἀναφθέγγεται·
739 1338 769 1364 οὺ
796 1337 850 1373 γὰρ
870 1338 960 1374 ἀμάρ-

174 1394 256 1420 τυρος
281 1387 294 1412 6
317 1385 394 1420 λόγος
421 1385 466 1411 καὶ
495 1383 581 1411 ἄλλων
599 1382 730 1418 Γραφῶν·
760 1383 800 1410 ὅτι
828 1383 859 1410 '0
887 1384 959 1416 Θεὸς

174 1431 334 1465 ἐπείρασεν
363 1430 487 1463 αὐτοὺς.
521 1429 569 1456 καὶ
599 1427 687 1464 εὗρεν
712 1429 823 1462 αὐτοὺς
854 1429 959 1462 ἀξίους

174 1476 291 1503 ἑαυτοῦ.
320 1476 367 1508 Ὠς
386 1475 503 1510 χρυσὸν
515 1475 550 1501 ἐν
572 1476 758 1509 χωνευτηρίῳ
779 1475 959 1509 ἐδοκίμασεν

174 1522 300 1554 αὐτοὺς,
342 1522 389 1548 καὶ
420 1522 460 1554 ὡς
489 1520 686 1555 ὀλοκάρπωμα
713 1521 837 1553 εὐωδίας
864 1528 993 1562 προσ-ο

174 1567 295 1599 εδέξατο
313 1567 431 1600 αὐτούς.
452 1566 505 1593 Καὶ
520 1567 554 1593 ἐν
566 1565 655 1600 καιρῷ
667 1566 835 1600 ἐπισκοπῆς
847 1565 957 1592 αὐτῶν·

175 1613 293 1649 πρόσθεν
316 1612 418 1639 εἰπών·
441 1613 495 1640 Kal
510 1611 564 1647 γὰρ
583 1612 637 1638 ἐὰν
656 1612 691 1638 ἐν
711 1612 777 1646 ὄψει
798 1611 961 1645 ἀνθρώπων

174 1659 374 1689 κολασθῶσιν,
393 1659 411 1692 ’ἡ
428 1658 515 1691 ἐλπὶς
527 1658 626 1685 αὐτῶν
639 1658 805 1690 ἀθανασίας
823 1657 941 1691 πλήρης
951 1665 958 1672 ·

174 1706 223 1733 καὶ
242 1705 328 1740 ὀλίγα
343 1704 562 1736 παιδευθέντες,
576 1704 692 1738 μεγάλα
708 1702 960 1737 εὐεργετηθιὶσον-

174 1759 231 1777 ται.
258 1749 339 1776 Ἀλλὰ
353 1750 399 1776 καὶ
412 1750 440 1775 ὲν
450 1749 488 1784 τῷ
507 1752 565 1784 ρκγ¹
577 1748 676 1785 ψαλμῷ
694 1749 724 1775 τὺ
741 1749 900 1784 εἰρημένονυ
925 1750 960 1776 El

171 1797 213 1832 μὴ
231 1797 276 1824 ὅτι
297 1797 405 1831 Κύριος
427 1793 466 1831 ἦν
478 1796 514 1822 ἐν
531 1795 613 1830 ἡμῖν,
639 1795 674 1821 ἐν
690 1794 729 1827 τῷ
753 1795 960 1829 ἐπαναστῆναι

172 1842 347 1876 ἀνθρώπους
370 1842 415 1876 ἐφ’
435 1840 523 1875 ἡμᾶς,
549 1840 605 1875 ἄρα
624 1840 732 1874 ζῶντας
757 1841 795 1868 ἂν
818 1842 960 1868 κατέπιον

174 1887 261 1923 ἡμᾶς.
287 1887 471 1922 Χειμάρῤουν
493 1886 618 1921 διῆλθεν
639 1887 658 1921 ἡ
675 1886 760 1921 ψυχὴ
777 1886 876 1921 ἡμῶν
903 1887 960 1921 ἄρα

173 1934 296 1967 διῆλθεν
310 1935 329 1967 ἡ
343 1933 427 1968 ψυχὴ
447 1933 531 1968 ἡμῶν
545 1933 577 1959 τὸ
592 1933 670 1967 ὕδωρ
687 1933 720 1960 τὸ
736 1934 957 1964 ἀνυπόστατον.

173 1980 346 2015 Εὐλογητὸς
363 1980 480 2014 Κύριος,
497 1979 531 2012 ὃς
552 1980 606 2005 οὐκ
621 1979 731 2010 ἔδωκεν
751 1978 830 2014 ’ἡμᾶς
846 1980 890 2011 εἰς
906 1978 960 2013 θή-

173 2034 230 2060 ραν
253 2025 315 2058 τοῖς
345 2025 470 2052 ὀδοῦσιν
496 2024 606 2052 αὐτῶν.
634 2025 671 2051 Ἠ
694 2025 779 2059 ψυχὴ
807 2025 891 2060 ἡμῶν
919 2025 960 2057 ὡς

174 2071 333 2104 στρουθίον
346 2071 475 2104 ἑρῤὐσθη
487 2070 521 2097 ἐκ
542 2070 597 2104 τῆς
612 2069 736 2104 παγίδος
750 2070 810 2097 τῶν
822 2072 960 2104 011pde-

173 2124 240 2143 των.
272 2116 302 2144 Ἠ
323 2116 411 2151 παγεὶς
436 2118 604 2150 συνετρίϐη,
633 2117 681 2144 καὶ
705 2116 791 2151 ἡμεῖς
815 2117 960 2150 ἐρῤὐσθη-

171 2170 238 2196 μεν.
261 2163 292 2189 Οἱ
315 2163 451 2199 μάρτυρές
468 2164 537 2190 εἰσιν
561 2165 585 2190 οἱ
597 2163 753 2198 ψάλλοντες.
781 2164 833 2190 Δύο
854 2164 882 2191 δὲ
904 2164 958 2190 τῶν

1017 233 1105 268 ipsqu
1135 234 1224 267 laquei
1255 233 1342 260 instar
1357 233 1465 259 aﬂixum
1480 237 1530 259 est.
1545 232 1598 259 Sed
1614 236 1670 258 tum
1684 232 1801 266 denique

1015 283 1156 315 peccatum
1171 282 1212 306 est
1227 278 1387 310 admissum,
1403 287 1465 305 cum
1483 279 1511 305 in
1534 286 1616 305 unum
1629 286 1728 312 corpus
1744 278 1801 304 ani-

1015 332 1113 359 maque
1136 323 1311 354 coaluissent.
1331 328 1473 358 propterea
1490 323 1560 358 quod
1576 331 1607 350 ex
1626 327 1740 357 utroque
1756 322 1800 349 ho-

1015 370 1096 397 minis
1112 373 1210 396 ualura
1233 368 1387 401 conﬂatur;
1408 373 1505 402 estque
1532 368 1559 394 in
1587 368 1659 394 hunc
1679 367 1766 394 locum
1784 374 1799 393 e

1014 414 1141 449 paradiso
1157 414 1229 441 facta
1254 414 1418 448 deportatio.
1440 413 1486 440 Ille
1503 421 1578 445 vero,
1597 421 1613 441 ο
1628 413 1796 448 Aglaophon,

1014 468 1068 487 non
1079 463 1182 487 attente
1197 459 1341 486 admodum
1369 460 1395 486 in
1423 459 1496 486 illius
1514 458 1566 486 loci
1580 459 1743 486 sententiam
1759 458 1798 484 in-

1014 506 1120 538 cubuit,
1147 506 1195 532 sed
1215 513 1246 532 ea
1261 505 1426 540 disputando
1443 505 1577 532 aIIirmare
1593 505 1718 537 instituit,
1737 512 1798 539 quae

1014 551 1116 586 percipi
1140 545 1215 578 nullo
1234 551 1313 578 modo
1331 555 1456 586 possunt,
1483 555 1563 585 atque
1591 559 1624 578 ex
1652 558 1796 585 pravorum

1013 598 1154 625 homimnn
1186 599 1314 633 opinione
1339 599 1476 633 evplicare
1502 598 1637 633 psalmum
1659 597 1735 624 illum
1756 605 1798 632 ag-

1013 651 1124 678 gressus
1142 648 1195 671 est.

1046 700 1161 728 XLVIII.
1185 701 1262 728 Libet
1291 701 1374 733 enim,
1402 700 1624 736 quandoquidem
1654 700 1737 727 semel
1763 699 1796 725 ad

1012 745 1122 774 illorum
1154 746 1405 782 reprehendendam
1435 747 1584 782 nequitiam
1616 747 1796 779 devenimus,

1013 793 1085 820 illius
1105 793 1208 820 oraculi
1234 793 1375 821 declarare
1398 798 1527 820 mentem.
1545 792 1669 820 Probasti
1682 801 1739 824 nos,
1755 794 1797 820 in-

1012 839 1080 873 quit,
1100 838 1180 869 Deus,
1197 843 1221 865 et
1233 839 1290 873 igne
1306 847 1353 866 nos
1367 839 1537 870 examinasti,
1552 839 1619 865 sicut
1629 839 1798 866 examinatur

1010 888 1155 918 argentum.
1170 882 1220 910 Ubi
1234 888 1377 919 martyres.
1395 883 1440 918 qui
1455 883 1601 910 tormentis
1624 891 1656 910 ac
1673 884 1799 910 cruciati.

1010 928 1062 956 bus
1081 928 1199 955 admotis
1221 928 1332 956 assidue
1357 931 1508 964 probantur
1531 929 1613 964 (sazpe
1637 929 1709 956 enim
1733 937 1798 964 pro-

1011 972 1154 1006 phetarum
1170 979 1302 1007 responsa
1318 973 1346 1000 in
1361 973 1413 1001 ﬁde
1426 978 1520 1001 nostra
1537 981 1569 1000 ac
1585 974 1714 1009 religione
1722 981 1795 1001 com-

1010 1018 1142 1053 plentur),
1167 1022 1345 1054 posteaquam
1377 1019 1420 1054 pie
1449 1027 1481 1047 ac
1520 1019 1628 1047 fortiter
1657 1024 1794 1048 certamen

1009 1065 1145 1097 obierunt,
1163 1065 1195 1092 iis
1213 1065 1281 1100 ipsis
1293 1065 1394 1097 verbis,
1413 1065 1537 1093 Probasti
1552 1074 1608 1097 nos,
1625 1065 1680 1093 Deo
1692 1067 1795 1101 gratias

1010 1113 1094 1145 agunt
1109 1119 1115 1137 :
1131 1111 1189 1146 qui,
1211 1115 1240 1138 ut
1259 1111 1392 1146 majorem
1418 1111 1456 1138 illi
1469 1111 1584 1145 gloriam
1603 1111 1673 1146 apud
1689 1119 1718 1139 se
1730 1119 1794 1146 pro-

1010 1161 1192 1188 mcrcrentur,
1207 1157 1292 1184 variis
1305 1157 1367 1184 illos
1385 1157 1524 1184 laboribus
1539 1157 1687 1191 periclitari
1700 1157 1796 1189 voluit,

1010 1209 1042 1228 ac
1059 1210 1122 1229 vere
1138 1202 1287 1238 Olympiaci
1313 1203 1456 1238 cujusdam
1477 1203 1635 1230 certaminis
1652 1202 1793 1229 victoriam

1010 1249 1161 1283 proposuit.
1172 1248 1258 1282 Quam
1270 1257 1333 1276 vero
1347 1253 1529 1276 consentanea
1540 1249 1572 1276 iis
1584 1249 1617 1276 de
1631 1249 1795 1284 martyribus

1011 1301 1025 1321 a
1042 1294 1187 1322 Salomone
1204 1294 1378 1330 pronuntiata
1395 1294 1607 1327 sint,attendite.
1619 1293 1711 1328 Neque
1722 1295 1793 1320 enim

1010 1341 1124 1368 aliarum
1146 1340 1348 1375 Scripturarum
1374 1341 1533 1368 testimonio
1559 1347 1692 1367 caremus.
1713 1339 1793 1369 Deus,

1010 1386 1110 1421 inquit,
1124 1387 1232 1412 tentavit
1244 1386 1315 1417 illos,
1332 1391 1356 1412 et
1369 1385 1464 1411 invenit
1480 1393 1523 1412 eos
1546 1384 1638 1419 dignos
1661 1392 1697 1410 se.
1722 1383 1793 1410 Tim-

1010 1440 1088 1467 quam
1104 1440 1199 1458 aurum
1210 1432 1238 1458 in
1254 1431 1361 1465 fornace
1374 1431 1493 1465 probavit
1506 1430 1581 1462 illos;
1597 1435 1622 1456 et
1642 1429 1709 1456 sicut
1721 1429 1795 1456 holo—

1011 1483 1130 1505 caustum
1147 1478 1286 1504 suavitatis
1301 1477 1398 1510 accepit
1415 1476 1492 1508 illos;
1503 1481 1527 1503 et
1540 1476 1567 1502 in
1580 1480 1692 1510 tempore
1705 1476 1794 1502 visita-

1011 1523 1089 1550 tionis
1112 1523 1252 1555 illorum‘,
1278 1527 1343 1554 etc.,
1373 1530 1434 1548 cum
1464 1527 1542 1549 antea
1571 1521 1683 1549 dixisset
1699 1530 1705 1547 ;
1724 1520 1794 1547 Etsi

1010 1577 1098 1596 coram
1124 1568 1271 1596 hominibus
1287 1572 1414 1595 tormenta
1431 1568 1503 1602 passi
1520 1571 1590 1598 sunt,
1605 1575 1662 1602 spes
1686 1566 1794 1593 illorum

1008 1615 1211 1642 immortalitate
1222 1614 1298 1648 plena
1312 1618 1361 1641 est.
1382 1612 1415 1640 In
1436 1613 1527 1647 paucis
1554 1612 1676 1645 correpti,
1699 1620 1794 1646 magna

1009 1661 1133 1695 beneﬁcia
1154 1665 1336 1695 consequentur
1357 1660 1380 1686 '.
1400 1657 1534 1685 Praeterea
1566 1657 1672 1692 psalmo
1697 1665 1793 1690 cum,

1009 1714 1070 1733 cum
1082 1706 1134 1733 ista
1148 1705 1296 1733 dicuntur:
1311 1704 1373 1731 Nisi
1388 1704 1450 1739 quia
1468 1703 1593 1730 Dominus
1603 1707 1659 1730 erat
1669 1703 1696 1729 in
1707 1702 1792 1734 nobis,

1009 1760 1066 1778 cum
1079 1756 1246 1786 exsurgerent
1261 1751 1377 1778 homines
1396 1751 1422 1776 in
1446 1758 1505 1780 nos,
1529 1749 1597 1783 forte
1617 1749 1686 1776 t-ivos
1701 1748 1793 1783 deglu-

1009 1800 1101 1827 tissent
1116 1808 1173 1826 nos.
1193 1799 1344 1826 Torrentem
1370 1797 1539 1832 pertransivit
1565 1796 1654 1822 anima
1682 1802 1793 1822 nostra:

1009 1846 1120 1876 forsitan
1133 1845 1319 1879 pertransisse!
1339 1845 1428 1870 anima
1450 1849 1542 1870 nostra
1556 1851 1651 1877 aquam
1666 1841 1793 1868 intolera—

1010 1892 1097 1919 bilem.
1116 1891 1273 1918 Benedictus
1295 1890 1436 1920 Dominus,
1456 1890 1500 1923 qui
1532 1897 1584 1915 non
1608 1888 1680 1915 dedit
1701 1896 1747 1914 nos
1767 1888 1793 1914 in

1009 1938 1156 1973 captionem
1169 1936 1288 1964 dentibus
1300 1943 1401 1963 eorum.
1411 1935 1509 1961 Anima
1522 1938 1613 1960 nostra
1625 1934 1691 1960 sicut
1703 1940 1796 1966 passer

1008 1987 1097 2017 erepta
1110 1987 1149 2009 est
1170 1981 1202 2008 de
1220 1981 1313 2016 laqueo
1339 1980 1500 2007 venantium.
1519 1979 1638 2014 Laqueus
1663 1980 1792 2006 contritus

1008 2034 1056 2062 est,
1071 2033 1096 2056 et
1111 2036 1157 2055 nos
1170 2027 1276 2054 liberati
1291 2034 1381 2054 sumus
1391 2026 1412 2052 ³.
1425 2024 1557 2061 Martyres
1568 2024 1648 2060 574
1660 2025 1792 2060 psalmum

1011 2075 1086 2101 illum
1113 2073 1302 2108 pronuntiant.
1327 2071 1430 2106 Duplex
1460 2079 1541 2107 porro
1570 2070 1793 2105 triumphantium

1008 2123 1158 2158 martyrum
1174 2117 1275 2145 chorus
1287 2121 1341 2144 est.
1357 2116 1431 2144 Alter
1446 2117 1518 2143 enim
1533 2115 1566 2143 ad
1580 2115 1683 2142 Novum
1697 2114 1793 2142 Testa-

1009 2169 1147 2197 mentum,
1166 2164 1234 2190 alter
1248 2162 1282 2189 ad
1299 2162 1383 2190 Vetus
1401 2163 1533 2197 pertinet;
1560 2161 1606 2197 qui
1627 2161 1736 2196 quidem
1765 2161 1793 2188 in

174 2208 332 2235 καλλινίκων
347 2210 370 2235 οι
394 2210 468 2245 χοροὶ
487 2209 642 2246 μαρτύρων,
666 2207 706 2242 εἷς
727 2210 774 2244 μὲν
799 2210 846 2245 τῆς
860 2210 958 2246 Διαθή-

1012 2210 1115 2246 patroni
1127 2218 1159 2237 ac
1175 2209 1246 2244 regis
1261 2209 1382 2237 omnium
1399 2208 1445 2236 Dei
1459 2208 1590 2234 honorem
1605 2207 1708 2234 alterna
1726 2206 1794 2233 invi-

174 2262 224 2289 κης
234 2254 283 2290 τῆς
290 2253 403 2290 Καινῆς,
415 2255 526 2291 θάτερος
538 2255 565 2281 δὲ
574 2256 623 2290 τῆς
639 2255 770 2288 Παλαιᾶς,
782 2256 959 2290 ἀντίφθογγον

174 2298 257 2334 ὕμνον
281 2300 433 2334 συμφώνως
456 2300 495 2335 τῷ
526 2300 677 2335 ὺπερμάχῳ
700 2301 761 2336 Θεῷ
782 2301 829 2327 καὶ
855 2301 960 2336 βασιλεῖ

172 2346 227 2371 τῶν
252 2345 320 2372 ὅλων
342 2346 561 2381 ἀναπέμποντες·
594 2346 790 2381 Ἐδοκίμασας
819 2347 913 2382 ἡμᾶς,
942 2349 958 2375 ὀ

174 2391 262 2424 Θεός·
288 2391 444 2425 ἐπύρωσιις
467 2391 556 2425 ἡμᾶς,
584 2392 624 2424 ὡς
649 2392 792 2426 πιψοῦται
810 2393 842 2419 τὸ
870 2393 960 2428 ἀργύ-

171 2445 246 2471 ριον.
278 2436 443 2470 Εὶσήναγες
469 2437 547 2472 ἡμᾶς
577 2439 621 2471 εἱς
649 2438 706 2471 τὴν
733 2438 859 2472 παγίδα·
888 2439 958 2466 ἔθου

174 2482 291 2515 θλίψεις
305 2481 353 2508 ἐπὶ
371 2481 423 2508 τὸν
437 2481 533 2510 νῶτον
551 2483 634 2518 ἡμῶν
644 2493 651 2499 ·
669 2484 699 2510 τὸ
716 2484 890 2519 δικαστήριον
903 2485 957 2511 τῶν

173 2527 266 2558 ἐθνῶν,
290 2527 305 2562 ἢ
326 2527 389 2559 τοὺς
409 2530 593 2564 πειρασμοὺς.
625 2529 685 2556 καθ’
717 2529 763 2561 οὓς
785 2529 957 2562 ὲκολιῆέντες

175 2572 291 2608 ἰσχυρῶς
309 2572 536 2608 ἐδοκιμάσθησαν.
556 2575 723 2608 Δοκίμασόν
735 2583 774 2609 με
792 2575 857 2609 γὰρ,
879 2576 955 2610 φησι,

1012 2265 1070 2284 cem
1085 2256 1165 2290 hujus
1179 2255 1273 2290 hymni
1285 2254 1467 2282 modulatione
1476 2254 1657 2288 respondent:
1670 2252 1794 2279 Probasti

1012 2311 1070 2332 nos.
1086 2301 1172 2332 Deus;
1186 2302 1243 2335 igne
1254 2309 1299 2327 nos
1313 2300 1482 2330 examiuasti,
1495 2300 1561 2326 sicut
1573 2299 1740 2325 nominatur
1753 2306 1794 2324 ar-

1011 2352 1125 2382 gentum.
1139 2345 1275 2372 Induxisti
1295 2353 1341 2371 nos
1356 2344 1380 2370 in
1395 2344 1536 2378 laqueum:
1553 2342 1663 2375 posuisti
1681 2341 1794 2368 tributae

1012 2394 1094 2420 tiones
1107 2393 1132 2420 in
1148 2392 1226 2418 dorso
1249 2395 1349 2417 nostra.
1362 2389 1413 2418 Ubi
1435 2388 1581 2416 tribunalia
1597 2387 1736 2423 gentilium
1762 2395 1793 2414 ac

1011 2440 1175 2467 tentaliones
1191 2437 1355 2474 signiﬁcant,
1371 2436 1471 2471 quibus
1490 2434 1579 2461 vexati
1596 2441 1628 2462 ac
1644 2434 1714 2461 velut
1733 2434 1794 2469 igne

1010 2486 1130 2520 percocti
1145 2484 1310 2512 validissime
1330 2481 1434 2517 probati
1454 2481 1527 2508 sunt.
1542 2479 1632 2506 Proba
1655 2488 1694 2506 me
1708 2479 1790 2510 enim,

1010 2529 1108 2564 inquit,
1127 2528 1207 2560 Deus,
1226 2533 1250 2555 et
1271 2532 1342 2555 tenta
1364 2534 1426 2553 me:
1446 2533 1493 2552 ure
1514 2533 1586 2552 renes
1604 2533 1674 2552 meos
1698 2529 1723 2550 et
1748 2532 1793 2550 cor

1010 2583 1106 2602 meum.

175 2621 271 2655 Κύριε,
288 2620 336 2647 καὶ
357 2621 502 2654 πεφασόν
514 2630 563 2655 με,
583 2622 727 2655 Πύρωσον
744 2622 814 2654 τοὺς
831 2623 959 2657 νεφρούς
975 2632 1034 2658 μου
1050 2622 1098 2649 καὶ
1122 2621 1179 2655 τὴν
1195 2619 1322 2654 καρδίαν
1336 2628 1407 2654 μου.

208 2666 317 2700 Δεγέτω
337 2666 369 2701 δὴ
394 2666 440 2692 καὶ
466 2666 589 2702 Ἀϐραὰμ
612 2667 657 2693 ἐπὶ
680 2667 719 2702 τῷ
742 2669 880 2702 μονογενεϊ
904 2677 955 2695 πυ-

173 2712 269 2749 ρωοεὶς
290 2712 324 2739 τὰ
347 2712 497 2747 σπλάγχνα,
521 2713 692 2748 προτιμήσας
712 2722 742 2740 τε
766 2714 796 2740 τὸ
821 2713 867 2740 τοῦ
886 2713 953 2740 Θεοῦ

174 2759 272 2796 μᾶλλον
299 2758 471 2794 πρόσταγμα,
497 2758 566 2794 μετὰ
596 2759 627 2786 τὸ
649 2758 781 2786 ἀκοῦσαι·
818 2759 953 2795 Ἀϐραὰμ,

208 2852 215 2868 ¹
232 2851 297 2886 Sap.
314 2857 355 2883 III,
371 2849 397 2882 5,
416 2849 442 2877 6.
480 2849 566 2877 'ib'ul.
584 2849 612 2877 ὃ.
648 2849 658 2866 ⁸
677 2838 750 2878 Ρδςιδ.
763 2858 856 2883 cnnt,
877 2851 929 2878 I-7.

1046 2667 1136 2695 Liceat
1160 2670 1187 2694 et
1204 2666 1259 2693 haec
1276 2665 1430 2692 Abrahaino
1456 2663 1557 2694 dicere,
1578 2669 1639 2689 cum
1669 2659 1791 2695 unigena;

1009 2715 1056 2742 lilii
1076 2713 1166 2750 gratia
1181 2712 1255 2739 illius
1271 2712 1375 2738 viscera
1395 2709 1477 2737 veluti
1505 2708 1622 2744 quodam
1649 2706 1710 2740 igne
1734 2710 1790 2732 tor-

1008 2764 1143 2793 rerentur,
1165 2766 1196 2787 ac
1209 2758 1338 2794 majorem
1355 2756 1439 2785 divini
1458 2754 1576 2783 mandati
1594 2754 1724 2781 rationem
1741 2751 1790 2778 iia-
