1958 3050
177 149 246 176 1155

514 145 698 174 ADVERSUS
717 144 888 174 [IERESES
906 143 971 172 LIB.
992 143 1024 170 ll.
1044 140 1126 169 TOM.
1145 140 1165 168 l.
1185 155 1219 160 —
1238 138 1375 168 HERES.
1396 137 1489 166 LXIV.

1738 134 1806 162 HM

177 207 204 241 τῇ
218 203 341 240 ἁμαρτίᾳ
354 202 408 231 οὐκ
422 202 454 230 ἂν
466 202 590 238 ἥμαρτεν
611 203 678 234 ὅλως
693 202 746 238 πρὸ
765 202 811 229 τοῦ
829 201 963 236 σώματος.

1020 205 1065 233 per
1084 205 1146 225 sese
1160 201 1273 231 peccato
1290 196 1358 223 allici
1374 200 1466 231 queat,
1483 193 1558 222 nullo
1571 197 1651 228 pacto
1670 196 1733 220 ante
1746 200 1809 219 cor-

176 252 204 278 Εἰ
231 251 259 277 δὲ
279 251 413 286 ἥμαρτεν,
440 249 489 274 οὐκ
511 247 546 284 ἦν
573 248 692 284 ἄληπτος
714 247 776 274 καθ’
805 247 903 282 ἑαυτὴν
927 247 960 282 τῇ

176 296 305 332 ἁμαρτίᾳ,
326 294 394 322 ἀλλὰ
405 294 452 321 καὶ
471 294 607 326 εὐάλωτος
632 294 731 329 μᾶλλον
751 293 798 320 καὶ
817 292 961 328 εὔληπτος.

176 342 219 367 Διὸ
232 342 278 368 καὶ
293 340 382 373 πάλιν,
399 340 451 367 κᾶν
467 340 503 375 μὴ
517 340 587 375 λάϐῃ
600 340 629 366 τὸ
643 339 721 374 σῶμα
733 339 823 369 τοῦτο,
839 339 964 374 ἁμαρτή-

176 395 261 417 σεται,
281 385 375 421 ὥσπερ
389 394 421 420 γε
438 385 484 411 καὶ
501 385 553 420 πρὸ
568 384 616 410 τοῦ
641 384 733 410 λαϐεῖν
749 385 814 410 αὐτὸ
827 385 961 419 ἥμαρτεν.

176 432 223 458 Διὰ
236 432 262 458 τί
275 432 303 458 δὲ
317 432 384 463 ὅλως
397 431 445 457 καὶ
465 430 495 457 τὸ
513 431 593 466 σῶμα
604 430 755 465 ἐλάμϐανεν
767 430 879 465 ὕστερον
895 429 964 464 μετὰ

177 478 204 504 τὺ
216 478 423 513 ἡμαρτηκέναις
441 477 476 503 Ἦ
490 476 531 508 τίς
544 477 612 512 αὐτῇ
630 476 708 512 χρεία
724 476 848 510 σώματος
864 473 916 511 ἧν;
939 476 963 501 εἰ

177 524 226 559 μὲν
241 522 287 550 οὖν
302 523 344 549 ἵνα
361 522 538 558 βασανίζηται
558 523 604 548 καὶ
620 522 700 558 ἀλγῇ,
723 522 782 554 πῶς
808 522 907 557 μᾶλλον
922 523 964 548 ἑν-

177 570 266 604 τρυφᾷ
281 568 328 595 καὶ
346 567 534 595 ἀκολασταίνει
548 567 616 603 μετὰ
629 566 754 602 σώματος
769 576 775 599 ;
790 567 855 599 Πῶς
876 567 904 593 δὲ
918 566 965 593 καὶ

179 615 205 642 τὸ
217 614 387 647 αὐτεξούσιον
406 612 475 640 εἶναι
498 615 526 640 ὲν
547 614 633 648 τούτῳ
648 613 770 648 φαίνεται
788 613 858 648 ἔχειν
869 612 907 648 τῷ
920 612 965 639 κό-

178 669 257 697 σμῳ;
277 661 333 694 Ἐφ’
351 661 416 695 ἡμῖν
433 659 487 695 γὰρ
507 659 537 686 τὸ
560 658 704 685 πιστεῦσαι
728 660 831 690 κεῖται,
859 658 906 684 καὶ
934 658 966 684 τὸ

180 707 216 743 μὴ
235 706 389 734 πιστεῦσαι.
402 706 485 732 Ἔνθα
504 706 532 732 δὲ
555 706 597 740 ἐφ’
615 707 681 741 ἡμῖν
699 705 729 732 τὸ
745 705 888 732 πιστεῦσαι
910 705 966 731 κεῖ-

178 759 220 776 ται
244 750 291 776 καὶ
308 749 339 776 τὸ
363 750 402 785 μὴ
422 749 574 782 πιστεῦσαι,
594 750 637 784 ἐφ’
654 751 720 784 ἡμῖν
744 750 775 776 τὸ
791 749 965 784 κατορθώσα-

178 790 238 819 σἀι
267 793 314 820 καὶ
342 794 564 829 ἁμαρτήσασθαι,
588 794 630 829 ἐφ’
653 795 719 830 ἡμῖν
743 795 773 821 τὸ
793 794 967 829 ἀγαθοποιεῖν

177 839 223 865 καὶ
254 839 284 866 τὺ
310 841 477 866 κακοποιεῖν.
519 839 597 866 Ἀλλὰ
624 841 672 867 καὶ
696 841 713 876 η
738 841 827 876 κρίσις
851 840 910 871 πῶς
933 840 965 875 δὴ

1017 253 1068 280 pus
1082 251 1195 279 peccare
1207 243 1350 278 potuisset.
1363 241 1412 269 Sin
1425 241 1556 276 peccavit,
1570 240 1668 267 falsum
1680 243 1721 266 est
1733 239 1808 266 nullo

1018 299 1078 319 eam
1104 293 1216 325 peccato
1244 296 1292 324 per
1305 296 1366 316 sese
1390 287 1513 323 potuisse
1531 286 1632 320 corripi
1647 293 1654 311 :
1668 286 1734 320 quin
1753 285 1808 312 imo

1017 337 1098 364 facile
1113 336 1147 362 ab
1173 343 1206 362 co
1230 334 1319 361 invadi
1337 334 1542 369 expugnarique
1561 332 1660 367 potuit:
1685 330 1762 358 Unde
1781 335 1808 357 et

1017 383 1079 410 licet
1109 381 1199 409 denuo
1225 388 1327 415 corpus
1352 379 1420 406 illud
1446 387 1501 406 non
1527 379 1662 414 accipiat,
1686 377 1807 412 peccabit

1013 429 1201 461 nihilominus,
1226 428 1455 464 quemadmodum
1486 433 1632 462 antequam
1663 434 1726 453 cum
1761 426 1808 452 illo

1014 473 1237 509 coniungeretur,
1267 472 1430 507 jamdudum
1456 471 1568 500 fecerat.
1592 472 1728 505 Quorsum
1745 478 1808 498 vero

1014 527 1115 554 corpus
1138 519 1250 546 omnino
1277 522 1339 554 post
1361 517 1512 545 admissum
1528 518 1657 545 delictum
1673 517 1806 552 capiebat,

1015 569 1061 592 aut
1074 565 1138 600 quid
1153 565 1199 592 illo
1207 572 1276 599 opus
1287 564 1424 592 habebat!
1437 563 1466 591 Si
1482 567 1511 591 ut
1526 564 1660 599 supplicio
1671 571 1702 591 ac
1713 564 1808 591 dolore.

1015 611 1179 644 adiceretur,
1205 618 1256 638 cur
1281 617 1342 637 cum
1359 617 1475 645 corpore
1504 610 1597 636 luxum
1625 609 1716 645 potius
1741 609 1808 636 deli—

1015 657 1129 691 ciasque
1142 656 1278 684 sectatur?
1293 656 1407 683 Arbitrii
1427 664 1492 684 vero
1509 656 1551 684 sui
1569 656 1720 683 libertatem
1739 663 1808 690 quo—

1018 702 1100 729 modo
1109 702 1228 729 retinere
1240 702 1267 729 in
1283 702 1335 729 hoc
1353 702 1453 729 mundo
1467 702 1591 729 videtur?
1604 702 1722 729 Credere
1734 703 1808 729 enim

1016 751 1064 774 aut
1080 755 1135 774 non
1150 748 1262 776 credere
1295 748 1323 775 in
1347 752 1439 775 nostra
1459 753 1501 776 est
1521 749 1660 775 voluntate
1678 748 1808 783 positum.

1017 793 1068 821 Ubi
1085 798 1175 821 autem
1192 798 1339 829 utrutnque
1353 794 1423 829 juris
1434 801 1467 821 ac
1480 794 1627 822 voluntatis
1641 798 1684 821 est
1697 800 1808 824 nostrae.

1017 847 1188 873 consequens
1206 844 1248 867 est
1263 844 1292 867 ut
1311 844 1338 867 et
1352 843 1426 867 recte
1441 847 1532 875 agere,
1546 840 1590 868 vel
1603 847 1725 874 peccare,
1742 840 1807 867 boni

177 885 364 921 ἐπιφέρεσθαι,
388 885 425 917 ὡς
449 886 593 921 μέλλουσα,
610 887 811 922 προσδοκᾶσθαι
831 886 870 913 ἔτι
888 886 966 913 δύνα-

1020 884 1119 919 aliquid
1130 884 1229 917 facere,
1242 885 1284 912 vel
1295 886 1369 918 mali,
1381 885 1418 912 sit
1431 885 1576 921 integrum.
1590 885 1713 919 Quonam
1730 891 1809 921 pacto

178 938 235 956 ται·
254 930 314 957 καθ’
334 930 367 965 ἣν
382 932 396 957 ὀ
412 930 476 962 Θεὸς
491 931 598 966 ἑκάστῳ
618 931 687 957 κατὰ
701 931 735 957 τὰ
748 931 816 966 ἔργα
832 931 880 957 καὶ
894 930 965 957 κατὰ

178 976 211 1002 τὰ
227 976 427 1012 ἐπιτηδεύματα
456 976 614 1003 ἁποδίδωσν
635 977 682 1004 καὶ
706 977 754 1012 οὐχ
770 977 807 1009 ὡς
826 977 876 1012 ἠδη
892 984 964 1012 παρ-

177 1020 245 1047 οῦσα
260 1021 463 1057 νομισθήσεται,
483 1022 540 1056 εῐγε
560 1022 590 1048 τὸ
603 1022 765 1058 γεννηθῆναι
788 1022 837 1057 μὲν
859 1023 906 1049 καὶ
925 1023 965 1053 εἰς

179 1067 258 1102 σῶμα
273 1067 358 1094 ἐλθεῖν
375 1067 422 1103 τὴν
438 1067 526 1104 ψυχὴν
543 1068 670 1104 κριθῆναί
686 1069 760 1095 ἑστιν
773 1069 822 1104 ήδη
838 1069 884 1095 καὶ
900 1069 966 1095 ἀντι

178 1112 341 1139 απολαϐεἰν’
359 1113 389 1139 τὸ
412 1113 440 1140 δὲ
471 1114 631 1148 ἀποθανεῖν,
654 1115 701 1140 καὶ
731 1114 898 1150 χωρισθῆναι
919 1113 966 1140 τοῦ

179 1159 313 1194 σώματος,
337 1159 551 1194 ὲλευθερωθῆναί
574 1168 605 1186 τε
629 1160 676 1187 καὶ
699 1161 739 1192 εἰς
764 1159 894 1194 ἁνάψυξιν
925 1159 968 1186 έλο

179 1205 244 1236 θεῖν,
257 1205 302 1232 διὰ
322 1205 352 1232 τὸ
374 1205 426 1240 πρὸ
452 1205 578 1241 σώματος
600 1206 684 1241 αὐτὴν
706 1207 914 1241 ἀμαρτήσασαν,
930 1207 968 1237 ὡς

179 1253 219 1283 εἰς
238 1252 396 1287 κατάκρισιν
416 1252 462 1278 καὶ
482 1252 628 1287 καταδίκην
644 1253 684 1284 είς
705 1252 735 1278 τὸ
757 1252 835 1287 σῶμα
854 1252 966 1286 ἐμϐιϐά-

181 1297 274 1329 ζεσθαι
286 1299 346 1325 καθ’
363 1299 452 1333 ὑμᾶς
472 1298 607 1331 Ἀπέδειξε
623 1298 652 1325 δὲ
668 1299 786 1334 διαρκῶς
808 1299 838 1325 ὲκ
861 1307 968 1334 περιου-

182 1344 242 1375 σίας
258 1345 273 1370 ὁ
295 1344 383 1378 λόγος,
405 1344 560 1371 ὰνένδεκτον
575 1343 645 1371 εἶναι
664 1344 821 1380 νομίζεσθαι
838 1345 868 1371 τὸ
887 1344 967 1380 σῶμα

183 1390 390 1426 βασανιστήριον
405 1391 453 1417 καὶ
469 1390 552 1422 πέδας
565 1390 615 1426 τῆς
627 1390 727 1426 ψυχῆς.

216 1524 257 1552 N'.
273 1525 370 1560 Ἤρκει
391 1524 439 1560 μὲν
455 1522 511 1558 οὖν,
529 1524 582 1551 ἀπὸ
598 1524 647 1560 τῆς
669 1524 779 1560 Γραφῆς
799 1524 884 1560 αὐτῆς
899 1525 967 1551 ἀπο-

181 1571 304 1604 δείξαντα
321 1572 374 1607 πρὸ
385 1572 434 1607 τῆς
448 1572 628 1608 παραὸάσεως
646 1572 691 1599 τὸν
710 1572 919 1608 πρωτόπλαστον
936 1573 968 1598 ὲκ

181 1617 270 1652 ψυχῆς
286 1618 332 1644 καὶ
353 1617 477 1652 σώματος
498 1618 573 1649 ὅντα,
589 1618 754 1645 καταπαύειν
771 1618 816 1644 τὸν
831 1618 895 1653 περὶ
909 1617 969 1644 τού-

182 1673 236 1690 των
259 1664 376 1691 ἐνταῦθα
397 1664 485 1698 λόγον.
506 1664 590 1699 Κάγὼ
608 1664 656 1691 νῦν
680 1665 728 1700 μὲν
744 1665 790 1691 ἐπὶ
815 1664 969 1698 κεφαλαίων

183 1709 253 1736 αὐτὰ
268 1709 449 1745 διεξέρχομαι,
464 1711 525 1737 ὅσον
543 1710 594 1742 τὰς
614 1710 740 1746 ἀφορμὰς
755 1710 810 1737 τῶν
830 1710 970 1745 ἐπιχειρη-

185 1753 276 1788 μάτων
298 1753 387 1780 αὺτῶν
410 1754 519 1781 εὐθῦναι
545 1754 769 1790 διαμιλλώμενος,
793 1755 837 1781 ἵνα
861 1755 898 1790 μὴ
920 1754 970 1790 τὴν

185 1799 355 1835 συμμετρίαν
377 1799 495 1826 ὲκὸαίνω
514 1799 568 1826 τῶν
590 1799 685 1834 λόγων.
707 1799 827 1836 Πάρὲστι
842 1801 898 1836 γὰρ
919 1801 969 1836 ήδη

185 1846 295 1872 σκοπεῖν
310 1846 390 1881 ὑμᾶς,
404 1842 426 1872 ὦ
439 1846 572 1878 δικασταὶ,
587 1847 628 1872 ὅτι
644 1846 684 1878 τὺ,
698 1847 771 1881 Ἐγὼ
785 1846 820 1873 δὲ
834 1847 905 1877 ἔζων
918 1856 971 1881 χω-

182 1892 230 1924 ρὶς
244 1892 337 1925 νόμρυ
350 1891 432 1924 ποτὲ,
447 1892 592 1927 λεγόμενον
613 1893 642 1919 έν
663 1894 696 1928 τῇ
718 1893 786 1928 πρὸς
808 1893 969 1928 Ῥωμαίους,

184 1937 215 1962 οὐ
228 1938 338 1964 δύναται
353 1938 460 1965 πίπτειν
473 1939 513 1970 εἰς
524 1938 572 1974 τὴν
585 1939 637 1974 πρὸ
654 1939 778 1973 σώματος
800 1940 860 1966 κατ’
873 1939 971 1970 αὐτοὺς

184 1983 321 2018 διαγωγὴν
337 1984 386 2019 τῆς
406 1984 503 2019 ψυχῆς,
518 1985 642 2020 καθάπερ
656 1985 691 2011 τὰ
710 1985 893 2021 ἐπιφερόμενα
909 1985 971 2012 τού-

185 2040 241 2062 τοις
262 2030 373 2066 μηνύει·
396 2030 446 2057 κᾶν
467 2031 482 2057 ὁ
501 2032 622 2064 γενναῖος
642 2027 718 2062 οὗτος
742 2030 832 2066 ἰατρὸς
846 2030 899 2057 τῶν
922 2032 971 2066 ρη-

185 2077 250 2110 τῶν,
264 2077 299 2104 τὰ
319 2077 381 2112 έξῆς
397 2076 572 2111 ἀφελόμενος,
588 2076 656 2112 πρὸς
677 2077 708 2103 τὸ
727 2076 821 2102 δοκοῦν
837 2075 911 2111 αὐτῷ
926 2075 971 2101 τὸν

187 2123 248 2150 νοῦν
261 2123 389 2150 ἐϐιάσατο
406 2123 575 2158 μεταπλάσαι
591 2122 639 2149 τοῦ
655 2121 826 2153 ’Λποστόλου,
844 2121 969 2148 ἀνίατόν¹

1018 934 1146 965 praeterea
1156 930 1276 957 futurum
1290 930 1354 957 illud
1368 930 1502 965 judicium
1519 931 1671 966 exspectari
1691 932 1808 966 amplius

1020 979 1126 1011 potest:
1142 983 1197 1011 quo
1216 975 1241 1003 in
1254 976 1359 1011 judicio
1378 976 1525 1011 unicuique
1543 976 1615 1004 Deus
1630 985 1680 1012 pro
1695 985 1808 1012 operum

1019 1022 1124 1049 ratione
1148 1029 1181 1049 ac
1202 1021 1357 1049 studiorum
1379 1021 1527 1056 rependet;
1540 1026 1567 1048 et
1582 1030 1635 1049 non
1649 1023 1738 1056 potius
1753 1023 1808 1057 jam

1019 1067 1116 1095 adesse
1129 1067 1297 1099 censebitur,
1312 1067 1336 1095 si
1353 1067 1426 1103 gigni
1444 1075 1474 1095 ac
1490 1068 1583 1095 subire
1599 1069 1626 1095 in
1639 1076 1739 1103 corpus
1750 1069 1809 1096 ani-

1020 1121 1093 1140 mam
1122 1113 1193 1140 idem
1221 1113 1302 1148 576
1319 1118 1360 1141 est
1391 1121 1423 1141 ac
1443 1113 1572 1149 iudicari,
1597 1118 1626 1141 et
1648 1115 1808 1142 meritorum

1021 1159 1130 1194 pmmia
1156 1159 1312 1194 percipere;
1336 1159 1423 1186 emori
1444 1164 1551 1191 contra.
1567 1165 1674 1195 atquea
1693 1168 1809 1195 corpore
1848 1177 1854 1183 ο

1021 1205 1139 1240 sejungi,
1168 1205 1236 1233 nihil
1263 1209 1306 1233 est
1327 1205 1412 1238 aliud,
1432 1213 1514 1241 quam
1530 1206 1640 1233 liberari
1655 1214 1687 1233 ac
1701 1206 1809 1234 rel‘ocil-

1021 1251 1083 1282 lari.
1099 1256 1243 1286 propterea
1256 1252 1340 1287 quod,
1353 1258 1465 1288 peccato
1480 1256 1543 1280 ante
1563 1260 1663 1287 corpus
1678 1253 1808 1286 admisso,

1020 1297 1047 1324 in
1064 1298 1133 1325 idem
1153 1298 1219 1324 illud
1237 1298 1337 1330 anima,
1355 1299 1430 1325 velut
1444 1299 1478 1326 ad
1489 1299 1653 1334 supplicium
1668 1298 1808 1329 damnata.

1018 1343 1200 1378 compellitur,
1224 1350 1284 1377 quae
1308 1347 1397 1370 vestra
1427 1348 1470 1371 est
1492 1344 1641 1371 sententia?
1668 1343 1727 1370 Jam
1743 1345 1808 1371 illud

1021 1390 1088 1416 satis
1103 1395 1248 1423 superque,
1265 1389 1338 1416 velut
1347 1397 1379 1416 ex
1397 1389 1556 1422 abundanti,
1571 1390 1695 1419 oratione
1715 1395 1808 1418 nostra

1020 1433 1234 1460 demonstratum
1247 1437 1299 1465 est,
1318 1433 1373 1460 ﬁeri
1391 1441 1445 1461 non
1455 1442 1545 1469 posse,
1555 1439 1584 1462 ut
1594 1443 1695 1471 corpus
1710 1438 1808 1465 anima:

1021 1478 1102 1506 veluti
1116 1478 1272 1505 carniﬁcina
1289 1487 1320 1506 ac
1336 1480 1472 1507 vinculum
1489 1481 1630 1509 habeatur.

1054 1524 1085 1551 L.
1101 1525 1188 1560 Atque
1199 1525 1265 1552 illud
1287 1525 1396 1560 quidem
1409 1526 1534 1553 suiﬁcere
1554 1527 1670 1559 videtur.
1684 1528 1757 1562 quod
1775 1536 1808 1555 ex

1019 1571 1106 1598 sacris
1119 1569 1232 1598 Litteris
1242 1571 1411 1599 ostendimus
1427 1581 1433 1598 :
1445 1573 1560 1607 primum
1570 1577 1694 1600 nostrum
1710 1582 1809 1609 paren-

1020 1621 1084 1647 tem.
1110 1616 1192 1643 etiam
1212 1621 1275 1644 ante
1300 1616 1442 1649 delictum,
1464 1625 1497 1644 ex
1520 1624 1636 1653 corpore
1664 1620 1810 1655 animaque

1020 1661 1104 1688 fuisse
1118 1661 1276 1693 conﬂatum.
1296 1665 1377 1697 atque
1392 1666 1428 1688 ita
1441 1662 1597 1697 disputandi
1616 1663 1696 1691 linem
1709 1665 1807 1694 facere.

1020 1707 1076 1741 Ego
1087 1714 1152 1734 vero
1168 1714 1276 1734 summa
1295 1715 1368 1734 nunc
1383 1708 1492 1734 illorum
1509 1708 1597 1743 capita
1616 1711 1808 1745 perstringam,

1019 1753 1153 1780 duntaxat
1181 1757 1212 1780 ut
1228 1758 1463 1788 argumentorum,
1485 1755 1584 1789 quibus
1599 1759 1722 1788 utuntur,
1742 1765 1810 1792 pra:-

1020 1799 1090 1827 sidia
1102 1807 1133 1826 ac
1143 1799 1313 1826 llrmamenta
1327 1800 1478 1827 convellam
1490 1822 1497 1832 ,
1512 1808 1545 1828 ne
1556 1801 1665 1828 modum
1677 1803 1810 1831 orationis

1020 1846 1162 1873 excedam.
1183 1845 1240 1873 Hoc
1261 1847 1317 1881 jam
1343 1847 1415 1873 enim
1436 1846 1536 1874 intueri
1556 1849 1808 1884 potestis.judices,

1020 1891 1077 1918 haec
1091 1892 1214 1926 Apostoli
1230 1891 1329 1918 verba:
1343 1890 1394 1926 Ego
1405 1891 1519 1919 vivebam
1530 1893 1585 1919 sine
1594 1892 1647 1927 lege
1655 1893 1808 1928 aliquando.

1019 1944 1053 1964 ex
1068 1937 1189 1972 Epistola
1208 1937 1240 1963 ad
1267 1937 1416 1969 Romanos,
1435 1945 1607 1972 nequaquam
1620 1939 1654 1966 ad
1671 1947 1730 1966 eam
1750 1941 1810 1968 vita:

1020 1983 1152 2011 rationem
1167 1991 1248 2018 posse
1265 1984 1420 2016 convenire,
1434 1991 1514 2018 quam
1531 1988 1593 2011 ante
1604 1992 1704 2019 corpus
1719 1987 1810 2013 anima

1020 2033 1166 2057 consecuta
1190 2029 1289 2061 fuerit,
1317 2033 1347 2056 ut
1370 2037 1403 2056 ex
1426 2031 1658 2063 consequentibus
1688 2037 1808 2066 apparet.

1022 2075 1141 2103 Tametsi
1156 2076 1280 2111 egregius
1302 2076 1346 2102 ille
1360 2076 1482 2103 medicus
1497 2084 1637 2104 sacrarunt
1653 2079 1810 2112 verborum,

1022 2122 1151 2149 detractis
1175 2121 1297 2156 reliquis,
1315 2122 1435 2156 Apostoli
1455 2127 1571 2150 mentem
1596 2123 1630 2150 ad
1655 2125 1810 2158 opinionem

187 2178 212 2196 τι
226 2169 318 2196 παθὼν
336 2169 396 2195 λίαν
410 2168 456 2195 καὶ
472 2168 606 2195 παιδικόν.
630 2167 700 2194 Ἀντὶ
715 2168 769 2203 γὰρ
782 2167 828 2193 τοῦ
841 2167 908 2201 πρὸς
922 2166 968 2198 τὰς

1023 2175 1099 2196 suain
1115 2168 1246 2195 violenter
1257 2168 1405 2195 transferre
1425 2169 1581 2196 contendat.
1598 2169 1626 2196 In
1642 2178 1696 2204 quo
1713 2178 1807 2205 parum

187 2216 290 2247 οἰκείας
306 2216 454 2250 συμφύσεις
476 2215 522 2241 καὶ
544 2214 668 2250 ἁρμογὰς
683 2214 717 2241 τὰ
733 2213 802 2249 μέλη
814 2214 906 2249 τηρεῖν
919 2213 973 2240 τῶν

189 2262 332 2297 σωμάτων,
351 2261 394 2288 ἵνα
416 2260 446 2287 τὸ
463 2261 516 2287 πᾶν
537 2260 629 2296 ἄρτιον
650 2260 721 2287 κατὰ
744 2260 823 2294 φύσιν
880 2260 973 2294 σχῆμα

188 2308 235 2336 τοῦ
262 2307 396 2343 σώματος,
423 2307 613 2342 ἠκρωτηρίασε
641 2306 781 2342 παρελθὼν
808 2306 852 2333 τὸν
879 2306 973 2341 εἱρμὸν

188 2353 237 2389 τῆς
255 2353 378 2388 Γραφῆς·
395 2353 518 2388 καθάπερ
532 2351 637 2388 Σκύθης
648 2351 745 2387 ἐχθροῦ
766 2360 837 2384 τινος
858 2351 973 2386 ἁφειδιῖις

189 2401 256 2434 πρὸς
270 2399 408 2435 ἀναίρεσιν
427 2399 604 2434 κατατέμνων
623 2398 657 2425 τὰ
675 2398 742 2433 μέλη
764 2395 828 2424 εἷεν.
850 2397 912 2429 Πῶς
927 2395 974 2424 οὗν

188 2447 202 2472 ὁ
222 2444 390 2476 ’Λπόο-τολος,
414 2443 531 2477 λέξουσι,
546 2443 632 2470 ταῦτα
654 2443 820 2477 ἀπεφήνατο,
840 2442 865 2468 εἰ
888 2442 919 2468 σὺ
937 2441 975 2477 μὴ

188 2490 274 2521 οὕτως
287 2490 356 2517 αὐτὰ
371 2489 511 2523 ἀπέδειξας
526 2489 614 2524 ἔχεως
630 2489 690 2514 Ὀτι
707 2488 798 2523 νόμον,
816 2487 918 2522 εἴποιμ’
930 2486 973 2520 ἂν,

189 2535 301 2571 Θέμενος
320 2532 390 2562 εἶναι
412 2534 462 2571 τὴν
489 2534 606 2569 ἐντολήν.
631 2533 751 2560 Δεδόσθω
776 2533 829 2569 γὰρ
867 2533 976 2568 πρῶτον

189 2581 260 2608 κατὰ
273 2581 323 2616 τὴν
342 2581 477 2616 ὑμετέραν
498 2579 624 2609 ὑπόθεσιν
641 2579 690 2614 τὴν
712 2579 820 2614 ἐντολὴν
840 2579 920 2605 αὐτὸν
934 2579 976 2605 νό-

191 2635 239 2662 μον
257 2626 395 2662 εἰρηκέναι
416 2634 422 2640 ·
439 2626 469 2652 οὺ
489 2625 564 2660 παρὰ
580 2625 659 2652 τοῦτο
682 2625 728 2651 καὶ
749 2625 900 2660 ἀσωμάτως
922 2624 976 2660 πρὸ

188 2673 239 2707 τῆς
255 2671 363 2706 ἐντολῆς
382 2672 444 2702 τοὺς
465 2669 692 2706 πρωωπλάστους
711 2669 825 2696 ὑπέθετο
846 2669 976 2703 βεϐιωκέ-

189 2728 243 2751 ναι,
265 2719 332 2744 ἀλλὰ
355 2718 438 2753 χωρὶς
458 2716 604 2752 ἁμαρτίας.
627 2717 681 2743 Καὶ
706 2715 760 2751 γὰρ
783 2715 870 2749 ὀλίγος
891 2716 905 2742 ὁ
921 2715 975 2742 ἀπὸ

190 2765 239 2800 τῆς
260 2765 373 2794 κτίσεως
394 2763 483 2790 αὐτῶν
505 2763 569 2798 ἄχρι
590 2762 640 2797 τῆς
655 2761 765 2797 ἐντολῆς
788 2762 892 2798 χρόνος,
905 2756 974 2794 ὲν.ᾢ

179 2837 181 2839 ’
226 2843 234 2860 ι
246 2843 276 2872 F.
288 2842 425 2879 ἀνὶατρον.

1021 2214 1135 2245 medice,
1161 2214 1214 2241 imo
1226 2221 1290 2241 vero
1302 2214 1442 2248 pueriliter
1462 2222 1522 2242 sese
1538 2216 1630 2250 gessit.
1648 2215 1714 2243 Cum
1734 2217 1807 2243 enim

1022 2260 1062 2287 sic
1081 2264 1208 2293 tanquam
1225 2266 1370 2294 corporum
1390 2261 1510 2287 membra
1527 2261 1559 2288 ad
1578 2262 1714 2296 propriam
1734 2270 1810 2289 com-

1021 2308 1168 2333 missuram
1201 2313 1232 2332 ac
1253 2305 1409 2340 juncturam
1438 2308 1645 2335 accommodare
1670 2307 1808 2341 debuerit,

1022 2356 1051 2380 ut
1062 2353 1166 2386 integra
1178 2359 1209 2379 ac
1225 2352 1316 2379 nativa
1327 2354 1450 2387 corporis
1464 2353 1548 2388 ﬁgura
1561 2359 1696 2387 servetur,
1714 2363 1729 2383 e
1744 2364 1811 2383 con-

1021 2399 1107 2425 trario
1126 2398 1274 2432 Scriptura:
1299 2398 1421 2433 neglecta
1451 2400 1538 2432 serie,
1562 2402 1687 2429 mutilum
1710 2410 1811 2438 corpus

1023 2443 1122 2473 cllecit,
1141 2443 1253 2477 perinde
1267 2451 1298 2470 ac
1314 2443 1415 2479 Scytha
1434 2444 1532 2472 hostile
1545 2453 1645 2481 corpus
1662 2447 1811 2475 crudeliter

1022 2489 1169 2516 conticieus
1212 2489 1437 2525 membratimque
1470 2491 1630 2520 concidens.
1667 2492 1719 2521 Sed
1753 2494 1810 2521 luce

1024 2534 1109 2562 missa
1130 2533 1272 2562 faciamus.
1288 2535 1322 2562 At
1333 2535 1406 2562 enim
1423 2535 1514 2563 dicent
1528 2546 1534 2563 :
1551 2536 1673 2565 Curltmc
1688 2539 1722 2565 ab
1739 2539 1811 2573 Apo—

1023 2580 1094 2606 stolo
1107 2579 1282 2614 pronuntiata
1297 2584 1372 2610 sunt,
1387 2580 1410 2607 si
1424 2583 1452 2607 tu
1469 2580 1501 2607 ad
1513 2589 1574 2608 cttm
1583 2582 1691 2608 modum
1711 2582 1811 2610 habere

1024 2633 1053 2652 se
1068 2625 1119 2652 ista
1139 2625 1302 2660 negaveris?
1327 2625 1489 2661 Respondeo
1508 2635 1558 2662 pro
1575 2632 1709 2662 praecepto
1725 2628 1809 2662 legem

1024 2670 1099 2696 illum
1119 2678 1277 2705 usurpasse.
1300 2670 1382 2698 Detur
1394 2672 1466 2698 enim
1485 2672 1536 2699 hoc
1556 2673 1676 2707 opinioni
1693 2672 1809 2707 primum

1022 2721 1130 2748 vestrae,
1153 2721 1317 2752 praeceptum
1343 2718 1377 2744 ab
1397 2718 1527 2755 Apostolo
1559 2718 1643 2752 legem
1667 2718 1809 2752 appellari.

1023 2762 1081 2790 Non
1098 2762 1201 2790 idcirco
1229 2768 1318 2790 tamen
1340 2765 1464 2799 corporis
1477 2767 1602 2799 expectes
1625 2768 1687 2791 ante
1707 2771 1810 2799 prme-
