1958 3050
152 120 223 149 1155

874 117 903 145 S.
924 117 1093 146 EPIPHANII

1711 119 1782 148 “58

152 182 227 212 ptum
241 176 344 213 primos
361 179 489 212 parentes
505 175 591 203 fuisse
607 176 702 203 statuit
715 195 722 207 ,
747 176 794 203 sed
810 176 946 205 immunes

1001 176 1102 212 διέξησε
1121 177 1204 212 χωρὶς
1221 177 1370 212 ἁμαρτίας,
1395 177 1445 204 οὐκ
1459 176 1548 210 ὲκτδς.
1588 197 1595 204 .
1634 197 1642 205 .
1679 198 1688 208 .
1728 199 1734 204 .
1776 199 1784 206 .

151 231 167 250 a
180 226 301 257 peccato.
316 222 400 249 Breve
410 223 482 249 enim
501 222 566 249 illud
579 226 688 256 tempus
705 221 765 254 l‘uit,
782 222 855 256 quod
868 222 940 249 inter

151 269 260 296 illorum
292 269 458 296 creationem
496 272 578 303 atque
599 269 663 295 editi
688 268 816 304 prmcepti
835 273 942 302 tempus

150 314 307 341 intercessit
323 323 329 341 :
348 315 439 348 inquo
449 315 508 342 sine
523 319 633 349 peccato
653 314 730 347 vixit,
746 323 801 342 non
821 319 909 343 extra.
948 333 955 339 .
995 331 1004 341 .

151 368 252 395 corpus
270 365 356 388 morte
371 361 438 388 alﬁci
455 361 609 388 conﬁrmat.

188 406 230 434 LI.
248 406 325 440 Quod
349 408 371 434 si
398 407 423 434 id
450 414 546 433 rursus
570 407 712 441 obiiciant,
727 407 783 435 Cur
803 408 885 444 igitur
899 415 944 435 sa-

154 452 255 486 pientia
267 453 360 479 carnis
375 460 436 479 esse
452 452 507 479 Deo
522 452 632 479 inimica
646 453 769 480 dicitur?
800 453 861 489 Legi
874 454 944 481 enim

155 498 203 525 Dei
235 507 286 524 non
307 498 467 532 subjicitur:
489 507 569 533 neque
592 499 660 525 enim
669 499 829 533 potest',sic
845 507 944 527 occur-

153 545 268 572 rendum
284 545 346 577 erit,
363 545 538 572 vehementer
552 545 614 573 illos
628 545 679 572 hoc
692 546 751 573 loco
771 545 871 581 decipi.
885 545 945 573 Non

153 591 226 618 enim
241 598 351 618 carnem
366 591 463 625 ipsam,
476 591 524 618 sed
539 591 630 618 carnis
646 591 807 626 sapientiam
824 592 874 627 legi
897 591 945 619 Dei

154 636 252 670 subjici
283 644 337 662 non
360 644 440 670 posse
462 636 593 668 declarat,
618 644 678 671 qua:
697 637 806 672 quidem
829 645 844 664 a
863 645 946 665 carne

153 681 542 716 discrepat.Quemadmodum
555 682 577 709 si
596 682 670 709 dicat
684 692 691 709 :
708 683 820 718 Argenti
838 683 944 715 sordes,

153 729 226 762 quod
255 735 308 755 nou
333 728 400 755 satis
424 733 600 762 rcpurgatum
621 728 666 759 sit,
683 732 713 755 ut
726 736 760 755 ex
775 736 808 755 eo
823 736 871 756 vas
887 729 945 756 ido-

154 783 234 802 neum
254 775 309 801 ﬁeri
325 775 420 809 possit,
444 773 542 800 artiﬁci
563 781 617 801 non
635 774 837 808 subjiciuntur;
858 782 946 810 neque

153 821 226 848 enim
244 825 367 862 possunt...
383 819 488 846 Etenim
504 820 613 846 cxcerni
628 819 703 854 prius
722 820 782 847 illas
797 825 879 855 atque
893 821 944 848 eli-

153 867 231 902 quari
244 866 381 894 convenit.
409 865 463 892 Nec
478 870 621 900 argentum
646 865 749 892 idcirco
761 870 843 900 negat
857 868 883 893 in
898 873 944 893 vas

154 913 264 948 aliquod
280 913 345 940 utile
360 911 527 939 conformari
540 919 636 946 posse;
654 911 701 938 sed
720 911 747 938 id
763 913 850 939 solum
869 913 942 947 quod

154 960 183 986 in
211 963 324 994 argento
338 959 503 985 subauratum
524 965 557 984 ac
573 961 684 992 propter
702 957 831 985 duritiem
845 963 944 985 contu-

154 1013 216 1033 max
232 1010 284 1032 est.
301 1004 346 1031 Sic
360 1003 507 1039 Apostolus
520 1003 554 1030 de
564 1003 656 1030 carnis
671 1003 805 1038 sapientia
818 1004 942 1038 loquens,

154 1059 209 1078 non
226 1058 336 1078 carnem
363 1050 449 1084 ipsam
468 1049 566 1076 asserit
580 1048 626 1076 Dei
644 1050 695 1085 legi
713 1056 767 1076 non
783 1057 864 1084 posse
879 1049 945 1077 sub-

152 1097 200 1131 jici
216 1106 222 1124 :
240 1096 288 1124 sed
316 1104 375 1123 eam
397 1103 456 1132 quae
482 1099 524 1122 est
542 1095 568 1122 in
589 1102 671 1122 carne
700 1095 871 1130 sapientiam,
889 1102 945 1130 quo

156 1143 288 1170 vocabulo
305 1142 379 1168 illius
395 1142 421 1168 in
436 1142 588 1176 voluptates
602 1148 633 1168 ac
648 1140 774 1168 libidines
786 1141 945 1175 propensio-

156 1196 218 1216 nem
237 1187 381 1223 signiﬁcat.
403 1188 490 1222 Atque
507 1187 558 1214 hoc
572 1186 635 1213 alibi
651 1194 848 1222 nonnunquam
868 1193 944 1215 vetus

156 1237 318 1262 lei'nientum
345 1235 454 1261 malitia:
471 1241 503 1260 ac
522 1233 667 1268 nequitiaa'
685 1237 773 1266 vocat,
787 1241 849 1261 cum
877 1233 945 1260 illud

157 1281 279 1308 funditus
286 1287 301 1306 a
313 1280 390 1307 nobis
399 1279 535 1314 proﬂigari
546 1280 633 1313 jubet.
644 1279 845 1315 Nonnunquam
858 1280 944 1315 legem

158 1326 276 1361 appellat
292 1330 487 1360 repugnantem
506 1325 555 1360 legi
572 1325 680 1358 mentis,
698 1329 725 1352 et
740 1325 877 1360 captivum
898 1326 946 1352 ab-

158 1372 301 1399 duccutem
313 1371 452 1406 ’.Alioqui
470 1371 492 1398 si
507 1378 616 1398 carnem
630 1372 716 1406 ipsam
734 1371 837 1398 diceret
848 1371 946 1398 divinae

158 1418 210 1452 legi
229 1417 327 1452 subjici
354 1424 409 1444 non
426 1424 518 1451 posse,
536 1417 652 1451 primum
669 1417 778 1451 quoties
790 1417 832 1444 vel
846 1417 945 1445 intem—

159 1467 286 1498 peranter
303 1462 405 1497 aliquid
413 1462 628 1496 faceremushvel
644 1460 747 1488 furtum
761 1462 945 1489 committere-

160 1517 231 1540 mus,
246 1509 286 1536 vel
303 1513 401 1536 cietera
425 1508 450 1535 id
464 1516 549 1543 genus
564 1509 687 1542 corporis
703 1508 869 1535 adminiculo
885 1516 946 1544 per-

160 1558 338 1589 petrarcmus,
352 1554 425 1580 nulla
435 1554 469 1581 ob
486 1553 512 1580 id
526 1554 596 1588 apud
610 1553 839 1588 justumjudicem
854 1562 946 1588 repre-

161 1599 293 1626 hensione
317 1599 392 1633 digni
420 1598 585 1632 videremur,
604 1599 823 1634 quandoquidem
850 1599 949 1627 divinae

159 1645 212 1680 legi
228 1644 308 1672 subdi
332 1652 397 1671 caro
422 1644 536 1671 omnino
556 1653 609 1672 non
636 1648 735 1680 potest.
750 1645 806 1672 Cur
819 1645 891 1672 enim
907 1653 949 1672 re-

161 1686 346 1726 prehendatur
373 1696 484 1724 corpus,
499 1689 572 1724 quod
592 1697 625 1717 ex
639 1693 746 1717 naturae
759 1698 815 1718 sua:
827 1691 948 1718 necessi-

162 1740 218 1763 tate
228 1735 326 1762 vivat?

199 1781 251 1808 Sed
265 1788 352 1815 neque
374 1779 406 1807 ad
427 1780 618 1808 castimoniam
637 1784 684 1808 aut
701 1781 830 1808 virtutem
843 1780 949 1808 traduci

161 1835 262 1863 corpus
292 1826 403 1862 poterit,
416 1826 488 1860 quod
514 1826 586 1853 bono
603 1826 702 1860 subjici
725 1834 758 1854 ex
776 1830 879 1854 naturae
894 1834 951 1854 suae

163 1872 321 1901 conditione
335 1876 463 1908 nequeat.
481 1871 546 1899 Nam
560 1879 622 1898 cum
639 1871 792 1899 istiusmodi
806 1872 840 1899 sit
853 1876 950 1898 natura

162 1920 268 1952 carnis,
286 1923 315 1945 ut
327 1919 426 1946 divina:
440 1918 492 1953 legi
506 1918 604 1953 subjici
621 1922 748 1953 nequeat,
764 1918 856 1945 divina
870 1926 951 1953 porro

163 1967 206 1994 lex
222 1966 329 2001 justitia
341 1966 376 1993 sit
392 1973 424 1992 ac
438 1965 632 1999 temperantia;
661 1973 749 1999 neque
767 1965 950 2000 virginitatem

163 2020 284 2042 scrvare,
299 2019 386 2046 neque
395 2012 578 2038 continentem
591 2018 652 2038 esse
663 2018 743 2045 posse
757 2010 864 2045 penitus
876 2018 952 2046 opor-

163 2062 242 2085 teret.
277 2057 325 2084 Sin
347 2057 530 2091 virginitatem
554 2063 585 2082 ac
613 2056 810 2093 continentiam
834 2056 946 2088 colunt,

164 2110 336 2138 consequens
351 2106 403 2133 est,
423 2106 451 2127 ut
467 2105 493 2128 et
508 2108 607 2136 corpus
623 2101 780 2135 subjiciaut.
794 2100 865 2129 Fieri
877 2102 951 2129 enim

165 2151 245 2176 aliter
273 2157 326 2175 non
354 2151 454 2183 potest,
474 2151 501 2174 ut
525 2155 538 2173 a
557 2151 670 2181 peccato
697 2155 758 2174 sese
782 2147 951 2174 contineant.

165 2196 276 2224 Falsum
304 2198 347 2222 cst
379 2195 470 2229 itaque
487 2194 584 2220 divinm
610 2194 659 2229 legi
683 2201 783 2228 corpus
800 2201 854 2220 non
870 2201 951 2228 posse

996 267 1044 294 xui.
1057 267 1117 302 οὐχὶ
1130 267 1160 293 τδ
1171 267 1250 302 σῶμα
1261 266 1441 294 θανατοῦσθαι
1451 267 1644 295 ὲῦεὸαιώσατο.

1043 314 1786 351 .ε..........577ηε(ιυο

1031 406 1095 432 NA’.
1105 405 1167 432 Ἐὰν
1173 406 1201 433 δὲ
1213 406 1292 433 πάλιν
1303 406 1510 442 ἀνθυποφὲρωσι
1521 407 1645 442 λέγοντες
1657 418 1663 423 -
1675 408 1737 440 Πῶς
1750 409 1784 444 δὴ

996 448 1043 478 οὖν
1065 451 1095 477 τὸ
1112 452 1238 487 φρόνημα
1262 452 1311 487 τῆς
1333 452 1433 488 σαρκὸς
1445 451 1514 479 εἶναι
1528 454 1634 489 εἴρηται
1647 454 1730 489 ἔχθρα
1743 456 1785 486 εἰς

997 497 1080 529 Θεόν;
1100 497 1141 530 Τῷ
1157 498 1212 532 γὰρ
1228 498 1308 532 νόμῳ
1324 497 1377 524 τοῦ
1398 498 1472 525 Θεοῦ
1488 500 1543 534 οὐχ
1559 500 1763 528 ὑποτάσσεται
1775 509 1782 515 ·

995 543 1066 570 οὐδέ
1077 543 1132 578 γὰρ
1148 543 1287 571 δύναται·
1304 543 1422 577 λεκτέον,
1437 545 1474 577 ὡς
1487 545 1540 581 ἄρα
1555 546 1602 572 καὶ
1617 546 1708 573 ἐνθάδε
1722 547 1783 573 δια-

996 589 1150 616 πίπτουσιν.
1174 590 1211 616 Οὐ
1232 590 1287 625 γὰρ
1305 591 1355 626 τὴν
1372 590 1462 625 σάρκα
1480 591 1573 627 αὐτὴν,
1591 592 1658 619 ἀλλὰ
1673 592 1704 619 τὸ
1717 594 1784 628 φρό-

995 643 1069 670 νημα
1078 635 1127 670 τῆς
1135 635 1237 671 σαρκὸς
1254 636 1454 663 ὑποτάσσεσθαι
1470 636 1506 672 μὴ
1516 637 1644 664 δύνασθαι
1657 638 1696 673 τῷ
1708 639 1784 674 νόμῳ

995 681 1042 707 τοῦ
1057 680 1123 707 Θεοῦ
1137 681 1260 714 ὑπέθετο,
1272 682 1365 717 ἕτερον
1383 683 1459 718 παρὰ
1477 683 1526 718 τὴν
1546 684 1634 718 σάρκα
1648 684 1782 720 ὑπάρχον.

995 727 1129 762 Καθάπερ
1149 728 1173 753 εἱ
1196 727 1304 762 ἔλεγεν
1330 728 1359 754 ’0
1375 728 1459 764 ῥύπος
1472 728 1519 755 τοῦ
1536 729 1572 765 μὴ
1593 730 1681 761 καλῶς
1696 730 1783 766 ἀργύ-

997 781 1044 808 ρου
1054 773 1268 808 καθαρισοέντος
1279 774 1319 805 εἰς
1331 773 1361 800 τὸ
1374 774 1499 808 γενέσθαι
1511 774 1607 806 σκεῦος
1619 775 1783 810 ἐπιτήδειον,

995 819 1043 854 οὐχ
1058 819 1240 846 ὑποτάσσεται
1260 820 1299 855 τῷ
1317 820 1492 855 δημιουργῷ·
1509 821 1570 847 οὐδὲ
1587 820 1641 855 γὰρ
1661 821 1783 848 δύναται.

1002 865 1181 900 Ἐκῦληθῆναι
1193 866 1247 901 γὰρ
1261 866 1342 893 αὐτὸν
1357 866 1488 902 πρότερον
1499 867 1546 893 καὶ
1567 867 1716 902 ἐκτακῆναι
1732 868 1782 895 δεῖ.

998 911 1052 937 Καὶ
1068 910 1098 936 οὐ
1116 911 1191 946 παρὰ
1205 911 1284 938 τοῦτο
1295 911 1340 938 τὸν
1352 911 1472 947 ἄργυρον
1486 912 1643 947 ἀπεφήνατο
1655 913 1692 947 μὴ
1705 912 1784 940 δύνα-

998 955 1060 982 σθαι
1075 956 1114 987 είς
1129 956 1224 988 σκεῦος
1241 957 1390 992 ποιηθῆναι
1400 958 1545 993 χρήσιμον,
1556 958 1624 985 ἀλλὰ
1640 959 1670 985 τδ
1681 959 1784 994 χαλκῶ.

997 1000 1040 1032 δες
1051 1001 1080 1027 τὸ
1091 1002 1120 1028 ἐν
1129 1001 1168 1037 τῷ
1178 1001 1290 1038 ἀργύρῳ
1298 1003 1345 1029 καὶ
1357 1003 1406 1039 τὴν
1420 1003 1503 1039 ἄλλην
1515 1004 1696 1040 σκληρότητα.
1706 1005 1785 1031 υῦτω

997 1049 1045 1074 καὶ
1055 1047 1085 1073 τὸ
1095 1048 1222 1083 φρόνημα
1236 1049 1286 1082 τῆς
1302 1049 1401 1084 σαρκὸς
1412 1048 1518 1082 εἰπὼν,.
1526 1050 1555 1076 οὐ
1570 1050 1618 1085 τὴν
1634 1051 1721 1085 σάρκα
1730 1051 1782 1087 ἔφη

1000 1093 1037 1129 μὴ
1047 1092 1176 1119 δύνασθαι
1187 1093 1387 1120 ὑποτάσσεσθαι
1398 1093 1436 1129 τῷ
1443 1094 1518 1130 νόμῳ
1530 1094 1575 1121 τοῦ
1585 1094 1663 1126 Θεοῦ,
1671 1095 1738 1121 ἀλλὰ
1753 1095 1784 1121 τὸ

998 1140 1124 1175 φρόνημα
1138 1139 1167 1166 τ’)
1183 1140 1211 1166 ἐν
1223 1141 1255 1175 τῇ
1270 1141 1361 1175 σαρκὶ,
1377 1137 1431 1166 οἷον
1454 1140 1484 1166 τὸ
1507 1140 1574 1176 πρὸς
1588 1140 1636 1172 τὰς
1650 1140 1784 1176 ἀκρασίας

998 1187 1082 1222 αὐτῆς
1102 1186 1188 1220 λέγων
1209 1186 1331 1223 ὅρμημα.
1346 1186 1433 1222 Ὅπερ
1455 1185 1569 1221 ἀλλαχοῦ
1593 1187 1637 1213 ὁτὲ
1661 1186 1709 1222 μὲν
1732 1194 1784 1213 πα-

998 1231 1076 1259 λαιὰν
1104 1232 1192 1268 ζύμην
1220 1232 1318 1264 κακίας
1343 1233 1389 1259 καὶ
1413 1232 1545 1268 πονηρίας
1563 1232 1699 1263 ἐκάλεσεν,
1725 1233 1784 1259 ἑπι-

1000 1280 1124 1315 σπέρχων
1149 1279 1299 1311 αὐτοτελῶς
1316 1280 1362 1314 ἀφ’
1386 1279 1464 1315 ἡμῶν
1491 1279 1664 1314 ἁῖστωθῆναι,
1690 1279 1733 1305 ὁτὲ
1756 1279 1784 1306 δὲ

999 1325 1079 1360 νόμον
1109 1325 1381 1361 ἀντιστρατευόμενον
1408 1325 1446 1360 τῷ
1471 1325 1545 1360 νόμῳ
1572 1324 1618 1351 τοῦ
1639 1324 1716 1356 νοὸς,
1737 1325 1785 1351 καὶ

998 1370 1240 1406 αίκμαλωτίζοντα.
1257 1371 1345 1403 Ἐπεὶ,
1371 1372 1394 1397 El
1419 1371 1502 1406 αὐτὴν
1526 1371 1574 1406 τὴν
1597 1371 1685 1406 σάρκα
1709 1371 1785 1404 ἔλεγε

1001 1418 1038 1453 μὴ
1052 1417 1181 1444 δύνασθαι
1196 1417 1396 1444 ὑποτάσσεσθαι
1413 1417 1451 1452 τῷ
1465 1417 1539 1452 νόμῳ
1558 1417 1604 1443 τοῦ
1617 1416 1695 1449 Θεοῦ,
1711 1417 1787 1452 πρῶ-

998 1473 1043 1490 τον
1063 1463 1124 1490 οὒτε
1145 1464 1246 1499 μέμψιν
1274 1464 1306 1491 ἃν
1330 1463 1534 1498 ἀσελγαίνοντες
1559 1464 1576 1498 ἢ
1599 1463 1785 1500 λῃστεύοντες,

999 1511 1016 1546 ἦ
1042 1511 1075 1538 τὰ
1102 1511 1168 1538 ἄλλα
1195 1511 1245 1538 ὅσα
1274 1511 1342 1538 ἄττα
1366 1510 1410 1538 διὰ
1437 1509 1560 1545 σώματος
1585 1511 1748 1545 πράττοντες
1768 1510 1786 1545 ἢ

961 1567 982 1595 C
1000 1557 1137 1588 ποιοῦντες
1149 1557 1219 1593 ἔχειν
1230 1557 1381 1592 ἐδυνάμεθα
1392 1556 1465 1592 παρὰ
1479 1556 1573 1591 δικαίῳ
1586 1558 1676 1592 κριτῇ,
1690 1556 1787 1583 ἀδυνά-

998 1612 1051 1635 τως
1069 1603 1183 1638 ἐχούσης
1201 1603 1250 1638 τῆς
1269 1602 1368 1638 σαρκὸς
1387 1602 1585 1629 ὑποτάσσεσθαι
1600 1602 1639 1638 τῷ
1654 1602 1726 1637 νόμῳ
1739 1602 1786 1628 τοῦ

999 1648 1077 1675 Θεοῦ.
1095 1648 1154 1680 Πῶς
1174 1648 1228 1684 γὰρ
1240 1648 1273 1675 ἂν
1289 1648 1426 1683 μεμπτέον
1451 1648 1562 1674 ἐδύνατο
1580 1648 1609 1674 τὸ
1623 1647 1703 1683 σῶμα
1717 1647 1787 1674 κατὰ

999 1695 1048 1730 τὴν
1061 1694 1213 1730 προσοῦσαν
1228 1695 1302 1730 αὺτῷ
1316 1694 1396 1729 φύσιν
1408 1694 1481 1729 βιοῦν
1494 1691 1562 1720 εἷναι
1573 1702 1580 1726 ;

1042 1786 1122 1813 Ἀλλὰ
1135 1787 1195 1813 οὐδὲ
1211 1786 1298 1818 ἄλλως
1311 1787 1350 1818 εἰς
1368 1785 1478 1820 ἁγνείαν
1493 1785 1509 1821 ἢ
1522 1784 1620 1820 ἀρετὴν
1635 1784 1787 1820 ὑπαχθῆναι

1000 1833 1030 1859 τὺ
1057 1832 1137 1868 σῶμα
1160 1832 1284 1864 ἐδύνατο,
1311 1831 1431 1866 πεερυκὺς
1460 1831 1496 1866 μὴ
1526 1830 1724 1857 ὑποτάσσεσθαι
1748 1830 1788 1865 τῷ

1001 1877 1104 1912 ἀγαθῷ.
1120 1878 1150 1903 Εἰ
1165 1877 1218 1912 γὰρ
1232 1878 1248 1912 ἡ
1265 1877 1345 1911 φύσις
1366 1876 1478 1911 τοιαύτη
1492 1876 1542 1911 τῆς
1566 1876 1676 1911 σαρκὸς,
1692 1876 1728 1911 μὴ
1745 1875 1788 1901 δύ-

1001 1923 1097 1950 νασθαι
1123 1923 1321 1950 ὑποτάσσεσθαι
1343 1922 1381 1957 τῷ
1405 1922 1478 1958 νόμῳ
1504 1922 1549 1948 τοῦ
1568 1922 1646 1953 Θεοῦ,
1666 1922 1746 1957 νόμος
1760 1921 1790 1948 ἶκξ

1001 1970 1069 1996 Θεοῦ
1085 1969 1241 2004 δικαιοσύνη
1257 1969 1304 1996 καὶ
1317 1968 1476 2004 σωφροσύνη
1487 1976 1494 1983 ·
1509 1967 1592 2003 ἐχρῆν
1607 1967 1673 2002 μηδὲ
1686 1966 1788 1997 παρθε-

1001 2015 1104 2047 νεύειν,
1131 2015 1198 2049 μήτε
1223 2013 1436 2049 ὲγκρατεύεσϐαι
1465 2012 1594 2038 δύνασθαι
1622 2011 1653 2037 τὸ
1681 2010 1788 2036 σύνολον

1001 2062 1069 2093 ὅλως
1086 2063 1118 2088 ἐκ
1131 2061 1239 2092 παντός.
1261 2060 1291 2086 Εἰ
1308 2060 1335 2086 δὲ
1361 2058 1553 2094 παρθενεύουσι
1582 2057 1628 2084 καὶ
1642 2056 1789 2092 ἐγκρατεύ-

1002 2116 1088 2138 ονται,
1103 2107 1222 2141 δηλονότι
1245 2106 1275 2132 τὸ
1295 2105 1374 2140 σῶμα
1394 2104 1598 2131 ὑποτάσσουσιν.
1614 2103 1717 2133 ’Ἄλλως
1735 2102 1789 2137 γὰρ

1003 2152 1215 2188 ἐγκρατεύεσθαι
1231 2151 1367 2187 ἁμαρτίας
1388 2150 1527 2177 ἀδύνατον.
1546 2150 1602 2175 Οὐκ
1622 2148 1676 2184 ἄρα
1692 2148 1722 2174 οὐ
1741 2148 1787 2174 δύ·

1002 2208 1080 2227 ναται
1101 2199 1132 2225 τὸ
1155 2198 1234 2233 σῶμα
1256 2196 1456 2223 ὑποτάσσεσθαι
1479 2195 1518 2231 τῷ
1542 2195 1589 2221 τοῦ
1613 2194 1680 2220 Θεοῦ
1704 2193 1788 2228 νόμῳ.

165 2241 274 2276 subjici.
304 2240 380 2274 Quod
412 2240 435 2266 si
463 2247 556 2266 verum
582 2245 665 2271 esset,
699 2247 816 2274 quanam
846 2240 947 2267 ratione

1007 2245 1083 2272 Ἐπεὶ
1097 2244 1155 2276 πῶς
1171 2243 1203 2270 ἂν
1220 2245 1233 2269 ὁ
1254 2243 1378 2278 Ἰωάννης
1393 2241 1525 2273 ὑπέταξεν
1540 2240 1637 2266 ἑαυτοῦ
1661 2239 1691 2266 τὸ
1711 2239 1790 2274 σῶμα

165 2288 285 2315 Joannes
315 2294 415 2321 corpus
432 2294 512 2313 suum
537 2285 569 2312 ad
592 2286 745 2313 castitatem
768 2286 831 2318 sibi,
855 2289 902 2313 aut
917 2286 952 2313 ad

165 2334 374 2363 sanctimoniam
403 2332 510 2363 Petrus,
526 2331 609 2367 578
632 2336 678 2358 aut
699 2331 732 2358 ad
750 2331 885 2366 justitiam
902 2331 950 2358 de-

167 2381 250 2414 nique
267 2379 357 2406 caeteri
386 2378 593 2406 subdidisseut‘!
618 2377 673 2404 Cur
692 2378 774 2404 etiam
790 2376 891 2404 Paulus
914 2377 951 2404 ita

167 2426 339 2453 monuisset:
359 2423 400 2451 Ne
425 2424 505 2459 igitur
524 2427 611 2458 regnet
636 2429 770 2457 peccatum
795 2424 820 2450 in
845 2422 952 2450 mortali

166 2475 250 2498 vestro
265 2477 383 2504 corpore,
401 2473 429 2495 ut
449 2468 576 2495 obediatis
593 2467 779 2502 cupiditatibus
796 2468 890 2500 illius;
907 2476 952 2494 nec

165 2517 282 2545 exhibete
301 2516 417 2543 membra
441 2519 526 2541 uestra
549 2522 625 2541 arma
653 2514 792 2548 injustitiae
830 2519 953 2548 peccata;

166 2564 211 2591 sed
239 2563 356 2590 exhibete
373 2561 438 2593 Deo,
458 2566 584 2597 tanquam
609 2569 641 2588 ex
657 2561 767 2588 mortui:
785 2561 896 2588 viventes
907 2580 913 2590 .
929 2565 954 2587 et

169 2609 285 2636 membra
311 2613 397 2635 vestra
425 2616 500 2634 arma
528 2608 642 2642 justitite
664 2607 718 2634 Deo
734 2607 764 2634 ⁸2
786 2606 853 2634 Item
867 2606 951 2634 illud:

169 2655 398 2687 Quemadmodum
423 2653 578 2680 exhibuistis
608 2653 724 2680 membra
751 2657 837 2680 vestra
860 2653 954 2680 servire

169 2699 353 2731 immunditiat,
373 2704 397 2726 et
414 2699 549 2733 iniquitati
573 2699 607 2725 ad
629 2699 813 2734 iniquitatem:
831 2699 870 2725 sic
886 2706 955 2725 nunc

169 2745 284 2773 exhibete
304 2745 420 2772 membra
439 2750 524 2772 vestra
546 2745 640 2771 servire
659 2744 773 2779 justitia:
788 2744 822 2771 ad
836 2744 956 2778 sanctiﬁ-

170 2791 299 2818 cntionem
310 2791 332 2818 ⁸.

207 2847 215 2864 ¹
236 2847 314 2874 Rom.
331 2855 390 2879 vni,
405 2846 432 2873 7.
469 2848 479 2863 ¹
496 2846 506 2873 l
523 2845 586 2873 Cor.
604 2853 630 2879 v,
648 2845 690 2873 l7.
729 2846 739 2861 ³
753 2845 833 2874 Rom.
850 2854 898 2881 vn,
912 2846 956 2874 25.

1001 2291 1040 2322 είς
1057 2290 1183 2324 ἁγνείαν;
1203 2289 1220 2323 ἢ
1235 2288 1293 2319 πῶς
1310 2288 1411 2322 Πέτρος
1433 2288 1472 2318 εἰς
1486 2286 1632 2320 datorum;
1648 2285 1664 2320 ἢ
1683 2284 1708 2310 οἱ
1724 2284 1790 2310 καυ-

1000 2336 1064 2371 εξῆς
1074 2337 1113 2367 εἰς
1125 2334 1313 2369 δικαιοσύνην,
1333 2333 1394 2365 ΙΙῶς
1414 2333 1441 2359 δὲ
1467 2333 1509 2359 καὶ
1532 2331 1652 2363 Παῦλος·
1666 2331 1714 2364 Μὴ
1734 2328 1791 2357 οὖν

997 2381 1184 2415 βασιλευέτω
1206 2381 1224 2414 ἡ
1244 2380 1370 2414 ἁμαρτία
1398 2379 1432 2405 ἐν
1454 2377 1494 2410 τῷ
1517 2377 1615 2411 θνητῷ
1630 2376 1713 2411 ὑμῶν
1731 2376 1790 2402 σὼ.

998 2437 1078 2463 ματι.
1092 2427 1176 2461 λέγει,
1191 2426 1226 2452 ὲν
1241 2425 1280 2458 τῷ
1295 2425 1453 2451 ἐπακούειν
1473 2424 1537 2456 ταῖς
1556 2423 1722 2457 ἐπιθυμίαις
1738 2423 1787 2448 ui:-

1002 2475 1055 2502 τοῦ
1065 2482 1071 2489 ·
1091 2472 1167 2508 μηδὲ
1181 2471 1376 2506 παριστάνετε
1393 2470 1430 2497 τὰ
1438 2470 1517 2504 μέλη
1536 2469 1619 2504 ὑμῶν
1632 2469 1711 2495 ὅπλα
1727 2468 1791 2495 ἀδι-

1003 2521 1070 2552 κίιις
1092 2518 1127 2552 τῇ
1150 2517 1285 2552 ἁμαρτίᾳ,
1312 2516 1392 2544 ἀλλὰ
1420 2515 1634 2550 παραστήσατε
1657 2514 1696 2548 τῷ
1717 2513 1788 2546 Θεῷ,

1002 2566 1072 2592 ὡσεὶ
1090 2565 1123 2591 ἐκ
1139 2563 1252 2597 νεκρῶν
1264 2562 1382 2595 ζῶντας,
1399 2561 1448 2588 καὶ
1467 2561 1503 2587 τὰ
1516 2561 1593 2596 μέλη
1615 2561 1698 2595 ὑμῶν
1711 2560 1790 2586 ὅπλα

1001 2608 1198 2639 δικαιοσύνης
1220 2606 1259 2639 τῷ
1285 2605 1370 2638 Θεῷ;
1394 2606 1441 2632 καὶ
1465 2605 1560 2632 πάλιν·
1579 2606 1692 2638 ’Ὠσπερ
1717 2612 1791 2638 παρ-

1002 2653 1152 2687 εστήσατε
1177 2652 1213 2678 τὰ
1234 2651 1312 2685 μέλη
1337 2650 1421 2685 ὑμῶν
1447 2651 1541 2678 δοῦλα
1564 2650 1600 2685 τῇ
1623 2651 1790 2684 ἀκαθαρσίᾳ

1001 2698 1051 2725 καὶ
1064 2697 1099 2731 τῇ
1112 2697 1219 2731 ἀνομίᾳ
1234 2697 1276 2729 εἰς
1292 2696 1349 2730 τὴν
1360 2697 1498 2730 ἀνομίαν,
1519 2697 1612 2729 οὓτως
1626 2696 1683 2722 νῦν
1698 2703 1791 2730 παρα-

1002 2744 1135 2778 στήσατε
1151 2744 1186 2769 τὰ
1202 2742 1279 2777 μέλη
1296 2741 1379 2776 ὑμῶν
1390 2742 1485 2773 δρῦλα
1497 2742 1534 2777 τῇ
1550 2742 1726 2776 δικαιοσύνῃ
1747 2743 1790 2774 εις

1004 2790 1163 2824 ἁγιασμόν.

1006 2847 1016 2862 ⁸
1032 2847 1110 2873 llom.
1129 2853 1164 2877 vt,
1183 2845 1227 2878 η,
1246 2845 1286 2872 15.
1325 2845 1336 2860 ⁸
1351 2844 1417 2871 ibid.
1436 2844 1477 2871 19.
