1958 3050
145 161 214 188 “57

465 160 648 188 ADVERSUS
666 159 834 188 lM-ZliESES
853 158 916 187 Lm.
931 159 963 186 11.
984 159 1066 186 TUM.
1086 159 1148 186 l.—
1167 157 1302 186 llAiRES.
1322 157 1412 185 LXIV.

1692 152 1763 180 “58

181 219 243 246 Mi‘.
264 218 367 246 οὐκοῦν
386 219 518 253 ἐγίνωσκε
541 219 671 247 δύνασθαι
693 219 877 246 διευθύνεσθαι
900 218 931 244 τὸ

1017 218 1069 246 Lll.
1088 218 1144 245 lloc
1170 218 1252 252 igitur
1269 217 1445 252 intelligebat,
1460 213 1664 243 tabernaculum
1690 211 1760 239 istud

146 263 279 299 σκήνωμα
298 264 376 291 τοῦτο
388 286 394 298 ,
425 266 471 292 καὶ
492 265 579 292 νεύειν
608 265 675 302 πρὸς
704 265 734 291 τὸ
752 264 868 298 ἀγαθὸν,
885 264 928 290 ἴνα

145 309 317 343 νεκρωοῶσιν
342 311 371 336 ὲν
395 309 468 345 αὐτῷ
496 310 530 336 τὰ
554 310 748 346 ἁμαρτήματα.
771 309 847 336 Ἐπεὶ
872 309 930 341 πῶς

147 352 248 388 ἑτέρως
260 353 422 389 δουλωθῆναι
434 356 467 389 τῇ
480 355 634 390 δικαιοσύνῃ
649 354 777 381 δύναταιὸ
789 354 930 389 ἄνθρωπος

145 398 207 432 (καὶ
223 399 265 433 ἐφ’
280 399 377 434 ἡμῶν),
392 399 438 426 ἐὰν
453 399 488 435 μὴ
504 400 633 436 πρότερον
648 399 781 432 ὑποτάξας
801 399 881 425 αὑτοῦ
897 399 931 425 τὰ

146 443 217 478 μέλη
247 444 294 479 τῆς
321 445 429 479 σαρκὸς,
455 447 494 477 εἰς
516 445 546 471 τὸ
569 446 605 481 μὴ
630 445 775 472 ὑπακούειν
801 445 869 472 αὐτὰ
897 446 930 480 τῇ

148 490 286 526 ἁμαρτίᾳ,
308 491 374 518 ἀλλὰ
398 493 430 527 τῇ
456 492 626 528 δικαιοσύνῃ,
657 492 847 527 πολιτεύσηται
872 492 931 518 κατ’

146 535 228 568 ἀξίαν
246 536 292 562 τοῦ
315 536 432 572 Χριστοῦ
445 545 451 569 ς
465 537 574 573 Ἐπειδὴ
603 538 633 564 τὺ
656 538 822 573 ἀμαρτῆσαι,
838 538 884 564 καὶ
901 537 931 563 τὸ

153 581 190 617 μὴ
214 583 368 618 ἀμαρτῆσαι
385 583 428 610 διὰ
447 576 493 609 τοῦ
510 582 633 618 σώματος
649 584 764 617 γίνεται,
781 583 829 618 τῆς
843 582 932 617 ψυχῆς

150 628 168 663 ἢ
188 628 256 662 apii;
282 629 416 664 ἀρετὴνῆ
444 629 511 664 πρὸς
537 629 634 655 κακίαν
656 628 763 664 ὀργάνῳ
791 628 933 663 χρωμένης

149 673 236 708 αὐτῷ.
259 674 290 700 Εἰ
312 674 366 710 γὰρ
391 675 465 701 Οὔτε
488 674 601 709 πόρνοι,
622 675 689 702 οὔτε
713 674 932 707 εἰδωλολάτραι,

151 720 221 746 οὔτε
240 721 349 754 μοιχοὶ.
370 721 438 748 οὔτε
459 721 678 756 ἀρσενοκοῖται,
705 721 774 748 οὔτε
792 720 933 755 μαλακοὶ,

152 765 221 792 οῦεε
245 766 381 798 κλέπται,
407 767 475 793 οὔτε
497 766 687 798 πλεονέκται,
707 767 777 793 οὔτε
797 765 934 800 μέθυσοι,

151 811 189 838 οὺ
204 811 342 846 λοίδοροι,
356 812 425 839 οὔτε
444 812 584 848 ἅρπαγες,
598 812 761 844 ,βασιλείαν
774 811 847 838 Θεοῦ
864 813 936 845 κλη-

151 857 319 892 ρονομῆσαι
353 857 494 884 δύνανται
507 866 514 873 ·
540 858 702 894 πληροῦνται
726 857 755 884 δὲ
783 857 868 884 ταῦτα
890 857 936 884 καὶ

152 902 331 938 κρατύνονται
356 902 400 930 διὰ
414 903 460 930 τοῦ
481 893 618 939 σώματοξο
630 902 781 930 δικαιοῦται
799 902 827 928 δὲ
840 902 935 935 οὐδεὶς,
953 893 972 920 Β

154 947 202 974 ὲὰν
222 948 259 983 μὴ
277 948 384 984 πρῶτον
405 949 545 985 κρατήσῃ·
571 950 666 985 κρατεί
692 949 720 975 δὲ
745 948 846 976 τούτων
864 949 878 974 ὀ
892 949 937 975 ὲκ-

155 993 239 1021 νεύων
263 994 332 1030 πρὸς
354 995 528 1030 σωφροσύνην
554 995 599 1022 καὶ
621 995 727 1022 πίστιν·
758 994 937 1021 ὑποτάσσεται

154 1039 209 1074 ἄρα
224 1039 262 1074 τῷ
275 1040 349 1075 νόμῳ
358 1040 405 1067 τοῦ
423 1040 500 1067 Θεοῦ.
515 1041 605 1076 Νόμος
619 1041 672 1077 γὰρ
684 1040 750 1068 Θεοῦ
767 1041 936 1076 σωφροσύνη.

156 1084 238 1111 ’Ὥστε
259 1086 273 1111 ὁ
293 1085 450 1118 ’Δπύστολος
473 1086 504 1113 οὐ
521 1086 569 1122 τὴν
584 1087 672 1123 σάρκα
686 1087 723 1122 μὴ
739 1086 938 1113 ὑποτάσσεσθαι

155 1130 195 1165 τῷ
205 1130 298 1166 ἀγαθῷ
319 1131 381 1166 ἔφη,
400 1131 468 1158 ἀλλὰ
488 1132 518 1158 τὸ
543 1132 670 1167 φρόνημα
684 1132 733 1167 τῆς
753 1132 864 1167 σαρκὸς,
883 1129 938 1158 οἷον

155 1173 204 1209 τὴν
220 1174 307 1210 ὁρμὴν
319 1175 414 1211 αὐτῆς,
429 1176 513 1212 αὐτὴν
522 1176 571 1211 τὴν
587 1176 654 1211 πρὸς
673 1176 704 1203 τὺ
723 1177 814 1204 ἄδικον
839 1177 939 1203 ἔκκαυ-

158 1228 210 1247 σιν.
232 1221 456 1257 Ἑκκαϐαιρεσοαι
473 1223 536 1257 γοῦν
549 1223 611 1258 ἔφη,
627 1223 689 1258 ἄχρι
710 1224 757 1251 καὶ
767 1224 816 1260 τὴν
832 1232 940 1259 γαστρι-

156 1268 295 1304 μαργικὴν
314 1269 447 1303 ἀκρασίαν
458 1269 667 1304 διαμιλλώμενος
677 1279 683 1285 ·
699 1269 829 1297 διδάσκων
847 1270 874 1297 δὲ
891 1271 939 1302 τὰς

157 1313 283 1344 τοιαύτας
297 1314 398 1349 ὀρέξεις
415 1315 462 1341 καὶ
477 1315 573 1350 ἡδονὰς
594 1315 797 1347 ἐξαπόλλυσθαι.
813 1317 858 1342 καὶ
878 1324 941 1342 κειτ-

158 1357 291 1392 αισχύνων
322 1360 384 1390 τοὺς
404 1359 434 1385 τὸ
453 1360 556 1395 τρυφᾷν
583 1359 660 1386 τοῦτο
684 1361 729 1386 καὶ
754 1360 940 1386 πολιτεύεσθαι

155 1401 225 1429 εἶναι
253 1404 428 1439 νομίζοντας·
453 1404 477 1431 οἳ
505 1405 570 1432 Θίὸν
599 1405 726 1441 ἡγοῦνται
750 1407 799 1441 τὴν
827 1406 939 1433 κοιλίαν.

156 1448 298 1483 -Φιὶγωμεν
311 1450 360 1476 καὶ
375 1451 502 1485 σι’ωμενι⁸
512 1451 616 1485 αὔριον
628 1452 681 1486 γὰρ
697 1451 939 1486 ἀποθνήσκομεν·

159 1495 283 1531 καθάπερ
296 1497 421 1532 ἀδηφάγα
434 1497 547 1532 σώματα
561 1498 635 1524 κάτω
650 1499 713 1533 περὶ
731 1498 780 1533 τὴν
797 1497 879 1532 βορὰν
895 1498 941 1533 μό-

161 1550 205 1568 νον
219 1542 264 1567 καὶ
279 1542 416 1576 τραπέζας
435 1542 630 1578 ἀσχολούμενα.

197 1674 287 1701 Εἰπὼν
306 1682 349 1700 τε·
371 1674 408 1700 Τὰ
421 1673 562 1708 βρώματα
586 1673 623 1708 τῇ
643 1674 749 1706 κοιλίᾳ,
769 1673 817 1700 καὶ
839 1673 858 1708 ἡ
883 1682 943 1700 κοι-

159 1722 213 1749 λία
231 1721 292 1753 τοῖς
312 1720 477 1755 βρώμασιν.
499 1720 530 1746 ὀ
551 1719 585 1746 δὲ
610 1720 681 1752 Θεὸς
700 1719 748 1746 καὶ
769 1720 880 1754 ταύτην
895 1720 942 1747 καὶ

161 1767 254 1794 ταῦτα
268 1765 463 1801 καταργήσεν
479 1766 618 1801 ἐπήγαγε·
636 1766 669 1792 Τὸ
691 1765 724 1791 δὲ
748 1764 833 1799 σῶμα
853 1767 888 1792 οὐ
907 1765 945 1800 τῇ

162 1813 295 1847 πορνείᾳ,
307 1812 386 1839 ἀλλὰ
396 1811 435 1844 τῷ
444 1812 550 1845 Κυρίῳ,
563 1811 611 1838 καὶ
625 1813 642 1838 ὁ
653 1811 760 1845 Κύριος
771 1810 811 1843 τῷ
821 1810 943 1845 σώματι.

170 1860 200 1886 '0
214 1860 248 1886 δὲ
265 1859 336 1892 Odit;
353 1858 401 1885 καὶ
420 1858 472 1885 τὸν
485 1859 593 1891 Κύριον
609 1857 718 1892 ἤγειρε,
740 1857 789 1884 καὶ
806 1857 885 1891 ἡμᾶς
902 1857 946 1890 ἐξ·

160 1906 256 1940 εγερεῐ
276 1905 324 1931 διὰ
344 1904 396 1938 τῆς
414 1903 567 1938 δυνάμεως
590 1903 693 1930 αὑτοῦ.
708 1905 739 1931 Ἠ
761 1905 816 1931 οὐκ
836 1903 945 1937 οἴδατε,

164 1952 207 1978 ὅτι
222 1951 257 1978 τὰ
266 1950 344 1985 μέλη
356 1949 436 1985 ὑμῶν
446 1950 524 1984 μέλη
539 1949 666 1983 Χριστοῦ
682 1950 787 1981 ἐστιν;
803 1947 875 1984 Ἀρα
890 1948 947 1977 οὖν

163 1998 200 2025 τὰ
211 1997 288 2032 μέλη
305 1997 356 2024 τοῦ
376 1995 502 2030 Χριστοῦ
523 1995 638 2028 ποιήσω
657 1996 771 2030 πόρνης
784 1997 881 2030 pun;
898 1995 946 2029 Μὴ

164 2042 297 2078 τέμοιτοῖ
319 2043 353 2069 Ἠ
375 2043 429 2069 οὐκ
451 2041 570 2074 amare,
592 2041 637 2068 ὅτι
659 2043 675 2068 d
703 2041 890 2076 κολλώμενος
910 2041 948 2076 τῇ

164 2089 260 2122 πιζρνῃ
287 2087 321 2114 ἓν
339 2087 424 2122 σῶμά
449 2087 532 2118 ἐστι;
547 2087 685 2113 Ἔσονται
710 2087 778 2122 γὰρ,
805 2088 896 2122 φησὶν,
922 2089 948 2115 οὶ

164 2135 219 2162 δύο
231 2136 274 2168 εἰς
286 2134 382 2168 σάρκα
395 2134 478 2168 μίαν.
496 2134 522 2160 ’0
542 2133 576 2159 δὲ
596 2132 782 2167 κολλώμενος
801 2132 840 2165 τῷ
853 2133 949 2167 Κυρίῳ

164 2182 200 2207 ἐν
230 2180 346 2214 πνεῦμά
367 2180 441 2206 ἐστι.
474 2179 598 2213 Φεύτετε
625 2177 682 2211 τὴν
704 2179 854 2213 πορνείαν.
885 2178 950 2205 Πᾶν

981 271 1062 299 posse
1075 264 1185 299 corrigi,
1202 268 1228 291 et
1247 264 1280 291 ad
1305 264 1406 290 bomnn
1423 261 1556 292 converti,
1569 265 1598 287 ut
1613 260 1639 286 in
1653 266 1686 286 eo
1700 265 1760 293 pec-

979 315 1041 337 cata
1060 310 1167 344 penitus
1191 309 1440 344 exstinguerentur.
1458 308 1523 340 Qua:
1541 307 1612 334 enim
1628 306 1679 332 alia
1694 304 1761 331 ratio

979 361 1034 387 est,
1058 364 1110 391 qua
1132 356 1159 382 in
1187 356 1331 391 quamdam
1358 355 1471 390 justitiat
1496 353 1652 381 servitutem
1678 350 1762 384 redigi

981 401 1063 429 homo
1079 403 1176 437 possit,
1201 402 1255 429 nisi
1270 402 1345 437 prius
1359 401 1449 428 carnis
1462 407 1518 427 suae
1537 399 1657 426 membra
1678 397 1763 431 subji-

981 449 1068 481 ciens,
1095 452 1125 475 ut
1153 455 1207 475 non
1223 452 1333 482 peccato
1361 447 1476 482 amplius
1494 446 1694 479 obsequantur,
1718 442 1763 470 sed

978 494 1101 528 justitite,
1115 494 1196 521 vitam
1208 501 1285 521 suam
1298 493 1410 528 perinde
1423 499 1454 520 ac
1467 491 1575 519 Christo
1586 491 1696 526 dignum
1711 492 1764 520 est,

982 541 1125 568 instituat?
1148 540 1281 573 Quoniam
1306 539 1416 574 quidem
1438 545 1561 573 peccare,
1578 538 1619 564 vel
1635 545 1688 564 non
1703 543 1766 571 pec-

982 594 1046 614 care
1060 594 1108 621 per
1121 594 1223 621 corpus
1250 585 1380 620 suppetit,
1395 592 1450 620 quo
1465 583 1499 610 ad
1514 584 1641 610 virtutem
1658 586 1704 609 aut
1720 590 1767 609 ne-

983 632 1097 668 quitiam
1113 633 1275 659 administro
1289 631 1398 659 animus
1418 631 1513 657 utitur.
1533 630 1567 657 Et
1585 629 1693 664 quidem
1704 635 1766 655 cum

985 679 1075 714 Neque
1097 679 1282 713 fornicatores,
1315 685 1361 704 nec
1381 676 1542 708 idololatrat,
1566 683 1611 702 nec
1642 673 1765 704 adulteri.

983 733 1065 759 neque
1078 725 1258 751 masculorum
1272 721 1459 753 concubitores,
1484 729 1563 755 neque
1575 720 1676 751 molles,
1689 726 1768 752 neque

984 769 1066 804 fures,
1094 777 1139 797 nec
1163 769 1249 801 avari,
1277 776 1322 795 nec
1334 767 1440 798 ebriosi,
1455 774 1536 801 neque
1562 766 1767 797 conviciatores,

984 812 1065 850 neque
1085 820 1202 850 raptores
1227 821 1335 849 regnum
1362 811 1412 839 Dei
1433 810 1567 846 possidere
1581 810 1721 844 possint‘;
1736 816 1768 836 ea

986 867 1068 895 porro
1095 860 1186 888 omnia
1211 858 1335 893 corporis
1362 856 1529 884 adminiculo
1548 854 1723 890 perﬁciantur
1737 861 1769 880 ac

986 906 1217 934 corroborentur:
1232 904 1378 940 iustiﬁcari
1402 910 1484 938 porro
1501 909 1581 930 nemo
1600 902 1696 937 possit,
1716 901 1768 927 nisi

986 953 1064 988 prius
1089 953 1141 980 ista
1167 951 1303 986 superarit
1318 958 1325 976 :
1345 957 1405 986 qua:
1418 949 1527 985 quidem
1544 949 1567 975 is
1589 951 1710 982 superat,
1722 947 1768 981 qui

987 1004 1017 1024 se
1033 996 1067 1023 ad
1091 996 1297 1032 temperantiam
1322 995 1457 1030 ﬁdemque
1480 993 1632 1026 convertit;
1654 991 1770 1019 ellicitur

987 1043 1041 1077 legi
1055 1041 1103 1070 Dei
1120 1049 1221 1077 corpus
1236 1048 1317 1076 posse
1337 1041 1446 1075 subjici.
1462 1039 1509 1067 Dei
1524 1039 1624 1074 quippe
1645 1038 1687 1065 les
1702 1041 1771 1064 tem-

987 1089 1108 1124 perantia
1132 1092 1184 1115 est.
1208 1087 1390 1120 Quamobrem
1414 1085 1561 1121 ApOstolus
1582 1091 1637 1111 non
1659 1091 1769 1110 carnem

988 1135 1076 1170 ipsam
1093 1134 1192 1161 asserit
1203 1133 1255 1168 legi
1271 1132 1318 1160 Dei
1331 1131 1431 1167 subjici
1442 1139 1496 1159 non
1511 1138 1601 1166 posse,
1619 1130 1667 1158 sed
1679 1130 1771 1158 carnis

989 1179 1150 1214 sapientiam
1161 1181 1183 1211 ',
1193 1179 1244 1205 hoc
1258 1182 1310 1210 est,
1324 1178 1383 1213 ejus
1395 1178 1536 1213 impetum,
1547 1181 1573 1204 ct
1586 1176 1726 1204 ardentem
1738 1176 1770 1202 ad

989 1225 1152 1260 injustitiam
1162 1224 1411 1259 inﬂammatamque
1425 1223 1611 1258 cupiditatem.
1622 1221 1772 1257 Repurgari

989 1270 1104 1305 proinde
1131 1271 1224 1305 jussit,
1254 1274 1284 1297 ut
1311 1270 1354 1297 vel
1381 1270 1468 1304 ipsam
1495 1269 1598 1296 ventris
1626 1269 1771 1303 ingluviem

989 1322 1135 1344 conaretur
1161 1317 1344 1351 exstinguere,
1363 1323 1424 1343 cum
1449 1314 1583 1349 ejusmodi
1609 1314 1773 1349 cupiditates

991 1369 1022 1390 ac
1037 1362 1189 1397 voluptates
1204 1362 1316 1389 interire
1339 1365 1516 1393 monstraret,
1543 1360 1642 1394 iisque,
1657 1360 1703 1394 qui
1732 1359 1773 1387 his

991 1408 1029 1435 uti
1042 1407 1147 1435 deliciis
1162 1407 1251 1434 vivere
1273 1414 1334 1434 esse
1350 1406 1503 1438 crederent,
1517 1406 1647 1440 pudorem
1669 1406 1775 1433 incute—

991 1459 1033 1482 ret
1047 1463 1053 1481 :
1066 1453 1113 1489 qui
1130 1453 1214 1480 Deum
1230 1460 1291 1480 esse
1302 1456 1424 1479 ventrem
1447 1452 1458 1467 ³
1474 1451 1641 1478 existimant.
1660 1450 1775 1477 Mandu-

992 1507 1078 1526 eemus
1104 1503 1129 1525 et
1147 1498 1285 1530 bibamus;
1303 1506 1362 1524 cras
1379 1498 1447 1523 enim
1479 1497 1621 1522 moriemur
1639 1495 1659 1521 ⁸.
1680 1494 1776 1528 Quem-

993 1544 1138 1572 admodum
1163 1544 1340 1571 voracissima
1367 1542 1491 1577 qumdam
1519 1548 1645 1576 corpora,
1663 1549 1723 1575 qua:
1741 1541 1775 1568 ad

994 1590 1122 1626 pabulum
1137 1589 1242 1624 abjecta
1260 1594 1317 1616 tota
1341 1589 1367 1616 in
1388 1589 1490 1616 mensis
1503 1595 1534 1615 ac
1550 1587 1683 1615 c0nviviis
1697 1594 1774 1614 occu-

995 1640 1078 1672 pantu
1083 1643 1105 1662 r.

1029 1682 1097 1709 Tum
1110 1685 1252 1716 postquam
1272 1680 1316 1707 his
1330 1679 1420 1708 verbis
1434 1687 1501 1707 usus
1516 1683 1557 1707 cst
1575 1689 1582 1706 :
1599 1679 1667 1706 Esca
1682 1680 1776 1711 vetari,

993 1735 1016 1756 et
1030 1733 1116 1756 venter
1125 1729 1202 1755 escis.
1211 1726 1280 1754 Deus
1294 1731 1378 1753 autent
1386 1725 1453 1752 hunc
1460 1730 1485 1752 et
1495 1725 1557 1752 illas
1568 1725 1694 1756 destruet;
1702 1725 1778 1759 adje-

995 1776 1046 1802 cit:
1057 1774 1157 1808 Corpus
1164 1782 1195 1799 an
1201 1778 1250 1799 tem
1261 1780 1313 1799 non
1325 1771 1556 1806 foruicationi,sed
1566 1771 1684 1802 Domino,
1693 1776 1717 1797 et
1728 1771 1777 1797 Do-

994 1822 1080 1847 minus
1095 1821 1206 1853 corpori.
1221 1818 1302 1854 579
1317 1817 1386 1844 Deus
1403 1822 1488 1844 autem
1499 1821 1523 1843 et
1538 1816 1679 1843 Dominum
1693 1817 1778 1843 susti-

996 1867 1069 1899 taoit,
1083 1871 1107 1893 et
1117 1875 1163 1893 nos
1177 1864 1315 1892 suscitabit
1325 1871 1371 1898 per
1379 1864 1499 1890 uirtutem
1511 1863 1602 1896 ipsius.
1618 1863 1659 1889 An
1674 1863 1779 1889 nescilis

995 1913 1117 1948 quoniam
1130 1911 1245 1938 membra
1257 1915 1341 1937 vestra
1355 1909 1470 1936 membra
1477 1907 1575 1935 Christi
1586 1909 1665 1935 sunt?
1676 1907 1716 1934 An
1732 1908 1771 1942 ἰοὶ

997 1963 1039 1985 tur
1051 1959 1166 1984 membra
1174 1957 1272 1984 Christi
1287 1955 1385 1990 faciant
1395 1954 1510 1981 membra
1520 1954 1661 1980 meretricis
1670 1954 1681 1980 ?
1689 1953 1780 1979 Absit!

998 2003 1112 2031 Nescitis
1127 2003 1251 2038 quoniam
1263 2002 1308 2036 qui
1323 2000 1438 2028 adhwret
1451 2000 1579 2026 meretrici
1590 2007 1670 2026 unum
1686 2007 1780 2033 corpus

997 2051 1054 2077 est?
1069 2049 1154 2076 Erunt
1172 2048 1252 2080 enim,
1270 2047 1365 2082 inquit,
1380 2046 1432 2072 duo
1452 2046 1479 2072 in
1501 2053 1605 2072 carnem
1625 2053 1715 2072 unum.
1729 2045 1781 2078 Qui

998 2101 1086 2122 autem
1117 2094 1232 2121 adium-et
1256 2093 1381 2123 Domina,
1400 2099 1468 2118 unus
1492 2091 1601 2125 spiritus
1616 2095 1664 2117 est.
1689 2089 1780 2125 Fugite

999 2141 1209 2176 fornicationem.
1227 2138 1310 2166 Omne
1334 2141 1467 2171 peccatum
1481 2135 1651 2171 quodcunque
1662 2143 1783 2169 peccave-

1002 2188 1037 2214 rit
1048 2187 1135 2217 homo,
1165 2190 1241 2212 extra
1269 2191 1363 2217 corpus
1378 2187 1435 2214 est;
1459 2182 1503 2217 qui
1519 2187 1606 2208 autem
1623 2181 1781 2215 fornicatur,

166 2225 319 2260 ἁμάρτημα
335 2224 349 2251 ὂ
364 2225 417 2252 ἐὰν
436 2224 593 2258 ἁμαρτήσῃ
617 2224 780 2258 ἅνθρωπος,
797 2223 883 2256 ἐκτὸς
898 2224 941 2250 τοί

1002 2233 1030 2259 in
1041 2232 1174 2266 proprium
1189 2238 1281 2264 corpus
1294 2233 1392 2264 peccat.
1403 2229 1443 2255 An
1461 2228 1575 2259 nescitis,
1590 2227 1658 2262 quod
1673 2234 1783 2260 corpora

167 2271 302 2305 σώματός
312 2271 407 2297 ἐστιν.
426 2269 457 2296 '0
471 2269 504 2295 δὲ
518 2270 680 2303 πορνεύων,
693 2271 736 2302 εἰς
754 2270 786 2295 τὸ
803 2269 879 2295 ἴδιον
891 2268 949 2295 σῶ-

165 2326 206 2351 μιι
230 2315 397 2350 ἁμαρτάνει.
428 2315 462 2342 Ἠ
484 2315 538 2341 οὐκ
563 2314 672 2346 οἴδατε,
697 2315 741 2341 ὅτι
769 2314 806 2341 τὰ
829 2314 951 2349 σώματα

167 2362 250 2397 ὑμῶν
262 2362 334 2395 ναὸς
355 2361 408 2388 τοῦ
428 2361 463 2388 ἐν
477 2361 548 2396 ὑμῖν
559 2361 645 2395 ἁγίου
668 2361 839 2395 Πνεύματός
855 2361 950 2393 ἐστιν,

168 2407 203 2436 οὗ
216 2409 300 2443 ἔχετε
314 2408 373 2435 ἀπὸ
394 2407 477 2437 Θεοῦ,
492 2407 542 2434 καὶ
557 2408 611 2433 οὐκ
631 2406 701 2433 ἐστὲ
721 2406 853 2438 ἐαυτῶν;
873 2407 951 2440 Ἡγο-

164 2455 296 2490 ράσυητε
313 2453 368 2488 γὰρ
391 2451 487 2487 τιμῆς.
512 2451 663 2484 Δοξάσατε
686 2449 743 2479 οὖν
763 2451 816 2478 τὸν
831 2451 904 2478 Θεὸν
918 2451 953 2478 ἐν

167 2500 208 2534 τῷ
222 2500 332 2534 σώματι
346 2498 436 2533 ὑμῶν.

203 2547 264 2573 NI".
286 2546 417 2581 Πρόσχες,
431 2546 482 2577 ὃτι,
497 2545 592 2580 ἐπειδὴ
606 2545 637 2571 τὸ
651 2544 730 2579 σῶμα
746 2543 824 2570 τοῦτο
840 2543 951 2570 δύναται

166 2594 213 2620 τὸν
227 2593 308 2628 νόμον
321 2592 366 2618 τοῦ
384 2591 451 2618 Θεοῦ
470 2592 516 2618 καὶ
534 2591 582 2626 τὴν
600 2590 748 2618 ἀθανασίαν
762 2589 951 2622 ὑποδέξασθαι,

169 2639 217 2666 ἐὰν
239 2638 394 2672 καθαίροιτο
416 2637 466 2672 τῆς
493 2636 626 2671 ἀκρασίας
649 2635 702 2661 τῶν
721 2634 950 2669 ὑπεκκαυμάτων,

172 2684 207 2720 μὴ
219 2684 394 2719 χραινόμενον
408 2683 539 2718 ἀθέσμοις
551 2683 618 2714 ὅλως
632 2682 746 2717 οἴστρων
759 2681 950 2717 παρατριῦαῖς,

174 2731 209 2758 διὸ
221 2732 234 2756 ὁ
251 2730 411 2761 ’Λπόστοὶος
432 2729 518 2755 ταῦτα
540 2727 732 2763 διεφθέγξατψ
754 2729 829 2753 ποῖον
851 2726 905 2762 γὰρ
922 2727 952 2753 τὸ

171 2775 337 2811 κολλώμενον
348 2775 439 2810 ἕτερον
451 2776 484 2809 τῇ
497 2774 583 2810 πόρνῃ
595 2774 641 2800 καὶ
655 2772 813 2809 πλησιάζον,
826 2772 871 2799 καὶ
884 2771 952 2807 σὰρξ

1004 2283 1090 2305 uestra
1109 2277 1231 2310 templum
1246 2281 1307 2302 sunt
1327 2275 1383 2310 ejus
1397 2275 1442 2308 qui
1459 2275 1486 2300 in
1518 2273 1588 2300 vobis
1601 2278 1640 2300 est
1655 2273 1781 2307 Spiritus.

1003 2331 1077 2359 quem
1092 2322 1191 2349 habetis
1207 2330 1222 2348 a
1239 2321 1301 2352 Deo,
1313 2325 1337 2348 et
1346 2329 1397 2347 non
1421 2321 1483 2347 estis
1499 2320 1594 2347 vestri?
1615 2319 1702 2353 Empti
1714 2320 1783 2345 enim

1001 2369 1064 2396 estis
1086 2369 1178 2402 pretio.
1209 2365 1362 2401 Cloriﬁcate
1384 2366 1465 2400 igitur
1480 2364 1563 2392 Deum
1588 2365 1616 2391 in
1632 2365 1784 2403 corporibus

999 2414 1092 2442 vestris
1108 2413 1130 2440 ⁵.

1039 2542 1104 2570 Llll.
1123 2543 1150 2570 In
1174 2550 1228 2578 quo
1250 2542 1329 2570 velim
1355 2541 1420 2569 illud
1448 2541 1666 2574 animadvertas,
1688 2550 1737 2577 pro
1754 2549 1786 2569 eo

1003 2588 1076 2624 quod
1100 2596 1199 2623 corpus
1221 2588 1292 2615 istud
1320 2587 1372 2622 legi
1396 2587 1442 2614 Dei
1465 2587 1716 2622 immortalitatique
1739 2595 1786 2614 ca-

1003 2635 1107 2670 pienda:
1123 2634 1250 2661 idoneum
1262 2638 1313 2664 est,
1329 2634 1352 2660 si
1368 2634 1402 2660 ab
1417 2633 1543 2661 omnibus
1558 2633 1700 2660 libidinum
1719 2633 1788 2660 inci-

1001 2679 1131 2707 tamentis
1150 2680 1187 2706 ita
1210 2682 1350 2714 purgetur,
1364 2679 1448 2706 nullis
1466 2684 1496 2706 ut
1517 2678 1681 2706 nefariarum
1695 2677 1787 2705 illece-

1001 2726 1111 2753 brarum
1146 2725 1264 2752 stimulis
1297 2725 1520 2756 commaculetur,
1544 2725 1646 2752 idcirco
1669 2723 1725 2750 hanc
1753 2724 1788 2751 ab

999 2771 1131 2807 Apostolo
1147 2779 1208 2799 esse
1223 2771 1305 2799 dicta.
1323 2771 1394 2805 Quid
1419 2772 1490 2799 enim
1506 2771 1579 2798 aliud
1603 2774 1655 2801 est.
1666 2769 1738 2805 quod
1752 2770 1788 2797 ad

206 2866 215 2883 ⁸
231 2865 241 2893 l
255 2864 317 2894 Cor.
336 2874 372 2898 VI,
390 2864 432 2892 l0.
470 2865 480 2880 ‘
494 2864 570 2892 Rom.
586 2871 645 2897 VIII,
660 2864 688 2890 7.
727 2863 736 2879 ³
752 2861 790 2889 Ph
804 2862 867 2898 lipp.
881 2870 920 2895 in,
940 2862 982 2890 l9.
1020 2862 1030 2877 ’⁸
1048 2862 1057 2889 Ι
1071 2861 1134 2889 Cor.
1154 2869 1198 2894 xv,
1214 2861 1257 2889 32.
1297 2861 1307 2876 '
1324 2860 1334 2887 l
1349 2860 1412 2889 Cor.
1428 2868 1465 2894 vr,
1486 2859 1578 2887 15-20.
