1958 3050
173 130 244 160 H59

876 131 905 159 S.
926 131 1095 159 EPlPllANll

1728 137 1801 165 “60

171 192 342 220 meretricem
359 191 540 225 ailbmrescat,
555 197 580 219 et
597 192 630 220 ad
643 200 703 220 eam
719 192 842 224 accedat,
856 200 957 228 unaqut

1015 193 1074 229 μετ’
1100 193 1186 228 αὐτῆς
1202 193 1273 220 κατὰ
1295 194 1345 229 τὴν
1365 193 1458 227 ζεῦξιν
1479 193 1534 221 τῶν
1558 194 1663 230 μελῶν,
1681 195 1728 221 καὶ
1749 195 1799 230 τὴν

169 247 231 265 cum
245 239 289 266 illa
304 246 369 265 caro
379 239 574 273 conjunctione
591 239 776 266 membrorum
791 246 823 266 ac
838 247 963 266 contmn-

169 284 252 311 nionc
269 285 386 319 quadam
405 285 548 314 elliciatur,
569 289 748 319 praeterquam
771 291 872 319 corpus
895 285 961 312 illud

168 334 323 361 externum,
342 328 421 363 cujus
442 329 594 357 tninisterio
619 329 710 356 omnia
728 329 773 355 illa
795 329 961 356 commistio-

170 376 212 402 nis
235 382 380 409 corporum
401 379 429 402 et
451 375 571 402 ardentis
595 374 716 402 libidinis
739 374 840 410 llagitia
866 382 963 410 perpe-

169 421 294 447 trantur‘l
311 420 387 448 Unde
405 425 431 448 et
447 429 522 448 omne
542 426 688 455 peccatum,
704 421 878 456 quodcunque
894 421 961 456 [ece-

170 467 203 492 rit
220 466 307 498 homo,
320 472 395 493 extra
410 475 506 501 corpus
518 472 576 498 est;
590 467 635 502 qui
655 472 741 494 autem
766 467 924 501 fornicatur,
934 468 963 493 in

168 512 303 546 proprium
321 519 415 546 corpus
438 517 538 546 peccat.
555 512 661 540 Etenim
678 513 848 547 arrogantia,
865 511 963 539 inlide-

169 559 242 587 liias.
261 558 301 585 ira
315 563 396 593 atque
410 559 550 585 simulatio
567 560 664 586 anima:
680 563 791 594 peccata
807 563 881 586 sunt.
899 557 962 586 Stu-

169 612 247 638 prum
263 613 329 632 vero
346 610 372 632 et
392 605 570 632 inﬂammatio
598 606 644 632 illa
669 605 788 633 libidinis
814 612 960 640 corporum

169 650 277 684 propria
293 654 366 677 sunt.
381 650 550 683 Quibuscum
565 651 656 686 utique
681 658 731 678 nec
746 650 855 678 evolare
871 652 961 678 anima

168 697 279 730 pulerit,
307 705 395 731 neque
420 697 606 732 temperantia:
627 697 746 724 decretis
770 697 888 731 subjici;
914 697 961 724 sed

168 743 248 769 ambo
267 742 369 770 Christi
394 751 477 778 regno
497 743 625 771 excidere
647 751 758 771 necesse
778 747 830 770 est.
849 742 962 770 Praeter-

167 795 198 814 ea
226 788 248 815 si
274 796 389 823 corpora
418 793 511 816 nostra
539 789 566 815 in
593 789 776 816 sanctimonia
801 793 961 815 conservata

167 835 296 868 templum
317 839 380 862 sunt
400 835 549 862 habitantis
571 835 597 862 in
618 835 698 862 nobis
723 834 859 869 Spiritus;
880 838 961 869 atque

166 883 193 906 et
210 880 237 906 in
253 887 369 915 corpore
386 879 517 908 Dominus
537 879 648 912 residet,
661 885 690 907 et
705 880 825 907 membra
837 879 960 914 corporis

166 925 270 953 Christi
289 927 409 953 membra
437 931 511 958 sunt,
534 927 646 953 omnino
667 926 766 953 divina:
787 926 837 960 legi
861 934 960 961 corpus

167 971 303 1003 subditur,
320 979 352 998 ac
369 979 481 1007 regnum
498 971 544 999 Dei
559 971 700 1007 possidere
714 977 813 1007 potest.
828 972 880 1005 Qui
891 973 960 999 enim

165 1018 290 1044 excitavit
307 1017 441 1044 Christum
465 1026 482 1044 α
498 1018 625 1050 mortuis,
650 1018 801 1051 uiviﬁcabit,
823 1018 920 1053 inquit,
936 1023 961 1046 et

169 1064 293 1090 mortalia
310 1071 420 1096 corpora
434 1068 518 1090 nostra
537 1071 582 1097 per
600 1063 789 1090 inhabitantem
804 1063 860 1097 ejus
875 1063 961 1097 Spiri-

167 1114 223 1135 tum
239 1109 266 1135 in
283 1109 353 1136 vobis
370 1110 377 1125 ¹
392 1118 400 1142 ς
416 1114 445 1136 ut
465 1110 578 1136 mortale
600 1109 648 1136 hoc
664 1108 757 1136 induat
772 1110 962 1137 immortalita-

167 1159 229 1185 tem,
253 1159 278 1180 ct
307 1154 506 1188 incarruptibile
531 1155 766 1188 ineruptionem,
794 1163 915 1190 morsque
933 1157 961 1183 in

166 1199 302 1226 victoriam
320 1199 492 1226 absorbeatur
509 1200 530 1226 ¹.
555 1199 614 1227 Non
634 1200 708 1227 enim
727 1199 762 1227 de
780 1200 833 1228 alio
847 1208 961 1236 corpore

167 1243 218 1270 hoc
234 1245 294 1271 loco
309 1244 465 1279 disputabat
483 1244 631 1279 Apoatolus
643 1265 651 1277 ,
669 1249 849 1280 preter-quam
861 1245 895 1274 de
909 1247 961 1274 hoc

168 1289 245 1324 ipso,
272 1290 343 1324 quod
367 1290 549 1325 exstinguitur
576 1297 608 1317 ac
635 1296 722 1318 morte
740 1290 894 1325 coniicitur,
913 1300 961 1327 per

167 1336 239 1370 quod
256 1337 371 1363 Scortari
387 1337 450 1364 licet
465 1343 498 1363 ac
525 1335 626 1371 ﬂagitia
640 1337 820 1365 committere.

203 1383 285 1418 580
300 1382 367 1410 LIV.
393 1382 472 1416 Quod
498 1382 522 1410 si
549 1383 685 1411 interesse
710 1383 836 1410 nonnihil
860 1391 960 1419 corpus

167 1428 238 1455 inter
257 1437 288 1456 ac
305 1436 415 1456 carnem
449 1429 623 1463 suspicentur
643 1428 685 1463 (ut
705 1429 747 1456 vel
763 1429 892 1457 subtilius
909 1429 961 1457 boc

168 1474 229 1502 illos
245 1475 326 1502 modo
342 1474 496 1501 ratiorinari
511 1475 665 1509 sinamus);
682 1473 751 1501 adeo
765 1478 795 1501 ut
809 1474 883 1502 aliud
900 1483 960 1502 esse

167 1526 268 1553 corpus
296 1523 435 1552 censeant,
463 1519 537 1546 velut
567 1518 653 1554 ipsius
685 1519 782 1546 auium
807 1519 993 1564 pruprium,c

166 1565 239 1600 quod
253 1565 378 1599 usurpari
394 1564 481 1591 oculis
493 1567 626 1598 nequeat;
640 1570 749 1590 carnem
763 1568 853 1591 autem
869 1567 959 1591 exter-

168 1618 233 1637 num
248 1610 313 1636 illud
333 1617 405 1641 esse,
421 1609 493 1644 quod
517 1609 605 1636 oculis
624 1609 746 1636 cernitur
762 1618 769 1636 :
790 1609 830 1636 sic
848 1617 896 1637 eos
915 1617 958 1638 re-

171 1655 265 1684 fellere
279 1655 425 1690 oportebit,
441 1663 494 1682 non
514 1654 594 1682 modo
613 1653 727 1682 Paulum
753 1662 786 1682 ac
809 1655 959 1690 prophetas

166 1701 292 1736 corporis
320 1701 527 1736 appellationem
555 1700 620 1727 buic
643 1701 718 1727 carni
747 1701 887 1733 tribuere,
911 1701 958 1729 sed

167 1748 236 1776 alios
261 1754 369 1782 quoque
389 1745 575 1782 philosophos,
602 1752 618 1772 a
643 1745 744 1780 quibus
774 1751 902 1773 accurata
931 1746 957 1773 in

167 1794 263 1830 primis
281 1792 372 1819 haberi
391 1792 461 1819 ratio
481 1791 620 1817 nominum
641 1790 720 1818 solet.
744 1789 850 1818 Etenim
866 1792 958 1819 carnis

167 1839 356 1875 appellatione,
371 1837 394 1865 si
413 1837 469 1864 haec
489 1836 522 1863 ad
543 1840 666 1863 exactam
691 1836 814 1864 scientiae
835 1844 956 1864 normam

166 1886 274 1920 exigere
295 1884 392 1914 velint,
407 1890 460 1910 non
486 1882 613 1909 universa
630 1882 739 1916 proprie
758 1881 851 1916 hujus,
868 1886 897 1908 ut
921 1884 957 1909 ita

166 1931 265 1961 dicam,
279 1928 445 1957 tabernaculi
472 1928 556 1955 moles
576 1927 746 1962 intelligitur,
764 1927 811 1956 sed
833 1928 956 1963 quaedam

165 1976 250 2002 totius
265 1982 339 2009 pars,
354 1973 581 2009 quemadmodum
598 1980 672 2004 ossa.
685 1973 759 2000 ncrvi
770 1977 851 2008 atque
867 1981 955 2007 venae;

165 2028 267 2054 corpus
282 2024 372 2046 autem
388 2023 473 2046 totum
488 2018 599 2045 dicitur.
609 2017 687 2044 Unde
700 2021 728 2044 et
743 2017 852 2048 medici,
865 2018 911 2052 qui
923 2017 957 2045 de

131 2066 136 2072 '
166 2070 263 2092 natura
292 2072 438 2099 corporum
461 2068 588 2091 aecurate
610 2063 764 2098 disputant,
792 2063 844 2090 hoc
867 2063 955 2098 ipsum

165 2111 236 2146 quod
256 2110 421 2145 aspectabile
440 2114 493 2141 est.
517 2117 617 2144 corpus
643 2116 705 2136 esse
726 2110 859 2136 sentiunt.
883 2109 956 2142 Quin

165 2157 224 2191 ipse
246 2155 322 2182 Plato
345 2155 418 2183 istud
444 2155 531 2189 ipsum
552 2163 653 2191 corpus
673 2163 734 2183 esse
760 2163 812 2182 non
835 2156 953 2190 ignorat.

1013 239 1156 266 κοινωνίαν
1175 239 1240 274 μίαν
1259 240 1420 274 γιγνόμενον
1440 239 1517 274 παρὰ
1531 239 1611 266 τοῦτο
1625 239 1656 265 τὸ
1673 239 1751 274 σῶμα
1767 241 1799 267 τὸ

1012 284 1074 317 ἔξω,
1088 285 1122 310 δι’
1141 282 1172 311 οὗ
1191 285 1278 311 πάντα
1294 284 1382 311 ταῦτα
1402 284 1554 320 πληροῦται
1575 284 1610 311 τὰ
1632 284 1702 320 πρὸς
1725 284 1799 319 μίξιν

1013 331 1061 357 καὶ
1083 330 1212 357 ἔκκαυσιν
1238 331 1442 366 ἁμαρτήματα;
1458 330 1538 357 ’Ὁθεν
1556 330 1604 356 καὶ
1627 329 1687 356 πᾶν
1705 329 1799 365 ἀμάρ-

1011 385 1089 411 τημα
1100 377 1116 403 ὁ
1132 376 1187 403 ἐὰν
1205 377 1320 410 ποιήσῃ
1342 378 1358 404 ὀ
1377 376 1544 410 ἅνθρωπος,
1566 375 1654 409 ἐκτὸς
1670 376 1723 402 τοῦ
1743 375 1798 402 σώ-

1008 423 1102 456 ματός
1112 422 1206 448 ἐστιν.
1223 422 1249 448 Ὀ
1261 422 1295 449 δὲ
1315 423 1480 456 πορνεύων,
1498 423 1541 455 εις
1563 421 1596 448 τὸ
1622 421 1699 448 ιδιον
1711 421 1798 456 σῶμα

1011 465 1181 500 ἁμαρτάνει.
1202 466 1291 501 Τύφος
1305 467 1354 502 μὲν
1367 466 1421 502 γὰρ
1436 467 1483 493 καὶ
1498 467 1623 499 ἀπιστία,
1638 466 1686 494 καὶ
1699 465 1795 501 θυμὸς,

1011 512 1059 556 καὶ
1073 512 1227 547 ὑπόκρισις,
1243 512 1332 547 ψυχῆς
1347 513 1544 556 ἁμαρτήματα.
1562 512 1677 548 Πορνεία
1696 513 1733 542 δὲ,
1748 512 1798 538 καὶ

1011 555 1128 593 οἶστρος,
1145 558 1193 584 καὶ
1215 558 1315 594 τρυφὴ,
1333 557 1476 593 σώματος·
1494 558 1554 593 μεθ’
1575 555 1613 586 ὦν
1636 558 1697 585 οὔτε
1722 558 1797 594 ψυχὴ

1011 604 1080 639 πρὸς
1096 604 1224 640 ἀλήθειαν
1238 604 1437 640 ἀναπτήσεται,
1455 603 1516 631 οὔτε
1538 604 1715 640 σωφροσύνης
1732 606 1797 632 ὐπο-

1011 649 1176 684 ταχοήσεται
1189 649 1321 684 δόγμασιν
1332 657 1338 664 ·
1353 649 1421 676 ἀλλὰ
1435 649 1520 685 ἄμφω
1533 649 1731 685 διολισθήσουσι
1746 651 1796 684 τῆς

1012 695 1149 730 βασιλείας
1159 695 1204 722 τοῦ
1212 695 1338 731 Χριστοῦ.
1348 695 1402 721 Καὶ
1411 696 1509 724 τοίνυν.
1517 696 1542 722 εί
1549 696 1583 723 τὰ
1594 695 1707 731 σώματα
1716 697 1794 731 ἡμῶν

1011 741 1040 767 ὲν
1050 741 1177 776 ἁγιασμῷ
1194 741 1409 777 διακρατοὺμενα
1424 742 1486 773 ναός
1499 742 1558 768 ἔστι
1570 741 1617 768 τοῦ
1632 743 1660 769 ἐν
1676 743 1740 778 ἡμῖν
1754 743 1795 768 οἰ-

1011 787 1121 819 κοῦντος
1135 787 1303 822 Πνεύματος.
1314 787 1361 814 καὶ
1373 789 1387 814 6
1400 787 1501 824 Κύριος
1516 788 1546 815 ὲν
1559 788 1600 824 ’τῷ
1616 787 1732 824 σώματι,
1749 789 1796 815 καὶ

1010 833 1044 859 τὰ
1072 832 1140 867 μέλη
1160 832 1206 858 τοῦ
1224 831 1348 868 σώματος
1366 831 1433 868 μέλη
1457 832 1585 868 Χριστοῦ,
1609 833 1792 860 ὑποτάσσεται

978 869 997 896 Β
1011 878 1065 913 ἄρα
1087 877 1119 904 τὸ
1137 877 1216 912 σῶμα
1231 877 1270 912 τῷ
1286 877 1361 912 νόμῳ
1373 877 1413 912 τῷ
1432 877 1507 913 Θείῳ,
1524 878 1571 904 καὶ
1592 877 1796 914 κληρονομῆσαι

1011 923 1122 950 δύναται
1144 923 1194 958 τὴν
1210 922 1347 958 βασιλείαν
1371 922 1419 949 τοῦ
1443 922 1522 951 Θεοῦ.
1552 923 1584 950 '0
1606 923 1661 958 τὰρ
1679 924 1797 958 ἐγείρας

1011 970 1139 1004 Χριστὸν
1159 969 1194 996 ἐκ
1217 968 1342 1003 νεκρῶν,
1366 968 1557 1001 ζωοποιήσει,
1582 970 1666 1005 φησι,
1693 969 1742 996 καὶ
1759 970 1797 996 τὰ

1011 1015 1105 1050 θνητὰ
1117 1015 1240 1050 σώματα
1250 1014 1333 1049 ὑμῶν
1346 1014 1395 1042 διὰ
1416 1015 1469 1042 τοῦ
1491 1014 1682 1048 ἐνοικοῦντος
1699 1015 1795 1042 αὐτοῦ

1010 1062 1182 1096 Πνεύματος
1196 1061 1231 1088 ἐν
1247 1061 1331 1096 ὑμῖν·
1346 1061 1397 1089 ἵνα
1418 1061 1451 1088 τὸ
1473 1060 1584 1095 θνητὸν
1607 1061 1693 1088 τοῦτο
1712 1061 1797 1088 ἐνδύ-

1011 1114 1101 1140 σηται
1139 1106 1197 1141 τὴν
1225 1107 1404 1139 ἀθανασίαν,
1427 1106 1477 1134 καὶ
1507 1106 1541 1133 τὸ
1573 1107 1705 1141 φθαρτὸν
1737 1107 1797 1141 τὴν

1010 1152 1191 1186 ἀφθαρσίαν,
1204 1153 1250 1184 εις
1264 1151 1349 1185 νῖκός
1362 1160 1394 1178 τε
1409 1151 1562 1186 καταποθῇ
1578 1154 1594 1179 ό
1607 1152 1744 1186 θάνατος.
1755 1153 1794 1179 οὐ

1010 1198 1065 1233 γὰρ
1089 1198 1154 1233 περὶ
1177 1198 1257 1224 ἄλλου
1284 1197 1462 1233 διελάμϐανεν
1489 1198 1606 1226 ἐνταῦθα
1636 1199 1760 1234 σώματος
1781 1200 1796 1225 6

1017 1244 1186 1276 ’Λπόστολος,
1201 1244 1270 1271 ἀλλὰ
1287 1245 1350 1280 περὶ
1363 1245 1460 1272 τούτου
1479 1245 1526 1271 καὶ
1546 1245 1593 1272 τοῦ
1610 1245 1795 1282 ἀποθνήσκον-

1010 1298 1056 1321 τος
1083 1289 1130 1316 καὶ
1163 1290 1364 1325 νεκρουμένου,
1392 1290 1426 1316 δι*
1446 1287 1477 1317 οὗ
1500 1292 1548 1318 καὶ
1574 1291 1719 1327 πορνεῦσαι
1747 1293 1793 1318 καὶ

1010 1336 1159 1371 ἀσελγῆσαι
1173 1336 1296 1363 δυνατόν.

1044 1381 1105 1406 NA’.
1129 1381 1191 1408 Ἐὰν
1204 1381 1233 1407 δὲ
1248 1381 1380 1418 διαφορὰν
1394 1380 1464 1408 εἶναι
1482 1381 1609 1417 σώματος
1620 1382 1688 1418 πρὸς
1704 1383 1794 1418 σάρκα

1011 1426 1219 1458 ὑποτοπάζωσιν
1231 1427 1287 1463 (ἵνα
1300 1427 1332 1462 δὴ
1345 1428 1393 1455 καὶ
1407 1427 1493 1455 ταῦτα
1501 1428 1593 1460 αὐτοῖς
1605 1429 1794 1464 ἐπιτρέψωμεν

1010 1471 1220 1507 λογικεύεσθαι),
1239 1473 1285 1500 καὶ
1307 1473 1392 1509 σῶμα,
1409 1474 1459 1509 μὲν
1486 1473 1550 1501 ἄλλο
1572 1475 1716 1510 νομίζοιεν,
1738 1473 1794 1502 οἷον

1011 1517 1094 1552 αὐτῆς
1110 1517 1160 1552 τῆς
1171 1517 1271 1552 ψυχῆς,
1286 1517 1300 1544 6
1312 1518 1350 1553 μὴ
1363 1518 1502 1553 βλέπεται,
1519 1519 1609 1554 σάρκα
1624 1519 1651 1545 δὲ
1671 1519 1749 1546 τοῦτο
1763 1519 1795 1545 τὸ

1009 1561 1062 1595 ἐξω
1077 1563 1108 1589 τὸ
1123 1562 1303 1598 βλεπόμενονο
1321 1563 1442 1596 λεκτέον,
1459 1564 1497 1597 ὡς
1517 1565 1547 1591 οὐ
1562 1564 1641 1600 μόνον
1659 1565 1674 1592 ὁ
1689 1565 1794 1596 Παῦλος

1010 1607 1058 1634 καὶ
1071 1609 1095 1634 ot
1110 1609 1246 1643 προφῆται
1256 1609 1336 1644 σῶμα
1349 1609 1511 1643 γινώσκουσι
1528 1610 1577 1645 τὴν
1595 1610 1684 1646 σάρκα
1696 1610 1795 1645 ὀνομά-

1009 1654 1103 1686 (εσθαι
1115 1655 1228 1690 ταύτην,
1250 1655 1319 1682 ἀλλὰ
1332 1657 1378 1683 καὶ
1400 1655 1475 1682 ἄλλοι
1499 1656 1639 1691 φιλόσοφοι
1649 1676 1657 1689 ,
1672 1657 1735 1692 παρ’
1751 1654 1794 1688 οἷς

1008 1701 1040 1736 δὴ
1055 1701 1171 1736 μάλιστα
1186 1703 1234 1728 καὶ
1250 1703 1266 1737 ἡ
1280 1702 1335 1728 τῶν
1348 1702 1487 1738 ὀνομάτων
1502 1702 1628 1739 ἀκρίϐεια
1641 1705 1794 1739 παρατετή-

1010 1756 1100 1783 ρηται.
1115 1748 1188 1784 sape
1201 1748 1256 1784 γὰρ
1267 1749 1346 1780 ὅλως,
1359 1750 1383 1775 εί
1399 1748 1535 1784 βούλοιντο
1545 1750 1592 1776 καὶ
1607 1749 1672 1785 περὶ
1689 1749 1792 1776 τούτων

1008 1793 1198 1828 ἐπιστημόνως
1221 1793 1431 1828 ἐπισκέψασθαι,
1447 1795 1501 1825 πᾶς
1519 1795 1534 1820 6
1555 1794 1635 1828 ὁγκος
1649 1791 1724 1825 οὗτος
1744 1794 1791 1820 τοῦ

1009 1837 1188 1874 σκηνώματος
1198 1839 1276 1874 ἡμῶν
1289 1839 1390 1874 κυρίως
1407 1840 1437 1866 οὑ
1450 1839 1570 1874 λέγεται,
1587 1837 1656 1866 ὰλῖά
1670 1849 1696 1866 τι
1710 1840 1791 1875 μέρος

1007 1883 1054 1910 τοῦ
1071 1884 1142 1916 ὅλου,
1156 1884 1279 1920 καθάπερ
1292 1885 1308 1919 ἢ
1322 1886 1402 1917 ὀστᾶ,
1417 1885 1434 1920 ἢ
1448 1885 1567 1921 νεῦρα,ἢ
1585 1885 1695 1919 φλέϐες·
1711 1885 1791 1920 σῶμα

1007 1930 1035 1955 δὲ
1049 1929 1080 1956 τὸ
1100 1929 1170 1957 ὅλον.
1186 1930 1267 1956 Ὅθεν
1282 1931 1328 1957 καὶ
1344 1931 1441 1966 ἰατροὶ,
1456 1931 1481 1957 οἵ
1494 1931 1526 1966 δὴ
1540 1931 1587 1957 καὶ
1602 1931 1666 1966 περὶ
1683 1930 1790 1965 φύσεως

1008 1976 1141 2010 σωμάτων
1168 1976 1291 2012 ἀκριϐῶς
1315 1976 1490 2012 διειλήφασι,
1520 1977 1599 2012 σῶμα
1626 1977 1790 2012 γινώσνουσι

1006 2021 1085 2048 τοῦτο
1099 2021 1130 2048 τὸ
1149 2021 1323 2057 βλεπόμενον.
1348 2022 1429 2048 Ἀλλὰ
1445 2023 1493 2048 καὶ
1503 2022 1517 2048 6
1530 2022 1642 2049 Πλάτων
1662 2022 1708 2049 καὶ
1723 2023 1790 2049 αὐτὸ

1005 2066 1085 2094 τοῦτο
1102 2066 1182 2102 σῶμα
1195 2067 1241 2094 καὶ
1255 2067 1335 2099 αὐτὸς
1351 2068 1502 2095 ἐπίσταται.
1521 2068 1564 2094 Ἐν
1583 2068 1647 2102 γοῦν
1665 2068 1704 2103 τῷ
1718 2068 1788 2094 Φαι-

1005 2112 1077 2139 δωνι
1095 2113 1109 2138 6
1134 2113 1293 2148 Σωκράτης,
1309 2122 1319 2138 ι
1334 2113 1405 2149 ’Δρα
1425 2113 1462 2148 μὴ
1482 2112 1546 2140 ἄλλο
1563 2121 1592 2138 τι
1613 2113 1658 2139 τὸν
1675 2113 1789 2139 θάνατον

1005 2157 1148 2193 ἡγούμεθα
1168 2155 1249 2190 εἶναι,
1270 2167 1279 2183 ι
1297 2157 1359 2193 ἔφη,
1374 2167 1383 2183 ι
1399 2158 1479 2194 ἢτῆς
1494 2157 1584 2193 ψυχῆς
1598 2158 1652 2184 ἀπὸ
1668 2157 1714 2184 τοῦ
1737 2157 1789 2184 σώ-

165 2202 236 2229 Sane
245 2202 271 2228 in
279 2200 410 2228 Pluedone
419 2200 556 2234 Socrates,
571 2210 581 2227 ι
592 2201 689 2228 Annon
697 2201 778 2233 idem,
792 2210 801 2226 ο
814 2201 861 2234 ait,
874 2210 884 2227 ι
894 2210 954 2230 esse

1009 2212 1090 2239 ματος
1104 2203 1280 2238 ἀπαλλαγήη
1299 2203 1347 2230 καὶ
1365 2201 1525 2230 εἶναιτοῦτο
1540 2203 1683 2236 τεθνάναι,
1702 2205 1789 2239 χωρὶς

166 2252 281 2274 mortem
296 2247 525 2279 existimabimus,
541 2247 612 2282 quod
626 2247 724 2274 animai
738 2255 754 2274 a
769 2255 883 2282 corpore
897 2247 954 2275 dis-

165 2301 272 2322 Ct-ssum
290 2303 296 2321 :
312 2298 393 2328 atque
410 2293 462 2320 hoc
488 2293 597 2321 demum
622 2301 684 2321 esse
701 2294 780 2325 mori,
799 2301 898 2328 corpus
918 2294 953 2322 ab

165 2339 254 2366 anima
269 2340 435 2373 disjunctum
449 2347 497 2374 per
510 2346 569 2366 sese
583 2339 670 2374 ipsum
684 2340 827 2370 exsistere,
846 2339 952 2367 itidem-

163 2375 217 2421 que
228 2385 345 2412 animam
360 2393 374 2412 a
386 2393 501 2420 corpore
512 2385 696 2420 Srparatamii
712 2385 783 2419 Quid
799 2386 893 2413 beatus
909 2385 953 2413 ille

165 2431 270 2466 Moyses
288 2432 328 2466 (ut
352 2430 384 2457 ad
398 2431 505 2458 divinas
519 2438 626 2466 quoque
642 2431 759 2460 Litteras
780 2431 953 2466 veniamus)?

164 2484 253 2503 nonne
275 2484 374 2511 corpus
399 2476 468 2504 idem
490 2477 614 2512 intelligit
637 2484 707 2510 esse,
724 2477 796 2511 quod
819 2484 867 2504 nos
883 2477 951 2503 dici-

164 2531 236 2556 mus,
263 2529 324 2549 cum
342 2522 378 2548 ita
403 2521 541 2556 loquitur:
559 2521 594 2548 Et
619 2522 717 2549 lavabit
742 2523 894 2549 vestimenta
922 2522 949 2549 in

164 2568 380 2603 purgationibus,
402 2568 448 2602 qui
470 2568 584 2602 tetigerit
604 2568 786 2600 immundum;
807 2573 831 2595 et
851 2568 951 2595 Iuvabit

162 2621 256 2646 corpus
269 2621 344 2640 suum
357 2620 444 2647 aqua;
457 2618 481 2639 et
495 2613 644 2639 immundus
656 2613 706 2640 erit
726 2613 759 2639 ad
774 2621 904 2647 vesperam
919 2613 949 2640 ’?

160 2659 232 2692 Quid
248 2659 280 2686 de
293 2657 361 2685 Jobo
376 2658 519 2685 dicemus?
545 2666 634 2686 nonne
653 2664 679 2686 et.
701 2660 724 2686 is
744 2659 860 2694 idipsum
877 2660 948 2694 quod

161 2705 345 2739 exstinguitur
369 2707 456 2731 morte
476 2711 575 2737 corpus
598 2712 660 2731 esse
682 2704 834 2739 signiﬁcat?
856 2705 950 2732 tersa-

162 2755 216 2780 tur,
240 2751 337 2784 inquit.
362 2757 456 2783 corpus
472 2757 557 2776 meum
581 2749 609 2776 in
632 2750 767 2784 putredine
786 2750 911 2777 vermium
926 2750 946 2777 ⁵.

199 2828 206 2842 ¹
225 2827 304 2854 llum.
322 2835 381 2859 v.11,
401 2827 441 2854 ll.
479 2828 489 2842 ¹
504 2826 513 2853 Ι
529 2827 591 2855 Cur.
609 2835 651 2859 xv,
670 2828 712 2854 55.

1007 2249 1057 2284 μὲν
1071 2249 1125 2275 ἀπὸ
1141 2249 1190 2284 τῆς
1203 2249 1291 2284 φυλῆς
1313 2249 1469 2284 ἀπαλλαγὲν
1488 2249 1554 2276 αὐτὸ
1574 2249 1635 2276 καθ’
1656 2249 1736 2276 ἑαυτὸ
1756 2250 1788 2276 τὸ

1006 2294 1086 2330 σῶμα
1098 2295 1249 2329 γεγονέναι,
1262 2295 1346 2330 χωρὶς
1359 2295 1388 2322 δὲ
1400 2295 1448 2330 τὴν
1462 2295 1550 2330 ψυχὴν
1560 2295 1607 2321 τοῦ
1620 2295 1761 2330 σώματος;
1775 2306 1784 2321 ι

1010 2340 1040 2366 ὐ
1055 2340 1109 2375 γάρ
1127 2348 1169 2366 τοι
1188 2340 1309 2375 Μωῦσῆς
1324 2341 1339 2367 6
1367 2340 1506 2376 μακάριος,
1521 2342 1529 2375 (
1538 2340 1649 2376 ἥκωμεν
1663 2341 1715 2376 γὰρ
1739 2342 1788 2368 καὶ

1004 2385 1051 2412 ἐπὶ
1066 2386 1114 2416 τὰς
1132 2385 1266 2421 κυριακὰς
1277 2385 1327 2420 ἤδη
1344 2386 1480 2420 Γραφὲις),
1493 2385 1524 2411 οὗ
1541 2385 1622 2420 σῶμα
1637 2385 1715 2412 τοῦτο
1729 2386 1788 2412 ὀνο-

1006 2431 1139 2466 μάζεσθαι
1167 2431 1328 2463 ἐπίσταται,
1350 2431 1365 2457 ὃ
1386 2431 1518 2466 λέγομεν.
1547 2431 1601 2457 Kal
1624 2431 1732 2458 πλυνεῖ
1750 2431 1787 2457 τὰ

1004 2476 1113 2511 ιμάτιιι,
1126 2476 1222 2510 λέγων.
1249 2478 1278 2503 ὲν
1294 2478 1350 2508 τοῖς
1371 2477 1561 2512 καθαρισμοῖς,
1581 2478 1598 2504 ό
1612 2477 1786 2511 ἐπιψαύσας

1002 2522 1056 2548 τοῦ
1069 2521 1237 2556 ὰαθάρτου
1248 2531 1255 2538 ·
1277 2522 1326 2549 καί
1347 2523 1489 2549 latuerat
1511 2522 1551 2555 τῷ
1565 2522 1677 2562 σώματι
1692 2523 1786 2549 αὐτοῦ

1001 2565 1095 2598 ὕδατι,
1112 2566 1161 2592 καὶ
1182 2566 1349 2601 ἀκάθαρτος
1364 2567 1450 2594 ἔσται
1464 2567 1521 2600 ἕως
1542 2567 1688 2601 ἑσπέρας
1705 2567 1736 2594 Τί
1756 2567 1784 2593 ὁὶ

1001 2611 1048 2638 καὶ
1059 2613 1073 2638 ὁ
1090 2611 1165 2644 Ἰώ6;
1180 2613 1210 2639 οὺ
1234 2613 1314 2647 σῶμα
1330 2614 1472 2640 ἐπίσταται
1492 2614 1538 2640 καὶ
1550 2613 1633 2645 αὐτὸς
1655 2613 1734 2640 τοῦτο
1754 2616 1785 2640 τὸ

1001 2657 1180 2693 νεκρούμενον
1198 2659 1301 2691 καλεῖν,
1317 2661 1442 2694 Φύρεται
1463 2660 1497 2686 δέ
1516 2669 1576 2695 μου
1595 2661 1628 2688 τὸ
1647 2660 1734 2695 σῶμα
1749 2661 1783 2686 ἐν

1000 2705 1113 2738 σαπρίῃ
1128 2705 1307 2740 σκωλήκιον,
1324 2706 1427 2740 λέγων;
1446 2706 1527 2732 Ἀλλὰ
1549 2706 1595 2732 καὶ
1617 2707 1632 2732 ὁ
1646 2705 1781 2740 Σολομὼν,

1000 2752 1042 2777 ὅτι
1057 2752 1108 2784 Εἰς
1125 2752 1308 2787 κακότεχνον
1319 2753 1425 2787 ψυχὴν
1440 2753 1494 2780 οὑκ
1512 2753 1715 2780 εἰσελεύσεται
1727 2760 1779 2780 σο-

751 2828 762 2844 ³
779 2827 862 2854 chit.
882 2836 934 2854 sit.
953 2827 978 2854 8.
1018 2829 1026 2843 ‘
1042 2828 1093 2856 Job
1111 2837 1157 2864 ru,
1173 2830 1200 2857 5.
