1958 3050
142 150 206 182 1131

476 151 660 180 ADVERSUS
679 149 850 179 ΗΕΒΕὸΕὸ
869 149 933 178 LIB.

1006 148 1088 177 70M.
1110 148 1304 177 l.—-llAZRES.
1326 148 1418 177 LXIV.

1701 144 1770 173 i162

139 221 203 256 521a.
218 220 290 247 οὐδὲ
300 218 476 253 κατοικήσει
489 219 523 246 ἐν
536 218 689 254 καταχρέῳ
706 217 820 253 σώματι
834 217 924 252 ἁμαρ-

986 216 1111 243 Prmterca
1128 217 1268 246 Salomon.
1281 215 1313 243 In
1329 215 1496 247 malevolam,
1509 215 1596 251 inquit
1612 215 1634 246 ',
1653 215 1769 242 animam

141 267 214 310 τζας.

162 353 230 380 ’Καὶ
249 355 278 381 ὲν
297 353 336 388 τῷ
351 353 450 389 Δανιὴλ
470 353 517 379 ἐπὶ
532 353 585 379 τῶν
602 352 762 388 μαρτύρων·
785 352 845 378 οὺχ
862 351 930 378 ἑκυ-

138 399 262 432 ρίευσεν
272 399 372 426 αὐτῶν
382 399 415 425 τὸ
432 399 492 434 πῦρ
508 399 561 425 τοῦ
572 398 725 432 σώματος,
742 398 861 433 λέγεται,
879 397 929 424 καὶ

140 445 160 479 ἡ
177 445 243 479 θρὶξ
263 444 318 479 τῆς
333 444 467 480 κεφαλῆς
489 443 588 472 αὐτῶν
609 446 665 471 οὐκ
680 444 856 479 ἐφλογίσοη.
875 443 930 469 Καὶ

137 486 267 526 ὁΚύριος
283 492 312 518 ὲν
329 491 368 526 τῷ
380 491 541 526 Εὐαγγελίῳ
551 499 558 505 ·
575 490 628 517 Διὰ
650 491 737 517 τοῦτο
749 489 826 524 λέγω
839 490 910 524 ὑμῖν
920 497 927 505 ν

140 538 189 573 Μὴ
202 537 362 574 μεριμνᾶτε
379 539 407 565 τι
425 539 550 574 φάγητε,
567 539 586 574 ἢ
608 539 637 566 τί
658 538 840 572 ἐνδύσησθε.
856 538 930 572 Οὐχὶ

140 585 160 618 ἡ
174 584 260 619 ψυχὴ
275 584 382 611 πλεῖόν
406 585 471 611 ἐστι
493 583 549 619 τῆς
565 584 693 619 τροφῆς,
715 584 765 612 καὶ
789 584 823 611 τὸ
843 584 930 618 σῶμα

140 630 193 657 τοῦ
209 630 394 664 ἑνδύματος;
409 631 456 658 καὶ
471 631 485 658 ὀ
505 631 666 663 Ἀπόστολος
679 630 718 663 δὲ,
736 629 784 664 Μὴ
800 628 857 657 οὖν
869 631 928 662 ,βα-

139 676 286 704 σιλευέτω
300 677 318 712 η
334 677 462 711 ἁμαρτία
476 677 512 704 ἐν
527 677 568 710 τῷ
584 676 682 712 θνητῷ
702 676 786 712 ὑμῶν
804 676 928 712 σώματι,
952 704 960 715 ⁴

140 722 245 756 λέγων,
269 722 349 757 σῶμα
367 722 512 757 γινώσκειν
533 723 613 750 τοῦτο
632 723 646 749 ὃ
672 722 851 758 περικείμεθα
869 731 930 748 συν-

141 767 232 803 ίστησι
240 775 247 782 ·
260 768 306 795 καὶ
320 768 401 795 πάλιν
409 778 416 784 ·
427 769 460 795 El
475 768 509 795 δὲ
521 769 555 796 τὸ
565 769 685 804 Πνεῦμα
698 768 750 796 τοῦ
761 768 930 804 ἐγείραντος

148 811 270 846 Ἰησοῦν
283 813 360 840 οἰκεῖ
371 813 406 840 ὲν
421 813 502 848 ὑμῖν,
520 815 536 841 ό
551 813 669 849 ἐγείρας
688 814 818 848 Χριστὸν
829 814 864 841 ἐκ
883 822 930 840 νε-

141 857 223 891 κρῶν
244 857 420 891 ζωοποιήσει
434 859 484 886 καὶ
510 859 548 886 τὰ
564 860 659 893 θνητὰ
684 859 807 894 σώματα
831 860 928 895 ὑμῶν’

142 903 188 930 καὶ
204 903 301 930 πάλιν·
324 904 394 932 Ἐὰν
408 904 481 938 εἴπῃ
497 905 513 932 ὀ
527 904 614 938 ποῦς,
633 904 679 931 ὅτι
704 905 764 931 οὐκ
784 904 842 939 εἰμὶ
857 904 931 939 χεὶρ,
948 894 969 921 Β

139 950 197 976 οὐκ
208 949 267 983 εἰμὶ
277 950 312 976 ἐκ
324 949 376 976 τοῦ
388 949 535 984 σώματος,
544 951 582 977 οὺ
593 950 673 984 παρὰ
681 950 771 977 τοῦτο
781 952 837 977 οὐκ
848 950 934 977 ἐστιν

139 995 175 1022 ἐκ
198 995 252 1022 τοῦ
269 995 424 1030 σώματος·
441 996 488 1022 καὶ
507 996 604 1022 πάλιν·
623 997 679 1023 Kal
695 996 739 1031 μὴ
758 996 933 1031 ἀσθενήσας

148 1041 278 1076 Ἀϐραὰμ
302 1040 340 1075 τῇ
357 1041 475 1073 πίστει,
505 1043 541 1068 οὺ
565 1042 731 1075 κατενόησε
764 1042 797 1069 τὸ
824 1041 934 1069 ἑαυτοῦ

141 1086 228 1122 σῶμα
247 1088 466 1122 νειιρούμενοιι’⁸
480 1087 526 1114 καὶ
547 1087 644 1114 πάλιν·
661 1087 734 1121 Τοὺς
746 1087 802 1123 γὰρ
817 1087 934 1122 πάντας

141 1132 221 1167 ἡμεῖς
244 1132 451 1167 φανερωθῆναι
467 1132 516 1159 δεῖ
534 1132 706 1167 ἔμπροσθεν
724 1133 774 1160 τοῦ
796 1133 934 1167 ,βήματος

141 1179 195 1206 τοῦ
210 1179 351 1213 Χριστοῦ,
366 1180 416 1206 ἵνα
435 1179 596 1214 κομίσηται
610 1179 740 1212 ἕκαστος
767 1180 804 1206 τὰ
819 1179 867 1207 διὰ
882 1180 933 1207 τοῦ

141 1225 290 1260 σώματος,
306 1226 382 1259 πρὸς
401 1225 420 1252 ἁ
433 1225 546 1260 ἔπραξε
556 1234 563 1240 ·
578 1226 626 1252 καὶ
639 1225 721 1252 πάλιν
731 1233 738 1241 υ
755 1226 790 1252 Al
800 1225 859 1259 μὲν
870 1226 934 1253 ἑπι-

141 1272 250 1298 στολαὶ
264 1272 383 1306 βαρεῖαι
401 1272 451 1298 καὶ
467 1271 599 1306 ἰσχυραὶ,
617 1272 637 1307 ἠ
658 1272 692 1298 δὲ
712 1273 866 1307 παρουσία
881 1272 934 1300 τοῦ

141 1317 280 1352 σώματος
291 1317 438 1351 ἀσθενής·
458 1319 505 1345 καὶ
522 1318 603 1345 πάλιν
614 1327 620 1334 ·
638 1316 711 1345 Οἶδα
728 1318 885 1352 ἄνθρωπον
900 1319 935 1346 ἐν

142 1363 258 1397 Χριστῷ
272 1364 328 1398 πρὸ
340 1363 416 1391 ἑτῶν
434 1363 676 1399 δεκατεσσάρων,
692 1364 753 1391 εἴτε
770 1365 805 1392 ἐν
822 1364 935 1400 σώματι

143 1410 199 1437 οὐκ
214 1408 289 1442 οῖδα,
303 1410 363 1437 εἴτε
383 1410 470 1443 ἐκτὸς
489 1411 543 1438 τοῦ
567 1410 704 1445 σώματος
718 1412 774 1438 οὐκ
790 1411 870 1439 οἷδιν
887 1411 935 1439 καὶ

144 1457 226 1484 πάλιν
238 1466 244 1472 ·
257 1457 358 1490 Οὕτως
380 1458 564 1492 ὀφείλουσιν
576 1458 603 1484 ol
618 1457 726 1492 ἄνδρες
742 1457 865 1492 ἀγαπᾷν
882 1459 935 1491 τὰς

144 1505 259 1532 ἑαυτῶν
282 1505 445 1540 γυναῖκας,
470 1506 510 1538 ὡς
529 1504 565 1532 τὰ
589 1504 706 1532 ἑαυτῶν
727 1505 864 1539 σώματα*
889 1505 935 1532 καὶ

144 1551 242 1579 πάλιν·
267 1552 364 1584 Αὐτὸς
384 1551 419 1578 δὲ
443 1553 460 1578 ὀ
491 1552 564 1585 Θεὸς
593 1551 649 1586 τῆς
669 1551 792 1585 εἰρήνης
813 1551 934 1586 ἁγιάσαι
948 1562 969 1590 C

115 1623 117 1626 γ
144 1597 222 1631 ὑμᾶς
238 1596 388 1630 ὀλοτελῶς
399 1604 406 1611 '
418 1597 468 1624 καὶ
478 1598 649 1631 ὀλόκληρον
661 1598 745 1632 ὑμῶν
758 1597 792 1624 τὸ
807 1597 935 1632 πνεῦμα,

145 1643 197 1670 καὶ
213 1643 232 1677 ὴ
251 1643 348 1677 ψυχὴ,
362 1643 411 1670 καὶ
427 1643 460 1670 τὸ
480 1643 565 1677 σῶμα
584 1644 743 1678 ἀμέμπτως
756 1643 791 1670 ὲν
804 1643 841 1678 τῇ
861 1651 936 1678 παρ-

143 1690 236 1724 ουσίᾳ
259 1690 313 1718 τοῦ
334 1690 445 1724 Κιιριου
468 1689 554 1724 ἡμῶν
579 1689 677 1724 Ἰησοῦ
696 1689 826 1724 Χριστοῦ
850 1698 937 1724 τηρη-

144 1737 222 1771 θείη.
237 1737 267 1763 Οἱ
286 1736 315 1763 δὲ
335 1736 465 1771 ἀσφαλῶς
478 1736 509 1762 οὺ
529 1736 677 1771 νοήσαντες
696 1735 798 1762 τούτων
821 1735 896 1763 οὐδὲν
908 1737 937 1763 ὲν

146 1783 220 1818 σάλῳ
235 1782 283 1810 καὶ
296 1783 402 1818 ταραχῇ
419 1781 551 1816 φέρεσθαι
576 1781 622 1808 τὸν
652 1781 812 1809 Ἀπόστολον
834 1782 937 1809 ὑπέλα-

146 1829 202 1861 ϐον,
214 1828 252 1860 ὡς
265 1829 360 1855 στάσιν
374 1828 456 1854 αὑτοῦ
474 1827 523 1860 τὰς
538 1827 693 1864 διανοήσεις
712 1827 766 1854 τῶν
782 1827 869 1862 λόγων
889 1828 936 1855 καὶ

981 271 1032 289 non
1048 262 1165 289 introibit
1182 264 1322 296 sapientia,
1340 271 1386 290 nec
1400 262 1530 289 habitabit
1554 262 1580 288 in
1599 269 1661 296 corp
1680 270 1706 288 re
1723 262 1769 288 ab-

980 308 1060 335 noxio
1073 314 1190 343 peccato.

1018 353 1069 382 Sed
1083 359 1110 382 et
1123 353 1195 389 apud
1210 352 1347 382 Danielem
1359 354 1397 381 ita
1410 353 1444 381 de
1457 353 1624 390 martyribus
1638 353 1770 388 soriptnm

980 405 1022 428 est.
1038 409 1045 427 :
1067 399 1129 427 Non
1142 400 1294 426 dominatus
1311 405 1349 426 est
1366 400 1392 426 in
1407 399 1515 426 illorum
1537 407 1632 434 corpus
1651 399 1731 434 ignis,
1746 405 1770 425 et

980 447 1092 482 capillus
1106 447 1199 481 capitis
1213 446 1322 473 illorum
1336 454 1388 473 non
1402 447 1469 473 arsit
1486 446 1506 472 '.
1522 445 1586 473 Item
1606 446 1632 472 in
1650 445 1771 479 Evange-

981 492 1018 520 lio
1034 492 1168 520 Dominus
1182 501 1189 518 :
1205 491 1347 526 Propterea
1366 491 1425 519 dico
1441 491 1513 518 vobis
1527 498 1535 517 :
1552 490 1643 517 Nolite
1661 490 1772 518 solliciti

979 546 1036 565 esse
1052 538 1114 573 quid
1135 537 1342 570 manducabilis,
1359 541 1406 564 aut
1420 536 1482 573 quid
1505 537 1660 565 induamini.
1677 535 1773 564 Nonne

981 584 1072 611 anima
1089 583 1172 618 pluris
1187 588 1319 618 estquam
1335 591 1405 616 esca,
1431 587 1456 609 et
1482 591 1576 617 corpus
1595 590 1674 617 quam
1696 583 1773 610 vesti-

981 634 1097 656 mentum
1110 629 1140 656 7?
1158 629 1213 656 Nec
1238 629 1330 656 minus
1357 629 1505 665 Apostolus
1523 629 1565 656 his
1591 628 1681 656 verbis
1702 638 1708 655 :
1732 628 1773 656 Ne

980 675 1062 711 igitur
1080 680 1168 711 regnet
1189 681 1325 710 peccatum
1345 676 1372 703 in
1399 675 1508 703 mortali
1526 680 1610 702 vestro
1631 683 1739 709 corpore
1750 675 1772 707 ⁸,

981 729 1081 757 corpus
1103 730 1133 750 se
1153 722 1188 750 de
1212 730 1254 753 eo.
1271 730 1325 758 quo
1346 721 1506 750 circumdati
1524 729 1630 753 sumus.
1648 722 1773 756 accipere

981 767 1167 802 demonstrat;
1188 775 1221 795 ac
1234 775 1345 796 rursum
1363 776 1370 794 :
1388 766 1466 802 Quod
1481 768 1504 795 si
1517 767 1633 802 Spiritus
1647 768 1714 803 ejus,
1727 768 1773 802 qui

982 814 1120 841 suscitavit
1146 814 1249 847 leum,
1275 814 1378 842 habitat
1398 815 1426 841 in
1448 813 1541 846 vobis;
1565 815 1610 849 qui
1636 814 1774 841 suscitavit

982 859 1116 886 Christum
1134 868 1151 887 α
1177 861 1299 893 mortuis,
1314 859 1456 895 viviﬁcabit
1477 865 1502 887 et
1522 860 1647 887 mortalia
1663 868 1774 894 corpora

984 905 1101 932 vestra”.
1117 905 1186 932 Tum
1197 906 1338 934 alioloco:
1354 906 1562 941 Sidia'eritpee:
1578 905 1710 939 Quoniam
1722 915 1774 933 non

985 960 1042 978 sum
1060 960 1166 982 manus.
1176 952 1255 987 581
1269 961 1321 979 non
1335 960 1392 980 sum
1404 961 1437 980 ea:
1447 960 1573 987 corpore;
1584 961 1634 980 non
1649 953 1707 980 ideo
1723 961 1774 981 non

982 1001 1022 1023 est
1035 1004 1067 1023 ea;
1074 999 1184 1032 corpore'
1199 998 1229 1024 ιθ.
1242 997 1306 1024 Item
1329 1008 1335 1025 z
1358 997 1392 1024 Et
1409 1007 1460 1025 non
1478 999 1627 1033 infirmatus
1640 998 1774 1026 Abraham

984 1042 1055 1076 fide.
1081 1050 1134 1069 non
1148 1042 1333 1070 animadvertit
1359 1051 1453 1077 corpus
1484 1051 1561 1071 suum
1585 1049 1718 1071 mortuum
1741 1044 1773 1071 “.

985 1087 1109 1115 Deinde:
1128 1087 1200 1115 Nam
1216 1097 1263 1116 nos
1286 1097 1373 1116 omnes
1399 1089 1566 1124 manifestari
1590 1094 1692 1124 oportet
1714 1095 1775 1117 ante

986 1133 1103 1161 tribunal
1123 1133 1241 1166 Christi,
1269 1140 1297 1161 ut
1323 1135 1419 1168 referat
1445 1135 1622 1171 unusquisque
1646 1144 1704 1171 quae
1728 1144 1775 1169 per

983 1188 1094 1214 corpus,
1121 1180 1264 1207 secundum
1291 1189 1349 1216 qua:
1371 1182 1451 1217 gessit
1481 1182 1510 1208 ".
1529 1182 1594 1210 ltem
1615 1191 1623 1209 :
1648 1181 1775 1217 Epistula:

984 1227 1089 1262 quidem
1117 1235 1208 1262 graves
1238 1232 1264 1254 et
1289 1227 1386 1262 fortes,
1411 1229 1553 1263 mittentia
1575 1237 1634 1256 vero
1659 1230 1775 1264 corporis

985 1272 1118 1300 imbecilla
1133 1274 1163 1301 ¹³.
1180 1273 1219 1300 Ad
1238 1274 1296 1301 hate
1309 1284 1316 1301 :
1333 1274 1394 1302 Scio
1413 1275 1542 1302 hominem
1555 1275 1581 1302 in
1595 1275 1700 1303 Christo
1716 1283 1775 1304 ante

985 1325 1068 1344 annos
1083 1319 1290 1352 quatuordecim,
1304 1321 1357 1347 sive
1379 1321 1404 1347 in
1424 1329 1531 1355 corpore
1548 1323 1645 1356 nescio,
1660 1324 1714 1350 sire
1729 1332 1775 1351 ea:-

986 1367 1027 1389 tra
1042 1371 1136 1398 corpus
1159 1365 1244 1392 nescio
1259 1365 1291 1392 “.
1312 1365 1376 1393 Item
1395 1376 1401 1393 :
1423 1367 1468 1394 Sic
1489 1367 1580 1395 debent
1596 1370 1644 1395 viri
1666 1369 1775 1404 diligere

985 1416 1080 1436 uxores
1094 1418 1167 1441 suas.
1185 1415 1309 1446 tanquam
1325 1419 1374 1439 sua
1387 1420 1497 1447 corpora
1508 1413 1539 1442 ¹⁵.
1548 1413 1680 1442 Praeterea
1696 1415 1775 1451 :Ipse

986 1460 1074 1482 autem
1087 1455 1158 1484 Deus
1171 1458 1244 1491 pacis
1264 1459 1413 1493 sancti/ioc:
1428 1468 1473 1487 vos
1487 1461 1589 1494 penitus
1601 1469 1610 1494 ,'
1631 1467 1655 1489 et
1677 1463 1775 1498 integer

985 1506 1068 1529 vester
1080 1503 1200 1536 spiritus,
1221 1508 1245 1530 et
1266 1504 1356 1531 anima
1380 1509 1405 1532 et
1428 1513 1522 1540 corpus
1545 1508 1600 1534 sine
1623 1509 1728 1543 querela
1747 1510 1775 1536 in

986 1549 1098 1576 adventu
1127 1549 1233 1576 Domini
1257 1551 1342 1578 nostri
1359 1550 1425 1579 Jesu
1449 1552 1548 1580 Christi
1566 1561 1681 1582 seruetur
1698 1556 1728 1584 “.
1741 1557 1777 1585 At

986 1594 1033 1629 qui
1060 1594 1128 1622 nihil
1157 1595 1253 1622 horum
1288 1602 1415 1625 accurate
1445 1598 1617 1634 intelligunt,
1645 1600 1777 1630 ﬂuctuare

986 1640 1146 1676 Apostolum
1165 1649 1196 1668 ac
1213 1643 1370 1677 perturbate
1383 1643 1447 1672 ferri
1459 1645 1628 1680 iudicarunt,
1644 1651 1776 1684 tanquam

986 1686 1060 1715 illius
1078 1694 1175 1714 sensus
1195 1695 1226 1715 ac
1243 1688 1388 1716 verborum
1405 1693 1546 1720 sententia
1562 1694 1709 1723 stabilitate
1727 1696 1776 1723 tir-

988 1733 1136 1769 mitateque
1160 1735 1269 1769 penitus
1302 1741 1440 1771 carerent,
1469 1746 1556 1774 eaque
1589 1742 1778 1776 pronuntiaret

989 1790 1049 1817 qua:
1066 1783 1182 1811 subinde
1200 1788 1423 1819 retractarentur,
1440 1786 1514 1814 velut
1532 1787 1669 1816 interdum
1686 1798 1779 1818 resur-

989 1837 1052 1864 gere
1066 1837 1188 1862 carnem,
1209 1830 1345 1859 interdum
1359 1841 1413 1860 non
1427 1842 1578 1869 resurgere.

148 1875 228 1911 ἕδραν
241 1876 292 1903 οὐκ
313 1875 439 1911 ἐχούσας,
455 1875 524 1902 ἀλλὰ
550 1875 738 1908 ἀναπλεούσας
763 1875 820 1903 ἄνω
838 1876 885 1903 καὶ
905 1876 992 1910 κάτω,
1012 1878 1060 1904 καὶ
1089 1877 1237 1914 όμιλούσας
1263 1880 1448 1917 παλίμφημα,
1475 1883 1519 1909 ὁτὲ
1541 1883 1591 1918 μὲν
1618 1883 1668 1919 τὴν
1688 1885 1780 1921 σάρκα

147 1922 317 1954 ἀνίστασθαι,
333 1922 378 1948 ὁτὲ
399 1921 428 1948 δὲ
450 1921 500 1948 οὐκ
521 1921 690 1949 ἀνίστασθαι.

183 1968 246 1994 ΝΕ¹.
262 1967 344 1994 Ὅθεν
358 1967 402 1994 ἶνα
428 1967 466 2003 μὴ
484 1967 658 2003 παραλειφθῇ
671 1967 725 1994 τῶν
746 1967 937 2004 προταθὲντων

149 2013 217 2049 μηδὲ
232 2013 271 2044 ἓν,
284 2013 360 2044 ὅπως
370 2012 470 2045 τελέως
485 2013 661 2049 ἑκτέμνωμεν
672 2013 766 2049 ὕδραν,
781 2015 821 2046 εἰς
831 2014 860 2042 τὺ
872 2023 939 2051 προ-

148 2059 275 2095 κείμενον
296 2058 377 2085 πάλιν
394 2059 623 2095 ὲπανελεύσομαι.
642 2060 757 2095 Ἔφεξῆς
773 2060 837 2097 γὰρ,
854 2061 940 2088 καθά-

148 2113 202 2139 περ
213 2103 380 2138 ὑπεσχόμην,
393 2104 440 2130 καὶ
451 2104 484 2131 τὰ
495 2103 563 2131 ἄλλα
574 2104 778 2141 προσαποροξσι
793 2105 937 2139 κεφάλαια.

149 2148 232 2182 Αὖθις
247 2148 293 2176 οὖν
312 2150 359 2176 καὶ
374 2149 392 2177 ἃ
407 2150 459 2186 χρὴ
476 2149 546 2185 πρὸς
562 2150 632 2177 αὐτὰ
645 2150 772 2185 λέγεσθαι
784 2151 938 2184 ἀποδείξας,

1021 1968 1076 1996 LV.
1094 1969 1275 2002 Quamobrem
1295 1978 1330 1997 ne
1345 1971 1386 1997 vel
1403 1971 1514 1999 minima
1530 1980 1593 2007 pars
1607 1981 1700 2001 eorum
1716 1984 1778 2011 qua

986 2016 1124 2051 proposita
1149 2019 1222 2048 sunt,
1244 2016 1485 2051 praetermittatur,
1512 2023 1594 2054 atque
1615 2024 1644 2047 ut
1662 2021 1776 2057 hydram

986 2061 1072 2095 ipsam
1088 2064 1199 2088 omnino
1218 2062 1402 2095 succidamus,
1420 2063 1453 2090 ad
1469 2064 1495 2091 id
1510 2065 1583 2099 quod
1598 2071 1656 2094 erat
1674 2075 1776 2104 propo-

987 2108 1069 2134 situm
1095 2111 1227 2135 revertar.
1249 2107 1383 2144 Deinceps
1408 2109 1492 2142 cnim,
1504 2115 1534 2138 ut
1553 2113 1733 2145 ostendimus,
1749 2119 1777 2142 et

987 2153 1014 2180 in
1029 2153 1090 2180 aliis
1104 2153 1267 2188 quibusdam
1288 2155 1424 2190 capitibus
1439 2156 1635 2186 dubitationem
1655 2167 1776 2189 movent.

148 2195 282 2223 ἀκόλουθα
296 2196 465 2232 παραστήσω
478 2196 568 2223 αὐτῶν
590 2195 598 2211 ¹
616 2197 662 2223 καὶ
677 2197 810 2232 σύμφωνα
831 2198 870 2229 εἰς
887 2197 934 2233 τὴν

988 2199 1083 2234 itaque
1098 2200 1180 2227 simul
1192 2204 1275 2235 atque
1293 2201 1526 2237 demonstravero,
1541 2212 1664 2240 quamam
1680 2207 1777 2236 adver-

149 2242 212 2276 περὶ
231 2242 280 2277 τῆς
304 2241 479 2272 ἀναστάσεως
491 2241 541 2276 τῆς
565 2242 666 2278 σαρκὸς
682 2242 774 2269 πίστιν
793 2243 841 2270 καὶ
866 2243 936 2270 αὐτὰ

148 2287 285 2322 εἰρηκότα.
303 2287 402 2322 Ἴωμεν
413 2287 445 2323 δὴ
461 2284 507 2313 οὖν
527 2288 538 2302 ¹
557 2287 575 2314 ἃ.
584 2288 615 2315 τὸ
631 2289 738 2324 πρῶτον
749 2290 788 2322 εἰς
801 2290 846 2316 τὸν
859 2290 937 2316 ’Δπόε

150 2334 241 2360 στολου
258 2333 435 2369 προήχθημεν
461 2333 559 2360 εἰπεῖν.
582 2334 618 2360 Τὸ
639 2334 704 2370 γὰρ,
724 2336 798 2371 Ἐγὼ
814 2336 849 2362 δὲ
866 2335 938 2366 ἐζων

148 2380 238 2414 χωρὶς
256 2380 349 2414 νόμου
367 2379 455 2412 ποτὲ,
482 2379 577 2415 λεχθὲν
598 2381 672 2417 αὐτῷ
695 2381 761 2412 ἄνω.
787 2381 835 2417 τὴν
857 2382 886 2409 ἐν
899 2382 938 2417 τῷ

149 2425 315 2460 παραδείσῳ,
327 2425 454 2457 καθάπαξ
471 2425 481 2441 ³
497 2425 526 2459 ἐξ
539 2426 626 2462 ἀρχῆς
641 2427 809 2463 ὑπεθέμεθα,
825 2428 877 2463 πρὸ
887 2427 938 2462 τῆς

148 2470 258 2505 ἐντολῆς
270 2491 277 2501 ,
304 2470 354 2496 οὐκ
366 2471 445 2503 ἐκτὸς
467 2471 593 2507 σώματος
604 2493 612 2505 ,
632 2473 700 2500 ἀλλὰ
717 2474 786 2509 μετὰ
811 2474 936 2510 σώματος

149 2516 226 2551 ήμῶν
244 2518 272 2543 ἐν
296 2518 353 2548 τοῖς
380 2518 604 2552 πρωτοπλάστοις
618 2519 756 2555 διαγωγὴν
779 2522 935 2556 παρεγγυᾷ.

155 2561 263 2597 Ἐπειδὴ
282 2562 334 2596 πρὸ
358 2562 405 2589 τοῦ
421 2562 532 2598 δοθῆναι
551 2565 601 2600 τὴν
619 2565 739 2600 ἐντολὴν,
755 2565 820 2600 χοῦν
835 2567 849 2592 ὁ
871 2566 937 2597 θεὸς

148 2608 202 2634 ἀπὸ
217 2608 267 2643 τῆς
283 2608 334 2643 γῆς
348 2608 448 2640 λαϐὼν,
470 2609 570 2636 ἔπλασε
584 2610 629 2636 τὸν
644 2610 787 2646 ἄνθρωπον
798 2619 804 2625 “
817 2611 895 2642 ἐκτός
907 2620 936 2637 τε

148 2654 296 2689 ἐπιθυμίας
311 2654 451 2690 διήγομεν,
466 2656 496 2682 οὐ
513 2656 692 2690 γινώσκοντες
707 2657 774 2688 ὅλως
789 2657 936 2693 ἐπιθυμίας

148 2699 245 2734 ἀλόγου
272 2701 434 2736 προσϐολαῖς
456 2701 476 2734 ⁵,
509 2702 672 2738 βιαζομένης
699 2703 772 2738 ἡμᾶς
798 2703 935 2736 ἑλκτικαῖς

151 2746 250 2781 ἡδονῶν
266 2750 452 2782 περιαγωγαῖς
466 2748 535 2784 πρὸς
549 2749 695 2784 ἀκρασίαν.
706 2749 741 2775 Τὸ
756 2749 810 2785 γὰρ
824 2750 862 2785 μὴ
874 2749 936 2785 ἕχον

190 2813 198 2829 ¹
219 2813 248 2841 F.
266 2814 355 2841 αὐτόν.

150 2849 160 2864 ⁷
180 2849 272 2876 Matth.
291 2857 328 2879 VI.
348 2849 393 2876 23.

151 2883 194 2911 10.
234 2885 254 2900 ¹³
267 2885 286 2912 ll
305 2885 368 2911 Cor.
385 2893 411 2917 ι,
431 2885 473 2912 l0.
532 2886 553 2902 “
567 2887 586 2913 ll
603 2887 666 2915 Cor.
684 2895 732 2920 xtl,
749 2888 776 2914 2.

311 2945 441 2977 Ρλτιιοι..
468 2946 527 2977 Gn.
545 2947 625 2978 XL].

406 2815 415 2830 '
432 2814 512 2842 Deest
539 2816 582 2850 ἐφ’
599 2816 641 2844 vel
655 2817 704 2848 εἰς.

745 2816 756 2852 ξ
774 2817 836 2845 Cor.
859 2817 994 2852 καθάπερ.

430 2850 441 2865 ⁸
457 2850 535 2878 Rom.
559 2860 597 2881 vr.
621 2854 664 2879 1'2.
703 2852 713 2867 °
741 2851 821 2880 Rom.
841 2861 901 2881 vm.
929 2850 975 2881 H.’
1014 2853 1060 2879 “’l

431 2885 473 2912 l0.
532 2886 553 2902 “
567 2887 586 2913 ll
603 2887 666 2915 Cor.
684 2895 732 2916 xu.
749 2888 776 2914 2.
835 2888 854 2904 ¹¹²
871 2887 970 2916 Enhes.
992 2894 1019 2916 ν.
1032 2888 1067 2916 28

896 2907 970 2923 λινιυυι
997 2907 1004 2914 π
1012 2907 1019 2920 ι
1034 2907 1077 2916 -υ-

985 2254 1032 2274 sus
1050 2245 1094 2273 illa
1116 2246 1232 2281 proponi
1251 2247 1377 2279 debeant,
1398 2248 1487 2282 palam
1508 2249 1580 2277 istud
1607 2250 1705 2279 faciam
1723 2254 1778 2281 :de

984 2291 1196 2320 resurrectionis
1224 2293 1315 2321 carnis
1357 2293 1408 2321 ﬁde
1437 2302 1619 2324 consentanea
1646 2298 1720 2326 illum
1744 2307 1777 2328 ac

985 2337 1179 2376 consequentia
1193 2337 1306 2366 dixisse.
1326 2338 1447 2367 Primum
1471 2340 1555 2376 igitur
1569 2342 1602 2370 ad
1622 2343 1668 2370 illa
1683 2346 1776 2373 venia-

986 2391 1057 2415 mus,
1071 2391 1132 2418 qua:
1145 2383 1325 2419 de'Apostolo
1344 2385 1499 2420 injecimus.
1525 2387 1592 2415 Nam
1607 2389 1680 2424 quod
1693 2390 1726 2418 ab
1743 2399 1776 2419 eo

987 2434 1065 2456 antea
1082 2429 1185 2456 dictum
1208 2435 1260 2462 est,
1285 2430 1340 2466 Ego
1363 2439 1422 2458 vero
1445 2433 1560 2460 vivebam
1575 2435 1631 2462 sine
1648 2435 1702 2471 lege
1721 2437 1776 2464 ali-

985 2475 1089 2509 quando
1107 2476 1138 2508 ",
1151 2476 1233 2513 vita-tn
1248 2476 1322 2504 illam
1341 2478 1471 2511 ostendit,
1483 2488 1564 2516 quam
1580 2481 1607 2509 in
1621 2482 1716 2517 primis
1731 2492 1777 2511 no-

985 2521 1051 2547 stris
1068 2522 1224 2555 parentihus
1248 2527 1311 2550 autc
1335 2529 1499 2560 praeceptum
1522 2527 1564 2562 (ut
1588 2527 1666 2556 initio
1681 2529 1777 2557 docui--

986 2569 1057 2598 Inus)
1074 2569 1100 2595 in
1117 2571 1243 2604 paradiso
1260 2571 1398 2603 duximus,
1420 2580 1473 2599 non
1495 2577 1571 2600 extra
1595 2582 1705 2610 corpus,
1729 2577 1776 2604 sed

987 2613 1014 2641 in
1029 2621 1143 2649 corpore
1159 2614 1244 2642 fuisse
1260 2621 1436 2644 transactam.
1453 2618 1523 2646 Ante
1540 2619 1612 2646 enim
1628 2627 1708 2655 quam
1722 2623 1778 2649 odi-

989 2663 1061 2686 ctum
1079 2659 1199 2692 daretur,
1221 2661 1284 2688 limo
1301 2662 1335 2690 de
1357 2667 1429 2690 terra
1450 2669 1558 2699 sumpto
1577 2667 1712 2694 hominem
1733 2668 1775 2694 ol-

991 2706 1084 2739 lmxit;
1113 2714 1144 2733 ac
1165 2711 1222 2734 tum
1249 2707 1284 2735 ab
1299 2709 1372 2735 omni
1396 2711 1544 2745 cupiditate
1569 2712 1646 2740 liberi
1668 2714 1777 2741 viveba-

990 2759 1051 2779 mus
1064 2774 1071 2784 ,
1088 2760 1149 2779 cum
1166 2753 1271 2780 ratione
1289 2753 1427 2782 destituta:
1450 2756 1620 2791 cupiditatis,
1639 2766 1700 2793 quze
1725 2767 1776 2788 nos

1046 2817 1060 2857 ξ
1129 2818 1289 2857 προσὸολᾲς.
1317 2821 1429 2857 Π⁵ᾃ8ιιμ
1448 2830 1467 2854 ι,
1482 2822 1508 2849 ι.
1561 2824 1571 2839 ⁸
1587 2823 1653 2852 Dan.
1675 2833 1713 2857 ιιι,
1730 2826 1775 2853 Μ,

1014 2853 1209 2894 “AlnCorL'uLt.
1233 2855 1274 2881 15.
1315 2853 1479 2894 ηῆοιίιην,
1496 2859 1535 2885 l9.
1577 2860 1597 2874 "
1615 2859 1634 2886 ll
1657 2853 1722 2888 Cor.
1747 2868 1773 2894 ν,

1127 2889 1147 2905 ¹⁶
1161 2888 1277 2918 lThess.
1292 2899 1318 2924 v,
1343 2891 1388 2919 25.
1430 2893 1449 2908 ”
1467 2893 1545 2921 Rom.
1562 2901 1610 2922 vn.
1625 2896 1652 2922 9.

1577 2951 1615 2981 3'1
