1958 3050
197 121 266 150 "65

510 119 692 149 ADVERSUS
711 119 881 149 llAﬂRESES
901 121 962 149 LIB.
985 121 1018 149 ll.
1038 121 1120 150 TOM.
1139 123 1161 150 i.
1178 137 1211 143 —
1230 120 1366 152 llA‘lllES.
1388 120 1479 151 [ΧΠ.

1742 126 1809 154 “66

231 180 263 206 Τί
277 177 323 206 οὖν
337 179 368 206 τὸ
382 178 482 214 ἀγαθὸν
500 179 561 214 ἐμοὶ
575 179 682 212 ἐγένετο
696 179 818 212 θάνατος,
832 180 847 207 ὃ
861 179 907 207 τοῦ
927 189 973 216 με-

1062 180 1217 216 Cur.igitur
1239 181 1312 217 quod
1337 181 1437 209 bonum
1456 185 1509 214 est,
1525 181 1605 209 morti
1635 181 1701 209 mihi
1727 187 1809 218 atque

194 225 288 259 γίστου
307 224 407 260 ὁμοίως
428 223 513 250 αῑτιον
535 223 662 258 ἐσόμενον
683 225 785 258 ἀγαθοῦ
803 225 974 261 νομοθέτημα

194 270 288 304 ὲδόθης
304 269 350 304 Μὴ
363 269 481 303 γένοιτοι
497 269 557 296 Ὅτι
570 269 608 305 μὴ
623 271 639 305 ἡ
653 269 746 305 ἐντολὴ
757 269 804 296 τοῦ
814 269 881 296 Θεοῦ
892 270 933 302 εἰς
945 269 975 297 τὸ

194 314 429 350 κατῶουλωθῆναί
447 323 481 350 με
494 315 601 349 ἐγένετο
613 317 646 352 τῇ
665 315 763 352 φθορᾷ,
777 315 824 342 καὶ¹
838 315 974 351 ἐναπομά-

195 361 290 393 ξασθαι
308 361 395 396 κῆρας
417 361 527 397 ὀλέθρου
545 362 648 394 αἰτίας”
670 361 739 389 ἀλλά
759 363 773 388 6
794 361 916 393 διάϐολος
933 362 975 389 ἴνα

194 408 338 444 φανερωθῇ
351 407 395 434 διὰ
414 407 460 434 τοῦ
475 408 577 442 ἀγαθοῦ
592 408 622 435 τὸ
635 409 719 436 κακὸν
730 409 792 444 ἐμοὶ
807 408 976 436 κατασκευά-

195 461 253 485 σας,
271 453 316 480 ἵνα
328 453 455 488 γένηται,
470 454 518 480 καὶ
532 453 646 489 ἐλεγχθῇ
661 453 721 481 καθ’
737 454 888 490 ὑπερεολὴν
901 456 915 481 6
931 455 976 481 εὐ-

194 498 274 534 ρετὴς
305 498 352 525 καὶ
372 499 478 526 τέκτων
499 499 549 533 τῆς
575 499 712 535 ἁμαρτίας
736 499 906 535 ἁμαρτωλὸς,
929 501 976 527 καὶ

193 543 313 580 διορισθῇ
330 544 384 571 ἀπὸ
404 544 451 571 τοῦ
472 544 557 571 κακοῦ
580 545 708 571 τάναντία
729 545 779 580 τῆς
799 545 907 581 ἐντολῆς
928 546 975 572 τοῦ

192 589 260 617 θεοῦ
282 590 490 626 ἐπιτροπεύσας.
512 590 629 625 Οἴδαμεν
649 590 713 626 γὰρ,
729 590 771 617 ὅτι
790 592 804 617 6
825 591 904 627 νόμος
917 592 976 619 ἐστὶ

192 637 393 672 πνευματικός·
412 636 451 664 διὸ
471 637 519 664 καὶ
533 637 593 664 κατ’
613 637 687 664 οὐδὲν
708 637 792 664 αῐτιον
808 637 910 674 βλάϐης
928 639 975 666 οὑ-

191 680 257 708 δενί.
281 681 379 717 Πόρῥω
403 682 457 718 γὰρ
483 682 630 718 ἐπιθυμίας
652 682 750 716 ἀλόγου
773 683 819 709 καὶ
839 684 976 720 ἁμαρτίας

193 727 345 764 ὲσκήνωται
358 727 393 755 τὰ
404 729 584 764 πνευματικά.
605 728 675 763 Ὲτὼ
692 729 727 756 δὲ
748 730 891 764 σάρκινός
907 732 975 765 ειμι,

193 773 382 808 πεπραμένος
405 773 465 800 ὑπὸ
493 774 551 807 τὴν
573 775 727 809 ἁμαρτίαν-δ
752 773 831 808 Οἴον,
847 776 917 810 Ἐγὼ
942 776 976 803 δὲ

193 817 339 852 σάρκινος
355 819 407 851 ὢν,
432 820 479 846 καὶ
491 819 519 846 ὲν
533 820 607 855 μέσῳ
622 819 669 846 τοῦ
685 820 801 857 πονηροῦ
817 822 863 848 καὶ
874 822 975 856 ἀγαθοῦ

193 864 384 896 κατασταθεὶς,
403 865 442 896 ὡς
462 865 642 898 αὐτεξούσιος,
658 865 690 892 ἵν’
703 866 746 892 ἐπ’
764 866 825 901 ἐμοὶ
839 866 946 894 ἑλέσθαι
958 867 972 893 ὃ

192 908 321 946 βούλομαι
382 911 513 946 (Τέθεικα
537 912 606 946 γὰρ.
633 912 714 947 φησὶ,
732 913 789 947 πρὸ
812 912 972 946 προσώπου

193 965 251 984 σου
273 956 330 990 τὴν
346 956 422 991 ζωὴν
442 956 491 984 καί
507 957 560 984 τὸν
574 957 724 992 θάνατον)·
744 959 841 990 νεύσας
861 957 929 993 πρδς
943 958 973 985 τὸ

193 1003 365 1038 παρακοῦσαι
390 1003 438 1038 μὲν
460 1003 507 1030 τοῦ
530 1004 712 1039 πνευματικοῦ
734 1004 827 1040 νόμον,
849 1001 905 1031 οἷον
923 1003 972 1040 τῆς

193 1048 313 1084 ἐντολῆς,
336 1049 488 1076 ὑπακοῦσαι
507 1049 536 1076 δὲ
555 1049 602 1076 τοῦ
626 1050 734 1082 ὑλικοῦ,
753 1047 809 1090 οἷον
822 1050 869 1077 τοῦ
885 1050 972 1085 ὄφεως

192 1096 241 1130 τὴν
255 1095 427 1131 συμϐουλίαν,
441 1095 586 1132 πέπραμαι
599 1096 643 1123 διά
659 1096 707 1132 τὴν
719 1096 844 1133 τοιαύτην
856 1096 971 1132 αἵρεσιν,

193 1140 283 1168 πεσὼν
299 1141 350 1167 ὑπὸ
372 1141 526 1177 ἁμαρτίαν,
546 1141 584 1177 τῷ
606 1141 728 1177 διαϐόλῳ,
744 1141 826 1168 Ὅθεν
847 1141 973 1169 ἐντεῦθεν

131 1185 134 1188 λ
192 1186 374 1222 πολιορκῆσάν
391 1195 424 1222 με
445 1187 476 1213 τὸ
490 1187 574 1214 κακὸν
595 1187 721 1220 ὲνιζάνει,
738 1187 787 1214 καὶ
799 1187 973 1223 ἐμπολιτεύε-

192 1240 238 1259 ut
254 1232 427 1259 είσοικεϊσθαι
443 1232 472 1259 ὲν
484 1233 517 1267 τῇ
533 1232 614 1268 σαρκί
627 1241 688 1268 μου,
701 1233 826 1268 καθάπερ
840 1233 930 1269 κηφὴν
943 1234 972 1260 ὲν

192 1278 280 1313 κηρίῳ
297 1278 426 1314 μελίσσης
437 1278 649 1314 περιιπτάμενθς
661 1278 789 1311 πολλάκις
802 1279 866 1316 περὶ
881 1279 971 1311 αὑτὸν,

193 1323 240 1349 καὶ
256 1323 380 1358 βομϐῶν·
393 1323 471 1359 δίκης
483 1323 654 1359 ἐπιτεθείσης
671 1333 715 1359 μοι
729 1324 778 1359 τὴν
791 1325 899 1359 ἐντολὴν
913 1324 973 1351 ἀθε-

192 1369 305 1403 τήσαντι
327 1369 463 1404 πραθῆναι
479 1369 518 1404 τῷ
541 1369 627 1404 κακῷι
653 1370 698 1396 Διὸ
713 1369 760 1397 καὶ
774 1370 804 1396 οὑ
819 1369 944 1406 γινώσκω
957 1370 972 1396 ὃ

193 1415 412 1451 κατεργάζομαι,
433 1415 605 1451 λογιζόμενος
625 1416 639 1442 ὂ
654 1416 691 1453 μὴ
705 1416 783 1444 θέλω.
799 1416 835 1444 Τὸ
849 1417 914 1453 γὰρ.
936 1417 971 1445 Ὃ

193 1460 399 1495 κατεργάζομαι
411 1463 447 1488 οὐ
459 1461 593 1496 γινώσκω
601 1481 609 1493 ,
624 1461 672 1488 καὶ
687 1461 760 1489 ποιῶ
772 1461 787 1488 ὅ
799 1461 889 1496 μισῶ,
900 1461 973 1496 λεγό-

193 1516 289 1542 μενον,
304 1507 354 1534 οὐκ
369 1507 415 1534 ἐπὶ
436 1508 483 1534 τοῦ
498 1507 720 1543 τελεσιουργῆσαι
736 1507 766 1534 τὸ
790 1507 901 1542 φαῦλον,
925 1508 972 1534 καὶ

192 1552 288 1588 δρᾶσαι
305 1552 514 1588 παραληπτέον,
531 1552 587 1579 ἀλλ’
610 1553 658 1579 ἐπὶ
681 1552 729 1580 τοῦ
754 1553 832 1588 μόνον
854 1553 972 1588 ἐνθυμη-

990 852 1011 880 Β

1025 225 1110 252 exitio
1139 225 1201 257 fuit,
1230 226 1329 261 lexque
1355 227 1400 254 illa
1423 227 1573 254 constituta
1597 227 1662 254 milii
1678 232 1732 260 est,
1749 237 1810 263 qum

1025 271 1139 306 perinde
1165 272 1261 307 ingens
1291 272 1356 300 mihi
1383 272 1554 300 commodum
1578 275 1671 308 posset
1698 274 1810 300 nll‘errc?

1024 316 1120 344 Absit!
1133 316 1200 344 Nam
1216 317 1339 345 divinum
1354 318 1420 345 illud
1435 318 1593 346 mandatum
1607 326 1661 346 non
1674 326 1707 347 eo
1717 319 1808 346 datum

1026 366 1080 394 est,
1097 366 1126 389 ut
1142 363 1169 390 in
1184 364 1390 398 corruptionem
1414 364 1488 391 velut
1513 365 1672 392 servitutem
1690 365 1810 392 incurre-

1024 415 1094 439 rent.
1107 415 1201 443 eatque
1222 408 1288 435 milii
1311 408 1386 436 labes
1402 409 1587 441 inurercntur,
1602 417 1662 444 quin
1676 409 1703 436 in
1717 413 1809 437 extre-

1025 461 1097 481 mam
1114 454 1262 489 perniciem
1287 454 1467 489 conjicerent,
1484 455 1532 482 sed
1557 459 1586 482 ιιι
1596 455 1744 488 diabolum,
1761 463 1809 491 per

1025 498 1052 525 id
1067 498 1139 533 quod
1151 498 1252 526 bonum
1264 504 1315 531 est,
1332 499 1434 526 malum
1450 499 1514 526 mihi
1529 500 1670 534 perspicue
1685 498 1807 528 molitum

1024 551 1087 571 esse
1102 548 1252 576 constaret,
1279 548 1360 579 atque
1386 548 1416 570 ut
1445 544 1568 572 inventor
1588 545 1632 573 ille
1658 546 1759 580 peccati
1780 549 1809 572 et

1024 589 1190 617 architectus
1224 589 1367 618 excellenti
1397 589 1513 625 quadam
1543 590 1650 618 ratione
1680 596 1807 627 peccator

1024 639 1110 667 esset,
1136 639 1218 671 atque
1242 643 1304 663 esse
1328 635 1592 670 deprehenderetur,
1609 641 1637 664 et
1651 644 1666 664 a
1682 637 1753 665 bono
1767 645 1808 666 sc-

1023 682 1186 718 jungeretur
1200 682 1224 710 is
1239 681 1287 717 qui
1301 681 1401 710 divinae
1411 682 1462 717 legi
1470 683 1608 711 contraria
1621 689 1806 718 procurasset.

1025 726 1179 762 Spiritalcm
1196 726 1269 754 enim
1283 726 1368 762 legem
1393 734 1455 754 esse
1478 727 1617 761 novimus,
1634 728 1748 764 idecque
1761 737 1808 756 ne-

1024 773 1092 800 mini
1106 780 1170 801 esse
1183 773 1272 800 fraudi
1285 773 1339 800 ulla
1353 772 1380 800 in
1395 780 1425 800 re
1450 780 1541 808 posse,
1569 781 1631 801 cum
1648 774 1682 801 ab
1697 780 1807 809 experte

1024 819 1139 847 rationis
1153 818 1302 853 cupiditate
1315 819 1394 854 longe
1409 819 1541 854 spiritalia
1561 819 1657 847 dissita
1669 821 1733 848 sint.
1749 820 1806 856 Ego

1025 873 1083 893 vero
1093 864 1209 892 carnalis
1225 873 1294 896 ιιιιιι,
1309 864 1471 892 venundatus
1480 865 1526 892 sub
1540 868 1702 899 peccatum'.
1721 867 1804 900 Quasi

1023 911 1128 939 diceret
1141 920 1148 938 ε
1161 910 1217 946 Ego
1230 919 1289 938 uera
1303 912 1420 938 carnalis
1431 919 1500 943 sum,
1511 915 1593 946 atque
1610 912 1638 939 in
1655 913 1716 939 mali
1732 913 1806 940 boni-

1023 965 1076 992 que
1096 957 1185 985 medio
1200 957 1317 992 positus,
1330 960 1425 992 utpote
1439 957 1518 989 liber,
1537 961 1567 984 ut
1579 957 1650 994 quod
1671 959 1750 986 velim
1767 959 1806 986 in-

1023 1005 1128 1037 tegrum
1153 1002 1218 1029 mihi
1235 1002 1271 1030 sit
1296 1002 1395 1038 eligere
1416 1001 1510 1037 (Potui
1533 1003 1613 1036 enim,
1631 1003 1729 1039 inquit.
1745 1010 1806 1034 ante

1023 1047 1118 1082 faciem
1131 1051 1203 1074 tuam
1215 1047 1295 1074 vitam
1305 1052 1330 1074 et
1347 1052 1457 1074 mortem
1468 1048 1501 1082 ');
1515 1055 1577 1075 cum
1591 1047 1619 1076 in
1633 1049 1660 1076 id
1673 1049 1803 1078 inclinas-

1023 1100 1090 1125 sem,
1107 1096 1136 1119 ut
1152 1096 1180 1120 et
1192 1093 1311 1128 spiritali
1325 1093 1389 1129 legi,
1413 1093 1466 1122 hoc
1480 1097 1523 1122 est
1536 1094 1674 1127 mandato,
1692 1094 1805 1123 minime

1023 1145 1157 1173 parerem,
1165 1144 1189 1166 et
1204 1144 1318 1167 terrenae
1329 1147 1361 1167 ac
1371 1147 1433 1167 cum
1446 1140 1567 1168 materiae
1577 1140 1644 1168 faece
1656 1145 1801 1172 εοιιοτειιε.

1024 1182 1075 1210 hoc
1088 1186 1130 1211 est
1153 1184 1289 1219 serpentis
1302 1184 1426 1216 monitis,
1443 1184 1675 1220 obtemperarent;
1694 1191 1803 1220 propter

1023 1230 1096 1258 hunc
1112 1230 1246 1258 delectum
1262 1231 1290 1259 in
1306 1235 1446 1266 peccatum
1462 1232 1605 1267 prolapsus
1622 1232 1729 1260 diabolo
1743 1240 1803 1260 sum

1022 1277 1160 1304 venditus.
1186 1276 1255 1304 llinc
1277 1277 1378 1304 malum
1403 1278 1476 1305 velut
1490 1277 1619 1305 obsidens
1634 1278 1699 1305 mihi
1714 1278 1805 1305 adiur-

1022 1322 1115 1355 resnit,
1131 1327 1213 1358 atque
1235 1323 1262 1350 in
1278 1331 1360 1351 carne
1377 1331 1447 1356 mea,
1460 1328 1588 1359 tanquam
1604 1324 1632 1351 in
1646 1324 1726 1351 domo
1740 1332 1805 1359 qua-

1022 1368 1096 1402 dam,
1113 1369 1228 1402 habitat,
1245 1369 1471 1404 quemadmodum
1487 1369 1565 1397 fucus
1592 1370 1696 1397 circum
1727 1369 1804 1397 favos

1023 1423 1103 1451 apum
1122 1416 1240 1444 volitans
1265 1423 1298 1443 ac
1319 1415 1426 1444 bombis
1444 1416 1613 1450 obstrepens.
1632 1415 1695 1443 Ilihi
1713 1415 1804 1450 itaque

1023 1461 1117 1489 violati
1132 1462 1253 1490 mandati
1269 1468 1349 1496 pinna
1369 1461 1426 1489 haec
1447 1461 1573 1496 imposita
1597 1465 1649 1493 est,
1667 1461 1707 1488 uti
1731 1461 1804 1489 malo

1023 1507 1223 1541 quodammodo
1240 1506 1382 1534 venderer.
1396 1506 1551 1542 Propterea,
1568 1506 1641 1542 quod
1657 1506 1727 1534 facio
1747 1514 1803 1534 non

1022 1554 1156 1589 intelligo,
1174 1553 1239 1581 dum
1253 1552 1325 1588 quod
1338 1553 1412 1586 nolo,
1432 1553 1531 1588 cogito.
1545 1552 1607 1580 Hac
1621 1553 1693 1580 enim
1708 1553 1802 1586 verba,

192 1598 285 1633 θῆναι.
319 1598 456 1634 λογισμῶν
480 1599 620 1625 ἀνοικείων
648 1600 713 1634 ἡμῖν
745 1598 972 1634 προσιπταμένων

1024 1599 1098 1632 Quod
1109 1599 1179 1633 facio
1195 1607 1247 1626 non
1259 1607 1395 1633 cognosco,
1408 1603 1432 1626 et
1447 1599 1515 1633 quod
1528 1598 1571 1626 odi
1587 1599 1656 1633 facio
1666 1599 1686 1630 ⁸,
1695 1606 1748 1626 non
1762 1600 1803 1628 sic

192 1643 345 1677 πλεονάκις,
362 1644 409 1670 καὶ
423 1643 647 1679 ἑμφανταζόντων
657 1644 730 1679 ἡμᾶς
738 1643 805 1679 πρὸς
824 1643 843 1670 ἃ
855 1642 892 1679 μὴ
900 1643 972 1669 θέλο-

1024 1643 1181 1679 accipienda
1205 1647 1280 1676 sunt,
1294 1644 1372 1678 quasi
1380 1643 1489 1671 malum
1507 1643 1636 1678 perficere
1651 1643 1760 1678 penitus
1770 1651 1804 1671 ac

193 1698 252 1724 μεν,
269 1690 319 1724 τῆς
339 1690 428 1725 ψυχῆς
442 1690 498 1722 τοῖς
520 1689 658 1725 λογισμοῖς
671 1689 735 1724 περὶ
749 1688 834 1716 πολλὰ
845 1696 973 1724 περιαγο-

194 1734 287 1770 μένης.

1021 1689 1190 1717 committere
1203 1688 1325 1721 dicatur;
1341 1688 1389 1716 sed
1405 1688 1439 1716 ad
1452 1688 1537 1716 solam
1558 1688 1750 1724 cogitationem
1765 1695 1804 1715 re-

1021 1734 1085 1762 ferri
1101 1742 1150 1770 par
1166 1739 1219 1768 est,
1233 1742 1295 1762 cum
1324 1734 1481 1769 plerumque
1506 1735 1601 1762 alienae
1627 1734 1706 1762 nobis
1719 1738 1746 1762 ct
1759 1734 1806 1761 ab-

193 1780 282 1808 surdae
293 1780 473 1815 cogitationes
484 1780 620 1819 advolent,
633 1783 660 1807 et
677 1780 711 1807 ad
725 1787 758 1807 ea
771 1786 832 1814 quae
849 1779 977 1807 nolumus
992 1779 1133 1808 illudendo
1146 1788 1197 1809 nos
1209 1783 1356 1815 provocent
1367 1789 1373 1806 :
1383 1780 1455 1807 ouod
1477 1781 1568 1807 anima
1593 1781 1804 1816 cogitationibus

192 1827 251 1855 suis
267 1835 314 1862 per
327 1826 432 1854 infinita
446 1834 538 1854 rerum
551 1835 648 1862 genera
664 1827 841 1854 distrahatur.

227 1875 290 1902 NZ’.
309 1874 346 1901 Οὐ
360 1873 414 1910 γὰρ
426 1873 470 1908 ἐφ’
483 1875 548 1910 ἡμῖν
563 1873 631 1905 ὅλως
646 1874 701 1910 (45)
713 1874 743 1901 τὸ
757 1874 937 1910 ἐνθυμεῖσθαι,
953 1876 971 1912 ἢ

195 1922 232 1957 μὴ
249 1920 420 1956 ἐνθυμεῖσθαι
436 1920 522 1946 κεῖται
546 1920 580 1947 τὰ
605 1920 702 1953 ἄτοπα,
726 1920 793 1947 ἀλλὰ
802 1921 833 1948 τὺ
845 1921 971 1958 χρῆσθαι,

193 1967 210 2001 ἢ
226 1967 264 2002 μὴ
273 1965 389 2001 χρῆσθαι
404 1967 459 1997 τοῖς
472 1965 652 2002 ἐνθυμήμασι.
662 1966 789 1994 κωλῦσαι
805 1967 854 2003 μὲν
868 1968 921 2004 γὰρ
936 1968 974 2004 μὴ

194 2013 340 2047 ἐμπίπτειν
365 2013 404 2044 εἰς
429 2013 502 2048 ἡμᾶς
525 2013 588 2044 τοὺς
615 2012 760 2048 λογισμοὺς
780 2015 811 2040 οὐ
825 2014 973 2050 δυνάμεθα,

193 2061 262 2094 πρὸς
285 2058 398 2094 δοκιμὴν
419 2058 497 2094 ἡμῶν
518 2058 615 2092 ἔξωθεν
630 2060 843 2095 είσπνεομένους·
863 2061 900 2097 μὴ
917 2070 974 2088 πει-

195 2104 289 2139 σθῆναι
307 2105 406 2140 μέντοι,
419 2104 434 2139 ἢ
454 2104 490 2140 μὴ
501 2104 615 2140 χρῆσθαι
629 2105 717 2137 αὐτοῖς
730 2106 877 2142 δυνάμεθα.
899 2108 975 2134 Ἐπεὶ

1060 1873 1141 1909 584
1157 1872 1233 1900 LVII.
1246 1873 1338 1909 Neque
1347 1872 1420 1901 enim
1434 1873 1460 1900 in
1478 1872 1557 1900 nobis
1568 1873 1624 1900 ullo
1633 1873 1712 1899 modo
1721 1874 1803 1901 situm

1024 1922 1075 1951 est,
1090 1919 1262 1947 abhorrentia
1274 1919 1405 1953 cogitare,
1420 1918 1461 1945 vel
1476 1925 1529 1944 non
1540 1918 1677 1952 cogitare;
1691 1919 1738 1946 sed
1753 1920 1802 1951 uti,

1021 1965 1063 1991 vel
1080 1972 1134 1992 non
1143 1964 1182 1991 uti
1192 1964 1327 1999 cogitatis.
1339 1963 1406 1990 Nam
1421 1971 1454 1991 ne
1469 1963 1549 1990 nobis
1566 1963 1718 1992 istiusmodi
1728 1966 1804 2000 cogi-

1022 2011 1137 2038 tationes
1145 2011 1288 2046 obrepant,
1296 2018 1356 2045 qua:
1365 2009 1496 2044 probandi
1511 2009 1596 2036 nostri
1606 2017 1689 2037 causa
1700 2012 1804 2038 extrin-

1022 2063 1102 2084 secus
1116 2056 1311 2089 immittuntur,
1334 2055 1479 2091 prohibere
1498 2062 1551 2083 non
1568 2063 1712 2090 possumus
1725 2065 1733 2089 ;
1748 2065 1804 2085 non

1022 2101 1162 2134 assentiri,
1183 2105 1210 2129 et
1234 2101 1333 2128 oblatis
1360 2108 1415 2129 non
1445 2100 1494 2133 uti,
1521 2107 1678 2135 possumus.
1695 2101 1803 2137 Alioqui

194 2150 252 2181 πῶς
275 2150 289 2176 6
323 2149 482 2181 Ἀπόστολος
496 2150 527 2176 τὸ
555 2150 603 2185 μὲν
631 2150 714 2177 κακὸν
745 2151 793 2185 οὐχ
817 2151 927 2186 ἥκιστα,
950 2149 972 2186 ᾧ

1024 2147 1161 2183 quomodo
1185 2147 1295 2175 tandem
1322 2147 1470 2182 Apostolus
1498 2147 1609 2179 malum,
1642 2147 1714 2182 quod
1751 2149 1804 2176 sibi

194 2194 383 2230 ἀπηρέσκετο,
412 2194 517 2226 ἐποίει,
546 2194 577 2220 τὸ
601 2194 631 2221 δὲ
666 2194 746 2222 καλὸν
777 2192 799 2228 ᾧ
829 2196 970 2231 ἠρέσκετο,

193 2239 303 2273 ἣκιστα,
315 2240 339 2265 εἰ
352 2239 389 2274 μὴ
404 2239 469 2274 περὶ
478 2239 532 2265 τῶν
543 2239 653 2267 ὀθνείων
661 2239 858 2275 ἐνθυμημάτων
870 2240 972 2276 ἔλεγεν,

194 2284 212 2310 ὃ.
224 2284 412 2319 ἐνθυμώμεθα
427 2284 481 2310 ἐσθ’
498 2285 542 2311 ὅτε
555 2285 601 2311 καὶ
617 2284 655 2320 μὴ
669 2285 836 2321 βουλόμενοι,
861 2286 891 2319 ἐξ
914 2287 973 2319 οἵας

193 2331 223 2357 οὔ
246 2330 423 2363 γινώσκοντες
444 2330 549 2362 αἰτίαςς
565 2331 597 2356 "A
619 2330 816 2366 ἀνατρέπεσθαι
841 2331 893 2368 χρὴ
926 2332 972 2358 καὶ

193 2374 422 2410 ἐπιστομίζεσθαι,
444 2375 487 2402 ἵνα
505 2374 542 2410 μὴ
563 2375 729 2410 εὐρυνόμεθα
747 2376 754 2391 ¹
770 2376 824 2402 τῶν
846 2376 972 2412 περάτων

194 2421 349 2456 κρατήσωσι
364 2420 412 2455 τῆς
425 2419 523 2455 ψυχῆς.
546 2420 696 2455 Ἀμήχανον
710 2420 763 2457 γὰρ
780 2421 882 2448 τούτων
897 2422 971 2448 ἐνευ-

193 2466 360 2501 καιρούντων
379 2467 407 2492 ὲν
423 2467 488 2501 ἡμῖν
504 2466 679 2493 ὲπανατεῖλαι
690 2466 721 2493 τὸ
738 2466 848 2501 ἀγαθόν.
869 2466 971 2502 Ὀρθῶς

192 2512 256 2547 ἄρα,
279 2513 313 2538 Ὃ
335 2513 388 2546 γὰρ
414 2511 623 2546 κατεργάζομαι
641 2513 678 2540 οὑ
694 2511 841 2548 γινώσκω,
866 2512 968 2546 ἔλεγεν,

190 2560 231 2583 οὐ
247 2558 300 2592 τὰρ
313 2558 329 2584 ὂ
343 2558 417 2585 θέλω
426 2557 560 2592 πράσσω,
572 2558 640 2585 ἀλλ’
654 2558 670 2586 ὅ
684 2558 772 2593 μισῶ,
787 2558 874 2585 τοῦτο
884 2557 969 2586 ποιῶ.

232 2637 238 2651 ¹
254 2636 318 2662 Cor.
336 2635 511 2671 εὐρυνόμενα.
549 2636 559 2651 ¹
575 2634 654 2662 Rom.
670 2643 719 2667 νιι,
740 2635 783 2662 Η.
821 2635 831 2651 ³
850 2634 928 2662 Deut.
946 2643 1010 2667 xxx,

229 2712 284 2747 (45)
305 2713 345 2738 οὺ
363 2712 417 2746 γὰρ
433 2712 478 2746 ἐφ’
494 2711 565 2746 ἡμῖν
581 2712 667 2744 ὅλως.
686 2711 818 2739 Praeclara
832 2717 859 2747 et
873 2712 969 2738 catho—

1024 2193 1195 2228 displicebat,
1210 2193 1327 2220 maxime
1339 2192 1533 2220 committeret:
1543 2192 1644 2219 bonum
1656 2200 1719 2220 vero
1731 2194 1804 2227 quod

1026 2240 1161 2275 placebat,
1171 2246 1339 2274 nequaquam
1351 2238 1463 2270 faceret,
1477 2238 1530 2266 nisi
1545 2238 1577 2266 de
1592 2238 1742 2273 peregrinis
1758 2247 1805 2266 co-

1025 2283 1202 2320 gitationibus
1217 2283 1383 2318 loqueretur,
1399 2291 1468 2318 quas
1483 2283 1574 2310 animo
1586 2283 1749 2317 quandoque
1761 2283 1804 2310 vel

1026 2329 1103 2358 inviti
1119 2330 1277 2365 incertaque
1293 2329 1372 2357 nobis
1383 2337 1416 2356 ex
1436 2336 1518 2356 causa
1532 2333 1650 2356 tractare
1665 2329 1805 2357 solemus?

1025 2374 1099 2407 Quas
1113 2375 1222 2410 quidem
1240 2378 1362 2402 evertere
1388 2379 1469 2410 atque
1482 2374 1606 2402 inhibere
1620 2375 1755 2406 convenit,
1771 2382 1805 2402 ne

1025 2420 1139 2452 (Effusae,
1150 2428 1182 2448 ac
1194 2420 1327 2448 collatataa
1335 2423 1471 2448 extremos
1483 2427 1606 2455 quosque
1624 2420 1696 2447 velut
1709 2420 1805 2447 animae

1026 2466 1093 2493 fines
1104 2466 1131 2493 in
1145 2469 1306 2501 potestatem
1331 2464 1454 2500 redigant
1469 2474 1476 2492 :
1494 2472 1582 2500 neque
1596 2464 1667 2492 enim
1684 2464 1740 2492 ﬁeri
1757 2471 1805 2499 po-

1025 2516 1088 2544 test,
1110 2511 1179 2539 utsi
1206 2512 1259 2539 illae
1281 2511 1422 2539 commode
1446 2511 1642 2542 succreverint,
1659 2510 1759 2538 bonum
1777 2511 1804 2537 in

1023 2557 1102 2586 nobis
1119 2557 1281 2585 efﬂorescat.
1295 2556 1377 2585 Recte
1392 2557 1485 2592 itaque
1510 2557 1618 2585 dicebat
1632 2557 1778 2592 Apostolus
1796 2567 1803 2585 :

1030 2632 1075 2663 l5.
1113 2634 1124 2650 ⁸
1142 2632 1222 2662 Rom.
1239 2643 1287 2668 νιι,
1304 2634 1348 2662 15.

1022 2711 1229 2746 cupiscentiam,
1241 2710 1278 2738 'et
1296 2719 1357 2746 qua:
1381 2718 1413 2737 ex
1433 2711 1506 2738 illius
1525 2710 1686 2746 contagione
1710 2709 1803 2737 invitia

194 2745 245 2774 lica
257 2747 397 2781 apostolici
411 2745 483 2775 illius
495 2745 559 2774 dicti
571 2747 716 2777 sententia.
730 2746 970 2782 quamMethodius
1023 2745 1103 2774 nobis
1125 2746 1269 2782 obrepunt,
1288 2745 1351 2773 vere
1367 2753 1428 2782 esse
1443 2750 1553 2782 peccata
1568 2745 1701 2782 definiunt
1715 2754 1722 2771 :
1747 2752 1804 2782 quo

192 2780 322 2816 exponit;
339 2789 371 2808 ac
392 2782 524 2809 adversus
547 2782 683 2809 hodierna:
703 2780 813 2810 heresis
834 2782 969 2809 inscitiam

1024 2783 1133 2808 nomine
1148 2789 1200 2808 non
1221 2781 1276 2815 jam
1297 2780 1442 2816 καθαρούς,
1461 2783 1506 2816 sed
1527 2780 1695 2815 ἀκαθάρτους
1707 2783 1735 2807 ει
1752 2780 1804 2808 im-

191 2820 274 2852 atque
288 2817 485 2852 improbitatem
495 2817 665 2846 observanda
678 2817 834 2853 diligenter:
851 2818 897 2852 qui
910 2825 975 2844 con-

1027 2816 1189 2852 purissimos
1203 2824 1232 2844 se
1245 2824 1306 2844 esse
1321 2816 1418 2844 merito
1428 2815 1598 2851 profitentur.
