1958 3050
127 132 193 159 “67

818 129 848 156 S.
870 130 1041 159 ΕΡΙΡΗΑΝΙΙ

1679 130 1748 164 mis

125 190 200 222 Quod
213 190 281 216 enim
295 190 412 224 perﬁcio,
424 199 475 217 non
495 198 633 225 cognosco.
663 188 720 216 Non
751 190 821 216 enim
841 191 906 224 quod

961 191 1079 226 Θέλομεν
1091 191 1145 227 γὰρ
1156 191 1190 218 τὰ
1204 192 1242 227 μὴ
1255 192 1438 227 προσήκοντα,
1453 191 1500 218 καὶ
1513 191 1531 219 ἃ.
1545 192 1583 228 μὴ
1594 192 1605 209 ³
1619 192 1699 229 θέμις
1711 194 1750 230 μὴ

118 237 180 263 νυοίο
197 237 277 270 facio,
296 236 341 263 sed
357 237 427 271 quod
440 237 485 263 odi
503 236 551 262 hoc
562 235 642 270 facio.
663 234 797 262 Volumus
812 235 914 271 quippe

120 290 153 308 ca
171 290 231 316 quze
246 282 358 309 minime
380 282 558 313 conveniunt,
576 288 689 316 qua-que
716 281 810 308 illicita
839 284 913 313 sunt,

123 335 156 353 ne
171 327 294 361 eogitare
307 326 428 361 quidem.
446 326 514 353 illud
543 326 615 353 enim
639 325 790 361 perfectum
804 326 913 353 demum

123 372 222 399 bonum
238 377 289 404 est,
304 372 377 408 quod
396 379 450 399 non
468 371 551 399 modo
575 379 590 397 a
614 370 808 406 perpetrando,
822 370 869 398 sed
886 374 914 398 et

117 419 268 453 cogitando
283 419 354 446 malo
373 421 516 452 temperat.
535 417 567 444 Et
589 417 658 452 quod
672 417 768 443 bonum
781 417 911 448 volumus,

124 472 295 499 nequaquam
315 464 446 497 eﬂieitur,
467 463 513 491 sed
525 462 594 498 quod
608 464 730 489 nolumus
741 462 853 489 malum.
870 462 914 489 Si-

121 510 231 545 quidem
259 510 351 538 animo
368 514 462 538 nostro
484 509 640 544 frequentes
662 508 797 540 incidunt,
823 516 855 535 ac
869 508 911 534 vel

116 554 224 583 'invitos
241 554 356 582 inﬁnitis
370 554 404 582 de
417 554 498 581 rebus
514 553 626 580 inﬁnitae
642 552 821 587 cogitationes
833 552 911 579 inva-

124 601 203 631 dunt.
219 608 279 636 quae
297 607 348 628 nos
373 600 532 627 curiositate
553 603 634 634 atque
652 606 667 626 a
680 599 785 626 ratione
812 599 912 626 abhor-

122 647 239 673 rcntium
253 646 424 681 negotiorum
433 645 607 673 multitudine
617 644 766 680 implicant.
774 645 911 678 Quocirca

125 692 260 727 ejusmodi
285 699 320 719 ne
336 692 456 727 cogitare
472 691 580 726 quidem
603 691 684 723 velle.
700 691 844 727 potestatis
869 695 911 719 est

116 742 241 770 nostra};
254 738 281 765 id
295 742 386 766 autem
398 738 518 773 assequi,
528 742 557 765 ut
568 738 678 774 penitus
690 738 908 774 exstinguantur,

115 791 209 818 neque
233 783 313 811 nobis
335 783 454 818 amplius
467 787 624 817 occurrant,
642 790 696 810 non
716 787 758 811 est
772 782 909 811 facultatis

120 830 172 861 (uti
198 828 328 864 diximus)
343 834 455 859 nostm.
466 829 514 856 sed
528 833 604 856 certo
618 828 699 857 modo
709 828 841 856 duntaxat
857 829 906 860 uti.

964 237 1148 272 ἐνθυμεῖσθαι.
1173 237 1281 272 Ἐπειδὴ
1299 237 1378 264 τοῦτο
1396 237 1498 272 ἀγαθὸν
1513 238 1625 270 τέλειον,
1644 240 1681 275 μὴ
1699 241 1735 275 μό

964 291 1009 310 νον
1032 282 1079 309 τοῦ
1094 282 1206 318 ποιῆσαι
1227 282 1294 309 αὐτὸ
1309 282 1533 318 ἐγκρατεύεσθαι,
1549 283 1618 310 ἀλλὰ
1636 285 1682 311 καὶ
1701 284 1750 311 τοῦ

964 328 1161 364 ἐνθυμηθῆναι.
1174 328 1232 355 Καὶ
1253 328 1269 355 ὃ
1286 329 1423 363 θέλομεν,
1439 329 1527 356 τοῦτο
1541 329 1654 363 ἀγαθὸν
1667 330 1697 356 οὐ
1707 330 1750 363 γί-

964 382 1048 404 νεται,
1076 374 1145 401 ἀλλ’
1161 373 1178 401 ὃ
1196 375 1232 402 οὺ
1258 374 1383 409 θέλομεν
1404 376 1549 408 πονηρόν.
1575 375 1751 410 Ἐπιφοιτῶσι

963 418 1017 455 γὰρ
1041 419 1105 454 περὶ
1127 419 1177 454 τὴν
1210 419 1323 455 καρδίαν
1337 419 1415 455 ἡμῶν
1435 419 1482 447 ’καὶ
1506 419 1684 453 ἐπιΰαίνουσι,
1701 421 1750 447 καὶ

964 465 1001 501 μὴ
1020 465 1187 500 βουλομένων
1201 466 1290 501 ἡμῶν.
1311 465 1440 498 πολλάκις
1456 465 1540 501 μυρία
1561 474 1590 492 τε
1614 466 1677 502 περὶ
1695 475 1748 502 μυ-

963 511 1038 546 ρίων,
1055 511 1215 546 περιεργίας
1229 511 1303 546 ἡμᾶς
1318 511 1364 537 καὶ
1388 510 1474 546 (περὶ)
1491 510 1749 546 φιλοπραγμοσύνης

961 556 1060 590 ἀλόγου
1073 555 1256 591 ἐμπιπλάντα.
1272 556 1317 582 Διὸ
1329 556 1359 582 τὸ
1376 556 1425 591 μέν
1441 555 1527 582 θέλειν
1538 556 1607 582 αὐτὰ
1622 555 1689 591 μηδὲ
1703 557 1748 582 ὲν-

961 602 1105 637 θυμεῖσθαι
1127 602 1303 637 παράκειται,
1323 602 1354 628 τὸ
1370 602 1398 629 δέ
1420 601 1637 638 κατεργάζεσθαι
1658 602 1698 634 είς
1717 601 1750 628 τὸ

961 646 1102 682 ἀφανίσαι,
1120 647 1163 673 ἵνα
1180 647 1216 682 μὴ
1235 647 1282 674 καὶ¹
1294 645 1372 679 αὖθις
1389 647 1453 682 περὶ
1468 647 1513 674 τὸν
1531 647 1659 682 λογισμὸν
1669 647 1748 673 ἀνέλ-

961 693 1054 726 θωσιν,
1065 694 1106 720 ὁτι
1124 693 1162 729 μὴ
1176 694 1264 720 κεῖται
1284 693 1364 720 τοῦτο
1381 693 1424 728 ἐφ’
1437 694 1514 729 ἡμῖν,
1528 693 1565 725 ὡς
1579 693 1658 728 ἔφην,
1678 692 1747 720 ἀλλὰ

960 737 990 764 τὸ
1006 738 1158 774 κρήσασθαι
1188 737 1268 778 μόνον
1289 738 1381 770 αὐτοῖς
1405 745 1473 770 me,
1487 738 1504 773 ἢ
1523 737 1562 773 μὴ
1581 737 1744 773 χρήσασθαι.

965 782 1009 814 Ὠς
1026 781 1094 810 εῖναι
1118 782 1164 810 τὸν
1182 782 1245 809 νοῦν
1264 784 1384 809 τοιοῦτον
1405 782 1453 809 τοῦ
1480 783 1563 818 ρητοῦ
1574 790 1581 797 ·
1598 783 1640 810 οὺ
1658 783 1714 817 γὰρ
1729 781 1748 808 ὃ

959 828 1045 861 θέλω,
1069 828 1144 856 ποιῶ
1162 829 1284 863 ἀγαθόν.
1303 829 1378 856 Θέλω
1400 829 1454 865 γὰρ
1478 829 1516 865 μὴ
1541 828 1714 864 ἐνθυμεῖσθαι
1727 829 1748 856 ἃ

116 874 161 900 vel
176 881 231 902 non
251 874 299 907 uti,
324 879 353 902 ut
375 874 433 902 haec
457 875 493 902 sit
512 874 564 902 loci
581 875 654 902 illius
670 875 805 902 sententia
822 884 828 902 :
845 873 906 902 Non

959 874 1071 909 βλάπτει
1084 883 1128 910 με·
1141 861 1234 911 ἐπειδὴ
1245 874 1323 902 τοῦτο
1329 861 1429 910 ἁγαθδν
1503 861 1627 910 ἀμωμον,
1637 874 1706 901 κατὰ
1716 874 1749 901 ea

115 919 188 945 enim
201 919 269 954 quod
283 919 340 946 volo
354 919 424 954 facio
439 919 546 947 bonum.
561 918 629 947 Volo
648 920 721 948 enim
735 920 848 948 minime
864 927 909 948 co-

122 965 217 999 gitare,
236 973 296 1000 quae
313 965 379 992 milii
407 968 532 997 noceant,
549 964 680 1000 quoniam
709 965 811 993 bonum
835 965 907 992 istud

124 1015 176 1041 est.
193 1017 225 1037 ac
236 1011 447 1045 reprehensione
455 1015 541 1042 caret.
553 1015 582 1038 ut
593 1011 659 1038 illud
670 1011 773 1038 dictum
782 1015 906 1038 testatur:

123 1055 188 1083 Sine
214 1057 412 1092 vituperatione
440 1056 541 1083 factum
564 1055 746 1091 manibusque
771 1063 803 1083 ac
817 1060 908 1084 mente

116 1102 294 1136 quadratum.
307 1101 377 1136 Ergo
392 1101 458 1129 illud
471 1102 543 1137 quod
557 1102 614 1130 volo
634 1101 732 1128 bonum
757 1109 808 1128 non
825 1101 907 1136 facio.

120 1147 165 1174 sed
177 1147 246 1181 quod
258 1147 318 1174 nolo
333 1147 403 1182 facio
417 1148 526 1175 malum.
542 1147 669 1183 Cogitare
697 1147 770 1174 enim
791 1147 865 1179 nolo,
880 1151 908 1174 et

119 1201 181 1228 quae
195 1194 258 1221 nolo
274 1197 364 1221 tamen
385 1194 485 1229 cogito.
501 1195 588 1229 Atque
608 1193 672 1221 illud
691 1193 789 1226 videte,
804 1201 907 1229 quaeso,

121 1247 213 1266 annon
225 1239 346 1267 eamdem
373 1240 408 1267 ob
425 1247 536 1267 causam
553 1239 637 1267 David
657 1239 711 1266 Deo
730 1239 906 1274 supplicaret,

121 1286 229 1322 indigne
238 1285 338 1316 ferens.
348 1286 420 1321 quod
428 1294 458 1314 ea
474 1294 534 1322 qure
547 1286 637 1313 minus
650 1285 731 1313 vellet
744 1285 837 1312 animo
847 1293 909 1320 per—

118 1337 248 1360 tractarct
258 1341 266 1360 :
276 1332 316 1359 Ab
332 1332 451 1364 occultis,
471 1332 569 1368 inquit,
582 1333 645 1358 meis
658 1331 755 1358 munda
771 1339 821 1364 me,
833 1336 858 1359 et
873 1332 906 1358 ab

125 1379 218 1406 alit-nis
233 1386 311 1413 parce
319 1387 391 1406 servo
405 1383 460 1405 tuo.
481 1378 511 1406 Si
529 1379 578 1405 mei
595 1386 646 1405 non
658 1378 755 1413 fuerint
767 1378 907 1411 dominati,

121 1431 182 1452 tunc
191 1425 376 1452 immaculatus
385 1433 440 1457 ero.
450 1430 474 1452 et
483 1425 646 1452 emundabor
654 1434 669 1451 a
679 1425 774 1451 delicto
784 1433 878 1459 magno
886 1425 906 1449 ί.

121 1472 174 1499 Sed
199 1475 226 1498 et
253 1471 400 1506 Apostolus
430 1471 484 1498 alio
512 1471 540 1498 in
567 1470 840 1505 loco:(.'ogitatioucs
859 1469 907 1497 de-

959 920 1113 956 λεγόμενον·
1127 921 1208 947 Ἀνευ
1224 921 1308 956 ψόγου
1321 921 1485 956 τετυγμένον
1495 920 1573 956 χερσί
1587 929 1617 947 τε
1631 921 1677 947 καὶ
1692 920 1747 956 νόῳ

957 966 1136 1002 τετράγωνον.
1152 967 1207 994 Καὶ
1215 966 1294 993 τοῦτο
1311 967 1361 1002 μὲν
1374 966 1391 993 ὃ
1401 966 1479 994 θέλω
1488 966 1601 1001 ἀγαθὸν
1610 967 1646 993 οὐ
1660 965 1735 993 ποιῶ
1762 982 1764 984 τ

958 1013 974 1040 ὃ
990 1012 1075 1048 δὲμὴ
1089 1012 1165 1040 θέλω
1184 1013 1312 1047 πράσσω
1329 1013 1434 1040 κακόν.
1448 1013 1486 1039 οὐ
1500 1012 1569 1040 θέλω
1583 1012 1743 1044 ἐννοεῖσθαι,

957 1058 1005 1085 καὶ
1018 1058 1171 1094 ἐννοοῡμαι,
1182 1058 1232 1085 ὅσα
1248 1058 1285 1094 μὴ
1299 1058 1380 1086 θέλω.
1393 1058 1448 1085 Καὶ
1462 1058 1661 1093 ἐπισκέψασθαι
1678 1058 1701 1090 ⁵,
1718 1059 1745 1084 εἰ

959 1105 997 1140 μὴ
1010 1104 1055 1131 διὰ
1067 1104 1153 1131 ταῦτα
1167 1104 1236 1131 αὐτὰ
1249 1104 1296 1131 καὶ
1309 1105 1324 1131 ὀ
1340 1103 1421 1130 Δασὶδ
1436 1103 1598 1139 ἐνετύγχανε
1617 1104 1656 1139 τῷ
1672 1104 1744 1140 Θεῷ,

957 1150 1140 1186 δυσχεραίνων
1156 1151 1202 1177 ἐπὶ
1215 1150 1254 1185 τῷ
1266 1149 1420 1185 λογίζεσθαι
1437 1150 1484 1177 καὶ
1498 1149 1580 1177 αὑτὸν
1594 1150 1613 1177 ἃ
1628 1150 1665 1186 μὴ
1680 1150 1744 1186 ἠθε-

957 1195 1018 1222 λεν·
1042 1195 1113 1223 Ἀπὸ
1136 1195 1196 1223 τῶν
1214 1197 1347 1231 κρυφίων
1367 1205 1425 1231 μου
1448 1195 1612 1231 καθάρισόν
1629 1205 1678 1232 με,
1694 1197 1744 1224 και

956 1241 1017 1268 ἀπὸ
1034 1241 1201 1276 ἀλλοτρίων
1215 1242 1316 1277 φεῖσαι
1330 1242 1384 1269 τοῦ
1399 1241 1511 1270 δούλου
1529 1250 1597 1269 σου.
1615 1243 1685 1269 Ἐὰν
1699 1243 1742 1278 μή

954 1296 1014 1323 μου
1036 1288 1302 1322 κατακυριεύσωσι,
1323 1288 1391 1314 τότε
1412 1287 1530 1322 ἄμωμος
1554 1288 1670 1322 ἔσομαι,
1693 1288 1743 1314 καὶ

957 1332 1214 1367 καθαρισθήσομαι
1229 1333 1290 1360 ἀπὸ
1307 1333 1452 1367 ἁμαρτιας
1463 1332 1608 1367 μεγάλης.
1621 1332 1677 1359 Καὶ
1695 1333 1745 1359 αὑ-

956 1378 1002 1409 τὸς
1023 1378 1052 1405 δὲ
1067 1379 1082 1405 ὁ
1103 1379 1262 1410 ’Λπόστολος
1277 1379 1306 1406 ἐν
1330 1379 1432 1415 ἑτέρην
1453 1378 1622 1413 Λογισμοὺς
1643 1381 1744 1406 καθαι-

952 1423 1090 1459 ροῦντες,
1105 1424 1154 1451 καὶ
1176 1423 1239 1452 πᾶν
1255 1425 1364 1460 ὕψωμα
1384 1425 1582 1460 ἐπαιρόμενον
1596 1425 1671 1451 κατὰ
1687 1424 1743 1457 τῆς

956 1469 1095 1505 γνώσεως
1115 1470 1169 1499 τοῦ
1199 1470 1289 1502 Θεοῦ,
1315 1470 1365 1498 καὶ
1395 1470 1659 1505 αἰχμαλωτίζοντες
1681 1469 1744 1497 πᾶν

122 1522 251 1544 struentes
275 1521 299 1544 et
315 1525 417 1544 omnem
439 1515 617 1547 altitudinem,
634 1524 692 1551 qua:
711 1515 847 1542 extollitur
858 1515 906 1542 ud-

957 1516 1054 1551 νόημα
1065 1517 1108 1550 εἰς
1123 1515 1180 1550 τὴν
1192 1515 1330 1544 ὑπακοὴν
1343 1515 1397 1543 τοῦ
1410 1516 1549 1551 Χριστοῦ.

122 1568 210 1587 πνοι-ιιι
226 1560 397 1594 cognitionem
413 1558 472 1591 Dei,
486 1558 566 1594 585
585 1563 609 1585 et
627 1559 785 1592 captivitate:
805 1566 906 1585 onmem

123 1604 284 1633 intellectum
298 1605 325 1632 in
340 1605 489 1640 obsequium
501 1604 600 1632 Christi
612 1605 633 1631 '.

155 1649 244 1676 LVIII.
263 1648 322 1680 lam
334 1656 398 1676 vero
406 1649 427 1676 si
437 1649 500 1684 quis
514 1648 646 1684 relragari
660 1649 704 1676 bis
717 1648 799 1676 dictis
821 1656 906 1676 ausus

120 1695 242 1730 obiiciat,
259 1695 353 1722 doceri
368 1695 420 1721 hoc
436 1695 470 1722 ab
487 1695 631 1730 Apostolo,
647 1702 701 1722 non
716 1694 750 1722 ad
761 1695 905 1730 cogitatio-

122 1749 182 1768 nem
192 1741 273 1768 modo
284 1740 439 1775 mali,quod
459 1747 619 1768 aversamur
631 1741 759 1775 quodque
775 1739 904 1775 fugimus,

121 1787 169 1814 sed
186 1791 213 1814 et
228 1786 261 1814 ad
274 1794 344 1822 opus
359 1787 447 1822 ipsum
470 1791 496 1814 et
515 1787 649 1814 actionem
665 1787 710 1813 illa
725 1783 904 1819 rel'erri,cuni

121 1834 161 1860 sic
176 1833 296 1868 loquitur
310 1841 318 1859 :
334 1831 396 1860 Non
411 1833 482 1860 enim
497 1832 566 1868 quod
583 1833 639 1860 voto
654 1832 724 1867 facio
741 1832 847 1865 bonum,
859 1833 905 1860 sed

120 1879 188 1914 quod
202 1880 263 1907 nolo
273 1879 373 1906 malum
388 1879 438 1906 hoc
453 1879 543 1914 facio;
574 1878 647 1906 hunc
673 1879 765 1914 igitur.
793 1879 840 1914 qui
864 1879 905 1906 sic

121 1926 310 1957 ratiocinetur,
336 1925 359 1953 si
379 1925 460 1952 modo
486 1932 550 1952 vera
570 1923 648 1957 dicit,
664 1924 905 1959 explicarejubea-

121 1981 192 2002 inus.
207 1971 345 2007 quodnam
353 1976 426 1999 esset
437 1971 537 1998 malum
552 1970 629 2003 illud.
640 1970 712 2006 quod
726 1977 788 1998 cum
802 1971 905 1998 odisset

123 2017 282 2053 Apostolus,
310 2025 400 2052 neque
417 2016 507 2044 facere
522 2016 613 2048 vellet,
629 2016 806 2044 nihilominus
832 2015 903 2044 iace-

121 2069 176 2096 ret;
186 2070 232 2092 aut
247 2063 313 2091 illud
338 2063 494 2090 econtrario
505 2063 616 2094 bonum,
628 2063 701 2098 quod
713 2069 775 2089 cum
787 2063 904 2090 maxime

120 2110 200 2138 vellet
229 2113 369 2145 praestare,
403 2116 577 2144 nequaquam
604 2113 721 2144 poterat.
754 2107 811 2136 lino
839 2115 904 2136 Vero

120 2156 226 2191 quoties
256 2160 364 2191 patrare
391 2155 491 2183 bonum
518 2155 610 2186 vellet,
639 2162 693 2182 non
710 2154 782 2190 quod
796 2154 903 2182 volebat

992 1650 1134 1679 NH'JSioé
1147 1659 1189 1682 τις
1206 1650 1336 1686 ὁμόσετῷ
1350 1650 1421 1686 λόγῳ
1439 1650 1621 1686 ιὲναιτολμῶν
1628 1652 1744 1688 ἀποκρί-

956 1705 1038 1728 νοιτο,
1053 1696 1091 1728 ὡς
1105 1696 1160 1732 ἄρα
1171 1695 1290 1723 διδάσκει
1304 1696 1319 1722 ὁ
1337 1696 1508 1728 Ἀπόστολος,
1523 1696 1561 1728 ὡς
1572 1697 1603 1723 οὐ
1619 1698 1697 1733 μόνον
1712 1700 1744 1725 ἐν

955 1741 994 1776 τῷ
1008 1741 1161 1776 λογίζεσθαι
1177 1740 1208 1767 τὺ
1229 1740 1323 1772 κακὸν,
1342 1740 1356 1766 ὅ
1372 1740 1516 1776 μισοῦμεν,
1532 1741 1578 1768 καὶ
1592 1741 1606 1767 ὃ
1622 1742 1653 1769 οὐ
1668 1742 1742 1769 Θέλο-

957 1795 1018 1823 μεν,
1033 1786 1102 1814 ἀλλὰ
1115 1787 1162 1814 καὶ
1176 1786 1205 1813 ἐν
1218 1785 1258 1821 τῷ
1276 1787 1365 1813 ποιεῖν
1389 1786 1456 1813 αὐτὸ
1471 1787 1517 1814 καὶ
1532 1788 1740 1823 κατεργάζεθαι,

954 1833 1062 1865 διὰτοῦ,
1079 1834 1121 1860 οῠ
1137 1832 1192 1868 γὰρ
1222 1832 1239 1860 ὃ
1265 1832 1340 1860 θέλω
1365 1833 1449 1867 ποιῶ,
1472 1833 1604 1869 λελέχθαι,
1617 1834 1741 1868 ἀγαθὸν,

955 1879 1036 1907 ἀλλὰ
1050 1879 1065 1906 ὃ
1078 1880 1114 1907 οὐ
1129 1879 1206 1906 θέλω
1218 1879 1312 1906 κακὸν
1323 1878 1411 1906 τοῦτο
1421 1878 1565 1913 πράσσω’
1581 1879 1742 1916 ἀξιώσωμέν

954 1934 1016 1957 που,
1034 1925 1059 1951 εί
1079 1924 1167 1960 ἀληθῆ
1187 1923 1262 1958 λέγει
1275 1924 1290 1950 ό
1305 1922 1392 1950 ταῦτα
1414 1923 1510 1958 λέγων,
1527 1923 1690 1960 διασαφῆσαι
1712 1925 1742 1952 τί

953 1970 987 2008 ἦν
1000 1971 1031 1998 τδ
1045 1971 1127 1998 κακὸν
1142 1970 1156 1996 ὂ
1167 1970 1257 2005 ἐμίσει
1269 1970 1284 1996 ό
1303 1969 1474 2002 ’Λπόστολος,
1489 1969 1536 1997 καὶ
1548 1969 1598 1996 οὐκ
1611 1970 1742 2005 ἠϐούλετο

955 2018 1005 2054 μὲν
1031 2018 1126 2049 ποιεῖν,
1153 2015 1239 2042 ἐποίει
1257 2015 1298 2047 δὲ,
1319 2015 1367 2042 καὶ
1388 2015 1490 2049 ἀγαθὸν
1504 2015 1519 2042 ὃ
1541 2015 1666 2042 ὲὸοὑλετο
1689 2015 1741 2051 μὲν

954 2063 1052 2095 ποιεῖν,
1074 2062 1125 2088 οὐχ
1152 2061 1240 2088 ἐποίει
1265 2061 1310 2088 δέ·
1337 2061 1406 2088 ἀλλὰ
1433 2061 1616 2096 ἀντιστρόφως
1646 2061 1741 2093 ὁσάκις

956 2110 1005 2144 μὲν
1028 2108 1108 2144 ἦθελε
1139 2109 1250 2144 ποιῆσαι
1266 2107 1297 2133 τὸ
1325 2107 1436 2142 ἀγαθὸν,
1466 2107 1629 2139 τοσαυτάκις
1655 2108 1685 2134 οὑ
1710 2108 1741 2134 τὺ

953 2154 1054 2189 ἀγαθὸν
1082 2154 1096 2180 ὅ
1123 2153 1234 2189 ἢθελεν,
1266 2152 1333 2180 ἀλλὰ
1361 2153 1392 2179 τὺ
1417 2152 1561 2188 πονηρὸνὸ
1580 2153 1618 2188 μὴ
1645 2153 1740 2188 nos)“

120 2203 232 2233 bonum.
246 2201 294 2229 sed
304 2201 377 2236 quod
392 2201 501 2228 nolebat
511 2200 611 2228 malum
627 2201 716 2236 reipsa
735 2200 900 2235 perficiebat.

957 2197 1050 2224 ἐποίει.
1073 2195 1146 2233 Ἆρα
1173 2197 1228 2232 γὰρ
1253 2197 1283 2224 οὐ
1313 2196 1397 2223 Θέλων
1426 2198 1637 2233 εξδωλολατρείν,
1672 2197 1741 2224 ἀλλὰ

121 2248 280 2275 Utrumnam
295 2248 408 2275 deorum
433 2247 549 2281 exempli
566 2247 653 2281 gratia
675 2247 799 2274 venerari
815 2247 902 2273 sium-

120 2295 192 2321 lucra
207 2294 313 2326 nolens,
330 2294 377 2321 sed
391 2300 456 2320 vero
480 2292 534 2320 Deo
560 2293 665 2319 cultum
694 2292 835 2324 adbibere,
853 2293 905 2319 hoc

119 2340 191 2374 quod
209 2339 337 2374 cupiebat
357 2338 466 2373 assequi
492 2345 547 2365 non
569 2341 690 2373 poterat;
706 2337 779 2373 quod
795 2338 905 2366 nolebat

120 2392 220 2415 autem.
239 2391 267 2413 ut
283 2386 430 2412 simulacra
448 2384 561 2414 coleret.
576 2383 629 2410 hoc
647 2391 710 2411 vero
723 2384 850 2418 poterat?
863 2384 905 2411 An

119 2441 180 2458 cum
205 2435 386 2466 temperanter
411 2429 492 2457 vellet
514 2429 615 2461 vivere,
631 2437 804 2464 nequaquam
820 2429 845 2457 id
861 2430 904 2457 l‘a-

118 2479 217 2508 ciubat,
234 2476 359 2504 libidines
372 2483 435 2502 vero
451 2482 483 2501 ac
499 2473 612 2510 ﬂagitia,
634 2474 735 2509 quibus
749 2474 905 2502 oll'endolia-

119 2529 173 2554 tur,
190 2523 244 2549 vita
262 2529 293 2551 ac
307 2522 385 2548 lactis
398 2522 587 2556 exprimebat?
602 2522 690 2556 Atque
707 2525 736 2548 ut
747 2521 904 2548 summatim

119 2569 255 2604 colligam.
280 2567 420 2602 crapulam
458 2574 490 2594 ac
507 2567 612 2600 luxum,
632 2567 712 2599 iram,
728 2567 902 2602 iniustitiam,

118 2619 269 2648 caulemque
293 2613 475 2647 improbitatis
486 2613 584 2643 ollicia,
601 2621 664 2640 cum
678 2613 770 2644 nollet,
788 2620 903 2648 usurpa-

119 2662 180 2693 bat;
197 2667 258 2695 quae
272 2659 353 2686 vellet
365 2662 465 2690 autem,
478 2659 613 2693 justitiam
641 2666 673 2685 ac
689 2658 899 2685 sanctimoniam

118 2706 270 2734 consectari
295 2713 348 2733 non
365 2704 491 2740 poterat?
508 2704 590 2739 Atqui
612 2705 681 2731 idem
703 2704 748 2731 ille
761 2705 857 2731 modiis
873 2705 912 2731 in.

121 2752 251 2780 Erclcsiis
267 2759 372 2779 silmilia
385 2759 479 2778 omnes
493 2750 576 2777 animi
598 2750 771 2777 contentione
791 2750 823 2776 ml
840 2751 899 2777 evi-

155 2830 164 2846 ¹
183 2828 252 2856 Psal.
268 2835 343 2861 mn,
357 2827 400 2859 l5,
419 2827 460 2853 Η.
499 2827 509 2842 ¹
524 2826 545 2853 ΙΙ
558 2825 620 2854 Cor.
634 2834 661 2859 x,
739 2827 749 2843 ³
765 2827 827 2854 Cor.
844 2827 915 2860 μηδ’.

951 2242 1116 2278 θεολατρεῑν,
1131 2243 1146 2269 ὃ
1175 2242 1224 2278 μὲν
1244 2242 1323 2277 ἠθελε
1345 2242 1509 2279 Θεολατρείν,
1543 2243 1593 2270 οὐκ
1614 2243 1740 2278 ﬁdelia-ro,

950 2289 965 2316 ὃ
987 2290 1015 2316 δὲ
1043 2289 1080 2325 μὴ
1107 2289 1202 2324 ἢθελεν
1231 2288 1444 2324 είδωλολατρεῖν,
1475 2288 1608 2323 ὴδύνατο;
1631 2289 1665 2315 Ἦ
1689 2297 1740 2315 σω-

952 2337 1060 2372 φρονεῖν
1080 2334 1129 2370 μέν
1140 2334 1154 2361 ὅ
1174 2333 1269 2369 ἢθελεν
1287 2334 1338 2360 οὐκ
1352 2334 1450 2366 ἐποίει,
1469 2334 1673 2361 ἀκολασταίνειν
1686 2334 1714 2361 δὲ
1725 2334 1740 2361 δ

953 2383 1050 2418 ἤχθετο
1062 2383 1164 2414 ἐποίεις
1178 2383 1232 2409 Καὶ
1245 2381 1394 2418 συλλήϐδην
1406 2383 1572 2418 κραιπαλᾷν,
1587 2382 1657 2410 ἀλλὰ
1673 2383 1738 2409 ἀσωο

952 2428 1078 2455 τεύεσθαι
1095 2428 1141 2455 καὶ
1164 2427 1325 2463 θυμοῦσθαι,
1346 2428 1457 2459 ἀδικεῖν,
1479 2429 1525 2455 καὶ
1544 2428 1580 2455 τὰ
1600 2428 1667 2455 ἄλλα
1689 2428 1738 2463 τῆς

952 2475 1084 2510 πονηρίας
1100 2474 1179 2510 ἔργα,
1195 2473 1213 2501 ἃ
1230 2475 1268 2509 μὴ
1282 2474 1376 2510 ἢθελεν
1392 2474 1477 2501 ἐποίει
1500 2475 1560 2510 μὲν,
1573 2474 1592 2502 ἃ
1603 2475 1631 2502 δὲ
1647 2474 1738 2510 ἤθελε,

951 2521 1124 2556 δικαιοσύνην
1141 2520 1188 2547 καὶ
1204 2520 1344 2555 ὁσιότητα,
1357 2520 1407 2547 οὐκ
1426 2520 1531 2553 ἐποίεις
1547 2521 1602 2547 Καὶ
1621 2520 1674 2556 μὴν
1689 2520 1738 2546 αὺ-

950 2566 1013 2599 τδς,
1039 2566 1070 2592 ὲν
1091 2566 1152 2597 ταῖς
1183 2565 1356 2600 Ἐκκλησίαις
1381 2565 1571 2601 προτροπάδην
1593 2566 1738 2601 ἐξεγείρων

952 2612 1055 2644 πάντας
1071 2612 1110 2643 εἰς
1127 2611 1158 2638 τὸ
1177 2611 1215 2647 μὴ
1234 2612 1353 2647 ἀνομεῖν,
1371 2613 1401 2639 οὐ
1422 2613 1501 2648 μόνον
1519 2613 1582 2644 τοὺς
1597 2612 1738 2644 ποιοῦντας

952 2658 1000 2685 καὶ
1019 2658 1226 2693 ἐπιτηδεύοντας
1248 2657 1285 2684 τὰ
1296 2658 1385 2685 ἄτοπα
1407 2658 1510 2694 ὀλέθρῳ
1533 2657 1674 2694 τηρεῖσθαι
1692 2659 1737 2685 καὶ

951 2704 1020 2740 ὀργῇ
1034 2704 1189 2739 παρεγγυᾷ,
1209 2704 1276 2731 ἀλλὰ
1293 2704 1339 2730 καὶ
1355 2704 1417 2736 τοὺς
1444 2703 1669 2735 συνευδοκοῦντας
1694 2703 1737 2730 at»

951 2751 1008 2781 τοῖς
1023 2749 1062 2781 εἰς
1086 2749 1170 2781 αὑτὰς
1193 2750 1293 2786 ἀμιγὲς
1312 2750 1448 2786 ἁμαρτίας
1465 2751 1494 2776 ἐν
1507 2751 1574 2786 ἡμῖν
1588 2749 1618 2776 τὸ
1637 2749 1740 2776 δίκαιον

955 2827 965 2842 ⁸
978 2825 1009 2853 F.
1024 2826 1218 2857 ἐπισκέψασθε.
