1958 3050
169 170 237 200 “69

501 171 685 199 ADVERSUS
705 171 875 199 [LERESES
894 171 958 199 LIB.

1050 171 1134 201 TOM.
1155 173 1211 200 l.—~
1232 173 1368 200 ιΙᾸΞΠΕδ.
1389 171 1481 200 LXIV.

1716 172 1783 200 H70

168 229 309 257 ἀσκεῖσθαι
335 229 558 264 διαμιλλώμενος.
575 230 633 256 Πᾶν
654 229 709 265 γὰρ
733 230 884 267 ἁμάρτημα
907 230 971 260 καὶ,

1023 231 1086 259 Inda
1093 232 1197 260 scelera
1213 233 1371 264 cohortalis,
1384 239 1438 258 non
1452 239 1501 259 eos
1509 230 1595 258 solum
1607 230 1652 265 qui
1662 229 1784 258 facinora

169 276 338 312 ἐπιτήδευμα
350 276 381 302 τὸ
400 275 586 312 συμπέρασμα
604 277 700 303 κτᾶται
714 276 758 304 διὰ
775 277 826 312 τῆς
843 277 953 311 σαρκός.

1003 281 1204 312 perpetrarent,
1218 278 1305 313 iisque
1331 277 1485 308 studerent,
1499 275 1533 303 ad
1546 277 1659 304 exitium
1674 279 1701 303 et
1718 275 1785 303 iram

170 323 302 354 Πολλάκις
318 321 382 357 γοῦν
398 323 428 348 ὲν
449 323 508 354 ταῖς
527 321 697 354 Ἐπιστολαῖς
718 323 869 358 ἀναφανδὸν
885 323 956 350 αὑτά

1023 323 1052 350 lei
1069 323 1250 350 reservandos
1273 321 1431 354 admonuit,
1457 321 1504 349 sed
1528 325 1555 349 et
1575 321 1637 348 illos
1664 321 1785 356 insuper,

169 369 201 403 δὴ
215 368 302 395 ταῦτα
317 367 451 395 διδάσκων
467 368 541 403 ἡμᾶς
556 367 775 404 ὑπεκτρέπεσθαι
790 369 837 396 καί
855 371 955 405 μισεῖν,

171 415 252 451 φησί’
267 414 295 441 Μ
300 414 316 449 ἡ
337 415 495 442 πλανᾶσθε
505 423 512 430 ·
532 414 603 441 οὔτε
619 415 735 449 πόρνοι,
750 415 819 443 οὔτε
839 415 957 443 εἰδωλο-

171 461 286 496 λάτραι,
293 461 362 488 οὔτε
369 461 480 496 μοιχοί,
489 461 705 496 οὒτεμαλιικοι,
713 462 781 489 οὔτε
787 461 959 496 ἀρσενοκοῖ-

172 515 229 540 ται,
243 507 313 534 οὕτε
323 507 458 539 κλέπται,
469 507 538 533 οὔτε
544 506 732 538 πλεονέκται,
742 507 811 534 οὔτε
820 507 958 542 μέθυσοι,

173 554 210 581 οὐ
223 553 371 588 λοίδοροι,
389 553 445 588 οὐχ
463 552 592 588 ἅρπαγες
607 553 771 585 ,βασιλείαν
787 553 861 581 Θεοῦ
885 555 959 588 κλη-

172 599 387 634 ρονυμήσουσι.

1004 369 1051 404 qui
1066 377 1128 396 cum
1143 369 1178 396 iis
1198 369 1225 395 in
1237 367 1370 403 ejusmodi
1396 367 1545 395 sceleribus
1560 367 1747 394 consentirent
1763 367 1786 393 ³.

1005 416 1079 443 Adeo
1119 422 1187 450 pura
1213 422 1245 442 ac
1272 415 1378 442 sincera
1397 414 1432 441 ab
1446 414 1520 441 omni
1547 413 1607 442 labe
1631 413 1744 448 justitia:
1772 421 1787 440 a

1012 462 1091 490 nobis
1128 461 1216 490 oﬂieia
1251 462 1374 497 przestari
1402 468 1566 497 magnopere
1598 461 1788 489 contendebat.

1011 508 1116 544 Quippe
1145 513 1287 543 peccatum
1318 515 1399 534 omne
1426 514 1458 534 ac
1481 511 1597 535 conatus
1623 506 1790 534 adminicttlo

1011 554 1103 582 carnis
1128 553 1162 581 ad
1183 553 1307 581 effectum
1325 552 1492 588 perducitur.
1512 552 1691 585 Quamobrem
1707 560 1790 587 sarpe-

1011 607 1125 627 numero
1148 599 1176 626 in
1201 598 1329 634 Epistolis
1356 599 1451 627 eadem
1474 599 1521 626 illa
1547 598 1691 627 manifeste
1712 598 1792 626 nobis

174 644 326 676 inculcans,
342 643 435 679 fugere
458 645 633 680 aversarique
650 644 738 680 jubet.
758 643 850 672 Nolite
869 653 971 678 errare,
997 646 1100 681 inquit.
1117 653 1198 681 neque
1223 645 1415 679 fornicatores,
1444 653 1524 679 neque
1550 644 1718 676 idololatrw,
1749 652 1791 671 net

174 690 301 722 adulteri,
325 698 406 725 neque
420 691 522 722 molles.
541 699 620 724 neque
649 691 829 718 masculorum
852 693 1048 724 concubitores,
1073 699 1153 727 neque
1180 691 1261 726 fures,
1282 699 1327 718 nec
1356 691 1441 723 avari,
1460 699 1506 718 nec
1530 690 1611 723 ebrii,
1628 698 1709 726 neque
1732 698 1792 717 con-

176 737 324 769 viciatores,
336 745 415 772 neque
429 742 547 772 raptores
562 745 670 773 regnum
684 737 734 765 Dei
749 737 918 772 possidebunt
933 737 953 763 ι.

212 796 267 823 Καὶ
288 796 318 823 τὸ
336 795 559 831 κορυφαιότατον.
586 797 625 828 εἰς
641 797 673 823 τὸ
694 796 867 824 παντάπασιν
889 797 963 832 ἡμᾶς

176 842 209 868 ὲκ
231 841 330 873 παντὸς
350 840 501 877 ἀποδράναι
519 841 567 868 καὶ
588 841 803 875 ἀποτινάξασθαι
824 841 855 869 τὸ
873 842 964 878 ἀμαρ-

177 887 267 914 τὰνειν
283 887 460 923 προτρέπων,
477 888 607 922 Μιμηται
619 896 692 922 μου,
706 888 900 923 ἀποφαίνεται,
921 888 965 923 γί-

178 934 278 965 νεσθε,
303 933 435 967 καθάπερ
456 933 537 969 κάγὼ
556 933 697 968 Χριστοῦ.
714 934 752 961 Οὐ
775 933 806 960 τὸ
823 934 831 950 ¹
845 935 931 960 ποιεῖν
947 933 965 961 ἃ

181 979 218 1015 μὴ
229 979 308 1015 ἧθελε
321 979 369 1006 καὶ
381 979 510 1015 πράττειν
520 979 636 1006 ὑπέθετο
645 979 680 1006 τὰ
691 979 886 1016 προειρημένα,
900 979 967 1007 ἀλλά

179 1024 218 1060 τῷ
232 1025 312 1060 μόνον
329 1024 494 1060 λογίζεσθαι.
512 1024 589 1052 Ἐπεὶ
606 1024 665 1056 πῶς
677 1024 710 1051 ἂν
758 1024 879 1060 μιμητὴς
893 1025 969 1060 ἀκρι-

180 1070 231 1106 6ὴς
244 1070 290 1097 τοῦ
314 1070 449 1107 Χριστοῦ;
474 1070 542 1098 Νυνὶ
561 1070 601 1102 δὲ,
629 1070 778 1106 ἐπειδήπερ
802 1070 968 1106 ἐμπίπτουσι

180 1116 323 1152 θηριώδεις
337 1117 466 1149 πολλάκις
479 1116 614 1152 λογισμοὶ,
626 1115 775 1152 ἐπιθυμίας
789 1117 863 1152 ἡμᾶς
874 1116 969 1144 ἄλλοτε

180 1163 267 1195 ἄλλως
281 1163 474 1199 ἐμπιπλῶντες
490 1163 537 1190 καὶ
551 1163 758 1199 περιεργασίας,

275 1229 360 1256 Ἠῢτε
368 1230 484 1264 μυιάων
497 1229 628 1256 ἁδινάων
641 1228 730 1257 ἔθνεα
742 1228 844 1256 πολλὰ
854 1237 861 1244 ⁸

182 1297 234 1333 ἔφη
248 1297 289 1330 ιδ,
312 1298 344 1325 '0
369 1298 424 1334 γὰρ
447 1298 478 1325 οὐ
500 1298 580 1329 θέλω,
603 1297 682 1325 τοῦτο
705 1298 786 1331 ποιῶ,
807 1297 871 1334 ἄχρι
885 1299 896 1314 ⁸
921 1298 970 1333 τῆς

181 1344 269 1380 ψυχῆς
299 1344 441 1382 εὐθαρσῶς
470 1345 624 1378 ἀποσοϐεῖν,
653 1344 755 1381 μηδένα
781 1344 851 1377 ὅλως
873 1345 914 1377 εἰς
940 1344 971 1371 τὺ

184 1389 293 1425 ποιῆσαι
303 1389 338 1416 τὰ
351 1389 396 1416 ὑπ’
408 1390 498 1416 αὐτῶν
510 1389 687 1426 ὑπηχούμενα
697 1389 834 1421 νεύοντας.
849 1390 907 1417 Ἵνα
917 1390 971 1425 γὰρ

184 1434 356 1470 ἐγκριθῶμεν
375 1437 414 1468 εἰς
427 1436 477 1471 τὴν
499 1435 637 1471 βασιλείαν
655 1435 709 1463 τῶν
721 1435 854 1470 οὐρανῶν,
875 1436 905 1463 ὲν
920 1436 972 1463 πά-

186 1489 246 1512 σαις
258 1481 365 1516 ἡδοναῖς
381 1482 428 1508 καὶ
439 1481 539 1514 λύπαις
549 1481 769 1517 δοκιμασθέντες,
788 1482 812 1508 εἱ
827 1481 865 1517 μὴ
890 1489 972 1517 μετα-

185 1526 358 1562 ϐαλλοίμεθα,
373 1527 441 1554 ἀλλά
456 1527 605 1563 πανταχοῦ,
618 1527 744 1564 καθάπερ
756 1527 894 1563 ἀκήρατος
908 1535 973 1563 χρυ-

1051 796 1164 830 Deinde,
1193 796 1264 832 quod
1281 800 1362 832 caput
1387 800 1439 828 est,
1466 800 1496 823 ut
1521 803 1571 824 nos
1596 795 1629 823 ad
1655 798 1794 830 peccatum

1016 843 1090 870 omni
1111 850 1163 878 ope
1185 842 1325 870 vitandum
1347 845 1375 870 et
1397 841 1590 869 excutiendum
1620 839 1794 875 impelleret:

980 905 1001 933 Β
1017 889 1169 917 lmitatores
1181 890 1242 922 mei,
1257 889 1356 925 inquit,
1371 893 1463 922 estote,
1479 889 1547 916 sicut
1558 893 1583 916 et
1596 896 1643 923 ego
1657 886 1758 915 Christi
1774 887 1795 913 '.

1017 937 1057 964 Ita
1078 943 1133 964 non
1151 936 1254 972 agendo
1277 935 1536 970 committendoque,
1559 942 1620 978 qua;
1635 933 1729 966 nollet,
1751 933 1796 960 sed

1018 981 1163 1018 cogitando
1187 983 1275 1010 solum
1293 982 1435 1018 superiora
1457 981 1502 1009 illa
1518 981 1669 1017 proposuit.
1689 979 1796 1014 Alioqui

1018 1029 1064 1064 qui
1087 1031 1180 1064 posset
1199 1028 1320 1056 imitator
1338 1027 1440 1056 Christi
1461 1035 1523 1055 esse
1539 1026 1622 1062 586
1638 1025 1797 1062 perfectus!

1018 1073 1096 1102 Nune
1116 1078 1218 1106 autem,
1243 1081 1304 1101 eum
1328 1079 1400 1108 saepe
1413 1072 1562 1100 bestiarum
1578 1069 1696 1106 propriae
1719 1070 1797 1098 nobis

1019 1119 1198 1154 cogitationes
1215 1118 1348 1150 incidant,
1363 1124 1424 1152 quae
1439 1124 1491 1145 nos
1504 1116 1558 1144 alia
1574 1116 1642 1144 alias
1655 1114 1798 1151 cupiditate

1019 1171 1051 1191 ac
1064 1164 1222 1192 curiositate
1239 1163 1403 1198 compleant,

1055 1232 1209 1260 Hunorum
1224 1231 1304 1260 veluti
1324 1230 1465 1259 derutarum
1476 1230 1601 1257 examina
1615 1228 1699 1256 multa
1710 1236 1721 1255 :

1021 1301 1134 1334 idcirco,
1153 1300 1210 1328 Non
1227 1299 1300 1335 quod
1312 1299 1385 1331 volo,
1399 1298 1477 1329 dixit,
1493 1298 1546 1325 hoc
1557 1297 1636 1325 facio.
1655 1296 1721 1330 Qua:
1743 1295 1799 1331 qui.

1020 1349 1080 1376 dem
1101 1350 1259 1375 constanter
1282 1353 1316 1373 ex
1344 1345 1436 1372 animo
1460 1343 1593 1379 ejicienda
1617 1346 1692 1374 sunt,
1717 1346 1746 1369 ut
1769 1342 1801 1369 ad

1020 1393 1125 1421 nullum
1142 1392 1264 1424 omnino,
1288 1390 1403 1418 faciendi
1419 1397 1480 1425 qua:
1500 1389 1619 1417 suaserit
1642 1387 1740 1423 gratia.
1755 1387 1799 1414 de-

1021 1439 1165 1467 clinemus.
1182 1437 1218 1466 Ut
1229 1437 1302 1466 enim
1318 1435 1352 1464 ad
1363 1436 1474 1464 caeleste
1486 1441 1600 1470 regnum
1622 1433 1802 1464 ascribamur,

1021 1488 1165 1520 postquam
1185 1491 1233 1519 per
1249 1490 1344 1511 omnes
1367 1482 1521 1517 voluptates
1551 1488 1583 1508 ac
1602 1480 1711 1508 dolores
1733 1480 1801 1515 peri-

1022 1531 1114 1560 culum
1144 1530 1231 1558 nostri
1263 1529 1424 1560 fecerimus,
1463 1532 1618 1555 utrumnam
1650 1530 1802 1554 constantes

159 1607 160 1610 η
187 1572 243 1604 σὸς,
262 1572 307 1599 διὰ
328 1573 414 1609 πυρὸς
436 1573 642 1609 βασανιζόμενοι
663 1573 714 1599 οὑκ
737 1572 901 1608 ὲξιστάμεθα
923 1573 971 1608 τῆς

1024 1579 1106 1610 atque
1122 1574 1304 1602 immutabiles
1320 1572 1418 1607 simus,
1431 1577 1458 1600 et
1480 1572 1581 1607 ubique
1596 1571 1747 1606 incorrupti
1763 1572 1803 1598 in.

186 1618 289 1650 οἰκείας
299 1619 410 1655 ἀρετῆς,
422 1619 564 1656 ωμὸαίνει
574 1619 663 1654 τοῦτο,
679 1619 844 1655 διοχλεῖσθαι
853 1619 899 1646 τὸν
910 1618 972 1646 νοῦν

187 1664 240 1691 ὑπὸ
255 1664 370 1692 πολλῶν.
385 1666 464 1692 Ὅθεν
485 1666 518 1701 δὴ
532 1666 674 1700 γενναίως,
690 1664 785 1702 ὥσπερ
806 1665 973 1702 στρατιώτας

187 1711 323 1745 ἀρίστους,
334 1711 616 1748 ἀντιπαρατάσσεσθαι
626 1711 677 1744 δεῐ,
687 1711 722 1745 οἳ,
735 1711 844 1738 ὲπειδάν
853 1711 908 1738 ἀπὸ
918 1711 973 1738 τῶν

188 1757 291 1793 ἐχθρῶν
318 1758 465 1785 αῐσθωνται
495 1758 733 1794 πολιορκούμενοι,
765 1757 872 1790 τοξείας
898 1757 974 1786 οὐδὲν

188 1802 380 1837 φροντίσαντες
401 1803 516 1830 καὶτῶν
537 1803 623 1831 ἄλλων
642 1804 731 1831 αὐτῶν
753 1803 973 1840 ἀκοντισμάτων,

190 1847 260 1884 ὑπὲρ
270 1848 317 1875 τοῦ
335 1849 420 1875 σῶσαι
433 1849 482 1885 τὴν
497 1850 574 1877 πόλιν
587 1849 734 1886 προθύμως
747 1849 792 1877 ἐπ’
805 1850 903 1882 αὐτοὺς
919 1849 974 1877 τεν-

189 1902 245 1924 ται.
266 1895 347 1931 μηδὲν
369 1895 536 1928 ἐλλείποντες
559 1896 687 1932 σπουδῆς.
705 1896 761 1923 ἔστ’
781 1896 814 1923 ἂν
834 1896 865 1923 τὸ
882 1898 976 1931 στῖφος

189 1941 280 1968 αὐτῶν
293 1942 334 1973 είς
347 1942 435 1978 φυγὴν
450 1942 649 1978 ἀνατρέψαντες
663 1941 826 1970 ἀπώσωνται
838 1943 892 1970 τῶν
905 1943 976 1978 ὅρων

190 1986 253 2019 ἔξω.
276 1987 358 2022 Ὁρᾷς
379 1988 443 2024 γὰρ,
458 1987 496 2020 ὡς
520 1988 545 2014 oi
567 1988 692 2023 λογισμοὶ
713 1988 757 2016 διὰ
779 1989 828 2024 τὴν
849 1988 976 2016 οἰκοῦσαν

191 2032 328 2067 ἁμαρτίαν
340 2034 369 2059 ὲν
383 2034 449 2068 ἡμῖν
471 2033 569 2066 ἔξωθεν
583 2033 813 2066 ὲπισυνίστανται,
829 2034 978 2069 καθαπερεὶ

169 2076 171 2078 ’
192 2077 271 2108 κύνες
287 2077 449 2111 λυσσῶντες,
467 2078 484 2113 ἢ
503 2078 594 2114 ἄγριοι
612 2079 659 2105 καὶ
672 2078 783 2114 θρααεῐς
804 2078 902 2114 λῃσταὶ
915 2078 977 2106 καθ’

192 2124 269 2160 ἡμῶν
281 2124 324 2150 ἀεὶ
335 2124 545 2160 παρορμώμενοι
557 2124 610 2151 ὑπὸ
622 2124 669 2151 τοῦ
680 2124 812 2160 τυράννου
826 2125 873 2151 καὶ
885 2124 979 2160 ἄρχον-

191 2178 237 2201 τος
251 2169 300 2205 τῆς
316 2170 432 2202 ἀδικίας,
455 2170 646 2206 δοκιμάζοντες
659 2171 743 2207 ἡμᾶς,
759 2171 783 2197 εἰ
803 2169 978 2198 ἀνθίστασθαι

193 2217 284 2248 αὐτοῖς
298 2216 437 2252 ἀρκοῦμεν
452 2217 499 2244 καὶ
513 2216 810 2253 ἀντιπαρατάσσεσθαι.

1026 1625 1082 1648 star
1095 1619 1156 1646 auri
1171 1619 1233 1654 igne
1247 1622 1328 1653 atque
1349 1617 1474 1645 incendio
1492 1616 1608 1652 probati,
1626 1615 1693 1643 nihil
1711 1623 1725 1643 a
1743 1623 1802 1651 pro-

1026 1666 1085 1701 pria
1108 1665 1210 1693 virtute
1242 1663 1456 1693 deseiverimus.
1484 1665 1541 1690 tum
1572 1670 1638 1690 vero
1670 1662 1804 1697 plerisque

1027 1714 1108 1740 rebus
1131 1711 1238 1739 animus
1260 1715 1355 1738 noster
1377 1708 1551 1744 perturbatur
1577 1712 1658 1743 atque
1686 1708 1804 1742 angitur.

1026 1758 1207 1792 Quamobrem
1226 1756 1331 1784 fortiter
1343 1763 1394 1783 nos
1409 1762 1503 1783 eorum
1515 1753 1658 1782 conatibus
1670 1761 1805 1789 opponere

1027 1804 1166 1832 debemus.
1184 1801 1414 1836 Quemadmodum
1436 1807 1529 1834 gerere
1548 1807 1577 1827 se
1591 1799 1690 1826 milites
1702 1798 1806 1831 solent;

1027 1849 1075 1884 qui
1089 1856 1150 1877 cum
1162 1856 1192 1876 se
1206 1848 1241 1875 ab
1254 1847 1380 1875 hostibus
1394 1845 1513 1874 obsideri
1532 1844 1635 1876 vident,
1649 1845 1746 1871 horum
1763 1851 1806 1870 sa-

1027 1895 1102 1931 gittis
1117 1902 1149 1922 ac
1171 1893 1270 1930 iaculis
1286 1891 1458 1927 contemptis,
1481 1890 1602 1918 tutandae
1624 1890 1699 1917 urbis
1721 1889 1807 1926 gratia

1029 1949 1127 1976 magno
1138 1940 1228 1968 animo
1243 1937 1448 1974 impressionem
1473 1937 1501 1963 in
1512 1943 1561 1964 eos
1579 1936 1682 1963 faciunt
1699 1944 1704 1962 :
1722 1943 1808 1969 neque

1028 1987 1177 2022 quidquam
1198 1983 1279 2013 studii
1304 1981 1522 2019 praetermittunt,
1542 1981 1630 2008 donec
1656 1980 1808 2007 confertum

1030 2033 1138 2061 illorum
1157 2031 1266 2065 globum
1289 2028 1449 2064 propulsent
1474 2030 1555 2062 atque
1568 2030 1644 2054 extra
1663 2025 1730 2054 llnes
1744 2033 1810 2053 suos

1029 2078 1152 2113 ejiciant.
1167 2075 1250 2103 Vides
1262 2074 1334 2102 enim
1349 2073 1388 2101 uti
1403 2071 1581 2108 cogitationes
1593 2075 1704 2107 propter
1717 2079 1806 2106 pecca-

1030 2130 1088 2153 tum
1104 2122 1182 2153 illud.
1197 2121 1270 2157 quod
1293 2120 1321 2147 in
1344 2118 1422 2146 nobis
1448 2117 1563 2150 habitat,
1577 2117 1749 2145 extrinsecus
1769 2117 1810 2143 iu-

1031 2173 1154 2205 surgant,
1171 2167 1244 2195 velut
1259 2165 1345 2194 rabidi
1355 2165 1465 2200 quidam
1478 2170 1570 2195 canes.
1586 2163 1627 2189 vel
1646 2162 1764 2190 audaces
1779 2170 1811 2189 ac

1032 2214 1179 2244 truculenti
1202 2211 1360 2248 praedones.
1382 2217 1452 2245 quos
1468 2208 1594 2236 immanis
1613 2207 1658 2234 ille
1679 2211 1812 2242 tyrannus

192 2269 221 2291 et
235 2264 374 2299 injustitize
399 2265 526 2300 princeps
556 2265 666 2293 assidue
687 2265 714 2292 in
737 2273 788 2293 nos
814 2265 946 2294 immittit.
965 2267 1054 2303 Atque
1068 2265 1103 2293 ab
1123 2264 1157 2291 iis
1171 2260 1281 2298 quidem
1301 2259 1459 2295 probamur,
1476 2260 1567 2283 utrum
1593 2255 1719 2283 resistere
1745 2254 1812 2289 ἱρείδ

194 2315 275 2345 atque
290 2318 323 2338 ex
336 2310 452 2338 adverso
464 2311 538 2338 velut
552 2310 579 2338 in
587 2311 645 2338 acie
661 2310 811 2338 consistere
825 2311 972 2345 possimus.

229 2369 293 2396 NO'.
311 2369 378 2403 Ἀγε
399 2367 445 2395 οὖν
469 2369 505 2404 μή
525 2377 589 2395 ποτε
610 2367 761 2395 ὑπενδοῦσα
784 2367 937 2404 ἀρπασθῇς,
953 2365 971 2395 ἆ

1063 2365 1130 2394 LIX.
1140 2365 1195 2399 Age
1205 2362 1307 2396 itaque,
1319 2359 1431 2389 videsls,
1445 2358 1546 2389 anima,
1558 2364 1592 2383 ne
1604 2355 1813 2391 infractaquan-

193 2414 276 2449 ψυχὴ,
294 2413 363 2449 πρὸς
378 2414 468 2445 αὑτὸν,
487 2413 534 2440 καὶ
551 2414 600 2448 οὺχ
614 2412 711 2448 ἓξομεν
734 2412 804 2448 ὑπὲρ
821 2412 868 2439 σοῦ
888 2412 978 2440 δοῦναι

193 2459 289 2494 λύτρα.
306 2459 337 2484 Tl
348 2458 403 2493 γὰρ
422 2458 685 2492 ἀντικατάλλαγμα
702 2457 801 2489 δώσει,
816 2457 909 2491 φησὶν,
928 2457 980 2484 ἅν-

195 2507 310 2540 θρωπος
327 2503 384 2538 τῆς
402 2504 506 2539 ψυχῆς
527 2503 638 2535 αὺτοῦ;
662 2503 750 2530 Καλὸν
768 2503 817 2538 μὲν
834 2501 881 2530 οὖν
901 2503 926 2529 εἰ
942 2502 980 2538 μὴ

195 2552 314 2586 εἴχομεν,
329 2548 363 2586 ἦν
377 2550 442 2586 ἄρα,
458 2551 506 2577 καὶ
518 2549 699 2585 χαρμοτατον,
712 2549 776 2580 τοὺς
788 2548 981 2583 ἀντιπράσσον-

194 2606 244 2628 τας
258 2598 324 2632 ἡμῖν
339 2596 384 2623 καὶ
407 2595 585 2631 μαχομένους.
607 2595 683 2622 Ἐπεὶ
700 2594 728 2621 δὲ
745 2594 825 2621 τοῦτο
838 2594 978 2625 ἀδύνατον,

196 2643 243 2669 καὶ
255 2643 269 2669 ὃ
288 2642 400 2676 θέλομεν
417 2641 448 2668 οὐ
471 2641 617 2676 δυνάμεθα.
638 2639 756 2675 Θέλομεν
775 2639 829 2675 γὰρ
854 2639 891 2674 μὴ
909 2639 981 2674 ἔχειν

197 2689 257 2720 τοὺς
269 2687 427 2720 ὲξὲλκοντας
441 2688 513 2722 ἡμᾶς
525 2688 565 2718 εἰς
575 2685 647 2721 πάθη
656 2695 662 2702 ·
677 2683 711 2722 ἦν
724 2685 778 2721 γὰρ
793 2685 920 2720 ἀνιδρωτὶ
930 2693 982 2711 σω-

198 2734 287 2769 θῆναι,
310 2734 357 2760 καὶ
379 2732 394 2759 δ
410 2732 523 2768 θέλομεν
543 2732 622 2758 τοῦτο
638 2732 667 2758 οὺ
690 2731 824 2766 γίγνεται,
848 2730 905 2757 ἀλλ’
921 2729 935 2755 ὃ
950 2730 980 2756 οὐ

197 2779 320 2815 θέλομεν.
340 2780 386 2806 Δεῖ
400 2779 454 2816 γὰρ
472 2779 545 2815 ἡμᾶς
562 2778 767 2813 δοκιμάζεσθαι,
784 2778 821 2810 ὡς
844 2777 920 2812 ἔφην.
935 2777 981 2811 Μὴ

1032 2413 1119 2447 doque
1130 2411 1157 2437 in
1168 2408 1233 2436 illud
1244 2411 1402 2434 transversa
1412 2403 1541 2438 rapi-aris;
1554 2410 1603 2428 nec
1613 2401 1667 2428 ullo
1678 2405 1704 2428 te
1714 2401 1817 2427 redem-

1032 2458 1134 2494 ptionis
1147 2455 1233 2491 pretio
1248 2453 1364 2480 liberare
1384 2456 1530 2485 possumus
1543 2457 1549 2475 ι
1562 2448 1647 2481 Quam
1660 2447 1727 2474 enim
1743 2455 1813 2473 cout-

1033 2491 1203 2530 inutatianem
1216 2498 1288 2526 dabit
1302 2498 1377 2524 homo
1387 2503 1434 2530 pro
1447 2495 1537 2521 anima
1549 2502 1597 2521 sua
1614 2493 1647 2519 ’Τ
1660 2493 1691 2519 Et
1705 2491 1812 2527 quidqu

1033 2549 1180 2584 optandum
1195 2543 1260 2572 illud
1275 2545 1335 2571 erat
1351 2549 1383 2568 ae
1403 2540 1501 2568 laetitia:
1515 2538 1712 2574 plenissimum.
1725 2537 1814 2563 nullos

1034 2583 1063 2622 ut
1077 2590 1247 2621 adversarios
1268 2592 1349 2623 atque
1372 2587 1465 2614 hostes
1489 2585 1659 2612 haberemus.
1676 2583 1728 2610 Sed
1751 2591 1815 2617 quo-

1034 2640 1106 2668 niam
1123 2637 1180 2665 ﬁeri
1203 2634 1274 2662 istud
1296 2641 1351 2660 non
1377 2635 1477 2666 potest.
1492 2634 1522 2658 et
1537 2629 1608 2664 quod
1623 2629 1746 2655 voluntas
1769 2636 1815 2654 ne-

1033 2690 1169 2720 quaquam
1178 2680 1359 2714 assequitnur.
1370 2675 1581 2703 Volumusenim
1593 2673 1691 2700 habere
1699 2672 1814 2701 nullum,

1034 2717 1080 2765 qui
1095 2717 1144 2756 nos
1158 2727 1191 2754 ad
1207 2725 1289 2752 animi
1303 2722 1521 2759 perturbationes
1536 2719 1670 2750 attrahat;
1687 2725 1748 2744 naut
1766 2717 1816 2743 hoc

1017 2762 1119 2801 \modo
1138 2772 1205 2799 citra
1220 2769 1346 2797 sudorem
1367 2774 1398 2794 ae
1421 2766 1538 2793 laborem
1556 2764 1669 2791 salutem
1694 2762 1817 2789 obtinere

230 2883 302 2911 ’ὼν
324 2882 372 2918 τῷ.
405 2883 415 2898 ¹
431 2881 641 2918 ﬂammati;
651 2880 762 2917 μηδένα.
797 2879 894 2906 ‘Bom.
909 2878 969 2911 t,52

1023 2876 1054 2904 ‘l
1072 2876 1134 2904 Cor.
1151 2881 1187 2906 Vl,
1207 2873 1233 2906 9,
1253 2871 1294 2900 ιο.
1333 2870 1367 2898 'l
1385 2869 1448 2898 Cor.
1466 2876 1502 2899 λι,
1524 2867 1547 2894 l.
1579 2863 1679 2892 'Matth
1709 2861 1819 2893 unﬁt}.
