  <div class='ocr_page' id='page_1' title='image "/cluster/home/n/w/nwhite01/storage/ocr_20150623/41/njp.32101007805813/612.png"; bbox 0 0 1958 3050; ppageno 0'>
   <div class='ocr_carea' id='block_1_1' title="bbox 188 142 257 171">
    <p class='ocr_par' dir='ltr' id='par_1_1' title="bbox 188 142 257 171">
     <span class='ocr_line' id='line_1_1' title="bbox 188 142 257 171; baseline 0.014 -1"><span class='ocrx_word' id='word_1_1' title='bbox 188 142 257 171; x_wconf 76' lang='lat'><strong>“75</strong></span> 
     </span>
    </p>
   </div>
   <div class='ocr_carea' id='block_1_2' title="bbox 518 143 1482 177">
    <p class='ocr_par' dir='ltr' id='par_1_2' title="bbox 518 143 1482 177">
     <span class='ocr_line' id='line_1_2' title="bbox 518 143 1482 177; baseline 0.006 -6"><span class='ocrx_word' id='word_1_2' title='bbox 518 143 701 174; x_wconf 83' lang='lat' dir='ltr'><strong>ADVERSUS</strong></span> <span class='ocrx_word' id='word_1_3' title='bbox 719 145 889 175; x_wconf 69' lang='lat' dir='ltr'><strong>llAZRI-ISES</strong></span> <span class='ocrx_word' id='word_1_4' title='bbox 905 147 969 177; x_wconf 84' lang='lat' dir='ltr'><strong>LIB.</strong></span> <span class='ocrx_word' id='word_1_5' title='bbox 988 148 1020 177; x_wconf 90' lang='lat' dir='ltr'><strong>II.</strong></span> <span class='ocrx_word' id='word_1_6' title='bbox 1042 148 1122 176; x_wconf 77' lang='lat' dir='ltr'><strong>TOM.</strong></span> <span class='ocrx_word' id='word_1_7' title='bbox 1144 148 1164 176; x_wconf 85' lang='lat' dir='ltr'><strong>I.</strong></span> <span class='ocrx_word' id='word_1_8' title='bbox 1180 162 1216 170; x_wconf 85' lang='lat'><strong>--</strong></span> <span class='ocrx_word' id='word_1_9' title='bbox 1233 148 1368 177; x_wconf 55' lang='lat' dir='ltr'><strong>HERES.</strong></span> <span class='ocrx_word' id='word_1_10' title='bbox 1389 149 1482 177; x_wconf 65' lang='lat' dir='ltr'><strong>LXIV.</strong></span> 
     </span>
    </p>
   </div>
   <div class='ocr_carea' id='block_1_3' title="bbox 1744 149 1811 176">
    <p class='ocr_par' dir='ltr' id='par_1_3' title="bbox 1744 149 1811 176">
     <span class='ocr_line' id='line_1_3' title="bbox 1744 149 1811 176; baseline 0 0"><span class='ocrx_word' id='word_1_11' title='bbox 1744 149 1811 176; x_wconf 70' lang='grc' dir='ltr'><strong>11η</strong></span> 
     </span>
    </p>
   </div>
   <div class='ocr_carea' id='block_1_4' title="bbox 187 201 982 243">
    <p class='ocr_par' dir='ltr' id='par_1_4' title="bbox 187 201 973 242">
     <span class='ocr_line' id='line_1_4' title="bbox 187 201 973 242; baseline 0.006 -14"><span class='ocrx_word' id='word_1_12' title='bbox 187 201 351 238; x_wconf 81' lang='grc' dir='ltr'>ορθούμενον</span> <span class='ocrx_word' id='word_1_13' title='bbox 373 201 418 229; x_wconf 80' lang='grc' dir='ltr'>τὸν</span> <span class='ocrx_word' id='word_1_14' title='bbox 441 203 580 238; x_wconf 73' lang='grc' dir='ltr'>λογισμόν.</span> <span class='ocrx_word' id='word_1_15' title='bbox 615 203 696 230; x_wconf 85' lang='grc' dir='ltr'><strong>Ὅθεν</strong></span> <span class='ocrx_word' id='word_1_16' title='bbox 717 205 750 240; x_wconf 83' lang='grc' dir='ltr'><strong>τῇ</strong></span> <span class='ocrx_word' id='word_1_17' title='bbox 769 205 913 242; x_wconf 81' lang='grc' dir='ltr'><strong>νομοθεσίᾳ</strong></span> <span class='ocrx_word' id='word_1_18' title='bbox 927 207 973 233; x_wconf 78' lang='grc' dir='ltr'><strong>τοῦ</strong></span> 
     </span>
    </p>
   </div>
   <div class='ocr_carea' id='block_1_5' title="bbox 1034 201 1801 243">
    <p class='ocr_par' dir='ltr' id='par_1_5' title="bbox 1034 201 1801 243">
     <span class='ocr_line' id='line_1_5' title="bbox 1034 201 1801 243; baseline 0.001 -10"><span class='ocrx_word' id='word_1_19' title='bbox 1034 201 1196 242; x_wconf 83' lang='lat' dir='ltr'><strong>trtiﬁcioque</strong></span> <span class='ocrx_word' id='word_1_20' title='bbox 1213 207 1407 243; x_wconf 74' lang='lat' dir='ltr'><strong>proﬁciscitur.</strong></span> <span class='ocrx_word' id='word_1_21' title='bbox 1429 207 1509 235; x_wconf 70' lang='lat' dir='ltr'><strong>Aliud</strong></span> <span class='ocrx_word' id='word_1_22' title='bbox 1523 211 1576 239; x_wconf 86' lang='lat' dir='ltr'><strong>est,</strong></span> <span class='ocrx_word' id='word_1_23' title='bbox 1593 205 1666 242; x_wconf 89' lang='lat' dir='ltr'><strong>quod</strong></span> <span class='ocrx_word' id='word_1_24' title='bbox 1682 215 1716 234; x_wconf 80' lang='lat' dir='ltr'><strong>ex</strong></span> <span class='ocrx_word' id='word_1_25' title='bbox 1735 214 1801 234; x_wconf 78' lang='lat' dir='ltr'><strong>man-</strong></span> 
     </span>
    </p>
   </div>
   <div class='ocr_carea' id='block_1_6' title="bbox 188 247 975 286">
    <p class='ocr_par' dir='ltr' id='par_1_6' title="bbox 188 247 975 286">
     <span class='ocr_line' id='line_1_6' title="bbox 188 247 975 286; baseline 0.005 -12"><span class='ocrx_word' id='word_1_26' title='bbox 188 247 256 274; x_wconf 84' lang='grc' dir='ltr'><strong>Θεοῦ</strong></span> <span class='ocrx_word' id='word_1_27' title='bbox 272 249 342 276; x_wconf 81' lang='grc' dir='ltr'>κατὰ</span> <span class='ocrx_word' id='word_1_28' title='bbox 359 249 405 276; x_wconf 78' lang='grc' dir='ltr'><strong>τὸν</strong></span> <span class='ocrx_word' id='word_1_29' title='bbox 427 249 490 277; x_wconf 80' lang='grc' dir='ltr'>νοῦν</span> <span class='ocrx_word' id='word_1_30' title='bbox 510 249 696 285; x_wconf 83' lang='grc' dir='ltr'><strong>συνηδόμεθα·</strong></span> <span class='ocrx_word' id='word_1_31' title='bbox 712 249 792 276; x_wconf 84' lang='grc' dir='ltr'><strong>τοῦτο</strong></span> <span class='ocrx_word' id='word_1_32' title='bbox 816 250 870 286; x_wconf 84' lang='grc' dir='ltr'><strong>γὰρ</strong></span> <span class='ocrx_word' id='word_1_33' title='bbox 883 251 898 276; x_wconf 83' lang='grc' dir='ltr'>ὁ</span> <span class='ocrx_word' id='word_1_34' title='bbox 921 251 975 278; x_wconf 80' lang='grc' dir='ltr'><strong>ἔσω</strong></span> 
     </span>
    </p>
   </div>
   <div class='ocr_carea' id='block_1_7' title="bbox 189 293 975 333">
    <p class='ocr_par' dir='ltr' id='par_1_7' title="bbox 189 293 975 333">
     <span class='ocr_line' id='line_1_7' title="bbox 189 293 975 333; baseline 0.003 -12"><span class='ocrx_word' id='word_1_35' title='bbox 189 293 332 330; x_wconf 74' lang='grc' dir='ltr'><strong>ἄνθρωπος</strong></span> <span class='ocrx_word' id='word_1_36' title='bbox 342 304 350 311; x_wconf 88' lang='grc'><strong>·</strong></span> <span class='ocrx_word' id='word_1_37' title='bbox 366 297 399 332; x_wconf 78' lang='grc' dir='ltr'><strong>τῇ</strong></span> <span class='ocrx_word' id='word_1_38' title='bbox 415 296 443 322; x_wconf 66' lang='grc' dir='ltr'><strong>δὲ</strong></span> <span class='ocrx_word' id='word_1_39' title='bbox 461 295 607 331; x_wconf 73' lang='grc' dir='ltr'><strong>νομοθεσίᾳ</strong></span> <span class='ocrx_word' id='word_1_40' title='bbox 625 295 672 322; x_wconf 82' lang='grc' dir='ltr'><strong>τοῦ</strong></span> <span class='ocrx_word' id='word_1_41' title='bbox 697 295 821 322; x_wconf 74' lang='grc' dir='ltr'><strong>διαὸόλου</strong></span> <span class='ocrx_word' id='word_1_42' title='bbox 841 296 911 323; x_wconf 85' lang='grc' dir='ltr'>κατὰ</span> <span class='ocrx_word' id='word_1_43' title='bbox 927 297 975 333; x_wconf 77' lang='grc' dir='ltr'><strong>τὴν</strong></span> 
     </span>
    </p>
   </div>
   <div class='ocr_carea' id='block_1_8' title="bbox 191 340 976 376">
    <p class='ocr_par' dir='ltr' id='par_1_8' title="bbox 191 340 976 376">
     <span class='ocr_line' id='line_1_8' title="bbox 191 340 976 376; baseline 0.003 -10"><span class='ocrx_word' id='word_1_44' title='bbox 191 340 349 367; x_wconf 74' lang='grc' dir='ltr'><strong>ἐνοικοῦσαν</strong></span> <span class='ocrx_word' id='word_1_45' title='bbox 374 341 511 376; x_wconf 82' lang='grc' dir='ltr'><strong>ἁμαρτίαν</strong></span> <span class='ocrx_word' id='word_1_46' title='bbox 538 341 566 367; x_wconf 81' lang='grc' dir='ltr'>ὲν</span> <span class='ocrx_word' id='word_1_47' title='bbox 586 341 620 376; x_wconf 77' lang='grc' dir='ltr'><strong>τῇ</strong></span> <span class='ocrx_word' id='word_1_48' title='bbox 643 341 734 376; x_wconf 82' lang='grc' dir='ltr'>σαρκί.</span> <span class='ocrx_word' id='word_1_49' title='bbox 761 340 792 367; x_wconf 91' lang='lat'>&#39;0</span> <span class='ocrx_word' id='word_1_50' title='bbox 817 342 871 376; x_wconf 78' lang='grc' dir='ltr'>γὰρ</span> <span class='ocrx_word' id='word_1_51' title='bbox 896 342 976 376; x_wconf 86' lang='grc' dir='ltr'>νόμος</span> 
     </span>
    </p>
   </div>
   <div class='ocr_carea' id='block_1_9' title="bbox 191 387 975 423">
    <p class='ocr_par' dir='ltr' id='par_1_9' title="bbox 191 387 975 423">
     <span class='ocr_line' id='line_1_9' title="bbox 191 387 975 423; baseline 0.003 -11"><span class='ocrx_word' id='word_1_52' title='bbox 191 387 465 423; x_wconf 82' lang='grc' dir='ltr'>ἀντιστρατευόμενος</span> <span class='ocrx_word' id='word_1_53' title='bbox 490 387 537 414; x_wconf 80' lang='grc' dir='ltr'><strong>καὶ</strong></span> <span class='ocrx_word' id='word_1_54' title='bbox 558 388 750 422; x_wconf 83' lang='grc' dir='ltr'><strong>ἀντιπράσσων</strong></span> <span class='ocrx_word' id='word_1_55' title='bbox 774 387 814 422; x_wconf 87' lang='grc' dir='ltr'><strong>τῷ</strong></span> <span class='ocrx_word' id='word_1_56' title='bbox 834 388 908 423; x_wconf 86' lang='grc' dir='ltr'>νόμῳ</span> <span class='ocrx_word' id='word_1_57' title='bbox 928 388 975 414; x_wconf 78' lang='grc' dir='ltr'><strong>τοῦ</strong></span> 
     </span>
    </p>
   </div>
   <div class='ocr_carea' id='block_1_10' title="bbox 189 430 976 468">
    <p class='ocr_par' dir='ltr' id='par_1_10' title="bbox 189 430 976 468">
     <span class='ocr_line' id='line_1_10' title="bbox 189 430 976 468; baseline 0.003 -10"><span class='ocrx_word' id='word_1_58' title='bbox 189 432 277 464; x_wconf 79' lang='grc' dir='ltr'>Θεοῦ,</span> <span class='ocrx_word' id='word_1_59' title='bbox 300 434 314 460; x_wconf 86' lang='grc' dir='ltr'><strong>ό</strong></span> <span class='ocrx_word' id='word_1_60' title='bbox 340 433 369 459; x_wconf 86' lang='grc' dir='ltr'><strong>ὲν</strong></span> <span class='ocrx_word' id='word_1_61' title='bbox 386 434 419 468; x_wconf 83' lang='grc' dir='ltr'><strong>τῇ</strong></span> <span class='ocrx_word' id='word_1_62' title='bbox 440 433 573 468; x_wconf 70' lang='grc' dir='ltr'><strong>ἐπιθυμίᾳ</strong></span> <span class='ocrx_word' id='word_1_63' title='bbox 596 432 643 459; x_wconf 84' lang='grc' dir='ltr'><strong>τοῦ</strong></span> <span class='ocrx_word' id='word_1_64' title='bbox 665 433 744 466; x_wconf 82' lang='grc' dir='ltr'>νοδς,</span> <span class='ocrx_word' id='word_1_65' title='bbox 769 430 846 465; x_wconf 71' lang='grc' dir='ltr'>οὗτός</span> <span class='ocrx_word' id='word_1_66' title='bbox 870 434 944 460; x_wconf 77' lang='grc' dir='ltr'>ἐστιν</span> <span class='ocrx_word' id='word_1_67' title='bbox 961 435 976 460; x_wconf 85' lang='grc' dir='ltr'><strong>ὸ</strong></span> 
     </span>
    </p>
   </div>
   <div class='ocr_carea' id='block_1_11' title="bbox 191 478 977 514">
    <p class='ocr_par' dir='ltr' id='par_1_11' title="bbox 191 478 977 514">
     <span class='ocr_line' id='line_1_11' title="bbox 191 478 977 514; baseline 0.001 -10"><span class='ocrx_word' id='word_1_68' title='bbox 191 479 253 510; x_wconf 75' lang='grc' dir='ltr'>τοὺς</span> <span class='ocrx_word' id='word_1_69' title='bbox 269 479 401 514; x_wconf 74' lang='grc' dir='ltr'><strong>ἐμπαθεῖς</strong></span> <span class='ocrx_word' id='word_1_70' title='bbox 426 479 553 514; x_wconf 81' lang='grc' dir='ltr'>ἀναφύων</span> <span class='ocrx_word' id='word_1_71' title='bbox 567 479 610 505; x_wconf 75' lang='grc' dir='ltr'><strong>ἀεὶ</strong></span> <span class='ocrx_word' id='word_1_72' title='bbox 625 479 673 506; x_wconf 80' lang='grc' dir='ltr'><strong>καὶ</strong></span> <span class='ocrx_word' id='word_1_73' title='bbox 700 478 807 510; x_wconf 81' lang='grc' dir='ltr'>ὺλικοὺς</span> <span class='ocrx_word' id='word_1_74' title='bbox 822 478 889 514; x_wconf 62' lang='grc' dir='ltr'>πρὸς</span> <span class='ocrx_word' id='word_1_75' title='bbox 915 480 977 506; x_wconf 73' lang='lat' dir='ltr'><strong>dvo-</strong></span> 
     </span>
    </p>
   </div>
   <div class='ocr_carea' id='block_1_12' title="bbox 194 523 976 560">
    <p class='ocr_par' dir='ltr' id='par_1_12' title="bbox 194 523 976 560">
     <span class='ocr_line' id='line_1_12' title="bbox 194 523 976 560; baseline 0 -10"><span class='ocrx_word' id='word_1_76' title='bbox 194 523 258 558; x_wconf 85' lang='grc' dir='ltr'>μίαν</span> <span class='ocrx_word' id='word_1_77' title='bbox 285 525 516 560; x_wconf 85' lang='grc' dir='ltr'>περισπασμοὺς,</span> <span class='ocrx_word' id='word_1_78' title='bbox 543 525 699 552; x_wconf 74' lang='grc' dir='ltr'>παντάπασι</span> <span class='ocrx_word' id='word_1_79' title='bbox 731 523 799 559; x_wconf 69' lang='grc' dir='ltr'>πρὸς</span> <span class='ocrx_word' id='word_1_80' title='bbox 823 524 921 559; x_wconf 77' lang='grc' dir='ltr'><strong>ἡδονὰς</strong></span> <span class='ocrx_word' id='word_1_81' title='bbox 939 523 976 550; x_wconf 83' lang='grc' dir='ltr'><strong>ὣν</strong></span> 
     </span>
    </p>
   </div>
   <div class='ocr_carea' id='block_1_13' title="bbox 192 569 328 602">
    <p class='ocr_par' dir='ltr' id='par_1_13' title="bbox 192 569 328 602">
     <span class='ocr_line' id='line_1_13' title="bbox 192 569 328 602; baseline 0.007 -7"><span class='ocrx_word' id='word_1_82' title='bbox 192 569 316 602; x_wconf 74' lang='grc' dir='ltr'>ἑλκτικάς</span> <span class='ocrx_word' id='word_1_83' title='bbox 321 590 328 596; x_wconf 90' lang='grc'><strong>.</strong></span> 
     </span>
    </p>
   </div>
   <div class='ocr_carea' id='block_1_14' title="bbox 1024 251 1810 289">
    <p class='ocr_par' dir='ltr' id='par_1_14' title="bbox 1024 251 1810 289">
     <span class='ocr_line' id='line_1_14' title="bbox 1024 251 1810 289; baseline 0 -10"><span class='ocrx_word' id='word_1_84' title='bbox 1024 253 1078 280; x_wconf 86' lang='lat' dir='ltr'><strong>dati</strong></span> <span class='ocrx_word' id='word_1_85' title='bbox 1094 253 1152 288; x_wconf 86' lang='lat' dir='ltr'><strong>lege</strong></span> <span class='ocrx_word' id='word_1_86' title='bbox 1170 254 1322 286; x_wconf 82' lang='lat' dir='ltr'><strong>derivatur;</strong></span> <span class='ocrx_word' id='word_1_87' title='bbox 1339 254 1406 289; x_wconf 88' lang='lat' dir='ltr'><strong>lege,</strong></span> <span class='ocrx_word' id='word_1_88' title='bbox 1430 254 1553 289; x_wconf 90' lang='lat' dir='ltr'><strong>inquam,</strong></span> <span class='ocrx_word' id='word_1_89' title='bbox 1579 252 1625 280; x_wconf 87' lang='lat' dir='ltr'><strong>illa</strong></span> <span class='ocrx_word' id='word_1_90' title='bbox 1637 260 1719 287; x_wconf 88' lang='lat' dir='ltr'><strong>quam</strong></span> <span class='ocrx_word' id='word_1_91' title='bbox 1743 251 1810 280; x_wconf 84' lang='lat' dir='ltr'><strong>insi-</strong></span> 
     </span>
    </p>
   </div>
   <div class='ocr_carea' id='block_1_15' title="bbox 1023 298 1809 334">
    <p class='ocr_par' dir='ltr' id='par_1_15' title="bbox 1023 298 1809 334">
     <span class='ocr_line' id='line_1_15' title="bbox 1023 298 1809 334; baseline -0.001 -9"><span class='ocrx_word' id='word_1_92' title='bbox 1023 302 1079 326; x_wconf 86' lang='lat' dir='ltr'><strong>tam</strong></span> <span class='ocrx_word' id='word_1_93' title='bbox 1094 303 1121 326; x_wconf 91' lang='lat' dir='ltr'><strong>et</strong></span> <span class='ocrx_word' id='word_1_94' title='bbox 1135 306 1150 325; x_wconf 86' lang='lat' dir='ltr'><strong>a</strong></span> <span class='ocrx_word' id='word_1_95' title='bbox 1165 303 1263 326; x_wconf 87' lang='lat' dir='ltr'><strong>natura</strong></span> <span class='ocrx_word' id='word_1_96' title='bbox 1277 299 1423 334; x_wconf 77' lang='lat' dir='ltr'><strong>ingenitam</strong></span> <span class='ocrx_word' id='word_1_97' title='bbox 1445 299 1597 330; x_wconf 86' lang='lat' dir='ltr'><strong>hausimus,</strong></span> <span class='ocrx_word' id='word_1_98' title='bbox 1617 305 1730 333; x_wconf 66' lang='lat' dir='ltr'><strong>quaeque</strong></span> <span class='ocrx_word' id='word_1_99' title='bbox 1749 298 1809 325; x_wconf 82' lang='lat' dir='ltr'><strong>ani-</strong></span> 
     </span>
    </p>
   </div>
   <div class='ocr_carea' id='block_1_16' title="bbox 1024 343 1811 378">
    <p class='ocr_par' dir='ltr' id='par_1_16' title="bbox 1024 343 1811 378">
     <span class='ocr_line' id='line_1_16' title="bbox 1024 343 1811 378; baseline -0.001 -7"><span class='ocrx_word' id='word_1_100' title='bbox 1024 352 1098 371; x_wconf 91' lang='lat' dir='ltr'><strong>mum</strong></span> <span class='ocrx_word' id='word_1_101' title='bbox 1115 349 1240 372; x_wconf 85' lang='lat' dir='ltr'><strong>nostrum</strong></span> <span class='ocrx_word' id='word_1_102' title='bbox 1263 346 1296 372; x_wconf 90' lang='lat' dir='ltr'><strong>ad</strong></span> <span class='ocrx_word' id='word_1_103' title='bbox 1312 345 1482 373; x_wconf 91' lang='lat' dir='ltr'><strong>honestatem</strong></span> <span class='ocrx_word' id='word_1_104' title='bbox 1505 344 1627 372; x_wconf 84' lang='lat' dir='ltr'><strong>stimulat</strong></span> <span class='ocrx_word' id='word_1_105' title='bbox 1650 347 1731 378; x_wconf 86' lang='lat' dir='ltr'><strong>atque</strong></span> <span class='ocrx_word' id='word_1_106' title='bbox 1756 343 1811 370; x_wconf 87' lang='lat' dir='ltr'><strong>eri-</strong></span> 
     </span>
    </p>
   </div>
   <div class='ocr_carea' id='block_1_17' title="bbox 1024 389 1812 426">
    <p class='ocr_par' dir='ltr' id='par_1_17' title="bbox 1024 389 1812 426">
     <span class='ocr_line' id='line_1_17' title="bbox 1024 389 1812 426; baseline -0.003 -10"><span class='ocrx_word' id='word_1_107' title='bbox 1024 390 1074 425; x_wconf 90' lang='lat' dir='ltr'><strong>git.</strong></span> <span class='ocrx_word' id='word_1_108' title='bbox 1089 389 1128 417; x_wconf 84' lang='lat' dir='ltr'><strong>Ex</strong></span> <span class='ocrx_word' id='word_1_109' title='bbox 1143 398 1197 425; x_wconf 93' lang='lat' dir='ltr'><strong>quo</strong></span> <span class='ocrx_word' id='word_1_110' title='bbox 1217 391 1246 418; x_wconf 89' lang='lat' dir='ltr'><strong>tit</strong></span> <span class='ocrx_word' id='word_1_111' title='bbox 1263 394 1293 418; x_wconf 88' lang='lat' dir='ltr'><strong>ut</strong></span> <span class='ocrx_word' id='word_1_112' title='bbox 1317 391 1408 418; x_wconf 86' lang='lat' dir='ltr'><strong>divina</strong></span> <span class='ocrx_word' id='word_1_113' title='bbox 1424 391 1478 422; x_wconf 91' lang='lat' dir='ltr'><strong>lex,</strong></span> <span class='ocrx_word' id='word_1_114' title='bbox 1493 390 1566 426; x_wconf 88' lang='lat' dir='ltr'><strong>quod</strong></span> <span class='ocrx_word' id='word_1_115' title='bbox 1583 389 1618 417; x_wconf 88' lang='lat' dir='ltr'><strong>ad</strong></span> <span class='ocrx_word' id='word_1_116' title='bbox 1631 394 1749 416; x_wconf 78' lang='lat' dir='ltr'><strong>mentem</strong></span> <span class='ocrx_word' id='word_1_117' title='bbox 1769 392 1812 414; x_wconf 85' lang='lat' dir='ltr'><strong>at-</strong></span> 
     </span>
    </p>
   </div>
   <div class='ocr_carea' id='block_1_18' title="bbox 1025 433 1812 470">
    <p class='ocr_par' dir='ltr' id='par_1_18' title="bbox 1025 433 1812 470">
     <span class='ocr_line' id='line_1_18' title="bbox 1025 433 1812 470; baseline -0.004 -8"><span class='ocrx_word' id='word_1_118' title='bbox 1025 436 1103 467; x_wconf 88' lang='lat' dir='ltr'><strong>tinet,</strong></span> <span class='ocrx_word' id='word_1_119' title='bbox 1131 435 1298 470; x_wconf 78' lang='lat' dir='ltr'><strong>voluptatem</strong></span> <span class='ocrx_word' id='word_1_120' title='bbox 1317 436 1398 464; x_wconf 88' lang='lat' dir='ltr'><strong>nobis</strong></span> <span class='ocrx_word' id='word_1_121' title='bbox 1408 435 1523 463; x_wconf 84' lang='lat' dir='ltr'><strong>all‘erat:</strong></span> <span class='ocrx_word' id='word_1_122' title='bbox 1540 435 1592 462; x_wconf 85' lang='lat' dir='ltr'><strong>hoc</strong></span> <span class='ocrx_word' id='word_1_123' title='bbox 1607 434 1681 462; x_wconf 88' lang='lat' dir='ltr'><strong>enim</strong></span> <span class='ocrx_word' id='word_1_124' title='bbox 1698 433 1812 461; x_wconf 89' lang='lat' dir='ltr'><strong>interior</strong></span> 
     </span>
    </p>
   </div>
   <div class='ocr_carea' id='block_1_19' title="bbox 1027 479 1812 516">
    <p class='ocr_par' dir='ltr' id='par_1_19' title="bbox 1027 479 1812 516">
     <span class='ocr_line' id='line_1_19' title="bbox 1027 479 1812 516; baseline -0.004 -9"><span class='ocrx_word' id='word_1_125' title='bbox 1027 480 1072 508; x_wconf 91' lang='lat' dir='ltr'><strong>ille</strong></span> <span class='ocrx_word' id='word_1_126' title='bbox 1085 481 1166 508; x_wconf 89' lang='lat' dir='ltr'><strong>homo</strong></span> <span class='ocrx_word' id='word_1_127' title='bbox 1176 484 1235 509; x_wconf 89' lang='lat' dir='ltr'><strong>est:</strong></span> <span class='ocrx_word' id='word_1_128' title='bbox 1246 481 1283 509; x_wconf 89' lang='lat' dir='ltr'><strong>ob</strong></span> <span class='ocrx_word' id='word_1_129' title='bbox 1296 481 1363 509; x_wconf 92' lang='lat' dir='ltr'><strong>illud</strong></span> <span class='ocrx_word' id='word_1_130' title='bbox 1377 488 1441 509; x_wconf 82' lang='lat' dir='ltr'><strong>vero</strong></span> <span class='ocrx_word' id='word_1_131' title='bbox 1455 484 1594 516; x_wconf 90' lang='lat' dir='ltr'><strong>peceatum</strong></span> <span class='ocrx_word' id='word_1_132' title='bbox 1605 479 1676 515; x_wconf 88' lang='lat' dir='ltr'><strong>quod</strong></span> <span class='ocrx_word' id='word_1_133' title='bbox 1689 479 1716 506; x_wconf 93' lang='lat' dir='ltr'><strong>in</strong></span> <span class='ocrx_word' id='word_1_134' title='bbox 1729 485 1812 505; x_wconf 89' lang='lat' dir='ltr'><strong>carne</strong></span> 
     </span>
    </p>
   </div>
   <div class='ocr_carea' id='block_1_20' title="bbox 1027 524 1812 562">
    <p class='ocr_par' dir='ltr' id='par_1_20' title="bbox 1027 524 1812 562">
     <span class='ocr_line' id='line_1_20' title="bbox 1027 524 1812 562; baseline -0.004 -10"><span class='ocrx_word' id='word_1_135' title='bbox 1027 530 1121 554; x_wconf 89' lang='lat' dir='ltr'><strong>nostra</strong></span> <span class='ocrx_word' id='word_1_136' title='bbox 1139 527 1254 560; x_wconf 77' lang='lat' dir='ltr'><strong>habitat,</strong></span> <span class='ocrx_word' id='word_1_137' title='bbox 1268 527 1368 554; x_wconf 83' lang='lat' dir='ltr'><strong>diaboli</strong></span> <span class='ocrx_word' id='word_1_138' title='bbox 1381 527 1440 562; x_wconf 85' lang='lat' dir='ltr'><strong>lege</strong></span> <span class='ocrx_word' id='word_1_139' title='bbox 1455 526 1631 554; x_wconf 81' lang='lat' dir='ltr'><strong>delectemur.</strong></span> <span class='ocrx_word' id='word_1_140' title='bbox 1647 524 1753 552; x_wconf 81' lang='lat' dir='ltr'><strong>Etenim</strong></span> <span class='ocrx_word' id='word_1_141' title='bbox 1769 524 1812 550; x_wconf 81' lang='lat' dir='ltr'><strong>h-x</strong></span> 
     </span>
    </p>
   </div>
   <div class='ocr_carea' id='block_1_21' title="bbox 1027 569 1811 606">
    <p class='ocr_par' dir='ltr' id='par_1_21' title="bbox 1027 569 1811 606">
     <span class='ocr_line' id='line_1_21' title="bbox 1027 569 1811 606; baseline -0.003 -10"><span class='ocrx_word' id='word_1_142' title='bbox 1027 571 1083 602; x_wconf 83' lang='lat' dir='ltr'><strong>illa,</strong></span> <span class='ocrx_word' id='word_1_143' title='bbox 1109 579 1169 606; x_wconf 71' lang='lat' dir='ltr'><strong>qua:</strong></span> <span class='ocrx_word' id='word_1_144' title='bbox 1196 579 1258 599; x_wconf 91' lang='lat' dir='ltr'><strong>cum</strong></span> <span class='ocrx_word' id='word_1_145' title='bbox 1283 572 1375 599; x_wconf 89' lang='lat' dir='ltr'><strong>divina</strong></span> <span class='ocrx_word' id='word_1_146' title='bbox 1404 575 1506 606; x_wconf 79' lang='lat' dir='ltr'><strong>pugnat</strong></span> <span class='ocrx_word' id='word_1_147' title='bbox 1537 570 1617 605; x_wconf 84' lang='lat' dir='ltr'><strong>eique</strong></span> <span class='ocrx_word' id='word_1_148' title='bbox 1646 569 1759 600; x_wconf 86' lang='lat' dir='ltr'><strong>resistit,</strong></span> <span class='ocrx_word' id='word_1_149' title='bbox 1783 569 1811 595; x_wconf 89' lang='lat' dir='ltr'><strong>in</strong></span> 
     </span>
    </p>
   </div>
   <div class='ocr_carea' id='block_1_22' title="bbox 192 614 1813 653">
    <p class='ocr_par' dir='ltr' id='par_1_22' title="bbox 192 614 1813 653">
     <span class='ocr_line' id='line_1_22' title="bbox 192 614 1813 653; baseline 0 -12"><span class='ocrx_word' id='word_1_150' title='bbox 192 616 277 642; x_wconf 76' lang='lat' dir='ltr'><strong>animi</strong></span> <span class='ocrx_word' id='word_1_151' title='bbox 295 616 381 644; x_wconf 85' lang='lat' dir='ltr'><strong>nostri</strong></span> <span class='ocrx_word' id='word_1_152' title='bbox 404 616 554 651; x_wconf 83' lang='lat' dir='ltr'><strong>cupiditate</strong></span> <span class='ocrx_word' id='word_1_153' title='bbox 575 615 675 650; x_wconf 85' lang='lat' dir='ltr'><strong>posita,</strong></span> <span class='ocrx_word' id='word_1_154' title='bbox 696 615 741 642; x_wconf 82' lang='lat' dir='ltr'><strong>illa</strong></span> <span class='ocrx_word' id='word_1_155' title='bbox 763 615 821 649; x_wconf 86' lang='lat' dir='ltr'><strong>ipsa</strong></span> <span class='ocrx_word' id='word_1_156' title='bbox 839 618 891 646; x_wconf 88' lang='lat' dir='ltr'><strong>est,</strong></span> <span class='ocrx_word' id='word_1_157' title='bbox 913 622 975 650; x_wconf 66' lang='lat' dir='ltr'><strong>qua:</strong></span> <span class='ocrx_word' id='word_1_158' title='bbox 990 616 1162 645; x_wconf 87' lang='lat' dir='ltr'><strong>turbulentas</strong></span> <span class='ocrx_word' id='word_1_159' title='bbox 1177 621 1205 645; x_wconf 88' lang='lat' dir='ltr'><strong>et</strong></span> <span class='ocrx_word' id='word_1_160' title='bbox 1224 618 1344 645; x_wconf 78' lang='lat' dir='ltr'><strong>materia:</strong></span> <span class='ocrx_word' id='word_1_161' title='bbox 1366 617 1431 645; x_wconf 67' lang='lat' dir='ltr'><strong>faece</strong></span> <span class='ocrx_word' id='word_1_162' title='bbox 1450 617 1614 653; x_wconf 86' lang='lat' dir='ltr'><strong>implicatas,</strong></span> <span class='ocrx_word' id='word_1_163' title='bbox 1638 619 1666 643; x_wconf 89' lang='lat' dir='ltr'><strong>et</strong></span> <span class='ocrx_word' id='word_1_164' title='bbox 1698 615 1731 642; x_wconf 90' lang='lat' dir='ltr'><strong>ad</strong></span> <span class='ocrx_word' id='word_1_165' title='bbox 1760 614 1813 642; x_wconf 90' lang='lat' dir='ltr'><strong>im-</strong></span> 
     </span>
    </p>
   </div>
   <div class='ocr_carea' id='block_1_23' title="bbox 194 660 1761 698">
    <p class='ocr_par' dir='ltr' id='par_1_23' title="bbox 194 660 1761 698">
     <span class='ocr_line' id='line_1_23' title="bbox 194 660 1761 698; baseline -0.001 -10"><span class='ocrx_word' id='word_1_166' title='bbox 194 661 353 697; x_wconf 80' lang='lat' dir='ltr'><strong>probitatem</strong></span> <span class='ocrx_word' id='word_1_167' title='bbox 365 661 511 697; x_wconf 83' lang='lat' dir='ltr'><strong>dissipatas</strong></span> <span class='ocrx_word' id='word_1_168' title='bbox 518 661 697 698; x_wconf 80' lang='lat' dir='ltr'><strong>cogitationes</strong></span> <span class='ocrx_word' id='word_1_169' title='bbox 707 660 847 696; x_wconf 86' lang='lat' dir='ltr'><strong>producit,</strong></span> <span class='ocrx_word' id='word_1_170' title='bbox 860 667 973 695; x_wconf 61' lang='lat' dir='ltr'><strong>quaeque</strong></span> <span class='ocrx_word' id='word_1_171' title='bbox 987 661 1122 696; x_wconf 85' lang='lat' dir='ltr'><strong>ingentem</strong></span> <span class='ocrx_word' id='word_1_172' title='bbox 1146 664 1257 691; x_wconf 89' lang='lat' dir='ltr'><strong>omnino</strong></span> <span class='ocrx_word' id='word_1_173' title='bbox 1276 663 1310 691; x_wconf 88' lang='lat' dir='ltr'><strong>ad</strong></span> <span class='ocrx_word' id='word_1_174' title='bbox 1324 664 1476 698; x_wconf 85' lang='lat' dir='ltr'><strong>voluptates</strong></span> <span class='ocrx_word' id='word_1_175' title='bbox 1496 662 1577 690; x_wconf 82' lang='lat' dir='ltr'><strong>habet</strong></span> <span class='ocrx_word' id='word_1_176' title='bbox 1594 661 1761 689; x_wconf 80' lang='lat' dir='ltr'><strong>illecebram.</strong></span> 
     </span>
    </p>
   </div>
   <div class='ocr_carea' id='block_1_24' title="bbox 229 706 975 743">
    <p class='ocr_par' dir='ltr' id='par_1_24' title="bbox 229 706 975 743">
     <span class='ocr_line' id='line_1_24' title="bbox 229 706 975 743; baseline -0.001 -9"><span class='ocrx_word' id='word_1_177' title='bbox 229 707 289 734; x_wconf 78' lang='lat' dir='ltr'><strong>EA’.</strong></span> <span class='ocrx_word' id='word_1_178' title='bbox 310 708 390 743; x_wconf 81' lang='grc' dir='ltr'><strong>Τρεῖς</strong></span> <span class='ocrx_word' id='word_1_179' title='bbox 410 707 464 743; x_wconf 80' lang='grc' dir='ltr'><strong>γὰρ</strong></span> <span class='ocrx_word' id='word_1_180' title='bbox 487 708 586 743; x_wconf 78' lang='grc' dir='ltr'>νόμους</span> <span class='ocrx_word' id='word_1_181' title='bbox 611 706 804 742; x_wconf 78' lang='grc' dir='ltr'><strong>ὑποτιθέμενος</strong></span> <span class='ocrx_word' id='word_1_182' title='bbox 822 706 975 740; x_wconf 80' lang='grc' dir='ltr'>ἀναφανδὸν</span> 
     </span>
    </p>
   </div>
   <div class='ocr_carea' id='block_1_25' title="bbox 191 750 979 787">
    <p class='ocr_par' dir='ltr' id='par_1_25' title="bbox 191 750 979 787">
     <span class='ocr_line' id='line_1_25' title="bbox 191 750 979 787; baseline -0.004 -8"><span class='ocrx_word' id='word_1_183' title='bbox 191 755 208 779; x_wconf 74' lang='grc' dir='ltr'>ὁ</span> <span class='ocrx_word' id='word_1_184' title='bbox 225 753 330 785; x_wconf 83' lang='grc' dir='ltr'><strong>Παῦλος</strong></span> <span class='ocrx_word' id='word_1_185' title='bbox 345 753 462 779; x_wconf 76' lang='grc' dir='ltr'><strong>ἐνταῦθά</strong></span> <span class='ocrx_word' id='word_1_186' title='bbox 487 761 533 787; x_wconf 81' lang='grc' dir='ltr'><strong>μοι</strong></span> <span class='ocrx_word' id='word_1_187' title='bbox 558 752 772 787; x_wconf 77' lang='grc' dir='ltr'>καταφαίνεταιο</span> <span class='ocrx_word' id='word_1_188' title='bbox 790 751 837 776; x_wconf 71' lang='grc' dir='ltr'><strong>ἕνα</strong></span> <span class='ocrx_word' id='word_1_189' title='bbox 858 751 907 785; x_wconf 82' lang='grc' dir='ltr'><strong>μὲν</strong></span> <span class='ocrx_word' id='word_1_190' title='bbox 933 750 979 777; x_wconf 74' lang='grc' dir='ltr'><strong>τὸν</strong></span> 
     </span>
    </p>
   </div>
   <div class='ocr_carea' id='block_1_26' title="bbox 194 796 979 834">
    <p class='ocr_par' dir='ltr' id='par_1_26' title="bbox 194 796 979 834">
     <span class='ocr_line' id='line_1_26' title="bbox 194 796 979 834; baseline -0.005 -10"><span class='ocrx_word' id='word_1_191' title='bbox 194 797 266 825; x_wconf 72' lang='grc' dir='ltr'>κατὰ</span> <span class='ocrx_word' id='word_1_192' title='bbox 280 799 311 824; x_wconf 75' lang='grc' dir='ltr'><strong>τὺ</strong></span> <span class='ocrx_word' id='word_1_193' title='bbox 325 798 444 833; x_wconf 76' lang='grc' dir='ltr'>ἔμφυτον</span> <span class='ocrx_word' id='word_1_194' title='bbox 460 800 488 825; x_wconf 83' lang='grc' dir='ltr'>ὲν</span> <span class='ocrx_word' id='word_1_195' title='bbox 508 799 572 834; x_wconf 87' lang='grc' dir='ltr'>ἡμῖν</span> <span class='ocrx_word' id='word_1_196' title='bbox 591 797 693 832; x_wconf 70' lang='grc' dir='ltr'>ἀγαθὸν</span> <span class='ocrx_word' id='word_1_197' title='bbox 705 816 713 828; x_wconf 84' lang='grc'><em>,</em></span> <span class='ocrx_word' id='word_1_198' title='bbox 737 796 751 822; x_wconf 76' lang='grc' dir='ltr'>ὅ</span> <span class='ocrx_word' id='word_1_199' title='bbox 767 796 814 822; x_wconf 75' lang='grc' dir='ltr'>καὶ</span> <span class='ocrx_word' id='word_1_200' title='bbox 829 796 910 830; x_wconf 85' lang='grc' dir='ltr'>νόμον</span> <span class='ocrx_word' id='word_1_201' title='bbox 932 803 979 820; x_wconf 90' lang='grc' dir='ltr'><strong>σα-</strong></span> 
     </span>
    </p>
   </div>
   <div class='ocr_carea' id='block_1_27' title="bbox 194 841 980 878">
    <p class='ocr_par' dir='ltr' id='par_1_27' title="bbox 194 841 980 878">
     <span class='ocr_line' id='line_1_27' title="bbox 194 841 980 878; baseline -0.005 -8"><span class='ocrx_word' id='word_1_202' title='bbox 194 844 252 877; x_wconf 81' lang='grc' dir='ltr'><strong>φῶς</strong></span> <span class='ocrx_word' id='word_1_203' title='bbox 266 845 325 875; x_wconf 80' lang='grc' dir='ltr'>νοὸς</span> <span class='ocrx_word' id='word_1_204' title='bbox 338 844 480 871; x_wconf 75' lang='grc' dir='ltr'>ἐκάλεσεν·</span> <span class='ocrx_word' id='word_1_205' title='bbox 499 845 547 871; x_wconf 73' lang='lat' dir='ltr'><strong>Eva.</strong></span> <span class='ocrx_word' id='word_1_206' title='bbox 559 844 586 870; x_wconf 84' lang='grc' dir='ltr'><strong>δὲ</strong></span> <span class='ocrx_word' id='word_1_207' title='bbox 599 843 644 870; x_wconf 79' lang='grc' dir='ltr'>τὸν</span> <span class='ocrx_word' id='word_1_208' title='bbox 661 844 694 870; x_wconf 81' lang='grc' dir='ltr'>ὲκ</span> <span class='ocrx_word' id='word_1_209' title='bbox 709 842 861 878; x_wconf 81' lang='grc' dir='ltr'>προσϐολῆς</span> <span class='ocrx_word' id='word_1_210' title='bbox 875 841 980 867; x_wconf 76' lang='grc' dir='ltr'><strong>ἐνιστά-</strong></span> 
     </span>
    </p>
   </div>
   <div class='ocr_carea' id='block_1_28' title="bbox 197 887 979 926">
    <p class='ocr_par' dir='ltr' id='par_1_28' title="bbox 197 887 979 926">
     <span class='ocr_line' id='line_1_28' title="bbox 197 887 979 926; baseline -0.005 -10"><span class='ocrx_word' id='word_1_211' title='bbox 197 898 277 924; x_wconf 74' lang='grc' dir='ltr'>μενον</span> <span class='ocrx_word' id='word_1_212' title='bbox 293 890 339 916; x_wconf 72' lang='grc' dir='ltr'><strong>τοῦ</strong></span> <span class='ocrx_word' id='word_1_213' title='bbox 359 889 490 926; x_wconf 71' lang='grc' dir='ltr'><strong>πονηροῦ,</strong></span> <span class='ocrx_word' id='word_1_214' title='bbox 507 890 553 916; x_wconf 68' lang='grc' dir='ltr'>καὶ</span> <span class='ocrx_word' id='word_1_215' title='bbox 573 891 612 921; x_wconf 85' lang='grc' dir='ltr'><strong>εἰς</strong></span> <span class='ocrx_word' id='word_1_216' title='bbox 626 889 675 921; x_wconf 77' lang='grc' dir='ltr'>τὰς</span> <span class='ocrx_word' id='word_1_217' title='bbox 691 888 822 924; x_wconf 76' lang='grc' dir='ltr'><strong>ἐμπαθεῖς</strong></span> <span class='ocrx_word' id='word_1_218' title='bbox 838 887 979 920; x_wconf 77' lang='grc' dir='ltr'>ἐξέλκοντα</span> 
     </span>
    </p>
   </div>
   <div class='ocr_carea' id='block_1_29' title="bbox 195 931 980 971">
    <p class='ocr_par' dir='ltr' id='par_1_29' title="bbox 195 931 980 971">
     <span class='ocr_line' id='line_1_29' title="bbox 195 931 980 971; baseline -0.005 -9"><span class='ocrx_word' id='word_1_219' title='bbox 195 936 326 968; x_wconf 77' lang='grc' dir='ltr'><strong>πολλάκις</strong></span> <span class='ocrx_word' id='word_1_220' title='bbox 343 935 492 970; x_wconf 71' lang='grc' dir='ltr'>φαντασίας</span> <span class='ocrx_word' id='word_1_221' title='bbox 507 935 555 971; x_wconf 75' lang='grc' dir='ltr'><strong>τὴν</strong></span> <span class='ocrx_word' id='word_1_222' title='bbox 566 935 666 970; x_wconf 74' lang='grc' dir='ltr'>ψυχὴν,</span> <span class='ocrx_word' id='word_1_223' title='bbox 679 934 709 961; x_wconf 81' lang='grc' dir='ltr'>ὃν</span> <span class='ocrx_word' id='word_1_224' title='bbox 723 931 980 968; x_wconf 80' lang='grc' dir='ltr'><strong>ἀντιστρατεύεσοαι</strong></span> 
     </span>
    </p>
   </div>
   <div class='ocr_carea' id='block_1_30' title="bbox 195 972 980 1017">
    <p class='ocr_par' dir='ltr' id='par_1_30' title="bbox 195 972 980 1017">
     <span class='ocr_line' id='line_1_30' title="bbox 195 972 980 1017; baseline -0.008 -9"><span class='ocrx_word' id='word_1_225' title='bbox 195 981 235 1016; x_wconf 84' lang='grc' dir='ltr'><strong>τῷ</strong></span> <span class='ocrx_word' id='word_1_226' title='bbox 260 972 407 1017; x_wconf 51' lang='grc' dir='ltr'><strong>νόμιμ’τοῦ</strong></span> <span class='ocrx_word' id='word_1_227' title='bbox 430 981 489 1013; x_wconf 79' lang='grc' dir='ltr'>νοὸς</span> <span class='ocrx_word' id='word_1_228' title='bbox 513 981 581 1016; x_wconf 70' lang='grc' dir='ltr'><strong>ἔφη·</strong></span> <span class='ocrx_word' id='word_1_229' title='bbox 599 981 647 1007; x_wconf 70' lang='grc' dir='ltr'>καὶ</span> <span class='ocrx_word' id='word_1_230' title='bbox 662 980 754 1016; x_wconf 76' lang='grc' dir='ltr'>ἕτερον</span> <span class='ocrx_word' id='word_1_231' title='bbox 777 978 820 1005; x_wconf 77' lang='grc' dir='ltr'><strong>τδν</strong></span> <span class='ocrx_word' id='word_1_232' title='bbox 845 977 916 1004; x_wconf 78' lang='grc' dir='ltr'>κατὰ</span> <span class='ocrx_word' id='word_1_233' title='bbox 931 979 980 1012; x_wconf 80' lang='grc' dir='ltr'><strong>τὴν</strong></span> 
     </span>
    </p>
   </div>
   <div class='ocr_carea' id='block_1_31' title="bbox 195 1022 980 1063">
    <p class='ocr_par' dir='ltr' id='par_1_31' title="bbox 195 1022 980 1063">
     <span class='ocr_line' id='line_1_31' title="bbox 195 1022 980 1063; baseline -0.009 -9"><span class='ocrx_word' id='word_1_234' title='bbox 195 1027 333 1063; x_wconf 80' lang='grc' dir='ltr'><strong>ἁμαρτίαν</strong></span> <span class='ocrx_word' id='word_1_235' title='bbox 363 1027 395 1053; x_wconf 83' lang='grc' dir='ltr'>ὲκ</span> <span class='ocrx_word' id='word_1_236' title='bbox 420 1026 471 1061; x_wconf 79' lang='grc' dir='ltr'><strong>τῆς</strong></span> <span class='ocrx_word' id='word_1_237' title='bbox 496 1025 640 1060; x_wconf 73' lang='grc' dir='ltr'><strong>ἐπιθυμίας</strong></span> <span class='ocrx_word' id='word_1_238' title='bbox 666 1023 868 1060; x_wconf 80' lang='grc' dir='ltr'>ὲνσκιρώσαντα</span> <span class='ocrx_word' id='word_1_239' title='bbox 894 1022 923 1048; x_wconf 83' lang='grc' dir='ltr'>ἐν</span> <span class='ocrx_word' id='word_1_240' title='bbox 947 1022 980 1056; x_wconf 80' lang='grc' dir='ltr'><strong>τῇ</strong></span> 
     </span>
    </p>
   </div>
   <div class='ocr_carea' id='block_1_32' title="bbox 197 1067 981 1108">
    <p class='ocr_par' dir='ltr' id='par_1_32' title="bbox 197 1067 981 1108">
     <span class='ocr_line' id='line_1_32' title="bbox 197 1067 981 1108; baseline -0.01 -8"><span class='ocrx_word' id='word_1_241' title='bbox 197 1073 298 1108; x_wconf 81' lang='grc' dir='ltr'>σαρκὶ,</span> <span class='ocrx_word' id='word_1_242' title='bbox 317 1073 346 1099; x_wconf 83' lang='grc' dir='ltr'><strong>ὃν</strong></span> <span class='ocrx_word' id='word_1_243' title='bbox 365 1072 502 1107; x_wconf 76' lang='grc' dir='ltr'>ἁμαρτίας</span> <span class='ocrx_word' id='word_1_244' title='bbox 518 1072 598 1106; x_wconf 79' lang='grc' dir='ltr'>νόμον</span> <span class='ocrx_word' id='word_1_245' title='bbox 612 1070 737 1097; x_wconf 72' lang='grc' dir='ltr'><strong>οἰκοῦντα</strong></span> <span class='ocrx_word' id='word_1_246' title='bbox 757 1070 786 1095; x_wconf 79' lang='grc' dir='ltr'>ἐν</span> <span class='ocrx_word' id='word_1_247' title='bbox 800 1069 857 1100; x_wconf 84' lang='grc' dir='ltr'>τοῖς</span> <span class='ocrx_word' id='word_1_248' title='bbox 874 1067 981 1103; x_wconf 85' lang='grc' dir='ltr'>μέλεσιν</span> 
     </span>
    </p>
   </div>
   <div class='ocr_carea' id='block_1_33' title="bbox 196 1112 982 1152">
    <p class='ocr_par' dir='ltr' id='par_1_33' title="bbox 196 1112 982 1152">
     <span class='ocr_line' id='line_1_33' title="bbox 196 1112 982 1152; baseline -0.008 -8"><span class='ocrx_word' id='word_1_249' title='bbox 196 1118 325 1145; x_wconf 78' lang='grc' dir='ltr'><strong>ἐκάλεσεν</strong></span> <span class='ocrx_word' id='word_1_250' title='bbox 338 1126 345 1133; x_wconf 88' lang='grc'><strong>·</strong></span> <span class='ocrx_word' id='word_1_251' title='bbox 361 1114 384 1152; x_wconf 88' lang='grc' dir='ltr'><strong>ᾧ</strong></span> <span class='ocrx_word' id='word_1_252' title='bbox 404 1117 551 1143; x_wconf 71' lang='grc' dir='ltr'>ἐπιϐαίνων</span> <span class='ocrx_word' id='word_1_253' title='bbox 565 1117 580 1143; x_wconf 76' lang='grc' dir='ltr'><strong><em>ὁ</em></strong></span> <span class='ocrx_word' id='word_1_254' title='bbox 592 1115 709 1151; x_wconf 76' lang='grc' dir='ltr'>πονηρὸς</span> <span class='ocrx_word' id='word_1_255' title='bbox 735 1115 782 1141; x_wconf 72' lang='grc' dir='ltr'>καὶ</span> <span class='ocrx_word' id='word_1_256' title='bbox 800 1112 982 1148; x_wconf 72' lang='grc' dir='ltr'>ἐποχούμενος</span> 
     </span>
    </p>
   </div>
   <div class='ocr_carea' id='block_1_34' title="bbox 198 1157 982 1198">
    <p class='ocr_par' dir='ltr' id='par_1_34' title="bbox 198 1157 982 1198">
     <span class='ocr_line' id='line_1_34' title="bbox 198 1157 982 1198; baseline -0.009 -8"><span class='ocrx_word' id='word_1_257' title='bbox 198 1163 327 1195; x_wconf 79' lang='grc' dir='ltr'>πολλάκις</span> <span class='ocrx_word' id='word_1_258' title='bbox 355 1163 415 1190; x_wconf 74' lang='grc' dir='ltr'><strong>καθ’</strong></span> <span class='ocrx_word' id='word_1_259' title='bbox 444 1162 523 1198; x_wconf 81' lang='grc' dir='ltr'><strong>ἡμῶν</strong></span> <span class='ocrx_word' id='word_1_260' title='bbox 551 1161 744 1195; x_wconf 76' lang='grc' dir='ltr'>ἐγκελεύεται,</span> <span class='ocrx_word' id='word_1_261' title='bbox 777 1159 844 1194; x_wconf 79' lang='grc' dir='ltr'>πρὸς</span> <span class='ocrx_word' id='word_1_262' title='bbox 876 1157 982 1185; x_wconf 75' lang='grc' dir='ltr'><strong>ἀδικίαν</strong></span> 
     </span>
    </p>
   </div>
   <div class='ocr_carea' id='block_1_35' title="bbox 198 1202 982 1244">
    <p class='ocr_par' dir='ltr' id='par_1_35' title="bbox 198 1202 982 1244">
     <span class='ocr_line' id='line_1_35' title="bbox 198 1202 982 1244; baseline -0.01 -7"><span class='ocrx_word' id='word_1_263' title='bbox 198 1210 271 1244; x_wconf 72' lang='grc' dir='ltr'><strong>ἡμᾶς</strong></span> <span class='ocrx_word' id='word_1_264' title='bbox 288 1210 334 1236; x_wconf 75' lang='grc' dir='ltr'>καὶ</span> <span class='ocrx_word' id='word_1_265' title='bbox 349 1209 460 1244; x_wconf 78' lang='grc' dir='ltr'>πράξεις</span> <span class='ocrx_word' id='word_1_266' title='bbox 475 1207 643 1234; x_wconf 78' lang='grc' dir='ltr'>συνελαύνων</span> <span class='ocrx_word' id='word_1_267' title='bbox 658 1205 756 1237; x_wconf 67' lang='grc' dir='ltr'>κακὰς,</span> <span class='ocrx_word' id='word_1_268' title='bbox 775 1205 804 1231; x_wconf 87' lang='grc'><strong>’0</strong></span> <span class='ocrx_word' id='word_1_269' title='bbox 819 1205 872 1239; x_wconf 76' lang='grc' dir='ltr'>γὰρ</span> <span class='ocrx_word' id='word_1_270' title='bbox 882 1202 982 1236; x_wconf 70' lang='grc' dir='ltr'><strong>ἔξωθεν</strong></span> 
     </span>
    </p>
   </div>
   <div class='ocr_carea' id='block_1_36' title="bbox 197 1249 982 1290">
    <p class='ocr_par' dir='ltr' id='par_1_36' title="bbox 197 1249 982 1290">
     <span class='ocr_line' id='line_1_36' title="bbox 197 1249 982 1290; baseline -0.006 -9"><span class='ocrx_word' id='word_1_271' title='bbox 197 1255 388 1290; x_wconf 79' lang='grc' dir='ltr'><strong>εἰσπνεόμενος</strong></span> <span class='ocrx_word' id='word_1_272' title='bbox 411 1254 464 1281; x_wconf 81' lang='grc' dir='ltr'><strong>ἀπὸ</strong></span> <span class='ocrx_word' id='word_1_273' title='bbox 484 1253 528 1280; x_wconf 76' lang='grc' dir='ltr'><strong>τοῦ</strong></span> <span class='ocrx_word' id='word_1_274' title='bbox 546 1252 664 1288; x_wconf 75' lang='grc' dir='ltr'>πονηροῦ</span> <span class='ocrx_word' id='word_1_275' title='bbox 692 1252 790 1287; x_wconf 83' lang='grc' dir='ltr'>νόμος,</span> <span class='ocrx_word' id='word_1_276' title='bbox 804 1251 851 1277; x_wconf 70' lang='grc' dir='ltr'><strong>καὶ</strong></span> <span class='ocrx_word' id='word_1_277' title='bbox 871 1250 914 1277; x_wconf 70' lang='grc' dir='ltr'>διὰ</span> <span class='ocrx_word' id='word_1_278' title='bbox 928 1249 982 1276; x_wconf 83' lang='grc' dir='ltr'>τῶν</span> 
     </span>
    </p>
   </div>
   <div class='ocr_carea' id='block_1_37' title="bbox 199 1296 983 1336">
    <p class='ocr_par' dir='ltr' id='par_1_37' title="bbox 199 1296 983 1336">
     <span class='ocr_line' id='line_1_37' title="bbox 199 1296 983 1336; baseline -0.008 -9"><span class='ocrx_word' id='word_1_279' title='bbox 199 1302 351 1336; x_wconf 82' lang='grc' dir='ltr'><strong>αἰσθήσεων</strong></span> <span class='ocrx_word' id='word_1_280' title='bbox 363 1321 370 1330; x_wconf 81' lang='grc'><strong>,</strong></span> <span class='ocrx_word' id='word_1_281' title='bbox 388 1300 512 1335; x_wconf 71' lang='grc' dir='ltr'>καθάπερ</span> <span class='ocrx_word' id='word_1_282' title='bbox 535 1298 711 1334; x_wconf 74' lang='grc' dir='ltr'><strong>ἁσφαλτῶδες</strong></span> <span class='ocrx_word' id='word_1_283' title='bbox 732 1297 837 1333; x_wconf 75' lang='grc' dir='ltr'><strong>ῥεῦμα,</strong></span> <span class='ocrx_word' id='word_1_284' title='bbox 856 1296 928 1322; x_wconf 71' lang='grc' dir='ltr'>ἔνδον</span> <span class='ocrx_word' id='word_1_285' title='bbox 943 1296 983 1326; x_wconf 80' lang='grc' dir='ltr'><strong>εἰς</strong></span> 
     </span>
    </p>
   </div>
   <div class='ocr_carea' id='block_1_38' title="bbox 198 1341 984 1382">
    <p class='ocr_par' dir='ltr' id='par_1_38' title="bbox 198 1341 984 1382">
     <span class='ocr_line' id='line_1_38' title="bbox 198 1341 984 1382; baseline -0.006 -9"><span class='ocrx_word' id='word_1_286' title='bbox 198 1347 286 1382; x_wconf 81' lang='grc' dir='ltr'>αὐτὴν</span> <span class='ocrx_word' id='word_1_287' title='bbox 300 1347 459 1381; x_wconf 79' lang='grc' dir='ltr'><strong>ὲκχεόμενος</strong></span> <span class='ocrx_word' id='word_1_288' title='bbox 471 1345 520 1381; x_wconf 84' lang='grc' dir='ltr'><strong>τὴν</strong></span> <span class='ocrx_word' id='word_1_289' title='bbox 536 1345 634 1381; x_wconf 79' lang='grc' dir='ltr'>ψυχὴν,</span> <span class='ocrx_word' id='word_1_290' title='bbox 647 1343 699 1370; x_wconf 65' lang='grc' dir='ltr'><strong>ὑπὸ</strong></span> <span class='ocrx_word' id='word_1_291' title='bbox 713 1343 761 1370; x_wconf 75' lang='grc' dir='ltr'>τοῦ</span> <span class='ocrx_word' id='word_1_292' title='bbox 773 1344 802 1369; x_wconf 78' lang='grc' dir='ltr'>ἐν</span> <span class='ocrx_word' id='word_1_293' title='bbox 817 1343 896 1378; x_wconf 60' lang='grc' dir='ltr'>σαρκὶ</span> <span class='ocrx_word' id='word_1_294' title='bbox 913 1341 984 1369; x_wconf 79' lang='grc' dir='ltr'>κατὰ</span> 
     </span>
    </p>
   </div>
   <div class='ocr_carea' id='block_1_39' title="bbox 198 1387 981 1428">
    <p class='ocr_par' dir='ltr' id='par_1_39' title="bbox 198 1387 981 1428">
     <span class='ocr_line' id='line_1_39' title="bbox 198 1387 981 1428; baseline -0.005 -11"><span class='ocrx_word' id='word_1_295' title='bbox 198 1393 250 1428; x_wconf 79' lang='grc' dir='ltr'><strong>τὴν</strong></span> <span class='ocrx_word' id='word_1_296' title='bbox 273 1392 419 1427; x_wconf 77' lang='grc' dir='ltr'>ἐπιθυμίαν</span> <span class='ocrx_word' id='word_1_297' title='bbox 440 1392 665 1427; x_wconf 78' lang='grc' dir='ltr'>ὲπιτυγχάνοντος</span> <span class='ocrx_word' id='word_1_298' title='bbox 692 1388 864 1425; x_wconf 73' lang='grc' dir='ltr'>κραταιοῦται</span> <span class='ocrx_word' id='word_1_299' title='bbox 889 1387 981 1422; x_wconf 72' lang='grc' dir='ltr'>νόμον.</span> 
     </span>
    </p>
   </div>
   <div class='ocr_carea' id='block_1_40' title="bbox 197 1432 983 1474">
    <p class='ocr_par' dir='ltr' id='par_1_40' title="bbox 197 1432 983 1474">
     <span class='ocr_line' id='line_1_40' title="bbox 197 1432 983 1474; baseline -0.008 -9"><span class='ocrx_word' id='word_1_300' title='bbox 197 1439 326 1465; x_wconf 75' lang='grc' dir='ltr'>Φαίνεται</span> <span class='ocrx_word' id='word_1_301' title='bbox 339 1439 393 1474; x_wconf 76' lang='grc' dir='ltr'>γὰρ</span> <span class='ocrx_word' id='word_1_302' title='bbox 405 1439 444 1470; x_wconf 85' lang='grc' dir='ltr'><strong>ὡς</strong></span> <span class='ocrx_word' id='word_1_303' title='bbox 464 1439 496 1464; x_wconf 90' lang='grc' dir='ltr'>ὲν</span> <span class='ocrx_word' id='word_1_304' title='bbox 516 1438 582 1473; x_wconf 79' lang='grc' dir='ltr'><strong>ἡμῖν</strong></span> <span class='ocrx_word' id='word_1_305' title='bbox 596 1437 688 1467; x_wconf 71' lang='grc' dir='ltr'>αὐτοῖς</span> <span class='ocrx_word' id='word_1_306' title='bbox 706 1435 737 1461; x_wconf 80' lang='grc' dir='ltr'>τὺ</span> <span class='ocrx_word' id='word_1_307' title='bbox 753 1434 802 1470; x_wconf 80' lang='grc' dir='ltr'><strong>μὲν</strong></span> <span class='ocrx_word' id='word_1_308' title='bbox 817 1433 920 1469; x_wconf 79' lang='grc' dir='ltr'><strong>βέλτιον</strong></span> <span class='ocrx_word' id='word_1_309' title='bbox 930 1453 938 1465; x_wconf 86' lang='grc'>,</span> <span class='ocrx_word' id='word_1_310' title='bbox 953 1432 983 1459; x_wconf 70' lang='grc' dir='ltr'><strong>τὸ</strong></span> 
     </span>
    </p>
   </div>
   <div class='ocr_carea' id='block_1_41' title="bbox 199 1479 984 1519">
    <p class='ocr_par' dir='ltr' id='par_1_41' title="bbox 199 1479 984 1519">
     <span class='ocr_line' id='line_1_41' title="bbox 199 1479 984 1519; baseline -0.006 -10"><span class='ocrx_word' id='word_1_311' title='bbox 199 1484 229 1510; x_wconf 74' lang='grc' dir='ltr'><strong>δὲ</strong></span> <span class='ocrx_word' id='word_1_312' title='bbox 241 1485 330 1519; x_wconf 82' lang='grc' dir='ltr'>χεῖρον</span> <span class='ocrx_word' id='word_1_313' title='bbox 340 1484 380 1511; x_wconf 70' lang='grc' dir='ltr'><strong>δν.</strong></span> <span class='ocrx_word' id='word_1_314' title='bbox 401 1485 454 1511; x_wconf 77' lang='grc' dir='ltr'><strong>Καὶ</strong></span> <span class='ocrx_word' id='word_1_315' title='bbox 464 1485 527 1510; x_wconf 78' lang='grc' dir='ltr'><strong>ὅταν</strong></span> <span class='ocrx_word' id='word_1_316' title='bbox 542 1483 590 1518; x_wconf 83' lang='grc' dir='ltr'><strong>μὲν</strong></span> <span class='ocrx_word' id='word_1_317' title='bbox 604 1482 634 1508; x_wconf 79' lang='grc' dir='ltr'>τὸ</span> <span class='ocrx_word' id='word_1_318' title='bbox 651 1482 753 1517; x_wconf 70' lang='grc' dir='ltr'>βέλτιον</span> <span class='ocrx_word' id='word_1_319' title='bbox 771 1480 850 1515; x_wconf 80' lang='grc' dir='ltr'>φύσει</span> <span class='ocrx_word' id='word_1_320' title='bbox 865 1479 912 1505; x_wconf 76' lang='grc' dir='ltr'><strong>τοῦ</strong></span> <span class='ocrx_word' id='word_1_321' title='bbox 928 1479 984 1513; x_wconf 80' lang='grc' dir='ltr'><strong>χεί-</strong></span> 
     </span>
    </p>
   </div>
   <div class='ocr_carea' id='block_1_42' title="bbox 1066 707 1813 745">
    <p class='ocr_par' dir='ltr' id='par_1_42' title="bbox 1066 707 1813 745">
     <span class='ocr_line' id='line_1_42' title="bbox 1066 707 1813 745; baseline -0.001 -10"><span class='ocrx_word' id='word_1_322' title='bbox 1066 707 1134 736; x_wconf 84' lang='lat' dir='ltr'><strong>LXI.</strong></span> <span class='ocrx_word' id='word_1_323' title='bbox 1157 709 1295 745; x_wconf 90' lang='lat' dir='ltr'><strong>Siquidem</strong></span> <span class='ocrx_word' id='word_1_324' title='bbox 1307 710 1453 745; x_wconf 87' lang='lat' dir='ltr'><strong>Apostolus</strong></span> <span class='ocrx_word' id='word_1_325' title='bbox 1468 709 1521 736; x_wconf 83' lang='lat' dir='ltr'><strong>tria</strong></span> <span class='ocrx_word' id='word_1_326' title='bbox 1536 709 1646 736; x_wconf 89' lang='lat' dir='ltr'><strong>omnino</strong></span> <span class='ocrx_word' id='word_1_327' title='bbox 1659 707 1747 743; x_wconf 77' lang='lat' dir='ltr'><strong>legum</strong></span> <span class='ocrx_word' id='word_1_328' title='bbox 1764 714 1813 742; x_wconf 84' lang='lat' dir='ltr'><strong>ge—</strong></span> 
     </span>
    </p>
   </div>
   <div class='ocr_carea' id='block_1_43' title="bbox 1031 753 1811 783">
    <p class='ocr_par' dir='ltr' id='par_1_43' title="bbox 1031 753 1811 783">
     <span class='ocr_line' id='line_1_43' title="bbox 1031 753 1811 783; baseline -0.001 -2"><span class='ocrx_word' id='word_1_329' title='bbox 1031 762 1097 781; x_wconf 85' lang='lat' dir='ltr'><strong>nera</strong></span> <span class='ocrx_word' id='word_1_330' title='bbox 1119 754 1171 782; x_wconf 91' lang='lat' dir='ltr'><strong>hoc</strong></span> <span class='ocrx_word' id='word_1_331' title='bbox 1200 755 1228 782; x_wconf 93' lang='lat' dir='ltr'><strong>in</strong></span> <span class='ocrx_word' id='word_1_332' title='bbox 1254 755 1314 783; x_wconf 88' lang='lat' dir='ltr'><strong>loco</strong></span> <span class='ocrx_word' id='word_1_333' title='bbox 1339 755 1498 783; x_wconf 86' lang='lat' dir='ltr'><strong>distinxisse</strong></span> <span class='ocrx_word' id='word_1_334' title='bbox 1524 753 1668 782; x_wconf 73' lang='lat' dir='ltr'><strong>manifeste</strong></span> <span class='ocrx_word' id='word_1_335' title='bbox 1695 753 1811 780; x_wconf 89' lang='lat' dir='ltr'><strong>videtur.</strong></span> 
     </span>
    </p>
   </div>
   <div class='ocr_carea' id='block_1_44' title="bbox 1032 800 1811 833">
    <p class='ocr_par' dir='ltr' id='par_1_44' title="bbox 1032 800 1811 833">
     <span class='ocr_line' id='line_1_44' title="bbox 1032 800 1811 833; baseline -0.003 -6"><span class='ocrx_word' id='word_1_336' title='bbox 1032 800 1153 833; x_wconf 88' lang='lat' dir='ltr'><strong>Quorum</strong></span> <span class='ocrx_word' id='word_1_337' title='bbox 1165 809 1248 829; x_wconf 87' lang='lat' dir='ltr'><strong>unum</strong></span> <span class='ocrx_word' id='word_1_338' title='bbox 1261 807 1304 829; x_wconf 90' lang='lat' dir='ltr'><strong>est</strong></span> <span class='ocrx_word' id='word_1_339' title='bbox 1315 802 1399 830; x_wconf 84' lang='lat' dir='ltr'><strong>insito</strong></span> <span class='ocrx_word' id='word_1_340' title='bbox 1411 801 1489 829; x_wconf 87' lang='lat' dir='ltr'><strong>nobis</strong></span> <span class='ocrx_word' id='word_1_341' title='bbox 1498 801 1571 828; x_wconf 90' lang='lat' dir='ltr'><strong>bono</strong></span> <span class='ocrx_word' id='word_1_342' title='bbox 1586 804 1811 831; x_wconf 84' lang='lat' dir='ltr'><strong>consentaneum,</strong></span> 
     </span>
    </p>
   </div>
   <div class='ocr_carea' id='block_1_45' title="bbox 1032 845 1812 882">
    <p class='ocr_par' dir='ltr' id='par_1_45' title="bbox 1032 845 1812 882">
     <span class='ocr_line' id='line_1_45' title="bbox 1032 845 1812 882; baseline -0.003 -9"><span class='ocrx_word' id='word_1_343' title='bbox 1032 854 1112 880; x_wconf 85' lang='lat' dir='ltr'><strong>quam</strong></span> <span class='ocrx_word' id='word_1_344' title='bbox 1136 851 1228 882; x_wconf 87' lang='lat' dir='ltr'><strong>aperte</strong></span> <span class='ocrx_word' id='word_1_345' title='bbox 1250 847 1335 882; x_wconf 82' lang='lat' dir='ltr'><strong>legem</strong></span> <span class='ocrx_word' id='word_1_346' title='bbox 1355 849 1454 874; x_wconf 89' lang='lat' dir='ltr'><strong>mentis</strong></span> <span class='ocrx_word' id='word_1_347' title='bbox 1472 846 1599 882; x_wconf 84' lang='lat' dir='ltr'><strong>appellat.</strong></span> <span class='ocrx_word' id='word_1_348' title='bbox 1616 845 1736 873; x_wconf 83' lang='lat' dir='ltr'><strong>Alterum</strong></span> <span class='ocrx_word' id='word_1_349' title='bbox 1759 850 1812 876; x_wconf 84' lang='lat' dir='ltr'><strong>est,</strong></span> 
     </span>
    </p>
   </div>
   <div class='ocr_carea' id='block_1_46' title="bbox 1032 890 1812 927">
    <p class='ocr_par' dir='ltr' id='par_1_46' title="bbox 1032 890 1812 927">
     <span class='ocr_line' id='line_1_46' title="bbox 1032 890 1812 927; baseline -0.003 -9"><span class='ocrx_word' id='word_1_350' title='bbox 1032 892 1103 927; x_wconf 88' lang='lat' dir='ltr'><strong>quod</strong></span> <span class='ocrx_word' id='word_1_351' title='bbox 1115 899 1147 919; x_wconf 86' lang='lat' dir='ltr'><strong>ex</strong></span> <span class='ocrx_word' id='word_1_352' title='bbox 1161 893 1321 927; x_wconf 84' lang='lat' dir='ltr'><strong>nequissimi</strong></span> <span class='ocrx_word' id='word_1_353' title='bbox 1336 893 1515 926; x_wconf 80' lang='lat' dir='ltr'><strong>impressione</strong></span> <span class='ocrx_word' id='word_1_354' title='bbox 1531 890 1676 919; x_wconf 84' lang='lat' dir='ltr'><strong>conﬂatum</strong></span> <span class='ocrx_word' id='word_1_355' title='bbox 1690 894 1812 918; x_wconf 73' lang='lat' dir='ltr'><strong>nostram</strong></span> 
     </span>
    </p>
   </div>
   <div class='ocr_carea' id='block_1_47' title="bbox 1030 935 1813 972">
    <p class='ocr_par' dir='ltr' id='par_1_47' title="bbox 1030 935 1813 972">
     <span class='ocr_line' id='line_1_47' title="bbox 1030 935 1813 972; baseline -0.001 -9"><span class='ocrx_word' id='word_1_356' title='bbox 1030 937 1147 964; x_wconf 75' lang='lat' dir='ltr'><strong>animam</strong></span> <span class='ocrx_word' id='word_1_357' title='bbox 1170 938 1196 964; x_wconf 91' lang='lat' dir='ltr'><strong>in</strong></span> <span class='ocrx_word' id='word_1_358' title='bbox 1221 938 1431 972; x_wconf 87' lang='lat' dir='ltr'><strong>perturbationis</strong></span> <span class='ocrx_word' id='word_1_359' title='bbox 1455 937 1626 972; x_wconf 82' lang='lat' dir='ltr'><strong>plenissimas</strong></span> <span class='ocrx_word' id='word_1_360' title='bbox 1652 935 1813 971; x_wconf 86' lang='lat' dir='ltr'><strong>plerumque</strong></span> 
     </span>
    </p>
   </div>
   <div class='ocr_carea' id='block_1_48' title="bbox 1031 981 1812 1019">
    <p class='ocr_par' dir='ltr' id='par_1_48' title="bbox 1031 981 1812 1019">
     <span class='ocr_line' id='line_1_48' title="bbox 1031 981 1812 1019; baseline -0.005 -8"><span class='ocrx_word' id='word_1_361' title='bbox 1031 983 1207 1019; x_wconf 72' lang='lat' dir='ltr'><strong>cogitationes</strong></span> <span class='ocrx_word' id='word_1_362' title='bbox 1224 992 1256 1012; x_wconf 86' lang='lat' dir='ltr'><strong>ac</strong></span> <span class='ocrx_word' id='word_1_363' title='bbox 1276 984 1434 1019; x_wconf 89' lang='lat' dir='ltr'><strong>phantasias</strong></span> <span class='ocrx_word' id='word_1_364' title='bbox 1459 983 1580 1018; x_wconf 73' lang='lat' dir='ltr'><strong>coniicit,</strong></span> <span class='ocrx_word' id='word_1_365' title='bbox 1595 989 1675 1017; x_wconf 88' lang='lat' dir='ltr'><strong>quam</strong></span> <span class='ocrx_word' id='word_1_366' title='bbox 1690 981 1812 1008; x_wconf 84' lang='lat' dir='ltr'><strong>eamdem</strong></span> 
     </span>
    </p>
   </div>
   <div class='ocr_carea' id='block_1_49' title="bbox 1031 1029 1812 1065">
    <p class='ocr_par' dir='ltr' id='par_1_49' title="bbox 1031 1029 1812 1065">
     <span class='ocr_line' id='line_1_49' title="bbox 1031 1029 1812 1065; baseline -0.003 -9"><span class='ocrx_word' id='word_1_367' title='bbox 1031 1029 1082 1065; x_wconf 86' lang='lat' dir='ltr'><strong>legi</strong></span> <span class='ocrx_word' id='word_1_368' title='bbox 1096 1030 1195 1058; x_wconf 88' lang='lat' dir='ltr'><strong>mentis</strong></span> <span class='ocrx_word' id='word_1_369' title='bbox 1210 1030 1346 1058; x_wconf 84' lang='lat' dir='ltr'><strong>adversari</strong></span> <span class='ocrx_word' id='word_1_370' title='bbox 1372 1030 1452 1058; x_wconf 91' lang='lat' dir='ltr'><strong>dixit.</strong></span> <span class='ocrx_word' id='word_1_371' title='bbox 1471 1029 1642 1056; x_wconf 81' lang='lat' dir='ltr'><strong>Postremum</strong></span> <span class='ocrx_word' id='word_1_372' title='bbox 1657 1036 1743 1064; x_wconf 85' lang='lat' dir='ltr'><strong>genus</strong></span> <span class='ocrx_word' id='word_1_373' title='bbox 1759 1031 1812 1058; x_wconf 85' lang='lat' dir='ltr'><strong>est,</strong></span> 
     </span>
    </p>
   </div>
   <div class='ocr_carea' id='block_1_50' title="bbox 1031 1073 1814 1110">
    <p class='ocr_par' dir='ltr' id='par_1_50' title="bbox 1031 1073 1814 1110">
     <span class='ocr_line' id='line_1_50' title="bbox 1031 1073 1814 1110; baseline -0.004 -9"><span class='ocrx_word' id='word_1_374' title='bbox 1031 1075 1103 1110; x_wconf 82' lang='lat' dir='ltr'><strong>quod</strong></span> <span class='ocrx_word' id='word_1_375' title='bbox 1118 1083 1166 1110; x_wconf 89' lang='lat' dir='ltr'><strong>per</strong></span> <span class='ocrx_word' id='word_1_376' title='bbox 1185 1079 1325 1110; x_wconf 75' lang='lat' dir='ltr'><strong>peccaturo</strong></span> <span class='ocrx_word' id='word_1_377' title='bbox 1340 1083 1372 1102; x_wconf 86' lang='lat' dir='ltr'><strong>ex</strong></span> <span class='ocrx_word' id='word_1_378' title='bbox 1390 1075 1449 1110; x_wconf 84' lang='lat' dir='ltr'><strong>ipsa</strong></span> <span class='ocrx_word' id='word_1_379' title='bbox 1463 1074 1611 1109; x_wconf 84' lang='lat' dir='ltr'><strong>cupiditate</strong></span> <span class='ocrx_word' id='word_1_380' title='bbox 1623 1073 1650 1100; x_wconf 92' lang='lat' dir='ltr'><strong>in</strong></span> <span class='ocrx_word' id='word_1_381' title='bbox 1666 1080 1748 1100; x_wconf 86' lang='lat' dir='ltr'><strong>carne</strong></span> <span class='ocrx_word' id='word_1_382' title='bbox 1765 1080 1814 1098; x_wconf 91' lang='lat' dir='ltr'><strong>no-</strong></span> 
     </span>
    </p>
   </div>
   <div class='ocr_carea' id='block_1_51' title="bbox 1032 1119 1812 1156">
    <p class='ocr_par' dir='ltr' id='par_1_51' title="bbox 1032 1119 1812 1156">
     <span class='ocr_line' id='line_1_51' title="bbox 1032 1119 1812 1156; baseline -0.005 -8"><span class='ocrx_word' id='word_1_383' title='bbox 1032 1126 1088 1148; x_wconf 88' lang='lat' dir='ltr'><strong>stra</strong></span> <span class='ocrx_word' id='word_1_384' title='bbox 1100 1121 1238 1153; x_wconf 83' lang='lat' dir='ltr'><strong>occalluit,</strong></span> <span class='ocrx_word' id='word_1_385' title='bbox 1253 1128 1334 1156; x_wconf 88' lang='lat' dir='ltr'><strong>quam</strong></span> <span class='ocrx_word' id='word_1_386' title='bbox 1355 1121 1401 1148; x_wconf 86' lang='lat' dir='ltr'><strong>ille</strong></span> <span class='ocrx_word' id='word_1_387' title='bbox 1416 1121 1521 1155; x_wconf 83' lang='lat' dir='ltr'><strong>peccati</strong></span> <span class='ocrx_word' id='word_1_388' title='bbox 1537 1120 1623 1155; x_wconf 84' lang='lat' dir='ltr'><strong>legem</strong></span> <span class='ocrx_word' id='word_1_389' title='bbox 1646 1119 1812 1146; x_wconf 88' lang='lat' dir='ltr'><strong>habitantem</strong></span> 
     </span>
    </p>
   </div>
   <div class='ocr_carea' id='block_1_52' title="bbox 1032 1163 1813 1198">
    <p class='ocr_par' dir='ltr' id='par_1_52' title="bbox 1032 1163 1813 1198">
     <span class='ocr_line' id='line_1_52' title="bbox 1032 1163 1813 1198; baseline 0 -8"><span class='ocrx_word' id='word_1_390' title='bbox 1032 1163 1060 1190; x_wconf 92' lang='lat' dir='ltr'><strong>in</strong></span> <span class='ocrx_word' id='word_1_391' title='bbox 1071 1164 1201 1193; x_wconf 90' lang='lat' dir='ltr'><strong>membris</strong></span> <span class='ocrx_word' id='word_1_392' title='bbox 1212 1165 1314 1193; x_wconf 88' lang='lat' dir='ltr'><strong>nostris</strong></span> <span class='ocrx_word' id='word_1_393' title='bbox 1329 1165 1462 1192; x_wconf 84' lang='lat' dir='ltr'><strong>nominat.</strong></span> <span class='ocrx_word' id='word_1_394' title='bbox 1476 1164 1561 1197; x_wconf 84' lang='lat' dir='ltr'><strong>Quam</strong></span> <span class='ocrx_word' id='word_1_395' title='bbox 1576 1164 1659 1192; x_wconf 86' lang='lat' dir='ltr'><strong>etiam</strong></span> <span class='ocrx_word' id='word_1_396' title='bbox 1673 1163 1813 1198; x_wconf 89' lang='lat' dir='ltr'><strong>improbus</strong></span> 
     </span>
    </p>
   </div>
   <div class='ocr_carea' id='block_1_53' title="bbox 1033 1209 1812 1246">
    <p class='ocr_par' dir='ltr' id='par_1_53' title="bbox 1033 1209 1812 1246">
     <span class='ocr_line' id='line_1_53' title="bbox 1033 1209 1812 1246; baseline 0.003 -11"><span class='ocrx_word' id='word_1_397' title='bbox 1033 1209 1077 1236; x_wconf 87' lang='lat' dir='ltr'><strong>ille</strong></span> <span class='ocrx_word' id='word_1_398' title='bbox 1091 1209 1176 1238; x_wconf 87' lang='lat' dir='ltr'><strong>hostis</strong></span> <span class='ocrx_word' id='word_1_399' title='bbox 1189 1210 1331 1242; x_wconf 82' lang='lat' dir='ltr'><strong>invadens,</strong></span> <span class='ocrx_word' id='word_1_400' title='bbox 1346 1211 1426 1246; x_wconf 84' lang='lat' dir='ltr'><strong>eique</strong></span> <span class='ocrx_word' id='word_1_401' title='bbox 1439 1210 1571 1243; x_wconf 87' lang='lat' dir='ltr'><strong>insidens,</strong></span> <span class='ocrx_word' id='word_1_402' title='bbox 1591 1218 1662 1245; x_wconf 72' lang='lat' dir='ltr'><strong>smpe</strong></span> <span class='ocrx_word' id='word_1_403' title='bbox 1678 1209 1812 1237; x_wconf 88' lang='lat' dir='ltr'><strong>adversus</strong></span> 
     </span>
    </p>
   </div>
   <div class='ocr_carea' id='block_1_54' title="bbox 1034 1254 1815 1291">
    <p class='ocr_par' dir='ltr' id='par_1_54' title="bbox 1034 1254 1815 1291">
     <span class='ocr_line' id='line_1_54' title="bbox 1034 1254 1815 1291; baseline 0 -9"><span class='ocrx_word' id='word_1_404' title='bbox 1034 1262 1084 1282; x_wconf 83' lang='lat' dir='ltr'><strong>nos</strong></span> <span class='ocrx_word' id='word_1_405' title='bbox 1098 1255 1209 1287; x_wconf 76' lang='lat' dir='ltr'><strong>excitat,</strong></span> <span class='ocrx_word' id='word_1_406' title='bbox 1228 1261 1309 1291; x_wconf 91' lang='lat' dir='ltr'><strong>atque</strong></span> <span class='ocrx_word' id='word_1_407' title='bbox 1323 1257 1356 1283; x_wconf 87' lang='lat' dir='ltr'><strong>ad</strong></span> <span class='ocrx_word' id='word_1_408' title='bbox 1370 1257 1531 1291; x_wconf 73' lang='lat' dir='ltr'><strong>iniustitiam</strong></span> <span class='ocrx_word' id='word_1_409' title='bbox 1549 1263 1580 1284; x_wconf 84' lang='lat' dir='ltr'><strong>ac</strong></span> <span class='ocrx_word' id='word_1_410' title='bbox 1595 1257 1725 1284; x_wconf 87' lang='lat' dir='ltr'><strong>scelerata</strong></span> <span class='ocrx_word' id='word_1_411' title='bbox 1749 1254 1815 1283; x_wconf 78' lang='lat' dir='ltr'><strong>faci-</strong></span> 
     </span>
    </p>
   </div>
   <div class='ocr_carea' id='block_1_55' title="bbox 1032 1301 1816 1337">
    <p class='ocr_par' dir='ltr' id='par_1_55' title="bbox 1032 1301 1816 1337">
     <span class='ocr_line' id='line_1_55' title="bbox 1032 1301 1816 1337; baseline 0.001 -10"><span class='ocrx_word' id='word_1_412' title='bbox 1032 1307 1100 1327; x_wconf 84' lang='lat' dir='ltr'><strong>nora</strong></span> <span class='ocrx_word' id='word_1_413' title='bbox 1113 1301 1260 1336; x_wconf 86' lang='lat' dir='ltr'><strong>compellit.</strong></span> <span class='ocrx_word' id='word_1_414' title='bbox 1273 1301 1339 1329; x_wconf 80' lang='lat' dir='ltr'><strong>Nam</strong></span> <span class='ocrx_word' id='word_1_415' title='bbox 1355 1302 1396 1330; x_wconf 91' lang='lat' dir='ltr'><strong>lex</strong></span> <span class='ocrx_word' id='word_1_416' title='bbox 1414 1302 1470 1333; x_wconf 88' lang='lat' dir='ltr'><strong>illa,</strong></span> <span class='ocrx_word' id='word_1_417' title='bbox 1483 1309 1563 1336; x_wconf 90' lang='lat' dir='ltr'><strong>quam</strong></span> <span class='ocrx_word' id='word_1_418' title='bbox 1579 1301 1713 1337; x_wconf 87' lang='lat' dir='ltr'><strong>malignus</strong></span> <span class='ocrx_word' id='word_1_419' title='bbox 1729 1301 1816 1328; x_wconf 86' lang='lat' dir='ltr'><strong>hostis</strong></span> 
     </span>
    </p>
   </div>
   <div class='ocr_carea' id='block_1_56' title="bbox 1030 1346 1816 1383">
    <p class='ocr_par' dir='ltr' id='par_1_56' title="bbox 1030 1346 1816 1383">
     <span class='ocr_line' id='line_1_56' title="bbox 1030 1346 1816 1383; baseline -0.001 -10"><span class='ocrx_word' id='word_1_420' title='bbox 1030 1347 1203 1375; x_wconf 84' lang='lat' dir='ltr'><strong>extrinsecus</strong></span> <span class='ocrx_word' id='word_1_421' title='bbox 1216 1347 1348 1380; x_wconf 87' lang='lat' dir='ltr'><strong>insinuat,</strong></span> <span class='ocrx_word' id='word_1_422' title='bbox 1363 1355 1477 1383; x_wconf 69' lang='lat' dir='ltr'><strong>qumque</strong></span> <span class='ocrx_word' id='word_1_423' title='bbox 1492 1355 1540 1383; x_wconf 87' lang='lat' dir='ltr'><strong>per</strong></span> <span class='ocrx_word' id='word_1_424' title='bbox 1550 1354 1660 1378; x_wconf 84' lang='lat' dir='ltr'><strong>sensus,</strong></span> <span class='ocrx_word' id='word_1_425' title='bbox 1672 1346 1744 1374; x_wconf 88' lang='lat' dir='ltr'><strong>velut</strong></span> <span class='ocrx_word' id='word_1_426' title='bbox 1759 1346 1816 1373; x_wconf 90' lang='lat' dir='ltr'><strong>Icn-</strong></span> 
     </span>
    </p>
   </div>
   <div class='ocr_carea' id='block_1_57' title="bbox 1034 1391 1817 1428">
    <p class='ocr_par' dir='ltr' id='par_1_57' title="bbox 1034 1391 1817 1428">
     <span class='ocr_line' id='line_1_57' title="bbox 1034 1391 1817 1428; baseline 0 -11"><span class='ocrx_word' id='word_1_427' title='bbox 1034 1394 1078 1418; x_wconf 90' lang='lat' dir='ltr'><strong>tus</strong></span> <span class='ocrx_word' id='word_1_428' title='bbox 1093 1391 1204 1426; x_wconf 87' lang='lat' dir='ltr'><strong>quidam</strong></span> <span class='ocrx_word' id='word_1_429' title='bbox 1225 1399 1258 1419; x_wconf 88' lang='lat' dir='ltr'><strong>ac</strong></span> <span class='ocrx_word' id='word_1_430' title='bbox 1282 1400 1385 1428; x_wconf 83' lang='lat' dir='ltr'><strong>sequax</strong></span> <span class='ocrx_word' id='word_1_431' title='bbox 1402 1393 1544 1421; x_wconf 89' lang='lat' dir='ltr'><strong>bituminis</strong></span> <span class='ocrx_word' id='word_1_432' title='bbox 1568 1396 1682 1425; x_wconf 76' lang='lat' dir='ltr'><strong>tractus,</strong></span> <span class='ocrx_word' id='word_1_433' title='bbox 1710 1391 1737 1418; x_wconf 93' lang='lat' dir='ltr'><strong>in</strong></span> <span class='ocrx_word' id='word_1_434' title='bbox 1757 1391 1817 1417; x_wconf 60' lang='lat' dir='ltr'><strong>ani-</strong></span> 
     </span>
    </p>
   </div>
   <div class='ocr_carea' id='block_1_58' title="bbox 1034 1435 1814 1472">
    <p class='ocr_par' dir='ltr' id='par_1_58' title="bbox 1034 1435 1814 1472">
     <span class='ocr_line' id='line_1_58' title="bbox 1034 1435 1814 1472; baseline 0.003 -12"><span class='ocrx_word' id='word_1_435' title='bbox 1034 1442 1104 1461; x_wconf 80' lang='lat' dir='ltr'><strong>niam</strong></span> <span class='ocrx_word' id='word_1_436' title='bbox 1120 1435 1206 1470; x_wconf 91' lang='lat' dir='ltr'><strong>ipsam</strong></span> <span class='ocrx_word' id='word_1_437' title='bbox 1222 1436 1295 1464; x_wconf 86' lang='lat' dir='ltr'><strong>intus</strong></span> <span class='ocrx_word' id='word_1_438' title='bbox 1309 1437 1472 1470; x_wconf 78' lang='lat' dir='ltr'><strong>infunditur,</strong></span> <span class='ocrx_word' id='word_1_439' title='bbox 1488 1438 1522 1464; x_wconf 90' lang='lat' dir='ltr'><strong>ab</strong></span> <span class='ocrx_word' id='word_1_440' title='bbox 1539 1437 1592 1464; x_wconf 88' lang='lat' dir='ltr'><strong>alia</strong></span> <span class='ocrx_word' id='word_1_441' title='bbox 1607 1437 1666 1472; x_wconf 84' lang='lat' dir='ltr'><strong>lege</strong></span> <span class='ocrx_word' id='word_1_442' title='bbox 1685 1436 1814 1463; x_wconf 90' lang='lat' dir='ltr'><strong>corrobo-</strong></span> 
     </span>
    </p>
   </div>
   <div class='ocr_carea' id='block_1_59' title="bbox 1034 1481 1815 1517">
    <p class='ocr_par' dir='ltr' id='par_1_59' title="bbox 1034 1481 1815 1517">
     <span class='ocr_line' id='line_1_59' title="bbox 1034 1481 1815 1517; baseline 0.003 -10"><span class='ocrx_word' id='word_1_443' title='bbox 1034 1484 1119 1513; x_wconf 85' lang='lat' dir='ltr'><strong>ratur,</strong></span> <span class='ocrx_word' id='word_1_444' title='bbox 1135 1488 1216 1516; x_wconf 79' lang='lat' dir='ltr'><strong>quam</strong></span> <span class='ocrx_word' id='word_1_445' title='bbox 1235 1482 1262 1509; x_wconf 94' lang='lat' dir='ltr'><strong>in</strong></span> <span class='ocrx_word' id='word_1_446' title='bbox 1279 1491 1390 1511; x_wconf 88' lang='lat' dir='ltr'><strong>carnem</strong></span> <span class='ocrx_word' id='word_1_447' title='bbox 1408 1487 1530 1511; x_wconf 84' lang='lat' dir='ltr'><strong>nostram</strong></span> <span class='ocrx_word' id='word_1_448' title='bbox 1545 1483 1682 1517; x_wconf 87' lang='lat' dir='ltr'><strong>cupiditas</strong></span> <span class='ocrx_word' id='word_1_449' title='bbox 1696 1482 1753 1516; x_wconf 86' lang='lat' dir='ltr'><strong>ipsa</strong></span> <span class='ocrx_word' id='word_1_450' title='bbox 1767 1481 1815 1509; x_wconf 88' lang='lat' dir='ltr'><strong>de-</strong></span> 
     </span>
    </p>
   </div>
   <div class='ocr_carea' id='block_1_60' title="bbox 204 1523 982 1565">
    <p class='ocr_par' dir='ltr' id='par_1_60' title="bbox 204 1523 982 1565">
     <span class='ocr_line' id='line_1_60' title="bbox 204 1523 982 1565; baseline -0.009 -9"><span class='ocrx_word' id='word_1_451' title='bbox 204 1538 279 1564; x_wconf 84' lang='grc' dir='ltr'>ρονος</span> <span class='ocrx_word' id='word_1_452' title='bbox 296 1530 508 1565; x_wconf 69' lang='grc' dir='ltr'>ἐγκρατέστερον</span> <span class='ocrx_word' id='word_1_453' title='bbox 535 1528 653 1564; x_wconf 68' lang='grc' dir='ltr'><strong>γενηῡῇι,</strong></span> <span class='ocrx_word' id='word_1_454' title='bbox 669 1527 779 1563; x_wconf 80' lang='grc' dir='ltr'>φέρεται</span> <span class='ocrx_word' id='word_1_455' title='bbox 793 1526 853 1556; x_wconf 76' lang='grc' dir='ltr'>ὅλος</span> <span class='ocrx_word' id='word_1_456' title='bbox 871 1524 938 1560; x_wconf 77' lang='grc' dir='ltr'>πρὸς</span> <span class='ocrx_word' id='word_1_457' title='bbox 953 1523 982 1550; x_wconf 68' lang='grc' dir='ltr'><strong>τὺ</strong></span> 
     </span>
    </p>
   </div>
   <div class='ocr_carea' id='block_1_61' title="bbox 1034 1523 1816 1565">
    <p class='ocr_par' dir='ltr' id='par_1_61' title="bbox 1034 1526 1816 1564">
     <span class='ocr_line' id='line_1_61' title="bbox 1034 1526 1816 1564; baseline 0.001 -11"><span class='ocrx_word' id='word_1_458' title='bbox 1034 1526 1113 1553; x_wconf 81' lang='lat' dir='ltr'><strong>rivat.</strong></span> <span class='ocrx_word' id='word_1_459' title='bbox 1128 1526 1195 1554; x_wconf 86' lang='lat' dir='ltr'><strong>Nam</strong></span> <span class='ocrx_word' id='word_1_460' title='bbox 1210 1528 1237 1555; x_wconf 92' lang='lat' dir='ltr'><strong>in</strong></span> <span class='ocrx_word' id='word_1_461' title='bbox 1253 1529 1331 1556; x_wconf 90' lang='lat' dir='ltr'><strong>nobis</strong></span> <span class='ocrx_word' id='word_1_462' title='bbox 1346 1530 1436 1558; x_wconf 87' lang='lat' dir='ltr'><strong>inesse</strong></span> <span class='ocrx_word' id='word_1_463' title='bbox 1449 1529 1556 1557; x_wconf 85' lang='lat' dir='ltr'><strong>videtur</strong></span> <span class='ocrx_word' id='word_1_464' title='bbox 1570 1528 1654 1561; x_wconf 85' lang='lat' dir='ltr'><strong>aliud,</strong></span> <span class='ocrx_word' id='word_1_465' title='bbox 1671 1528 1742 1564; x_wconf 91' lang='lat' dir='ltr'><strong>quod</strong></span> <span class='ocrx_word' id='word_1_466' title='bbox 1760 1535 1816 1555; x_wconf 88' lang='lat' dir='ltr'><strong>me-</strong></span> 
     </span>
    </p>
   </div>
   <div class='ocr_carea' id='block_1_62' title="bbox 204 1569 982 1608">
    <p class='ocr_par' dir='ltr' id='par_1_62' title="bbox 204 1569 982 1608">
     <span class='ocr_line' id='line_1_62' title="bbox 204 1569 982 1608; baseline -0.009 -6"><span class='ocrx_word' id='word_1_467' title='bbox 204 1576 304 1608; x_wconf 78' lang='grc' dir='ltr'>ἀγαθὸν</span> <span class='ocrx_word' id='word_1_468' title='bbox 328 1576 342 1602; x_wconf 85' lang='grc' dir='ltr'><strong>ό</strong></span> <span class='ocrx_word' id='word_1_469' title='bbox 362 1575 438 1607; x_wconf 84' lang='grc' dir='ltr'>νοῦς·</span> <span class='ocrx_word' id='word_1_470' title='bbox 453 1575 517 1602; x_wconf 80' lang='grc' dir='ltr'><strong>ὅταν</strong></span> <span class='ocrx_word' id='word_1_471' title='bbox 530 1575 558 1601; x_wconf 83' lang='grc' dir='ltr'><strong>δὲ</strong></span> <span class='ocrx_word' id='word_1_472' title='bbox 571 1573 601 1600; x_wconf 79' lang='grc' dir='ltr'><strong>τὺ</strong></span> <span class='ocrx_word' id='word_1_473' title='bbox 614 1574 703 1608; x_wconf 77' lang='grc' dir='ltr'>χεῖρον</span> <span class='ocrx_word' id='word_1_474' title='bbox 719 1571 848 1608; x_wconf 75' lang='grc' dir='ltr'>ἐπιϐρίσῃ</span> <span class='ocrx_word' id='word_1_475' title='bbox 870 1569 982 1597; x_wconf 81' lang='grc' dir='ltr'><strong>πλεονά-</strong></span> 
     </span>
    </p>
   </div>
   <div class='ocr_carea' id='block_1_63' title="bbox 203 1615 984 1657">
    <p class='ocr_par' dir='ltr' id='par_1_63' title="bbox 203 1615 984 1657">
     <span class='ocr_line' id='line_1_63' title="bbox 203 1615 984 1657; baseline -0.008 -10"><span class='ocrx_word' id='word_1_476' title='bbox 203 1629 252 1647; x_wconf 84' lang='grc' dir='ltr'>σαν</span> <span class='ocrx_word' id='word_1_477' title='bbox 262 1639 270 1652; x_wconf 92' lang='grc'><em>,</em></span> <span class='ocrx_word' id='word_1_478' title='bbox 282 1620 312 1647; x_wconf 74' lang='grc' dir='ltr'><strong>τὸ</strong></span> <span class='ocrx_word' id='word_1_479' title='bbox 327 1619 580 1657; x_wconf 82' lang='grc' dir='ltr'>ἀντιστρατεύεσθαι</span> <span class='ocrx_word' id='word_1_480' title='bbox 597 1619 606 1634; x_wconf 79' lang='grc'><strong><em>⁸</em></strong></span> <span class='ocrx_word' id='word_1_481' title='bbox 619 1618 657 1653; x_wconf 79' lang='grc' dir='ltr'><strong>τῷ</strong></span> <span class='ocrx_word' id='word_1_482' title='bbox 668 1618 698 1644; x_wconf 82' lang='grc' dir='ltr'><strong>ὲν</strong></span> <span class='ocrx_word' id='word_1_483' title='bbox 711 1618 777 1655; x_wconf 77' lang='grc' dir='ltr'><strong>ἡμῖν</strong></span> <span class='ocrx_word' id='word_1_484' title='bbox 795 1616 903 1651; x_wconf 76' lang='grc' dir='ltr'>λέγεται</span> <span class='ocrx_word' id='word_1_485' title='bbox 915 1615 984 1649; x_wconf 83' lang='grc' dir='ltr'><strong>ἁγα-</strong></span> 
     </span>
    </p>
   </div>
   <div class='ocr_carea' id='block_1_64' title="bbox 200 1660 985 1700">
    <p class='ocr_par' dir='ltr' id='par_1_64' title="bbox 200 1660 985 1700">
     <span class='ocr_line' id='line_1_64' title="bbox 200 1660 985 1700; baseline -0.005 -8"><span class='ocrx_word' id='word_1_486' title='bbox 200 1665 243 1700; x_wconf 74' lang='grc' dir='ltr'>θῲ</span> <span class='ocrx_word' id='word_1_487' title='bbox 258 1684 267 1697; x_wconf 89' lang='lat'><strong>,</strong></span> <span class='ocrx_word' id='word_1_488' title='bbox 297 1665 378 1691; x_wconf 77' lang='grc' dir='ltr'>πάλιν</span> <span class='ocrx_word' id='word_1_489' title='bbox 404 1665 501 1699; x_wconf 73' lang='grc' dir='ltr'><strong>ἄγεται</strong></span> <span class='ocrx_word' id='word_1_490' title='bbox 527 1663 712 1699; x_wconf 73' lang='grc' dir='ltr'><strong>ἀντιστρόφως</strong></span> <span class='ocrx_word' id='word_1_491' title='bbox 743 1662 810 1698; x_wconf 71' lang='grc' dir='ltr'>πρὸς</span> <span class='ocrx_word' id='word_1_492' title='bbox 835 1660 985 1696; x_wconf 75' lang='grc' dir='ltr'>φαντασίας</span> 
     </span>
    </p>
   </div>
   <div class='ocr_carea' id='block_1_65' title="bbox 202 1707 913 1746">
    <p class='ocr_par' dir='ltr' id='par_1_65' title="bbox 202 1707 913 1746">
     <span class='ocr_line' id='line_1_65' title="bbox 202 1707 913 1746; baseline -0.007 -8"><span class='ocrx_word' id='word_1_493' title='bbox 202 1710 373 1742; x_wconf 74' lang='grc' dir='ltr'><strong>παντοδαπὰς</strong></span> <span class='ocrx_word' id='word_1_494' title='bbox 383 1710 398 1736; x_wconf 78' lang='grc' dir='ltr'><strong>ὸ</strong></span> <span class='ocrx_word' id='word_1_495' title='bbox 410 1710 458 1736; x_wconf 80' lang='grc' dir='ltr'><strong>ἄνθ</strong></span> <span class='ocrx_word' id='word_1_496' title='bbox 463 1718 550 1746; x_wconf 78' lang='grc' dir='ltr'>ρωπος</span> <span class='ocrx_word' id='word_1_497' title='bbox 560 1709 609 1736; x_wconf 68' lang='grc' dir='ltr'><strong>καὶ</strong></span> <span class='ocrx_word' id='word_1_498' title='bbox 621 1708 767 1744; x_wconf 76' lang='grc' dir='ltr'>λογισμοὺς</span> <span class='ocrx_word' id='word_1_499' title='bbox 778 1707 913 1743; x_wconf 76' lang='grc' dir='ltr'>χείρονας.</span> 
     </span>
    </p>
   </div>
   <div class='ocr_carea' id='block_1_66' title="bbox 1035 1572 1818 1610">
    <p class='ocr_par' dir='ltr' id='par_1_66' title="bbox 1035 1572 1818 1610">
     <span class='ocr_line' id='line_1_66' title="bbox 1035 1572 1818 1610; baseline 0 -11"><span class='ocrx_word' id='word_1_500' title='bbox 1035 1572 1088 1600; x_wconf 84' lang='lat' dir='ltr'><strong>lius</strong></span> <span class='ocrx_word' id='word_1_501' title='bbox 1105 1576 1162 1605; x_wconf 84' lang='lat' dir='ltr'><strong>est,</strong></span> <span class='ocrx_word' id='word_1_502' title='bbox 1180 1573 1263 1607; x_wconf 84' lang='lat' dir='ltr'><strong>aliud,</strong></span> <span class='ocrx_word' id='word_1_503' title='bbox 1285 1575 1357 1610; x_wconf 89' lang='lat' dir='ltr'><strong>quod</strong></span> <span class='ocrx_word' id='word_1_504' title='bbox 1372 1575 1634 1610; x_wconf 86' lang='lat' dir='ltr'><strong>deterius.Cumque</strong></span> <span class='ocrx_word' id='word_1_505' title='bbox 1656 1573 1723 1601; x_wconf 91' lang='lat' dir='ltr'><strong>illud</strong></span> <span class='ocrx_word' id='word_1_506' title='bbox 1743 1573 1818 1600; x_wconf 84' lang='lat' dir='ltr'><strong>dete-</strong></span> 
     </span>
    </p>
   </div>
   <div class='ocr_carea' id='block_1_67' title="bbox 1035 1616 1818 1653">
    <p class='ocr_par' dir='ltr' id='par_1_67' title="bbox 1035 1616 1818 1653">
     <span class='ocr_line' id='line_1_67' title="bbox 1035 1616 1818 1653; baseline -0.001 -9"><span class='ocrx_word' id='word_1_507' title='bbox 1035 1616 1106 1644; x_wconf 88' lang='lat' dir='ltr'><strong>riore</strong></span> <span class='ocrx_word' id='word_1_508' title='bbox 1121 1618 1259 1653; x_wconf 77' lang='lat' dir='ltr'><strong>palentius</strong></span> <span class='ocrx_word' id='word_1_509' title='bbox 1284 1619 1375 1651; x_wconf 80' lang='lat' dir='ltr'><strong>fuerit,</strong></span> <span class='ocrx_word' id='word_1_510' title='bbox 1391 1623 1447 1646; x_wconf 86' lang='lat' dir='ltr'><strong>tota</strong></span> <span class='ocrx_word' id='word_1_511' title='bbox 1472 1627 1550 1647; x_wconf 86' lang='lat' dir='ltr'><strong>mens</strong></span> <span class='ocrx_word' id='word_1_512' title='bbox 1566 1619 1600 1646; x_wconf 93' lang='lat' dir='ltr'><strong>ad</strong></span> <span class='ocrx_word' id='word_1_513' title='bbox 1622 1619 1723 1646; x_wconf 90' lang='lat' dir='ltr'><strong>bonum</strong></span> <span class='ocrx_word' id='word_1_514' title='bbox 1744 1617 1818 1645; x_wconf 88' lang='lat' dir='ltr'><strong>velut</strong></span> 
     </span>
    </p>
   </div>
   <div class='ocr_carea' id='block_1_68' title="bbox 1036 1660 1819 1700">
    <p class='ocr_par' dir='ltr' id='par_1_68' title="bbox 1036 1660 1819 1700">
     <span class='ocr_line' id='line_1_68' title="bbox 1036 1660 1819 1700; baseline 0.003 -12"><span class='ocrx_word' id='word_1_515' title='bbox 1036 1660 1138 1696; x_wconf 84' lang='lat' dir='ltr'><strong>impetu</strong></span> <span class='ocrx_word' id='word_1_516' title='bbox 1152 1663 1269 1697; x_wconf 89' lang='lat' dir='ltr'><strong>quodam</strong></span> <span class='ocrx_word' id='word_1_517' title='bbox 1292 1664 1391 1699; x_wconf 87' lang='lat' dir='ltr'><strong>agitur.</strong></span> <span class='ocrx_word' id='word_1_518' title='bbox 1409 1664 1477 1692; x_wconf 89' lang='lat' dir='ltr'><strong>Cum</strong></span> <span class='ocrx_word' id='word_1_519' title='bbox 1494 1668 1585 1692; x_wconf 88' lang='lat' dir='ltr'><strong>autem</strong></span> <span class='ocrx_word' id='word_1_520' title='bbox 1603 1664 1630 1692; x_wconf 90' lang='lat' dir='ltr'><strong>id</strong></span> <span class='ocrx_word' id='word_1_521' title='bbox 1651 1663 1724 1700; x_wconf 92' lang='lat' dir='ltr'><strong>quod</strong></span> <span class='ocrx_word' id='word_1_522' title='bbox 1740 1663 1819 1698; x_wconf 83' lang='lat' dir='ltr'><strong>pejus</strong></span> 
     </span>
    </p>
   </div>
   <div class='ocr_carea' id='block_1_69' title="bbox 1035 1708 1818 1746">
    <p class='ocr_par' dir='ltr' id='par_1_69' title="bbox 1035 1708 1818 1746">
     <span class='ocr_line' id='line_1_69' title="bbox 1035 1708 1818 1746; baseline 0.001 -12"><span class='ocrx_word' id='word_1_523' title='bbox 1035 1710 1088 1740; x_wconf 84' lang='lat' dir='ltr'><strong>est,</strong></span> <span class='ocrx_word' id='word_1_524' title='bbox 1100 1708 1253 1736; x_wconf 83' lang='lat' dir='ltr'><strong>exuberans</strong></span> <span class='ocrx_word' id='word_1_525' title='bbox 1271 1709 1390 1745; x_wconf 78' lang='lat' dir='ltr'><strong>pondere</strong></span> <span class='ocrx_word' id='word_1_526' title='bbox 1411 1717 1462 1738; x_wconf 88' lang='lat' dir='ltr'><strong>suo</strong></span> <span class='ocrx_word' id='word_1_527' title='bbox 1482 1709 1658 1746; x_wconf 85' lang='lat' dir='ltr'><strong>depresserit,</strong></span> <span class='ocrx_word' id='word_1_528' title='bbox 1684 1709 1756 1744; x_wconf 91' lang='lat' dir='ltr'><strong>quod</strong></span> <span class='ocrx_word' id='word_1_529' title='bbox 1777 1709 1818 1736; x_wconf 85' lang='lat' dir='ltr'><strong>in-</strong></span> 
     </span>
    </p>
   </div>
   <div class='ocr_carea' id='block_1_70' title="bbox 203 1756 1818 1794">
    <p class='ocr_par' dir='ltr' id='par_1_70' title="bbox 203 1756 1818 1794">
     <span class='ocr_line' id='line_1_70' title="bbox 203 1756 1818 1794; baseline -0.002 -8"><span class='ocrx_word' id='word_1_530' title='bbox 203 1763 269 1786; x_wconf 86' lang='lat' dir='ltr'><strong>nato</strong></span> <span class='ocrx_word' id='word_1_531' title='bbox 279 1758 357 1786; x_wconf 91' lang='lat' dir='ltr'><strong>nobis</strong></span> <span class='ocrx_word' id='word_1_532' title='bbox 370 1760 442 1786; x_wconf 87' lang='lat' dir='ltr'><strong>bono</strong></span> <span class='ocrx_word' id='word_1_533' title='bbox 456 1766 606 1794; x_wconf 79' lang='lat' dir='ltr'><strong>repugnare</strong></span> <span class='ocrx_word' id='word_1_534' title='bbox 621 1759 731 1792; x_wconf 84' lang='lat' dir='ltr'><strong>dicitur,</strong></span> <span class='ocrx_word' id='word_1_535' title='bbox 746 1762 805 1785; x_wconf 82' lang='lat' dir='ltr'><strong>tum</strong></span> <span class='ocrx_word' id='word_1_536' title='bbox 824 1757 933 1786; x_wconf 81' lang='lat' dir='ltr'><strong>demum</strong></span> <span class='ocrx_word' id='word_1_537' title='bbox 944 1764 980 1785; x_wconf 86' lang='lat' dir='ltr'><strong>ex</strong></span> <span class='ocrx_word' id='word_1_538' title='bbox 999 1756 1114 1784; x_wconf 81' lang='lat' dir='ltr'><strong>adverso</strong></span> <span class='ocrx_word' id='word_1_539' title='bbox 1129 1757 1219 1785; x_wconf 87' lang='lat' dir='ltr'><strong>varias</strong></span> <span class='ocrx_word' id='word_1_540' title='bbox 1238 1757 1272 1785; x_wconf 85' lang='lat' dir='ltr'><strong>ad</strong></span> <span class='ocrx_word' id='word_1_541' title='bbox 1298 1757 1445 1793; x_wconf 88' lang='lat' dir='ltr'><strong>imaginum</strong></span> <span class='ocrx_word' id='word_1_542' title='bbox 1463 1756 1579 1792; x_wconf 86' lang='lat' dir='ltr'><strong>species,</strong></span> <span class='ocrx_word' id='word_1_543' title='bbox 1611 1764 1643 1784; x_wconf 91' lang='lat' dir='ltr'><strong>ac</strong></span> <span class='ocrx_word' id='word_1_544' title='bbox 1669 1756 1818 1784; x_wconf 76' lang='lat' dir='ltr'><strong>deteriores</strong></span> 
     </span>
    </p>
   </div>
   <div class='ocr_carea' id='block_1_71' title="bbox 199 1805 657 1840">
    <p class='ocr_par' dir='ltr' id='par_1_71' title="bbox 199 1805 657 1840">
     <span class='ocr_line' id='line_1_71' title="bbox 199 1805 657 1840; baseline -0.002 -7"><span class='ocrx_word' id='word_1_545' title='bbox 199 1805 383 1840; x_wconf 79' lang='lat' dir='ltr'><strong>cogitationes</strong></span> <span class='ocrx_word' id='word_1_546' title='bbox 399 1805 480 1832; x_wconf 89' lang='lat' dir='ltr'><strong>homo</strong></span> <span class='ocrx_word' id='word_1_547' title='bbox 493 1806 657 1834; x_wconf 86' lang='lat' dir='ltr'><strong>traducitur.</strong></span> 
     </span>
    </p>
   </div>
   <div class='ocr_carea' id='block_1_72' title="bbox 238 1848 983 1886">
    <p class='ocr_par' dir='ltr' id='par_1_72' title="bbox 238 1848 983 1886">
     <span class='ocr_line' id='line_1_72' title="bbox 238 1848 983 1886; baseline -0.003 -7"><span class='ocrx_word' id='word_1_548' title='bbox 238 1851 296 1879; x_wconf 77' lang='lat' dir='ltr'><strong>EB&#39;.</strong></span> <span class='ocrx_word' id='word_1_549' title='bbox 317 1848 355 1878; x_wconf 63' lang='lat'><strong>0!&quot;:</strong></span> <span class='ocrx_word' id='word_1_550' title='bbox 370 1851 401 1883; x_wconf 86' lang='grc' dir='ltr'><strong>δὴ</strong></span> <span class='ocrx_word' id='word_1_551' title='bbox 417 1851 464 1878; x_wconf 73' lang='grc' dir='ltr'>καὶ</span> <span class='ocrx_word' id='word_1_552' title='bbox 484 1850 563 1886; x_wconf 80' lang='grc' dir='ltr'>χάριν</span> <span class='ocrx_word' id='word_1_553' title='bbox 577 1852 592 1878; x_wconf 83' lang='grc' dir='ltr'>ὁ</span> <span class='ocrx_word' id='word_1_554' title='bbox 619 1850 780 1883; x_wconf 77' lang='grc' dir='ltr'>’Λπόστολος</span> <span class='ocrx_word' id='word_1_555' title='bbox 804 1851 913 1886; x_wconf 65' lang='grc' dir='ltr'>εὔχεται</span> <span class='ocrx_word' id='word_1_556' title='bbox 936 1851 983 1886; x_wconf 81' lang='grc' dir='ltr'>ῥυ-</span> 
     </span>
    </p>
   </div>
   <div class='ocr_carea' id='block_1_73' title="bbox 204 1895 981 1937">
    <p class='ocr_par' dir='ltr' id='par_1_73' title="bbox 204 1895 981 1937">
     <span class='ocr_line' id='line_1_73' title="bbox 204 1895 981 1937; baseline -0.001 -13"><span class='ocrx_word' id='word_1_557' title='bbox 204 1898 299 1932; x_wconf 80' lang='grc' dir='ltr'><strong>σθῆναι</strong></span> <span class='ocrx_word' id='word_1_558' title='bbox 309 1918 316 1929; x_wconf 85' lang='grc'>,</span> <span class='ocrx_word' id='word_1_559' title='bbox 331 1897 443 1937; x_wconf 71' lang='grc' dir='ltr'><strong>θᾲνατον</strong></span> <span class='ocrx_word' id='word_1_560' title='bbox 459 1897 525 1924; x_wconf 77' lang='grc' dir='ltr'><strong>αὐτὸ</strong></span> <span class='ocrx_word' id='word_1_561' title='bbox 540 1897 588 1924; x_wconf 77' lang='grc' dir='ltr'><strong>καὶ</strong></span> <span class='ocrx_word' id='word_1_562' title='bbox 605 1897 714 1933; x_wconf 71' lang='grc' dir='ltr'>ὄλεθρον</span> <span class='ocrx_word' id='word_1_563' title='bbox 729 1895 799 1924; x_wconf 71' lang='grc' dir='ltr'>εἶναι</span> <span class='ocrx_word' id='word_1_564' title='bbox 814 1896 963 1932; x_wconf 78' lang='grc' dir='ltr'>ἡγούμενος</span> <span class='ocrx_word' id='word_1_565' title='bbox 974 1903 981 1911; x_wconf 77' lang='grc'><strong><em>⁸</em></strong></span> 
     </span>
    </p>
   </div>
   <div class='ocr_carea' id='block_1_74' title="bbox 200 1942 984 1979">
    <p class='ocr_par' dir='ltr' id='par_1_74' title="bbox 200 1942 984 1979">
     <span class='ocr_line' id='line_1_74' title="bbox 200 1942 984 1979; baseline -0.001 -10"><span class='ocrx_word' id='word_1_566' title='bbox 200 1943 297 1979; x_wconf 75' lang='grc' dir='ltr'>ὥσπερ</span> <span class='ocrx_word' id='word_1_567' title='bbox 308 1943 340 1978; x_wconf 78' lang='grc' dir='ltr'>δὴ</span> <span class='ocrx_word' id='word_1_568' title='bbox 356 1943 403 1970; x_wconf 81' lang='grc' dir='ltr'><strong>καὶ</strong></span> <span class='ocrx_word' id='word_1_569' title='bbox 418 1944 432 1970; x_wconf 87' lang='grc' dir='ltr'><strong>ό</strong></span> <span class='ocrx_word' id='word_1_570' title='bbox 449 1944 604 1979; x_wconf 80' lang='grc' dir='ltr'><strong>Προφήτης,</strong></span> <span class='ocrx_word' id='word_1_571' title='bbox 613 1943 680 1970; x_wconf 79' lang='grc' dir='ltr'><strong>Ἀπὸ</strong></span> <span class='ocrx_word' id='word_1_572' title='bbox 693 1943 752 1969; x_wconf 83' lang='grc' dir='ltr'><strong>τῶν</strong></span> <span class='ocrx_word' id='word_1_573' title='bbox 768 1942 902 1977; x_wconf 75' lang='grc' dir='ltr'><strong>κρυφίων</strong></span> <span class='ocrx_word' id='word_1_574' title='bbox 912 1950 984 1976; x_wconf 75' lang='grc' dir='ltr'><strong>μου,</strong></span> 
     </span>
    </p>
   </div>
   <div class='ocr_carea' id='block_1_75' title="bbox 203 1986 984 2024">
    <p class='ocr_par' dir='ltr' id='par_1_75' title="bbox 203 1986 984 2024">
     <span class='ocr_line' id='line_1_75' title="bbox 203 1986 984 2024; baseline -0.003 -10"><span class='ocrx_word' id='word_1_575' title='bbox 203 1988 307 2022; x_wconf 82' lang='grc' dir='ltr'><strong>λέγων,</strong></span> <span class='ocrx_word' id='word_1_576' title='bbox 332 1988 495 2023; x_wconf 76' lang='grc' dir='ltr'>καθάρισόι·</span> <span class='ocrx_word' id='word_1_577' title='bbox 512 1997 560 2024; x_wconf 82' lang='grc' dir='ltr'><strong>με.</strong></span> <span class='ocrx_word' id='word_1_578' title='bbox 584 1989 658 2015; x_wconf 76' lang='grc' dir='ltr'><strong>Αὺτὰ</strong></span> <span class='ocrx_word' id='word_1_579' title='bbox 675 1988 729 2024; x_wconf 81' lang='grc' dir='ltr'><strong>γὰρ</strong></span> <span class='ocrx_word' id='word_1_580' title='bbox 744 1988 778 2014; x_wconf 81' lang='grc' dir='ltr'><strong>τὰ</strong></span> <span class='ocrx_word' id='word_1_581' title='bbox 803 1987 873 2023; x_wconf 75' lang='grc' dir='ltr'><strong>ῥητὰ</strong></span> <span class='ocrx_word' id='word_1_582' title='bbox 905 1986 984 2013; x_wconf 77' lang='grc' dir='ltr'>τοῦτο</span> 
     </span>
    </p>
   </div>
   <div class='ocr_carea' id='block_1_76' title="bbox 1065 1846 1820 1884">
    <p class='ocr_par' dir='ltr' id='par_1_76' title="bbox 1065 1846 1820 1884">
     <span class='ocr_line' id='line_1_76' title="bbox 1065 1846 1820 1884; baseline 0.005 -10"><span class='ocrx_word' id='word_1_583' title='bbox 1065 1846 1145 1876; x_wconf 79' lang='lat' dir='ltr'><strong>LXII.</strong></span> <span class='ocrx_word' id='word_1_584' title='bbox 1164 1847 1253 1884; x_wconf 82' lang='lat' dir='ltr'><strong>Atque</strong></span> <span class='ocrx_word' id='word_1_585' title='bbox 1267 1856 1297 1877; x_wconf 89' lang='lat' dir='ltr'><strong>ea</strong></span> <span class='ocrx_word' id='word_1_586' title='bbox 1312 1856 1397 1876; x_wconf 87' lang='lat' dir='ltr'><strong>causa</strong></span> <span class='ocrx_word' id='word_1_587' title='bbox 1412 1852 1464 1878; x_wconf 89' lang='lat' dir='ltr'><strong>est.</strong></span> <span class='ocrx_word' id='word_1_588' title='bbox 1478 1856 1528 1876; x_wconf 89' lang='lat' dir='ltr'><strong>cur</strong></span> <span class='ocrx_word' id='word_1_589' title='bbox 1541 1847 1688 1883; x_wconf 78' lang='lat' dir='ltr'><strong>Apostolus</strong></span> <span class='ocrx_word' id='word_1_590' title='bbox 1704 1848 1820 1878; x_wconf 75' lang='lat' dir='ltr'><strong>liberari</strong></span> 
     </span>
    </p>
   </div>
   <div class='ocr_carea' id='block_1_77' title="bbox 1031 1894 1818 1928">
    <p class='ocr_par' dir='ltr' id='par_1_77' title="bbox 1031 1894 1818 1928">
     <span class='ocr_line' id='line_1_77' title="bbox 1031 1894 1818 1928; baseline 0.001 -8"><span class='ocrx_word' id='word_1_591' title='bbox 1031 1899 1093 1920; x_wconf 85' lang='lat' dir='ltr'><strong>sese</strong></span> <span class='ocrx_word' id='word_1_592' title='bbox 1110 1897 1195 1928; x_wconf 91' lang='lat' dir='ltr'><strong>optet,</strong></span> <span class='ocrx_word' id='word_1_593' title='bbox 1219 1901 1282 1921; x_wconf 89' lang='lat' dir='ltr'><strong>cum</strong></span> <span class='ocrx_word' id='word_1_594' title='bbox 1300 1898 1416 1921; x_wconf 88' lang='lat' dir='ltr'><strong>mortem</strong></span> <span class='ocrx_word' id='word_1_595' title='bbox 1431 1894 1505 1921; x_wconf 87' lang='lat' dir='ltr'><strong>illam</strong></span> <span class='ocrx_word' id='word_1_596' title='bbox 1521 1897 1604 1928; x_wconf 87' lang='lat' dir='ltr'><strong>atque</strong></span> <span class='ocrx_word' id='word_1_597' title='bbox 1623 1894 1735 1921; x_wconf 90' lang='lat' dir='ltr'><strong>exitium</strong></span> <span class='ocrx_word' id='word_1_598' title='bbox 1757 1903 1818 1922; x_wconf 84' lang='lat' dir='ltr'><strong>esse</strong></span> 
     </span>
    </p>
   </div>
   <div class='ocr_carea' id='block_1_78' title="bbox 1032 1938 1818 1975">
    <p class='ocr_par' dir='ltr' id='par_1_78' title="bbox 1032 1938 1818 1975">
     <span class='ocr_line' id='line_1_78' title="bbox 1032 1938 1818 1975; baseline 0.001 -10"><span class='ocrx_word' id='word_1_599' title='bbox 1032 1938 1171 1973; x_wconf 70' lang='lat' dir='ltr'><strong>iudicarit.</strong></span> <span class='ocrx_word' id='word_1_600' title='bbox 1186 1939 1415 1972; x_wconf 83' lang='lat' dir='ltr'><strong>Quemadmodum</strong></span> <span class='ocrx_word' id='word_1_601' title='bbox 1430 1939 1518 1974; x_wconf 87' lang='lat' dir='ltr'><strong>inquit</strong></span> <span class='ocrx_word' id='word_1_602' title='bbox 1536 1939 1671 1975; x_wconf 83' lang='lat' dir='ltr'><strong>Propheta</strong></span> <span class='ocrx_word' id='word_1_603' title='bbox 1686 1951 1697 1969; x_wconf 74' lang='lat'><strong>:,</strong></span> <span class='ocrx_word' id='word_1_604' title='bbox 1715 1939 1760 1966; x_wconf 63' lang='lat' dir='ltr'><strong>Ab</strong></span> <span class='ocrx_word' id='word_1_605' title='bbox 1774 1948 1818 1966; x_wconf 83' lang='lat' dir='ltr'><strong>oc-</strong></span> 
     </span>
    </p>
   </div>
   <div class='ocr_carea' id='block_1_79' title="bbox 1033 1984 1817 2020">
    <p class='ocr_par' dir='ltr' id='par_1_79' title="bbox 1033 1984 1817 2020">
     <span class='ocr_line' id='line_1_79' title="bbox 1033 1984 1817 2020; baseline 0 -8"><span class='ocrx_word' id='word_1_606' title='bbox 1033 1984 1114 2012; x_wconf 73' lang='lat' dir='ltr'><strong>cultis</strong></span> <span class='ocrx_word' id='word_1_607' title='bbox 1136 1986 1200 2012; x_wconf 73' lang='lat' dir='ltr'><strong>meis</strong></span> <span class='ocrx_word' id='word_1_608' title='bbox 1216 1984 1299 2020; x_wconf 74' lang='lat'><strong>589</strong></span> <span class='ocrx_word' id='word_1_609' title='bbox 1312 1985 1411 2012; x_wconf 80' lang='lat' dir='ltr'><strong>munda</strong></span> <span class='ocrx_word' id='word_1_610' title='bbox 1436 1993 1476 2012; x_wconf 84' lang='lat' dir='ltr'><strong>me</strong></span> <span class='ocrx_word' id='word_1_611' title='bbox 1486 1986 1507 2011; x_wconf 82' lang='grc'><strong>“.</strong></span> <span class='ocrx_word' id='word_1_612' title='bbox 1536 1984 1614 2012; x_wconf 81' lang='lat' dir='ltr'><strong>Istud</strong></span> <span class='ocrx_word' id='word_1_613' title='bbox 1638 1985 1709 2012; x_wconf 88' lang='lat' dir='ltr'><strong>enim</strong></span> <span class='ocrx_word' id='word_1_614' title='bbox 1736 1985 1817 2012; x_wconf 81' lang='lat' dir='ltr'><strong>verba</strong></span> 
     </span>
    </p>
   </div>
   <div class='ocr_carea' id='block_1_80' title="bbox 204 2030 982 2070">
    <p class='ocr_par' dir='ltr' id='par_1_80' title="bbox 204 2031 982 2070">
     <span class='ocr_line' id='line_1_80' title="bbox 204 2031 982 2070; baseline -0.003 -10"><span class='ocrx_word' id='word_1_615' title='bbox 204 2034 384 2069; x_wconf 75' lang='grc' dir='ltr'>παρίστησιν·</span> <span class='ocrx_word' id='word_1_616' title='bbox 409 2034 577 2069; x_wconf 75' lang='grc' dir='ltr'><strong>Συνήδομαι</strong></span> <span class='ocrx_word' id='word_1_617' title='bbox 594 2034 648 2070; x_wconf 81' lang='grc' dir='ltr'><strong>γὰρ</strong></span> <span class='ocrx_word' id='word_1_618' title='bbox 675 2033 715 2066; x_wconf 84' lang='grc' dir='ltr'><strong>τῷ</strong></span> <span class='ocrx_word' id='word_1_619' title='bbox 738 2033 818 2067; x_wconf 80' lang='grc' dir='ltr'><strong>νόμῳ</strong></span> <span class='ocrx_word' id='word_1_620' title='bbox 841 2031 894 2059; x_wconf 74' lang='grc' dir='ltr'><strong>τοῦ</strong></span> <span class='ocrx_word' id='word_1_621' title='bbox 911 2031 982 2058; x_wconf 84' lang='grc' dir='ltr'><strong>Θεοῦ</strong></span> 
     </span>
    </p>
   </div>
   <div class='ocr_carea' id='block_1_81' title="bbox 1034 2030 1818 2070">
    <p class='ocr_par' dir='ltr' id='par_1_81' title="bbox 1036 2030 1818 2066">
     <span class='ocr_line' id='line_1_81' title="bbox 1036 2030 1818 2066; baseline 0.003 -10"><span class='ocrx_word' id='word_1_622' title='bbox 1036 2030 1093 2064; x_wconf 86' lang='lat' dir='ltr'><strong>ipsa</strong></span> <span class='ocrx_word' id='word_1_623' title='bbox 1108 2037 1164 2065; x_wconf 73' lang='lat' dir='ltr'><strong>pne</strong></span> <span class='ocrx_word' id='word_1_624' title='bbox 1177 2038 1206 2058; x_wconf 84' lang='lat' dir='ltr'><strong>se</strong></span> <span class='ocrx_word' id='word_1_625' title='bbox 1222 2030 1329 2057; x_wconf 77' lang='lat' dir='ltr'><strong>ferunt:</strong></span> <span class='ocrx_word' id='word_1_626' title='bbox 1345 2030 1524 2063; x_wconf 76' lang='lat' dir='ltr'><strong>Condelector,</strong></span> <span class='ocrx_word' id='word_1_627' title='bbox 1542 2030 1640 2065; x_wconf 88' lang='lat' dir='ltr'><strong>inquit,</strong></span> <span class='ocrx_word' id='word_1_628' title='bbox 1654 2031 1703 2066; x_wconf 86' lang='lat' dir='ltr'><strong>legi</strong></span> <span class='ocrx_word' id='word_1_629' title='bbox 1720 2031 1766 2058; x_wconf 80' lang='lat' dir='ltr'><strong>Dei</strong></span> <span class='ocrx_word' id='word_1_630' title='bbox 1778 2040 1818 2058; x_wconf 74' lang='lat' dir='ltr'><strong>se-</strong></span> 
     </span>
    </p>
   </div>
   <div class='ocr_carea' id='block_1_82' title="bbox 205 2075 982 2113">
    <p class='ocr_par' dir='ltr' id='par_1_82' title="bbox 205 2075 982 2113">
     <span class='ocr_line' id='line_1_82' title="bbox 205 2075 982 2113; baseline -0.004 -8"><span class='ocrx_word' id='word_1_631' title='bbox 205 2078 280 2106; x_wconf 75' lang='grc' dir='ltr'>κιιτὰ</span> <span class='ocrx_word' id='word_1_632' title='bbox 307 2079 359 2106; x_wconf 85' lang='grc' dir='ltr'><strong>τὸν</strong></span> <span class='ocrx_word' id='word_1_633' title='bbox 385 2079 446 2106; x_wconf 68' lang='grc' dir='ltr'><strong>ἔσω</strong></span> <span class='ocrx_word' id='word_1_634' title='bbox 468 2079 641 2113; x_wconf 64' lang='grc' dir='ltr'><strong>ἄνθρωπον,</strong></span> <span class='ocrx_word' id='word_1_635' title='bbox 667 2079 800 2113; x_wconf 73' lang='grc' dir='ltr'>λέγοντος.</span> <span class='ocrx_word' id='word_1_636' title='bbox 821 2077 925 2104; x_wconf 69' lang='grc' dir='ltr'><em>Βλέπω</em></span> <span class='ocrx_word' id='word_1_637' title='bbox 952 2075 982 2102; x_wconf 78' lang='grc' dir='ltr'><strong>δὲ</strong></span> 
     </span>
    </p>
   </div>
   <div class='ocr_carea' id='block_1_83' title="bbox 1034 2075 1817 2113">
    <p class='ocr_par' dir='ltr' id='par_1_83' title="bbox 1035 2075 1817 2104">
     <span class='ocr_line' id='line_1_83' title="bbox 1035 2075 1817 2104; baseline 0.003 -2"><span class='ocrx_word' id='word_1_638' title='bbox 1035 2077 1149 2102; x_wconf 75' lang='lat' dir='ltr'><strong>cundum</strong></span> <span class='ocrx_word' id='word_1_639' title='bbox 1162 2076 1311 2103; x_wconf 81' lang='lat' dir='ltr'><strong>interiorem</strong></span> <span class='ocrx_word' id='word_1_640' title='bbox 1326 2076 1466 2103; x_wconf 80' lang='lat' dir='ltr'><strong>hominem.</strong></span> <span class='ocrx_word' id='word_1_641' title='bbox 1488 2075 1567 2103; x_wconf 75' lang='lat' dir='ltr'><strong>Video</strong></span> <span class='ocrx_word' id='word_1_642' title='bbox 1580 2082 1667 2104; x_wconf 83' lang='lat' dir='ltr'><strong>autem</strong></span> <span class='ocrx_word' id='word_1_643' title='bbox 1685 2077 1765 2104; x_wconf 82' lang='lat' dir='ltr'><strong>aliam</strong></span> <span class='ocrx_word' id='word_1_644' title='bbox 1783 2078 1817 2104; x_wconf 80' lang='lat' dir='ltr'><strong>Ie-</strong></span> 
     </span>
    </p>
   </div>
   <div class='ocr_carea' id='block_1_84' title="bbox 203 2121 982 2160">
    <p class='ocr_par' dir='ltr' id='par_1_84' title="bbox 203 2121 982 2160">
     <span class='ocr_line' id='line_1_84' title="bbox 203 2121 982 2160; baseline -0.005 -8"><span class='ocrx_word' id='word_1_645' title='bbox 203 2124 305 2159; x_wconf 81' lang='grc' dir='ltr'>ἔτερον</span> <span class='ocrx_word' id='word_1_646' title='bbox 332 2126 425 2160; x_wconf 81' lang='grc' dir='ltr'><strong>νόμον</strong></span> <span class='ocrx_word' id='word_1_647' title='bbox 443 2125 745 2159; x_wconf 74' lang='grc' dir='ltr'><strong>ἀντιστρατευόμενον</strong></span> <span class='ocrx_word' id='word_1_648' title='bbox 764 2123 804 2156; x_wconf 72' lang='grc' dir='ltr'><strong>τῷ</strong></span> <span class='ocrx_word' id='word_1_649' title='bbox 829 2123 910 2158; x_wconf 79' lang='grc' dir='ltr'><strong>νόμῳ</strong></span> <span class='ocrx_word' id='word_1_650' title='bbox 933 2121 982 2148; x_wconf 76' lang='grc' dir='ltr'><strong>τοῦ</strong></span> 
     </span>
    </p>
   </div>
   <div class='ocr_carea' id='block_1_85' title="bbox 1034 2121 1818 2160">
    <p class='ocr_par' dir='ltr' id='par_1_85' title="bbox 1036 2121 1818 2156">
     <span class='ocr_line' id='line_1_85' title="bbox 1036 2121 1818 2156; baseline 0.003 -9"><span class='ocrx_word' id='word_1_651' title='bbox 1036 2129 1093 2156; x_wconf 82' lang='lat' dir='ltr'><strong>gem</strong></span> <span class='ocrx_word' id='word_1_652' title='bbox 1112 2126 1295 2156; x_wconf 79' lang='lat' dir='ltr'><strong>repugnantem</strong></span> <span class='ocrx_word' id='word_1_653' title='bbox 1318 2121 1368 2156; x_wconf 82' lang='lat' dir='ltr'><strong>legi</strong></span> <span class='ocrx_word' id='word_1_654' title='bbox 1390 2122 1484 2149; x_wconf 60' lang='lat' dir='ltr'><strong>menti;</strong></span> <span class='ocrx_word' id='word_1_655' title='bbox 1503 2130 1577 2154; x_wconf 73' lang='lat' dir='ltr'><strong>mw,</strong></span> <span class='ocrx_word' id='word_1_656' title='bbox 1600 2127 1626 2149; x_wconf 79' lang='lat' dir='ltr'><strong>et</strong></span> <span class='ocrx_word' id='word_1_657' title='bbox 1646 2122 1818 2156; x_wconf 73' lang='lat' dir='ltr'><strong>captivantem</strong></span> 
     </span>
    </p>
   </div>
   <div class='ocr_carea' id='block_1_86' title="bbox 205 2166 982 2205">
    <p class='ocr_par' dir='ltr' id='par_1_86' title="bbox 205 2166 982 2205">
     <span class='ocr_line' id='line_1_86' title="bbox 205 2166 982 2205; baseline -0.005 -8"><span class='ocrx_word' id='word_1_658' title='bbox 205 2171 275 2203; x_wconf 78' lang='grc' dir='ltr'>νοός</span> <span class='ocrx_word' id='word_1_659' title='bbox 290 2179 366 2205; x_wconf 81' lang='grc' dir='ltr'><strong>μου1</strong></span> <span class='ocrx_word' id='word_1_660' title='bbox 392 2170 439 2197; x_wconf 76' lang='grc' dir='ltr'><strong>καὶ</strong></span> <span class='ocrx_word' id='word_1_661' title='bbox 461 2168 711 2205; x_wconf 78' lang='grc' dir='ltr'><strong>αἰχμαλωτίζοντά</strong></span> <span class='ocrx_word' id='word_1_662' title='bbox 724 2177 760 2203; x_wconf 80' lang='grc' dir='ltr'>με</span> <span class='ocrx_word' id='word_1_663' title='bbox 783 2167 823 2201; x_wconf 79' lang='grc' dir='ltr'><strong>τῷ</strong></span> <span class='ocrx_word' id='word_1_664' title='bbox 834 2169 915 2202; x_wconf 79' lang='grc' dir='ltr'><strong>νόμῳ</strong></span> <span class='ocrx_word' id='word_1_665' title='bbox 931 2166 982 2201; x_wconf 78' lang='grc' dir='ltr'><strong>τῆς</strong></span> 
     </span>
    </p>
   </div>
   <div class='ocr_carea' id='block_1_87' title="bbox 1034 2166 1818 2205">
    <p class='ocr_par' dir='ltr' id='par_1_87' title="bbox 1038 2167 1818 2203">
     <span class='ocr_line' id='line_1_87' title="bbox 1038 2167 1818 2203; baseline 0.003 -10"><span class='ocrx_word' id='word_1_666' title='bbox 1038 2175 1079 2194; x_wconf 80' lang='lat' dir='ltr'><strong>me</strong></span> <span class='ocrx_word' id='word_1_667' title='bbox 1095 2167 1143 2203; x_wconf 84' lang='lat' dir='ltr'><strong>legi</strong></span> <span class='ocrx_word' id='word_1_668' title='bbox 1157 2167 1266 2202; x_wconf 78' lang='lat' dir='ltr'><strong>peccati,</strong></span> <span class='ocrx_word' id='word_1_669' title='bbox 1279 2175 1338 2202; x_wconf 70' lang='lat' dir='ltr'><strong>quae</strong></span> <span class='ocrx_word' id='word_1_670' title='bbox 1348 2172 1388 2194; x_wconf 73' lang='lat' dir='ltr'><strong>est</strong></span> <span class='ocrx_word' id='word_1_671' title='bbox 1398 2168 1425 2194; x_wconf 82' lang='lat' dir='ltr'><strong>in</strong></span> <span class='ocrx_word' id='word_1_672' title='bbox 1439 2167 1562 2195; x_wconf 70' lang='lat' dir='ltr'><strong>membris</strong></span> <span class='ocrx_word' id='word_1_673' title='bbox 1575 2169 1648 2196; x_wconf 76' lang='lat' dir='ltr'><strong>meis.</strong></span> <span class='ocrx_word' id='word_1_674' title='bbox 1662 2167 1761 2203; x_wconf 71' lang='lat' dir='ltr'><strong>Infelix</strong></span> <span class='ocrx_word' id='word_1_675' title='bbox 1771 2177 1818 2203; x_wconf 82' lang='lat' dir='ltr'><strong>ego</strong></span> 
     </span>
    </p>
   </div>
   <div class='ocr_carea' id='block_1_88' title="bbox 204 2212 982 2251">
    <p class='ocr_par' dir='ltr' id='par_1_88' title="bbox 204 2213 982 2251">
     <span class='ocr_line' id='line_1_88' title="bbox 204 2213 982 2251; baseline -0.004 -7"><span class='ocrx_word' id='word_1_676' title='bbox 204 2217 361 2251; x_wconf 79' lang='grc' dir='ltr'>ἁμαρτιας,</span> <span class='ocrx_word' id='word_1_677' title='bbox 380 2215 419 2248; x_wconf 81' lang='grc' dir='ltr'><strong>τῷ</strong></span> <span class='ocrx_word' id='word_1_678' title='bbox 437 2216 501 2243; x_wconf 80' lang='grc' dir='ltr'><strong>ὄντι</strong></span> <span class='ocrx_word' id='word_1_679' title='bbox 519 2217 554 2243; x_wconf 74' lang='grc' dir='ltr'><strong>ἐν</strong></span> <span class='ocrx_word' id='word_1_680' title='bbox 579 2215 641 2249; x_wconf 80' lang='grc' dir='ltr'>τοῖς</span> <span class='ocrx_word' id='word_1_681' title='bbox 663 2214 773 2250; x_wconf 74' lang='grc' dir='ltr'>μέλεσι</span> <span class='ocrx_word' id='word_1_682' title='bbox 793 2223 863 2249; x_wconf 81' lang='grc' dir='ltr'><strong>μου.</strong></span> <span class='ocrx_word' id='word_1_683' title='bbox 885 2213 982 2240; x_wconf 61' lang='lat' dir='ltr'><strong>Talai-</strong></span> 
     </span>
    </p>
   </div>
   <div class='ocr_carea' id='block_1_89' title="bbox 1034 2212 1818 2251">
    <p class='ocr_par' dir='ltr' id='par_1_89' title="bbox 1038 2212 1818 2248">
     <span class='ocr_line' id='line_1_89' title="bbox 1038 2212 1818 2248; baseline 0.004 -10"><span class='ocrx_word' id='word_1_684' title='bbox 1038 2212 1131 2240; x_wconf 85' lang='lat' dir='ltr'><strong>homo!</strong></span> <span class='ocrx_word' id='word_1_685' title='bbox 1147 2213 1205 2248; x_wconf 71' lang='lat' dir='ltr'><strong>quis</strong></span> <span class='ocrx_word' id='word_1_686' title='bbox 1231 2220 1271 2239; x_wconf 86' lang='lat' dir='ltr'><strong>me</strong></span> <span class='ocrx_word' id='word_1_687' title='bbox 1282 2212 1402 2240; x_wconf 79' lang='lat' dir='ltr'><strong>liberabit</strong></span> <span class='ocrx_word' id='word_1_688' title='bbox 1423 2213 1455 2241; x_wconf 73' lang='lat' dir='ltr'><strong>de</strong></span> <span class='ocrx_word' id='word_1_689' title='bbox 1465 2221 1574 2248; x_wconf 82' lang='lat' dir='ltr'><strong>corpore</strong></span> <span class='ocrx_word' id='word_1_690' title='bbox 1598 2213 1690 2241; x_wconf 74' lang='lat' dir='ltr'><strong>mortis</strong></span> <span class='ocrx_word' id='word_1_691' title='bbox 1704 2214 1818 2248; x_wconf 72' lang='lat' dir='ltr'><strong>Imjus&#39;!</strong></span> 
     </span>
    </p>
   </div>
   <div class='ocr_carea' id='block_1_90' title="bbox 204 2257 982 2295">
    <p class='ocr_par' dir='ltr' id='par_1_90' title="bbox 204 2257 982 2295">
     <span class='ocr_line' id='line_1_90' title="bbox 204 2257 982 2295; baseline -0.005 -7"><span class='ocrx_word' id='word_1_692' title='bbox 204 2269 302 2295; x_wconf 79' lang='grc' dir='ltr'>πωρος</span> <span class='ocrx_word' id='word_1_693' title='bbox 320 2260 378 2295; x_wconf 78' lang='grc' dir='ltr'><strong>ἐγὼ</strong></span> <span class='ocrx_word' id='word_1_694' title='bbox 398 2260 572 2294; x_wconf 75' lang='grc' dir='ltr'><strong>ἀνθρωποςέ</strong></span> <span class='ocrx_word' id='word_1_695' title='bbox 592 2260 638 2293; x_wconf 74' lang='grc' dir='ltr'><strong>τίς</strong></span> <span class='ocrx_word' id='word_1_696' title='bbox 656 2269 695 2295; x_wconf 78' lang='grc' dir='ltr'>με</span> <span class='ocrx_word' id='word_1_697' title='bbox 716 2260 842 2294; x_wconf 75' lang='grc' dir='ltr'><strong>ῥύσεται</strong></span> <span class='ocrx_word' id='word_1_698' title='bbox 872 2259 908 2285; x_wconf 82' lang='grc' dir='ltr'><em>ἐκ</em></span> <span class='ocrx_word' id='word_1_699' title='bbox 935 2257 982 2285; x_wconf 78' lang='grc' dir='ltr'><strong>τοί</strong></span> 
     </span>
    </p>
   </div>
   <div class='ocr_carea' id='block_1_91' title="bbox 1034 2257 1818 2295">
    <p class='ocr_par' dir='ltr' id='par_1_91' title="bbox 1040 2257 1818 2294">
     <span class='ocr_line' id='line_1_91' title="bbox 1040 2257 1818 2294; baseline 0.001 -9"><span class='ocrx_word' id='word_1_700' title='bbox 1040 2257 1090 2285; x_wconf 90' lang='lat' dir='ltr'><strong>Ubi</strong></span> <span class='ocrx_word' id='word_1_701' title='bbox 1105 2265 1158 2285; x_wconf 91' lang='lat' dir='ltr'><strong>non</strong></span> <span class='ocrx_word' id='word_1_702' title='bbox 1177 2265 1278 2293; x_wconf 87' lang='lat' dir='ltr'><strong>corpus</strong></span> <span class='ocrx_word' id='word_1_703' title='bbox 1292 2262 1408 2286; x_wconf 85' lang='lat' dir='ltr'><strong>mortem</strong></span> <span class='ocrx_word' id='word_1_704' title='bbox 1423 2265 1485 2286; x_wconf 88' lang='lat' dir='ltr'><strong>esse</strong></span> <span class='ocrx_word' id='word_1_705' title='bbox 1503 2259 1674 2294; x_wconf 82' lang='lat' dir='ltr'><strong>pronuntiat,</strong></span> <span class='ocrx_word' id='word_1_706' title='bbox 1692 2259 1740 2286; x_wconf 87' lang='lat' dir='ltr'><strong>sed</strong></span> <span class='ocrx_word' id='word_1_707' title='bbox 1756 2267 1818 2294; x_wconf 88' lang='lat' dir='ltr'><strong>pec-</strong></span> 
     </span>
    </p>
   </div>
   <div class='ocr_carea' id='block_1_92' title="bbox 204 2303 990 2341">
    <p class='ocr_par' dir='ltr' id='par_1_92' title="bbox 204 2303 990 2341">
     <span class='ocr_line' id='line_1_92' title="bbox 204 2303 990 2341; baseline -0.003 -9"><span class='ocrx_word' id='word_1_708' title='bbox 204 2305 341 2341; x_wconf 78' lang='grc' dir='ltr'>σώματος</span> <span class='ocrx_word' id='word_1_709' title='bbox 362 2306 416 2333; x_wconf 75' lang='grc' dir='ltr'><strong>τοῦ</strong></span> <span class='ocrx_word' id='word_1_710' title='bbox 441 2305 570 2333; x_wconf 78' lang='grc' dir='ltr'><strong>θανάτου</strong></span> <span class='ocrx_word' id='word_1_711' title='bbox 589 2305 697 2332; x_wconf 78' lang='grc' dir='ltr'><strong>τούτου</strong></span> <span class='ocrx_word' id='word_1_712' title='bbox 707 2313 718 2336; x_wconf 86' lang='grc'><strong><em>;</em></strong></span> <span class='ocrx_word' id='word_1_713' title='bbox 741 2305 772 2331; x_wconf 79' lang='grc' dir='ltr'><strong>οὐ</strong></span> <span class='ocrx_word' id='word_1_714' title='bbox 789 2304 821 2331; x_wconf 80' lang='grc' dir='ltr'><strong>τὸ</strong></span> <span class='ocrx_word' id='word_1_715' title='bbox 846 2303 926 2339; x_wconf 86' lang='grc' dir='ltr'>σῶμα</span> <span class='ocrx_word' id='word_1_716' title='bbox 943 2303 990 2330; x_wconf 79' lang='grc' dir='ltr'><strong>θά-</strong></span> 
     </span>
    </p>
   </div>
   <div class='ocr_carea' id='block_1_93' title="bbox 204 2348 987 2387">
    <p class='ocr_par' dir='ltr' id='par_1_93' title="bbox 204 2348 987 2387">
     <span class='ocr_line' id='line_1_93' title="bbox 204 2348 987 2387; baseline -0.004 -9"><span class='ocrx_word' id='word_1_717' title='bbox 204 2360 283 2378; x_wconf 84' lang='grc' dir='ltr'>νατον</span> <span class='ocrx_word' id='word_1_718' title='bbox 299 2351 523 2387; x_wconf 78' lang='grc' dir='ltr'><strong>ἀποφηνάμενος,</strong></span> <span class='ocrx_word' id='word_1_719' title='bbox 541 2351 610 2378; x_wconf 81' lang='grc' dir='ltr'>ἀλλὰ</span> <span class='ocrx_word' id='word_1_720' title='bbox 625 2351 670 2378; x_wconf 76' lang='grc' dir='ltr'><strong>τὸν</strong></span> <span class='ocrx_word' id='word_1_721' title='bbox 683 2351 765 2386; x_wconf 88' lang='grc' dir='ltr'>νόμον</span> <span class='ocrx_word' id='word_1_722' title='bbox 780 2350 830 2385; x_wconf 78' lang='grc' dir='ltr'><strong>τῆς</strong></span> <span class='ocrx_word' id='word_1_723' title='bbox 842 2348 987 2385; x_wconf 75' lang='grc' dir='ltr'>ἁμαρτιας,</span> 
     </span>
    </p>
   </div>
   <div class='ocr_carea' id='block_1_94' title="bbox 204 2394 990 2431">
    <p class='ocr_par' dir='ltr' id='par_1_94' title="bbox 204 2394 990 2431">
     <span class='ocr_line' id='line_1_94' title="bbox 204 2394 990 2431; baseline -0.001 -11"><span class='ocrx_word' id='word_1_724' title='bbox 204 2394 251 2420; x_wconf 79' lang='grc' dir='ltr'>τὸν</span> <span class='ocrx_word' id='word_1_725' title='bbox 278 2395 307 2421; x_wconf 82' lang='grc' dir='ltr'><strong>ὲν</strong></span> <span class='ocrx_word' id='word_1_726' title='bbox 333 2396 389 2426; x_wconf 85' lang='grc' dir='ltr'>τοῖς</span> <span class='ocrx_word' id='word_1_727' title='bbox 413 2395 524 2430; x_wconf 84' lang='grc' dir='ltr'>μέλεσι,</span> <span class='ocrx_word' id='word_1_728' title='bbox 541 2395 585 2422; x_wconf 76' lang='grc' dir='ltr'><strong>διὰ</strong></span> <span class='ocrx_word' id='word_1_729' title='bbox 601 2395 651 2430; x_wconf 83' lang='grc' dir='ltr'><strong>τῆς</strong></span> <span class='ocrx_word' id='word_1_730' title='bbox 674 2394 856 2431; x_wconf 79' lang='grc' dir='ltr'><strong>παρασάοεως</strong></span> <span class='ocrx_word' id='word_1_731' title='bbox 879 2394 908 2420; x_wconf 81' lang='grc' dir='ltr'><strong>ὲν</strong></span> <span class='ocrx_word' id='word_1_732' title='bbox 923 2395 990 2428; x_wconf 85' lang='grc' dir='ltr'><strong>ἡμῖν</strong></span> 
     </span>
    </p>
   </div>
   <div class='ocr_carea' id='block_1_95' title="bbox 205 2437 991 2475">
    <p class='ocr_par' dir='ltr' id='par_1_95' title="bbox 205 2437 991 2475">
     <span class='ocr_line' id='line_1_95' title="bbox 205 2437 991 2475; baseline -0.001 -11"><span class='ocrx_word' id='word_1_733' title='bbox 205 2439 411 2473; x_wconf 73' lang='grc' dir='ltr'><strong>ἐμφωλεύοντα,</strong></span> <span class='ocrx_word' id='word_1_734' title='bbox 436 2440 483 2466; x_wconf 75' lang='grc' dir='ltr'>καὶ</span> <span class='ocrx_word' id='word_1_735' title='bbox 508 2439 576 2475; x_wconf 74' lang='grc' dir='ltr'>πρὸς</span> <span class='ocrx_word' id='word_1_736' title='bbox 601 2439 716 2467; x_wconf 85' lang='grc' dir='ltr'><strong>θάνατον</strong></span> <span class='ocrx_word' id='word_1_737' title='bbox 733 2440 776 2466; x_wconf 77' lang='grc' dir='ltr'><strong>ἀεὶ</strong></span> <span class='ocrx_word' id='word_1_738' title='bbox 798 2439 843 2465; x_wconf 79' lang='grc' dir='ltr'><strong>τὸν</strong></span> <span class='ocrx_word' id='word_1_739' title='bbox 866 2439 915 2474; x_wconf 84' lang='grc' dir='ltr'><strong>τῆς</strong></span> <span class='ocrx_word' id='word_1_740' title='bbox 933 2437 991 2464; x_wconf 85' lang='grc' dir='ltr'><strong>ἀδι-</strong></span> 
     </span>
    </p>
   </div>
   <div class='ocr_carea' id='block_1_96' title="bbox 206 2483 992 2521">
    <p class='ocr_par' dir='ltr' id='par_1_96' title="bbox 206 2483 992 2521">
     <span class='ocr_line' id='line_1_96' title="bbox 206 2483 992 2521; baseline -0.001 -10"><span class='ocrx_word' id='word_1_741' title='bbox 206 2485 268 2516; x_wconf 78' lang='grc' dir='ltr'>κίας</span> <span class='ocrx_word' id='word_1_742' title='bbox 282 2485 331 2520; x_wconf 78' lang='grc' dir='ltr'><strong>τὴν</strong></span> <span class='ocrx_word' id='word_1_743' title='bbox 349 2485 438 2520; x_wconf 83' lang='grc' dir='ltr'>ψυχὴν</span> <span class='ocrx_word' id='word_1_744' title='bbox 455 2485 670 2521; x_wconf 74' lang='grc' dir='ltr'><strong>ὲμφαντάζοντα.</strong></span> <span class='ocrx_word' id='word_1_745' title='bbox 702 2485 841 2521; x_wconf 81' lang='grc' dir='ltr'>Ἐπιφέρει</span> <span class='ocrx_word' id='word_1_746' title='bbox 862 2483 928 2519; x_wconf 80' lang='grc' dir='ltr'>γοῦν</span> <span class='ocrx_word' id='word_1_747' title='bbox 946 2484 992 2510; x_wconf 65' lang='grc' dir='ltr'><strong>εὖ.</strong></span> 
     </span>
    </p>
   </div>
   <div class='ocr_carea' id='block_1_97' title="bbox 206 2531 989 2567">
    <p class='ocr_par' dir='ltr' id='par_1_97' title="bbox 206 2531 989 2567">
     <span class='ocr_line' id='line_1_97' title="bbox 206 2531 989 2567; baseline -0.001 -9"><span class='ocrx_word' id='word_1_748' title='bbox 206 2531 275 2560; x_wconf 83' lang='grc' dir='ltr'><strong>θέως</strong></span> <span class='ocrx_word' id='word_1_749' title='bbox 290 2531 385 2566; x_wconf 77' lang='grc' dir='ltr'>ἀμέλει</span> <span class='ocrx_word' id='word_1_750' title='bbox 407 2531 596 2567; x_wconf 76' lang='grc' dir='ltr'>διαλεγόμενος</span> <span class='ocrx_word' id='word_1_751' title='bbox 614 2532 705 2559; x_wconf 74' lang='grc' dir='ltr'>ὁποίου</span> <span class='ocrx_word' id='word_1_752' title='bbox 731 2531 845 2558; x_wconf 72' lang='grc' dir='ltr'><strong>θανάτου</strong></span> <span class='ocrx_word' id='word_1_753' title='bbox 868 2531 989 2565; x_wconf 69' lang='grc' dir='ltr'><strong>ἐγλίχετο</strong></span> 
     </span>
    </p>
   </div>
   <div class='ocr_carea' id='block_1_98' title="bbox 206 2575 988 2614">
    <p class='ocr_par' dir='ltr' id='par_1_98' title="bbox 206 2575 988 2614">
     <span class='ocr_line' id='line_1_98' title="bbox 206 2575 988 2614; baseline -0.001 -10"><span class='ocrx_word' id='word_1_754' title='bbox 206 2577 339 2612; x_wconf 79' lang='grc' dir='ltr'>ρυσθῆναι</span> <span class='ocrx_word' id='word_1_755' title='bbox 353 2597 360 2609; x_wconf 85' lang='grc'>,</span> <span class='ocrx_word' id='word_1_756' title='bbox 375 2578 420 2604; x_wconf 81' lang='grc' dir='ltr'>καὶ</span> <span class='ocrx_word' id='word_1_757' title='bbox 437 2578 478 2610; x_wconf 78' lang='grc' dir='ltr'>τίς</span> <span class='ocrx_word' id='word_1_758' title='bbox 502 2578 583 2604; x_wconf 78' lang='grc' dir='ltr'>αὑτὸν</span> <span class='ocrx_word' id='word_1_759' title='bbox 604 2579 618 2605; x_wconf 81' lang='grc' dir='ltr'>ὁ</span> <span class='ocrx_word' id='word_1_760' title='bbox 633 2578 763 2614; x_wconf 73' lang='grc' dir='ltr'><strong>ῥυόμενος</strong></span> <span class='ocrx_word' id='word_1_761' title='bbox 779 2575 830 2613; x_wconf 81' lang='grc' dir='ltr'><strong>ἦν’</strong></span> <span class='ocrx_word' id='word_1_762' title='bbox 845 2577 935 2611; x_wconf 79' lang='grc' dir='ltr'>Χάρις</span> <span class='ocrx_word' id='word_1_763' title='bbox 948 2577 988 2609; x_wconf 79' lang='grc' dir='ltr'><strong>τῷ</strong></span> 
     </span>
    </p>
   </div>
   <div class='ocr_carea' id='block_1_99' title="bbox 207 2622 990 2658">
    <p class='ocr_par' dir='ltr' id='par_1_99' title="bbox 207 2622 990 2658">
     <span class='ocr_line' id='line_1_99' title="bbox 207 2622 990 2658; baseline -0.001 -10"><span class='ocrx_word' id='word_1_764' title='bbox 207 2622 269 2655; x_wconf 77' lang='grc' dir='ltr'><strong>θεῷ</strong></span> <span class='ocrx_word' id='word_1_765' title='bbox 281 2622 331 2649; x_wconf 81' lang='grc' dir='ltr'><strong>διὰ</strong></span> <span class='ocrx_word' id='word_1_766' title='bbox 351 2623 451 2656; x_wconf 84' lang='grc' dir='ltr'><strong>Ἰησοῦ</strong></span> <span class='ocrx_word' id='word_1_767' title='bbox 465 2623 603 2657; x_wconf 77' lang='grc' dir='ltr'>Χριστοῦ.</span> <span class='ocrx_word' id='word_1_768' title='bbox 619 2623 785 2658; x_wconf 82' lang='grc' dir='ltr'>Προσεκτέον</span> <span class='ocrx_word' id='word_1_769' title='bbox 804 2622 857 2658; x_wconf 80' lang='grc' dir='ltr'><strong>γὰρ</strong></span> <span class='ocrx_word' id='word_1_770' title='bbox 869 2642 878 2654; x_wconf 87' lang='lat'><strong>,</strong></span> <span class='ocrx_word' id='word_1_771' title='bbox 893 2622 934 2648; x_wconf 80' lang='grc' dir='ltr'><strong>ὅτι</strong></span> <span class='ocrx_word' id='word_1_772' title='bbox 943 2641 951 2653; x_wconf 84' lang='lat'><strong>,</strong></span> <span class='ocrx_word' id='word_1_773' title='bbox 966 2622 990 2647; x_wconf 84' lang='grc' dir='ltr'>εἰ</span> 
     </span>
    </p>
   </div>
   <div class='ocr_carea' id='block_1_100' title="bbox 207 2662 991 2701">
    <p class='ocr_par' dir='ltr' id='par_1_100' title="bbox 207 2662 991 2701">
     <span class='ocr_line' id='line_1_100' title="bbox 207 2662 991 2701; baseline 0.001 -10"><span class='ocrx_word' id='word_1_774' title='bbox 207 2665 238 2691; x_wconf 73' lang='grc' dir='ltr'><strong>τὸ</strong></span> <span class='ocrx_word' id='word_1_775' title='bbox 256 2664 334 2700; x_wconf 81' lang='grc' dir='ltr'><strong>σῶμα</strong></span> <span class='ocrx_word' id='word_1_776' title='bbox 349 2665 462 2692; x_wconf 78' lang='grc' dir='ltr'>θάνατον</span> <span class='ocrx_word' id='word_1_777' title='bbox 480 2665 559 2692; x_wconf 82' lang='grc' dir='ltr'>τοῦτο</span> <span class='ocrx_word' id='word_1_778' title='bbox 569 2685 577 2697; x_wconf 87' lang='grc'><em>,</em></span> <span class='ocrx_word' id='word_1_779' title='bbox 593 2662 616 2692; x_wconf 79' lang='grc' dir='ltr'>ὦ</span> <span class='ocrx_word' id='word_1_780' title='bbox 637 2665 792 2700; x_wconf 82' lang='grc' dir='ltr'><strong>’Δγλαοφῶν</strong></span> <span class='ocrx_word' id='word_1_781' title='bbox 804 2685 812 2698; x_wconf 82' lang='lat'><strong>,</strong></span> <span class='ocrx_word' id='word_1_782' title='bbox 827 2666 865 2697; x_wconf 81' lang='grc' dir='ltr'>ὡς</span> <span class='ocrx_word' id='word_1_783' title='bbox 881 2665 991 2701; x_wconf 82' lang='grc' dir='ltr'>ὑπειλή-</span> 
     </span>
    </p>
   </div>
   <div class='ocr_carea' id='block_1_101' title="bbox 208 2710 990 2748">
    <p class='ocr_par' dir='ltr' id='par_1_101' title="bbox 208 2710 990 2748">
     <span class='ocr_line' id='line_1_101' title="bbox 208 2710 990 2748; baseline 0.004 -12"><span class='ocrx_word' id='word_1_784' title='bbox 208 2718 292 2745; x_wconf 63' lang='grc' dir='ltr'>ρατε,</span> <span class='ocrx_word' id='word_1_785' title='bbox 308 2710 401 2745; x_wconf 76' lang='grc' dir='ltr'>ἔλεγεν</span> <span class='ocrx_word' id='word_1_786' title='bbox 411 2732 418 2743; x_wconf 86' lang='grc'><em>,</em></span> <span class='ocrx_word' id='word_1_787' title='bbox 434 2711 484 2738; x_wconf 84' lang='grc' dir='ltr'><strong>οὑκ</strong></span> <span class='ocrx_word' id='word_1_788' title='bbox 496 2710 529 2738; x_wconf 79' lang='grc' dir='ltr'>ἄν</span> <span class='ocrx_word' id='word_1_789' title='bbox 543 2711 589 2738; x_wconf 75' lang='grc' dir='ltr'><strong>τὸν</strong></span> <span class='ocrx_word' id='word_1_790' title='bbox 602 2712 718 2747; x_wconf 79' lang='grc' dir='ltr'>Χριστὸν</span> <span class='ocrx_word' id='word_1_791' title='bbox 740 2712 778 2744; x_wconf 83' lang='grc' dir='ltr'><strong>ὡς</strong></span> <span class='ocrx_word' id='word_1_792' title='bbox 799 2712 927 2748; x_wconf 73' lang='grc' dir='ltr'><strong>ῥυόμενον</strong></span> <span class='ocrx_word' id='word_1_793' title='bbox 943 2712 990 2739; x_wconf 57' lang='lat' dir='ltr'><strong>air</strong></span> 
     </span>
    </p>
   </div>
   <div class='ocr_carea' id='block_1_102' title="bbox 209 2755 989 2794">
    <p class='ocr_par' dir='ltr' id='par_1_102' title="bbox 209 2755 989 2794">
     <span class='ocr_line' id='line_1_102' title="bbox 209 2755 989 2794; baseline 0.003 -12"><span class='ocrx_word' id='word_1_794' title='bbox 209 2757 254 2786; x_wconf 58' lang='lat' dir='ltr'><strong>tm</strong></span> <span class='ocrx_word' id='word_1_795' title='bbox 266 2755 378 2792; x_wconf 74' lang='grc' dir='ltr'><strong>’ὕστερον</strong></span> <span class='ocrx_word' id='word_1_796' title='bbox 400 2758 433 2786; x_wconf 81' lang='grc' dir='ltr'>ὲκ</span> <span class='ocrx_word' id='word_1_797' title='bbox 447 2757 494 2784; x_wconf 80' lang='grc' dir='ltr'><strong>τοῦ</strong></span> <span class='ocrx_word' id='word_1_798' title='bbox 516 2757 637 2784; x_wconf 72' lang='grc' dir='ltr'><strong>τοιούτου</strong></span> <span class='ocrx_word' id='word_1_799' title='bbox 660 2757 745 2784; x_wconf 78' lang='grc' dir='ltr'>κακοῦ</span> <span class='ocrx_word' id='word_1_800' title='bbox 771 2758 989 2794; x_wconf 71' lang='grc' dir='ltr'>παρελάμϐανεν.</span> 
     </span>
    </p>
   </div>
   <div class='ocr_carea' id='block_1_103' title="bbox 1037 2303 1818 2338">
    <p class='ocr_par' dir='ltr' id='par_1_103' title="bbox 1037 2303 1818 2338">
     <span class='ocr_line' id='line_1_103' title="bbox 1037 2303 1818 2338; baseline 0.001 -8"><span class='ocrx_word' id='word_1_801' title='bbox 1037 2303 1090 2331; x_wconf 88' lang='lat' dir='ltr'><strong>cati</strong></span> <span class='ocrx_word' id='word_1_802' title='bbox 1105 2303 1229 2331; x_wconf 80' lang='lat' dir='ltr'><strong>videlicet</strong></span> <span class='ocrx_word' id='word_1_803' title='bbox 1245 2304 1340 2338; x_wconf 87' lang='lat' dir='ltr'><strong>legem,</strong></span> <span class='ocrx_word' id='word_1_804' title='bbox 1357 2311 1418 2338; x_wconf 68' lang='lat' dir='ltr'><strong>quae</strong></span> <span class='ocrx_word' id='word_1_805' title='bbox 1433 2304 1468 2330; x_wconf 73' lang='lat' dir='ltr'><strong>in</strong></span> <span class='ocrx_word' id='word_1_806' title='bbox 1482 2303 1730 2332; x_wconf 82' lang='lat' dir='ltr'><strong>membris-nostris</strong></span> <span class='ocrx_word' id='word_1_807' title='bbox 1752 2304 1818 2332; x_wconf 87' lang='lat' dir='ltr'><strong>insi-</strong></span> 
     </span>
    </p>
   </div>
   <div class='ocr_carea' id='block_1_104' title="bbox 1037 2348 1818 2384">
    <p class='ocr_par' dir='ltr' id='par_1_104' title="bbox 1037 2348 1818 2384">
     <span class='ocr_line' id='line_1_104' title="bbox 1037 2348 1818 2384; baseline 0.001 -8"><span class='ocrx_word' id='word_1_808' title='bbox 1037 2348 1092 2380; x_wconf 87' lang='lat' dir='ltr'><strong>det.</strong></span> <span class='ocrx_word' id='word_1_809' title='bbox 1117 2356 1149 2376; x_wconf 89' lang='lat' dir='ltr'><strong>ac</strong></span> <span class='ocrx_word' id='word_1_810' title='bbox 1176 2356 1223 2384; x_wconf 88' lang='lat' dir='ltr'><strong>per</strong></span> <span class='ocrx_word' id='word_1_811' title='bbox 1244 2349 1366 2376; x_wconf 86' lang='lat' dir='ltr'><strong>mandati</strong></span> <span class='ocrx_word' id='word_1_812' title='bbox 1383 2349 1631 2384; x_wconf 84' lang='lat' dir='ltr'><strong>transgressionem</strong></span> <span class='ocrx_word' id='word_1_813' title='bbox 1648 2349 1766 2377; x_wconf 85' lang='lat' dir='ltr'><strong>latebras</strong></span> <span class='ocrx_word' id='word_1_814' title='bbox 1791 2350 1818 2378; x_wconf 89' lang='lat' dir='ltr'><strong>in</strong></span> 
     </span>
    </p>
   </div>
   <div class='ocr_carea' id='block_1_105' title="bbox 1038 2394 1818 2429">
    <p class='ocr_par' dir='ltr' id='par_1_105' title="bbox 1038 2394 1818 2429">
     <span class='ocr_line' id='line_1_105' title="bbox 1038 2394 1818 2429; baseline 0.003 -8"><span class='ocrx_word' id='word_1_815' title='bbox 1038 2394 1117 2422; x_wconf 90' lang='lat' dir='ltr'><strong>nobis</strong></span> <span class='ocrx_word' id='word_1_816' title='bbox 1133 2394 1293 2427; x_wconf 86' lang='lat' dir='ltr'><strong>constituit,</strong></span> <span class='ocrx_word' id='word_1_817' title='bbox 1310 2401 1343 2421; x_wconf 86' lang='lat' dir='ltr'><strong>ac</strong></span> <span class='ocrx_word' id='word_1_818' title='bbox 1364 2394 1483 2429; x_wconf 85' lang='lat' dir='ltr'><strong>denique</strong></span> <span class='ocrx_word' id='word_1_819' title='bbox 1506 2394 1539 2421; x_wconf 93' lang='lat' dir='ltr'><strong>ad</strong></span> <span class='ocrx_word' id='word_1_820' title='bbox 1563 2394 1705 2429; x_wconf 63' lang='lat' dir='ltr'><strong>iniustitiae</strong></span> <span class='ocrx_word' id='word_1_821' title='bbox 1725 2403 1818 2423; x_wconf 85' lang='lat' dir='ltr'><strong>necent</strong></span> 
     </span>
    </p>
   </div>
   <div class='ocr_carea' id='block_1_106' title="bbox 1039 2439 1819 2476">
    <p class='ocr_par' dir='ltr' id='par_1_106' title="bbox 1039 2439 1819 2476">
     <span class='ocr_line' id='line_1_106' title="bbox 1039 2439 1819 2476; baseline 0.003 -10"><span class='ocrx_word' id='word_1_822' title='bbox 1039 2439 1158 2466; x_wconf 89' lang='lat' dir='ltr'><strong>animam</strong></span> <span class='ocrx_word' id='word_1_823' title='bbox 1177 2443 1299 2468; x_wconf 82' lang='lat' dir='ltr'><strong>nostram</strong></span> <span class='ocrx_word' id='word_1_824' title='bbox 1314 2439 1398 2468; x_wconf 79' lang='lat' dir='ltr'><strong>rariis</strong></span> <span class='ocrx_word' id='word_1_825' title='bbox 1419 2439 1583 2475; x_wconf 86' lang='lat' dir='ltr'><strong>imaginibus</strong></span> <span class='ocrx_word' id='word_1_826' title='bbox 1607 2440 1745 2469; x_wconf 90' lang='lat' dir='ltr'><strong>illudendo</strong></span> <span class='ocrx_word' id='word_1_827' title='bbox 1759 2449 1819 2476; x_wconf 88' lang='lat' dir='ltr'><strong>per-</strong></span> 
     </span>
    </p>
   </div>
   <div class='ocr_carea' id='block_1_107' title="bbox 1038 2485 1818 2521">
    <p class='ocr_par' dir='ltr' id='par_1_107' title="bbox 1038 2485 1818 2521">
     <span class='ocr_line' id='line_1_107' title="bbox 1038 2485 1818 2521; baseline 0.003 -10"><span class='ocrx_word' id='word_1_828' title='bbox 1038 2485 1137 2515; x_wconf 84' lang='lat' dir='ltr'><strong>trahit.,</strong></span> <span class='ocrx_word' id='word_1_829' title='bbox 1150 2485 1331 2518; x_wconf 81' lang='lat' dir='ltr'><strong>Quamobrem</strong></span> <span class='ocrx_word' id='word_1_830' title='bbox 1351 2485 1467 2514; x_wconf 87' lang='lat' dir='ltr'><strong>subinde</strong></span> <span class='ocrx_word' id='word_1_831' title='bbox 1481 2486 1508 2513; x_wconf 94' lang='lat' dir='ltr'><strong>in</strong></span> <span class='ocrx_word' id='word_1_832' title='bbox 1522 2486 1617 2514; x_wconf 90' lang='lat' dir='ltr'><strong>eadem</strong></span> <span class='ocrx_word' id='word_1_833' title='bbox 1636 2486 1818 2521; x_wconf 89' lang='lat' dir='ltr'><strong>disputatione</strong></span> 
     </span>
    </p>
   </div>
   <div class='ocr_carea' id='block_1_108' title="bbox 1040 2530 1824 2567">
    <p class='ocr_par' dir='ltr' id='par_1_108' title="bbox 1040 2530 1824 2567">
     <span class='ocr_line' id='line_1_108' title="bbox 1040 2530 1824 2567; baseline 0 -9"><span class='ocrx_word' id='word_1_834' title='bbox 1040 2530 1161 2565; x_wconf 68' lang='lat' dir='ltr'><strong>subiicit,</strong></span> <span class='ocrx_word' id='word_1_835' title='bbox 1175 2530 1328 2566; x_wconf 84' lang='lat' dir='ltr'><strong>cujusmodi</strong></span> <span class='ocrx_word' id='word_1_836' title='bbox 1345 2538 1375 2559; x_wconf 80' lang='lat' dir='ltr'><strong>se</strong></span> <span class='ocrx_word' id='word_1_837' title='bbox 1389 2539 1404 2558; x_wconf 68' lang='grc' dir='ltr'>θ</span> <span class='ocrx_word' id='word_1_838' title='bbox 1419 2536 1508 2559; x_wconf 88' lang='lat' dir='ltr'><strong>morte</strong></span> <span class='ocrx_word' id='word_1_839' title='bbox 1523 2532 1634 2560; x_wconf 86' lang='lat' dir='ltr'><strong>liberari</strong></span> <span class='ocrx_word' id='word_1_840' title='bbox 1655 2536 1777 2567; x_wconf 87' lang='lat' dir='ltr'><strong>cuperet,</strong></span> <span class='ocrx_word' id='word_1_841' title='bbox 1793 2535 1824 2559; x_wconf 61' lang='lat' dir='ltr'><strong>et,</strong></span> 
     </span>
    </p>
   </div>
   <div class='ocr_carea' id='block_1_109' title="bbox 1039 2576 1818 2614">
    <p class='ocr_par' dir='ltr' id='par_1_109' title="bbox 1039 2576 1818 2614">
     <span class='ocr_line' id='line_1_109' title="bbox 1039 2576 1818 2614; baseline 0 -10"><span class='ocrx_word' id='word_1_842' title='bbox 1039 2585 1054 2604; x_wconf 89' lang='lat' dir='ltr'><strong>a</strong></span> <span class='ocrx_word' id='word_1_843' title='bbox 1069 2585 1124 2612; x_wconf 91' lang='lat' dir='ltr'><strong>quo</strong></span> <span class='ocrx_word' id='word_1_844' title='bbox 1138 2576 1294 2605; x_wconf 88' lang='lat' dir='ltr'><strong>liberandus</strong></span> <span class='ocrx_word' id='word_1_845' title='bbox 1311 2581 1384 2605; x_wconf 82' lang='lat' dir='ltr'><strong>esset</strong></span> <span class='ocrx_word' id='word_1_846' title='bbox 1395 2576 1515 2609; x_wconf 81' lang='lat' dir='ltr'><strong>:Gratia,</strong></span> <span class='ocrx_word' id='word_1_847' title='bbox 1534 2578 1631 2614; x_wconf 85' lang='lat' dir='ltr'><strong>inquit,</strong></span> <span class='ocrx_word' id='word_1_848' title='bbox 1645 2578 1699 2605; x_wconf 79' lang='lat' dir='ltr'><strong>Deo</strong></span> <span class='ocrx_word' id='word_1_849' title='bbox 1717 2586 1763 2612; x_wconf 84' lang='lat' dir='ltr'><strong>per</strong></span> <span class='ocrx_word' id='word_1_850' title='bbox 1773 2577 1818 2605; x_wconf 83' lang='lat' dir='ltr'><strong>Je-</strong></span> 
     </span>
    </p>
   </div>
   <div class='ocr_carea' id='block_1_110' title="bbox 1038 2622 1817 2658">
    <p class='ocr_par' dir='ltr' id='par_1_110' title="bbox 1038 2622 1817 2658">
     <span class='ocr_line' id='line_1_110' title="bbox 1038 2622 1817 2658; baseline 0 -8"><span class='ocrx_word' id='word_1_851' title='bbox 1038 2631 1103 2650; x_wconf 71' lang='lat' dir='ltr'><strong>sum-</strong></span> <span class='ocrx_word' id='word_1_852' title='bbox 1118 2622 1252 2650; x_wconf 64' lang='lat' dir='ltr'><strong>Gltriuam</strong></span> <span class='ocrx_word' id='word_1_853' title='bbox 1263 2623 1284 2649; x_wconf 76' lang='grc'><strong>⁸.</strong></span> <span class='ocrx_word' id='word_1_854' title='bbox 1310 2623 1377 2650; x_wconf 93' lang='lat' dir='ltr'><strong>Illud</strong></span> <span class='ocrx_word' id='word_1_855' title='bbox 1393 2623 1466 2651; x_wconf 90' lang='lat' dir='ltr'><strong>enim</strong></span> <span class='ocrx_word' id='word_1_856' title='bbox 1483 2623 1627 2658; x_wconf 83' lang='lat' dir='ltr'><strong>diligenter</strong></span> <span class='ocrx_word' id='word_1_857' title='bbox 1650 2623 1753 2650; x_wconf 86' lang='lat' dir='ltr'><strong>attendi</strong></span> <span class='ocrx_word' id='word_1_858' title='bbox 1770 2631 1817 2650; x_wconf 95' lang='lat' dir='ltr'><strong>cu-</strong></span> 
     </span>
    </p>
   </div>
   <div class='ocr_carea' id='block_1_111' title="bbox 1039 2668 1817 2705">
    <p class='ocr_par' dir='ltr' id='par_1_111' title="bbox 1039 2668 1817 2705">
     <span class='ocr_line' id='line_1_111' title="bbox 1039 2668 1817 2705; baseline 0 -10"><span class='ocrx_word' id='word_1_859' title='bbox 1039 2669 1094 2703; x_wconf 86' lang='lat' dir='ltr'><strong>pio,</strong></span> <span class='ocrx_word' id='word_1_860' title='bbox 1109 2669 1131 2696; x_wconf 86' lang='lat' dir='ltr'><strong>si</strong></span> <span class='ocrx_word' id='word_1_861' title='bbox 1145 2676 1246 2704; x_wconf 81' lang='lat' dir='ltr'><strong>corpus</strong></span> <span class='ocrx_word' id='word_1_862' title='bbox 1264 2668 1337 2696; x_wconf 82' lang='lat' dir='ltr'><strong>istud</strong></span> <span class='ocrx_word' id='word_1_863' title='bbox 1358 2673 1484 2702; x_wconf 82' lang='lat' dir='ltr'><strong>mortem,</strong></span> <span class='ocrx_word' id='word_1_864' title='bbox 1505 2673 1535 2696; x_wconf 92' lang='lat' dir='ltr'><strong>ut</strong></span> <span class='ocrx_word' id='word_1_865' title='bbox 1559 2670 1670 2705; x_wconf 83' lang='lat' dir='ltr'><strong>putatis,</strong></span> <span class='ocrx_word' id='word_1_866' title='bbox 1685 2676 1703 2695; x_wconf 92' lang='lat' dir='ltr'><strong>o</strong></span> <span class='ocrx_word' id='word_1_867' title='bbox 1722 2669 1817 2704; x_wconf 65' lang='grc' dir='ltr'><strong>Λειοθ-</strong></span> 
     </span>
    </p>
   </div>
   <div class='ocr_carea' id='block_1_112' title="bbox 1039 2711 1815 2749">
    <p class='ocr_par' dir='ltr' id='par_1_112' title="bbox 1039 2711 1815 2749">
     <span class='ocr_line' id='line_1_112' title="bbox 1039 2711 1815 2749; baseline 0.004 -11"><span class='ocrx_word' id='word_1_868' title='bbox 1039 2711 1122 2746; x_wconf 86' lang='lat' dir='ltr'><strong>phon,</strong></span> <span class='ocrx_word' id='word_1_869' title='bbox 1153 2712 1328 2747; x_wconf 85' lang='lat' dir='ltr'><strong>appellasset,</strong></span> <span class='ocrx_word' id='word_1_870' title='bbox 1353 2721 1492 2749; x_wconf 89' lang='lat' dir='ltr'><strong>nunquam</strong></span> <span class='ocrx_word' id='word_1_871' title='bbox 1519 2714 1594 2741; x_wconf 92' lang='lat' dir='ltr'><strong>illum</strong></span> <span class='ocrx_word' id='word_1_872' title='bbox 1623 2713 1736 2746; x_wconf 88' lang='lat' dir='ltr'><strong>Christi,</strong></span> <span class='ocrx_word' id='word_1_873' title='bbox 1764 2719 1815 2741; x_wconf 70' lang='lat' dir='ltr'><strong>tan</strong></span> 
     </span>
    </p>
   </div>
   <div class='ocr_carea' id='block_1_113' title="bbox 1039 2757 1815 2794">
    <p class='ocr_par' dir='ltr' id='par_1_113' title="bbox 1039 2757 1815 2794">
     <span class='ocr_line' id='line_1_113' title="bbox 1039 2757 1815 2794; baseline 0.004 -11"><span class='ocrx_word' id='word_1_874' title='bbox 1039 2764 1121 2792; x_wconf 78' lang='lat' dir='ltr'><strong>quam</strong></span> <span class='ocrx_word' id='word_1_875' title='bbox 1144 2757 1214 2790; x_wconf 66' lang='lat' dir='ltr'><strong>eius,</strong></span> <span class='ocrx_word' id='word_1_876' title='bbox 1230 2765 1245 2784; x_wconf 88' lang='lat' dir='ltr'><strong>a</strong></span> <span class='ocrx_word' id='word_1_877' title='bbox 1269 2766 1325 2793; x_wconf 89' lang='lat' dir='ltr'><strong>quo</strong></span> <span class='ocrx_word' id='word_1_878' title='bbox 1339 2763 1432 2794; x_wconf 74' lang='lat' dir='ltr'><strong>postea</strong></span> <span class='ocrx_word' id='word_1_879' title='bbox 1449 2759 1496 2786; x_wconf 88' lang='lat' dir='ltr'><strong>tali</strong></span> <span class='ocrx_word' id='word_1_880' title='bbox 1518 2767 1552 2787; x_wconf 88' lang='lat' dir='ltr'><strong>ex</strong></span> <span class='ocrx_word' id='word_1_881' title='bbox 1574 2757 1747 2787; x_wconf 88' lang='lat' dir='ltr'><strong>incommodo</strong></span> <span class='ocrx_word' id='word_1_882' title='bbox 1764 2759 1815 2786; x_wconf 76' lang='lat' dir='ltr'><strong>eri-</strong></span> 
     </span>
    </p>
   </div>
   <div class='ocr_carea' id='block_1_114' title="bbox 244 2836 982 2872">
    <p class='ocr_par' dir='ltr' id='par_1_114' title="bbox 244 2836 982 2872">
     <span class='ocr_line' id='line_1_114' title="bbox 244 2836 982 2872; baseline -0.001 -6"><span class='ocrx_word' id='word_1_883' title='bbox 244 2838 253 2855; x_wconf 84' lang='lat'><strong>‘</strong></span> <span class='ocrx_word' id='word_1_884' title='bbox 269 2837 335 2866; x_wconf 77' lang='lat' dir='ltr'><strong>Car.</strong></span> <span class='ocrx_word' id='word_1_885' title='bbox 349 2837 494 2872; x_wconf 76' lang='grc' dir='ltr'>ὃὰντιστρ.</span> <span class='ocrx_word' id='word_1_886' title='bbox 534 2839 544 2854; x_wconf 77' lang='grc'>¹</span> <span class='ocrx_word' id='word_1_887' title='bbox 561 2837 632 2865; x_wconf 71' lang='lat' dir='ltr'><strong>Psal.</strong></span> <span class='ocrx_word' id='word_1_888' title='bbox 648 2845 724 2870; x_wconf 71' lang='lat' dir='ltr'><strong>XVIII,</strong></span> <span class='ocrx_word' id='word_1_889' title='bbox 746 2837 788 2865; x_wconf 81' lang='lat' dir='ltr'><strong>l3.</strong></span> <span class='ocrx_word' id='word_1_890' title='bbox 826 2838 836 2853; x_wconf 90' lang='grc'><em>³</em></span> <span class='ocrx_word' id='word_1_891' title='bbox 849 2836 927 2867; x_wconf 79' lang='lat' dir='ltr'><strong>Rom.</strong></span> <span class='ocrx_word' id='word_1_892' title='bbox 947 2845 982 2865; x_wconf 70' lang='lat' dir='ltr'><strong>un</strong></span> 
     </span>
    </p>
   </div>
   <div class='ocr_carea' id='block_1_115' title="bbox 1034 2836 1295 2872">
    <p class='ocr_par' dir='ltr' id='par_1_115' title="bbox 1034 2836 1295 2865">
     <span class='ocr_line' id='line_1_115' title="bbox 1034 2836 1295 2865; baseline 0 -1"><span class='ocrx_word' id='word_1_893' title='bbox 1034 2836 1103 2864; x_wconf 60' lang='lat' dir='ltr'><strong>Ulli.</strong></span> <span class='ocrx_word' id='word_1_894' title='bbox 1150 2837 1160 2852; x_wconf 73' lang='lat'><strong>&quot;</strong></span> <span class='ocrx_word' id='word_1_895' title='bbox 1174 2836 1239 2864; x_wconf 89' lang='lat' dir='ltr'><strong>ibid.</strong></span> <span class='ocrx_word' id='word_1_896' title='bbox 1251 2838 1295 2865; x_wconf 77' lang='grc'><strong>25.</strong></span> 
     </span>
    </p>
   </div>
  </div>
