4058 6476
954 793 1651 912 EPISTOLA
1754 773 2926 920 NUNCUPATORIA.

1359 1373 1824 1421 ILLUSTmssmo
1866 1376 1943 1420 AC.
1983 1360 2528 1423 REVERENDISSIMO

891 1616 967 1679 D.
1011 1615 1462 1713 ERANCISCO
1504 1617 1567 1680 S.
1613 1616 1689 1677 R.
1747 1618 1818 1678 E.
1883 1613 2328 1677 CARDINALI
2371 1608 3011 1689 RUPIFUCALDIO,

1602 1892 1827 1931 EPISCOPO
1865 1889 2226 1931 ειιγλιςεοτεκει
2248 1914 2262 1937 ,

798 2136 974 2176 κΑαΝο
1003 2135 1242 2175 FRANCI£
1278 2133 1739 2186 ELEEMOSYNARIO,
1771 2134 1834 2174 AC
1868 2134 2085 2175 SANCTAE
2118 2134 2407 2174 GENOVEPE
2445 2134 2580 2172 APUD
2622 2134 2858 2176 PARISIOS
2885 2134 3100 2177 ΛΒΒΛΊῚ.

385 2394 695 2456 Meliusne
749 2392 856 2465 sit,
910 2400 968 2452 et
1000 2392 1377 2464 consultius,
1432 2392 1780 2455 cardinalis
1812 2391 2270 2465 illustrissime,
2305 2392 2761 2473 pestiferarum
2788 2393 3105 2454 hoereseon
3150 2390 3402 2471 nefaria
3452 2388 3572 2451 do-

307 2504 509 2573 gmata
540 2492 919 2572 consignare
953 2491 1209 2566 litteris,
1246 2511 1329 2553 an
1359 2511 1429 2553 ea
1471 2501 1678 2553 tacere
1702 2492 1990 2570 penitus,
2010 2492 2162 2570 jure
2197 2491 2367 2552 inter
2395 2493 2713 2571 sapientes
2743 2492 3075 2571 queritur.
3108 2488 3197 2550 Ac
3227 2483 3572 2549 nonnullos

307 2593 508 2654 minus
539 2601 855 2653 sectarum
891 2592 1035 2671 ipsa
1082 2590 1454 2671 descriptio,
1515 2590 1789 2670 diligens
1830 2592 2191 2669 prazsertim
2238 2600 2297 2653 et
2348 2593 2699 2668 enucleata,
2754 2590 3043 2653 delectat.
3097 2589 3232 2652 Alii
3280 2590 3574 2651 cautione

306 2694 568 2774 quadam
602 2713 676 2756 ac
706 2692 950 2755 delectu
989 2713 1149 2774 opus
1185 2713 1315 2754 esse
1338 2692 1666 2773 judicant,
1715 2702 1790 2754 ut
1825 2712 1908 2754 ea:
1937 2691 2141 2753 solum
2166 2693 2768 2770 prxtermittantur,
2802 2711 2936 2774 quae.
2964 2701 3076 2767 aut
3108 2700 3418 2753 vetustate
3433 2691 3574 2772 jam

309 2788 747 2873 obsoleverint,
779 2804 888 2856 aut
914 2796 1156 2874 insigni
1181 2794 1460 2875 foeditate
1488 2813 1560 2855 ac
1591 2795 1921 2873 spurcitia
1948 2795 2391 2858 contaminata:
2409 2797 2677 2877 fuerint.
2716 2797 3022 2874 Utrosque
3052 2802 3257 2855 movet
3283 2813 3365 2865 ea,
3380 2813 3574 2856 causa

305 2896 702 2975 potissimum
733 2916 753 2955 :
784 2894 952 2975 quod
980 2913 1119 2957 cum
1148 2895 1440 2956 universe
1474 2893 1873 2955 decretorum
1902 2893 2212 2973 ejusmodi
2239 2894 2599 2958 recordatio
2637 2895 3006 2975 perniciosa
3033 2895 3142 2969 sit,
3178 2903 3310 2955 tum
3359 2912 3575 2958 eorum

305 3000 637 3078 mortifera
678 2998 994 3076 contagio,
1048 3015 1177 3076 quae
1217 3004 1496 3058 obscena:
1542 2996 1895 3076 voluptatis
1949 2997 2284 3060 lenociniis
2330 3001 2572 3077 partim
2621 2999 2916 3060 incautos
2962 2995 3283 3069 alliciunt,
3328 2999 3577 3077 partim

306 3097 539 3157 invitos
562 3115 634 3156 ac
670 3104 1092 3174 repugnantes
1123 3096 1352 3175 afﬂatu
1376 3094 1793 3157 nihilominus
1825 3094 2094 3173 quodam
2124 3095 2554 3175 turpitudinis
2587 3105 2646 3157 et
2676 3094 2866 3156 odore
2895 3095 3316 3175 perfundunt.
3344 3098 3575 3173 Quam-

306 3199 519 3259 obrem
556 3195 722 3276 quod
755 3197 1161 3276 Epiphanius
1199 3195 1675 3271 Gnosticorum,
1725 3198 2287 3272 Basilidianorum,
2326 3198 3004 3278 Carpocratianorum,
3038 3195 3575 3276 Origenianorum

304 3317 574 3360 arcanas
617 3319 690 3362 ac
721 3297 1119 3360 detestandas
1152 3297 1446 3359 libidines
1483 3309 1608 3360 tam
1637 3298 1980 3379 diligenter
2026 3301 2439 3380 expresserit,
2485 3316 2615 3359 non
2649 3295 2816 3359 illud
2847 3295 3096 3375 quidem
3123 3297 3253 3358 viri
3294 3297 3572 3359 sanctis-

304 3402 447 3463 simi
497 3403 736 3480 factum
772 3398 1225 3478 consiliumque
1275 3397 1772 3477 reprehendunt,
1825 3399 1934 3460 sed
1982 3418 2199 3460 eorum
2251 3398 2530 3460 omnium
2574 3396 2939 3457 memoriam
2988 3393 3301 3456 oblivione
3330 3397 3576 3458 conteri

302 3503 502 3582 fuisse
524 3501 729 3561 satius
750 3507 1019 3579 putant;
1052 3505 1108 3559 et
1125 3497 1363 3573 Graece,
1391 3500 1492 3561 uti
1509 3500 1756 3579 scripta
1776 3510 1951 3575 sunt,
1987 3499 2268 3580 relinqui
2290 3497 2496 3571 modo,
2530 3505 2714 3575 atque
2739 3515 2779 3555 a
2807 3494 3224 3575 peritioribus
3257 3494 3575 3557 duntaxat

304 3601 423 3682 legi
476 3614 771 3681 oportere
818 3606 1133 3662 statuunt.
1183 3601 1405 3680 Itaque
1448 3602 1673 3664 Latine
1702 3611 1774 3663 ut
1810 3622 1882 3663 ea
1912 3622 2029 3664 nos
2062 3605 2581 3680 interpretemur,
2621 3618 2694 3660 ac
2717 3599 3147 3678 promiscuam
3176 3598 3574 3679 flagitiorum

304 3704 776 3778 conscientiam,
814 3719 1321 3781 communemque
1340 3705 1650 3784 faciamus
1679 3704 1989 3779 omnibus,
2029 3702 2431 3784 probandum
2461 3702 2714 3764 minime
2745 3720 2873 3762 esse
2904 3700 3313 3763 contendunt.

382 3808 624 3870 Contra
659 3825 815 3887 quos
850 3826 1056 3868 omnes
1091 3815 1218 3867 tam
1244 3807 1600 3887 Epiphanii
1634 3810 1843 3872 nostri
1872 3828 2057 3889 quam
2085 3817 2311 3869 nostra
2348 3809 2536 3870 etiam
2574 3825 2769 3867 causa
2801 3804 3257 3884 disputandum
3300 3803 3576 3865 breviter

303 3910 625 3971 existimo.
664 3908 755 3968 Ac
784 3909 1033 3987 priores
1062 3907 1312 3987 quidem
1347 3910 1471 3983 illi,
1506 3911 1735 3989 quibus
1773 3920 1973 3973 totum
1996 3910 2172 3972 istud
2209 3910 2533 3990 negotium
2562 3906 2882 3986 displicet,
2930 3907 3247 3968 hxreseon
3277 3904 3575 3966 abstrusa

300 4031 372 4072 ac
405 4008 739 4072 recondita
777 4010 1078 4086 mysteria
1107 4008 1408 4070 mandare
1439 4011 1726 4090 scriptis,
1772 4030 2080 4073 summum
2119 4029 2193 4071 ac
2223 4010 2551 4089 singulare
2580 4009 2844 4070 veritati
2872 4006 3244 4086 prxsidium
3274 4008 3573 4086 opinione

299 4128 413 4170 sua
466 4107 829 4170 detrahunt.
891 4108 1023 4167 Hoc
1068 4108 1232 4169 enim
1279 4117 1699 4188 extorquent;
1738 4097 1859 4188 quo
1890 4118 2222 4171 nascentes
2250 4109 2596 4172 identidem
2624 4127 2698 4168 ac
2747 4107 3046 4169 rediviva:
3096 4107 3572 4168 mendaciorum

300 4219 484 4270 sectx
512 4206 895 4270 validissime
928 4207 1309 4286 propulsari
1347 4227 1388 4267 a
1438 4208 1617 4270 nobis
1654 4211 1966 4288 evertique
1987 4208 2268 4288 possint.
2318 4209 2717 4288 Est-quidem
2749 4211 2904 4289 ejus,
2940 4210 3048 4287 qui
3080 4210 3150 4268 in
3180 4209 3448 4269 hxresin
3478 4209 3576 4269 vel
3678 4282 3689 4296 κ

301 4308 680 4369 moliendum
711 4309 808 4369 vel
845 4306 1137 4368 tuendam
1167 4309 1549 4380 incubuerit,
1581 4311 1829 4371 animus
1862 4312 1930 4373 in
1970 4329 2209 4371 omnem
2239 4310 2570 4373 audaciam
2603 4312 2739 4373 sine
2769 4310 2901 4371 ullo
2939 4309 3185 4390 pudore
3217 4312 3568 4390 projectus.

298 4410 423 4472 Sed
450 4429 630 4472 nemo
672 4420 763 4473 est
804 4419 1006 4471 tamen
1036 4429 1117 4471 ex
1149 4410 1283 4471 illis
1333 4411 1755 4473 absurdarum
1798 4414 2170 4492 opinionum
2204 4414 2527 4494 patronis,
2562 4431 2742 4493 quem
2770 4430 2899 4473 non
2931 4419 3250 4493 utcunque
3298 4414 3574 4476 convicti

301 4512 457 4575 olim
488 4515 728 4576 erroris
757 4533 830 4575 ac
861 4512 1143 4575 damnati
1154 4514 1421 4592 pudeat.
1453 4516 1597 4578 Sint
1627 4534 1800 4589 sane,
1834 4520 1933 4580 uti
1960 4525 2132 4590 sunt,
2159 4517 2360 4598 ferrei
2391 4533 2603 4577 omnes
2635 4516 2918 4577 hxretici
2953 4536 2972 4575 :
3005 4516 3135 4577 sint
3156 4516 3523 4595 pervicaces
3550 4541 3571 4580 :

300 4609 498 4673 iidem
533 4625 597 4670 se
640 4613 711 4674 in
752 4614 893 4691 ipso
940 4610 1171 4674 ardore
1205 4614 1671 4694 agitationeque
1722 4612 2101 4694 disputandi
2153 4614 2237 4677 ad
2271 4614 2695 4676 resistendum
2744 4617 2960 4677 acrius
3005 4616 3249 4696 fingant
3297 4637 3317 4676 :
3365 4625 3574 4676 tamen

301 4715 417 4793 qui
449 4713 519 4774 id
552 4712 874 4787 didicerit,
911 4716 1141 4795 quique
1175 4716 1366 4778 certis
1402 4721 1682 4775 veterum
1713 4715 2094 4777 testimoniis
2127 4714 2530 4794 compererit,
2585 4722 2730 4774 ante
2760 4713 2837 4775 ab
2869 4715 3150 4793 antiquis
3182 4714 3488 4777 Patribus
3514 4724 3573 4775 et

304 4815 599 4877 conciliis
641 4814 1016 4894 publicoque
1056 4815 1569 4877 Christianorum
1615 4832 1924 4875 consensu
1971 4814 2190 4894 agnita
2236 4833 2308 4874 ac
2353 4811 2696 4892 repudiata
2744 4812 3034 4893 dogmata
3086 4813 3222 4886 illa,
3256 4832 3440 4893 quam
3468 4816 3573 4880 illi

303 4914 459 4994 ipsi,
493 4921 645 4993 quo's
667 4914 978 4993 sequitur,
1012 4931 1227 4975 eorum
1256 4913 1750 4994 interpolatores
1775 4914 2179 4989 exsisterent,
2206 4914 2320 4975 vix
2349 4915 2492 4985 erit,
2525 4914 2779 4993 opinor,
2805 4914 3000 4988 ullus,
3029 4916 3211 4995 cujus
3232 4916 3363 4978 nisi
3389 4918 3571 4997 fran-

302 5016 373 5095 gi
427 5015 823 5095 edomarique
866 5016 1262 5077 contumacia
1286 5018 1598 5096 potuerit,
1635 5036 1767 5079 non
1802 5016 2237 5097 languidiores
2266 5017 2491 5079 saltem
2518 5018 2744 5081 habeat
2774 5019 3141 5098 eruptiones
3184 5028 3243 5080 et
3271 5020 3566 5099 impetus,

305 5136 381 5177 ac
422 5117 730 5195 paulatim
761 5133 884 5195 per
931 5117 1204 5195 seipsam
1244 5120 1629 5199 refrigerata
1674 5128 1859 5198 atque
1891 5127 2186 5180 enervata
2216 5118 2530 5181 concidat.
2586 5119 2837 5181 Habent
2864 5121 3069 5197 igitur
3096 5120 3261 5181 hunc
3289 5122 3572 5200 fructum

309 5217 742 5279 commentarii
768 5216 869 5278 illi
893 5216 1004 5295 qui
1041 5215 1114 5276 de
1147 5217 1492 5279 hxresibus
1537 5219 1934 5290 scribuntur,
1982 5226 2058 5281 ut
2100 5218 2171 5279 in
2203 5236 2578 5299 unaquaque
2623 5226 2800 5280 xtate
2847 5221 3135 5296 fautores
3181 5218 3471 5298 perﬁdia:
3496 5240 3569 5284 ac

308 5317 614 5379 satellites
641 5336 788 5379 suos
820 5319 889 5379 in
916 5315 1073 5391 illis,
1105 5336 1258 5398 quos
1290 5318 1539 5398 quidem
1569 5320 1965 5394 erubescant,
2001 5320 2331 5398 principes
2366 5329 2779 5399 auctoresque
2818 5328 3296 5398 recognoscant.

389 5423 534 5484 Jam
575 5422 685 5501 qui
734 5430 936 5482 certas
982 5441 1063 5483 ex
1095 5422 1462 5495 hceresibus,
1515 5422 1872 5502 easdemque
1917 5420 2015 5482 vel
2048 5420 2468 5495 oblitteratus,
2504 5422 2603 5482 vel
2631 5418 3032 5500 turpitudine
3068 5420 3331 5498 infames
3365 5424 3571 5486 omitti

305 5523 549 5604 iubent,
597 5523 920 5605 difﬁcilem
945 5524 1273 5605 quamdam
1301 5525 1794 5588 moderationem
1816 5524 2152 5604 postulant
2183 5545 2203 5584 :
2237 5524 2420 5604 cujus
2455 5542 2531 5583 ne
2564 5523 2692 5601 ipsi
2732 5519 2981 5601 quidem
3028 5541 3237 5596 usum,
3286 5526 3499 5601 rogati
3531 5543 3572 5583 a

312 5625 514 5702 nobis,
550 5624 914 5706 expediant.
946 5626 1198 5688 Etenim
1227 5626 1284 5688 si
1314 5627 1428 5689 hoc
1462 5635 1636 5687 certo
1664 5624 1971 5705 polliceri
1995 5633 2280 5706 possent,
2320 5624 2691 5703 opinionum
2723 5621 2838 5683 illa
2863 5631 3188 5701 portenta,
3234 5635 3572 5704 postquam

314 5744 615 5808 oppressa
641 5747 714 5789 ac
744 5729 997 5808 sepulta
1020 5728 1207 5790 semel
1234 5737 1459 5803 essent,
1490 5746 1836 5808 nunquam,
1872 5729 2003 5792 nisi
2033 5729 2103 5791 in
2139 5726 2323 5789 libris
2364 5731 2712 5799 exstarent,
2756 5742 3080 5809 emersura
3109 5724 3337 5799 denuo,
3371 5744 3569 5806 neque

312 5833 443 5892 suis
475 5849 553 5893 ex
581 5830 714 5893 illis
747 5831 949 5892 bustis
972 5851 1043 5895 ac
1075 5832 1395 5896 cineribus
1427 5832 1800 5899 excitanda:
1834 5833 2000 5895 nihil
2044 5833 2311 5896 consilio
2340 5831 2486 5894 huic
2529 5830 2799 5893 istorum
2837 5829 3344 5910 praevertendum
3364 5837 3564 5909 puta-

634 5932 912 5997 PnnOL.
945 5933 1062 5995 Gn.
1095 5933 1260 5998 XLI.
3194 5933 3228 5998 1
