4058 6490
396 365 455 417 Η
1699 364 1991 421 DIONYSII
2032 364 2309 419 PETAVII
3561 367 3629 421 12

398 495 544 540 rem.
576 478 697 539 Sed
725 500 861 541 eum
891 486 1298 546 nihilominus
1348 486 1527 545 statis
1581 494 1926 562 temporum
1967 481 2323 544 intervallis
2357 482 2564 542 eadem
2596 483 2711 544 illa
2742 491 3048 556 monstra,
3080 488 3417 561 amputata‘
3440 485 3627 543 toties

395 600 467 643 ac
482 582 803 662 jugulata,
834 587 1213 648 reviviscant
1246 607 1266 645 :
1297 605 1436 646 eum
1465 586 1623 647 idem
1652 587 1950 646 haresum
1982 585 2237 646 illarum
2259 586 2641 646 architectus
2670 587 3079 663 inventorque
3102 584 3416 656 diabolus,
3447 587 3631 646 etiam

398 684 566 743 omni
616 683 922 745 librorum
955 687 1269 746 exstincta
1312 685 1629 757 memoria,
1672 694 2030 768 perseveret
2064 704 2081 742 :
2119 702 2256 743 eum
2304 681 2525 743 iisdem
2570 685 2818 744 artibus
2850 691 2909 742 et
2936 684 3266 755 machinis,
3303 682 3629 763 eademque

395 781 478 843 ad
522 784 665 845 illas
704 785 1151 846 instaurandas
1195 784 1543 846 calliditate
1574 804 1648 846 ac
1696 786 1978 864 nequitia
2026 788 2109 847 sit
2157 784 2462 863 praditas
2500 805 2519 844 :
2550 802 2743 865 neque
2769 803 2884 845 nos
2913 786 3182 846 istorum
3213 785 3319 846 ille
3352 785 3627 846 delectus

395 882 687 964 adjuvat;
721 894 777 944 et
806 887 1102 945 adversus
1132 885 1553 962 redintegrati
1586 885 1789 946 morbi
1815 886 2175 964 periculum
2202 886 2481 964 pristina
2511 884 2625 945 illa
2646 883 3116 964 certissimaque
3146 883 3435 945 subsidia
3470 903 3632 945 eom-

393 987 681 1065 paranda
719 998 885 1049 sunt.
926 990 1217 1050 Potuerit
1256 1008 1404 1049 sane
1452 998 1595 1049 ante
1644 1008 1840 1049 annos
1878 989 2139 1066 aliquot,
2177 990 2300 1051 imo
2330 990 2581 1060 sacula,
2632 987 2987 1066 designatio
3016 989 3129 1049 illa
3158 998 3471 1050 certarum
3500 990 3623 1050 lue-

396 1103 614 1145 reseon
637 1086 719 1146 ad
746 1086 1139 1148 scribendum
1164 1097 1222 1149 et
1250 1090 1697 1166 opportunitas
1714 1089 1958 1167 jactari
1976 1108 1995 1154 ;
2032 1105 2169 1147 cum
2187 1089 2521 1165 pauciores
2552 1087 2753 1149 adhuc
2798 1096 3022 1161 essent,
3056 1106 3165 1148 nec
3201 1098 3325 1147 tam
3356 1087 3625 1149 diversis

395 1204 464 1244 ac
502 1184 908 1248 dissimilibus
941 1205 1021 1248 ex
1052 1188 1273 1265 formis
1301 1185 1732 1266 prodigiisque
1763 1187 2070 1266 con/latae.
2103 1187 2236 1246 Hoc
2278 1186 2523 1265 quidem
2557 1196 2854 1264 tempore,
2886 1205 3004 1265 quo
3040 1196 3352 1246 emortuus
3383 1185 3629 1265 pridem

376 1289 795 1363 superiorum
833 1298 1079 1347 celatum
1110 1290 1366 1348 luereses
1396 1298 1716 1347 revocatas
1752 1289 1818 1347 in
1858 1289 2055 1347 lucem
2082 1305 2152 1346 ac
2182 1297 2513 1348 renovatas
2546 1288 2890 1361 cernimus,
2941 1306 3016 1346 ne
3052 1287 3437 1348 dubitationi
3482 1288 3626 1366 qui—

396 1385 527 1443 dem
559 1384 681 1457 illi,
715 1403 789 1446 ac
812 1389 1141 1464 queestioni
1174 1390 1345 1449 locus
1376 1387 1648 1466 amplius
1680 1397 1768 1447 est
1813 1388 2094 1447 relictus.
2143 1385 2326 1460 Quod
2376 1391 2535 1447 enim
2562 1388 2689 1467 fuit
2729 1389 2794 1449 in
2830 1391 2999 1449 omni
3027 1388 3402 1465 antiquitate
3433 1404 3628 1465 genus

396 1485 712 1560 opinionis
744 1503 815 1545 ac
845 1494 1022 1546 secta:
1054 1496 1175 1545 tam
1204 1486 1608 1557 horrendum,
1645 1494 1769 1545 tam
1794 1486 2169 1546 inusitatum
2202 1495 2259 1544 ct
2292 1485 2680 1546 obsoletum?
2717 1486 2874 1561 Quis
2906 1496 3029 1546 tam
3064 1486 3361 1547 obscenus
3401 1496 3458 1545 et
3488 1484 3632 1544 abo-

394 1583 724 1643 minandus
754 1588 975 1646 error?
1005 1584 1188 1660 Quod
1208 1584 1488 1664 perﬁdia
1512 1602 1707 1662 genus
1734 1592 1854 1644 tam
1882 1583 2092 1663 palam
2123 1586 2395 1644 omnium
2431 1604 2575 1646 voce
2608 1585 3109 1658 condemnatum,
3146 1584 3311 1662 quod
3353 1602 3481 1644 non
3507 1601 3624 1661 pa-

394 1692 639 1742 rentum
672 1694 1031 1745 nostrorum
1062 1686 1353 1745 memoria
1398 1686 1680 1764 fautores
1724 1684 1966 1762 aliquos
2014 1701 2086 1742 ac
2134 1693 2472 1743 sectatores
2503 1684 2839 1746 habuerit?
2871 1685 3106 1745 Parum
3138 1693 3229 1743 est
3260 1683 3334 1743 de
3370 1683 3633 1745 Ariani:

397 1785 526 1845 illis
571 1788 889 1865 conqueri,
941 1796 1050 1847 aut
1087 1784 1581 1855 Macedonianis,
1621 1784 2064 1859 Eunomianis,
2110 1784 2533 1861 Nestorianis,
2568 1797 2625 1847 et
2654 1787 2735 1849 iis
2765 1786 2950 1846 etiam
2981 1783 3449 1861 antiquioribus
3483 1785 3624 1847 Ma-

393 1888 670 1960 nicheeis,
703 1886 1100 1958 Sabellianis,
1134 1886 1554 1946 Samosatenis
1584 1906 1603 1943 :
1635 1893 2007 1962 cceterasque
2057 1885 2284 1945 veteris
2336 1886 2635 1947 Ecclesiae
2681 1888 2846 1965 faces
2878 1904 2951 1945 ac
2986 1892 3381 1962 tempestates
3403 1901 3627 1961 perse-

394 1988 503 2067 qui
535 2008 554 2048 :
586 1988 655 2048 in
682 1987 905 2066 quibus
931 1996 1163 2065 preeter
1192 1986 1496 2064 dogmatis
1526 1984 1867 2064 falsitatem
1895 1984 2073 2043 nulla
2101 1994 2211 2043 aut
2261 1985 2527 2045 obscura
2560 1984 2863 2066 foeditatis
2897 1983 3241 2060 disciplina
3269 1984 3393 2061 fuit
3435 2003 3454 2041 :
3490 1999 3628 2060 qua:

396 2104 601 2153 omnes
634 2090 702 2149 in
731 2088 1088 2159 Germania,
1118 2085 1410 2155 Polonia,
1437 2084 1792 2152 Pannonia,
1822 2084 2076 2156 Russia,
2116 2086 2272 2146 alibi
2299 2083 2562 2162 denique
2592 2095 2825 2145 renata:
2852 2082 2934 2144 ad
2962 2085 3120 2145 hanc
3151 2083 3312 2143 diem
3340 2081 3632 2160 grassari

396 2198 452 2248 et
486 2189 939 2249 increbrescere
969 2188 1292 2247 dicuntur.
1330 2183 1461 2245 Illis
1483 2185 1634 2263 ipsa
1654 2182 2234 2245 sordidissimorum
2257 2182 2589 2245 libidinum.
2621 2184 2997 2245 inventrices
3036 2184 3292 2245 heereses
3333 2199 3403 2241 ac
3428 2181 3624 2256 magi-

393 2300 559 2360 strae,
593 2308 727 2368 qua:
752 2292 1148 2368 promiscuos
1182 2287 1573 2355 concubitus,
1608 2304 1679 2345 ac
1717 2286 2023 2363 reliquam
2064 2290 2356 2364 corporis
2406 2284 2868 2360 turpitudinem
2913 2282 3335 2353 ostentabant,
3377 2299 3630 2359 quaeque

392 2405 517 2449 uno
564 2388 1011 2449 Gnosticorum
1049 2385 1350 2446 vocabulo
1399 2386 1711 2445 contineri
1751 2401 2196 2461 nonnunquam
2245 2384 2470 2455 solent,
2509 2382 2730 2444 iisdem
2770 2384 2839 2444 in
2887 2383 3044 2443 locis
3093 2383 3160 2442 in
3209 2379 3628 2455 Adamianos,

392 2487 725 2559 Pilcardos,
765 2487 1110 2557 Valdenses,
1154 2482 1597 2562 Lugdunenses
1644 2486 1984 2564 Pauperes,
2027 2494 2367 2563 vatemque
2413 2492 2708 2561 portenta
2769 2483 2979 2543 verius
3033 2499 3214 2559 quam
3244 2481 3499 2540 nomina
3530 2501 3631 2542 re-

394 2587 782 2648 dundarunt.
816 2586 1061 2648 Veniam
1087 2583 1168 2644 ad
1195 2583 1463 2647 Galliam
1487 2592 1792 2655 nostram,
1823 2600 1897 2643 ac
1924 2576 2325 2642 novissimam
2357 2580 2716 2643 Calviniani
2740 2580 2934 2641 labem
2955 2579 3283 2659 dogmatis,
3316 2591 3498 2658 atque
3519 2599 3633 2660 pe-
3672 2576 3680 2583 “

395 2696 571 2761 stem,
604 2706 737 2768 qua:
768 2689 836 2750 in
865 2689 1041 2755 illius
1069 2686 1302 2764 gremio
1336 2684 1639 2746 consedit.
1674 2684 1763 2742 De
1806 2701 1928 2761 qua
1955 2682 2276 2743 verissime
2319 2684 2432 2744 hoc
2460 2681 2617 2742 mihi
2657 2680 2876 2742 videor
2919 2700 3050 2741 esse
3085 2681 3379 2742 dicturus
3410 2702 3430 2741 :
3462 2683 3636 2743 velut

395 2790 702 2849 sentinam
735 2789 909 2849 illam
954 2786 1125 2849 orbis
1169 2804 1296 2845 esse
1346 2793 1686 2854 terrarum,
1741 2784 1810 2844 in
1855 2800 2036 2860 quam
2065 2794 2341 2842 veterum
2373 2791 2433 2842 et
2482 2783 2825 2843 recentium
2859 2793 3191 2854 sectarum,
3228 2799 3637 2861 errorumque

396 2888 693 2950 colluvies
725 2887 1037 2966 conﬂuxit
1066 2907 1085 2944 :
1115 2904 1187 2947 ac
1211 2881 1518 2965 quidquid
1545 2885 1862 2945 haereseon
1891 2885 2190 2943 hactenus
2223 2884 2496 2956 exstitit,
2530 2883 2604 2943 de
2625 2901 2744 2962 quo
2776 2883 2976 2961 legere
3010 2883 3253 2962 aliquid
3278 2885 3375 2945 vel
3403 2883 3630 2948 audire

392 2989 738 3066 potuimus,
767 3004 846 3048 ea:
876 3004 944 3046 eo
981 2985 1242 3047 libatum
1270 3003 1397 3045 esse
1426 3002 1499 3045 ac
1532 2983 1885 3045 derivatum
1912 2982 2189 3061 aliquid;
2218 2992 2400 3061 atque
2432 3002 2511 3043 ea:
2538 2983 3021 3046 abhorrentibus
3055 2994 3481 3045 monstrorum
3507 3004 3635 3045 om-

395 3090 571 3150 nium
603 3087 899 3166 partibus
931 3106 1002 3148 ac
1033 3089 1279 3167 ﬁguris,
1314 3088 1607 3149 ultimum
1635 3084 1820 3158 illud,
1854 3103 1927 3145 ac
1964 3085 2228 3162 reliquis
2250 3083 2627 3146 horribilius
2660 3103 2787 3144 esse
2808 3092 3189 3146 concretum.

477 3188 888 3262 Quamobrem
904 3205 1042 3248 cum
1075 3198 1134 3247 et
1160 3187 1386 3264 ubique
1419 3196 1756 3257 terrarum,
1783 3192 1843 3245 et
1870 3185 1972 3245 hic
2004 3183 2176 3262 apud
2199 3201 2313 3243 nos
2339 3185 2701 3261 priscarum
2727 3196 2855 3243 sese
2885 3180 3198 3245 hwreseon
3223 3204 3294 3245 ac
3324 3194 3636 3246 sectarum

395 3304 631 3349 venena
662 3285 1051 3365 diffundant,
1086 3282 1168 3346 ad
1206 3285 1343 3357 illa,
1391 3302 1524 3363 qua:
1564 3302 1766 3362 supra
1794 3282 1960 3354 dixi,
1994 3281 2294 3361 praesidia
2319 3284 2777 3361 confugiamus,
2814 3293 2873 3343 et
2904 3284 3287 3345 medicorum
3317 3288 3635 3349 imitemur

396 3387 796 3449 industriam.
823 3385 1107 3460 Quorum
1133 3386 1401 3464 majores
1427 3402 1565 3443 cum
1585 3382 1826 3442 eosdem
1871 3383 2160 3443 humanis
2192 3384 2489 3457 ingruere
2521 3381 2895 3458 corporibus
2922 3400 2994 3442 ac
3024 3400 3354 3443 recurrere
3384 3384 3633 3445 morbos

398 3488 841 3564 intelligerent,
874 3500 1091 3545 eorum
1133 3487 1432 3563 origines,
1474 3486 1973 3563 progressiones,
2010 3485 2463 3563 proprietates,
2499 3501 2753 3544 casuum
2808 3494 2991 3563 atque
3037 3494 3393 3548 eventorum
3424 3506 3629 3548 exem-

394 3589 527 3667 pla,
565 3598 695 3648 tum
736 3586 1009 3648 remedia
1048 3585 1385 3664 diligenter
1421 3587 1488 3646 in
1519 3585 1702 3647 libris
1745 3595 2051 3646 notarunt
2084 3607 2103 3645 :
2136 3603 2268 3663 quae
2310 3584 2457 3644 dum
2485 3587 2729 3663 posteri
2761 3586 2998 3664 legunt,
3030 3598 3254 3648 contra
3284 3589 3427 3649 illos
3458 3590 3633 3667 ipsos

395 3688 600 3748 alieno
637 3706 698 3747 se
729 3706 850 3748 usu
881 3687 1393 3765 experientiaque
1434 3686 1828 3763 conﬁrmant.
1885 3686 1986 3747 Ita
2022 3685 2229 3759 nobis,
2261 3684 2487 3765 quibus
2518 3684 2842 3759 assiduum
2867 3695 2958 3746 est
2988 3686 3204 3748 iisdem
3228 3706 3365 3747 cum
3395 3690 3634 3749 errori-

396 3787 533 3858 bus,
567 3785 737 3847 velut
764 3785 995 3847 morbis
1026 3803 1107 3845 ea:
1141 3784 1477 3844 intervallo
1517 3783 2131 3854 recrudescentibus,
2164 3803 2236 3844 ae
2253 3784 2390 3863 jam
2413 3791 2555 3842 ante
2588 3785 2883 3860 cognitis,
2926 3795 3236 3845 certamen
3266 3784 3631 3859 ineundum,

396 3884 581 3945 utiles
605 3891 753 3942 sunt
790 3881 1220 3943 commentarii
1249 3883 1653 3959 antiquarum
1682 3883 1984 3943 haeresum
2015 3904 2032 3940 :
2099 3901 2179 3943 ea:
2211 3881 2434 3960 quibus
2483 3900 2610 3941 non
2640 3900 2853 3943 earum
2880 3884 3060 3944 modo
3090 3888 3384 3948 notitiam
3413 3886 3629 3966 adipi-

395 3982 667 4050 scimur;
705 3979 812 4041 sed
867 3980 948 4041 ad
999 3980 1142 4042 illas
1203 3981 1408 4053 etiam,
1445 3980 1555 4041 ubi
1584 3989 1819 4042 renatw
1845 3982 2107 4059 fuerint,
2138 3979 2595 4059 pro/ligandas,
2628 3981 2831 4043 eadem
2864 4001 3159 4061 paramus
3188 3986 3460 4058 auxilia,
3493 3987 3634 4065 qui-

396 4084 532 4156 bus,
563 4100 701 4144 cum
727 4083 1002 4160 primum
1034 4089 1469 4151 nascerentur,
1514 4082 1841 4142 exstincta:
1872 4089 2057 4141 sunt.-

475 4183 610 4256 Quo
644 4182 712 4243 in
750 4198 970 4260 genere
1000 4199 1139 4241 eum
1176 4179 1519 4240 multorum
1569 4180 1833 4241 Patrum
1866 4181 2105 4259 egregie
2141 4183 2228 4242 sit
2257 4181 2458 4255 labor,
2507 4200 2578 4243 ac
2610 4200 2749 4242 eum
2770 4182 2955 4244 laude
2987 4196 3312 4255 versatus,-
3351 4206 3527 4267 quem
3561 4201 3632 4252 tu

400 4294 620 4353 tamen,
665 4285 793 4347 sive
821 4282 1176 4360 diligentia,
1210 4288 1337 4345 sive
1366 4284 1649 4345 ubertate
1681 4282 2061 4344 eruditionis
2112 4304 2185 4344 ac
2216 4285 2421 4361 copia,
2455 4303 2595 4346 cum
2618 4285 2979 4362 Epiphanio
3010 4290 3319 4367 conferas,
3355 4293 3633 4369 reperies

398 4401 477 4443 ex
504 4384 671 4443 omni
713 4383 1088 4459 antiquitate
1129 4382 1452 4443 neminem.
1488 4380 1631 4442 Non
1661 4381 1822 4441 enim
1849 4382 1955 4442 ille
1993 4382 2234 4443 brevem
2261 4379 2577 4443 duntaxat
2603 4383 2920 4443 heereseon
2968 4384 3235 4446 indicem
3266 4399 3632 4451 ewterorum

394 4504 563 4545 more
591 4484 971 4560 conscripsit
1004 4504 1022 4548 :
1050 4482 1557 4569 quemadmodum
1588 4483 2004 4561 Augustinus,
2031 4485 2440 4558 Philastrius,
2471 4484 2912 4562 Hieronymus,
2944 4486 3384 4560 Damascenus,
3420 4493 3631 4569 copio-

397 4588 530 4647 sius
560 4587 743 4645 etiam
777 4582 1221 4653 Theodoretus,
1254 4592 1437 4661 atque
1470 4581 1585 4643 alii
1618 4584 1967 4660 complures
2004 4586 2419 4645 instituerunt
2454 4604 2473 4643 :
2505 4602 2616 4645 nec
2646 4584 2900 4645 illorum
2928 4588 3349 4648 tantummodo
3384 4593 3632 4669 opinio-

398 4705 504 4746 nes
545 4704 617 4746 ae
643 4683 954 4761 dogmata,
989 4700 1088 4743 res
1114 4683 1297 4743 etiam
1324 4681 1398 4742 ab
1431 4701 1643 4743 earum
1673 4684 2041 4745 auctoribus
2071 4703 2143 4743 ae
2188 4682 2593 4763 principibus
2640 4692 2845 4761 gestas
2889 4689 3360 4749 accuratissime
3383 4708 3627 4770 propo-

397 4790 547 4850 suit.
589 4786 710 4848 Sed
755 4787 981 4864 quibus
1024 4785 1218 4845 armis
1252 4786 1513 4862 insuper
1540 4794 1651 4845 aut
1682 4787 1938 4847 illarum
1962 4787 2301 4864 petitiones
2332 4785 2586 4862 depelli,
2619 4793 2731 4845 aut
2774 4774 3217 4848 vicissim‘illee
3244 4791 3399 4866 peti,
3432 4809 3628 4867 expu-

396 4889 699 4969 gnarique
721 4896 997 4964 possent,
1031 4886 1341 4947 uberrime
1389 4885 1870 4966 doctissimeque
1900 4889 2295 4948 monstravit.
2328 4887 2570 4962 Quibus
2607 4889 2791 4949 etiam
2821 4888 2894 4948 de
2926 4891 3132 4949 causis
3165 4897 3437 4971 Πανάριον,
3476 4894 3628 4969 sive,

398 4996 467 5047 ut
499 4987 867 5047 Anastasius
905 4985 1154 5045 Sinaita
1183 4986 1251 5045 in
1292 4984 1802 5057 Qumstionibus,
1850 5004 1921 5045 ac
1959 4985 2221 5048 Photius
2256 5005 2391 5045 cum
2428 4985 2665 5048 Graecis
2696 4987 2842 5047 aliis
2869 4987 3073 5059 habet,
3122 4996 3375 5068 Πανάρῑα,
3417 4990 3483 5050 id
3514 5003 3627 5060 est,

401 5084 706 5146 medicam
737 5100 965 5156 arcam,
998 5084 1125 5144 sive
1166 5082 1519 5161 capsulam,
1546 5100 1619 5143 ac
1652 5083 1919 5157 thecam,
1974 5105 2129 5164 opus
2168 5085 2328 5146 illud
2358 5087 2689 5164 inscripsit
2722 5109 2739 5146 :
2769 5096 2841 5146 ut
2871 5088 2940 5147 in
2973 5107 3039 5147 eo
3076 5089 3378 5148 sciremus
3407 5101 3631 5150 contra

399 5184 755 5261 mortiferos
801 5201 874 5243 ac
918 5190 1249 5241 venenatos
1280 5184 1665 5257 serpentium
1721 5200 1987 5255 morsus,
2021 5184 2291 5261 adeoque
2320 5183 2569 5244 morbos
2611 5204 2816 5245 omnes
2845 5187 3168 5257 heeresum,
3216 5187 3629 5250 saluberrima

396 5282 667 5343 remedia
696 5284 1032 5345 contineri.

472 5404 785 5479 Quocirca
808 5423 1082 5483 perseepe
1111 5421 1246 5465 sum
1276 5402 1554 5481 equidem
1581 5404 2004 5482 Augustinum
2031 5408 2537 5485 vehementerque
2566 5409 2831 5470 miratus
2865 5432 2886 5470 :
2915 5414 3028 5489 qui
3059 5413 3127 5472 in
3169 5414 3330 5473 libro
3363 5417 3451 5475 De
3496 5417 3624 5478 hee-

396 5502 648 5563 resibus
710 5504 784 5564 ad
821 5504 1369 5578 Quodvultdcum,
1420 5523 1559 5565 cum
1612 5504 1963 5585 Epiphanii
2016 5509 2319 5579 meminit,
2355 5508 2479 5567 haec
2531 5506 2605 5567 de
2646 5509 2756 5569 illo
2801 5512 2870 5571 in
2921 5512 3300 5593 Praefatione
3344 5519 3562 5592 posuit
3608 5537 3629 5576 :

399 5607 621 5664 Noster
659 5620 806 5666 vero
843 5604 1553 5684 Epiphanius,Cyprius
1584 5606 2200 5686 episcopus,abhinc
2231 5627 2358 5673 non
2395 5612 2580 5691 longe
2611 5611 2906 5673 humanis
2939 5614 3132 5675 rebus
3163 5630 3524 5697 exemptus,
3547 5620 3628 5682 de

400 5701 713 5777 octoginta
745 5702 1097 5765 hieresibus
1132 5703 1425 5781 loquens,
1459 5722 1572 5769 sex
1607 5705 1800 5770 libros
1839 5708 2029 5771 etiam
2061 5709 2466 5785 conscripsit,
2514 5708 2816 5770 historica
2850 5713 3211 5777 narratione
3242 5732 3629 5782 commemo-
