4058 6432
396 337 475 393 15
1561 338 1903 397 EPISTOLA
1942 339 2512 398 NUNCUPATORIA.
3588 360 3656 417 η

396 472 536 518 rans
558 454 801 529 omnia,
836 455 1011 517 nulla
1042 456 1479 535 diSputatione
1510 458 1817 520 adversus
1848 457 2188 521 falsitatem
2221 476 2334 538 pro
2367 462 2634 525 veritate
2666 465 3026 527 decertans.
3059 467 3296 531 Breves
3326 486 3480 534 sane
3497 483 3653 535 sunt

396 556 458 617 hi
491 555 689 618 libelli
719 579 737 617 :
771 555 913 618 etsi
944 555 1011 617 in
1048 573 1249 618 unum
1279 557 1567 620 libellum
1603 560 1999 638 redigantur,
2038 577 2157 621 nec
2186 561 2326 638 ipse
2358 563 2480 622 erit
2511 566 2776 638 nostris,
2818 564 2914 627 vel
2951 566 3227 629 aliorum
3260 570 3652 648 quibusdam

395 656 570 719 libris
603 657 1006 738 longitudine
1034 653 1521 738 comparandus.
1562 662 1766 740 Hujus
1812 662 2191 723 brevitatem
2237 662 2292 723 si
2333 661 2519 725 fuero
2550 664 2621 725 in
2665 666 3246 737 commemorandis
3290 669 3648 735 hmresibus

394 758 701 832 imitatus,
754 759 913 838 quid
951 775 986 820 a
1036 776 1137 821 me
1191 759 1454 823 brevius
1513 761 1864 841 postulare,
1917 763 2019 826 vel
2060 772 2430 843 exspectare
2476 767 2738 842 debeas,
2791 783 2919 830 non
2974 767 3266 832 habebis.
3324 772 3645 849 Haecine,
3688 794 3694 800 α

392 875 617 936 quaso.
649 855 723 917 de
752 858 1106 939 Epiphanii
1133 861 1402 923 Panario
1431 861 1857 942 Augustinum
1885 865 2161 926 scribere
2181 868 2210 926 ?
2241 866 2582 946 Afﬁrmare
2615 887 2772 949 opus
2815 888 2944 931 esse
2980 868 3315 948 perbreve;
3373 883 3454 947 et,
3486 875 3547 937 si
3577 876 3651 937 in

392 973 582 1015 unum
621 956 898 1018 libellum
925 956 1277 1037 redigatur,
1311 970 1438 1037 tam
1468 961 1772 1025 mediocri
1798 967 1958 1026 mole
1986 974 2044 1026 et
2071 966 2491 1045 amplitudine
2518 971 2857 1047 futurum?
2890 970 3133 1051 Negare
3172 972 3436 1052 denique
3465 973 3648 1038 aliud

392 1057 473 1119 iis
503 1058 572 1119 in
600 1058 806 1133 libris,
837 1072 1068 1138 praeter
1097 1064 1442 1141 simplicem
1470 1066 1789 1127 hazreseon
1822 1069 2175 1141 historiam,
2227 1070 2363 1130 sine
2393 1070 2529 1132 ulla
2550 1071 2861 1134 mendacii
2894 1076 3371 1153 oppugnatione
3403 1084 3645 1138 tracta-

388 1157 453 1218 ri
467 1159 498 1217 ?
525 1159 719 1240 Atqui
746 1168 806 1220 et
831 1161 1137 1223 uberrimi
1164 1175 1315 1225 sunt
1343 1164 1416 1225 de
1447 1167 1786 1230 hxrcsibus
1820 1171 2175 1249 Epiphanii
2211 1171 2364 1233 libri
2401 1194 2422 1232 :
2456 1183 2512 1233 et
2542 1172 2850 1234 adversus
2880 1175 3166 1252 singulas
3202 1178 3342 1256 fuse
3373 1195 3640 1239 accura-

390 1267 566 1336 teque
606 1259 889 1340 disputat
920 1286 939 1323 :
970 1282 1081 1324 nec
1113 1264 1278 1325 illud
1306 1268 1515 1345 ipsum
1537 1278 1881 1349 postremo,
1915 1271 2082 1351 quod
2112 1273 2411 1333 omissum
2434 1273 2509 1334 ab
2533 1275 2926 1354 Epiphanio,
2951 1292 3070 1334 ase
3100 1294 3247 1336 vero
3281 1279 3521 1356 factum
3552 1276 3645 1339 iri

388 1355 643 1418 dixerat
664 1405 678 1426 ,
712 1367 783 1419 ut
806 1358 1106 1421 adversus
1135 1364 1421 1439 singulas
1450 1366 1712 1427 haereses
1745 1367 2104 1442 dissereret,
2134 1379 2246 1431 aut
2275 1372 2344 1433 in
2368 1373 2481 1434 illo
2517 1375 2605 1436 De
2636 1372 2992 1436 hmresibus
3026 1374 3258 1449 libello,
3290 1386 3404 1438 aut
3429 1377 3640 1440 inalio

388 1460 780 1535 Augustinus
807 1461 943 1539 ipse
978 1464 1307 1540 prwstitit.
1337 1464 1519 1528 Nihil
1550 1469 1711 1530 enim
1737 1479 1975 1547 praeter
2004 1480 2318 1532 sectarum
2347 1475 2621 1535 omnium
2644 1494 2947 1535 summam
2982 1493 3392 1559 errorumque
3428 1480 3643 1561 capita

388 1558 750 1639 complexus
783 1572 895 1624 est.
930 1563 1115 1639 Quod
1129 1575 1523 1645 postremum
1550 1580 1626 1631 ut
1652 1570 2135 1634 admirationem
2157 1583 2366 1653 auget,
2408 1575 2501 1636 ita
2532 1578 2722 1655 prius
2752 1575 2919 1639 illud
2957 1595 3086 1638 non
3118 1578 3307 1639 levem
3333 1558 3643 1658 suspicio-

385 1676 523 1719 nem
565 1661 745 1739 facit,
792 1661 1143 1740 Epiphanii
1184 1665 1523 1727 Panarium
1574 1669 1805 1748 ipsum,
1860 1688 2138 1749 opusque
2171 1673 2502 1734 Adversus
2549 1674 2827 1737 hmreses
2865 1676 3183 1755 integrum
3216 1678 3642 1756 Augustinum

384 1756 681 1831 nondum,
723 1759 838 1822 illa
869 1779 1008 1822 cum
1052 1763 1314 1841 scriptis
1348 1764 1674 1844 proderet,
1711 1766 1945 1831 vidisse
1979 1790 1998 1830 :
2030 1769 2140 1830 sed
2181 1770 2362 1833 illius
2405 1771 2719 1834 duntaxat
2766 1774 3101 1852 epitomen,
3139 1782 3322 1855 atque
3366 1776 3644 1857 ejusdem

382 1861 677 1939 fortassis
704 1861 1283 1940 Anacephalwosin,
1311 1866 1440 1926 sive
1471 1867 1875 1930 Breviarium
1927 1890 2006 1930 ex
2035 1870 2434 1950 singulorum
2466 1881 2774 1933 tomorum
2812 1882 2871 1934 et
2898 1876 3213 1937 hxreseon
3248 1880 3639 1954 argumentis

386 1969 445 2021 et
480 1963 793 2041 capitibus
833 1964 1178 2027 collectum.
1224 1966 1593 2049 Quanquam
1635 1970 1800 2030 illud
1844 1971 2030 2032 etiam
2070 1980 2293 2047 movet,
2337 1972 2505 2053 quod
2548 1975 2619 2035 in
2648 1993 2763 2037 sex
2795 1976 2993 2037 libros
3026 1977 3257 2037 asserit
3284 1977 3640 2056 Epiphanii

384 2078 541 2139 opus
573 2079 700 2121 esse
722 2063 1056 2142 partitum.
1090 2063 1169 2127 At
1201 2064 1270 2131 id
1288 2085 1465 2128 secus
1497 2087 1560 2129 se
1589 2068 1792 2131 habet.
1822 2068 1980 2131 Nam
2014 2071 2084 2130 in
2114 2079 2242 2131 tres
2272 2069 2588 2133 duntaxat
2620 2074 2815 2135 libros
2846 2074 3179 2137 tribuitur.
3215 2074 3395 2137 Libri
3427 2093 3636 2137 omnes

382 2161 450 2221 in
502 2170 697 2222 tomos
726 2171 980 2242 septem.
1012 2163 1225 2239 Quare
1265 2165 1430 2227 illud
1465 2167 1812 2246 Augustini
1850 2169 2174 2245 singulare
2215 2180 2329 2242 est,
2373 2171 2539 2251 quod
2601 2192 2727 2233 Lvn
2758 2175 3002 2248 haeresi,
3058 2192 3243 2252 quam
3270 2175 3633 2237 Psalliano-

380 2277 522 2322 rum
543 2269 747 2335 vocat,
797 2264 1331 2328 Massalianorum
1376 2268 1805 2348 Epiphanius,
1855 2268 2186 2333 subtexuit
2232 2293 2252 2332 :
2301 2273 2581 2336 Proinde
2630 2275 2740 2336 ille
2782 2273 2862 2336 de
2913 2274 3235 2352 octoginta
3278 2273 3636 2338 hmresibus

381 2361 693 2438 separatis
730 2362 983 2441 viginti,
1015 2380 1174 2443 quas
1204 2376 1350 2428 ante
1387 2368 1643 2429 Domini
1673 2369 2020 2431 adventum
2066 2371 2419 2446 exstitisse,
2453 2372 2620 2434 sicut
2667 2373 2725 2435 ei
2778 2374 2990 2460 visum
3041 2383 3160 2448 est,
3210 2376 3629 2454 computavit,

383 2461 664 2541 reliquas
694 2472 839 2542 post
870 2464 1129 2526 Domini
1158 2482 1500 2533 ascensum
1532 2475 1709 2531 natas
1740 2469 2094 2549 sexaginta,
2132 2471 2539 2535 brevissimis
2571 2474 2754 2538 libris
2786 2473 3079 2553 quinque
3116 2473 3628 2551 comprehendit,

378 2564 567 2637 atque
595 2576 819 2622 omnes
854 2562 919 2623 in
954 2578 1067 2623 sex
1095 2562 1297 2626 libros
1329 2566 1527 2628 totius
1552 2567 1843 2646 ejusdem
1868 2568 1972 2631 sui
2002 2570 2217 2645 operis
2248 2569 2399 2633 fecit
2429 2572 2754 2636 concludi.
2794 2575 2948 2635 Tres
2969 2575 3040 2635 in
3070 2571 3267 2635 libros
3294 2575 3632 2637 Panarium

378 2678 551 2720 omne
588 2659 920 2723 dividitur.
962 2661 1218 2725 Primus
1254 2676 1451 2726 tomos
1498 2667 1779 2729 continet
1824 2675 1951 2729 tres
1985 2712 2002 2739 ,
2052 2687 2329 2749 quorum
2375 2671 2446 2732 in
2476 2672 2702 2751 priore
2743 2670 2981 2750 viginti
3020 2671 3153 2758 illo;
3190 2681 3341 2734 sunt
3376 2672 3632 2736 Christo

374 2762 762 2840 antiquiOres
791 2764 1073 2827 htereses.
1106 2762 1290 2825 Alter
1328 2783 1563 2836 earum,
1612 2785 1750 2847 quae
1776 2778 1927 2848 post
1959 2768 2284 2832 Christum
2326 2780 2565 2833 exortae
2597 2779 2770 2845 sunt,
2813 2771 3110 2834 tredecim
3141 2772 3410 2853 colligit.
3447 2775 3630 2837 Toti-

376 2862 511 2924 dem
537 2871 914 2944 postremus.
948 2866 1036 2929 Ac
1073 2869 1131 2930 si
1159 2868 1468 2931 librorum
1498 2872 1749 2933 nomine
1798 2882 1995 2934 tomos
2030 2874 2426 2955 Augustinus
2469 2876 2797 2956 intelligit,
2843 2875 3092 2954 dempto
3124 2877 3458 2957 superiore
3489 2877 3629 2954 illo,

373 2966 482 3044 qui
515 2966 747 3044 viginti
776 2985 856 3027 ex
884 2968 1222 3034 hceresibus
1253 2981 1525 3049 constat,
1558 2974 1794 3055 reliqui
1822 2993 1937 3036 sex
1983 2984 2191 3050 erunt,
2227 2994 2357 3037 non
2385 2984 2639 3056 septem.
2684 2975 2894 3053 Quare
2922 2977 3127 3056 fuerit
3169 2976 3349 3038 illius
3394 2979 3627 3056 operis,

373 3065 500 3126 sive
533 3065 828 3147 epitomes
859 3066 989 3127 alia
1023 3069 1190 3130 ratio
1221 3073 1617 3152 partitioque
1647 3090 1892 3133 necesse
1931 3080 2045 3143 est,
2083 3072 2250 3152 quod
2301 3091 2365 3132 se
2400 3072 2795 3152 Augustinus
2835 3072 3078 3152 legisse,
3125 3079 3185 3133 et
3224 3072 3469 3133 imitari
3515 3092 3631 3133 vo-

374 3165 563 3226 luisse
598 3162 1006 3227 demonstrat.
2362 3186 2365 3187 '

448 3272 573 3337 Sed
598 3293 637 3335 a
661 3276 907 3335 minuta
934 3275 1049 3336 illa
1082 3282 1139 3334 et
1165 3282 1435 3351 angusta
1464 3273 1907 3353 disquisitione
1941 3271 2024 3332 ad
2060 3272 2128 3334 id
2171 3272 2380 3344 redeo,
2415 3270 2583 3351 quod
2611 3270 2684 3333 de
2718 3270 2964 3333 Panarii
3000 3270 3531 3333 commendatione
3555 3290 3628 3333 ac

369 3378 588 3450 (ructu
612 3376 943 3456 disputare
975 3394 1299 3455 coeperam.
1332 3376 1492 3440 Nam
1518 3375 1602 3436 ad
1628 3376 1812 3459 illud,
1849 3376 1923 3437 de
1951 3393 2071 3455 quo
2093 3376 2421 3454 agebatur,
2456 3374 2780 3438 catholicae
2807 3375 3140 3454 religionis
3170 3376 3624 3455 patrocinium,

374 3484 432 3537 et
472 3477 920 3540 hodiernaru'm
965 3477 1344 3538 eversionem
1384 3478 1687 3538 haeresum
1728 3477 2246 3557 opportunitates
2290 3476 2679 3548 innumeras,
2735 3484 2794 3536 et
2840 3473 3204 3555 adjumenta
3232 3475 3622 3559 suppeditat.

378 3576 649 3640 Primum
680 3575 845 3657 quod
871 3575 946 3637 de
980 3579 1112 3658 ejus
1141 3577 1543 3651 auctoritate,
1570 3588 1844 3657 propter
1872 3586 1931 3638 et
1961 3577 2299 3655 scriptoris
2328 3584 2721 3651 vetustatem,
2757 3585 2815 3636 et
2851 3575 3163 3637 illustrem
3196 3575 3368 3636 inter
3394 3576 3624 3638 Patres

373 3675 705 3758 dignitatis
754 3678 975 3751 locum,
1013 3695 1090 3737 ne
1131 3677 1261 3756 ipsi
1304 3676 1550 3756 quidem
1581 3679 2030 3739 obtrectatores
2058 3677 2487 3755 antiquitatis,
2517 3694 2591 3736 ac
2627 3675 2935 3737 bonorum
2968 3675 3176 3736 hostes
3205 3676 3481 3738 omnium
3506 3675 3626 3739 du-

373 3778 593 3840 bitant.
628 3776 864 3840 Deinde
891 3777 1060 3859 quod
1087 3779 1421 3857 praecipua
1449 3795 1699 3857 quisque
1739 3778 1989 3840 decreta
2018 3778 2185 3856 ﬁdei,
2220 3795 2354 3856 quas
2399 3777 2831 3857 opinosissimi
2867 3776 3145 3837 homines
3184 3775 3282 3838 his
3325 3780 3627 3857 tempori-

371 3883 484 3943 bus
523 3883 803 3961 inﬁciari
836 3883 1091 3957 audent,
1129 3891 1252 3942 tam
1298 3882 1618 3962 expressis
1661 3883 1735 3943 ab
1768 3882 1881 3944 illo
1921 3881 2297 3943 testimoniis
2326 3879 2803 3962 approbantur;
2834 3895 2968 3957 qua
2993 3885 3200 3938 autem
3227 3879 3311 3940 iis
3341 3878 3442 3942 illi
3467 3898 3620 3943 con-

373 3985 576 4047 traria
602 3981 966 4065 defendunt,
998 4000 1145 4045 suos
1176 3980 1258 4041 ad
1296 3989 1610 4054 auctores,
1645 3982 1758 4042 hoc
1796 3988 1886 4041 est
1917 3980 2245 4040 haereticos
2274 3985 2569 4037 revocata
2595 3984 2856 4049 veteres,
2894 3982 3020 4034 tam
3059 3976 3342 4052 graviter
3369 3995 3442 4037 ac
3479 3993 3618 4039 cre-

370 4081 481 4142 bro
521 4082 925 4160 refutantur;
971 4087 1047 4140 ut
1085 4095 1263 4157 quem
1313 4077 1516 4139 adhuc
1547 4079 1854 4158 falsitatis
1896 4079 2082 4139 istius
2122 4095 2250 4136 non
2284 4074 2540 4154 pudeat,
2579 4092 2960 4135 communem
2993 4084 3137 4137 ante
3162 4094 3411 4136 sensum
3440 4094 3627 4154 quam

369 4180 728 4245 modestiam
756 4177 1311 4258 verecundiamque
1334 4176 1718 4257 perdiderit.

448 4306 593 4366 Haec
626 4305 699 4366 de
725 4302 1090 4383 Epiphanio
1124 4309 1344 4365 nostra
1375 4300 1527 4362 adeo
1559 4300 1884 4378 magniﬁce
1924 4296 2371 4379 splendideque
2393 4298 2641 4376 jactata
2669 4313 2851 4375 quam
2885 4315 3033 4356 vera
3063 4297 3216 4369 sint,
3248 4298 3515 4375 planum
3553 4301 3622 4362 in

367 4404 637 4482 singulis
670 4403 1172 4464 Lutheranarum
1201 4408 1261 4459 et
1297 4399 1789 4461 Calvinistarum
1820 4394 2146 4458 erroribus
2174 4397 2466 4474 facerem,
2507 4395 2563 4455 si
2599 4391 2666 4453 id
2695 4400 2807 4453 aut
2839 4393 3120 4472 epistola:
3149 4394 3425 4458 brevitas
3451 4398 3624 4459 sine-

368 4514 487 4577 ret,
514 4513 625 4564 aut
657 4502 873 4572 alium,
915 4518 1097 4579 quam
1138 4511 1218 4573 te,
1266 4499 1613 4562 cardinalis
1654 4498 1923 4573 illustr.,
1965 4500 2171 4560 oratio
2203 4498 2328 4559 haec
2370 4513 2410 4554 a
2453 4492 2635 4556 nobis
2668 4494 2970 4555 instituta
2997 4495 3364 4572 respiceret.
3401 4495 3525 4558 Sed
3556 4497 3625 4560 id

368 4616 477 4667 aut
500 4605 626 4665 alio
648 4606 915 4684 fortasse
947 4601 1082 4662 loco
1103 4601 1584 4682 prcestabimus,
1621 4609 1733 4662 aut
1758 4600 1840 4662 ad
1870 4612 2073 4664 certos
2107 4598 2430 4687 hodiernis
2455 4615 2483 4658 e
2515 4593 2940 4675 scriptoribus
2970 4597 3380 4672 remittemus,
3412 4600 3522 4677 qui
3551 4600 3621 4661 in

368 4729 498 4771 eam
521 4715 766 4788 partem
797 4705 1077 4767 studiose
1102 4724 1174 4768 ac
1206 4724 1354 4767 sane
1371 4706 1622 4768 utiliter
1655 4704 2100 4767 incubuerunt.
2139 4702 2281 4763 Tibi
2313 4718 2460 4762 vero
2491 4707 2643 4760 nota
2667 4698 2865 4775 magis
2895 4696 3012 4757 illa
3048 4715 3230 4776 quam
3258 4699 3414 4760 mihi
3440 4709 3614 4772 sunt,

368 4808 476 4888 qui
525 4811 793 4886 quantus
834 4804 938 4864 vir
977 4802 1384 4882 Epiphanius
1425 4803 1648 4884 fuerit,
1694 4808 2114 4879 quantumque
2162 4796 2409 4858 Panarii
2452 4796 2641 4857 istius
2686 4797 3214 4870 momentum-sit,
3252 4816 3383 4858 non
3409 4798 3620 4859 aliena

369 4903 914 4975 commendatione,
950 4899 1058 4961 sed
1093 4899 1303 4961 studio
1342 4901 1476 4979 ipse
1524 4906 1632 4959 tuo
1673 4896 2190 4976 experientiaque
2238 4892 2545 4954 didicisti.
2598 4890 2685 4952 Ac
2730 4889 3040 4971 quidquid
3082 4895 3383 4957 hactenus
3413 4896 3511 4957 vel
3542 4895 3617 4955 de

365 5012 647 5073 auctoris
677 5011 864 5090 hujus
900 5009 1296 5089 praestantia,
1330 5005 1428 5066 vel
1466 5003 1540 5065 de
1580 5005 1897 5067 hcereseon
1928 4996 2507 5079 labefactandarum
2548 4997 2798 5056 ratione
2826 4993 3022 5073 paulo
3054 4994 3378 5055 verbosius
3420 4996 3618 5074 expli-

365 5113 524 5184 cavi,
556 5129 686 5173 non
709 5109 777 5173 id
802 5120 912 5172 tua
940 5126 1152 5179 causa,
1187 5121 1380 5187 neque
1414 5111 1486 5163 ut
1522 5101 1689 5183 quod
1730 5100 1840 5161 abs
1871 5108 1927 5160 te
1957 5097 2196 5161 discere
2226 5095 2440 5170 debeo,
2467 5097 2582 5178 hoc
2616 5104 2673 5155 te
2704 5096 2836 5175 ipse
2874 5094 3181 5167 docerem,
3215 5101 3614 5171 pertractare

362 5218 537 5279 volui
567 5237 588 5277 :
630 5214 739 5277 sed
780 5222 854 5276 ut
904 5212 1241 5274 consilium
1284 5206 1356 5270 de
1401 5209 1517 5270 hac
1549 5205 1826 5269 editione
1853 5222 2054 5264 meum
2083 5201 2443 5281 expositum
2477 5198 2616 5270 tibi,
2653 5218 2691 5257 a
2723 5208 2899 5277 teque
2926 5192 3292 5273 probatum,
3330 5205 3616 5256 manaret

361 5317 447 5380 ad
484 5326 761 5387 caeteros,
803 5323 1028 5394 tuoque
1069 5330 1132 5374 se
1154 5308 1405 5392 judicio
1438 5318 1497 5370 et
1527 5308 1909 5369 auctoritate
1942 5302 2323 5385 defenderet.
2359 5300 2558 5376 Quam
2599 5317 2707 5378 ego
2742 5293 3233 5409 praerogativam
3264 5293 3615 5409 voluntatis

359 5417 890 5496 humanitatisque
922 5422 1041 5475 tua:
1069 5411 1378 5491 dignitate
1407 5410 1552 5488 ipsa
1582 5408 1865 5469 muneris
1912 5424 1984 5468 ac
2027 5403 2608 5510 pretio-impetrare
2658 5398 2877 5510 malui,
2926 5411 3131 5473 quam,
3186 5410 3319 5474 quae
3360 5398 3617 5510 tritaet

356 5525 707 5598 pervagata
726 5514 1185 5595 Prwfationum
1204 5527 1376 5590 seges
1407 5516 1521 5580 est,
1548 5506 1856 5570 ornandis
1872 5506 2013 5610 Atuis
2052 5501 2348 5610 laudibus
2478 5499 2790 5610 virtutum
2813 5504 3067 5610 tuarum
3082 5498 3422 5610 praeonio.
3441 5498 3620 5558 colli-

359 5594 524 5696 gere.
559 5594 719 5679 Nam
750 5612 925 5694 apud
947 5620 1006 5674 te
1039 5612 1113 5673 de
1145 5619 1202 5671 te
1227 5617 1299 5672 ut
1329 5606 1520 5669 verba
1544 5606 1798 5686 faciam,
1831 5600 2204 5685 singularis,
2234 5601 2480 5713 quae
2507 5607 2566 5713 te
2596 5605 2708 5672 est,
2741 5598 3027 5713 gravitas
3054 5614 3128 5658 ac
3156 5594 3616 5713 modestiapon

361 5716 631 5796 patitur.
674 5699 885 5795 Neque
922 5720 978 5777 te
1014 5708 1472 5774 ambitiuncula
1512 5709 1658 5782 ista,
1692 5715 1774 5782 et,
1819 5704 1987 5786 quod
2016 5700 2698 5784 essejucundissimum
2729 5700 3004 5761 omnium
3027 5717 3323 5762 acroama
3349 5697 3612 5765 dicitur.
