4058 6460
447 348 520 405 ,5
1441 402 1467 417 η
1751 336 2044 391 moxvsn
2081 337 2359 429 PETAVlI
3632 295 3700 407 te

445 468 951 521 ornamentorum
997 469 1245 516 tuorum
1315 468 1495 533 atque
1543 458 1885 534 insignium
1922 457 2294 535 praedicatio
2356 459 2643 520 delectat.
2688 463 2906 540 Itaque
2952 482 3077 523 non
3116 468 3242 528 alio
3282 478 3595 548 sequestre
3631 488 3703 531 ac

448 559 855 621 conciliatore
883 555 1106 633 gratiie
1137 562 1255 613 ture
1290 572 1464 624 usus,
1498 572 1679 632 quam
1714 552 2081 633 Epiphanio
2112 558 2273 635 ipso,
2316 555 2399 616 ad
2427 557 2684 618 tutelam
2717 561 2989 621 nominis
3020 564 3118 623 tui
3144 567 3698 646 patrociniumque

448 657 729 739 confugi.
765 653 947 730 Quod
973 662 1046 713 ut
1084 653 1234 714 mihi
1263 652 1629 731 defuturum
1653 672 1782 715 non
1805 673 1931 716 esse
1966 654 2307 733 confidam;
2336 656 2495 734 facit
2524 673 2700 717 amor
2727 656 2801 717 in
2815 660 3047 737 primis
3079 678 3228 741 erga
3257 662 3505 725 litteras
3529 672 3700 736 tum,

433 774 580 825 tum
608 766 868 844 pietatis
894 760 1347 839 religionisque
1380 756 1668 834 cognitus
1702 754 1988 816 omnibus
2019 773 2090 814 ac
2112 762 2486 834 perspectus
2516 753 2744 825 ardor,
2779 756 3005 837 quibus
3030 778 3108 819 ea:
3137 760 3432 822 ambobus
3461 764 3692 824 studiis

450 872 682 926 nostra:
710 864 835 926 illa!
862 864 930 924 in
956 857 1387 939 Epiphanium
1415 855 1656 915 collatae
1689 871 1893 932 operte
1923 850 2274 932 vigiliaque
2301 853 2825 932 proﬁciscuntur.
2869 856 3140 918 Faciunt
3189 859 3563 921 excellentes
3613 864 3703 923 in-

449 964 621 1041 genii
648 972 814 1023 artes
843 963 1228 1036 virtutesque
1264 963 1499 1016 cteterte
1536 975 1555 1014 :
1601 953 1829 1032 quibus
1870 953 2167 1014 Ecclesice
2206 953 2642 1031 principatum
2682 953 3059 1036 jamdudum
3097 958 3364 1036 publica
3431 965 3704 1024 omnium

452 1073 595 1125 vota
622 1081 693 1123 ac
722 1060 1033 1140 su/fragia
1060 1054 1468 1135 despondent.
1503 1055 1687 1115 Facit
1708 1063 2033 1133 postremo
2061 1053 2367 1132 prolixus
2414 1060 2560 1114 tuus
2592 1055 2660 1114 in
2686 1052 3060 1116 societatem
3087 1066 3395 1134 nostram,
3428 1079 3501 1120 ac
3532 1062 3700 1122 mul—

453 1164 533 1225 tis
563 1159 821 1223 indiciis
845 1166 1216 1239 perspectus
1244 1163 1429 1235 atque
1460 1153 1833 1233 exploratus
1866 1153 2150 1220 animus;
2186 1162 2319 1213 tum
2346 1152 2690 1213 nonnullus
2718 1171 2960 1235 quoque
2991 1157 3290 1219 tenuitati
3318 1169 3554 1221 nostra:
3575 1179 3702 1241 pa-

453 1270 719 1350 tefactus
742 1264 991 1347 jamdiu
1021 1263 1104 1325 ad
1132 1263 1577 1343 benignitatem
1612 1270 1783 1321 tuam
1812 1261 2024 1321 aditus
2081 1279 2154 1321 ac
2184 1268 2499 1340 receptus.
2532 1260 2815 1336 Quorum
2844 1262 3120 1321 omnium
3148 1279 3446 1322 summam
3476 1263 3707 1326 brevis-

451 1370 606 1428 sima
633 1369 746 1429 hac
779 1364 1243 1443 certissimaque
1273 1380 1418 1423 voce
1450 1360 1829 1438 complectar
1870 1379 1889 1417 :
1926 1358 2134 1437 Neque
2176 1367 2233 1418 te
2273 1358 2528 1437 dignius
2565 1376 2747 1438 quam
2798 1358 2963 1437 quod
2992 1378 3031 1419 a
3060 1377 3152 1419 me
3181 1360 3360 1421 modo
3392 1360 3703 1440 defertur,

450 1464 671 1543 o/I’erri
723 1464 838 1525 tibi
880 1480 1105 1524 munus
1147 1478 1350 1541 posse.
1399 1476 1591 1536 neque
1643 1455 2018 1534 digniorem,
2077 1457 2181 1516 cui
2224 1455 2386 1517 illud
2428 1456 2743 1538 oﬂ'errem,
2790 1470 2847 1518 te
2895 1476 3019 1518 uno
3068 1459 3347 1538 reperiri
3393 1460 3703 1538 potuisse.

457 1567 621 1631 Vale.

545 1588 563 1628 ι
607 1616 621 1631 .

502 1588 793 1736 αιῖιιειίω
824 1672 1238 1743 Parisiorum,
1273 1688 1438 1732 anno
1469 1671 1717 1731 ineunte
1745 1665 2133 1739 MDCXXII,
2176 1682 2333 1728 xvm
2374 1663 2521 1727 Kal.
2556 1664 2745 1729 Febr.

1328 1968 1408 2023 lll.
1435 1968 1499 2023 A.
1533 1966 1596 2023 Τ.
1630 1965 2007 2025 deditissimus

2419 2039 2712 2111 Dionysius
2736 2036 3010 2095 Panvws

2353 2108 2642 2165 Societa‘tis
2672 2108 2800 2164 Jesu
2824 2111 3132 2182 presbyter.

477 2329 3677 2355 MM

1147 2505 1252 2565 AD
1298 2504 1827 2567 CATHOLICUM
1893 2505 1996 2565 ET
2049 2505 2476 2567 CANDIDUM
2537 2507 2999 2570 LECTOREM.

520 2843 655 2900 Cum
679 2845 915 2902 assiduis
944 2843 1389 2900 eruditorum'ac
1414 2841 1627 2913 piorum
1673 2842 1952 2897 hominum
1987 2843 2223 2912 querelis
2251 2842 2485 2914 ﬂagitari
2507 2842 2834 2914 jamdudum
2878 2844 3240 2916 Epiphaniam
3275 2860 3523 2906 nostrum
3563 2830 3761 2910 intel:

451 2940 647 3011 ligam;
686 2955 717 2994 a
747 2937 1077 3010 quibusdam
1122 2937 1288 2992 etiam
1320 2937 1631 2993 tarditatem
1662 2937 1911 2992 accusari
1948 2952 2124 2992 meam
2146 2978 2159 3005 ,
2191 2938 2335 3008 quod
2371 2937 2530 3007 cujus
2572 2938 2825 2994 editionis
2856 2954 3007 3009 spem
3042 2949 3169 2997 ante
3203 2944 3516 3013 complures
3543 2962 3718 3003 annos

447 3029 802 3098 ostenderim,
838 3044 900 3084 ea
934 3029 1177 3083 nondum
1208 3028 1261 3082 in
1293 3029 1470 3083 lucem
1508 3037 1617 3083 tam
1646 3029 1810 3098 longo
1839 3027 2127 3084 intervallo
2155 3028 2454 3098 prodierit,
2494 3027 2758 3083 nonnulla
2796 3038 2983 3084 nostra
3017 3033 3373 3090 excusatione
3389 3036 3719 3093 muniendas

448 3127 517 3182 ad
551 3125 861 3195 aequitatem
899 3132 1047 3179 tuam
1088 3123 1269 3179 aditus
1309 3122 1545 3178 videtur.
1583 3124 1697 3178 Erit
1733 3123 1825 3178 illa
1864 3138 1991 3178 vero
2030 3123 2341 3193 perfacilis,
2386 3123 2431 3177 si
2468 3122 2573 3177 hoc
2603 3137 2727 3177 cum
2773 3122 2958 3177 animo
2997 3132 3088 3179 tuo
3131 3127 3403 3183 aestimare
3440 3129 3712 3200 volueris,

448 3227 713 3291 quantum
743 3216 809 3272 ad
834 3217 910 3283 id,
944 3217 1091 3286 quod
1130 3217 1285 3273 initio
1320 3218 1697 3287 praevideram,
1729 3226 1786 3273 et
1817 3219 1885 3273 ad
1929 3218 2075 3288 quod
2121 3226 2348 3288 paratus
2380 3231 2638 3281 veneram
2661 3257 2676 3279 ,
2712 3217 2866 3287 pensi
2899 3233 2963 3272 ac
2988 3220 3195 3277 laboris
3229 3224 3543 3278 accesserit.
3582 3222 3715 3278 Nam

445 3331 571 3372 cum
604 3314 842 3384 primum
873 3296 1032 3369 lillud
1079 3328 1219 3383 opus
1261 3315 1565 3369 amicorum
1608 3322 1826 3384 rogatu,
1866 3322 1920 3368 et
1963 3328 2153 3369 eorum
2181 3314 2274 3383 qui
2309 3313 2637 3368 auctoritate
2668 3320 2920 3381 poterant
2948 3313 3091 3385 apud
3118 3330 3204 3369 me
3236 3315 3555 3384 plurimum,
3585 3317 3713 3370 hor-

447 3417 561 3466 tatu
593 3409 802 3479 recepi;
840 3424 1010 3464 unum
1042 3408 1174 3462 illud
1213 3408 1564 3479 designabam
1590 3410 1795 3465 animo.
1823 3416 1883 3462 ut
1912 3417 1967 3462 et
1990 3407 2196 3463 Graecis
2212 3407 2504 3476 diligenter
2531 3408 2857 3474 emendatis,
2882 3418 2935 3463 et
2955 3409 3142 3465 Latina
3175 3410 3425 3465 Cornarii
3449 3411 3712 3483 interpre-

449 3497 653 3566 tatione
682 3499 967 3566 castigata,
994 3497 1311 3552 aduotarem
1339 3512 1403 3552 ea
1432 3498 1691 3561 breviter,
1723 3498 1923 3566 quibus
1960 3497 2027 3551 ad
2062 3498 2305 3551 auctoris
2332 3507 2571 3550 mentem
2616 3500 3020 3566 assequendam
3065 3501 3307 3569 adjuvari
3348 3502 3469 3556 non'
3484 3501 3716 3572 imperiti

450 3585 691 3644 hominis
718 3587 985 3643 industria
1009 3597 1216 3657 posset.
1252 3585 1321 3641 Ut
1365 3596 1547 3642 autem
1580 3585 1772 3640 Latine
1805 3587 2193 3656 interpretarer
2225 3586 2376 3655 ipse,
2408 3600 2587 3656 neque
2626 3587 3020 3642 constitueram
3066 3588 3319 3658 equidem
3340 3629 3355 3654 ,
3389 3605 3568 3659 neque
3602 3590 3720 3644 fore

450 3678 822 3733 necessarium
845 3678 1175 3733 arbitrabar.
1210 3679 1325 3732 Hac
1356 3692 1458 3748 ego
1493 3693 1588 3746 spe
1614 3718 1629 3743 ,
1660 3677 2088 3746 conditioneque
2127 3692 2252 3731 cum
2285 3677 2428 3732 ultro
2463 3677 2614 3732 oneri
2648 3677 2725 3732 illi
2760 3681 3151 3735 successissent
3176 3720 3192 3747 ,
3219 3695 3457 3751 cumque
3490 3680 3633 3737 istud
3668 3693 3714 3736 ct

449 3775 753 3829 amicorum
782 3774 1166 3844 praedicatione
1188 3814 1202 3839 ,
1239 3783 1293 3826 et
1329 3788 1449 3827 mea
1479 3788 1701 3844 quoque
1738 3772 2155 3829 denuntiatione
2199 3782 2479 3828 manasset
2529 3773 2771 3845 longius,
2801 3791 2965 3846 quam
2999 3789 3060 3831 ut
3093 3777 3463 3833 vadimonium
3496 3777 3723 3833 honeste

449 3876 667 3934 possem
703 3863 978 3929 deserere,
1030 3879 1157 3933 mox
1197 3863 1287 3917 uhi
1342 3865 1564 3917 tractari
1605 3873 1782 3933 empta
1817 3879 1905 3917 res
1951 3872 2067 3928 est,
2108 3864 2230 3933 plus
2257 3865 2309 3918 in
2347 3879 2411 3920 ea
2446 3864 2649 3935 negotii
2679 3882 2842 3935 quam
2873 3868 3005 3921 mihi
3035 3868 3358 3937 pollicebar,
3398 3884 3522 3924 esse
3552 3871 3715 3925 situm

451 3954 831 4010 animadverti.
861 3954 1155 4025 Postquam
1182 3954 1328 4009 enim
1357 3952 1611 4009 Cornarii
1643 3952 1840 4007 Latina
1866 3953 2160 4008 emendare
2182 3970 2302 4010 sum
2333 3955 2647 4025 ingressus;
2677 3955 3094 4027 periculumque
3127 3958 3479 4014 recensendis
3510 3958 3715 4028 aliquot

449 4046 664 4118 paginis
700 4046 824 4113 feci,
865 4047 1064 4117 ecquid
1108 4046 1370 4101 mediocri
1434 4047 1617 4116 aliqua
1651 4045 1976 4100 tractatione
2015 4046 2282 4101 nitescere
2330 4063 2392 4102 ac
2432 4047 2691 4116 perpoliri
2724 4055 2941 4117 posset,
2966 4048 3128 4118 plena
3156 4063 3264 4103 non
3307 4051 3486 4105 solum
3516 4052 3717 4107 fastidii

449 4141 566 4197 visa
602 4156 693 4196 res
724 4148 827 4208 est,
859 4141 952 4195 sed
984 4141 1147 4196 etiam
1174 4141 1458 4207 molestiae,
1486 4151 1537 4195 et
1579 4140 1858 4196 illiberalis
1888 4139 2174 4210 cujusdam
2204 4156 2379 4210 operae
2413 4157 2476 4196 ac
2507 4141 2734 4197 laboris.
2769 4140 2847 4197 Ita
2885 4143 3057 4198 multa
3098 4145 3544 4213 tum-demenda,
3568 4162 3715 4201 com-

450 4234 733 4301 mutanda,
767 4235 1143 4305 interpolanda
1176 4233 1425 4300 fuerunt;
1464 4242 1521 4288 ut
1551 4249 1651 4304 ego
1686 4233 2026 4288 tolerabilius
2060 4249 2183 4288 esse
2216 4242 2536 4297 statuerem,
2568 4234 2731 4289 aliam
2765 4235 2832 4291 de
2862 4236 3095 4307 integro,
3145 4251 3209 4292 ac
3250 4252 3447 4292 novam
3487 4244 3718 4301 struere,

450 4344 615 4399 quam
648 4332 859 4399 alienae,
892 4330 1195 4402 praesertim
1240 4329 1506 4394 barbarae,
1547 4329 1880 4398 insulamque
1925 4331 2213 4384 tectorium
2267 4329 2551 4385 inducere.
2591 4328 2749 4387 Cessi
2788 4332 2956 4402 igitur
3006 4333 3243 4398 imitus,
3270 4339 3435 4401 atque
3465 4332 3719 4389 haesitans

449 4425 596 4489 licet,
624 4437 679 4481 ct
711 4429 763 4480 in
795 4429 898 4482 hoc
931 4444 1017 4481 me
1048 4427 1338 4497 pistrinum
1373 4424 1610 4488 detrudi,
1643 4425 2027 4496 compingique
2054 4440 2178 4480 sum
2205 4440 2438 4496 passus:
2473 4433 2534 4479 ut
2572 4440 2697 4480 eum
2739 4427 3061 4497 scriptorem
3083 4467 3099 4492 ,
3128 4441 3289 4496 quem
3317 4427 3719 4497 castigandum,

450 4528 511 4573 ut
540 4519 674 4582 dixi,
710 4529 872 4589 atque
904 4519 1211 4573 ornandum
1241 4517 1626 4572 tantummodo
1653 4530 2024 4585 susceperam,
2055 4515 2250 4571 Latino
2287 4516 2511 4585 insuper
2543 4530 2801 4572 sermone
2832 4526 3232 4573 converterem.

532 4611 629 4667 Est
664 4612 797 4667 illud
826 4611 1071 4682 profecto
1102 4624 1273 4681 genus
1298 4607 1829 4677 interpretandorum
1860 4608 2126 4663 librorum
2161 4609 2291 4663 utile
2328 4608 2487 4664 bouis
2513 4608 2837 4676 artibus;et
2865 4609 3011 4679 quod
3045 4610 3219 4678 major
3247 4626 3375 4680 pars
3409 4610 3594 4667 Graece
3624 4618 3721 4666 aut

447 4710 675 4765 omnino
709 4708 904 4775 nescit,
930 4718 1025 4762 aut
1053 4722 1158 4760 non
1194 4707 1267 4759 ita
1305 4704 1432 4771 scit,
1460 4690 1520 4757 ut
1547 4703 1614 4758 iis
1657 4703 1988 4772 adjumentis
2014 4719 2200 4760 carere
2227 4704 2419 4774 possit,
2453 4703 2557 4758 hac
2600 4712 2762 4758 aetate
2804 4705 3196 4759 necessarium.
3235 4705 3340 4759 Sed
3370 4704 3511 4760 idem
3537 4713 3718 4759 tamen

448 4821 557 4859 non
595 4803 773 4859 solum
814 4802 1046 4857 insuave
1076 4815 1172 4871 per
1211 4815 1367 4862 sese;
1397 4812 1582 4852 verum
1611 4797 1802 4861 etiam,
1835 4807 2058 4867 propter
2082 4813 2353 4854 summam
2386 4798 2493 4852 hoc
2525 4807 2774 4868 tempore
2824 4798 3164 4854 obtrectandi
3206 4799 3605 4870 impunitatem,
3649 4814 3715 4853 ac

448 4898 742 4962 licentiam,
773 4896 1072 4952 sollicitum
1103 4908 1168 4947 ac
1202 4891 1496 4945 lubricum.
1537 4889 1811 4955 Quoniam
1844 4890 2066 4960 quidem
2101 4900 2246 4944 recte
2277 4888 2421 4944 facto
2442 4929 2457 4955 ,
2499 4889 2793 4944 mediocris
2837 4889 3195 4960 approbatio;
3226 4900 3427 4954 errato,
3454 4890 3575 4946 sine
3602 4890 3710 4945 ulla

447 4993 621 5056 venia,
657 4991 972 5051 vehemens,
1008 4996 1061 5041 et
1095 4995 1255 5039 atrox
1279 4982 1637 5052 reprehensio
1666 4983 2010 5052 prapouitur.
2048 4982 2103 5037 Id
2132 4983 2271 5038 adeo
2303 4991 2580 5039 certorum
2621 4982 2906 5037 hominum
2936 4983 3348 5053 importunitate
3368 4994 3423 5040 et
3455 4984 3712 5040 inhuma-

446 5083 616 5138 nitate
641 5081 699 5136 lit
729 5099 742 5134 :
768 5080 857 5150 qui
887 5094 1011 5133 cum
1043 5079 1144 5146 ipsi
1178 5077 1298 5131 sine
1330 5089 1517 5130 errore
1547 5075 1687 5129 nihil
1716 5074 1996 5143 scribant,
2040 5091 2217 5146 neque
2255 5091 2314 5131 se
2335 5091 2365 5131 a
2393 5091 2672 5146 quoquam
2704 5076 2955 5147 redargui
2990 5079 3292 5147 patiuntur,
3319 5086 3375 5133 et
3409 5081 3511 5132 hoc
3541 5079 3714 5148 ipsum

447 5180 626 5226 tamen
664 5169 950 5241 tyrannico
991 5167 1096 5220 sibi
1130 5165 1255 5236 jure
1307 5167 1359 5219 in
1412 5174 1637 5220 caeteros
1678 5175 1967 5235 usurpant.
2004 5165 2098 5220 Est
2130 5174 2310 5219 autem
2353 5165 2408 5218 in
2440 5162 2647 5220 Graecis
2669 5163 2923 5221 Latinam
2962 5167 3015 5220 in
3051 5167 3293 5238 linguam
3324 5166 3717 5224 transferendis

447 5262 661 5329 lapsum
700 5274 764 5314 ac
781 5257 1262 5330 reprehensionem
1295 5257 1502 5310 evitare
1531 5255 1769 5317 diliicilc,
1802 5263 2089 5324 propterea
2132 5254 2279 5323 quod
2312 5270 2475 5310 nemo
2501 5266 2585 5312 est
2615 5257 2688 5312 ita
2730 5258 3057 5313 necessariis
3106 5259 3172 5310 ad
3203 5257 3257 5311 id
3289 5273 3490 5313 munus
3523 5261 3714 5329 praesi-

449 5350 554 5404 diis
587 5349 926 5413 instructus;
958 5347 1050 5416 qui
1105 5357 1200 5400 aut
1253 5344 1473 5399 Gmecos
1518 5358 1712 5399 omnes
1744 5353 1999 5398 auctores
2036 5344 2247 5413 legerit.
2279 5354 2374 5398 aut
2413 5346 2739 5401 immensam
2769 5347 2876 5415 vim
2912 5348 3114 5402 artium
3150 5349 3395 5403 omnium
3419 5390 3433 5412 ,
3460 5360 3512 5404 et
3542 5365 3715 5405 matc-

452 5440 619 5503 riam;
650 5452 880 5508 quarum
914 5453 979 5491 ex
1010 5437 1237 5491 scicntia
1268 5436 1628 5499 ollim-escere,
1660 5451 1724 5489 ac
1753 5434 2060 5490 redundare
2088 5435 2247 5489 debet
2274 5434 2684 5505 interpretatio,
2727 5453 2830 5492 usu
2876 5446 2932 5491 et
2966 5438 3229 5493 memoria
3267 5441 3712 5510 comprehendat.

447 5527 583 5592 Quis
605 5535 682 5583 est
714 5528 860 5581 enim
889 5528 983 5597 qui
1026 5528 1237 5583 divinas
1274 5529 1653 5596 humanasque
1694 5527 2049 5597 disciplinas,
2090 5528 2185 5597 qui
2229 5527 2515 5597 theologiae
2539 5569 2553 5593 ,
2589 5531 2953 5601 philosophia:
2991 5545 3057 5586 ac
3094 5514 3493 5587 mathematum
3534 5545 3716 5603 partes

447 5632 674 5681 omnes;
709 5619 800 5687 qui
826 5619 965 5687 juris
992 5635 1056 5674 ac
1089 5621 1397 5696 medicinae,
1429 5624 1522 5691 qui
1548 5621 1792 5677 minutas
1820 5621 2059 5691 denique
2079 5631 2227 5678 artes
2248 5623 2332 5677 vel
2362 5638 2507 5678 unus
2536 5624 2829 5680 exhaurire
2849 5626 3107 5694 potuerit,
3140 5627 3228 5682 vel
3259 5626 3526 5682 inﬁnitam
3553 5644 3715 5685 voca-

450 5704 722 5772 bulorum,
751 5724 873 5777 quae
892 5709 1091 5778 cuique
1115 5712 1330 5780 prepria
1364 5724 1524 5779 sunt,
1552 5714 1745 5768 silvam
1774 5713 2212 5784 varietatemque
2246 5716 2522 5771 scrutari?
2552 5716 2716 5786 Atqui
2739 5730 2864 5770 eum
2895 5716 2986 5771 illa
3016 5717 3220 5786 passim
3245 5715 3560 5773 Graecorum
3590 5736 3713 5775 mo—
