4058 6440
439 388 498 445 n
1202 358 1205 361 ’
1872 380 2267 454 nummo.
3636 388 3703 448 ta

439 510 697 569 nimentis
732 528 957 584 aspersa
998 522 1165 571 sunt:
1200 520 1313 571 tum
1337 514 1653 572 eorumdem
1686 517 1900 572 inscitia
1935 512 2330 590 nonnunquam
2366 515 2693 573 hallucinari
2723 515 3075 588 interpretem
3116 531 3213 587 par
3252 523 3365 579 est,
3392 522 3445 569 et
3471 513 3539 569 ab
3559 514 3706 568 illius

433 606 568 661 artis
594 608 808 678 peritis,
846 619 1032 666 contra
1057 626 1222 681 quam
1250 613 1608 669 commissum
1655 613 1859 683 aliquid
1891 612 2077 678 fuerit,
2110 613 2242 669 vitia
2274 612 2393 684 ipsa
2433 612 2785 683 deprehendi.
2815 610 2920 665 Sed
2961 618 3148 664 mutua
3182 608 3285 662 ista
3313 604 3600 675 castigatio
3621 619 3706 657 cr-

432 700 597 766 roris,
620 709 675 755 et
700 702 1106 761 animadversio
1136 706 1433 760 maximam
1466 705 1617 761 affert
1654 707 2039 762 communibus
2071 707 2265 761 litteris
2293 705 2581 759 utilitatem
2612 723 2623 757 :
2657 719 2721 757 ac
2751 717 2816 755 ne
2842 701 2889 755 ei
2922 700 3142 770 quidem
3170 738 3185 760 ,
3216 698 3308 766 qui
3339 695 3618 753 erraverit,
3660 689 3705 746 si

432 806 496 848 se
530 794 807 849 hominem
855 804 1041 850 natum
1081 811 1205 853 esse
1234 799 1573 865 recordetur,
1609 799 1800 855 odiosa
1834 799 2006 854 videri
2035 800 2116 853 vel
2147 800 2333 869 iniqua
2358 798 2537 853 debet.
2582 795 2758 849 Movet
2792 807 2919 848 vero
2949 792 3270 861 plerosque,
3303 797 3467 856 atque
3501 785 3570 838 ab
3606 785 3704 836 hac

430 884 647 952 publice
670 888 1053 942 commodandi
1079 889 1290 944 ratione
1337 890 1597 954 deterret,
1649 905 1761 945 non
1791 891 2143 960 reprehensio
2176 890 2387 945 erroris
2415 889 2531 958 ipsa
2557 929 2570 951 ,
2601 887 2695 941 sed
2724 882 3023 939 insultandi
3062 883 3115 935 in
3147 880 3321 934 aliena
3350 879 3508 945 culpa
3537 875 3705 928 libido

374 979 381 983 ’
431 977 678 1045 quaedam
713 979 966 1047 petulans
1000 994 1064 1034 ac
1089 996 1313 1049 procax,
1344 997 1465 1051 quae
1490 990 1769 1052 utcunque
1799 982 1884 1036 vel
1912 982 2189 1037 levissima
2240 981 2295 1035 in
2324 995 2382 1035 re
2414 979 2705 1035 titubatum
2742 976 2881 1041 erit;
2912 980 2957 1030 si
2986 973 3148 1028 unius
3178 970 3383 1025 voculae
3412 968 3495 1021 vis
3521 981 3585 1020 ac
3612 979 3704 1033 pu-

432 1080 604 1126 testas
633 1074 980 1145 interpretem
1017 1075 1236 1146 fugerit,
1270 1078 1349 1132 sic
1395 1079 1554 1148 quasi
1587 1079 1721 1149 reip.
1754 1078 1904 1135 salus
1941 1088 2155 1150 agatur,
2194 1093 2311 1133 rem
2380 1077 2450 1131 ab
2479 1076 2711 1130 honesta
2755 1070 3099 1129 contentione
3130 1069 3198 1123 ad
3229 1064 3523 1121 illiberales
3557 1062 3704 1115 rixas

429 1173 488 1216 et
523 1163 795 1227 sordidas,
826 1165 894 1220 ad
943 1166 1276 1223 ftedissimas
1332 1168 1661 1234 simultates,
1692 1177 1855 1239 atque
1904 1169 1971 1223 ad
2017 1183 2377 1238 personarum
2419 1166 2653 1236 injurias
2691 1162 3161 1230 contumeliasque
3189 1156 3545 1212 transferunt.
3579 1150 3703 1204 llaec

430 1254 598 1322 igitur
630 1254 747 1322 ipsa
803 1256 962 1311 famae
1014 1256 1349 1328 honorisque
1380 1262 1658 1330 proposita
1691 1262 1977 1317 dimicatio
2016 1263 2231 1332 quietes
2268 1272 2322 1316 et
2366 1261 2680 1315 moderatos
2714 1256 3000 1318 homines,
3037 1252 3130 1322 qui
3169 1249 3491 1305 nonnullum
3521 1255 3699 1300 tamen

430 1348 487 1401 in
544 1350 758 1418 publica
805 1351 908 1406 sibi
942 1354 1416 1410 cornmendatione
1460 1356 1711 1411 laborum
1747 1355 1986 1412 fructum
2019 1356 2401 1418 constituunt,
2449 1354 2707 1424 defugere
2741 1364 2960 1422 operam
3008 1347 3157 1401 illam
3199 1344 3456 1398 admonet
3487 1338 3697 1408 potius,

428 1453 597 1506 quam
624 1455 750 1496 cum
796 1445 1014 1501 acribus
1059 1460 1113 1501 et
1143 1449 1485 1518 pugnacibus
1517 1450 1881 1514 adversariis,
1915 1459 1969 1504 et
2000 1451 2065 1505 ad
2099 1449 2308 1521 quaevis
2337 1444 2981 1513 dicenduudiendaque
3015 1433 3379 1511 paratissimis
3414 1433 3467 1487 in
3498 1430 3702 1501 puerile

428 1540 704 1588 certamen
738 1535 1089 1597 descendere.
1116 1541 1245 1595 Mihi
1278 1558 1426 1608 vero,
1457 1559 1621 1614 quem
1672 1544 1738 1599 ad
1771 1545 2066 1600 sublimius
2094 1544 2353 1616 quiddam
2386 1553 2441 1599 et
2479 1542 2720 1597 divinius
2752 1540 2985 1611 cogitata
3023 1534 3205 1591 omnia
3251 1529 3583 1597 consiliaque
3616 1540 3702 1579 re-

430 1620 593 1687 ferre,
649 1641 911 1700 susceptae
958 1635 1080 1688 vitae
1110 1636 1351 1695 rationes
1386 1637 1695 1703 hortantur,
1747 1650 1913 1709 atque
1956 1641 2072 1696 haec
2104 1640 2532 1695 vanissimorum
2574 1650 2627 1693 et
2668 1636 3136 1708 ineptissimorum
3170 1627 3454 1685 hominum
3500 1621 3701 1694 judicia

428 1722 799 1786 contemnere,
835 1736 935 1775 cur
956 1720 1249 1794 Epiphanii
1284 1727 1785 1798 interpretationem
1820 1746 2040 1786 vererer
2073 1732 2344 1803 attingere
2367 1772 2381 1796 ,
2418 1744 2587 1785 causa
2628 1730 2681 1783 in
2707 1727 2898 1799 primis
2944 1726 3046 1780 ista
3077 1722 3176 1777 fuit
3203 1739 3217 1775 :
3244 1717 3390 1789 quod
3424 1730 3548 1771 cum
3582 1714 3700 1767 len-

430 1812 545 1857 tum
576 1821 638 1861 ac
664 1808 982 1867 diuturnum
1018 1813 1139 1870 fore
1165 1818 1442 1887 negotium
1471 1819 1607 1875 illud
1635 1821 2128 1877 animadverteren.
2151 1862 2163 1886 ,
2204 1822 2541 1877 tantumdem
2578 1817 3053 1891 praestantioribus
3083 1812 3283 1870 studiis
3306 1811 3609 1866 detractum
3637 1804 3702 1857 iri

428 1898 689 1964 temporis
717 1916 1020 1970 cernerem,
1049 1918 1315 1977 quantum
1351 1911 1407 1965 in
1437 1927 1558 1967 eam
1593 1915 2009 1982 occupationem
2033 1924 2179 1983 esset
2221 1917 2580 1985 insumptum.
2618 1912 2922 1969 Accedebat
2952 1911 3018 1964 ad
3052 1920 3400 1963 communem
3440 1904 3704 1968 interpre-

427 1988 580 2041 tandi
615 1992 916 2050 molestiam
948 2001 1219 2070 praecipua
1249 2005 1496 2073 quaedam
1528 2008 1582 2061 in
1605 2006 1698 2061 illo
1729 2008 1993 2077 scriptore
2018 2007 2306 2063 difﬁcultas
2334 2027 2346 2062 :
2373 2008 2517 2078 quod
2545 2008 2819 2076 incompta
2846 2015 2898 2059 et
2925 2004 3200 2059 salebrosa
3232 2011 3313 2055 est
3334 1997 3482 2052 illius
3504 1993 3699 2053 oratio,

425 2091 482 2133 et
526 2082 580 2136 in
632 2100 739 2155 qua
790 2087 1235 2166 fi'equentissime
1290 2111 1588 2156 occurrunt
1617 2102 1708 2156 illa
1732 2143 1746 2167 ,
1779 2118 1903 2172 quae
1934 2101 2027 2157 Gra

2096 2103 2107 2156 i
2143 2102 2481 2166 ἀναπόδοτα,
2529 2111 2580 2156 et
2628 2099 2964 2154 ἀνακόλουθα
2995 2096 3282 2153 nominant
3318 2112 3331 2147 :
3364 2091 3615 2163 pedestre
3639 2102 3698 2139 ar

427 2175 689 2242 populare
740 2181 955 2238 dicendi
998 2200 1188 2256 genus.
1250 2188 1406 2258 Quod
1439 2193 1552 2248 sive
1602 2195 1721 2264 pari
1764 2196 2038 2251 sermonis
2083 2195 2436 2264 simplicitate
2479 2194 2743 2262 consequi
2792 2188 3057 2253 volucris,
3093 2188 3416 2254 subagreste
3437 2179 3697 2252 quiddam

426 2267 653 2323 exsistet
685 2286 749 2326 ac
780 2275 1027 2343 putidum
1060 2297 1072 2331 :
1106 2281 1414 2350 cujusmodi
1446 2292 1575 2338 sunt
1596 2283 1787 2339 Latina
1818 2284 1931 2340 fere
1953 2286 2202 2340 Cornarii
2227 2326 2241 2347 ,
2269 2284 2428 2354 cujus
2459 2299 2560 2337 nos
2585 2283 2775 2352 utique
2796 2280 3008 2336 similes
3037 2291 3162 2332 esse
3190 2274 3453 2329 nolimus.
3486 2271 3583 2324 Sin
3607 2284 3698 2322 or-

427 2371 615 2414 natum
662 2374 826 2434 atque
874 2370 1081 2425 cultum
1135 2375 1421 2443 adhibeas,
1459 2378 1513 2431 id
1560 2379 1679 2432 sine
1713 2395 1909 2448 magna
1955 2381 2352 2437 sententiarum
2392 2380 2821 2434 commutatione
2865 2376 3115 2431 obtinere
3155 2374 3240 2427 vix
3286 2371 3489 2442 possis.
3516 2369 3699 2423 Altera

429 2464 597 2504 causa
627 2462 712 2507 est
747 2456 891 2526 quod
920 2458 1084 2514 iidem
1116 2461 1192 2516 illi
1223 2462 1512 2535 Epiphanii
1541 2466 1666 2522 libri
1691 2469 1907 2524 mendis
1934 2485 1999 2525 ac
2031 2471 2265 2526 maculis
2295 2479 2507 2524 scatent
2535 2469 2838 2525 innumeris
2872 2486 2883 2521 :
2911 2483 3032 2537 quae
3062 2483 3168 2520 non
3208 2465 3367 2519 modo
3399 2461 3700 2533 infringunt

427 2538 739 2608 interpretis
772 2556 1053 2617 conatum,
1091 2552 1184 2606 sed
1211 2553 1279 2607 ad
1319 2556 1690 2613 divinationes
1719 2575 1784 2615 ac
1817 2560 2140 2616 temerarias
2184 2561 2458 2615 interdum
2487 2560 2837 2631 conjecturas
2870 2559 3098 2628 adigunt
3128 2557 3296 2610 :dum
3333 2569 3402 2608 ne
3432 2566 3698 2622 suspensa

425 2646 490 2723 ac
526 2633 714 2687 mutila
750 2641 1015 2695 sententia
1050 2644 1410 2715 relinquatur,
1472 2650 1726 2720 supplere
1759 2651 1927 2706 multa
1961 2652 2028 2707 de
2053 2666 2175 2717 suo,
2214 2661 2308 2706 aut
2332 2651 2490 2707 aliter
2525 2662 2692 2723 atque
2729 2653 2872 2706 edita
2899 2660 3062 2715 sunt,
3091 2648 3440 2703 conformare
3459 2646 3694 2716 cogitur.

424 2722 483 2773 ἷη
518 2739 627 2792 quo
657 2735 714 2780 υι
740 2740 1041 2792 ³ωιθ,ιιοιι
1069 2750 1241 2803 pauca
1272 2747 1324 2793 et
1355 2739 1584 2795 solerter
1608 2740 1869 2804 inveniat,
1910 2741 2126 2797 aberret
2160 2749 2339 2797 tamen
2372 2722 2673 2808 interdum,
2698 2757 2866 2811 seque
2902 2737 3381 2795 criminationibus
3412 2738 3649 2803 istorum
3674 2775 3690 2799 ,

418 2829 563 2880 quos
595 2817 742 2883 dixi,
778 2833 832 2874 et
862 2823 1155 2880 calumniis
1203 2829 1451 2898 objiciat.
1480 2830 1620 2886 Vicit
1645 2832 2005 2887 nihilominus
2032 2834 2274 2903 privatas
2307 2837 2546 2890 rationes
2569 2835 2708 2889 bene
2735 2835 2801 2889 de
2832 2841 2885 2886 te
2909 2873 2924 2897 ,
2957 2830 3226 2886 catholice
3266 2828 3493 2893 Lector,
3524 2827 3699 2896 deque

423 2906 468 2959 Ε
490 2910 679 2966 νςιεδίω
713 2926 886 2971 causa
939 2922 1182 2975 merendi
1216 2924 1478 2979 studium.
1537 2924 1870 2990 Vicitnovae,
1901 2926 2229 2998 jampridem
2258 2935 2289 2984 'a
2328 2944 2415 2985 me
2451 2930 2579 2985 data
2620 2929 2754 2983 fides
2787 2927 3069 2992 editionis,
3098 2940 3168 2997 ac
3192 2923 3452 2994 promissi
3482 2923 3694 2992 religio.

422 3002 559 3057 Nam
594 3014 647 3059 et
681 3016 770 3062 tua
801 3019 962 3081 atque
991 3011 1245 3068 Ecclesia:
1289 3017 1600 3072 communis
1639 3018 1898 3072 intererat
1922 3057 1937 3082 ,
1987 3034 2126 3088 opus
2169 3021 2335 3083 illud,
2362 3020 2508 3089 quod
2538 3020 2605 3075 ad
2639 3018 2926 3074 diluendas
2953 3017 3190 3072 haereses
3230 3031 3262 3069 a
3291 3013 3614 3086 gravi~simo
3643 3023 3696 3068 et

420 3097 772 3152 sanctissimo
803 3098 964 3156 Patre
985 3101 1189 3162 Graecis
1234 3115 1319 3163 est
1342 3108 1550 3164 editum
1575 3148 1591 3173 ,
1628 3109 1932 3179 quemlibet
1962 3112 2144 3181 potius
2180 3112 2537 3180 interpretem
2565 3112 2769 3167 habere
2812 3124 2979 3180 quam
3013 3108 3331 3164 liaereticum
3364 3123 3376 3159 :
3410 3114 3460 3160 et
3500 3107 3566 3160 ad
3599 3122 3683 3159 re-

421 3186 597 3242 remis
629 3188 881 3246 editionis
910 3193 1261 3263 splendorem
1298 3196 1582 3262 attinebat,
1615 3201 1961 3255 commodius
1986 3200 2267 3269 aliquanto
2293 3239 2307 3264 ,
2350 3199 2536 3254 minus
2564 3208 2709 3255 certe
2730 3196 2963 3253 barbare
2991 3205 3046 3251 et
3070 3194 3358 3265 iniquitate
3382 3195 3691 3265 loquentem

421 3277 809 3348 Epiphaniuin,
850 3283 1060 3343 Latinis
1089 3290 1316 3345 auribus
1343 3306 1453 3346 non
1483 3301 1742 3362 suspecto
1767 3294 1840 3347 ab
1880 3302 2105 3349 auctore
2129 3292 2421 3349 committi.
3000 3277 3006 3284 ’

496 3371 676 3430 Habes
697 3392 815 3446 quae
847 3378 979 3431 mihi
1018 3394 1201 3435 causae
1227 3380 1503 3437 tarditatis
1530 3379 1737 3437 fuerint
1766 3400 1781 3435 a
1819 3395 2095 3452 cegnosce
2130 3401 2276 3440 Illlllc
2306 3392 2526 3439 caetera.
2563 3381 2929 3454 Epiphanium
2963 3383 3058 3437 tibi
3102 3381 3300 3435 damus
3343 3380 3555 3450 integra
3585 3381 3693 3447 pri-

419 3479 575 3517 mum
601 3465 704 3520 fide
725 3482 791 3522 ex
820 3470 1049 3525 vetustis
1080 3471 1383 3535 codicibus,
1423 3473 1601 3543 quoad
1632 3472 1807 3537 licuit,
1834 3475 2158 3544 castigatum
2196 3491 2262 3531 ac
2291 3476 2645 3531 recensitum.
2675 3474 2884 3529 llorum
2925 3475 3178 3545 princeps
3219 3470 3517 3526 Vaticanus
3548 3469 3649 3523 fuit
3676 3490 3688 3522 :

419 3557 589 3625 cujus
631 3557 875 3616 diversas
911 3561 1175 3619 lectiones
1209 3563 1397 3620 Romae
1427 3566 1558 3621 olim
1602 3581 1634 3621 a
1679 3582 1737 3621 se
1768 3566 2027 3624 collectas
2062 3567 2131 3625 R.
2168 3566 2231 3622 P.
2269 3569 2519 3624 Andreas
2548 3568 2843 3632 Sebottus,
2882 3569 2997 3639 pari
3035 3568 3119 3621 vir
3151 3566 3492 3620 humanitate
3530 3570 3692 3631 atque

423 3649 731 3706 eruditione
763 3653 1019 3721 praeditus
1070 3655 1137 3710 ad
1186 3671 1274 3711 me
1311 3666 1505 3726 sponte
1533 3658 1705 3714 misit.
1750 3660 1835 3713 Er
1853 3676 1964 3729 quo
2003 3661 2274 3731 permulta
2305 3673 2435 3718 sunt
2471 3678 2500 3721 a
2528 3663 2688 3718 nobis
2710 3671 3016 3732 Opportune
3041 3660 3314 3715 restituta.
3355 3656 3601 3712 Accessit
3628 3671 3690 3711 ex

424 3740 754 3797 bibliotheca
782 3745 926 3814 regis
965 3743 1427 3804 Christianissimi
1457 3749 1816 3822 depromptus
1861 3753 1998 3806 alter
2020 3791 2035 3816 ,
2065 3767 2177 3822 quo
2210 3768 2334 3807 cum
2371 3753 2741 3809 Basilecnsem
2775 3752 2878 3822 ipsi
2902 3751 3259 3807 contulimus.
3293 3745 3368 3801 Ex
3406 3747 3690 3802 amborum
3714 3741 3736 3761 ‘

424 3832 764 3899 auctoritate,
809 3836 855 3890 si
912 3837 1042 3906 quid
1078 3840 1134 3893 in
1192 3848 1451 3895 contextu
1495 3841 1616 3911 ipso
1645 3831 1917 3898 mutatum
1963 3846 2225 3915 reperies,
2250 3847 2391 3901 scito
2418 3861 2540 3901 esse
2565 3845 2889 3916 profectum.
2929 3842 3160 3913 Reliqua
3183 3882 3197 3906 ,
3227 3857 3349 3912 quae
3386 3855 3452 3894 ex
3485 3838 3690 3908 judicio

422 3926 714 3980 emendare
757 3924 914 3982 facile
938 3929 1235 3997 potuimus,
1264 3940 1386 3986 utut
1410 3944 1565 3988 erant
1595 3934 1649 3989 in
1678 3933 1999 4001 Basilecnsi,
2032 3937 2359 4007 reliquimus
2389 3958 2403 3992 a
2437 3946 2601 4007 atque
2639 3938 2706 3992 ad
2733 3952 2888 3991 oram
2918 3935 3031 3992 fere
3057 3935 3378 4006 paginarum
3414 3931 3684 4002 conjectu-

421 4030 540 4067 ram
582 4026 819 4071 nostram
850 4017 1230 4089 ascripsimus,
1267 4021 1517 4093 quaedam
1551 4024 1606 4079 in
1652 4026 2160 4084 animadversiones
2204 4029 2561 4098 conjecimus.
2601 4030 2733 4082 Nam
2760 4028 2814 4083 et
2849 4026 3419 4083 animadversionibus
3439 4022 3645 4078 nostris
3669 4064 3683 4085 ,

424 4109 534 4162 hoc
568 4118 651 4164 est
674 4109 1014 4178 plenioribus
1070 4113 1220 4169 notis
1251 4129 1316 4170 ac
1346 4130 1517 4186 prope
1545 4120 1983 4184 commentariis,
2018 4118 2386 4190 Epiphanium
2419 4121 2773 4175 illustriorem
2806 4120 3167 4175 reddidimus.
3203 4117 3261 4172 ln
3285 4118 3486 4188 quibus
3512 4132 3688 4186 quan-

421 4212 543 4255 tum
584 4217 614 4257 a
640 4219 724 4260 me
762 4206 833 4260 sit
860 4206 1223 4273 elaboratum,
1265 4219 1530 4278 quantum
1558 4226 1626 4265 ex
1667 4212 1990 4269 melioribus
2019 4214 2327 4269 derivatum
2351 4213 2573 4279 studiis,
2613 4229 2679 4269 ex
2717 4228 2774 4267 re
2802 4212 2919 4281 ipsa
2956 4209 3174 4266 facilius
3201 4223 3368 4280 quam
3405 4221 3526 4262 mea
3561 4221 3688 4260 ora-

424 4293 576 4347 tione
622 4296 939 4367 perspicies.
988 4299 1127 4354 lllud
1171 4299 1392 4370 quidem
1446 4302 1842 4371 providendum
1872 4304 2151 4373 duximus,
2198 4316 2259 4359 ut
2303 4321 2371 4360 ne
2398 4305 2565 4360 aridae
2590 4320 2653 4360 ac
2683 4305 2887 4375 jejunae
2908 4303 3073 4358 nimis
3098 4312 3305 4367 essent,
3334 4309 3389 4355 et
3412 4298 3682 4353 variarum

424 4382 717 4440 lectionum
746 4388 915 4447 exiles
942 4391 1191 4461 quaedam
1219 4399 1400 4447 notae:
1431 4392 1526 4448 scd
1562 4393 1607 4448 si
1628 4394 1773 4464 quod
1815 4394 2041 4450 uberius
2067 4396 2212 4466 apud
2236 4394 2601 4465 Epiphanium
2628 4402 2774 4450 esset
2812 4401 3236 4465 argumentum;
3264 4390 3312 4445 si
3343 4403 3454 4459 qua
3487 4387 3675 4457 paulu-

424 4472 539 4526 lum
570 4475 799 4546 insignis
828 4481 1085 4549 quaestio,
1119 4480 1280 4551 cujus
1307 4481 1598 4539 dilllcultas
1627 4500 1753 4539 cum
1788 4483 2023 4541 utilitate
2051 4493 2314 4550 certaret,
2353 4498 2419 4538 ea
2452 4499 2556 4539 nos
2598 4498 2696 4553 pro
2728 4497 2829 4538 usu
2861 4490 3131 4552 captuque
3154 4488 3342 4534 nostro
3370 4477 3594 4559 liberius
3622 4492 3685 4529 ac

424 4567 678 4625 din‘usius
709 4575 1078 4630 tractavimus.
1099 4575 1220 4643 Quo
1256 4576 1308 4630 in
1341 4592 1537 4646 genere
1572 4581 1741 4634 multa
1770 4578 1880 4633 illic
1906 4578 2073 4636 habes
2101 4580 2170 4637 de
2189 4579 2399 4635 Natalis
2423 4579 2627 4636 Christi
2658 4590 2712 4635 et
2752 4577 3029 4634 Passionis
3061 4590 3204 4631 anno
3232 4588 3298 4630 ac
3331 4575 3418 4629 die
3451 4589 3463 4624 :
3490 4574 3554 4627 de
3578 4571 3685 4624 Pa-

423 4662 598 4716 schali
623 4679 828 4730 mense,
852 4667 918 4722 de
936 4664 1249 4723 Judaeorum
1274 4670 1449 4739 cyclo,
1483 4670 1549 4724 de
1576 4672 1801 4741 antiquo
1830 4673 2164 4742 paenitentiae
2205 4673 2334 4738 ritu,
2358 4672 2426 4727 de
2448 4670 2737 4725 Sirmiensi
2760 4678 2817 4724 et
2842 4670 3135 4740 Ancyrauo
3162 4664 3435 4728 conciliis,
3457 4664 3525 4718 de
3549 4678 3682 4718 non-

425 4755 591 4811 nullis
631 4759 827 4814 veteris
861 4759 1116 4816 Ecclesiae
1144 4762 1410 4829 moribus,
1442 4761 1510 4817 de
1549 4761 1919 4819 Romanorum
1948 4765 2196 4835 imperat.
2221 4763 2577 4833 chronologia
2596 4803 2610 4828 ,
2636 4770 2690 4817 et
2722 4762 2975 4831 idgenus
2999 4759 3122 4814 aliis
3148 4757 3433 4828 explicata.
3464 4754 3596 4822 Quae
3637 4771 3681 4813 Si

424 4848 673 4917 longiora
706 4849 1048 4916 videbuntur,
1094 4851 1219 4906 licet
1246 4852 1708 4922 disputationibus
1728 4857 1860 4911 iisce
1891 4856 2197 4924 praeteritis,
2228 4870 2463 4925 quarum
2492 4855 2697 4910 ideirco
2729 4853 2942 4909 titulum
2970 4852 3292 4923 paginarum
3318 4851 3489 4906 initiis
3512 4852 3679 4904 ascri-

424 4939 657 5007 psimus,
704 4959 767 4997 ea
810 4944 1063 5016 deligere,
1098 4961 1221 5015 quae
1280 4947 1343 5000 ad
1402 4946 1762 5017 Epiphanium
1823 4949 1941 5003 sine
1991 4947 2290 5004 offensione
2333 4949 2757 5018 percurrendnm
2794 4946 3105 5002 necessario
3140 4944 3498 5015 praecipienda
3532 4954 3677 5005 sunt,

421 5032 747 5103 Quanquam
775 5038 1042 5107 ejusmodi
1069 5038 1184 5096 fere
1209 5036 1299 5094 illa
1335 5056 1458 5096 esse
1487 5056 1807 5111 cognosces,
1845 5053 1903 5095 ut
1928 5059 2325 5113 supervacanea
2356 5054 2450 5098 aut
2488 5042 2667 5097 alieno
2704 5041 2878 5111 posita
2916 5039 3035 5095 loco
3074 5037 3247 5092 videri
3284 5044 3573 5105 nequeant.
3605 5036 3677 5089 Ital

424 5126 749 5198 plerumque
771 5131 1084 5199 perplexum
1113 5141 1278 5201 atque
1306 5147 1506 5203 anceps
1528 5142 1631 5198 est,
1658 5135 1803 5204 quod
1825 5134 1895 5188 ab
1943 5135 2246 5204 Epiphanio
2275 5135 2618 5205 preponitur,
2649 5141 3055 5203 argumentum,
3090 5137 3149 5183 ut
3176 5127 3244 5182 ad
3271 5126 3676 5197 intelligentiam

424 5219 510 5273 sui
542 5220 819 5291 aliquanto
852 5224 1014 5278 etiam
1049 5224 1205 5293 plura
1238 5240 1403 5295 quam
1434 5243 1462 5279 a
1499 5226 1659 5282 nobis
1680 5235 1810 5283 sunt
1836 5228 1998 5283 allata
2036 5230 2327 5285 desideret.

499 5310 632 5366 lllud
663 5328 788 5367 vero
818 5323 1095 5384 postremo
1128 5318 1195 5370 ad
1221 5313 1506 5385 Epiphanii
1536 5318 1915 5373 tractatlonem
1943 5318 2295 5375 commodum
2328 5317 2593 5381 accessit,
2622 5327 2700 5379 ut,
2732 5315 2993 5385 quoniam
3038 5312 3311 5382 longiores
3339 5311 3674 5382 singularum

426 5405 694 5458 haeresum
727 5405 1125 5474 disputationes
1154 5416 1304 5474 sunt,
1321 5423 1387 5464 ac
1418 5418 1677 5479 perpetuo
1710 5424 1873 5465 cursu
1911 5409 2196 5472 orationis,
2261 5410 2378 5464 sine
2430 5409 2537 5462 ulla
2589 5405 3027 5475 interspiratione
3055 5419 3119 5458 ac
3161 5403 3512 5460 distinctione
3545 5420 3679 5457 con-

424 5505 611 5560 textae,
636 5506 813 5553 certas
845 5497 899 5551 in
922 5507 1124 5568 partes,
1151 5514 1215 5555 ac
1240 5499 1403 5555 veluti
1438 5500 1614 5569 capita
1650 5501 1898 5555 haeresim
1930 5517 2373 5572 unamquamque
2402 5500 2764 5554 tribueremus
2798 5518 2809 5551 :
2840 5498 3043 5567 quibus
3074 5499 3383 5554 numerales
3420 5499 3486 5552 ad
3521 5514 3673 5552 oram

425 5597 588 5641 notas
636 5589 1006 5658 apposuimus.
1059 5590 1194 5657 Quae
1231 5608 1320 5647 res
1356 5607 1461 5644 non
1510 5593 1801 5660 legentium
1832 5594 2007 5647 solum
2043 5595 2318 5648 fastidium
2351 5593 2674 5658 sublevabit,
2704 5592 2797 5647 sed
2827 5591 2895 5645 ad
2928 5591 3142 5646 citanda
3172 5592 3481 5647 testimonia
3512 5607 3668 5645 cuni-

428 5680 619 5749 primis
650 5681 753 5735 erit
800 5680 1069 5749 expedita.
1105 5678 1239 5734 Nam
1278 5682 1488 5751 qumies
1517 5698 1583 5735 ex
1623 5681 1803 5750 aliqua
1832 5680 2118 5752 Epiphanii
2147 5683 2353 5738 llaeresi
2389 5691 2685 5738 auctoritas
2710 5682 3061 5753 producitur,
3090 5684 3137 5738 si
3172 5684 3314 5738 illam
3335 5724 3348 5749 ,
3381 5683 3455 5736 uti
3481 5681 3558 5747 lit,
3583 5696 3672 5733 re—

429 5791 477 5826 c:
502 5789 762 5843 pnoscere
785 5775 1190 5841 voluerishtota
1223 5775 1339 5835 tibi,
1375 5792 1495 5844 quae
1522 5790 1912 5843 nonnunquam
1946 5788 2027 5830 est
2063 5778 2348 5841 inuncnsa,
2383 5776 2741 5847 pervolvcnda
2779 5776 3079 5843 disputatio
3108 5785 3208 5829 est.
3239 5774 3393 5830 Nunc
3420 5784 3668 5829 notarum
