4058 6430
452 375 520 431 19
1733 377 2158 435 TESTIMONIA
2202 379 2556 436 VETERUM.
3646 383 3714 436 20

453 493 669 548 illarum
698 490 1047 561 capitumque
1071 491 1394 563 compendio
1425 490 1569 556 licet,
1595 505 1703 545 non
1732 498 1941 546 tantum
1970 507 2077 561 qua
2108 508 2171 546 ex
2201 493 2393 548 haeresi
2424 495 2606 548 locum
2637 493 2790 549 illum
2813 494 3127 560 adduxeris,
3151 495 3247 550 sed
3272 494 3437 549 etiam
3465 501 3631 563 quoto
3648 509 3715 547 ex

455 583 677 638 haeresis
702 597 952 646 numero,
986 581 1066 636 vel
1101 582 1373 636 ascribere
1403 581 1582 650 ipsum
1617 581 1700 636 vel
1727 582 2024 651 ascriptum
2075 582 2144 636 ab
2175 582 2298 637 aliis
2345 585 2496 640 nullo
2547 586 2764 654 negotio
2800 587 3060 655 reperire.
3103 585 3260 652 Quod
3290 586 3335 641 si
3369 585 3502 638 mihi
3534 584 3586 639 id
3616 599 3713 639 oc-

451 675 720 729 currisset
756 675 929 741 initio,
958 674 1025 730 de
1052 689 1182 744 quo,
1215 674 1406 730 all‘ecto
1431 675 1544 744 jam
1575 690 1758 744 opere,
1788 676 1939 729 venit
1957 676 2008 728 in
2046 683 2304 741 mentem,
2328 678 2490 732 etiam
2523 676 2850 734 Basileensis
2877 679 3132 734 editionis
3163 680 3389 750 paginas
3415 678 3483 732 ad
3514 678 3714 746 margi-

452 782 576 821 nem
604 775 804 823 nostra:
833 767 997 838 hujus
1022 768 1375 831 addidissem,
1401 777 1621 838 propter
1649 785 1746 823 eos
1787 769 2040 824 videlicet
2082 780 2337 827 auctores
2359 813 2374 836 ,
2412 772 2505 842 qui
2546 788 2670 826 cum
2708 771 2996 840 Epiphanii
3042 773 3222 826 locum
3263 772 3504 840 aliquem
3533 769 3712 838 profe-

451 870 600 926 runt,
631 862 954 932 paginarum
984 860 1172 914 eadem
1202 876 1269 914 ex
1297 860 1538 916 editione
1561 877 1850 916 numerum
1871 862 2079 917 utiliter
2098 863 2384 918 adnotant.
2407 863 2589 930 Quare
2617 865 2764 920 istud
2791 865 2844 918 in
2874 864 3012 930 alia,
3043 865 3090 919 si
3117 879 3202 919 res
3225 864 3445 927 tulerit,
3477 861 3714 919 editione

451 953 762 1009 faciendum
785 952 1072 1008 suaserim.

523 1045 606 1099 Tu
640 1045 824 1110 velim,
853 1043 1118 1099 catholice
1152 1061 1218 1101 ac
1251 1045 1484 1100 candide
1511 1043 1708 1100 Lector
1751 1046 1950 1116 (neque
1968 1046 2113 1100 cnim
2134 1047 2386 1117 pluribus
2413 1056 2463 1102 te
2479 1047 2743 1119 detineo),
2764 1048 2831 1103 ad
2854 1048 2994 1104 hanc
3015 1047 3448 1104 lucubrationem
3468 1055 3711 1102 nostram

449 1141 530 1196 sic
563 1139 813 1204 accedas,
844 1146 904 1192 ut
931 1137 1222 1210 intelligas,
1252 1155 1429 1210 neque
1468 1140 1603 1195 nihil
1643 1157 1674 1195 a
1710 1142 1870 1197 nobis
1899 1159 2021 1198 esse
2048 1151 2334 1212 peccatum
2367 1159 2382 1197 :
2410 1152 2463 1197 et
2493 1142 2539 1197 si
2565 1158 2690 1212 quae
2723 1143 2778 1196 in
2804 1142 2894 1197 illa
2933 1144 3230 1199 commissa
3264 1141 3705 1212 deprehenderis,

447 1249 511 1287 ea
542 1231 790 1302 pluribus
817 1245 943 1286 eum
978 1229 1140 1285 bonis
1170 1249 1184 1286 :
1222 1231 1266 1286 si
1287 1232 1450 1287 modo
1478 1231 1634 1302 plura
1668 1234 1800 1287 mihi
1829 1235 1970 1289 bona
1998 1244 2128 1289 sunt
2161 1253 2174 1289 :
2209 1243 2304 1289 aut
2328 1235 2634 1304 aequalibus
2654 1274 2668 1294 .
2706 1234 3127 1304 paucioribusve
3155 1249 3478 1304 compenses
3505 1249 3518 1284 :
3548 1243 3712 1302 atque

449 1325 533 1378 his
585 1322 787 1387 fruare,
838 1321 946 1378 illis
985 1323 1200 1378 veniam
1245 1324 1458 1380 tribuas
1507 1341 1521 1377 :
1568 1342 1666 1395 pro
1722 1326 1981 1396 aequitate
2034 1335 2126 1380 tua
2187 1326 2426 1396 denique
2473 1327 2681 1396 majora
2723 1336 2777 1381 et
2825 1327 3040 1381 utiliora
3073 1327 3332 1394 deinceps
3371 1341 3402 1380 a
3430 1324 3586 1380 nobis
3616 1339 3712 1380 ex-

446 1425 677 1487 spectes.

703 1747 851 1836 DE
928 1745 1602 1839 EPIPHANIO
1680 1749 2262 1842 VETERUM
2339 1746 2794 1840 ELOGIA
2871 1744 3452 1853 QUZEDAM.

1355 2089 1709 2163 Hieronymus
1733 2093 1869 2147 libro
1902 2093 1978 2149 De
1999 2094 2360 2164 scriptoribus
2387 2093 2796 2149 ecclesiasticis.

519 2199 878 2269 Epiphanius,
900 2198 1060 2270 Cypri
1094 2198 1382 2254 Salaminm
1414 2203 1725 2274 episc0pus,
1757 2204 1979 2274 scripsit
2009 2207 2302 2262 adversum
2325 2222 2517 2261 omnes
2561 2209 2794 2262 haereses
2827 2207 2996 2261 libros
3016 2247 3029 2268 ,
3055 2215 3108 2261 et
3141 2208 3312 2261 multa
3338 2207 3463 2273 alia,
3494 2223 3616 2277 quae
3647 2207 3716 2262 ab

452 2292 682 2346 eruditis
711 2299 930 2361 prepter
965 2305 1072 2352 res,
1109 2305 1140 2344 a
1169 2291 1598 2361 simplicioribus
1626 2305 1846 2363 propter
1871 2297 2034 2350 verba
2070 2297 2404 2351 lectitantur.
2440 2297 2699 2366 Superest
2753 2313 2926 2366 usque
2955 2297 3114 2352 hodie
3135 2337 3149 2361 ,
3181 2309 3234 2352 et
3279 2299 3330 2352 in
3356 2308 3598 2352 extrema
3631 2314 3716 2354 se-

447 2393 664 2440 nectute
696 2389 846 2444 varia
878 2393 1028 2448 cudit
1061 2409 1248 2464 opera.

1453 2487 1604 2542 Idem
1637 2489 1884 2559 apologia
1923 2491 2154 2544 secunda
2190 2488 2395 2544 Contra
2429 2487 2710 2544 Ruﬁnum.

515 2569 636 2626 Non
669 2573 768 2629 tibi
794 2575 990 2632 sumcit
1017 2579 1223 2648 passim
1273 2573 1463 2635 contra
1501 2597 1692 2636 omnes
1733 2583 2032 2647 detractio,
2061 2582 2168 2636 nisi
2213 2581 2522 2650 specialiter
2553 2591 2744 2636 contra
2793 2583 3009 2637 beatum
3047 2590 3101 2635 et
3164 2581 3433 2651 insignem
3461 2578 3715 2634 Ecclesia:

445 2661 787 2718 sacerdotem
813 2665 935 2736 styli
978 2668 1055 2722 tui
1084 2668 1329 2725 lanceam
1360 2671 1603 2741 dirigas?
1630 2670 1766 2737 Quis
1790 2672 1900 2736 ille,
1928 2672 2022 2742 qui
2047 2671 2196 2727 velut
2226 2672 2610 2728 necessitatem
2637 2672 3044 2742 evangelizandi
3069 2687 3164 2741 per
3196 2687 3388 2727 omnes
3415 2680 3601 2742 gentes
3621 2713 3635 2736 ,
3660 2681 3715 2727 et

446 2769 539 2822 per
572 2770 765 2812 omnes
804 2758 1020 2830 linguas
1053 2762 1252 2818 habere
1302 2779 1361 2819 se
1401 2774 1556 2836 putat
1582 2765 1649 2820 de
1689 2763 1922 2836 Origene
1960 2768 2102 2821 male
2135 2765 2431 2836 loquendi:
2467 2767 2560 2836 qui
2597 2782 2690 2820 sex
2719 2767 2888 2820 millia
2929 2767 3194 2821 librorum
3232 2766 3351 2836 ejus
3399 2781 3457 2820 se
3483 2766 3712 2835 legisse,

444 2846 852 2915 quamplurima
885 2849 1113 2906 fratrum
1145 2853 1493 2910 multitudine
1531 2855 1801 2920 audiente,
1838 2859 2122 2911 confessus
2148 2855 2271 2912 est?

521 2939 670 2995 Mox.
698 2938 931 2997 Crimiui
962 2945 1009 2998 ei
1042 2945 1283 3002 dandum
1317 2957 1421 3014 est,
1465 2965 1637 3020 quare
1668 2948 1940 3017 Graecam,
1966 2948 2187 3019 Syram,
2221 2956 2274 3002 et
2327 2944 2607 3001 Hebraaam
2632 2987 2646 3012 ,
2674 2955 2728 3000 et
2750 2944 3134 3016 Egyptiacam
3157 2946 3424 3017 linguam,
3461 2963 3526 3000 ex
3562 2956 3716 3016 parte

443 3041 499 3086 et
533 3028 785 3086 Latinam
815 3035 1051 3100 noverit,
1080 3046 1166 3092 etc

517 3120 760 3176 Meminit
787 3132 837 3178 et
865 3128 1102 3194 passim,
1138 3138 1194 3183 ut
1224 3131 1276 3183 in
1307 3128 1557 3201 Epistola
1597 3129 1659 3186 Gl
1699 3140 1884 3185 contra
1913 3128 2176 3185 Joannem
2193 3129 2484 3195 Hierosol.,
2518 3130 2570 3182 in
2599 3128 2889 3201 Epitaphio
2912 3130 3112 3198 Paula,
3145 3131 3202 3184 in
3236 3128 3354 3184 Vita
3390 3129 3698 3197 Hilarionis.

441 3221 491 3267 et
521 3213 647 3270 aliis
672 3216 730 3270 in
762 3215 919 3274 locis.

1320 3319 1653 3390 Augustinus
1687 3321 1820 3374 libro
1846 3321 1922 3374 De
1950 3317 2266 3383 haeresibus,
2304 3318 2370 3372 ad
2399 3317 2851 3384 Quodvultdeum.

516 3418 706 3492 Usque
733 3425 801 3479 ad
831 3426 964 3482 istos
989 3441 1120 3497 ergo
1153 3427 1226 3482 De
1254 3430 1538 3485 hteresibus
1575 3448 1713 3502 opus
1732 3447 1891 3486 suum
1921 3430 2172 3500 perduxit
2199 3431 2546 3499 supradictus
2578 3429 2939 3500 Epiphanius,
2970 3433 3258 3502 cpiscopus
3287 3434 3540 3504 Cyprius,
3571 3435 3713 3503 apud

445 3510 669 3568 Graecos
700 3514 842 3570 inter
873 3532 1101 3587 magnos
1132 3521 1370 3589 habitus,
1403 3537 1456 3578 et
1491 3542 1520 3579 a
1549 3527 1736 3581 multis
1763 3526 1815 3579 in
1847 3525 2128 3580 catholica).
2155 3526 2276 3580 ﬁdei
2301 3527 2534 3581 sanitate
2562 3525 2834 3580 laudatus.

519 3601 727 3660 Cretera
754 3608 958 3676 quade
987 3608 1277 3681 Epiphanii
1303 3631 1453 3684 opere
1480 3619 1659 3672 eodem
1686 3621 1740 3671 in
1779 3618 1915 3670 libro
1945 3627 2315 3672 commemorat
2343 3619 2692 3688 Augustinus,
2727 3619 2778 3670 in
2816 3617 3054 3687 Epistola
3080 3636 3240 3688 supra
3263 3637 3294 3672 a
3329 3624 3474 3675 nobis
3516 3622 3688 3676 allata

449 3704 500 3749 οἵ
521 3711 746 3752 excussa
783 3709 926 3755 δυηε.

1698 3777 2021 3834 Sozomenus
2055 3781 2146 3834 lib.
2180 3797 2276 3844 vn,
2301 3797 2346 3834 ε.
2375 3779 2465 3833 9.6.

516 3859 623 3944 Per
654 3858 798 3914 idem
833 3869 1050 3933 tempus
1079 3863 1416 3936 Epiphanius
1445 3871 1874 3940 metropolitanae
1921 3873 2029 3943 Cy-

2208 3873 2345 3944 Ilspi
2372 3872 2430 3926 δὲ
2466 3870 2658 3925 τοῦτον
2685 3872 2776 3925 τὸν
2803 3871 2993 3942 χρόνον
3010 3872 3104 3924 καὶ
3145 3871 3460 3940 Ἐπιεράνιος
3487 3873 3588 3942 τῆς
3610 3873 3715 3926 Κυ-

445 3943 696 4011 priorum
744 3944 1002 4004 Ecclesiae
1053 3961 1302 4020 prmerat.
1333 3952 1506 4018 Quem
1563 3969 1672 4010 non
1717 3957 1881 4012 modo
1912 3958 2038 4014 vitae

2137 3943 2313 4035 πρίων
2344 3963 2642 4016 ἐπεσκόπει
2669 3962 3058 4033 μητροπόλεως
3078 3981 3092 3994 ο
3125 3963 3184 4016 ὃν
3210 3965 3270 4016 οὐ
3309 3966 3467 4035 μόνον
3490 3966 3558 4019 τὰ
3591 3968 3715 4038 περὶ

447 4034 784 4102 institutum,
809 4051 874 4092 ac
902 4041 1176 4108 praeclaras
1205 4043 1432 4100 virtutes
1460 4045 1728 4118 insignem
1787 4049 2036 4105 reddide-

2132 4034 2231 4127 τὴν
2265 4054 2540 4108 πολιτείαν
2566 4055 2836 4125 ἐπίσημον
2869 4056 2961 4108 ἐπὶ
2982 4055 3204 4127 ἀρεταῖς
3233 4034 3536 4122 ἀπέδειξεν,
3581 4034 3715 4112 ἀλλὰ

444 4132 603 4190 runt;
645 4125 742 4181 sed
769 4138 824 4182 et
849 4128 1114 4186 miracula
1147 4132 1286 4202 ipsa,
1311 4150 1434 4204 qua:
1467 4138 1668 4206 partim
1701 4139 1826 4194 vivo
1855 4141 2036 4196 adhuc

2135 4148 2230 4200 καὶ
2261 4148 2361 4200 ὅσα
2393 4145 2672 4218 παράδοξα
2700 4147 2902 4212 ζῶντος
2925 4149 3110 4212 αὐτοῦ,
3144 4150 3238 4202 καὶ
3275 4149 3411 4220 μετὰ
3439 4151 3713 4221 τελευτὴν,

447 4216 588 4280 ipso,
625 4216 825 4284 partim
857 4228 982 4286 post
1005 4219 1126 4290 ejus
1155 4224 1361 4278 obitum
1395 4224 1538 4281 Deus
1581 4226 1636 4280 in
1663 4227 1836 4298 ipsius
1862 4231 2034 4284 hono-

2134 4237 2306 4308 τιμῶν
2357 4239 2446 4291 τὸν
2475 4216 2664 4310 -ἄνδρα
2713 4240 2741 4292 ὁ
2797 4239 2930 4302 Θεὸς
2961 4216 3298 4294 ἐπετέλεσεν..
3367 4216 3715 4294 Ἀποθανόντι

444 4319 562 4359 rem
597 4307 786 4364 edidit.
817 4309 1034 4367 Mortuo
1062 4315 1207 4368 enim
1237 4315 1352 4380 illo,
1407 4317 1554 4387 quod
1610 4319 1791 4374 adhuc
1839 4335 2030 4389 super-

2137 4307 2267 4400 γᾶρ,
2298 4329 2326 4380 ὃ
2356 4331 2431 4400 μὴ
2471 4307 2712 4400 περιόντι
2737 4329 2965 4400 ὑπῆρξε,
3005 4330 3160 4398 λόγος
3203 4333 3294 4384 ἐπὶ
3319 4331 3396 4401 τῷ
3425 4333 3580 4400 τάφῳ
3617 4331 3715 4383 αὐ·-

444 4395 574 4449 stite
609 4413 721 4453 non
749 4404 1072 4474 contigerat.
1109 4404 1251 4460 fama
1306 4415 1386 4463 est
1447 4409 1715 4479 hodieque
1758 4411 2032 4466 daemones

2137 4423 2231 4477 τοῦ
2280 4425 2444 4478 εἰσέτι
2497 4424 2592 4478 νῦν
2644 4424 2904 4492 δαίμονας
2949 4419 3366 4484 ἀπελαύνεσθαι,
3419 4422 3512 4474 καὶ
3549 4421 3717 4482 ἰάσεις

446 4486 517 4542 ad
545 4489 667 4560 ejus
703 4492 1016 4562 sepulcrum
1046 4493 1246 4566 fugari,
1295 4511 1360 4552 ac
1401 4500 1691 4553 nonnullas
1721 4502 2032 4557 curationes

2135 4515 2287 4578 τινὰς
2308 4516 2574 4584 γίνεσθαι.
2608 4515 2697 4568 Ἐν
2723 4507 2766 4580 ᾧ
2797 4514 2890 4566 καὶ
2924 4511 3030 4576 ζῶν
3065 4511 3346 4580 ἐτύγχανε,
3379 4511 3548 4563 πολλὰ
3583 4509 3713 4562 θαυ-

448 4578 591 4636 ﬁeri.
626 4579 730 4638 Sed
752 4593 808 4640 et
846 4585 1049 4641 viventi
1078 4589 1378 4643 etiamnum
1431 4591 1600 4646 multa
1644 4593 1890 4662 prodigia
1936 4594 2033 4648 tri-

1249 4604 1378 4643 num
1431 4591 1600 4646 mlllla
1644 4593 1890 4662 pl'OdiSia
1936 4594 2033 4648 ῑΐί-
2141 4607 2311 4679 μάσια
2339 4607 2489 4678 αὑτῷ
2512 4605 2844 4661 ἀνατιθέασι.

450 4669 717 4730 bttuatur.
755 4673 886 4732 Vide
914 4677 1106 4734 ibidem
1132 4681 1356 4750 reliqua.
2141 4669 2155 4679 ’
2291 4702 2301 4708 ·

522 4881 844 4940 Mentionem
873 4885 1106 4957 ejusdem
1137 4889 1265 4960 facit
1300 4900 1348 4944 et
1373 4889 1644 4957 Socrates,
1675 4891 1768 4947 lib.
1805 4909 1877 4956 vt,
1904 4909 2020 4960 cap.
2049 4893 2138 4960 10,
2165 4893 2253 4959 ll,
2283 4893 2338 4945 in
2368 4893 2593 4944 historia
2620 4890 3000 4960 C/trgsoslomi.
3047 4891 3368 4944 Sozomenus
3399 4903 3600 4956 quoque
3619 4885 3712 4939 lib.

450 4990 570 5040 vm,
603 4991 718 5044 cap.
750 4975 840 5040 M,
875 4986 927 5031 et
947 4993 1011 5032 ea:
1035 4979 1146 5033 illis
1171 4978 1502 5050 Nicephorus
1539 4982 1631 5035 lib.
1658 4999 1781 5048 xm,
1811 4999 1929 5052 cap.
1986 4983 2074 5035 1‘2.
2105 4982 2212 5038 Sed
2249 4981 2466 5035 cavendi
2499 4982 2664 5058 iidem,
2707 4981 2790 5034 illi
2819 4982 3097 5050 scriptores
3125 5022 3140 5045 ,
3185 4980 3312 5031 dum
3357 4977 3713 5046 Epiphaniam

451 5066 686 5136 referunt
723 5065 1388 5140 Anthropomorphitarum
1435 5075 1587 5127 initio
1643 5076 1876 5145 dogmati
1921 5076 2298 5141 inhaerentem,
2343 5085 2392 5130 et
2431 5093 2464 5128 a
2491 5074 2772 5143 Theophila
2804 5091 3033 5128 errorem
3069 5074 3369 5135 dedoctum,
3397 5073 3564 5125 eidem
3592 5085 3713 5139 pro-

450 5169 630 5228 pterea
662 5160 883 5229 favisse,
912 5174 1070 5234 atque
1098 5163 1377 5235 Origenem
1429 5168 1733 5226 damnasse.
1791 5167 2014 5224 Fallunt
2052 5172 2229 5236 enim,
2282 5180 2374 5223 aut
2421 5170 2690 5239 falluntur
2732 5169 2972 5223 historici
3022 5171 3104 5224 illi
3153 5168 3367 5238 Origeni
3407 5169 3526 5236 plus
3565 5183 3710 5237 (equo

452 5249 644 5315 dediti,
683 5261 734 5304 et
760 5269 878 5308 eam
902 5255 1014 5308 viro
1048 5258 1384 5312 sanctissimo
1434 5276 1496 5313 ac
1525 5261 1831 5314 doctissimo
1880 5262 2206 5315 calumniam
2247 5273 2552 5332 aspergunt,
2578 5280 2738 5333 quam
2764 5261 3055 5316 Catholicis
3100 5263 3361 5328 imponere
3397 5262 3549 5330 vulgo
3585 5259 3708 5314 Orio

453 5343 673 5412 genista:
699 5360 1110 5416 consueverant;
1143 5352 1224 5405 uti
1249 5353 1502 5408 nimirum
1544 5354 1714 5408 Deum
1735 5357 1798 5409 ab
1831 5355 1940 5410 illis
1980 5373 2321 5425 corporeum,
2358 5376 2419 5412 ac
2467 5361 2717 5413 membris
2753 5362 2863 5413 suis
2917 5361 3146 5411 humano
3210 5372 3350 5408 more
3388 5365 3712 5412 constantem

457 5432 624 5502 ﬁngi,
651 5433 976 5500 impudenter
1016 5455 1327 5498 assererent.
1381 5445 1525 5500 Nam
1571 5446 1636 5499 ab
1670 5449 1810 5502 omni
1855 5449 1954 5500 hac
2011 5450 2213 5502 invidia
2239 5449 2599 5518 Epiphaniam
2635 5451 2871 5505 sublevat
2923 5449 3271 5517 Hieronymus
3297 5451 3520 5518 epistola
3548 5447 3609 5500 6i
3644 5446 3710 5500 ad

456 5521 868 5581 Pammachium
914 5543 1097 5587 eorum
1146 5534 1410 5591 Joannem
1451 5537 1720 5595 Hierosol.
1780 5541 1903 5594 Vide
1934 5540 2174 5597 Annales
2220 5542 2422 5596 Baron.
2459 5560 2597 5596 armo
2633 5545 2929 5610 prtesertim
2975 5542 3080 5596 592
3121 5554 3170 5596 et
3205 5544 3326 5599 595.
3355 5541 3459 5597 Sed
3483 5551 3532 5594 et
3577 5543 3710 5595 alios

458 5615 722 5685 deinceps,
746 5619 802 5673 in
829 5623 1016 5691 quibus
1045 5625 1332 5700 Epiphanii
1355 5642 1500 5702 gesta
1528 5635 1883 5703 prosequitur.

1166 5725 1535 5794 [Meminerant
1561 5728 1673 5797 ejus
1699 5742 1951 5797 praeterea
1989 5739 2038 5784 et
2068 5728 2302 5784 Nicwna:
2332 5729 2517 5798 synodi
2555 5729 2796 5782 secunda:
2827 5725 3008 5799 Λεία]
