4058 6434
500 396 565 451 21
1735 392 2165 449 TESTIMONIA
2196 390 2551 445 VETERUM.
3681 389 3752 444 9‘!

1608 502 1692 556 Ex
1726 503 2058 559 Bibliotheca
2088 502 2288 567 Photii,
2322 502 2442 557 cod.
2489 515 2669 555 cxxxv.

574 611 920 687 Ἀνετνῶσθη
947 613 1268 685 Ἐπιφανίου
1299 613 1392 667 τοῦ
1440 614 1742 682 ἀγιωτάτου
1784 615 2084 669 ἐπισκόπου

2261 613 2423 668 Lecta
2451 620 2581 667 sunt
2610 609 2942 668 sanctissimi
2971 608 3254 680 Epiphanii
3316 608 3550 664 Panaria
3580 612 3757 665 tribus

507 703 579 757 τά
617 701 883 771 Πανάρια
910 704 970 755 ὲν
1003 702 1215 772 τεύχεσι
1244 702 1343 773 μὲν
1385 702 1551 773 τρισὶ,
1600 702 1787 773 τὸμοις
1833 704 1890 756 δὲ
1922 703 2081 766 ἑπτὰ,

510 794 653 849 κατὰ
676 794 946 866 αἱρέσεων
975 794 1031 847 δὲ
1056 794 1403 865 ὀγδοήκοντα.
1439 794 1698 865 Ἀρχεται
1726 794 1823 866 μὲν
1852 795 1959 849 ἀπὸ
1990 794 2083 849 τοῦ

512 883 927 958 Βαρϐαρισμοῦ,
970 886 1179 940 κάτεισι
1211 884 1267 938 δὲ
1318 884 1476 957 μέχρι
1521 885 1629 938 τῶν
1674 885 2082 941 Μεσσαλιανῶν.

514 975 736 1028 Πάντων
761 973 818 1026 δὲ
842 973 953 1027 τῶν
974 974 1080 1045 πρὸ
1106 973 1269 1029 αὑτοῦ
1294 974 1437 1028 κατά
1462 974 1724 1046 αἱρέσεων
1752 975 2087 1047 καταϐεϐλη-

515 1066 687 1119 κότων
719 1066 915 1129 πόνους
947 1065 1281 1137 πλατύτερός
1311 1082 1372 1118 τε
1405 1065 1499 1119 καὶ
1521 1066 1961 1139 χρησιμώτερος·
2004 1068 2086 1120 ὄτι

517 1157 661 1228 ἅπερ
686 1174 745 1210 τε
771 1156 1001 1220 ὲκείνας
1028 1154 1235 1228 ἐρρήθη
1284 1155 1345 1209 τὸ
1371 1157 1637 1227 χρήσιμον
1667 1156 1879 1228 ἔχοντα,
1932 1152 2086 1220 οὗτος

516 1246 578 1297 ού
632 1244 1013 1316 παραλέλοιπε,
1058 1246 1152 1298 καὶ
1185 1245 1240 1297 εί
1292 1263 1346 1298 τι
1406 1245 1788 1318 προσεξευρεῖν
1822 1244 2083 1319 ἠδυνήθη,

516 1333 839 1405 προσέθηκε.
865 1334 976 1407 Τὴν
999 1334 1055 1387 δὲ
1085 1335 1283 1406 φράσιν
1313 1336 1568 1399 ταπεινός
1598 1353 1656 1388 τε
1704 1336 1798 1390 καὶ
1831 1331 1920 1389 οἷα
1941 1336 2087 1400 εἱκὸς

516 1423 766 1495 Ἀττικῆς
791 1424 1039 1488 παιδείας
1067 1426 1417 1497 ἀμελέτητος.
1469 1427 1729 1496 Ἀσθενὴς
1772 1426 1829 1480 δὲ
1879 1428 1944 1481 ἐκ
1991 1434 2083 1482 τοῦ

514 1515 611 1568 ἐπὶ
643 1514 889 1570 πλεῖστον
911 1516 969 1570 ὲν
1001 1520 1121 1580 ταῖς
1152 1518 1294 1572 κατά
1350 1518 1458 1574 τῶν
1500 1518 1773 1572 δυσσεϐῶν
1824 1519 2094 1588 αἱρέσεων

516 1607 874 1677 συμπλοκαῖς.
901 1608 1153 1678 Ἐνιαχοῦ
1184 1610 1365 1679 μέντοι
1400 1609 1675 1680 ἀριστεύει
1728 1611 1849 1672 ταῖς
1902 1608 2087 1661 ἐπιϐο-

516 1697 655 1763 λαῖς,
688 1699 737 1751 εἱ
766 1697 993 1753 καὶτῶν
1024 1702 1284 1772 ῥημάτων
1324 1700 1494 1772 αὐτῷ,
1524 1699 1737 1770 καὶτῆς
1783 1698 2086 1766 συντάξεως

513 1786 667 1842 οὐδὲν
687 1790 758 1857 ,τὸ
785 1790 976 1860 ἰδίωμα
999 1791 1435 1861 συμϐελτιοῦται.

2191 701 2584 771 comprehensa
2620 698 3010 764 voluminibus,
3043 698 3206 754 tomis
3240 710 3466 769 septem,
3498 700 3759 756 adversus

2191 793 2426 847 haereses
2448 807 2611 846 Lux.
2644 789 2862 845 Initium
2904 788 3061 844 duxit
3105 802 3136 843 a
3166 787 3535 857 Barbarismo,
3578 800 3632 845 et
3692 793 3760 846 ad

2191 882 2548 940 Messalianos
2577 896 2750 952 usque
2777 880 3043 951 pervenit.
3071 879 3169 935 llic
3197 880 3476 946 omnibus,
3510 881 3602 952 qui
3636 890 3761 937 ante

2193 976 2369 1045 ipsum
2423 974 2683 1029 adversus
2726 974 2959 1028 haereses
2992 972 3396 1028 lucubrationes
3450 972 3757 1035 ediderunt,

2193 1066 2412 1122 uberior
2444 1072 2608 1135 atque
2649 1064 2835 1118 utilior
2868 1073 2967 1119 est.
3000 1062 3136 1118 Nam
3175 1079 3278 1121 nec
3306 1079 3370 1120 ea
3393 1065 3758 1134 praetermisit,

2192 1167 2530 1224 quaecunque
2559 1153 2628 1209 ab
2654 1153 2778 1208 aliis
2802 1152 3017 1223 prodita
3048 1154 3301 1211 utilitatis
3351 1153 3558 1225 aliquid
3590 1156 3761 1210 conti-

2193 1253 2324 1299 nent
2362 1262 2377 1299 :
2412 1251 2467 1299 et
2496 1245 2611 1315 ipse
2641 1260 2764 1314 quae
2791 1244 2968 1314 potuit
3008 1260 3038 1297 a
3069 1258 3128 1299 se
3155 1244 3460 1315 excogitata
3488 1244 3594 1300 illis
3613 1245 3763 1302 addi-

2192 1332 2287 1387 dit.
2318 1332 2502 1389 Genus
2531 1332 2744 1389 dicendi
2780 1333 3007 1397 humile,
3043 1342 3096 1389 et
3135 1333 3444 1404 cujusmodi
3484 1333 3604 1403 ejus
3642 1348 3764 1390 esse

2192 1432 2390 1494 potest,
2417 1422 2511 1494 qui
2542 1425 2732 1479 Atticae
2762 1422 3026 1480 doctrinae
3051 1423 3206 1480 rudis
3229 1424 3518 1480 exstiterit.
3553 1423 3660 1480 Sed
3710 1434 3763 1480 et

2193 1514 2247 1567 in
2278 1513 2627 1571 confutandis
2688 1515 2989 1572 haaresibus
3040 1517 3361 1588 plerumque
3410 1533 3607 1574 nervos
3655 1532 3761 1573 non

2192 1601 2375 1657 habet.
2406 1601 2735 1673 Quanquam
2791 1603 3064 1660 interdum
3120 1606 3585 1675 praestantissimis
3645 1607 3761 1660 illa!

2193 1693 2497 1751 rationibus
2547 1709 2612 1750 ac
2641 1694 2925 1751 sententiis
2951 1696 3259 1766 aggreditur
3290 1712 3303 1746 :
3344 1696 3444 1750 etsi
3477 1696 3643 1750 nihilo
3682 1694 3733 1749 di

2191 1784 2301 1840 ctio
2331 1784 2404 1841 sit
2438 1795 2602 1856 atque
2627 1786 2892 1842 orationis
2926 1795 3224 1852 structura,
3286 1797 3382 1844 aut
3426 1790 3597 1859 stylus
3650 1789 3745 1859 ipsi

2192 1876 2550 1931 commodior.

585 1965 924 2038 Ἀνεγνώσθη
944 1967 1039 2022 τοῦ
1065 1969 1228 2022 αὺτοῦ
1255 1971 1284 2023 ὁ
1320 1970 1693 2041 Ἀγκυρωτὸς,
1726 1969 1944 2039 σύνοψις
1971 1969 2079 2023 ῶσ-

2252 1964 2513 2036 Legimus
2541 1976 2595 2021 et
2624 1968 2868 2038 ejusdem
2902 1969 3252 2034 Ancoratum,
3294 1984 3415 2038 quae
3444 1978 3526 2023 est
3551 1984 3761 2027 summa

515 2073 624 2127 περ
645 2058 754 2111 τῶν
779 2062 1088 2128 Παναρίων
1118 2062 1454 2133 ὑπάρχουσα.

529 2300 627 2353 Ἐκ
648 2298 755 2353 τοῦ
783 2301 1195 2369 Marum-toi},
1222 2300 1416 2369 μηνὸς
1456 2302 1668 2369 Μαΐου.
1703 2330 1773 2340 -—
1817 2298 1899 2363 Τῷ
1930 2297 2090 2362 αὑτῷ

588 2369 664 2432 ιβ’
720 2366 831 2422 Τοῦ
870 2366 948 2422 ἐν
1000 2366 1186 2437 ἁγίοις
1223 2366 1461 2437 ’Πατρός
1521 2368 1689 2437 ἡμῶν
1742 2369 2088 2437 Ἔπιφανίου

583 2438 1057 2507 ἁρχιεπισκόπου
1088 2440 1505 2504 Κωνσταντίιις
1540 2440 1801 2507 Κύπρου.

1183 2531 1230 2582 Σ
1236 2530 1291 2583 τί
1293 2546 1418 2598 χος.

652 2616 870 2687 dtu-reici
906 2616 1247 2687 Ἐπιφάνιος
1267 2618 1337 2670 ἐν
1368 2618 1583 2687 Κύπρῳ
1602 2617 1811 2687 μέγας,

656 2685 843 2757 Κνὶέος
868 2686 1002 2757 παρζ
1031 2685 1185 2757 αὐτῇ
1215 2687 1311 2757 καὶ
1342 2686 1541 2757 θανὼν
1569 2685 1698 2755 ἔχει
1718 2686 1894 2757 μέγα.

662 2758 705 2808 Τ
706 2754 739 2823 ᾗ
759 2752 1188 2822 δυοκαὶδεκάτῂ
1226 2755 1579 2824 Ἐπιφάνιον
1602 2752 1792 2825 ῖιόρος
1806 2752 2004 2810 alter.

587 2840 756 2909 Οὗτος
792 2847 821 2898 ὁ
844 2845 1016 2916 μέγας
1060 2846 1155 2899 καὶ
1208 2844 1519 2916 θαυμαστὸς
1550 2846 1867 2914 Ἐπιφάνιος
1904 2846 2087 2918 χώρας

515 2937 705 3006 γέγονε
753 2937 1028 3008 Φοινίκης,
1091 2938 1157 2991 ἐκ
1188 2936 1519 3009 περιοικίδος
1567 2938 2084 3010 Ἐλευθεροπόλεως,

515 3026 718 3095 γονέων
744 3027 1082 3101 αύτουργῶν.
1120 3028 1361 3099 Τραφεὶς
1393 3028 1450 3082 δὲ
1479 3029 1537 3082 ὲν
1582 3028 1730 3101 οἱκὶᾳ
1764 3031 1954 3101 μικρᾷ,
1993 3030 2087 3085 καὶ

511 3119 633 3173 οἷαν
671 3119 842 3190 ἔχοιεν
874 3120 1102 3189 πένητες
1158 3118 1468 3189 ἄνθρωποι,
1506 3120 1601 3174 καὶ
1629 3120 1879 3191 γηπόνοι,
1927 3119 2088 3183 αὐτός

511 3212 583 3281 τῇ
617 3211 758 3265 κατὰ
789 3210 923 3265 Θεὸν
964 3209 1260 3281 διέλαμψεν
1306 3212 1496 3281 ἀρετῇ,
1528 3211 1621 3265 καὶ
1652 3212 1732 3275 εἱς
1762 3211 1823 3264 τὸ
1855 3212 2089 3284 ἀκρότα-

512 3319 607 3356 τον
637 3302 769 3370 ὖψος
792 3302 892 3370 τῆς
910 3302 1030 3355 κατ’
1060 3301 1337 3355 εὐσέϐειαν
1367 3302 1617 3374 προήχθη
1642 3302 1934 3367 πολιτείας.
1967 3302 2087 3356 Τῶν

513 3393 624 3466 γάρ
664 3393 866 3462 γονέων
893 3393 1061 3447 αὐτοῦ
1086 3395 1150 3465 τῇ
1180 3392 1274 3446 τοῦ
1305 3392 1470 3463 νόμου
1500 3394 1968 3464 ὲναπομεινάντων
1996 3393 2089 3447 λα-

513 3485 671 3556 τρεία
696 3484 791 3538 καὶ
820 3484 965 3553 σκιᾷ,
997 3483 1090 3536 καὶ
1121 3482 1195 3554 μὴ
1216 3482 1552 3554 δυνηθέντων
1597 3481 1722 3537 ἰδεῖν
1763 3483 1825 3536 τὸ
1850 3483 1964 3551 φῶς
1990 3484 2087 3555 τῆς

514 3575 754 3647 Χάριτος,
781 3573 941 3639 αὐτὸς
962 3573 1097 3648 πρὸς
1116 3572 1214 3644 τὴν
1241 3574 1298 3627 ὲν
1313 3572 1532 3646 Χριστῷ
1551 3572 1807 3645 ἀλήθειαν
1832 3572 2084 3644 ἔδραμεν,
2112 3563 2155 3617 (3

516 3664 720 3734 μικρᾶς
763 3660 1100 3734 δραξάμενος
1144 3661 1418 3732 ἀφορμῆς.
1475 3662 1733 3716 Κλεοϐίου
1787 3664 1895 3733 γάρ
1946 3680 2087 3726 τινος

514 3755 811 3824 ἱασαμένου
862 3752 1025 3806 αὑτοῦ
1056 3752 1152 3824 τὴν
1178 3752 1413 3824 πληγὴν,
1448 3753 1514 3825 ἥν
1560 3754 1771 3826 ὑπέστη
1804 3754 1944 3808 κατά
1992 3754 2085 3809 τοῦ

516 3843 714 3914 μηροῦ,
751 3843 1001 3906 ἀτάκτως
1062 3845 1319 3906 πεσόντος
1371 3844 1479 3896 ἀπὸ
1528 3843 1843 3912 ὑποζυγίου,
1899 3841 1960 3899 οὗ
1986 3847 2086 3899 ὲπ-

511 3936 725 4004 ωχεῖτο,
748 3935 1305 4006 κατασκιρτήσαντος,
1346 3936 1439 3987 καὶ
1466 3934 1627 3989 αὑτοῦ
1659 3936 1722 4005 δὴ
1747 3936 1839 3988 τοῦ
1881 3934 2085 4000 ὑποζυ-

511 4026 635 4094 γίου
669 4025 1089 4091 θανατωθέντος,
1128 4027 1250 4079 τότε
1283 4026 1380 4097 μὲν
1410 4026 1703 4096 ἀμφίδοξον
1748 4030 1806 4081 ὲν
1850 4028 2085 4097 διαλογι-

514 4120 672 4187 σμοῖς
695 4116 820 4188 ἔσχε
848 4119 947 4189 τὴν
967 4117 1212 4190 γνώμην,
1244 4119 1334 4172 καὶ
1354 4119 1414 4171 τὸ
1437 4118 1622 4172 λοιπὸν
1641 4119 1703 4171 ού
1733 4118 1874 4172 πάνυ
1899 4121 1965 4190 τῇ
1990 4118 2083 4173 τοῦ

513 4207 679 4278 νόμου
710 4211 965 4280 προσεῖχε
982 4207 1221 4279 δουλείᾳ.
1259 4208 1523 4279 ’Ὕστερον
1566 4206 1624 4260 δὲ
1668 4207 1949 4278 Λουκιανῷ
1979 4225 2085 4260 τινι

516 4296 800 4367 μονάζοντι
829 4296 1087 4368 ἐντυχὼν,
1105 4294 1242 4351 οἱδεν
1265 4297 1425 4351 αὐτὸν
1453 4296 1646 4367 πένητι
1673 4298 2083 4368 ἐντυγχάνοντα,

514 4387 764 4457 ζητοῦντι
795 4387 945 4458 αὐτῷ
978 4388 1181 4459 βρῶσιν
1236 4389 1429 4458 φαγεῖν
1454 4403 1467 4417 ·
1510 4388 1541 4440 ὁ
1568 4386 1626 4440 δὲ
1669 4388 1762 4440 καὶ
1802 4386 2086 4458 τριϐώνιον

512 4478 780 4543 ἀπέδωκε,
805 4480 899 4533 καὶ
930 4478 1128 4533 αὐτίκα
1165 4478 1370 4534 ἀνωθεν
1408 4477 1600 4549 ἐκείνῳ
1643 4478 1804 4551 στολὴ
1845 4478 1926 4550 τῷ
1954 4479 2087 4533 Λου-

512 4568 683 4640 κιανῷ
703 4569 963 4624 ἐνεδύετο.
984 4571 1093 4623 Καὶ
1106 4570 1276 4623 ταῦτα
1305 4570 1634 4641 θεασάμενος
1654 4570 1989 4639 Ἐπιφάνιος,
2016 4574 2085 4641 τῇ

510 4659 624 4715 τῶν
678 4661 1014 4733 Χριστιανῶν
1061 4662 1240 4715 πίστει
1292 4661 1672 4733 προσέρχεται,
1725 4663 1907 4717 καὶτὸ
1934 4662 2087 4731 ἆγιον

512 4752 793 4824 βάπτισμα
836 4754 988 4825 παρὰ
1019 4752 1112 4807 τοῦ
1164 4756 1459 4808 ἐπισκόπου
1479 4755 1709 4827 δέχεται.
1729 4755 1809 4808 Τὰ
1834 4754 1890 4807 δὲ
1915 4754 2083 4807 ὲντεῦο

510 4843 605 4898 θεν
626 4844 949 4915 δυσέφικτον
983 4846 1040 4898 ὲν
1073 4845 1320 4918 ἐπιτόμῳ
1346 4848 1523 4901 πάντα
1547 4847 1878 4918 περιλαϐεῖν,
1913 4847 1948 4902 ἃ
1974 4851 2084 4920 εἱρ-
2114 4893 2162 4953 D

509 4937 736 5006 τάσατο.
773 4937 1037 4991 Τοσοῦτον
1069 4937 1125 4991 δὲ
1154 4937 1325 4991 εἰπεῖν
1367 4938 1526 5008 μόνον
1580 4940 1729 4991 ἐστὶν
1767 4942 2080 5008 ἀναγκαῖον,

509 5029 594 5081 ὅτι
623 5028 814 5099 κομιδῆ
848 5027 969 5091 νέος
1001 5026 1076 5081 ὢν
1104 5030 1170 5099 τῇ
1196 5027 1403 5099 ἡλικίᾳ,
1435 5028 1533 5100 τὴν
1566 5030 1705 5083 κατὰ
1732 5030 1965 5101 Χριστὸν
1991 5032 2081 5083 πξο

512 5136 631 5173 στιν
662 5118 1076 5189 ὑποδεξάμενος,
1128 5117 1287 5182 εὐθὺς
1347 5120 1585 5190 μονάσας
1641 5120 1822 5184 ὁσίως,
1880 5120 2085 5183 πάντας

510 5210 637 5276 τοὺς
663 5212 781 5266 κατ’
819 5211 979 5266 αὐτὸν
1012 5209 1354 5282 ὐπερήλασεν
1404 5212 1722 5283 ἐγκρατείᾳ,
1776 5213 1871 5266 καὶ
1901 5213 2083 5276 πόνοις

508 5303 847 5374 ἀσκητικοῖς·
878 5305 972 5357 καὶ
997 5306 1075 5369 εἱς
1098 5304 1159 5357 τὸ
1189 5303 1391 5357 τέλειον
1425 5304 1526 5373 τῆς
1554 5303 1962 5376 ἀρχιερωσύνης
1988 5321 2080 5372 γε·

509 5394 758 5466 νόμενος,
779 5395 1107 5467 κατάλληλον
1120 5396 1276 5467 ἔσχεν
1299 5395 1398 5467 τὴν
1426 5394 1624 5468 πρᾶξιν
1647 5398 1758 5461 τοῖς
1786 5396 2087 5468 προϐεϐιω-

514 5483 717 5555 μένοις.
760 5485 850 5540 Ἐν
880 5486 979 5556 μὲν
1003 5485 1112 5559 γάρ
1139 5489 1250 5551 τοῖς
1277 5486 1633 5559 παρελθοῦσιν
1649 5487 1951 5559 ἀσκητικὴν
1972 5488 2087 5541 διαο

513 5575 720 5647 γωγὴν,
778 5576 958 5648 πλήθη
999 5577 1315 5650 θαυμάτων,
1367 5580 1459 5633 καὶ
1516 5579 1810 5650 θεραπείαν
1877 5580 2086 5634 πολλῶν

515 5663 878 5720 ἀσθενούντων
906 5667 1221 5739 εἰργάσατο,
1276 5671 1362 5723 Ἐν
1390 5670 1445 5723 δὲ
1468 5673 1580 5733 τοῖς
1607 5671 1743 5741 μετὰ
1780 5671 1877 5741 τὴν
1927 5673 2085 5741 ἱερω-

515 5747 701 5821 σύνην,
736 5751 876 5807 αὐτά
898 5769 956 5806 τε
987 5753 1180 5817 ταῦτα,
1217 5757 1309 5811 καὶ
1358 5757 1703 5812 διδασκαλίαν
1759 5758 1955 5828 ὀρθὴν,
1993 5762 2086 5812 καὶ

2195 2058 2440 2126 quaedam
2472 2056 2848 2113 Panariorum.

2193 2294 2277 2347 Ex
2309 2296 2608 2363 Menologio
2627 2294 2950 2349 Graecorum.
2976 2322 3041 2333 —-
3062 2293 3260 2348 Eodem
3286 2313 3459 2350 nfense
3489 2298 3654 2361 Maio,
3680 2301 3768 2353 die

2261 2379 2356 2437 xui,
2387 2367 2561 2437 sancti
2602 2364 2782 2437 Patris
2815 2366 2983 2417 nostri
3049 2363 3335 2433 Epiphanii
3388 2369 3766 2437 archiepiscopi

2260 2431 2587 2487 Constantia:
2620 2434 2673 2486 in
2697 2433 2889 2502 Cypro.

2873 2522 3085 2577 Versus.

2261 2615 2588 2686 Epiphanius
2613 2616 2669 2667 in
2695 2614 2867 2683 Cypro
2894 2616 3072 2685 magni
3098 2618 3322 2671 nominis
3343 2618 3467 2670 dum
3489 2621 3694 2686 riveret,

2260 2684 2441 2738 Etiam
2471 2685 2599 2753 fatis
2634 2687 2845 2754 functus
2875 2684 3015 2753 apud
3057 2687 3223 2753 ipsam
3272 2703 3491 2748 maans
3528 2684 3761 2746 habetur.

2260 2754 2360 2809 Die
2390 2754 2701 2808 duodecima
2726 2769 2865 2806 mors
2908 2754 3263 2822 Epiphaniam
3302 2758 3445 2810 tulit.

2257 2844 2485 2916 Magnus
2506 2844 2608 2900 iste
2658 2853 2823 2915 atque
2840 2844 3179 2903 admirabilis
3200 2845 3536 2918 Epiphanius
3560 2866 3590 2905 e
3616 2851 3764 2908 Phoe-

2187 2933 2329 2989 nicia
2364 2934 2655 2997 oriundus,
2683 2936 2736 2988 in
2766 2949 2899 3005 agro
2933 2933 3495 3007 Eleutheropolilann,
3528 2946 3765 3010 parenti.

2187 3026 2289 3082 bus
2330 3026 2680 3097 pauperibus,
2713 3036 2768 3080 et
2797 3027 3053 3083 manibus
3078 3027 3278 3083 victum
3334 3029 3437 3090 sibi
3472 3033 3763 3099 quaerenti.

2187 3118 2312 3182 bus,
2346 3117 2537 3172 humili
2564 3118 2617 3171 in
2649 3118 2836 3182 domo,
2864 3126 2918 3172 et
2937 3117 3245 3187 eujusmodi
3282 3134 3578 3188 pauperum
3606 3136 3764 3196 atque

2188 3209 2551 3280 agricolarum
2581 3223 2703 3263 esse
2736 3217 2936 3278 potest,
2969 3209 3269 3273 educatus;
3322 3211 3611 3283 splendore
3655 3216 3765 3286 ipse

2187 3300 2405 3355 virtutis
2426 3300 2644 3364 claruit,
2675 3309 2728 3353 et
2760 3300 2826 3355 ad
2862 3315 3139 3353 summum
3196 3300 3296 3369 pia:
3353 3302 3619 3372 religiosa:
3646 3307 3765 3363 vitae

2190 3390 2463 3461 fastigium
2504 3400 2795 3461 provectus
2837 3400 2942 3445 est.
3003 3389 3137 3444 Nam
3178 3406 3301 3445 cum
3358 3391 3476 3460 ejus
3514 3407 3763 3464 parentes

2190 3483 2242 3536 in
2297 3481 2535 3537 Judaicze
2569 3483 2715 3537 cultu
2784 3482 2920 3555 legis
2973 3493 3138 3555 atque
3189 3484 3380 3539 umbra
3421 3500 3763 3554 perseveras-

2189 3582 2328 3636 sent,
2354 3588 2529 3642 neque
2564 3573 2752 3644 gratiae
2773 3573 2947 3631 lucem
2978 3572 3223 3643 aspicere
3250 3574 3582 3642 potuissent,
3629 3576 3763 3645 ipse,

2189 3663 2517 3717 levissimam
2550 3663 2895 3717 occasionem
2935 3672 3151 3728 nactus,
3190 3662 3764 3732 Christianamadvc-

2187 3752 2399 3807 ritatem
2427 3751 2691 3822 confugit.
2726 3751 3019 3822 Postquam
3049 3753 3195 3806 enim
3252 3752 3512 3810 Cleobius
3546 3757 3764 3825 quidam

2189 3840 2337 3895 illum
2369 3843 2493 3911 equi
2517 3842 2789 3904 indomiti,
2816 3857 2881 3896 ac
2911 3845 3252 3899 contumacis
3285 3845 3490 3901 insultn
3522 3859 3763 3916 prostra-

2188 3943 2325 3995 tum,
2364 3942 2417 3987 et
2443 3933 2494 3986 in
2522 3931 2728 3987 femore
2756 3932 3061 3987 sauciatum
3092 3934 3327 3997 curavit,
3379 3945 3543 4006 atque
3590 3953 3764 4007 equus

2187 4025 2302 4095 ipse
2340 4024 2658 4079 interfectus
2688 4032 2771 4079 est
2798 4043 2810 4077 :
2838 4023 3022 4078 statim
3061 4024 3279 4094 quidem
3306 4026 3458 4080 vario
3483 4028 3762 4098 cogitatio-

2187 4133 2317 4172 num
2339 4126 2471 4171 aestu
2506 4130 2659 4170 mens
2687 4116 2833 4169 illius
2865 4116 3058 4185 agitari
3092 4117 3293 4187 ccepit:
3321 4117 3395 4172 ita
3421 4128 3480 4173 ut
3509 4120 3764 4190 deinceps

2186 4223 2313 4278 erga
2334 4207 2467 4277 legis
2498 4207 2817 4261 servitutem
2837 4222 2945 4259 non
2971 4207 3106 4260 adeo
3127 4216 3273 4261 esset
3297 4207 3540 4264 affectus.
3571 4209 3764 4265 Postea

2187 4313 2316 4353 vero
2355 4298 2409 4352 in
2436 4297 2736 4352 Lucianum
2788 4299 3077 4367 quemdam
3109 4299 3438 4353 monachum
3496 4301 3764 4367 incidens,

2188 4404 2312 4445 cum
2366 4404 2489 4445 eum
2520 4388 2746 4443 vidisset
2774 4405 2806 4442 a
2854 4390 3102 4445 mendico
3128 4390 3319 4459 stipem
3368 4401 3635 4462 rogatum,
3670 4394 3761 4447 ubi

2187 4481 2409 4551 pallium
2439 4495 2598 4537 suum
2632 4479 2860 4549 largitus
2914 4490 3081 4547 esset,
3116 4489 3263 4537 veste
3313 4483 3380 4537 de
3429 4485 3570 4539 cmlo
3597 4485 3762 4540 missa

2188 4573 2439 4641 protinus
2469 4570 2743 4636 indutum,
2787 4570 3116 4627 Christiana:
3142 4573 3392 4644 religioni
3437 4589 3633 4631 nomen
3669 4577 3763 4631 de-

2188 4663 2288 4729 dit,
2342 4672 2507 4732 atque
2554 4661 2623 4717 ab
2658 4648 2928 4733 episcopo
2970 4663 3279 4733 baptizatus
3321 4675 3425 4719 est.
3476 4663 3609 4731 Quae
3638 4682 3761 4722 vero

2187 4763 2374 4823 postea
2401 4754 2651 4823 gesserit,
2683 4748 2872 4823 paucis
2899 4754 3184 4825 complecti
3209 4755 3391 4809 omnia
3421 4755 3635 4812 dilIicilo
3659 4768 3760 4812 est.

2189 4844 2369 4900 Unmn
2396 4845 2549 4908 illud,
2582 4846 2879 4917 etquidem
2908 4846 3300 4913 necessarium,
3332 4846 3602 4903 aﬂirmare
3633 4863 3760 4919 pos-

2190 4954 2382 4993 sumus
2421 4958 2435 4992 :
2469 4953 2592 4993 cum
2630 4938 2677 4993 is
2705 4948 2863 4993 aetate
2897 4938 3191 4994 admodum
3227 4948 3373 4995 esset
3420 4940 3757 5008 adolescens,

2190 5030 2520 5101 simulatque
2548 5030 2751 5086 Christi
2781 5029 2938 5086 fidem
2979 5030 3261 5100 amplexus
3296 5039 3415 5091 est,
3448 5030 3759 5088 mouasticzn

2189 5120 2548 5192 professionis
2584 5120 2837 5176 instituto
2860 5131 3138 5190 suscepto,
3169 5119 3403 5188 aequales
3432 5120 3591 5201 illuni
3627 5135 3775 5178 suos

2190 5228 2381 5269 omnes
2406 5213 2740 5270 continentia
2767 5254 2781 5280 ,
2822 5222 2878 5269 et
2915 5214 3164 5268 ascetica:
3192 5212 3314 5266 vitae
3347 5212 3626 5271 laboribus
3655 5230 3756 5271 an~

2190 5304 2497 5361 tecessisse.
2526 5304 2888 5375 Posteaquam
2919 5315 3100 5363 autem
3151 5318 3429 5359 summum
3464 5304 3538 5369 ,ad
3572 5319 3756 5367 sacer-

2185 5396 2391 5450 dotium
2424 5397 2683 5464 pervenit,
2719 5405 3085 5453 consentanea
3122 5396 3242 5450 vitae
3295 5405 3560 5453 anteactae
3582 5400 3757 5457 virtu-

2187 5496 2301 5541 tum
2330 5486 2522 5543 olliciis
2556 5503 2665 5557 pra:
2700 5503 2759 5542 se
2787 5488 2931 5543 tulit.
2974 5486 3186 5542 Etenim
3232 5504 3356 5543 cum
3384 5498 3542 5545 antea
3570 5507 3758 5547 mona-

2188 5578 2379 5635 sticam
2410 5577 2625 5634 vivendi
2686 5580 2953 5635 rationem
2985 5579 3193 5635 crebris
3242 5580 3548 5644 miraculis,
3599 5590 3754 5650 atquc

2188 5676 2512 5740 :egrotorum
2543 5670 2904 5739 plurimorum
2965 5672 3340 5727 curationibus
3397 5681 3756 5736 cxornassct;

2191 5771 2442 5831 suscepto
2474 5763 2811 5831 pontificatu,
2849 5771 3040 5831 praeter
3076 5764 3188 5818 haec
3227 5764 3433 5829 ornnia,
3484 5776 3674 5819 sanam
3697 5779 3759 5817 ac
