4058 6462
368 331 438 386 93
1647 330 1704 386 S.
1746 331 2092 387 EPIPHA‘NII
2133 333 2314 388 VITA.
3548 343 3617 398 25

366 446 635 501 sinceram
695 446 1000 502 doctrinam
1053 446 1376 518 adiungens,
1408 447 1572 502 etiam
1613 450 1942 520 scriptorum

2060 449 2498 520 ςυγγραμμάτων
2525 449 2718 520 πλήθει
2747 450 2954 516 πάντας
2981 453 3318 508 ἐπαίδευσεν.
3363 457 3538 530 ’Υπὲρ
3567 455 3630 515 οὗ

366 551 593 592 suorum
624 537 779 607 copia
806 538 1090 592 universos
1121 538 1337 591 erudiit.
1369 537 1580 603 Quibus
1606 539 1734 593 dum
1763 540 1942 594 inten-

368 637 456 682 tus
495 637 597 694 est,
633 628 831 681 multos
865 628 933 681 ab
969 627 1278 682 inlidelibus
1316 635 1370 680 et
1410 628 1681 683 haereticis
1729 629 1945 685 labores

368 717 609 786 pertulit.
644 716 928 770 Postremo
968 730 1092 769 cum
1128 725 1347 770 centum
1383 717 1626 786 quinque
1657 733 1851 783 annos,
1881 735 1944 774 ac

367 823 583 863 menses
634 817 892 878 praeterea
956 817 1065 862 tres
1113 807 1426 876 explesset,
1484 808 1942 878 quemadmodum

368 899 600 955 Arcadio
633 899 943 970 imperatori
975 899 1332 969 interroganti
1371 899 1750 968 responderat,
1784 899 1945 968 spiri-

368 1001 484 1045 tum
546 990 780 1047 Domino
839 990 1114 1058 reddidit,
1152 1005 1398 1060 peregre,
1455 999 1511 1044 et
1567 1000 1720 1046 extra
1760 992 1942 1045 sedem

366 1096 522 1137 suam
559 1099 572 1136 :
613 1098 710 1153 pro
739 1097 805 1138 eo
829 1097 894 1136 ac
925 1080 1354 1152 Chrysostomus
1379 1083 1605 1150 petierat
1632 1100 1647 1149 ;
1681 1082 1940 1151 quoniam

366 1179 680 1248 relegationi
707 1177 871 1248 hujus
893 1176 1231 1248 Epiphanius
1249 1177 1668 1248 subscripserat.
1693 1177 1943 1233 Vicissim

365 1278 545 1323 autem
577 1269 936 1339 Epiphanium
968 1269 1318 1339 rescripsisse
1373 1279 1712 1337 memorant;
1770 1286 1946 1345 neque

366 1360 519 1414 illum
559 1361 737 1415 locum
772 1377 920 1426 eum,
948 1361 1002 1415 in
1040 1376 1202 1430 quem
1239 1361 1514 1429 deportari
1560 1362 1753 1432 jussus
1803 1371 1941 1430 erat,

365 1469 485 1510 esse
511 1457 780 1510 visurum.
831 1453 951 1508 Jam
975 1456 1217 1525 synaxis,
1251 1471 1372 1525 quae
1418 1457 1472 1510 in
1504 1456 1647 1512 illius
1677 1457 1940 1511 honorem

2053 541 2278 604 πολλοὺς
2299 542 2488 613 ἐξεῦρε
2527 545 2651 606 τοὺς
2681 546 3023 616 πειρασμοὺς
3062 547 3212 616 παρὰ
3262 549 3365 604 τῶν
3405 551 3628 604 κακοδό-

2050 633 2176 699 ξων.
2204 635 2382 705 Ζήσας
2413 634 2468 687 δὲ
2497 634 2592 704 ἐτη
2621 635 2782 688 πέντε
2817 636 2954 707 πρὸς
2991 641 3103 701 τοῖς
3128 640 3342 703 ἑκατὸν,
3375 643 3466 695 ἐπὶ
3497 644 3630 712 μησὶ

2049 727 2247 797 τρισὶν,
2306 725 2380 790 ὡς
2408 726 2570 790 αὐτὸς
2633 728 2900 798 Ἀρκαδίῳ
2927 729 3006 800 τῷ
3037 730 3248 800 βασιλεῖ
3295 735 3629 804 ὲρωτήσαντι

2050 818 2402 889 ἁπεκρίνατο,
2436 817 2513 889 τῷ
2549 819 2739 890 Κυρίῳ
2764 820 2825 873 τὸ
2854 821 3073 892 πνεῦμα
3098 824 3365 894 παρέθετο
3384 842 3398 856 σ
3425 826 3527 880 οὐκ
3570 827 3628 878 ἐν

2049 906 2128 978 τῷ
2163 908 2348 978 οίκείῳ
2381 907 2589 979 Θρόνῳ,
2626 908 2770 962 κατὰ
2799 911 2898 980 τὴν
2927 911 3020 964 τοῦ
3057 913 3446 986 Χρυσοστόμου
3476 917 3629 985 αἴτη-

2053 1012 2157 1061 σιν,
2193 995 2314 1048 ἐπεὶ
2346 998 2410 1066 τῇ
2445 997 2539 1050 καὶ
2588 997 2797 1050 ἐκείνου
2839 998 3024 1070 ἐξορίᾳ
3070 1000 3381 1071 συνῄνεσεν.
3427 1004 3528 1056 Τὸν
3571 1004 3628 1058 δέ

2052 1102 2214 1153 φασιν
2249 1086 2600 1156 ἀντιγράψαι,
2660 1087 2796 1158 μηδὲ
2837 1088 2996 1140 αὑτὸν
3026 1089 3117 1143 τὸν
3141 1092 3328 1156 τόπον,
3382 1093 3518 1164 πρὸς
3569 1095 3627 1147 δν

2048 1175 2354 1229 ἀπέσταλτο
2382 1177 2690 1249 ὑπερόριος,
2729 1179 2932 1248 φθᾶσαι
2984 1181 3238 1236 κατιδεῖν.
3297 1183 3540 1236 Τελεῖται
3571 1184 3627 1238 δὲ

2047 1269 2080 1336 ἡ
2116 1268 2278 1321 αὑτοῦ
2306 1268 2520 1334 σύναξις
2549 1272 2606 1323 ὲν
2628 1270 2706 1341 τῷ
2734 1272 3022 1344 ἁγιωτάτῳ
3042 1275 3208 1328 αὐτοῦ
3252 1275 3387 1347 οἴκῳ
3415 1276 3491 1347 τῷ
3515 1276 3626 1331 δντι

2049 1360 2201 1422 ἐντὸς
2233 1360 2328 1413 τοῦ
2356 1363 2512 1429 ἁγίου
2541 1362 2858 1433 Φιλήμονος.
2890 1365 3022 1428 Ταῖς
3073 1367 3237 1420 αὑτοῦ
3287 1366 3625 1438 πρεσϐείαις,

2046 1456 2075 1507 ὁ
2105 1453 2257 1517 Θεὸς,
2294 1452 2512 1524 ἐλέησον
2548 1455 2713 1524 ἡμᾶς.

366 1551 444 1613 ﬁt,
507 1550 562 1604 in
602 1551 950 1606 sanctissima
983 1547 1131 1606 illihs
1163 1550 1282 1605 aede
1303 1550 1627 1617 celebratur,
1687 1567 1808 1622 quae
1838 1549 2010 1607 estad
2048 1548 2223 1606 sancti
2261 1546 2617 1604 Philemonis.
2656 1547 2758 1602 Per
2793 1549 2959 1621 hujus
3003 1565 3216 1621 preces,
3260 1549 3422 1620 Deus,
3467 1556 3628 1610 mise—

366 1657 484 1698 rere
513 1643 692 1698 nobis.

1893 1805 2100 1845 SUIDAS.

452 1875 768 1946 Ἐπιφόινιος
802 1877 1218 1942 Κωνσταντείας
1249 1880 1347 1950 τῆς
1374 1880 1603 1951 Κύπρου
1658 1882 1980 1946 ἐπίσκοπος,
2007 1881 2106 1952 τῆς
2139 1878 2404 1951 πρότερον
2434 1875 2736 1947 Σαλαμῖνος
2761 1913 2775 1938 ,
2828 1872 3035 1943 ἔγραψε
3087 1875 3230 1928 κατὰ
3279 1875 3471 1929 πασῶν
3519 1875 3628 1928 τῶν

367 1967 633 2040 αἱρέσεων
687 1970 894 2039 λόγους,
939 1971 975 2025 ὃ.
1031 1972 1298 2040 Πανάρια
1351 1973 1622 2043 λέγονται,
1675 1977 1768 2028 καὶ
1813 1976 1976 2047 ἕτερα
2018 1973 2224 2028 πολλά·
2266 1973 2427 2027 ἅτινα
2455 1970 2607 2042 παρὰ
2665 1969 2766 2038 μὲν
2825 1966 2934 2020 τῶν
2967 1969 3418 2041 πεπαιδευμένων
3450 1969 3537 2023 διὰ
3559 1971 3628 2025 τὰ

323 2064 327 2070 ’
366 2062 688 2132 πράγματα,
719 2065 870 2135 παρὰ
898 2066 954 2119 δὲ
977 2065 1087 2119 τῶν
1130 2066 1356 2120 ἰδιωτῶν
1387 2067 1476 2121 διὰ
1501 2069 1571 2121 τὰ
1612 2070 1833 2140 ῥήματα
1870 2067 2328 2137 ἀναγινώσκεται.
2360 2065 2600 2134 Τελευτᾷ
2638 2061 3043 2134 ἐσχατόγηρως.

439 2154 572 2222 Quae
596 2156 810 2211 totidem
833 2157 943 2226 fere
970 2158 1139 2212 verbis
1160 2175 1225 2213 ea:
1253 2157 1577 2229 Hieronymo
1611 2158 1939 2230 Sophronias
1970 2162 2248 2230 expressit.

1686 2517 2311 2611 MONITUM.

445 2890 706 2965 subjecta
754 2889 1043 2961 Epiphanii
1085 2891 1204 2947 Vita
1226 2933 1240 2956 ,
1273 2893 1464 2948 Latine
1509 2894 1638 2965 olim
1670 2910 1699 2948 a
1745 2895 1908 2949 Surio
1949 2894 2115 2961 edita,
2165 2895 2352 2950 Graece
2397 2910 2544 2951 nunc
2575 2895 2808 2965 primum
2843 2894 3043 2964 prodit,
3077 2893 3264 2950 multis
3292 2893 3345 2948 iu
3378 2892 3512 2965 locis
3548 2905 3632 2946 re-

371 2960 610 3036 cognita.
640 2960 772 3028 Quae
801 2960 1114 3036 quanquam
1161 2965 1214 3017 in
1268 2965 1544 3034 plerisque
1588 2964 1786 3020 fabula:
1813 2960 2108 3036 estquam
2150 2966 2398 3021 historia
2448 2960 2690 3036 propior,
2737 2975 2796 3021 ut
2829 2960 3150 3036 jamdudum
3203 2963 3420 3036 mon_uit
3461 2961 3621 3036 [Raros

372 3033 503 3105 nius
554 3032 608 3085 in
640 3033 932 3105 Annalibus
972 3035 1212 3102 (a),erit
1257 3032 1533 3089 (amen—in
1576 3035 1839 3090 lutulenta
1874 3032 1975 3088 illa‘
2008 3037 2324 3091 narratione
2377 3032 2610 3092 fortasse
2640 3037 2786 3105 quod
2831 3032 3023 3091 tollere
3067 3035 3265 3105 possis.
3318 3033 3381 3087 Et
3427 3032 3628 3105 alioqui

374 3102 550 3175 multa
582 3103 826 3175 continet
853 3117 978 3175 quae
1021 3118 1146 3158 cum
1200 3119 1327 3175 vera
1364 3116 1687 3175 receptaque
1737 3107 1805 3159 ab
1857 3105 2117 3160 omnibus
2163 3107 2393 3162 historia
2436 3102 2807 3162 consentanea
2850 3115 2998 3168 sunt,
3049 3102 3142 3160 sed
3175 3105 3363 3160 eadem
3400 3102 3632 3175 ad_mis_ta

374 3170 554 3246 falsis.
589 3170 894 3246 ln‘quibus
925 3172 1399 3246 discernendisisi
1439 3170 1797 3239 ni'hll'aliud,
1860 3184 2037 3241 tuum,
2082 3175 2280 3232 Lector
2336 3177 2770 3244 humanissime,
2810 3176 3104 3246 judicium,
3165 3190 3231 3230 ac
3278 3172 3501 3244 κριτικὴ
3533 3170 3634 3240 τῆς

377 3241 620 3316 ἱστορίας
650 3242 880 3313 δύναμις
917 3244 1158 3300 exerceri
1187 3245 1380 3313 possit.

771 3521 1156 3655 ΒΙΟΣ
1257 3523 1607 3658 ΤΟΥ
1703 3519 2228 3656 ΑΓΙΟΥ
2309 3516 3243 3653 ΕΠΙΦΑΝΙΟΥ

1121 3754 1523 3809 ΕΠΙΣΚΟΠΟΥ
1549 3755 1820 3808 ΠΟΛΕΩΣ
1857 3753 2348 3808 ΚΩΝΣΤΑΝΤΙΑΣ
2386 3754 2522 3806 ΤΗΣ
2563 3752 2871 3806 ΚΥΠΡΟΥ.

858 4088 1320 4244 VITA
1420 4089 2104 4246 SANCTI
2199 4083 3180 4242 EPIPHANll

1307 4359 1848 4423 CONSTANTIJE
1896 4362 1977 4423 ΙΝ
2019 4360 2286 4423 CYPRO
2345 4355 2704 4420 EPISCOPI
2799 4366 2806 4372 ‘

1092 4527 1402 4606 Excerpta
1444 4543 1522 4588 ex
1571 4544 1727 4588 voce
1757 4525 2018 4588 Joannis
2056 4525 2245 4586 unius
2273 4541 2351 4584 ex
2392 4522 2526 4602 ejus
2584 4519 2932 4600 discipulis.

457 4857 497 4911 I.
519 4851 857 4925 Epiphanius
889 4855 1008 4904 erat
1030 4846 1252 4917 quidem
1282 4863 1478 4918 genere
1512 4847 1770 4913 Phoenix,
1800 4865 1864 4903 ex
1898 4863 1951 4903 ea

2145 4845 2223 4900 A'.
2277 4844 2590 4913 Ἐπιφάνιος
2629 4842 2786 4912 γένος
2833 4839 2931 4910 μὲν
2963 4833 3032 4908 ἦν
3076 4833 3338 4888 Φοινίκων
3499 4847 3644 4925 περι-

379 4948 622 5021 regione,
652 4957 778 5015 quae
803 4947 888 4996 est
919 4941 1065 4994 circa
1105 4937 1607 5009 Eleutheropolim;
1638 4940 1806 4996 distat
1835 4956 1963 4995 vero

379 5057 412 5096 a
435 5041 656 5095 civitate
697 5035 764 5091 ad
797 5033 902 5088 tria
951 5031 1230 5086 milliaria.
1281 5030 1409 5085 Fuit
1438 5039 1620 5087 autem
1654 5041 1808 5102 pater
1843 5032 1964 5102 ejus

381 5131 654 5201 agricola;
688 5127 882 5182 matris
912 5140 1041 5179 vero
1071 5123 1192 5193 eius
1238 5123 1481 5178 studium
1523 5133 1640 5178 erat
1673 5139 1730 5178 se
1761 5124 1814 5178 in
1850 5125 1964 5178 lino

381 5233 658 5274 exercere.
700 5216 769 5271 Iis
799 5223 982 5270 autem
1028 5212 1182 5268 fuere
1211 5212 1322 5267 duo
1370 5213 1486 5280 ﬁlii,
1519 5213 1878 5284 Epiphanius,
1911 5222 1966 5269 et

383 5322 493 5363 una
524 5307 632 5375 lilia
660 5304 1011 5375 Callitropos.
1045 5303 1258 5358 Accidit
1286 5312 1465 5358 autem
1501 5316 1558 5358 ut
1588 5321 1777 5359 eorum
1812 5314 1965 5374 pater

383 5413 416 5453 e
453 5399 562 5450 vita
590 5395 905 5459 excederet;
959 5395 1164 5449 mansit
1209 5409 1340 5449 vero
1391 5394 1722 5464 Epiphanius
1774 5396 1962 5450 decem

383 5504 560 5545 annos
603 5498 765 5543 natus
802 5490 963 5542 matri
994 5504 1128 5555 suae,
1167 5489 1388 5559 quando
1423 5502 1673 5546 mortuus
1705 5500 1788 5546 est
1818 5501 1966 5560 pater

384 5581 525 5650 ejus.
557 5579 916 5635 Cruciabatur
966 5589 1148 5635 autem
1200 5583 1384 5638 animo
1424 5583 1544 5653 ejus
1594 5592 1787 5651 inatcr,
1837 5584 1964 5637 dum

462 5735 542 5806 (α)
586 5736 662 5791 Ad
697 5751 788 5791 an.
824 5740 948 5793 572.

2069 4940 2269 5002 οικίδος
2319 4933 2812 5008 Ἐλευθεροπόλεως
2837 4973 2851 4993 ,
2902 4931 3010 4984 ἀπὸ
3061 4927 3304 5000 σημείων
3349 4923 3516 4994 τριῶν
3557 4923 3655 4993 τῆς

2071 5032 2239 5102 αὐτῆς
2285 5028 2545 5100 ὑπάρχων
2583 5026 2989 5093 ἀποστήματος.
3043 5021 3102 5074 '0
3142 5019 3198 5072 δὲ
3240 5017 3432 5070 τούτου
3475 5013 3657 5084 πατὴρ

2071 5121 2362 5192 γαιηπόνος
2395 5119 2674 5188 ὑπῆρχεν·
2726 5116 2786 5168 τὸ
2829 5115 2884 5166 δὲ
2929 5111 3264 5183 ἐπιτήδευμα
3308 5109 3405 5177 τῆς
3452 5104 3656 5177 μητρὸς

2072 5211 2259 5275 αὑτοῦ,
2294 5209 2588 5279 λινυφαρία
2611 5207 2876 5276 ὑπῆρχεν.
2907 5201 3027 5264 τΗν,
3047 5200 3139 5255 οὖν
3173 5199 3382 5262 τούτοις
3407 5197 3501 5251 δύο
3530 5212 3655 5247 παι-

2073 5303 2187 5365 δία,
2215 5303 2243 5354 ὅ
2275 5319 2333 5354 τε
2369 5299 2681 5367 Ἐπιφὰνιος
2710 5298 2801 5350 καὶ
2843 5295 3092 5363 θυγάτηρ
3128 5291 3227 5361 μία
3261 5286 3649 5358 Καλλίτροπος.

2080 5395 2308 5463 Ἔτυχεν
2342 5388 2435 5446 οὖν
2460 5392 2551 5444 τὸν
2585 5390 2776 5443 τούτου
2821 5387 3032 5457 πατέρα
3059 5382 3378 5452 τελευτῆσαι
3401 5398 3414 5411 ·
3443 5378 3652 5448 ἔμεινεν

2075 5489 2133 5542 δὲ
2170 5489 2486 5556 Ἐπιφόινιος
2517 5485 2648 5539 δέκα
2682 5484 2819 5537 ἐτῶν
2847 5485 2914 5552 τῇ
2960 5477 3126 5551 μητρὶ
3172 5473 3335 5529 αὐτοῦ
3357 5513 3372 5538 ,
3405 5469 3557 5542 ςμετὰ
3594 5467 3654 5520 τὸ

2073 5582 2390 5651 τελευτῆσαι
2432 5579 2522 5632 τὸν
2555 5577 2768 5648 πατέρα
2794 5572 2976 5628 αὐτοῦ.
3011 5571 3293 5640 Συνείχετο
3317 5565 3373 5620 δὲ
3405 5566 3439 5634 ἡ
3474 5563 3652 5634 μήτηρ
