4058 6426
371 388 440 446 95
1657 382 1716 437 S.
1762 377 2105 435 EPIPIIANII
2148 377 2325 435 VITA.
3578 372 3649 425 26

380 505 539 561 αὐτοῦ
579 504 644 558 τὸ
687 504 811 568 πῶς
839 503 1123 575 διαθρέψαι
1156 502 1493 571 Ἐπιφάνιον,
1532 500 1624 554 καὶ
1650 499 1748 570 τὴν
1778 499 1966 553 τούτου

2073 497 2304 553 sollicita
2336 505 2501 563 esset,
2525 498 2802 567 quomodo
2835 497 3199 567 Epiphanium
3230 497 3422 562 aleret,
3458 505 3513 551 ct
3540 499 3658 569 ejas

382 604 649 675 ἀδελφὴν,
697 602 886 671 ἐπειδὴ
934 601 1262 673 συμμέτρως
1307 598 1493 669 διῆγον
1542 596 1613 650 τὰ
1659 594 1967 667 σωματικά.

383 696 501 749 Τῶν
526 694 585 748 δὲ
609 694 847 765 ἐχόντων
872 680 1164 760 ὑποζύγιον
1191 692 1427 746 ἄτακτον
1471 688 1609 760 πρὸς
1643 686 1969 759 ὑπηρεσίαν,

382 779 535 837 εἶπεν
589 784 626 853 ἡ
682 783 867 853 μήτηρ
912 779 1076 835 αὐτοῦ
1149 780 1285 851 πρὸς
1338 777 1685 847 Ἐπιφάνιον·
1732 775 1968 837 Τέκνον,

383 871 571 944 ἐπειδὴ
612 872 872 927 στένωσιν
904 872 1034 943 ἡμῖν
1063 870 1292 941 παρέχει
1334 871 1363 922 ὀ
1403 865 1549 932 οἶκος
1576 868 1705 943 ἰτερλ⁵
1732 865 1831 929 τὰς
1863 883 1970 918 σωο

385 965 625 1037 ματικάς
672 965 893 1036 χρείας,
932 963 1026 1017 καὶ
1075 961 1349 1035 χρῄζομεν
1397 950 1693 1031 ἐδωδίμων,
1736 958 1869 1012 λάϐε
1910 958 1972 1012 τὸ

382 1056 682 1125 ὑποζύγιον
708 1055 770 1108 τὸ
794 1053 854 1108 ὸν
878 1055 938 1108 ἐν
972 1053 1052 1125 τῷ
1077 1054 1209 1124 οἴκῳ
1234 1052 1392 1124 ἡμῶν
1411 1069 1426 1084 ο
1470 1051 1565 1104 καὶ¹
1587 1049 1790 1104 ἄπελθε
1814 1049 1872 1102 ἐν
1901 1051 1967 1119 τῇ

384 1147 694 1221 πανηγύρει
717 1186 732 1211 ,
765 1146 859 1202 καὶ
899 1145 1152 1217 πώλησον
1184 1144 1344 1199 αὑτό·
1376 1143 1470 1197 καὶ
1512 1143 1829 1213 ποιήσωμεν
1870 1140 1968 1211 τὴν

383 1239 546 1311 ἡμῶν
575 1238 711 1310 πρὸς
737 1235 1029 1309 διατροφὴν
1055 1234 1260 1308 χρείαν.
1291 1235 1352 1287 '0
1372 1234 1429 1287 δὲ
1471 1233 1786 1302 Ἐπιφάνιος
1814 1228 1969 1284 εἶπεν

384 1329 527 1401 πρὸς
558 1329 656 1401 τὴν
691 1328 883 1382 ἑαυτοῦ
919 1328 1163 1400 μητέρα·
1195 1325 1421 1397 Μῆτερ,
1459 1325 1524 1379 σὺ
1544 1322 1850 1393 γινώσκεις,
1886 1322 1967 1374 ὃτι

384 1421 623 1475 ἀτακτόν
661 1421 807 1473 ἐστιν
837 1419 899 1472 τὸ
945 1417 1239 1488 ὑποζύγιον
1267 1417 1424 1488 ἡμῶν
1446 1434 1461 1450 ο
1500 1417 1594 1470 καὶ
1639 1414 1822 1481 ἔσται,
1870 1413 1968 1468 ἐάν

382 1512 606 1568 ἀπέλθω
626 1512 720 1566 ἐπὶ
746 1511 808 1566 τὸ
832 1511 1175 1583 διαπωλῆσαι
1204 1510 1355 1575 αὑτὸ,
1380 1508 1580 1572 εἰδότες
1604 1508 1653 1561 oi
1677 1504 1970 1577 συναχθέν-

382 1622 476 1669 τες
504 1604 692 1675 ἄνδρες
730 1604 789 1656 ἐν
820 1602 898 1674 τῷ
936 1603 1088 1674 τόπῳ
1125 1604 1317 1674 ἐκείνῳ
1364 1601 1462 1673 τὴν
1507 1599 1735 1667 ἀταξίαν
1777 1598 1963 1662 αὑτοῦ,

381 1695 789 1767 τιμωρήσονται
840 1712 906 1766 με
932 1686 1202 1763 λέγοντες,
1251 1695 1332 1748 ὅτι
1362 1692 1547 1746 Κακὸν
1576 1691 1735 1763 ἔχων,
1779 1688 1966 1751 κακῶς

383 1786 663 1857 ὑπομένης
693 1785 832 1838 κατά
863 1784 955 1839 τὸν
982 1785 1170 1856 νόμον.
1207 1780 1375 1839 Εἶπεν
1402 1783 1460 1838 δὲ
1480 1785 1513 1853 ή
1542 1782 1727 1854 μήτηρ
1761 1777 1930 1834 αὑτοῦ
1948 1795 1961 1808 ·

386 1877 625 1931 ’Δπελθε
645 1919 661 1944 ,
705 1878 895 1931 τέκνον
916 1894 929 1907 ·
977 1877 1071 1931 καὶ
1113 1878 1143 1930 δ
1181 1875 1315 1941 Θεὸς
1353 1875 1464 1930 τῶν
1510 1874 1765 1945 πατέρων
1808 1871 1964 1944 ἡμῶν

393 1966 648 2040 Ἀϐραάμ
692 1967 787 2021 καὶ
840 1966 1026 2021 Ἰσαάκ
1071 1967 1164 2020 καὶ
1217 1964 1409 2020 Ἰακὼϐ
1440 1964 1602 2019 δώσει
1641 1963 1855 2017 σύνεσιν
1889 1960 1967 2032 τῷ

380 2051 696 2130 ὑποζυγίῳ,
743 2058 893 2122 ὅπως
939 2056 1027 2111 διὰ
1072 2056 1168 2111 τοῦ
1222 2057 1534 2129 τιμήματος
1587 2053 1753 2109 αὑτοῦ
1805 2055 1966 2124 ἡμεῖς

377 2149 809 2223 διαωνηθῶμεν.
845 2150 905 2203 'U
934 2150 990 2205 δὲ
1029 2151 1342 2218 Ἐπιφάνιος
1379 2147 1848 2217 ἐπικαλεσάμενος
1873 2145 1965 2198 τὸν

378 2242 534 2308 Θεὸν,
579 2242 673 2296 τὸν
722 2241 883 2296 δόντα
913 2242 1075 2312 χάριν
1123 2240 1203 2311 τῷ
1246 2242 1471 2295 Μωὺσεί
1513 2239 1782 2292 ἐπιτελεῖν
1826 2237 1965 2291 κατὰ

384 2333 677 2402 πρόσωπον
704 2333 907 2405 Φαραὼ
938 2332 1006 2386 τὰ
1043 2334 1246 2403 σημεῖα
1276 2332 1344 2386 τά
1374 2331 1628 2403 μέγιστα,
1671 2316 1962 2401 ἐπορεύθη,

382 2421 705 2493 βουλόμενος
734 2420 831 2493 τὴν
861 2420 1107 2490 ὑπακοὴν
1128 2419 1230 2490 τῆς
1253 2419 1389 2482 ἰδίας
1417 2418 1624 2490 μητρὸς
1654 2416 1963 2487 πληρῶσαι.

451 2512 527 2567 B'.
552 2513 661 2566 Καὶ
685 2512 750 2585 δὴ
782 2511 1041 2566 εἰσελθὼν
1068 2513 1149 2575 είς
1172 2511 1272 2583 τὴν
1305 2512 1636 2583 πανήγυριν,
1664 2510 1883 2578 ἐγένετο
1906 2510 1968 2564 τὸ

381 2601 675 2671 ὑποζύγιον
711 2602 772 2656 τὸ
801 2602 1066 2667 ἄτακτον,
1102 2600 1394 2666 εὑτακτον,
1446 2601 1540 2655 καὶ
1570 2601 1739 2672 πολλῇ
1789 2601 1968 2671 πραΰ-

378 2710 503 2765 τητι
533 2694 967 2766 κεκοσμημένον.
1000 2691 1342 2765 Παρεγένετο
1364 2691 1422 2745 δέ
1450 2709 1534 2755 τις
1550 2692 1804 2757 Ἰουδαῖος
1828 2693 1967 2764 ἀνὴρ

379 2784 853 2855 πραγματευτὴς,
899 2782 1120 2854 ὀνόματι
1176 2781 1408 2836 Ἰακώϐ·
1472 2782 1567 2835 καὶ
1618 2777 1773 2836 εἶπεν
1830 2782 1968 2854 πρὸς

393 2874 727 2943 Ἐπιιράνιονο
759 2873 968 2939 Βούλει,
994 2874 1227 2938 παιδίον,
1261 2873 1322 2927 τὸ
1346 2872 1641 2943 ὑποζύγιον
1663 2872 1823 2928 τοῦτο
1850 2892 1967 2927 πω-

380 2963 579 3034 ﬁgam;
622 2965 679 3017 '0
718 2964 776 3017 δὲ
817 2964 1131 3033 Ἐπιφάνιος
1177 2963 1331 3017 εἶπεν
1356 2979 1369 2993 °
1424 2965 1532 3019 Ναὶ
1557 3004 1571 3028 ,
1617 2964 1829 3034 πάτερ·
1878 2962 1968 3016 διά

378 3055 543 3110 τοῦτο
592 3057 820 3129 ἐνήνοχα
862 3057 995 3109 αὐτὸ
1038 3056 1292 3111 ἐνταῦθα.
1351 3056 1410 3110 '0
1455 3055 1514 3109 δὲ
1573 3054 1768 3109 Ἰακὼϐ
1813 3050 1966 3109 εἶπεν

379 3149 520 3221 πρὸς
555 3150 867 3220 Ἐπιφάνιον
887 3165 902 3177 ’
929 3150 1096 3230 Ποίας
1122 3149 1421 3239 θρησκείας
1471 3148 1773 3221 ὑπάρχεις;
1823 3149 1881 3201 Ὀ
1909 3148 1967 3200 δὲ
1992 3181 2036 3239 C

395 3242 711 3311 Ἐπιφάνιος
750 3239 933 3296 εἶπεν*
976 3241 1251 3306 Ἰουδαῖος.
1284 3238 1456 3296 Εἶπεν
1481 3242 1537 3295 δὲ
1575 3240 1768 3295 Ἰακώϐ
1787 3258 1800 3271 ·
1832 3241 1964 3294 Σύνο

381 3331 527 3385 εθνοι
576 3332 756 3396 ὄντες,
811 3333 886 3403 μὴ
931 3333 1205 3405 ἁμαρτίαν
1255 3333 1483 3405 μεσίτην
1533 3331 1787 3403 λάϐωμεν
1842 3331 1964 3386 καθ’

381 3424 612 3489 ἑαυτῶν,
647 3425 867 3479 τέκνονο
895 3425 1031 3480 ἀλλά
1063 3424 1270 3479 δικαίου
1303 3424 1437 3479 Θεοῦ
1475 3425 1628 3488 ϐντες
1665 3424 1966 3478 δικαιώσω-

385 3533 488 3587 μεν
518 3516 616 3586 τὴν
645 3515 739 3569 τοῦ
762 3515 1060 3585 ὑποζυγίου
1084 3517 1271 3588 τιμήν.
1306 3516 1395 3579 Ὠς
1425 3519 1562 3587 μήτε
1594 3516 1660 3568 σὺ
1680 3515 1962 3586 ἀδικηθῇς.

385 3609 525 3678 μήτε
564 3607 673 3675 ἐγὼ
718 3606 1014 3679 ζημιωθῶ·
1063 3607 1138 3679 μὴ
1186 3606 1282 3660 καὶ
1321 3607 1569 3680 κατάρας
1613 3607 1827 3670 ἑαυτοῖς
1871 3608 1967 3658 ἐπ-

381 3700 698 3771 ενέγκωμεν
746 3701 884 3773 μετὰ
927 3700 1138 3764 ταῦτα,
1199 3699 1294 3754 καὶ
1344 3700 1713 3772 ἀγανακτήσει
1759 3702 1788 3753 ὁ
1834 3699 1967 3763 Θεὸς

382 3792 506 3846 καθ’
540 3792 723 3863 ἡμῶν·
778 3792 917 3846 ἀλλά
968 3792 1169 3864 μᾶλλον
1220 3791 1473 3861 εὐλογίας
1497 3808 1511 3823 ⁸
1563 3793 1645 3846 ὅτι
1699 3787 1966 3849 εἴτενοὈ

382 3877 653 3953 εὐλογῶν
676 3884 1011 3955 εὐλογεῖται
1041 3926 1055 3952 ,
1091 3884 1191 3939 καὶ
1222 3888 1254 3939 ὀ
1278 3883 1693 3956 καταρώμενος
1715 3882 1967 3953 καταρᾶ-

383 3993 500 4030 ται.
553 3977 815 4041 ’Ᾱκούσας
854 3977 914 4031 δὲ
956 3975 1177 4030 ταῦταὸ
1221 3976 1557 4046 Ἐπιφάνιος,
1594 3976 1800 4049 σφᾲδρα
1843 3978 1969 4047 ἐφο-

384 4069 525 4140 ϐήθη
555 4069 652 4142 τὴν
694 4069 1018 4141 κατάκρισιν
1066 4067 1162 4122 τοῦ
1222 4064 1438 4135 Ἰακὼϐ,
1493 4069 1588 4122 καὶ
1628 4064 1782 4123 εἶπεν
1832 4070 1968 4140 πρὸς

384 4161 580 4215 αὑτόν·
631 4161 826 4217 Οὐκέτι
861 4160 1119 4234 βούλομαί
1164 4178 1247 4215 σοι
1294 4162 1630 4234 πιπράσκειν
1674 4161 1735 4216 τὸ
1769 4162 1970 4228 ὑποζύ-

386 4269 505 4323 γιον
547 4253 724 4310 τοῦτο.
781 4253 840 4308 Ὀ
880 4252 936 4307 δὲ
987 4252 1181 4306 Ἰακὼϐ
1228 4249 1383 4308 εἶπεν
1433 4253 1569 4325 πρὸς
1615 4253 1966 4324 Ἐπιφάνιον’

385 4345 489 4399 Διὰ
533 4345 691 4400 ποίαν
734 4345 945 4407 αἰτίαν,
978 4337 1024 4398 ὼ
1071 4343 1298 4412 τέκνον;
1358 4344 1418 4399 '0
1480 4344 1797 4414 Ἐπιφάνιος
1846 4340 1967 4399 εἷπε

388 4434 527 4506 πρὸς
566 4434 757 4488 αὑτόν·
794 4434 868 4489 Τὸ
908 4433 1203 4503 ὑποζύγιον
1243 4434 1437 4502 τοῦτο,
1479 4435 1691 4509 πάτερ,
1735 4435 1969 4491 ἄτακτόν

2075 606 2345 659 sororem,
2392 593 2838 663 quandoquidem
2870 600 3029 646 erant
3077 592 3308 647 modica:
3340 607 3535 646 eorum
3575 590 3655 647 fa-

2075 684 2326 738 cultates.
2357 681 2494 737 Cum
2516 699 2685 737 unum
2712 698 2843 737 vero
2866 684 3182 753 jumentum
3208 684 3473 739 haberent
3499 687 3655 740 indo-

2073 775 2291 843 mitum,
2341 774 2479 829 dixit
2539 788 2717 830 mater
2773 774 3121 846 Epiphanio:
3180 774 3332 842 Fili,
3398 777 3656 846 quoniam

2075 865 2279 920 familia
2325 874 2531 931 nostra,
2571 867 2624 921 in
2657 866 2722 922 iis
2758 883 2882 937 qua:
2914 867 2981 921 ad
2999 868 3248 939 corporis
3286 883 3446 923 usum
3502 870 3665 937 perti-

2074 966 2225 1023 nent,
2272 957 2429 1013 nobis
2473 958 2675 1028 praebet
2713 960 3016 1026 angustias,
3053 968 3108 1013 et
3136 960 3262 1014 cibo
3309 961 3618 1030 indigemus
3642 1003 3657 1022 .

2072 1050 2259 1119 accipe
2282 1049 2612 1120 jumentum,
2648 1049 2796 1119 quod
2836 1059 2920 1106 est
2960 1052 3101 1105 intra
3131 1052 3353 1106 domum
3388 1060 3656 1116 nostram,

2070 1150 2126 1196 et
2154 1141 2291 1195 vade
2336 1142 2402 1196 ad
2430 1143 2726 1207 nundinas,
2759 1155 2812 1197 et
2839 1144 3049 1199 vende:
3097 1152 3151 1198 et
3186 1144 3258 1198 ita
3290 1143 3340 1197 id
3373 1144 3520 1213 quod
3552 1143 3654 1200 erit

2070 1233 2138 1286 ad
2172 1248 2271 1287 nos
2315 1233 2537 1289 alendos
2575 1234 2720 1299 usui,
2768 1235 3261 1303 suppeditabimus.
3317 1222 3656 1305 Epiphanius

2068 1332 2251 1378 autem
2287 1323 2425 1379 dixit
2462 1325 2621 1379 matri
2663 1340 2824 1381 suae:
2880 1324 3003 1381 Seis
3050 1326 3358 1395 jnmentum
3407 1337 3655 1382 nostrum

2069 1413 2249 1467 adhuc
2294 1427 2418 1469 esse
2468 1414 2817 1480 indomitum,
2879 1416 3081 1485 lietque
3135 1428 3194 1470 ut
3228 1418 3272 1472 si
3324 1433 3444 1471 eam
3488 1419 3554 1471 ad
3601 1418 3657 1475 id

2067 1506 2436 1570 vendendum,
2484 1508 2577 1578 qui
2613 1507 2667 1561 in
2712 1507 2805 1563 illo
2838 1508 2962 1562 loco
2995 1509 3311 1580 congregati
3357 1518 3541 1573 erunt,
3578 1511 3657 1564 vi-

2068 1600 2257 1655 dentes
2286 1600 2408 1670 ejus
2443 1600 2814 1667 insolentiam,
2858 1618 2948 1658 me
2976 1618 3140 1673 paena
3180 1603 3439 1670 alliciant,
3474 1604 3657 1659 dicen-

2070 1701 2194 1748 tes:
2228 1682 2365 1748 Cum
2409 1694 2614 1748 malum
2671 1693 2895 1762 habeas,
2945 1695 3087 1749 male
3141 1694 3367 1764 patieris
3411 1709 3479 1749 ex
3519 1695 3655 1765 lege.

2070 1784 2214 1840 Dixit
2238 1786 2289 1839 ei
2322 1794 2531 1840 mater:
2571 1783 2708 1848 Abi,
2752 1784 2862 1851 tili;
2905 1784 3049 1842 Deus
3082 1794 3302 1856 patrum
3339 1794 3660 1842 nostrorum

2070 1876 2322 1940 Abrahae,
2370 1875 2607 1931 Isaac'et
2642 1874 2834 1941 Jacob,
2882 1877 3133 1947 jumento
3165 1876 3318 1932 dabit
3348 1877 3660 1949 intelligen-

2071 1970 2198 2021 tiam
2222 2007 2236 2032 ,
2275 1975 2335 2021 ut
2361 1981 2455 2034 per
2483 1968 2603 2036 ejus
2636 1968 2871 2037 pretium
2919 1982 3019 2023 nos
3052 1976 3246 2023 nostro
3280 1969 3405 2022 usui
3447 1969 3661 2024 servia-

2068 2074 2212 2113 mus.
2265 2056 2607 2128 Epiphanius
2643 2066 2851 2124 autem,
2908 2058 3023 2113 Deo
3056 2059 3333 2125 invocato,
3382 2061 3476 2130 qui
3510 2060 3662 2115 dedit

2068 2148 2205 2203 Mosi
2270 2150 2526 2219 gratiam,
2586 2156 2645 2203 ut
2708 2150 2948 2203 maxima
3001 2150 3159 2220 signa
3215 2148 3423 2206 faceret
3469 2167 3659 2207 coram

2067 2239 2373 2303 Pharaone,
2412 2238 2687 2309 profectus
2717 2246 2820 2305 est,
2849 2239 3036 2293 volens
3067 2239 3288 2294 obedire
3322 2240 3481 2294 matri
3516 2257 3655 2297 suae.

2151 2505 2217 2561 II.
2259 2507 2397 2563 Cum
2424 2506 2491 2561 ad
2523 2506 2800 2563 nundinas
2847 2518 3030 2562 autem
3055 2516 3202 2562 esset
3240 2506 3542 2577 ingressus,
3571 2521 3663 2563 ac-

2068 2600 2201 2656 cidit
2240 2609 2298 2654 ut
2333 2599 2644 2670 iumentum
2692 2599 3016 2655 indomitum
3069 2601 3224 2655 ﬁeret
3262 2599 3564 2669 placidum,
3608 2610 3662 2653 et

2067 2690 2226 2745 valde
2275 2698 2645 2744 mansuetum.
2695 2687 2885 2743 Adfuit
2933 2697 3115 2744 autem
3172 2689 3395 2758 quidam
3440 2685 3662 2742 Judzrus

2066 2783 2398 2854 negotiator,
2444 2782 2669 2836 nomine
2708 2780 2902 2847 Iacob,
2961 2782 3056 2852 qui
3108 2781 3249 2836 dixit
3303 2781 3660 2850 Epiphanio:

2074 2874 2189 2941 Vis,
2219 2891 2252 2931 ο
2282 2874 2355 2929 ﬁli
2380 2914 2396 2939 ,
2432 2874 2669 2930 vendere
2701 2876 2806 2930 hoc
2844 2874 3196 2944 jumentum?
3234 2872 3386 2927 Dixit
3424 2873 3663 2942 Epipha-

2070 2969 2195 3021 nius
2228 2985 2241 3020 :
2274 2966 2528 3030 Maxime,
2567 2973 2743 3036 pater,
2774 2981 2838 3021 ea
2870 2966 3015 3021 enim
3048 2967 3116 3022 de
3143 2981 3310 3021 causa
3341 2966 3392 3020 id
3436 2964 3659 3018 adduxi.

2073 3058 2430 3127 Ilespondens
2465 3068 2669 3119 autem,
2703 3059 2841 3111 dixit
2881 3057 3225 3128 Epiphanio:
3268 3057 3568 3127 Cujusnam
3602 3072 3661 3110 es

2071 3147 2393 3218 religionis?
2433 3140 2580 3203 Dixit
2628 3149 2971 3219 Epiphanius
3018 3167 3030 3203 :
3099 3135 3343 3204 Judieus.
3404 3148 3552 3201 Dixit
3611 3149 3662 3201 ei

2071 3240 2241 3296 Jacob
2272 3258 2286 3295 :
2316 3240 2456 3295 Cum
2482 3241 2658 3296 simus
2695 3241 2941 3311 ejusdem
2976 3242 3177 3311 gentis,
3220 3256 3328 3295 non
3369 3241 3531 3296 debet
3577 3241 3661 3293 iu-

2073 3344 2153 3387 ter
2182 3349 2284 3389 nos
2320 3342 2603 3403 peccatum
2647 3333 3033 3388 intercedere:
3086 3333 3179 3389 sed
3223 3349 3347 3388 cum
3400 3333 3473 3387 sit
3519 3332 3662 3387 Deus

2075 3436 2262 3480 noster
2304 3426 2511 3495 justus,
2564 3424 2974 3480 constituamus
3009 3424 3220 3495 justum
3260 3423 3494 3494 jumenti
3538 3439 3657 3493 pre.

2074 3519 2232 3584 tium,
2261 3529 2323 3574 nt
2356 3533 2534 3589 neque
2577 3526 2634 3572 tu
2669 3517 2872 3588 injuria
2908 3515 3184 3582 amciaris,
3229 3531 3330 3570 nec
3372 3530 3473 3585 ego
3516 3515 3666 3570 dam-

2073 3626 2202 3666 num
2235 3609 2415 3680 patiar
2448 3628 2462 3664 :
2489 3625 2558 3664 ne
2593 3608 2886 3664 maledicta
2917 3616 3107 3678 postea
3144 3606 3305 3661 nobis
3340 3604 3661 3664 inferamus

2072 3713 2127 3760 et
2152 3704 2296 3760 Dens
2329 3704 2489 3760 nobis
2542 3704 2848 3768 irascatur;
2881 3703 2975 3758 sed
3012 3701 3195 3772 potius
3233 3700 3663 3764 benedictiones,

2073 3799 2335 3870 quoniam
2358 3798 2496 3853 dixit
2523 3798 2538 3829 ⁸
2570 3817 2583 3853 :
2618 3797 2724 3863 Qui
2756 3796 3035 3859 benedicit,
3080 3794 3450 3855 benedicetur;
3483 3802 3532 3846 et
3572 3791 3664 3861 qui

2074 3893 2371 3954 maledicit,
2404 3900 2481 3947 est
2531 3889 2869 3945 maledictus.
2911 3886 3008 3943 llis
3048 3895 3231 3942 autem
3279 3885 3502 3947 auditis,
3539 3882 3659 3952 Epi-

2074 3985 2315 4055 phanius
2351 3983 2509 4037 valde
2559 3982 2743 4037 timuit
2791 3978 3307 4035 condemnationem
3351 3976 3543 4040 Jacob,
3615 3983 3667 4029 et

2074 4077 2211 4129 dixit
2241 4075 2290 4129 ei
2323 4092 2355 4128 :.
2379 4072 2517 4129 Nolo
2548 4073 2647 4127 tibi
2679 4071 2917 4142 amplius
2937 4069 3176 4126 vendere
3205 4071 3308 4124 hoc
3331 4069 3661 4139 jumentum.

2074 4166 2247 4223 Jacob
2279 4181 2409 4220 vero
2452 4164 2590 4219 dixit
2623 4163 2968 4233 Epiphanio:
3024 4161 3274 4228 Quanam
3310 4161 3378 4215 de
3408 4174 3594 4214 causa.
3633 4175 3665 4208 ο

2076 4258 2153 4312 ﬁli
2176 4257 2200 4310 ?
2225 4254 2571 4327 Epiphanius
2610 4254 2750 4309 dixit
2783 4253 2832 4308 ei
2861 4272 2874 4307 :
2915 4250 3030 4309 Hoc
3057 4253 3394 4323 jumentum,
3428 4264 3460 4305 ο
3486 4258 3661 4319 pater,

2075 4359 2156 4405 est
2188 4348 2432 4404 insolens
2462 4353 2518 4401 et
2543 4345 2870 4401 indomitum
2894 4362 2909 4411 ;
2937 4343 3311 4399 acerbissima:
3347 4356 3477 4396 vero
3504 4340 3665 4396 famis

2076 4439 2345 4512 angustia:
2370 4437 2591 4495 subiere
2610 4437 2835 4492 domum
2867 4452 3068 4491 meam.
3093 4437 3380 4491 Estautem
3402 4433 3535 4488 mihi
3558 4448 3667 4485 nut-

387 4529 557 4590 ἐστιν,
586 4526 680 4581 καὶ
714 4527 973 4589 στένωσις
1006 4527 1338 4600 πικροτάτου
1366 4525 1529 4598 λιμοῦ
1560 4526 1880 4599 ἐπεισῆλθεν
1914 4529 1968 4582 ἐν

2078 4543 2161 4589 ter
2181 4542 2233 4588 et
2259 4546 2454 4598 soror;
2488 4539 2644 4601 pater
2690 4528 2836 4584 enim
2883 4544 3042 4584 meus
3088 4529 3325 4582 excessit
3356 4542 3387 4581 e
3420 4527 3529 4581 vita
3561 4529 3658 4579 hn-

385 4618 468 4689 τῷ
497 4620 627 4691 οἴκῳ
662 4636 761 4689 μου
783 4635 797 4649 ο
832 4618 1068 4691 ὑπάρχει
1100 4618 1210 4690 γάρ
1242 4636 1333 4690 μοι
1367 4620 1549 4691 μήτηρ
1568 4659 1583 4683 ,
1616 4619 1710 4673 καὶ
1742 4620 1967 4691 ἀδελφή.

397 4711 459 4763 ’0
488 4711 593 4782 γάρ
624 4711 807 4783 πατήρ
837 4728 936 4782 μου
971 4709 1196 4780 ἐξῆλθεν
1222 4710 1315 4764 τὸν
1347 4708 1458 4781 βίον
1481 4710 1573 4764 τὸν
1606 4709 1965 4783 ἀνθρώπινον.

385 4805 499 4875 Τῆς
542 4799 636 4858 οῦν
684 4804 889 4877 μητρός
939 4821 1040 4875 μου
1070 4803 1287 4874 ἐγένετο
1315 4803 1562 4868 κέλευσις
1591 4804 1685 4857 τοῦ
1720 4804 1970 4876 πωλῆσαι

384 4898 449 4950 τὸ
483 4895 776 4966 ὑποζύγιον
806 4897 893 4951 διὰ
928 4897 1028 4967 τὴν
1060 4897 1251 4967 χρείαν
1301 4894 1409 4949 τῶν
1443 4895 1739 4966 ἐδωδίμων.
1774 4894 1886 4950 Νῦν
1912 4895 1970 4949 δὲ

384 4991 598 5062 ἡκουσα
645 4988 799 5062 παρὰ
848 4987 966 5054 σοῦ,
1016 4990 1213 5061 πάτερ,
1263 4990 1344 5042 ὅτι
1377 4988 1545 5042 κακὸν
1583 4987 1645 5041 τὸ
1693 4987 1969 5041 καταϐλά-

384 5100 564 5145 πτειν,
590 5083 683 5136 καὶ
714 5080 989 5154 ἐφοϐήθην
1013 5080 1106 5134 τὸν
1135 5080 1289 5145 Θεὸν,
1321 5082 1532 5151 μήποτε
1555 5080 1842 5155 καταράσῃ
1878 5097 1966 5151 με,

2079 4639 2262 4679 mana.
2284 4623 2454 4679 Mater
2467 4638 2589 4677 mea
2614 4621 2804 4692 jussit,
2825 4629 2884 4676 ut
2899 4620 3188 4676 venderem
3209 4619 3313 4674 hoc
3330 4619 3662 4690 jumentum,

2080 4727 2370 4787 propterea
2428 4716 2576 4787 quod
2637 4714 2762 4770 cibo
2813 4713 3214 4784 indigeremus.
3271 4708 3426 4765 Nunc
3482 4719 3661 4763 autem

2078 4809 2262 4863 audivi
2292 4824 2354 4863 cx
2386 4817 2458 4872 te,
2494 4816 2668 4877 pater,
2699 4806 2845 4876 quod
2894 4804 3099 4859 malum
3152 4803 3224 4857 sit
3272 4803 3532 4857 damnum
3585 4801 3666 4853 af-

2079 4898 2264 4965 ferre;
2296 4910 2349 4955 et
2377 4899 2548 4954 Deum
2587 4898 2768 4964 timui,
2809 4913 2875 4951 ne
2901 4896 3045 4951 forte
3075 4904 3142 4950 tu'
3176 4894 3313 4949 mihi
3346 4882 3707 4957 tnaledicas,[

2079 4998 2127 5042 et
2165 4982 2370 5044 ille'me
2412 4988 2604 5059 puniat
2635 4996 2856 5058 propter
2905 4994 3055 5040 tuam
3103 4985 3158 5039 in
3196 4999 3283 5040 me
3326 4981 3665 5037 maledictio-

2080 5096 2229 5135 nem.

384 5177 483 5231 καὶ
534 5175 907 5248 τιμωρήσεταί
952 5193 1019 5247 με
1069 5176 1098 5229 ὁ
1136 5174 1269 5239 Θεὸς
1312 5175 1402 5229 διὰ
1441 5177 1543 5247 τῆς
1589 5175 1835 5247 κατάρας
1876 5176 1976 5247 τῆς
2011 5177 2310 5247 γενομένης
2338 5175 2417 5239 εἰς
2446 5175 2567 5247 ἐμέ.

460 5267 536 5323 l".
579 5268 842 5333 Ἀκούσας
888 5268 946 5323 δέ
982 5269 1158 5324 ταῦτα
1204 5269 1231 5320 ὁ
1267 5267 1496 5335 Ἰακὼϐ,
1540 5268 1847 5341 ἐθαύμασεν
1878 5271 1971 5324 ἐπὶ

387 5361 456 5431 τῇ
487 5359 780 5431 ἀποκρίσει
810 5359 906 5413 τοῦ
937 5359 1124 5423 παιδός
1143 5360 1264 5413 ’καὶ
1283 5359 1461 5413 λαϐὼν
1484 5360 1612 5433 τρία
1636 5360 1970 5433 νομίσματα,

389 5451 590 5505 ἔδωκεν
628 5452 932 5522 Ἐπιφανίῳ
957 5492 973 5516 ,
1008 5451 1125 5522 ἅμα
1172 5451 1269 5505 καὶ
1301 5451 1564 5517 τοιούτοις
1603 5450 1784 5522 λόγοις
1828 5451 1971 5506 διδά-

392 5556 536 5594 σκων
579 5541 741 5595 αὑτόν
761 5558 776 5570 ο
807 5540 1033 5605 Τέκνον,
1059 5540 1191 5595 λάϐε
1220 5539 1422 5612 ταύτην
1447 5541 1546 5612 τὴν
1579 5541 1848 5610 εὐλογίαν,
1878 5544 1972 5594 καὶ

396 5630 619 5703 πορεύου
651 5631 789 5703 πρὸς
822 5632 923 5704 τὴν
958 5631 1056 5703 σὴν
1082 5631 1324 5704 μητέρα*
1363 5635 1456 5688 καὶ
1502 5633 1756 5696 εἰσοίσεις
1800 5633 1858 5688 ὲν
1894 5632 1974 5704 τῷ

463 5784 483 5818 ³
505 5781 641 5842 Gen.
672 5802 850 5852 xxvn,
876 5783 968 5839 29.

2149 5270 2237 5325 ΙΙΙ.
2276 5269 2413 5326 Cum
2446 5272 2562 5326 haac
2598 5282 2781 5327 autem
2814 5269 3082 5325 audiissct
3109 5266 3298 5335 Jacob,
3325 5266 3559 5323 miratus
3584 5278 3665 5323 est

2080 5378 2405 5435 responsum
2452 5363 2644 5435 pueri;
2704 5363 3025 5433 accepitque
3117 5369 3228 5415 tres
3282 5376 3560 5428 nunnnos,
3615 5369 3669 5415 et

2080 5454 2229 5510 dedit
2260 5452 2591 5526 Epiphanio,
2630 5453 2797 5507 simul
2839 5450 3004 5507 etiam
3063 5466 3184 5506 eum
3237 5451 3442 5505 docens
3483 5448 3666 5504 verbis

2082 5546 2447 5618 hujusmodi:
2488 5545 2612 5609 Fili,
2683 5545 2827 5600 hanc
2870 5544 3056 5613 accipe
3110 5544 3567 5606 benedictionem,
3615 5548 3669 5593 et

2087 5641 2229 5696 vade
2254 5640 2321 5696 ad
2350 5648 2581 5694 nmtrcm
2623 5646 2796 5706 tuam,
2832 5644 2886 5693 ct
2918 5635 3121 5693 inferes
3151 5650 3317 5708 panes
3350 5636 3403 5689 in
3442 5635 3667 5690 domum
