4058 6426
481 376 556 431 ἳτ
1748 373 1805 427 S.
1850 369 2050 427 EPIPII

2157 370 2193 426 II
2230 371 2412 428 νιτΑ.

3674 386 3744 438 :28

484 498 657 542 tuam.
685 485 887 544 Tecum
930 503 1148 560 quoque
1180 491 1363 560 accipe
1393 489 1496 545 hoc
1521 490 1827 559 jumentum
1855 506 1870 554 ;
1920 499 1974 541 et
2007 488 2051 543 si

2157 485 2287 556 οἴκῳ
2316 503 2411 539 σου
2453 486 2671 557 ἄρτους.
2703 488 2848 543 Λάϐε
2899 489 2956 542 δὲ
3000 489 3094 543 καὶ
3137 490 3200 544 τὸ
3242 488 3536 560 ὑποζύγιον
3582 492 3742 546 τοῦτο

485 593 645 633 suum
679 580 894 648 quidem
931 590 1102 636 mutet
1125 582 1339 645 vitium,
1364 591 1419 636 et
1449 595 1634 636 mores
1665 580 1962 639 insolentes
1988 596 2052 635 ac

486 677 790 739 protervos,
813 683 1031 727 maneat
1058 672 1202 727 domi
1225 681 1365 738 tute;
1394 672 1479 726 sin
1503 677 1685 725 autem
1715 672 1768 725 in
1792 672 1894 726 hac
1928 686 2053 740 per-

488 772 701 816 severet
746 763 1055 827 insolentia,
1087 763 1225 831 ejice
1255 779 1286 819 e
1335 764 1444 818 tuis
1489 762 1719 826 aedibus,
1771 778 1840 818 ne
1887 763 2050 817 alicui

487 866 553 904 ex
579 852 689 906 tuis
722 862 949 907 mortem
982 853 1190 909 aﬂ‘erat.
1213 854 1352 909 Cum
1379 856 1495 911 haec
1517 854 1780 909 audiisset
1810 854 2052 924 Epipha-

487 940 636 1006 nius,
664 951 718 995 et
751 958 781 997 a
823 940 1026 996 Jacoho
1061 951 1167 997 tres
1198 958 1455 999 nummos
1480 944 1800 1013 accepisset,
1830 953 2053 1013 accepto

480 1031 750 1102 jumento,
786 1032 1071 1101 profectus‘
1089 1044 1173 1089 est
1199 1035 1252 1089 in
1301 1035 1483 1090 vicum
1513 1035 1582 1090 ad
1608 1045 1834 1091 matrem
1870 1051 2048 1090 suam.
2084 1042 2103 1069 ί

484 1122 809 1192 Priusquam
841 1133 1021 1179 autem
1053 1127 1170 1196 ipse
1215 1126 1589 1197 ingrederetur
1619 1126 1673 1181 in
1706 1128 1909 1192 vicum,
1946 1128 2055 1183 cir-

482 1213 621 1268 citer
665 1213 812 1267 mille
848 1229 1062 1283 passus,
1104 1217 1346 1271 occurrit
1374 1217 1423 1271 ei
1469 1218 1633 1271 homo
1665 1217 2011 1273 Christianus
2035 1259 2051 1284 ,

482 1303 704 1357 nomine
734 1303 1015 1366 Cleobius,
1041 1306 1135 1374 qui
1168 1305 1217 1359 ei
1244 1304 1383 1360 dixit
1410 1324 1424 1358 :
1456 1303 1548 1361 Vis
1579 1304 1813 1360 vendere
1839 1304 2057 1375 jumen-

482 1408 622 1462 tum.
649 1414 683 1453 o
712 1397 825 1452 ﬁli?
871 1397 1227 1468 ReSpontleus
1271 1398 1411 1454 dixit
1460 1386 1839 1470 Epiphanius:
1895 1397 2051 1465 Nolo,

483 1501 659 1561 pater.
705 1490 853 1546 Dixit
880 1502 1060 1546 autem
1110 1491 1405 1547 Cleobius:
1440 1491 1499 1545 Si
1531 1492 1612 1547 vis
1639 1506 1764 1545 eum
1794 1489 2050 1555 vendere,

480 1598 616 1654 cape
648 1582 769 1653 ejus
795 1583 1051 1653 pretium,
1103 1593 1158 1637 et
1202 1584 1381 1654 ipsum
1429 1584 1564 1638 mihi
1615 1583 1880 1653 relinque.
1912 1582 2050 1637 Cum

482 1675 597 1729 haec
628 1684 810 1729 autem
848 1675 1150 1744 Epiphanio
1184 1675 1386 1730 diceret
1421 1675 1700 1739 Cleobius,
1735 1674 1939 1729 animal
1968 1675 2051 1728 in-

481 1764 719 1819 solenter
752 1766 970 1820 irruens
1031 1773 1086 1819 et
1128 1766 1386 1835 impetum
1420 1764 1647 1831 faciens,
1686 1765 2047 1835 Epiphaniam

2159 576 2298 647 μετά
2327 575 2555 630 σεαυτοῦ
2578 594 2591 608 °
2623 578 2718 630 καὶ
2760 580 2810 631 εί
2851 581 2948 649 μὲν
2979 579 3273 653 διαλλάσσῃ
3305 582 3405 651 τὴν
3431 581 3607 652 κακὴν
3642 585 3733 637 αύ-

2155 663 2248 718 τοῦ
2296 665 2389 717 καὶ
2407 664 2639 718 ἄτακτον
2664 666 3005 738 προαίρεσιν,
3036 669 3245 736 μενέτω
3275 671 3330 721 ὲν
3358 668 3432 739 τῷ
3468 668 3545 738 σῷ
3568 670 3734 741 οἴκῳ·

2156 757 2204 808 εί
2236 754 2294 809 δὲ
2323 755 2572 826 ἐπιμένοι
2603 758 2669 827 τῇ
2701 756 2899 828 ἀταξία
2918 797 2934 822 ,
2965 757 3161 812 ἔκϐαλε
3191 760 3322 812 αὐτὸ
3357 762 3421 814 ὲκ
3458 762 3553 814 τοῦ
3586 763 3734 815 οἴκου

2158 862 2249 899 σου
2274 884 2289 909 ,
2324 848 2535 917 μήποτε
2569 848 2663 901 καὶ⁵
2701 846 2989 920 θανατώσῃ
3017 850 3139 903 τινά
3167 849 3278 903 τῶν
3305 850 3434 906 σῶν.
3472 850 3734 915 Ἀκούσας

2156 938 2214 991 δὲ
2237 938 2410 992 ταῦτα
2446 940 2759 1009 Ἐπιφάνιος
2779 981 2795 1005 ,
2824 943 2919 994 καὶ
2952 941 3134 996 λαϐὼν
3165 943 3234 996 τά
3266 943 3394 1015 τρία
3424 945 3735 1015 νομίσματα

2155 1029 2307 1100 παρά
2335 1030 2431 1082 τοῦ
2469 1029 2663 1084 Ἰακὼϐ
2688 1070 2703 1096 ,
2736 1030 2915 1084 λαϐὼν
2940 1032 3001 1085 τὸ
3031 1032 3323 1101 ὑποζύγιον
3351 1034 3619 1105 ἐπορεύθη
3653 1036 3734 1098 εῑς

2154 1119 2250 1190 τὴν
2276 1120 2440 1174 αὑτοῦ
2474 1120 2686 1193 κώμην.
2736 1122 2825 1187 Ὠς
2857 1123 2965 1177 ἀπὸ
2990 1125 3215 1196 σημείου
3247 1125 3398 1190 ἐνὸς,
3428 1126 3737 1196 ἀπήντησεν

2153 1211 2303 1281 αὐτῷ
2336 1210 2622 1284 ἄνθρωπος
2653 1214 3006 1285 Χριστιανὸς,
3059 1215 3284 1286 ὀνόματι
3313 1214 3605 1280 Κλεόϐιος,
3640 1217 3737 1269 καὶ

2153 1298 2307 1355 εἶπεν
2353 1306 2489 1374 πρὸς
2555 1304 2751 1358 αὑτόν·
2804 1306 3148 1375 Πιπράσκεις
3208 1307 3270 1360 τὸ
3316 1305 3639 1375 ὑποζύγιον,
3690 1302 3737 1361 ὦ

2151 1391 2375 1458 τέκνον;
2417 1394 2475 1446 '0
2515 1394 2573 1447 δὲ
2615 1395 2933 1465 Ἐπιφάνιος
2976 1396 3298 1468 ἀποκριθεὶς
3355 1393 3542 1450 εἶπεν·
3577 1397 3733 1467 Οὐχὶ,

2154 1484 2346 1557 πάτερ.
2390 1484 2447 1538 '0
2468 1486 2525 1539 δὲ
2557 1485 2816 1551 Κλεόϐιος
2842 1502 2856 1516 ⁸
2896 1486 3022 1541 Ἐὰν
3056 1488 3394 1558 πιπράσκεις
3420 1485 3574 1553 αὑτὸ,
3601 1486 3735 1542 λάϐε

2150 1576 2212 1629 τὸ
2246 1576 2463 1646 τίμημα
2488 1577 2675 1641 αὐτοῦ,
2719 1578 2816 1631 καὶ
2860 1577 3016 1630 ἔασόν
3055 1595 3146 1650 μοι
3169 1578 3320 1632 αὑτό.
3360 1578 3527 1642 Ὦςδὲ
3563 1576 3737 1630 ταῦτα

2152 1667 2329 1723 ἐλάλει
2350 1669 2379 1721 ό
2400 1668 2657 1732 Κλεόϐιος
2688 1669 2824 1740 πρὸς
2857 1668 3194 1738 Ἐπιφάνιον,
3226 1670 3285 1723 τὸ
3314 1668 3451 1733 ζῶον
3486 1669 3737 1731 ἀτάκτως

2153 1758 2389 1828 ἐνεχθὲν,
2422 1760 2517 1812 καὶ
2541 1760 2802 1812 ἐπιπεσδν
2836 1753 3139 1831 Έπιφανίῳ
3172 1758 3533 1831 διεσπάραξεν
3567 1759 3735 1812 αὑτὸν

478 1855 743 1919 excussit,
788 1854 1050 1925 humique
1090 1856 1277 1921 allisit,
1313 1864 1367 1911 et
1397 1855 1531 1911 abiit
1574 1867 1728 1911 extra
1778 1857 2048 1912 semitam.

2157 1851 2246 1904 ἐπὶ
2272 1850 2372 1921 τῆς
2401 1851 2533 1922 γῆς·
2568 1852 2663 1905 καὶ
2693 1853 2827 1905 αὐτὸ
2881 1849 3103 1922 ἐξῆλθεν
3152 1851 3255 1916 ἔξω
3300 1851 3398 1921 τῆς
3430 1851 3636 1925 τρίϐου.
3679 1850 3737 1903 '0

482 1944 818 2015 Epiphanius
859 1956 1037 2001 autem
1081 1963 1146 2003 ex
1196 1948 1430 2018 iumenti
1487 1948 1776 2004 insolentia
1828 1966 2050 2019 gravem

481 2036 974 2106 aceepitdulorem,
1016 2038 1277 2105 humique
1316 2038 1550 2108 iacebat,
1581 2039 1714 2093 ﬂens
1771 2054 1958 2095 amare
1999 2048 2055 2095 et

480 2141 590 2179 non
648 2126 833 2182 valens
885 2141 1129 2196 surgere.
1185 2126 1441 2181 Cleobius
1491 2144 1619 2181 vero
1663 2129 1928 2183 accedens
1984 2128 2053 2183 ad

481 2212 845 2284 Epiphanium
892 2224 947 2269 et
979 2214 1157 2270 femur
1206 2216 1329 2285 ejus
1365 2225 1554 2270 tenens
1599 2217 1654 2271 in
1703 2233 1769 2271 eo
1819 2217 1959 2279 loco,
1996 2218 2049 2271 in

479 2320 591 2375 quo
630 2304 853 2361 aﬂ'ectus
899 2304 1075 2361 fuerat
1103 2307 1173 2361 ab
1222 2307 1477 2362 insolenti
1524 2309 1715 2372 bestia,
1766 2324 1890 2363 cum
1923 2324 2048 2363 eum

480 2379 564 2450 ter
598 2395 887 2464 signasset,
920 2395 1104 2451 statim
1135 2397 1307 2450 erexit
1336 2397 1469 2450 nihil
1501 2398 1628 2451 mali
1668 2398 1721 2451 in
1758 2415 1816 2453 se
1845 2400 2051 2454 haben-

478 2496 610 2541 tem.
646 2485 905 2541 Cleobius
956 2497 1138 2542 autem
1182 2486 1320 2541 dixit
1370 2487 1619 2555 jumcnto
1685 2489 1844 2557 pleno
1900 2491 2049 2545 omni

480 2577 770 2632 insolentia
832 2594 847 2630 :
899 2575 1019 2632 Tibi
1070 2578 1214 2643 dico,
1293 2580 1552 2648 quoniam
1622 2579 1843 2634 voluisti
1897 2591 2050 2635 tuum

478 2666 763 2723 dominum
816 2669 1085 2734 occidere,
1136 2669 1190 2723 in
1236 2670 1457 2724 nomine
1500 2667 1628 2725 Jesu
1673 2670 1878 2727 Christi
1929 2689 2054 2728 cru-

478 2757 646 2822 citixi,
711 2771 820 2812 non
872 2758 1107 2829 amplius
1163 2759 1397 2815 excedas
1450 2774 1517 2815 ex
1572 2760 1675 2815 hoc
1718 2762 1856 2817 loco.
1893 2762 2048 2829 Quod

480 2857 769 2919 postquam
830 2849 1057 2905 dixisset
1118 2848 1412 2918 Cleobius,
1483 2850 1790 2922 jumeutum
1865 2856 2051 2908 statim

480 2936 678 2994 occidit
742 2938 798 2993 in
862 2948 1060 2993 terram
1137 2948 1436 2997 mortuum.
1503 2940 1784 2997 Cleobium
1869 2951 2049 2998 autem

483 3028 836 3099 interrogavit
878 3028 1240 3100 Epiphanius,
1280 3031 1468 3086 dicens
1512 3051 1525 3087 :
1565 3031 1699 3099 Quis
1743 3044 1847 3099 est,
1882 3050 1917 3089 o
1959 3051 2051 3103 pa-

484 3128 587 3183 ter,
611 3118 770 3175 Jesus
802 3122 1117 3185 cruciﬁxus,
1159 3122 1303 3192 quod
1345 3123 1471 3177 talia
1505 3124 1644 3178 nunt
1672 3140 1767 3194 per
1793 3126 1915 3195 ejus
1949 3142 2049 3182 no-

482 3212 647 3266 men?
689 3209 990 3281 Respondit
1011 3212 1285 3278 Cleobius,
1319 3223 1374 3268 et
1404 3214 1543 3269 dixit
1574 3213 1912 3286 Epiphanio:
1957 3216 2054 3271 llic

479 3300 642 3359 Jesus
682 3312 769 3359 est
810 3302 982 3359 Filius
1017 3303 1149 3372 Dei,
1190 3320 1351 3377 quem
1416 3306 1804 3362 cruciﬁxerunt
1855 3306 2049 3363 Judaei.

483 3386 819 3463 Epiphanius
863 3410 991 3449 vero
1031 3396 1214 3451 timuit
1245 3397 1559 3468 signiﬁcare
1589 3397 1816 3453 Cleobio
1842 3413 1902 3454 se
1930 3414 2054 3454 esse

480 3484 754 3540 Judaeum.
809 3485 1065 3543 Cleobius
1114 3498 1297 3543 autem
1350 3489 1591 3557 perrexit
1622 3505 1783 3545 suum
1820 3490 1924 3546 iter
1970 3490 2055 3569 in:

482 3575 657 3646 gredi,
686 3586 742 3631 et
775 3575 1113 3647 Epiphanius
1165 3580 1220 3633 in
1284 3581 1464 3635 vicum
1522 3582 1671 3636 venit
1719 3583 1786 3636 ad
1824 3590 2051 3637 matrem

483 3683 664 3724 suam.
695 3668 866 3736 Quem
895 3671 1085 3726 videns
1123 3681 1316 3736 mater,
1346 3673 1558 3741 excepit
1599 3689 1725 3727 cum
1757 3689 1883 3728 cum
1920 3689 2056 3743 gau—

483 3760 598 3817 dio.
639 3761 798 3815 Matri
826 3776 957 3816 vero
1004 3777 1117 3817 sum
1162 3765 1415 3833 exposuit
1458 3763 1795 3833 Epiphanius
1848 3767 2054 3828 omnia,

483 3865 608 3921 qua:
651 3852 753 3908 sibi
786 3862 1083 3907 evenerant
1132 3863 1355 3923 propter
1408 3855 1731 3909 insolentem
1780 3864 1833 3909 et
1886 3856 2057 3924 pessi-

486 3958 631 3996 mam
664 3945 911 3999 bestiam.
935 3945 1230 4014 Aliquanto
1257 3955 1436 3999 autem
1472 3955 1595 4016 post
1641 3956 1885 4015 tempore
1920 3950 2058 4001 dixit

487 4045 662 4091 mater
690 4036 992 4107 Epiphanio
1051 4055 1063 4090 :
1110 4036 1269 4103 Ecce,
1322 4038 1428 4103 ﬁli,
1488 4046 1630 4093 terra
1682 4038 1883 4093 inculta
1924 4041 2056 4093 nihil

486 4127 759 4197 producit,
810 4144 986 4197 neque
1020 4130 1178 4184 nobis
1227 4144 1292 4184 ex
1344 4146 1405 4184 ea
1461 4140 1544 4185 est
1593 4131 1796 4200 aliquid
1853 4132 2053 4186 solatii.

487 4218 620 4275 Erat
658 4234 838 4276 autem
876 4222 957 4277 eis
1002 4221 1279 4293 quoddam
1331 4224 1667 4293 praediolum,
1718 4223 1861 4294 quod
1907 4232 2059 4292 pater

488 4312 611 4381 ejus
639 4313 925 4383 diligenter
958 4315 1164 4379 colens,
1211 4332 1275 4372 ex
1307 4331 1373 4370 eo
1404 4316 1639 4370 habebat
1667 4316 1872 4385 aliquid
1914 4316 2058 4371 sola-

488 4402 572 4457 tii.
627 4402 775 4458 Dixit
832 4420 963 4474 ergo
995 4406 1043 4459 ei
1095 4416 1313 4462 mater:
1372 4405 1685 4461 Vendamus
1737 4406 2055 4475 praediolum

2154 1937 2247 1997 οὖν
2286 1943 2597 2013 Ἐπιφάνιος
2639 1944 2746 1998 ἀπὸ
2776 1946 2872 2015 τῆς
2909 1944 3028 2013 βίας
3059 1945 3161 2013 τῆς
3206 1945 3433 2010 ἀταξίας
3472 1945 3567 1998 τοῦ
3601 1945 3738 1997 ὑποο

2154 2032 2341 2102 ζυγίου
2374 2032 2575 2088 ἔπαθεν
2607 2035 2697 2087 τὸν
2733 2035 2928 2088 ἑαυτοῦ
2964 2036 3159 2107 μηρὸν,
3193 2037 3288 2090 καὶ⁸
3317 2036 3496 2090 εκειτο
3518 2035 3610 2089 ἐπὶ
3634 2035 3738 2105 τῆς

2154 2122 2294 2193 γῆς,
2352 2123 2551 2177 κλαίων
2596 2125 2691 2179 καὶ
2725 2125 2799 2196 μὴ
2833 2126 3132 2197 δυνάμενος
3163 2126 3485 2196 ἀναστῆναι.
3532 2127 3592 2180 ’0
3642 2121 3738 2179 οὗν

2153 2214 2413 2278 Κλεόϐιος
2445 2215 2755 2287 προσελθὼν
2788 2217 3114 2287 Ἐπιφανίῳ,
3145 2218 3427 2287 κρατήσας
3452 2214 3619 2270 αὐτοῦ
3645 2216 3739 2268 τὸν

2157 2303 2329 2375 μηρὸν
2373 2306 2431 2357 ἐν
2474 2305 2553 2376 τῷ
2588 2306 2774 2377 τόπῳ,
2821 2300 2865 2373 ᾧ
2910 2305 3175 2361 πέπονθεν
3222 2307 3326 2360 ὑπὸ
3364 2305 3458 2360 τοῦ
3500 2306 3737 2362 ἀτάκτου

2153 2391 2292 2458 ζώου
2311 2435 2325 2456 ,
2356 2396 2451 2447 καὶ
2482 2397 2790 2464 σφραγίσας
2818 2397 2982 2450 αὑτὸν
3016 2396 3198 2467 τρίτον
3221 2437 3235 2460 ,
3268 2396 3469 2461 εὐθέως
3495 2398 3698 2468 ἀνέστη
3718 2436 3735 2459 ,

2156 2484 2320 2555 μηδὲν
2350 2485 2520 2539 κακὸν
2549 2485 2688 2555 ἔχων
2737 2488 2794 2539 ἐν
2837 2486 3035 2557 ἐαυτῷ.
3084 2488 3143 2541 ’0
3184 2488 3242 2542 δὲ
3285 2488 3544 2553 Κλεόϐιος
3585 2483 3739 2542 εἶπεν

2153 2577 2293 2647 πρὸς
2334 2577 2396 2630 τὸ
2442 2576 2740 2646 ὑποζύγιον
2773 2579 2954 2648 πάσης
2993 2580 3218 2646 ἀταξίας
3270 2578 3697 2651 πεπληρωμένον
3720 2595 3736 2609 ·

2165 2666 2383 2737 Ἐπειδὴ
2415 2666 2724 2739 ἠϐουλήθης
2746 2668 3055 2723 θανατῶσαι
3081 2670 3173 2723 τὸν
3206 2670 3335 2723 ἴδιον
3364 2669 3652 2738 δεσπότην,
3678 2670 3739 2721 ἐν

2152 2753 2230 2826 τῷ
2261 2756 2485 2827 ὀνόματι
2514 2757 2689 2827 Ἰησοῦ
2726 2756 2960 2828 Χριστοῦ
2976 2759 3067 2812 τοῦ
3100 2761 3514 2831 ἐσταυρωμένου
3536 2798 3550 2823 ,
3589 2777 3739 2831 μηκ-

2154 2844 2237 2899 έτι
2296 2846 2557 2919 μετέλθῃς
2585 2850 2650 2900 ἐκ
2679 2848 2775 2901 τοῦ
2800 2848 2966 2901 τόπου
2991 2851 3201 2903 τούτου.
3229 2851 3338 2904 Καὶ
3370 2851 3464 2903 ἐπὶ
3488 2849 3568 2921 τῷ
3589 2850 3742 2919 λόγῳ

2152 2938 2415 2992 Κλεοϐίου
2441 2940 2645 3003 εύθέως
2675 2940 2871 2994 ἔπεσεν
2903 2942 2965 2994 τὸ
2994 2941 3287 3012 ὑποζύγιον
3341 2944 3434 2996 ἐπὶ
3476 2945 3574 3014 τὴν
3609 2944 3743 3013 γῆν,

2153 3029 2247 3082 καὶ
2272 3029 2563 3083 ἀπέθανεν.
2602 3032 2712 3084 Καὶ
2742 3030 3080 3102 ἐπεζήτησεν
3103 3034 3422 3101 Ἐπιφάνιος
3443 3034 3535 3087 τὸν
3565 3033 3731 3088 Κλεόο

2154 3118 2292 3183 ϐιον,
2322 3120 2525 3188 λέγων·
2560 3122 2656 3185 Ἱῖίς
2688 3124 2857 3186 ἐστιν,
2882 3122 3078 3194 πάτερ,
3094 3123 3302 3194 Ἰησοῦς
3326 3126 3353 3176 ό
3387 3125 3740 3196 ἐσταυρωμέ-

2155 3228 2263 3273 νος,
2287 3211 2369 3264 ὅτι
2391 3210 2614 3264 τοιαῦτα
2639 3215 2844 3284 σημεῖα
2864 3211 3073 3281 γίνεται
3099 3214 3166 3267 δι’
3203 3214 3367 3267 αὑτοῦ
3389 3232 3403 3278 ;
3434 3213 3737 3285 Ἀπεκρίθη

2154 3302 2431 3366 Κλεόϐιος.
2458 3303 2553 3356 καὶ
2573 3298 2725 3356 εἷπεν
2749 3302 2885 3375 πρὸς
2906 3302 3225 3372 Ἑπιιράνιον
3250 3319 3261 3331 ·
3295 3300 3463 3368 Οὗτος
3487 3307 3515 3358 ό
3531 3304 3741 3375 Ἰησοῦς

2153 3392 2301 3445 ἐστιν
2331 3394 2358 3445 ὁ
2398 3392 2522 3455 Υἱὸς
2551 3391 2645 3444 τοῦ
2682 3392 2817 3446 Θεοῦ
2852 3432 2866 3447 .
2912 3393 2971 3446 ὃν
3002 3394 3356 3464 ἐσταύρωσαν
3393 3396 3442 3447 oi
3475 3395 3737 3448 Ἰουδαῖοιι

2166 3482 2226 3535 ὐ
2271 3482 2327 3536 δὲ
2371 3482 2689 3551 Ἐπιφάνιος
2734 3483 2973 3554 ἐφοϐήθη
3019 3484 3336 3552 ἀναγγεῖλαι
3367 3483 3447 3555 τῷ
3475 3484 3741 3555 Κλεοϐίῳ,

2154 3574 2236 3627 ὅτι
2280 3573 2531 3637 Ἰουδαῖός
2572 3575 2739 3628 ἐστιν.
2785 3575 2843 3627 ὐ
2888 3570 2981 3628 οὖν
3024 3575 3278 3640 Κλεόϐιος
3328 3575 3600 3648 ἐπορεύθη
3642 3575 3744 3646 τὴν

2156 3663 2350 3717 ἑαυτοῦ
2378 3663 2518 3729 ὁδδνξ
2551 3665 2644 3719 καὶ
2681 3664 2990 3732 Ἑπιφάνιος
3020 3664 3268 3736 εἰσῆλθεν
3304 3668 3384 3728 είς
3416 3666 3515 3736 τὴν
3541 3666 3740 3719 ἑαυτοῦ

2156 3755 2351 3827 κώμην
2382 3756 2517 3826 πρὸς
2545 3756 2645 3828 τὴν
2677 3757 2869 3811 ἑαυτοῦ
2901 3757 3133 3830 μητέρα.
3189 3758 3395 3812 ’ἰδοῦσα
3423 3759 3478 3812 δὲ
3513 3758 3674 3814 αὑτὸν
3703 3763 3737 3827 ἡ

2161 3849 2341 3918 μήτηρ
2376 3847 2565 3915 αὑτοῦ,
2598 3846 2898 3914 ἀπεδέξατο
2924 3848 3087 3902 αὑτὸν
3118 3849 3256 3920 μετά
3286 3850 3485 3919 χαρᾶς,
3531 3850 3624 3904 καὶ
3653 3850 3742 3912 ἐξ-

2158 3938 2403 4008 ηγήσατο
2450 3939 2550 3991 ὅσα
2598 3938 2796 4007 συνέϐη
2829 3938 2977 4008 αὑτῷ
3024 3938 3111 3993 διά
3154 3937 3248 3991 τοῦ
3298 3938 3535 3992 ἀτάκτου
3576 3937 3739 4003 ζώου.

2156 4028 2365 4100 Χρόνου
2396 4028 2452 4081 δὲ
2483 4028 2843 4100 παρελθόντος
2898 4024 3051 4082 εἶπεν
3099 4031 3130 4099 ή
3184 4030 3369 4100 μήτηρ
3423 4030 3742 4098 Ἐπιφανίου

2158 4120 2295 4193 πρὸς
2344 4120 2539 4175 αὐτόν·
2578 4120 2707 4174 Ἰδοὺ
2738 4122 2802 4192 δὴ
2823 4163 2837 4186 ,
2870 4121 3083 4183 τέκνον,
3117 4123 3151 4191 ή
3185 4121 3256 4190 γῆ
3291 4120 3574 4191 ἀμελεῖται
3597 4162 3612 4186 ,
3645 4122 3742 4177 καὶ

2159 4209 2503 4283 παραμύθιον
2546 4212 2677 4283 ἡμῖν
2702 4212 2855 4267 οὐδέν
2887 4213 3036 4265 ἐστιν
3065 4208 3125 4276 ἐξ
3152 4211 3342 4282 αὐτῆς.
3366 4207 3476 4265 τΗν
3501 4211 3609 4283 γὰρ
3642 4212 3709 4263 αὑ
3732 4243 3740 4250 -

2160 4304 2267 4366 τοῖς
2311 4302 2385 4372 γῆ
2425 4302 2531 4357 ίδία
2582 4303 2790 4375 μικράο
2822 4303 2888 4373 ἢν
2925 4302 3018 4356 καὶ
3057 4303 3088 4355 ὁ
3135 4301 3318 4373 πατὴρ
3371 4301 3537 4356 αὑτοῦ
3568 4303 3743 4373 ἐμπό-

2158 4410 2265 4458 νως
2295 4394 2501 4464 ταύτην
2531 4393 2815 4466 γεωργῶν,
2842 4390 2987 4464 εἶχέν
3015 4410 3137 4448 τινα
3170 4393 3521 4465 παραμυθίαν
3561 4394 3620 4460 ἐξ
3646 4395 3744 4446 αύ-

489 4501 741 4548 nostrum
774 4494 983 4549 homini
1023 4496 1274 4565 agricolae
1306 4514 1320 4551 :
1357 4508 1404 4551 et
1437 4508 1489 4550 tu
1538 4498 1671 4550 vade
1710 4497 1774 4550 ad
1818 4497 2052 4567 aliquem

2158 4483 2278 4554 τῆς.
2333 4479 2502 4538 Εἶπεν
2555 4480 2651 4539 οῦν
2706 4486 2740 4556 ή
2788 4480 2959 4540 αὑτοῦ
3011 4485 3223 4556 μήτηρ·
3287 4483 3638 4555 Ἀποδώμεθα
3684 4486 3745 4537 τὸ

490 4582 767 4639 hominem
821 4583 991 4640 Deum
1034 4585 1340 4649 timentem,
1391 4597 1444 4641 et
1497 4587 1646 4641 disce
1702 4595 1897 4649 artem,
1950 4602 2054 4656 qua

489 4675 670 4744 possis
702 4687 755 4732 te
776 4677 944 4744 alere,
971 4678 1214 4750 mihique
1253 4688 1308 4734 et
1337 4688 1443 4734 tuae
1485 4678 1660 4733 sorori
1692 4694 1883 4748 panem
1929 4694 2057 4747 sup-

489 4765 747 4836 perlitare.

559 4949 649 5005 IV.
709 4948 841 5003 Erat
880 4956 1059 5003 autem
1108 4947 1328 5017 quidam
1375 4946 1595 5001 Judaans
1630 4946 1975 5015 legispcrilus
2005 4946 2057 4997 in

487 5039 707 5094 civitate
737 5038 1165 5105 Eleutheropoli,
1197 5038 1281 5091 vir
1310 5038 1665 5091 admirandus
1689 5047 1743 5090 ct
1769 5036 2059 5105 n-ligiosns

488 5136 855 5197 congruenter
886 5125 986 5195 legi
1017 5124 1237 5197 Moysis.
1291 5124 1340 5179 Is
1388 5124 1622 5179 habebat
1653 5123 2060 5193 possessionem

490 5220 544 5271 in
573 5218 717 5283 vico,
742 5218 796 5272 in
827 5233 937 5285 quo
964 5227 1126 5274 natus
1158 5226 1275 5272 erat
1306 5215 1663 5286 Epiphanius,
1697 5216 1791 5284 qui
1822 5215 1934 5285 jam
1970 5230 2062 5269 co-

490 5308 785 5378 gnoscebat
805 5309 924 5381 ejus
965 5318 1172 5379 patrem
1201 5317 1253 5362 et
1296 5315 1546 5371 matrem,
1583 5305 1832 5360 similiter
1878 5315 2059 5359 autem

495 5396 853 5467 Epiphanium
909 5409 962 5455 et
994 5401 1115 5469 ejus
1156 5413 1425 5454 sororem.
1456 5396 1507 5451 Is
1552 5412 1677 5452 cum
1709 5396 1950 5451 venisset
1991 5395 2058 5449 ad

494 5486 740 5540 visendas
793 5502 920 5540 suas
975 5489 1384 5556 possessiones,
1427 5486 1566 5541 dixit
1621 5486 1780 5540 matri
1823 5483 2063 5554 Epipha-

494 5573 568 5626 nii
598 5591 610 5626 :
658 5573 870 5631 Mulier,
905 5573 987 5628 vis
1025 5575 1155 5628 dare
1199 5574 1328 5627 mihi
1364 5573 1531 5629 lilium
1566 5584 1718 5628 tuum
1754 5575 1807 5627 in
1843 5574 2015 5627 [ilium
2038 5574 2063 5626 ?

495 5669 663 5728 tuque
707 5670 762 5714 et
816 5654 909 5715 tua
955 5660 1062 5716 lilia
1096 5662 1360 5730 para‘hitis
1403 5679 1434 5718 e
1481 5664 1645 5719 domo
1676 5674 1887 5728 nostra,
1932 5679 2056 5734 quae

495 5758 656 5803 erunt
688 5749 839 5804 vobis
865 5750 1007 5805 usui.
1032 5750 1201 5805 Mater
1227 5761 1406 5807 autem
1446 5754 1751 5824 Epiphanii,
1786 5771 1909 5810 cum
1944 5756 2057 5811 haec

2160 4576 2365 4647 γηίδιον
2386 4577 2418 4647 ή
2427 4575 2544 4646 μῶν
2571 4576 2842 4650 ἀνθρώπῳ
2864 4575 3095 4648 γεωργῷ
3116 4593 3129 4607 ·
3159 4574 3255 4629 καὶ
3279 4577 3343 4630 σὺ
3369 4574 3581 4629 εἴσελθε
3607 4577 3744 4646 πρὸς

2160 4668 2417 4737 θεόφοϐον
2452 4668 2758 4741 ἄνθρωπον,
2822 4669 2917 4722 καί
2960 4668 3055 4722 ἔσο
3095 4666 3479 4738 διδασκόμενος
3527 4666 3744 4736 τέχνην,

2160 4759 2227 4812 δι’
2257 4754 2325 4831 ἦς
2355 4758 2580 4813 δύνασαι
2623 4758 2717 4814 καὶ
2749 4758 2940 4812 ἐαυτὸν
2966 4760 3194 4832 τρέφειν
3213 4799 3228 4824 ,
3257 4758 3352 4812 καὶ
3382 4757 3527 4829 ἐμοὶ,
3554 4757 3646 4811 καὶ
3675 4758 3747 4827 τῇ

2161 4849 2364 4921 ἀδελφῇ
2396 4867 2490 4904 σου
2516 4849 2676 4922 ἄρτον
2706 4851 2978 4921 χορηγεῖν.
3536 4924 3541 4929 Δ

2232 4944 2305 4993 Δ⁹.
2349 4937 2457 4995 Ἦν
2487 4941 2545 4993 δέ
2567 4958 2651 5004 τις
2689 4941 2943 5003 Ἰουδαῖος
2976 4939 3426 5011 νομοδιδάσκαλος
3459 4942 3518 4996 ἐν
3560 4941 3746 4995 Ἐλευ-

2164 5032 2465 5103 θεροπόλει,
2502 5032 2642 5103 ἀνὴρ
2671 5030 2985 5101 θαυμαστὸς
3015 5034 3110 5086 καὶ
3156 5030 3440 5102 θεοσεϐὴς,
3481 5032 3622 5086 κατά
3653 5032 3749 5086 τὸν

2163 5120 2324 5191 νόμον
2355 5120 2659 5186 Μωῦσὲως.
2701 5116 2870 5186 Οὗτος
2914 5119 3059 5195 εἶχεν
3098 5125 3322 5194 κτήσεις
3358 5126 3422 5177 ἐν
3462 5125 3528 5194 τῇ
3562 5122 3745 5192 κώμῃ,

2162 5213 2221 5265 ὲν
2321 5212 2580 5285 ἐγεννήθη
2634 5214 2983 5283 Ἐπιφάνιος’
3031 5215 3090 5278 ὃς
3137 5216 3231 5268 καὶ
3270 5215 3364 5269 τὸν
3402 5215 3613 5285 πατέρα
3645 5214 3745 5266 αύ-

2162 5300 2257 5354 τοῦ
2294 5301 2448 5371 ᾔδει,
2501 5303 2595 5355 καὶ
2637 5302 2737 5375 τὴν
2788 5303 3003 5374 μητέρα
3048 5303 3366 5370 ἐγίνωσκεν,
3410 5303 3609 5373 ὁμοίως
3653 5303 3742 5354 καὶ

2176 5390 2493 5460 Ἐπιφάνιον
2525 5392 2619 5445 καὶ
2642 5391 2740 5464 τὴν
2767 5394 2932 5446 αὑτοῦ
2967 5392 3225 5461 ἀδελφήν.
3275 5388 3444 5455 Οὗτος
3490 5391 3747 5445 εἰσελθὼν

2164 5483 2247 5546 είς
2279 5482 2565 5552 ἐπίσκεψιν
2590 5484 2699 5538 τῶν
2728 5484 2924 5539 ἐαυτοῦ
2954 5486 3280 5555 κτημάτων,
3309 5480 3459 5538 εἶπεν
3488 5483 3620 5553 πρὸς
3645 5484 3749 5552 τὴν

2168 5573 2379 5646 μητέρα
2433 5575 2789 5645 Ἐπιςρανίουο
2834 5576 3023 5637 Γύναι,
3070 5575 3234 5649 βούλῃ
3284 5594 3375 5647 μοι
3427 5575 3610 5629 δοῦναι
3654 5576 3745 5627 τὶν

2163 5664 2278 5717 υἱόν
2306 5682 2401 5718 σου
2425 5667 2505 5729 εἱς
2536 5666 2650 5719 υἱόν
2675 5682 2690 5731 ;
2716 5667 2808 5719 καὶ
2838 5667 2938 5737 ἔσῃ
2963 5668 3058 5720 καὶ
3089 5668 3153 5721 σὺ
3190 5667 3285 5720 καὶ
3314 5668 3346 5736 ή
3373 5666 3619 5737 θυγάτηρ
3651 5683 3744 5719 σου

2164 5754 2265 5819 τὰς
2288 5756 2475 5824 χρείας
2503 5756 2657 5820 ὑμῶν
2689 5756 3042 5827 ποριζόμενιι
3074 5760 3140 5811 ἐκ
3159 5756 3253 5811 τοῦ
3277 5757 3543 5828 ήμετέρου
3567 5757 3741 5815 οἴκου.
3848 5794 3859 5803 κ
