4058 6436
426 374 498 431 29
1735 372 1794 425 S.
1830 370 2172 426 ΕΡΙΡΗΛΝΙΙ
2213 370 2391 426 VlTA.
3622 368 3693 423 30

438 472 508 525 Ἦ
529 468 585 523 δέ
616 470 803 542 μήτηρ
842 465 1158 536 Ἐπιφανίου
1186 466 1470 520 ἀκούσασα
1494 465 1646 538 παρὰ
1667 466 1759 520 τοῦ
1784 466 2012 537 νομικοῦ

2125 468 2391 533 audiisset
2438 456 2468 521 a
2503 466 2837 538 legisperito,
2865 462 3023 520 valde
3079 464 3257 520 laetata
3312 468 3398 519 est
3437 480 3452 517 :
3488 470 3689 518 etcum

431 559 632 624 ταῦτα,
677 558 853 630 ἐχάρη
895 557 1063 620 πολὺ,
1096 557 1189 610 καὶ
1223 556 1463 610 λαϐοῦσα
1501 556 1839 626 Ἐπιφάνιον,
1872 574 2012 629 παρ-

433 648 631 702 έδωκεν
663 647 828 701 αὐτὸν
858 646 1205 718 παραχρῆμα
1235 646 1317 709 είς
1347 646 1481 699 υἱόν.
1527 645 1601 698 Τὸ
1632 646 1689 699 δὲ
1718 646 1887 717 ὄνομα
1918 647 2012 701 τοῦ

428 737 657 808 νομικοῦ
682 737 930 791 ἐκαλεῖτο
960 736 1215 808 Τρύφων.
1248 731 1417 800 Οὗτος
1447 731 1591 807 εἶχεν
1620 735 1891 808 θυγατέρα
1919 754 2015 808 μο-

432 829 624 900 νογενῆ
643 845 658 859 ο
687 827 939 882 ἐϐούλετο
966 828 1025 881 δὲ
1057 826 1260 899 ταύτην
1295 827 1551 894 συζεῦξαι
1594 829 1917 899 Ἐπιφανίῳ.

503 919 585 973 E'.
635 918 696 972 '0
738 916 832 973 οὖν
864 918 1099 991 Τρύφων
1150 918 1331 973 λαϐὼν
1388 920 1702 991 Ἐπιφάνιον
1749 923 1827 985 είς
1877 923 2009 985 υἱὸν,

430 1009 749 1063 ἐπαίδευσεν
802 1010 964 1064 αὑτὸν
1013 1011 1265 1082 ἐμπόνως
1305 1011 1373 1065 τὰ
1423 1011 1520 1065 τοῦ
1571 1012 1771 1083 νόμου,
1813 1014 1906 1066 καὶ
1946 1013 2013 1067 τὰ

436 1105 675 1175 στοιχεῖα
709 1102 779 1158 τὰ
823 1102 1088 1175 Ἑϐραϊκὰ
1118 1099 1255 1173 μετὰ
1288 1103 1591 1174 ἀκριϐείας.
1633 1103 2013 1174 Ἐτελεύτησεν

430 1199 490 1252 δὲ
516 1201 552 1271 ή
578 1198 823 1270 Θυγάτηρ
862 1198 954 1252 τοῦ
987 1197 1280 1269 Τρύφωνος
1301 1239 1316 1261 ,
1358 1198 1451 1251 καὶ
1501 1198 1662 1268 μόνος
1702 1198 2015 1266 Ἐπιφὰνιος

427 1285 499 1362 ἦν
518 1292 581 1343 ἐν
601 1290 679 1363 τῷ
704 1290 838 1361 οἴκῳ
860 1289 1024 1345 αὑτοῦ
1056 1288 1378 1361 προκόπτων
1399 1291 1493 1344 καὶ
1512 1292 1578 1362 τῇ
1601 1289 1807 1362 ἡλικίᾳ,
1830 1292 1922 1345 καὶ
1945 1293 2012 1362 τῇ

429 1382 595 1454 σοφίᾳ
620 1384 685 1453 τῇ
728 1380 1010 1454 Ἐϐραῖκῇ.
1044 1380 1249 1451 Συνέϐη
1284 1381 1340 1434 δὲ
1380 1382 1472 1435 καὶ
1496 1381 1583 1436 τὸν
1625 1381 1896 1453 Τρύφωνα
1928 1399 2016 1435 τε-

428 1476 713 1546 λευτῆσαι⁹
753 1476 848 1530 καὶ
881 1478 1061 1529 πᾶσαν
1086 1474 1185 1545 τὴν
1209 1474 1479 1547 ὑπόληψιν
1503 1474 1668 1529 αὑτοῦ
1699 1474 2015 1545 κατέλειψεν

442 1567 765 1640 Ἐπιφανίῳ.
803 1568 1186 1639 Ἐτελεύτησεν
1228 1567 1283 1621 δὲ
1328 1569 1423 1622 καὶ
1466 1570 1501 1641 ή
1547 1570 1730 1641 μήτηρ
1786 1570 2017 1640 Ἐπιφαη

427 1657 569 1714 νίου.
612 1657 841 1712 Ἔλαϐεν
886 1658 943 1711 δὲ
980 1658 1298 1727 Ἐπιφάνιος
1330 1657 1428 1729 τὴν
1458 1657 1655 1712 ἐαυτοῦ
1689 1657 1924 1730 ἀδελφήν
1956 1662 2014 1713 ἐν

426 1747 507 1819 τῷ
534 1747 670 1820 οἴκῳ
694 1747 770 1819 τῷ
800 1748 905 1801 ὑπὸ
936 1746 1030 1802 τοῦ
1061 1747 1355 1822 Τρύφωνος
1386 1748 1801 1818 καταλειφθέντι
1835 1751 2009 1823 αὐτῷ’

2122 562 2417 629 accepisset
2450 558 2836 629 Epiphanium,
2865 572 2990 611 eum
3027 555 3339 627 legisperito
3377 556 3559 610 statim
3594 556 3686 609 de-

2117 651 2199 704 dit
2236 650 2290 703 in
2328 649 2519 703 ﬁlium.
2570 646 2702 701 Erat
2733 647 3049 718 legisperito
3071 646 3149 700 illi
3181 661 3378 701 nomen
3411 643 3690 715 Tryphon,

2118 741 2213 811 qui
2241 740 2435 795 habuit
2469 738 2636 793 ﬁliam
2679 737 3040 808 unigenitum,
3068 736 3392 805 volebatque
3417 751 3537 790 eam
3559 735 3695 804 jun-

2114 850 2238 905 gere
2275 832 2596 902 Epiphanio.

2193 924 2256 979 V.
2300 925 2437 978 Cum
2471 925 2653 992 itaque
2678 921 2933 993 Tryphon
2978 919 3342 990 Epiphanium
3392 919 3695 987 accepisset

2116 1018 2170 1073 in
2213 1017 2407 1083 ﬁlium,
2461 1029 2800 1084 quaecunque
2859 1026 2987 1068 sunt
3033 1014 3165 1082 legis
3228 1029 3352 1066 cum
3406 1013 3696 1081 diligenter

2114 1109 2329 1165 docuit.
2361 1119 2413 1161 et
2442 1108 2710 1160 elementa
2749 1104 3011 1159 llebraica
3046 1113 3319 1158 accurate.
3363 1103 3571 1157 Mortua
3613 1114 3698 1157 est

2119 1211 2301 1255 autem
2334 1199 2439 1252 ﬁlia
2483 1197 2812 1269 Tryphonis,
2844 1196 3104 1266 solusque
3132 1196 3471 1264 Epiphanius
3497 1206 3613 1249 erat
3644 1195 3696 1249 in

2116 1290 2281 1345 domo
2319 1289 2463 1359 ejus,
2493 1288 2782 1358 proﬁciens
2814 1295 2973 1341 aztate
2998 1294 3052 1339 et
3092 1285 3360 1354 sapientia
3406 1282 3692 1338 Hebraica.

2115 1384 2327 1440 Accidit
2364 1397 2516 1447 vero,
2551 1387 2610 1434 ut
2649 1376 2907 1450 Tryphon
2953 1364 3173 1447 quoque
3206 1373 3528 1429 decederet:
3577 1388 3694 1426 om-

2118 1490 2325 1546 nesque
2366 1473 2651 1529 facultates
2686 1486 2815 1526 suas
2846 1468 3070 1538 reliquit
3095 1466 3440 1538 iEpiphanio.
3484 1462 3696 1518 Mortua

2117 1577 2201 1622 est
2242 1576 2423 1621 autem
2479 1575 2655 1619 mater
2710 1577 2931 1633 quoque
2986 1558 3297 1630 Epiphauii.
3345 1556 3449 1622 Qui
3494 1558 3699 1624 accepit

2117 1676 2360 1717 sororem
2391 1674 2546 1714 suam
2587 1658 2640 1710 in
2667 1657 2852 1719 domo,
2883 1670 3004 1724 qua:
3040 1669 3068 1706 a
3105 1651 3398 1722 Tryphonc
3440 1649 3541 1703 sibi
3576 1648 3700 1701 reli-

2094 1737 2199 1808 lcta
2252 1751 2449 1805 fuerat.
2509 1746 2787 1817 Erantque
2833 1747 2996 1800 ambo
3047 1743 3196 1799 domi
3239 1743 3295 1795 in
3344 1754 3541 1810 magna
3581 1739 3701 1792 vita:

425 1814 526 1893 καὶ
549 1814 690 1911 ἦσαν
715 1814 764 1892 oi
789 1838 884 1893 δύο
907 1839 1023 1911 ἅμα
1047 1814 1205 1911 ἐντῷ
1234 1840 1368 1911 οἴκῳ
1399 1841 1457 1894 ἐν
1488 1814 1654 1911 πολλῇ
1682 1814 2012 1896 καταστάσει

2116 1838 2530 1909 tranquillitate,
2569 1814 2961 1889 convenienter
2994 1832 3279 1897 doctrinas,
3339 1844 3504 1900 quam
3545 1843 3701 1883 acce-

428 1930 550 2001 βίου
597 1930 737 1986 κατὰ
792 1931 890 2003 τὴν
964 1930 1186 2005 διδαχὴν
1251 1932 1568 2004 Τρύφωνος.
1628 1931 1892 1998 Ἐξελθὼν
1955 1934 2014 1987 δὲ

441 2020 755 2089 Ἐπιφάνιος
798 2022 857 2075 ἐν
886 2022 953 2093 τῇ
995 2018 1155 2093 κώμῃ
1179 2061 1194 2086 ,
1248 2021 1306 2074 ἐν
1419 2020 1684 2094 ἐγεννήθη
1713 2061 1728 2086 ,
1767 2022 1826 2076 ἐν
1922 2024 2015 2077 καὶ

423 2111 526 2184 τήν
556 2112 745 2183 κτῆσιν
767 2107 914 2183 εἶχεν
941 2113 1039 2184 τήν
1068 2110 1527 2182 καταλειφθεῖσαν
1559 2113 1709 2185 αὺτῷ
1740 2114 1846 2168 ὑπὸ
1880 2115 1922 2167 Τ
1928 2114 2016 2186 ρύ-

425 2217 627 2270 φωνος,
647 2201 960 2273 ὑπήντησεν
996 2199 1146 2273 αύτῷ
1166 2203 1307 2273 ἁνήρ
1334 2220 1419 2267 τις
1444 2204 1769 2274 Χριστιανὸς
1789 2205 2014 2275 ὀνόματι

423 2290 759 2355 Λουκιανὸς,
788 2290 1096 2363 Θαυμαστὸς
1136 2293 1231 2346 καὶ
1270 2292 1449 2362 λόγιος
1472 2334 1487 2358 ,
1532 2294 1623 2347 τὸν
1661 2296 1870 2365 μονήρη
1901 2294 2014 2364 βίον

422 2380 791 2451 διερχόμενος,
819 2381 1017 2453 τέχνην
1043 2381 1182 2453 ἔχων
1212 2383 1309 2455 τήν
1342 2382 1435 2437 τοῦ
1466 2384 1858 2456 καλλιγράφου,
1883 2387 2016 2439 ταύ-

421 2487 497 2546 τῃ
527 2489 587 2527 τε
618 2473 1070 2545 προσκαρτερῶν,
1100 2474 1158 2542 ἐξ
1186 2476 1358 2545 αὐτῆς
1382 2474 1475 2529 τὸν
1501 2475 1663 2548 ἄρτον
1707 2478 2010 2548 ἐπορίζετο,

421 2562 522 2618 καὶ
566 2563 627 2618 τὸ
672 2562 997 2635 περισσεῦον
1038 2566 1282 2620 ἐπεδίδου
1328 2570 1443 2632 τοῖς
1484 2567 1778 2639 δεομένοις.
1819 2570 1879 2623 '0
1918 2565 2012 2624 οὖν

437 2654 753 2724 Ἐπιφάνιος
772 2651 840 2727 ἦν
870 2656 1219 2728 ἐπιϐεϐηκὼς
1248 2659 1340 2711 ἐπὶ
1372 2650 1687 2729 ὑποζύγιον.
1729 2662 1786 2716 '0
1816 2662 1873 2715 δὲ
1908 2680 2013 2735 μα-

421 2745 657 2816 καρίτης
695 2745 989 2810 Λουκιανὸς
1039 2741 1107 2817 ἦν
1150 2750 1473 2818 περιπατῶν
1523 2751 1582 2804 ἐν
1626 2754 1692 2823 τῇ
1739 2751 1867 2823 ὁδῷ,
1916 2755 2012 2806 καὶ

423 2838 765 2907 συνήντησαν
789 2838 1094 2912 ἀμφότεροι
1122 2838 1394 2911 ἀλλήλοις.
1437 2841 1642 2914 Συνέϐη
1677 2842 1766 2904 δὲ,
1804 2845 2013 2916 πένητά

417 2943 547 2981 τινα
587 2927 938 2982 ἐπιλαϐέσθαι
981 2929 1091 2984 τῶν
1149 2930 1329 2987 ποδῶν
1373 2933 1674 2987 Λουκιανοῦ
1698 2951 1712 2965 ·
1738 2936 1834 2989 καὶ
1864 2934 2010 3005 λέγει

420 3018 563 3089 πρὸς
589 3018 782 3073 αὐτόν·
816 3017 1245 3091 ’ἌνθρωπεΛώ
1291 3019 1427 3075 Θεοῦ
1449 3063 1465 3090 ,
1497 3022 1725 3094 ἐλέησόν
1777 3042 1879 3096 με,
1928 3026 2009 3079 ὅτι

416 3112 573 3213 ipsi;
599 3110 810 3213 ἡμέρας
837 3108 947 3181 ἔχω
965 3111 1159 3213 ,ἄσιτος
1186 3111 1470 3213 διατελιῦν,
1508 3114 1584 3187 μή
1619 3112 1759 3186 ἔχων
1782 3117 2009 3188 ἐμαυτῷ
2036 3153 2081 3213 c

419 3200 610 3273 μηδὲν.
653 3202 709 3256 '0
747 3201 805 3255 δέ
834 3203 1107 3275 μακάριος
1133 3204 1434 3270 Λουκιανὸς
1453 3244 1469 3271 ,
1520 3204 1596 3278 μὴ
1622 3206 1762 3278 έχων
1789 3208 1841 3261 τί
1872 3209 2010 3263 ἀπο-

417 3293 605 3349 δοῦναι
635 3291 711 3362 τῷ
748 3292 964 3365 πένητι,
1007 3292 1070 3346 τὸ
1116 3293 1465 3367 περιϐόλαιον
1496 3295 1662 3350 αὐτοῦ
1697 3298 2013 3354 ἀποσκεπάο

419 3403 523 3451 σας
558 3386 797 3440 ἐπεδίδου
817 3429 834 3455 ,
886 3385 1061 3456 λέγων
1083 3404 1097 3419 ο
1126 3387 1351 3442 Εἴσελθε
1384 3391 1443 3443 ἐν
1474 3389 1539 3461 τῇ
1570 3388 1722 3444 πόλει
1746 3430 1762 3453 ,
1795 3393 1887 3447 καὶ
1918 3392 2009 3447 πί-

417 3494 629 3548 πρασον
660 3477 837 3544 τοῦτο,
869 3478 961 3533 καὶ
985 3476 1193 3550 ὤνησαι
1223 3479 1443 3551 ἄρτους.

492 3567 585 3633 ς’.
622 3565 681 3619 ὐ
712 3566 769 3620 δὲ
812 3566 1132 3635 Ἐπιφάνιος
1162 3568 1495 3640 προσέσχεν,
1528 3569 1612 3623 ὅτι
1645 3568 1721 3633 ὠς
1770 3571 2009 3625 ἀπεσκέ-

417 3674 593 3711 πασεν
622 3658 815 3712 ἐαυτὸν
836 3659 1157 3724 Λουκιανὸς,
1190 3660 1284 3714 καὶ
1308 3659 1508 3715 ἔδωκεν
1532 3660 1610 3733 τῷ
1640 3662 1854 3732 πένητι,
1886 3662 2013 3717 θεω-

417 3750 513 3821 ρεῖ
540 3747 737 3821 λευκὴν
764 3748 955 3821 στολήν
981 3749 1079 3805 ἀπ’
1109 3751 1341 3823 ούρανοῦ
1372 3752 1739 3807 κατελθοῦσαν
1764 3756 1859 3807 καὶ
1885 3772 2010 3808 σκε-

416 3831 670 3896 πᾶσασαν
697 3840 879 3895 αὐτόν.
917 3840 1029 3896 Καὶ
1072 3840 1317 3915 ἐφοϐήθη
1362 3844 1680 3913 Ἐπιφάνιος
1720 3845 1885 3915 φόϐον
1917 3846 2012 3917 μέ-
2084 3838 2089 3843 ’

415 3948 555 4002 γαν·
601 3933 695 3986 καὶ
728 3930 911 3985 πεσὼν
959 3934 1053 3987 ἐπὶ
1096 3933 1410 4007 πρόσωπον,
1456 3935 1621 4008 ῥίψας
1663 3937 1855 3990 ἑαυτὸν
1901 3938 2012 3991 ἀπὸ

419 4018 918 4093 ύποζυγίου,εἶπεν
963 4022 1099 4094 πρὸς
1127 4025 1461 4079 Λουκιανόν·
1512 4027 1713 4097 Δέομαί
1757 4045 1873 4093 σου,
1918 4030 2010 4083 ἄν·

421 4116 634 4189 θρωπε,
672 4117 824 4170 εἰπόν
858 4133 976 4188 μοι’
1006 4116 1092 4181 τίς
1115 4113 1203 4183 si;
1239 4117 1298 4170 '0
1330 4118 1386 4172 δέ
1415 4120 1684 4192 μακάριος
1714 4123 2009 4186 Λουκιανὸς

422 4206 577 4265 εἶπεν
613 4210 751 4283 πρὸς
786 4209 1138 4280 Ἐπιφάνιονο
1186 4208 1358 4265 Είπόν
1414 4228 1506 4282 μοι
1554 4212 1642 4277 σὺ,
1680 4212 1840 4276 ποίας
1879 4212 2009 4284 θρη-

423 4302 611 4367 σκείας
638 4303 926 4375 ὑπάρχεις,
948 4300 1122 4375 ,κάγὼ
1152 4301 1440 4372 ἀναγγελῶ
1490 4319 1575 4357 σοι
1609 4303 1679 4358 τὰ
1720 4306 1839 4358 κατ’
1883 4306 2004 4375 ἐμέ.

428 4390 726 4463 Ἀπεκρίθη
777 4390 1130 4463 Ἐπιφάνιος,
1183 4390 1279 4445 καὶ
1329 4387 1518 4446 εἶπεν⁸
1560 4392 1811 4457 Ἰουδαῖός
1864 4394 2003 4465 εἰμι.

2119 1940 2368 2003 peranta
2410 1929 2726 2000 Tryphone.
2762 1926 2999 1998 Egi-csso
3049 1934 3231 1979 autem
3287 1920 3592 1991 Epiphanio
3644 1920 3700 1973 in

2114 2024 2300 2079 vicum
2329 2022 2382 2076 in
2413 2035 2524 2092 quo
2555 2030 2721 2075 natus
2775 2019 2975 2080 fuerat,
3025 2017 3080 2071 in
3127 2029 3239 2085 quo
3269 2015 3435 2068 etiam
3466 2012 3701 2068 habebat

2113 2112 2495 2183 possessiones
2550 2109 2770 2163 relictas
2811 2122 2839 2160 a
2888 2104 3201 2176 Tryphone,
3256 2103 3499 2157 occurrit
3536 2100 3587 2155 ei
3617 2100 3702 2154 vir

2114 2203 2342 2275 quidam
2370 2201 2737 2266 Christianus,
2764 2200 2985 2253 nomine
3014 2198 3310 2259 Lucianus,
3348 2195 3703 2249 admirandus

2114 2304 2168 2351 et
2210 2295 2481 2359 eruditus,
2528 2292 2623 2363 qui
2662 2293 2831 2346 vitam
2883 2289 3176 2344 exercebat
3222 2286 3607 2349 monasticam,
3647 2292 3701 2340 et

2113 2388 2382 2461 elegantis
2427 2386 2638 2442 librarii
2696 2392 2867 2440 artem
2927 2381 3175 2452 apprime
3236 2379 3491 2445 tenebat,
3541 2377 3702 2446 eique

2114 2490 2335 2539 strenue
2382 2492 2591 2534 navans
2646 2490 2891 2547 operam,
2947 2488 3013 2527 ΘΧ
3054 2486 3118 2526 ea
3175 2485 3370 2541 panem
3423 2469 3702 2538 quaerebat

2112 2571 2496 2643 quotidianum
2544 2584 2560 2634 ;
2632 2576 2685 2622 et
2741 2566 2889 2636 quod
2950 2570 3233 2633 supererat
3266 2601 3283 2625 ,
3358 2559 3701 2630 impertiebat

2111 2662 2418 2735 egentibus.
2483 2661 2663 2730 Atque
2728 2657 3066 2728 Epiphanius
3119 2653 3337 2726 quidem
3391 2652 3700 2721 iumentum

2112 2756 2549 2813 conscenderat:
2599 2752 2793 2808 beatus
2829 2754 3013 2805 autetn
3046 2746 3326 2803 Lucianus
3368 2744 3422 2797 in
3454 2744 3539 2797 via
3575 2758 3700 2797 am-

2114 2836 2355 2912 bulabat,
2384 2853 2439 2901 et
2467 2845 2630 2900 ambo
2656 2842 2759 2898 sibi
2801 2842 3035 2897 invicem
3074 2850 3456 2895 occurrerunt.
3494 2835 3700 2894 Accidit

2113 2954 2263 3004 vero,
2289 2948 2347 2991 ut
2376 2951 2583 3007 pauper
2612 2934 2835 3004 quidam
2874 2932 3038 3002 pedes
3063 2929 3290 2985 Luciani
3320 2932 3701 3002 prehenderet,

2112 3035 2167 3084 et
2203 3028 2253 3083 ei
2287 3026 2492 3082 diceret
2526 3042 2541 3079 :
2576 3023 2751 3079 Homo
2795 3021 2911 3088 Dei,
2946 3021 3209 3076 miserere
3243 3020 3385 3085 mei;
3408 3020 3521 3089 jam
3556 3018 3701 3071 enim

2112 3130 2225 3176 tres
2257 3119 2375 3174 dies
2416 3130 2712 3187 permaneo
2741 3114 2988 3185 jejunus,
3026 3122 3084 3167 ut
3130 3113 3224 3183 qui
3260 3111 3396 3166 nihil
3448 3112 3699 3165 habeam.

2112 3210 2311 3267 Beatus
2362 3219 2544 3264 autem
2602 3207 2902 3270 Luciauus,
2954 3220 3080 3260 cum
3130 3204 3269 3259 nihil
3325 3202 3471 3257 aliud
3521 3212 3698 3272 posset

2111 3303 2243 3359 dare
2270 3301 2516 3373 pauperi,
2548 3315 2609 3355 se
2637 3300 2844 3354 amictu
2871 3312 3097 3362 exuens,
3126 3311 3252 3350 cum
3294 3295 3369 3348 illi
3403 3294 3592 3358 donat,
3618 3293 3700 3348 di-

2112 3409 2287 3449 cens:
2342 3390 2632 3463 Ingredere
2684 3389 2989 3452 civitatem,
3025 3397 3073 3442 et
3110 3388 3303 3450 \‘cttdc,
3353 3396 3406 3440 et
3441 3404 3559 3438 eme
3605 3382 3702 3439 tibi

2113 3501 2300 3556 panes.

2183 3575 2273 3631 \‘l.
2308 3574 2556 3632 Advertit
2600 3582 2786 3629 autem
2834 3570 3197 3642 Epiphanius,
3249 3569 3397 3639 quod
3450 3585 3575 3623 cum
3641 3584 3701 3622 se

2110 3669 2356 3725 exuisset
2395 3666 2695 3732 Lucianus,
2729 3673 2784 3719 et
2811 3663 3049 3719 dedisset
3092 3662 3338 3733 pauperi,
3372 3662 3537 3716 vestis
3563 3675 3695 3714 can-

2111 3760 2238 3817 dida
2269 3761 2338 3816 de
2381 3760 2521 3817 emlo
2551 3757 2886 3814 descendens
2918 3770 3045 3810 eum
3088 3762 3316 3809 texerat.
3363 3752 3558 3823 Magno
3594 3754 3700 3807 ita~

2110 3869 2219 3924 que
2258 3855 2453 3907 timore
2493 3850 2594 3905 fuit
2630 3848 2859 3904 allectus
2894 3846 3259 3917 Epiphanius,
3294 3860 3612 3915 pronusque
3641 3846 3701 3899 in

2108 3943 2304 4000 faciem
2331 3942 2533 3998 cadens
2572 3957 2601 3996 e
2629 3939 2901 4007 iumento,
2944 3938 3082 3992 dixit
3118 3935 3401 3992 Luciano:
3433 3935 3585 4006 Begu
3623 3945 3697 4001 te,

2094 4056 2143 4095 ,ο
2177 4039 2359 4103 homo,
2396 4036 2485 4091 dic
2523 4033 2656 4089 mihi
2690 4052 2705 4087 ;
2741 4032 2995 4103 quisnam
3023 4031 3122 4085 es?
3152 4028 3351 4084 Beatus
3381 4038 3561 4083 autem
3593 4027 3698 4081 Lu-

2109 4132 2303 4186 cianus
2332 4128 2471 4183 dixit
2501 4126 2811 4196 Epiphanio
2842 4142 2856 4178 :
2894 4124 2991 4177 Die
3021 4123 3152 4178 mibi
3187 4134 3267 4188 tu,
3297 4122 3587 4190 cuiusnam
3620 4121 3698 4175 sis

2109 4218 2410 4289 religionis,
2459 4226 2513 4271 et
2558 4231 2662 4285 ego
2714 4228 2892 4268 meam
2950 4211 3050 4265 tibi
3086 4209 3344 4264 referam.
3398 4208 3696 4277 Respondit

2106 4305 2466 4378 Epiphanius.
2521 4313 2576 4360 et
2604 4300 2791 4358 dixit:
2834 4299 2968 4354 Sum
3020 4297 3262 4354 Judaeus.
3312 4296 3473 4351 Novit
3510 4298 3695 4363 itaque

2108 4400 2385 4456 Lucianus
2418 4395 2649 4468 gratiam
2680 4393 2776 4449 Dei
2806 4392 3070 4448 cecidisse
3101 4404 3264 4460 super
3295 4388 3689 4459 Epiphanium.

407 4477 606 4553 ΓΙὲὶγνω
632 4479 724 4538 οὖν
740 4483 1054 4547 Λουκιανὸς,
1091 4484 1174 4537 ὅτι
1213 4483 1373 4555 χάρις
1400 4483 1536 4537 Θεοῦ
1568 4484 1837 4539 ἐπέπεσεν
1868 4486 2005 4558 πρὸς

2110 4489 2243 4547 Nam
2282 4486 2683 4560 praescientiam
2720 4499 2939 4556 quoque
2971 4483 3205 4539 bahehat
3248 4480 3547 4537 Lueianus.
3593 4479 3695 4536 Re-

433 4576 746 4646 Ἑπιφάνιον
766 4593 778 4606 ·
806 4572 875 4647 ἦν
903 4575 1012 4647 γὰρ
1039 4577 1138 4630 καὶ
1176 4576 1486 4647 πρόγνωσιν
1515 4576 1653 4648 ἔχων
1684 4579 2001 4643 Λουκιανός.

426 4667 724 4741 Ἀπεκρίθη
771 4668 1072 4731 Λουκιανὸς
1121 4668 1260 4740 πρὸς
1322 4669 1674 4741 Ἐπιφάνιον’
1739 4670 1864 4735 Πῶς
1916 4673 2001 4737 σὺ,

426 4758 680 4823 Ἰουδαῖος
704 4759 800 4827 ὣν,
839 4761 1123 4831 ἐπερωτᾷς
1152 4761 1477 4833 Χριστιανὸν
1516 4761 1709 4832 μαθεῖν
1738 4763 1820 4826 τίς
1851 4763 2000 4834 εἰμι;

412 4851 498 4903 ὅτι
552 4849 826 4923 βδέλυγμα
858 4852 909 4905 οἱ
949 4852 1192 4907 Ἰουδαῖοι
1247 4854 1359 4916 τοῖς
1406 4854 1754 4924 Χριπιανοῖς
1778 4895 1792 4920 ,
1828 4854 1923 4908 καὶ
1953 4855 2003 4907 οἱ

413 4937 734 5006 Χριστιανοὶ
761 4942 876 5004 τοῖς
909 4938 1202 5005 Ἰουδαίοις.
1231 4941 1361 4995 Ἰδοὺ
1387 4940 1451 5014 δὴ
1469 4942 1732 5013 ήκουσας,
1761 4944 1844 4997 ὃτι
1870 4946 2006 5017 Χρι-

412 5029 630 5094 στιανός
675 5031 823 5102 είμι·
853 5030 953 5085 οὐκ
989 5031 1200 5099 ἔξεστίν
1242 5050 1325 5087 σοι
1351 5032 1477 5089 ἄλλο
1518 5052 1571 5087 τι
1605 5033 1837 5089 ἀκοῦσαι
1871 5040 2002 5108 παρ’

411 5118 573 5189 ἐμοῦ.
606 5120 666 5173 ὐ
693 5119 750 5174 δὲ
796 5122 1116 5192 Ἐπιφάνιος
1156 5119 1310 5178 εἶπεν
1342 5125 1479 5197 πρὸς
1523 5126 1823 5181 Λουκιανόν
1844 5145 1855 5156 ·
1892 5128 2004 5182 Καὶ

408 5211 467 5262 τί
494 5210 692 5265 κωλύει
715 5211 811 5266 τοῦ
835 5214 929 5267 καὶ
951 5215 1052 5284 ἐμὲ
1078 5216 1332 5285 γενέσθαι
1358 5218 1720 5291 Χριστιανόν;
1744 5218 2003 5290 Ἀπεκρί-

410 5302 481 5373 θη
527 5303 824 5368 Λουκιανὸς
879 5306 972 5360 καὶ
1013 5302 1206 5361 εἶπενο
1263 5308 1337 5362 Τὸ
1411 5308 1486 5381 μή
1534 5308 1707 5362 θέλειν
1766 5309 2001 5365 κωλύει·

408 5392 472 5446 τέ
532 5392 646 5466 γὰρ
706 5393 881 5451 θέλειν
964 5398 1040 5470 (α)
1101 5400 1387 5471 πάρεστιν.
1443 5400 1887 5471 Κατανυχθέντος
1946 5402 2002 5456 δέ

421 5480 746 5555 Ἐπιφανίου
800 5487 895 5541 ἐπὶ
964 5490 1079 5554 τοῖς
1150 5489 1330 5560 λόγοις
1392 5491 1695 5547 Λουκιανοῦ
1721 5536 1736 5561 ,
1817 5493 2000 5547 οὐκέτι

409 5574 682 5648 ἐπορεύθη
706 5577 848 5650 πρὸς
874 5578 1163 5650 ἐπίσκεψιν
1186 5581 1287 5654 τῆς
1321 5582 1515 5637 ἐαυτοῦ
1549 5586 1798 5657 κτήσεως
1817 5600 1830 5615 ’
1863 5585 1999 5640 ἀλλὰ

412 5665 594 5721 λαϐὼν
619 5668 945 5738 Λουκιανὸν,
976 5673 1294 5745 εἰσήνεγκεν
1317 5675 1480 5731 αὑτὸν
1509 5679 1588 5741 εἰς
1608 5678 1699 5731 τὸν
1726 5673 1873 5732 οἷκον
1902 5680 1997 5732 αύ-

484 5782 563 5848 (a)
584 5782 847 5844 Fortasse
870 5787 1155 5843 δύνασθαι.

2108 4580 2328 4653 spondit
2378 4594 2508 4650 ergo
2581 4576 2881 4640 Lucianus,
2938 4583 2994 4630 et
3040 4575 3179 4631 dixit
3226 4572 3574 4643 Epiphanio:
3627 4571 3693 4626 Et
3728 4596 3751 4606 -

2106 4671 2383 4743 quomodo
2428 4680 2483 4725 tu
2517 4684 2643 4723 cum
2693 4667 2770 4723 sis
2805 4665 3049 4729 Judmus,
3096 4680 3259 4735 rogas
3291 4664 3689 4729 Christianum,

2105 4765 2361 4834 quisnam
2416 4761 2526 4816 sit?
2561 4761 2875 4815 Abhorrent
2920 4759 3065 4814 enim
3114 4758 3413 4829 Christiani
3445 4755 3689 4820 Iudaeos,

2104 4866 2155 4911 et
2181 4854 2353 4912 Judtei
2382 4853 2749 4910 Christianos.
2781 4851 2923 4908 Ecce
2957 4850 3215 4906 audivisti
3261 4866 3348 4905 me
3378 4863 3500 4905 esse
3530 4849 3690 4903 Chri-

2103 4948 2343 5004 stianum
2372 4965 2387 5000 :
2424 4961 2534 5000 non
2565 4945 2692 5001 licet
2720 4945 2815 5000 tibi
2850 4944 3041 4999 audire
3069 4960 3137 4998 ex
3160 4959 3246 4998 me
3279 4942 3489 5011 aliquid
3512 4941 3685 4997 aliud.

2103 5039 2444 5110 Epiphanius
2483 5046 2667 5092 autem
2697 5036 2838 5091 dixit
2888 5034 3131 5090 aniano
3162 5052 3177 5089 :
3209 5034 3275 5088 Et
3322 5033 3453 5103 quid
3482 5033 3683 5099 obstat,

2101 5148 2213 5203 quo
2243 5131 2425 5187 minus
2455 5145 2556 5201 ego
2583 5144 2804 5199 quoque
2830 5128 2934 5183 sim
2967 5124 3350 5182 Christianus?
3390 5123 3689 5195 Respondit

2103 5222 2401 5287 Lucianus,
2436 5231 2493 5278 et
2525 5223 2664 5277 dixit
2696 5240 2709 5275 :
2746 5220 2804 5276 Id
2840 5234 3010 5275 unum
3065 5218 3262 5281 obstat,
3292 5217 3440 5288 quod
3493 5218 3635 5275 nolis
3669 5235 3683 5272 :

2102 5315 2228 5372 licet
2255 5316 2422 5381 enim,
2455 5316 2499 5370 si
2537 5315 2694 5369 velis.
2733 5311 2965 5367 Luciani
2992 5319 3172 5365 autem
3200 5309 3382 5366 verbis
3414 5325 3686 5380 compun-

2101 5418 2222 5463 ctus
2261 5404 2623 5476 Epiphanius,
2660 5418 2769 5459 non
2827 5401 3065 5472 perrexit
3106 5401 3343 5471 amplius
3395 5401 3459 5457 ad
3489 5402 3684 5457 viden-

2097 5501 2223 5557 dam
2260 5515 2417 5556 suam
2465 5497 2867 5569 possessionem
2904 5514 2918 5551 :
2970 5494 3066 5550 sed
3097 5494 3306 5565 accepit
3350 5492 3680 5560 Lucianum,

2098 5603 2154 5648 et
2177 5591 2481 5647 introduxit
2522 5590 2576 5643 in
2605 5589 2831 5644 domum
2866 5603 3047 5657 suam,
3078 5604 3201 5659 qua;
3241 5588 3290 5643 ci
3335 5589 3522 5643 relicta
3574 5586 3685 5642 fue-

2104 5695 2206 5746 rat,
2246 5693 2298 5739 et
2328 5682 2568 5738 ostendit
2598 5681 2648 5736 ei
2675 5680 2883 5749 omnia,
2914 5697 3036 5753 qua:
3059 5680 3207 5737 domi
3242 5688 3420 5747 erant,
3447 5678 3638 5735 dicens
3664 5696 3680 5733 :
