  <div class='ocr_page' id='page_1' title='image "/cluster/home/n/w/nwhite01/storage/ocr_20150623/41:no.1/coo.31924054869387/023.png"; bbox 0 0 4058 6426; ppageno 0'>
   <div class='ocr_carea' id='block_1_1' title="bbox 461 371 3705 451">
    <p class='ocr_par' dir='ltr' id='par_1_1' title="bbox 461 371 3705 451">
     <span class='ocr_line' id='line_1_1' title="bbox 461 371 3705 451; baseline 0.002 -24"><span class='ocrx_word' id='word_1_1' title='bbox 461 371 523 428; x_wconf 80' lang='lat' dir='ltr'><strong>5t</strong></span> <span class='ocrx_word' id='word_1_2' title='bbox 588 444 594 451; x_wconf 27' lang='grc' dir='ltr'>ί</span> <span class='ocrx_word' id='word_1_3' title='bbox 1748 380 1806 436; x_wconf 92' lang='lat' dir='ltr'><strong>s.</strong></span> <span class='ocrx_word' id='word_1_4' title='bbox 1854 376 2192 436; x_wconf 76' lang='lat' dir='ltr'><strong>EPIPHANII</strong></span> <span class='ocrx_word' id='word_1_5' title='bbox 2240 380 2397 436; x_wconf 78' lang='lat' dir='ltr'><strong>VITA</strong></span> <span class='ocrx_word' id='word_1_6' title='bbox 3630 380 3705 438; x_wconf 67' lang='lat' dir='ltr'><strong>se</strong></span> 
     </span>
    </p>
   </div>
   <div class='ocr_carea' id='block_1_2' title="bbox 460 492 2046 568">
    <p class='ocr_par' dir='ltr' id='par_1_2' title="bbox 460 496 2032 568">
     <span class='ocr_line' id='line_1_2' title="bbox 460 496 2032 568; baseline -0.001 -17"><span class='ocrx_word' id='word_1_7' title='bbox 460 497 554 553; x_wconf 72' lang='lat' dir='ltr'><strong>Ile</strong></span> <span class='ocrx_word' id='word_1_8' title='bbox 579 506 709 555; x_wconf 91' lang='lat' dir='ltr'><strong>sunt</strong></span> <span class='ocrx_word' id='word_1_9' title='bbox 739 512 873 556; x_wconf 71' lang='lat' dir='ltr'><strong>mete</strong></span> <span class='ocrx_word' id='word_1_10' title='bbox 907 497 1214 565; x_wconf 75' lang='lat' dir='ltr'><strong>facultates,</strong></span> <span class='ocrx_word' id='word_1_11' title='bbox 1250 512 1283 552; x_wconf 91' lang='grc' dir='ltr'><strong>ο</strong></span> <span class='ocrx_word' id='word_1_12' title='bbox 1328 504 1498 568; x_wconf 83' lang='lat' dir='ltr'><strong>paler.</strong></span> <span class='ocrx_word' id='word_1_13' title='bbox 1530 496 1661 550; x_wconf 79' lang='lat' dir='ltr'><strong>Volo</strong></span> <span class='ocrx_word' id='word_1_14' title='bbox 1705 506 1885 551; x_wconf 88' lang='lat' dir='ltr'><strong>autem</strong></span> <span class='ocrx_word' id='word_1_15' title='bbox 1919 496 2032 550; x_wconf 81' lang='lat' dir='ltr'><strong>fieri</strong></span> 
     </span>
    </p>
   </div>
   <div class='ocr_carea' id='block_1_3' title="bbox 2151 492 3707 568">
    <p class='ocr_par' dir='ltr' id='par_1_3' title="bbox 2151 492 3707 567">
     <span class='ocr_line' id='line_1_3' title="bbox 2151 492 3707 567; baseline 0.001 -19"><span class='ocrx_word' id='word_1_16' title='bbox 2151 498 2230 549; x_wconf 80' lang='grc' dir='ltr'><strong>τοῦ</strong></span> <span class='ocrx_word' id='word_1_17' title='bbox 2281 498 2369 551; x_wconf 77' lang='grc' dir='ltr'><strong>τὸν</strong></span> <span class='ocrx_word' id='word_1_18' title='bbox 2426 498 2849 567; x_wconf 79' lang='grc' dir='ltr'><strong>καταλειφθέντα</strong></span> <span class='ocrx_word' id='word_1_19' title='bbox 2902 493 3089 567; x_wconf 77' lang='grc' dir='ltr'>αὐτῷ,</span> <span class='ocrx_word' id='word_1_20' title='bbox 3152 512 3244 549; x_wconf 89' lang='grc' dir='ltr'><strong>και</strong></span> <span class='ocrx_word' id='word_1_21' title='bbox 3298 492 3499 560; x_wconf 74' lang='grc' dir='ltr'>ἔδειξεν</span> <span class='ocrx_word' id='word_1_22' title='bbox 3556 496 3707 565; x_wconf 83' lang='grc' dir='ltr'>αὐτῷ</span> 
     </span>
    </p>
   </div>
   <div class='ocr_carea' id='block_1_4' title="bbox 458 586 2033 658">
    <p class='ocr_par' dir='ltr' id='par_1_4' title="bbox 458 586 2033 658">
     <span class='ocr_line' id='line_1_4' title="bbox 458 586 2033 658; baseline -0.001 -17"><span class='ocrx_word' id='word_1_23' title='bbox 458 588 826 653; x_wconf 81' lang='lat' dir='ltr'><strong>Christianus,</strong></span> <span class='ocrx_word' id='word_1_24' title='bbox 890 599 944 644; x_wconf 91' lang='lat' dir='ltr'><strong>et</strong></span> <span class='ocrx_word' id='word_1_25' title='bbox 989 591 1154 644; x_wconf 85' lang='lat' dir='ltr'><strong>vitam</strong></span> <span class='ocrx_word' id='word_1_26' title='bbox 1219 589 1432 658; x_wconf 79' lang='lat' dir='ltr'><strong>exigere</strong></span> <span class='ocrx_word' id='word_1_27' title='bbox 1493 587 1871 641; x_wconf 77' lang='lat' dir='ltr'><strong>monasticam.</strong></span> <span class='ocrx_word' id='word_1_28' title='bbox 1937 586 2033 639; x_wconf 88' lang='lat' dir='ltr'><strong>Est</strong></span> 
     </span>
    </p>
   </div>
   <div class='ocr_carea' id='block_1_5' title="bbox 461 675 2033 748">
    <p class='ocr_par' dir='ltr' id='par_1_5' title="bbox 461 675 2033 748">
     <span class='ocr_line' id='line_1_5' title="bbox 461 675 2033 748; baseline -0.001 -20"><span class='ocrx_word' id='word_1_29' title='bbox 461 692 588 731; x_wconf 79' lang='lat' dir='ltr'><strong>vero</strong></span> <span class='ocrx_word' id='word_1_30' title='bbox 617 680 748 732; x_wconf 93' lang='lat' dir='ltr'><strong>mihi</strong></span> <span class='ocrx_word' id='word_1_31' title='bbox 778 693 999 748; x_wconf 89' lang='lat' dir='ltr'><strong>quoque</strong></span> <span class='ocrx_word' id='word_1_32' title='bbox 1032 679 1144 733; x_wconf 67' lang='lat' dir='ltr'><strong>Itaac</strong></span> <span class='ocrx_word' id='word_1_33' title='bbox 1176 693 1333 732; x_wconf 89' lang='lat' dir='ltr'><strong>soror</strong></span> <span class='ocrx_word' id='word_1_34' title='bbox 1363 695 1375 730; x_wconf 74' lang='grc' dir='ltr'><strong>ε</strong></span> <span class='ocrx_word' id='word_1_35' title='bbox 1423 675 1562 742; x_wconf 74' lang='lat' dir='ltr'><strong>Quid</strong></span> <span class='ocrx_word' id='word_1_36' title='bbox 1599 676 1665 729; x_wconf 90' lang='lat' dir='ltr'><strong>de</strong></span> <span class='ocrx_word' id='word_1_37' title='bbox 1708 677 1791 729; x_wconf 90' lang='lat' dir='ltr'><strong>his</strong></span> <span class='ocrx_word' id='word_1_38' title='bbox 1826 675 2033 743; x_wconf 85' lang='lat' dir='ltr'><strong>jubes?</strong></span> 
     </span>
    </p>
   </div>
   <div class='ocr_carea' id='block_1_6' title="bbox 461 764 2032 836">
    <p class='ocr_par' dir='ltr' id='par_1_6' title="bbox 461 764 2032 836">
     <span class='ocr_line' id='line_1_6' title="bbox 461 764 2032 836; baseline -0.003 -12"><span class='ocrx_word' id='word_1_39' title='bbox 461 772 658 824; x_wconf 86' lang='lat' dir='ltr'><strong>Beatus</strong></span> <span class='ocrx_word' id='word_1_40' title='bbox 685 780 863 823; x_wconf 88' lang='lat' dir='ltr'><strong>autem</strong></span> <span class='ocrx_word' id='word_1_41' title='bbox 897 768 1172 823; x_wconf 86' lang='lat' dir='ltr'><strong>Lucianus</strong></span> <span class='ocrx_word' id='word_1_42' title='bbox 1204 768 1338 821; x_wconf 88' lang='lat' dir='ltr'><strong>dixit</strong></span> <span class='ocrx_word' id='word_1_43' title='bbox 1380 765 1682 836; x_wconf 86' lang='lat' dir='ltr'><strong>Epiphanio</strong></span> <span class='ocrx_word' id='word_1_44' title='bbox 1711 785 1722 820; x_wconf 93' lang='lat'><strong>:</strong></span> <span class='ocrx_word' id='word_1_45' title='bbox 1770 764 1885 819; x_wconf 84' lang='lat' dir='ltr'><strong>Non</strong></span> <span class='ocrx_word' id='word_1_46' title='bbox 1921 781 2032 834; x_wconf 88' lang='lat' dir='ltr'><strong>po—</strong></span> 
     </span>
    </p>
   </div>
   <div class='ocr_carea' id='block_1_7' title="bbox 462 858 2028 927">
    <p class='ocr_par' dir='ltr' id='par_1_7' title="bbox 462 858 2028 927">
     <span class='ocr_line' id='line_1_7' title="bbox 462 858 2028 927; baseline -0.004 -11"><span class='ocrx_word' id='word_1_47' title='bbox 462 871 564 927; x_wconf 83' lang='lat' dir='ltr'><strong>tes,</strong></span> <span class='ocrx_word' id='word_1_48' title='bbox 612 878 645 917; x_wconf 93' lang='lat' dir='ltr'><strong>o</strong></span> <span class='ocrx_word' id='word_1_49' title='bbox 676 862 748 915; x_wconf 79' lang='lat' dir='ltr'><strong>[ili</strong></span> <span class='ocrx_word' id='word_1_50' title='bbox 775 902 789 922; x_wconf 91' lang='lat'><strong>,</strong></span> <span class='ocrx_word' id='word_1_51' title='bbox 841 862 886 915; x_wconf 87' lang='lat' dir='ltr'><strong>si</strong></span> <span class='ocrx_word' id='word_1_52' title='bbox 926 861 1023 915; x_wconf 91' lang='lat' dir='ltr'><strong>has</strong></span> <span class='ocrx_word' id='word_1_53' title='bbox 1064 860 1265 914; x_wconf 82' lang='lat' dir='ltr'><strong>habeas</strong></span> <span class='ocrx_word' id='word_1_54' title='bbox 1300 869 1545 914; x_wconf 86' lang='lat' dir='ltr'><strong>terrenas</strong></span> <span class='ocrx_word' id='word_1_55' title='bbox 1592 858 1830 922; x_wconf 89' lang='lat' dir='ltr'><strong>divitias,</strong></span> <span class='ocrx_word' id='word_1_56' title='bbox 1861 859 2028 912; x_wconf 88' lang='lat' dir='ltr'><strong>vitam</strong></span> 
     </span>
    </p>
   </div>
   <div class='ocr_carea' id='block_1_8' title="bbox 460 949 2028 1024">
    <p class='ocr_par' dir='ltr' id='par_1_8' title="bbox 460 949 2028 1024">
     <span class='ocr_line' id='line_1_8' title="bbox 460 949 2028 1024; baseline -0.005 -15"><span class='ocrx_word' id='word_1_57' title='bbox 460 956 678 1024; x_wconf 83' lang='lat' dir='ltr'><strong>exigere</strong></span> <span class='ocrx_word' id='word_1_58' title='bbox 724 951 1079 1007; x_wconf 76' lang='lat' dir='ltr'><strong>monasticam</strong></span> <span class='ocrx_word' id='word_1_59' title='bbox 1117 968 1131 1005; x_wconf 88' lang='lat'><strong>:</strong></span> <span class='ocrx_word' id='word_1_60' title='bbox 1183 951 1277 1005; x_wconf 90' lang='lat' dir='ltr'><strong>sed</strong></span> <span class='ocrx_word' id='word_1_61' title='bbox 1315 950 1466 1020; x_wconf 89' lang='lat' dir='ltr'><strong>prius</strong></span> <span class='ocrx_word' id='word_1_62' title='bbox 1511 964 1755 1004; x_wconf 85' lang='lat' dir='ltr'><strong>sororem</strong></span> <span class='ocrx_word' id='word_1_63' title='bbox 1811 949 2028 1018; x_wconf 90' lang='lat' dir='ltr'><strong>quidem</strong></span> 
     </span>
    </p>
   </div>
   <div class='ocr_carea' id='block_1_9' title="bbox 461 1038 2029 1113">
    <p class='ocr_par' dir='ltr' id='par_1_9' title="bbox 461 1038 2029 1113">
     <span class='ocr_line' id='line_1_9' title="bbox 461 1038 2029 1113; baseline -0.007 -11"><span class='ocrx_word' id='word_1_64' title='bbox 461 1057 612 1102; x_wconf 90' lang='lat' dir='ltr'><strong>tuam</strong></span> <span class='ocrx_word' id='word_1_65' title='bbox 641 1045 710 1099; x_wconf 92' lang='lat' dir='ltr'><strong>da</strong></span> <span class='ocrx_word' id='word_1_66' title='bbox 748 1052 995 1113; x_wconf 91' lang='lat' dir='ltr'><strong>nuptum,</strong></span> <span class='ocrx_word' id='word_1_67' title='bbox 1040 1050 1094 1095; x_wconf 90' lang='lat' dir='ltr'><strong>et</strong></span> <span class='ocrx_word' id='word_1_68' title='bbox 1139 1041 1207 1096; x_wconf 87' lang='lat' dir='ltr'><strong>da</strong></span> <span class='ocrx_word' id='word_1_69' title='bbox 1266 1041 1315 1095; x_wconf 89' lang='lat' dir='ltr'><strong>ei</strong></span> <span class='ocrx_word' id='word_1_70' title='bbox 1365 1055 1486 1110; x_wconf 70' lang='lat' dir='ltr'><strong>quae</strong></span> <span class='ocrx_word' id='word_1_71' title='bbox 1525 1048 1653 1095; x_wconf 88' lang='lat' dir='ltr'><strong>sunt</strong></span> <span class='ocrx_word' id='word_1_72' title='bbox 1698 1038 2029 1094; x_wconf 85' lang='lat' dir='ltr'><strong>necessaria.</strong></span> 
     </span>
    </p>
   </div>
   <div class='ocr_carea' id='block_1_10' title="bbox 465 1129 2034 1204">
    <p class='ocr_par' dir='ltr' id='par_1_10' title="bbox 465 1129 2034 1204">
     <span class='ocr_line' id='line_1_10' title="bbox 465 1129 2034 1204; baseline -0.005 -12"><span class='ocrx_word' id='word_1_73' title='bbox 465 1136 667 1193; x_wconf 90' lang='lat' dir='ltr'><strong>Deinde</strong></span> <span class='ocrx_word' id='word_1_74' title='bbox 716 1135 796 1190; x_wconf 88' lang='lat' dir='ltr'><strong>sic</strong></span> <span class='ocrx_word' id='word_1_75' title='bbox 832 1134 1057 1204; x_wconf 87' lang='lat' dir='ltr'><strong>pulchre</strong></span> <span class='ocrx_word' id='word_1_76' title='bbox 1094 1133 1297 1204; x_wconf 85' lang='lat' dir='ltr'><strong>poteris</strong></span> <span class='ocrx_word' id='word_1_77' title='bbox 1337 1148 1459 1189; x_wconf 91' lang='lat' dir='ltr'><strong>esse</strong></span> <span class='ocrx_word' id='word_1_78' title='bbox 1516 1131 1839 1187; x_wconf 87' lang='lat' dir='ltr'><strong>monachus.</strong></span> <span class='ocrx_word' id='word_1_79' title='bbox 1887 1129 2034 1185; x_wconf 88' lang='lat' dir='ltr'><strong>Dixit</strong></span> 
     </span>
    </p>
   </div>
   <div class='ocr_carea' id='block_1_11' title="bbox 463 1219 2033 1300">
    <p class='ocr_par' dir='ltr' id='par_1_11' title="bbox 463 1219 2033 1300">
     <span class='ocr_line' id='line_1_11' title="bbox 463 1219 2033 1300; baseline -0.007 -15"><span class='ocrx_word' id='word_1_80' title='bbox 463 1227 801 1300; x_wconf 80' lang='lat' dir='ltr'><strong>Epiphanius</strong></span> <span class='ocrx_word' id='word_1_81' title='bbox 854 1225 1149 1281; x_wconf 88' lang='lat' dir='ltr'><strong>Luciano:</strong></span> <span class='ocrx_word' id='word_1_82' title='bbox 1204 1223 1488 1288; x_wconf 85' lang='lat' dir='ltr'><strong>Primum,</strong></span> <span class='ocrx_word' id='word_1_83' title='bbox 1551 1234 1745 1293; x_wconf 88' lang='lat' dir='ltr'><strong>pater,</strong></span> <span class='ocrx_word' id='word_1_84' title='bbox 1804 1219 1892 1275; x_wconf 89' lang='lat' dir='ltr'><strong>fac</strong></span> <span class='ocrx_word' id='word_1_85' title='bbox 1945 1234 2033 1275; x_wconf 88' lang='lat' dir='ltr'><strong>me</strong></span> 
     </span>
    </p>
   </div>
   <div class='ocr_carea' id='block_1_12' title="bbox 461 1313 2034 1383">
    <p class='ocr_par' dir='ltr' id='par_1_12' title="bbox 461 1313 2034 1383">
     <span class='ocr_line' id='line_1_12' title="bbox 461 1313 2034 1383; baseline -0.006 -10"><span class='ocrx_word' id='word_1_86' title='bbox 461 1317 828 1373; x_wconf 88' lang='lat' dir='ltr'><strong>Christianum</strong></span> <span class='ocrx_word' id='word_1_87' title='bbox 859 1334 872 1369; x_wconf 88' lang='lat'><strong>:</strong></span> <span class='ocrx_word' id='word_1_88' title='bbox 900 1314 1095 1370; x_wconf 87' lang='lat' dir='ltr'><strong>deinde</strong></span> <span class='ocrx_word' id='word_1_89' title='bbox 1133 1315 1210 1371; x_wconf 92' lang='lat' dir='ltr'><strong>sic</strong></span> <span class='ocrx_word' id='word_1_90' title='bbox 1245 1313 1465 1378; x_wconf 78' lang='lat' dir='ltr'><strong>faciam,</strong></span> <span class='ocrx_word' id='word_1_91' title='bbox 1493 1327 1831 1383; x_wconf 84' lang='lat' dir='ltr'><strong>quaecunque</strong></span> <span class='ocrx_word' id='word_1_92' title='bbox 1856 1320 1912 1364; x_wconf 92' lang='lat' dir='ltr'><strong>tu</strong></span> <span class='ocrx_word' id='word_1_93' title='bbox 1946 1325 2034 1365; x_wconf 92' lang='lat' dir='ltr'><strong>me</strong></span> 
     </span>
    </p>
   </div>
   <div class='ocr_carea' id='block_1_13' title="bbox 458 1392 2030 1479">
    <p class='ocr_par' dir='ltr' id='par_1_13' title="bbox 458 1392 2030 1479">
     <span class='ocr_line' id='line_1_13' title="bbox 458 1392 2030 1479; baseline -0.001 -22"><span class='ocrx_word' id='word_1_94' title='bbox 458 1392 707 1479; x_wconf 82' lang='lat' dir='ltr'><strong>jusseris.</strong></span> <span class='ocrx_word' id='word_1_95' title='bbox 754 1405 901 1460; x_wconf 88' lang='lat' dir='ltr'><strong>Dixit</strong></span> <span class='ocrx_word' id='word_1_96' title='bbox 929 1414 1113 1459; x_wconf 90' lang='lat' dir='ltr'><strong>autem</strong></span> <span class='ocrx_word' id='word_1_97' title='bbox 1140 1406 1190 1460; x_wconf 89' lang='lat' dir='ltr'><strong>ei</strong></span> <span class='ocrx_word' id='word_1_98' title='bbox 1223 1404 1494 1460; x_wconf 85' lang='lat' dir='ltr'><strong>Lut-ianus</strong></span> <span class='ocrx_word' id='word_1_99' title='bbox 1531 1422 1545 1458; x_wconf 89' lang='lat'><strong>:</strong></span> <span class='ocrx_word' id='word_1_100' title='bbox 1578 1402 1696 1459; x_wconf 83' lang='lat' dir='ltr'><strong>Non</strong></span> <span class='ocrx_word' id='word_1_101' title='bbox 1731 1404 1855 1458; x_wconf 92' lang='lat' dir='ltr'><strong>licet</strong></span> <span class='ocrx_word' id='word_1_102' title='bbox 1896 1403 2030 1456; x_wconf 88' lang='lat' dir='ltr'><strong>mihi</strong></span> 
     </span>
    </p>
   </div>
   <div class='ocr_carea' id='block_1_14' title="bbox 463 1494 2035 1567">
    <p class='ocr_par' dir='ltr' id='par_1_14' title="bbox 463 1494 2035 1567">
     <span class='ocr_line' id='line_1_14' title="bbox 463 1494 2035 1567; baseline -0.003 -14"><span class='ocrx_word' id='word_1_103' title='bbox 463 1498 670 1567; x_wconf 88' lang='lat' dir='ltr'><strong>absque</strong></span> <span class='ocrx_word' id='word_1_104' title='bbox 700 1496 957 1566; x_wconf 87' lang='lat' dir='ltr'><strong>episcopo</strong></span> <span class='ocrx_word' id='word_1_105' title='bbox 991 1495 1170 1551; x_wconf 87' lang='lat' dir='ltr'><strong>facere</strong></span> <span class='ocrx_word' id='word_1_106' title='bbox 1214 1506 1267 1552; x_wconf 87' lang='lat' dir='ltr'><strong>te</strong></span> <span class='ocrx_word' id='word_1_107' title='bbox 1309 1494 1682 1551; x_wconf 88' lang='lat' dir='ltr'><strong>Christianum</strong></span> <span class='ocrx_word' id='word_1_108' title='bbox 1712 1513 1725 1548; x_wconf 87' lang='lat'><strong>:</strong></span> <span class='ocrx_word' id='word_1_109' title='bbox 1769 1494 1884 1566; x_wconf 86' lang='lat' dir='ltr'><strong>[sed</strong></span> <span class='ocrx_word' id='word_1_110' title='bbox 1915 1504 2035 1549; x_wconf 84' lang='lat' dir='ltr'><strong>esto</strong></span> 
     </span>
    </p>
   </div>
   <div class='ocr_carea' id='block_1_15' title="bbox 465 1586 2035 1659">
    <p class='ocr_par' dir='ltr' id='par_1_15' title="bbox 465 1586 2035 1659">
     <span class='ocr_line' id='line_1_15' title="bbox 465 1586 2035 1659; baseline -0.002 -15"><span class='ocrx_word' id='word_1_111' title='bbox 465 1590 519 1644; x_wconf 93' lang='lat' dir='ltr'><strong>in</strong></span> <span class='ocrx_word' id='word_1_112' title='bbox 568 1589 660 1656; x_wconf 89' lang='lat' dir='ltr'><strong>iis,</strong></span> <span class='ocrx_word' id='word_1_113' title='bbox 696 1604 817 1659; x_wconf 70' lang='lat' dir='ltr'><strong>quae</strong></span> <span class='ocrx_word' id='word_1_114' title='bbox 854 1589 921 1643; x_wconf 89' lang='lat' dir='ltr'><strong>ad</strong></span> <span class='ocrx_word' id='word_1_115' title='bbox 956 1586 1128 1643; x_wconf 90' lang='lat' dir='ltr'><strong>Deum</strong></span> <span class='ocrx_word' id='word_1_116' title='bbox 1166 1588 1461 1659; x_wconf 83' lang='lat' dir='ltr'><strong>pertinent,</strong></span> <span class='ocrx_word' id='word_1_117' title='bbox 1491 1596 1544 1642; x_wconf 89' lang='lat' dir='ltr'><strong>et</strong></span> <span class='ocrx_word' id='word_1_118' title='bbox 1572 1603 1672 1658; x_wconf 79' lang='lat' dir='ltr'><strong>ego</strong></span> <span class='ocrx_word' id='word_1_119' title='bbox 1698 1586 2035 1641; x_wconf 88' lang='lat' dir='ltr'><strong>annuntiabo</strong></span> 
     </span>
    </p>
   </div>
   <div class='ocr_carea' id='block_1_16' title="bbox 2138 587 3707 661">
    <p class='ocr_par' dir='ltr' id='par_1_16' title="bbox 2138 587 3707 661">
     <span class='ocr_line' id='line_1_16' title="bbox 2138 587 3707 661; baseline 0 -22"><span class='ocrx_word' id='word_1_120' title='bbox 2138 588 2315 641; x_wconf 78' lang='grc' dir='ltr'>πάντα</span> <span class='ocrx_word' id='word_1_121' title='bbox 2345 589 2412 642; x_wconf 79' lang='grc' dir='ltr'>τὰ</span> <span class='ocrx_word' id='word_1_122' title='bbox 2447 591 2504 643; x_wconf 78' lang='grc' dir='ltr'><strong>ἐν</strong></span> <span class='ocrx_word' id='word_1_123' title='bbox 2538 588 2614 661; x_wconf 79' lang='grc' dir='ltr'>τῷ</span> <span class='ocrx_word' id='word_1_124' title='bbox 2646 590 2778 656; x_wconf 72' lang='grc' dir='ltr'>οἴκῳ</span> <span class='ocrx_word' id='word_1_125' title='bbox 2809 588 2995 651; x_wconf 83' lang='grc' dir='ltr'>αὑτοῦ,</span> <span class='ocrx_word' id='word_1_126' title='bbox 3023 588 3195 655; x_wconf 78' lang='grc' dir='ltr'>λέγων</span> <span class='ocrx_word' id='word_1_127' title='bbox 3222 605 3233 618; x_wconf 91' lang='grc'><strong>·</strong></span> <span class='ocrx_word' id='word_1_128' title='bbox 3264 587 3449 641; x_wconf 85' lang='grc' dir='ltr'>Ταῦτά</span> <span class='ocrx_word' id='word_1_129' title='bbox 3484 605 3571 657; x_wconf 86' lang='grc' dir='ltr'><strong>μοι</strong></span> <span class='ocrx_word' id='word_1_130' title='bbox 3606 588 3707 640; x_wconf 70' lang='lat' dir='ltr'><strong>int-</strong></span> 
     </span>
    </p>
   </div>
   <div class='ocr_carea' id='block_1_17' title="bbox 2139 677 3704 750">
    <p class='ocr_par' dir='ltr' id='par_1_17' title="bbox 2139 677 3704 750">
     <span class='ocr_line' id='line_1_17' title="bbox 2139 677 3704 750; baseline 0.001 -22"><span class='ocrx_word' id='word_1_131' title='bbox 2139 677 2293 746; x_wconf 83' lang='grc' dir='ltr'>ἀρχει</span> <span class='ocrx_word' id='word_1_132' title='bbox 2314 716 2330 740; x_wconf 91' lang='grc'><strong>,</strong></span> <span class='ocrx_word' id='word_1_133' title='bbox 2364 680 2536 750; x_wconf 81' lang='grc' dir='ltr'>πάτερ</span> <span class='ocrx_word' id='word_1_134' title='bbox 2558 696 2570 710; x_wconf 88' lang='grc'><strong>·</strong></span> <span class='ocrx_word' id='word_1_135' title='bbox 2605 679 2742 731; x_wconf 85' lang='grc' dir='ltr'>θέλω</span> <span class='ocrx_word' id='word_1_136' title='bbox 2766 678 2821 731; x_wconf 82' lang='grc' dir='ltr'>δὲ</span> <span class='ocrx_word' id='word_1_137' title='bbox 2845 679 3168 747; x_wconf 78' lang='grc' dir='ltr'>Χριστιανὸς</span> <span class='ocrx_word' id='word_1_138' title='bbox 3196 677 3469 746; x_wconf 80' lang='grc' dir='ltr'>γενέσθαι,</span> <span class='ocrx_word' id='word_1_139' title='bbox 3501 679 3593 730; x_wconf 76' lang='grc' dir='ltr'><strong>καὶ</strong></span> <span class='ocrx_word' id='word_1_140' title='bbox 3616 678 3704 729; x_wconf 74' lang='grc' dir='ltr'><strong>τὸν</strong></span> 
     </span>
    </p>
   </div>
   <div class='ocr_carea' id='block_1_18' title="bbox 2141 767 3695 841">
    <p class='ocr_par' dir='ltr' id='par_1_18' title="bbox 2141 767 3695 841">
     <span class='ocr_line' id='line_1_18' title="bbox 2141 767 3695 841; baseline 0.002 -20"><span class='ocrx_word' id='word_1_141' title='bbox 2141 770 2353 840; x_wconf 77' lang='grc' dir='ltr'>μονήρη</span> <span class='ocrx_word' id='word_1_142' title='bbox 2390 770 2502 839; x_wconf 85' lang='grc' dir='ltr'>βίον</span> <span class='ocrx_word' id='word_1_143' title='bbox 2528 770 2821 841; x_wconf 81' lang='grc' dir='ltr'><strong>μετελθεῖν.</strong></span> <span class='ocrx_word' id='word_1_144' title='bbox 2842 771 3027 824; x_wconf 80' lang='grc' dir='ltr'>Ἔστιν</span> <span class='ocrx_word' id='word_1_145' title='bbox 3052 770 3109 823; x_wconf 84' lang='grc' dir='ltr'><strong>δέ</strong></span> <span class='ocrx_word' id='word_1_146' title='bbox 3138 788 3227 841; x_wconf 85' lang='grc' dir='ltr'><strong>μοι</strong></span> <span class='ocrx_word' id='word_1_147' title='bbox 3259 769 3397 839; x_wconf 80' lang='grc' dir='ltr'>αῦτη</span> <span class='ocrx_word' id='word_1_148' title='bbox 3422 770 3455 838; x_wconf 87' lang='grc' dir='ltr'><strong>ή</strong></span> <span class='ocrx_word' id='word_1_149' title='bbox 3481 767 3695 837; x_wconf 69' lang='grc' dir='ltr'>ἀδελφξ.</span> 
     </span>
    </p>
   </div>
   <div class='ocr_carea' id='block_1_19' title="bbox 2140 859 3700 931">
    <p class='ocr_par' dir='ltr' id='par_1_19' title="bbox 2140 859 3700 931">
     <span class='ocr_line' id='line_1_19' title="bbox 2140 859 3700 931; baseline -0.005 -14"><span class='ocrx_word' id='word_1_150' title='bbox 2140 863 2204 917; x_wconf 85' lang='grc' dir='ltr'>Τί</span> <span class='ocrx_word' id='word_1_151' title='bbox 2230 861 2472 924; x_wconf 80' lang='grc' dir='ltr'><strong>κελεύεις</strong></span> <span class='ocrx_word' id='word_1_152' title='bbox 2506 862 2633 930; x_wconf 73' lang='grc' dir='ltr'>περὶ</span> <span class='ocrx_word' id='word_1_153' title='bbox 2660 860 2896 926; x_wconf 75' lang='grc' dir='ltr'>τούτωνς</span> <span class='ocrx_word' id='word_1_154' title='bbox 2943 861 3000 914; x_wconf 87' lang='grc' dir='ltr'>Ὀ</span> <span class='ocrx_word' id='word_1_155' title='bbox 3031 860 3088 913; x_wconf 86' lang='grc' dir='ltr'><strong>δέ</strong></span> <span class='ocrx_word' id='word_1_156' title='bbox 3118 860 3383 931; x_wconf 70' lang='grc' dir='ltr'>μακάριος</span> <span class='ocrx_word' id='word_1_157' title='bbox 3416 859 3700 922; x_wconf 75' lang='grc' dir='ltr'>Λουκιανὲς</span> 
     </span>
    </p>
   </div>
   <div class='ocr_carea' id='block_1_20' title="bbox 2138 946 3701 1020">
    <p class='ocr_par' dir='ltr' id='par_1_20' title="bbox 2138 946 3701 1020">
     <span class='ocr_line' id='line_1_20' title="bbox 2138 946 3701 1020; baseline -0.003 -16"><span class='ocrx_word' id='word_1_158' title='bbox 2138 948 2291 1004; x_wconf 74' lang='grc' dir='ltr'>εἶπεν</span> <span class='ocrx_word' id='word_1_159' title='bbox 2340 950 2477 1020; x_wconf 82' lang='grc' dir='ltr'>πρὸς</span> <span class='ocrx_word' id='word_1_160' title='bbox 2528 949 2881 1017; x_wconf 83' lang='grc' dir='ltr'>Ἐπιφάνιον·</span> <span class='ocrx_word' id='word_1_161' title='bbox 2932 948 3007 1001; x_wconf 81' lang='grc' dir='ltr'><strong>Οὐ</strong></span> <span class='ocrx_word' id='word_1_162' title='bbox 3058 948 3309 1012; x_wconf 76' lang='grc' dir='ltr'>δύνασαι,</span> <span class='ocrx_word' id='word_1_163' title='bbox 3359 948 3565 1010; x_wconf 84' lang='grc' dir='ltr'>τέκνον,</span> <span class='ocrx_word' id='word_1_164' title='bbox 3606 946 3701 1016; x_wconf 86' lang='grc' dir='ltr'><strong>τὴν</strong></span> 
     </span>
    </p>
   </div>
   <div class='ocr_carea' id='block_1_21' title="bbox 2140 1035 3699 1111">
    <p class='ocr_par' dir='ltr' id='par_1_21' title="bbox 2140 1035 3699 1111">
     <span class='ocr_line' id='line_1_21' title="bbox 2140 1035 3699 1111; baseline -0.005 -18"><span class='ocrx_word' id='word_1_165' title='bbox 2140 1040 2271 1111; x_wconf 82' lang='grc' dir='ltr'>ῦλην</span> <span class='ocrx_word' id='word_1_166' title='bbox 2295 1041 2474 1092; x_wconf 80' lang='grc' dir='ltr'>πᾶσαν</span> <span class='ocrx_word' id='word_1_167' title='bbox 2501 1038 2704 1109; x_wconf 82' lang='grc' dir='ltr'>ταύτην</span> <span class='ocrx_word' id='word_1_168' title='bbox 2733 1037 2892 1108; x_wconf 71' lang='grc' dir='ltr'>ἔχων,</span> <span class='ocrx_word' id='word_1_169' title='bbox 2909 1038 3000 1092; x_wconf 81' lang='grc' dir='ltr'><strong>τὸν</strong></span> <span class='ocrx_word' id='word_1_170' title='bbox 3030 1036 3234 1109; x_wconf 83' lang='grc' dir='ltr'><strong>μονήρη</strong></span> <span class='ocrx_word' id='word_1_171' title='bbox 3259 1036 3372 1108; x_wconf 76' lang='grc' dir='ltr'>βίον</span> <span class='ocrx_word' id='word_1_172' title='bbox 3399 1035 3699 1106; x_wconf 71' lang='grc' dir='ltr'>μετελθεῖνι</span> 
     </span>
    </p>
   </div>
   <div class='ocr_carea' id='block_1_22' title="bbox 2142 1126 3706 1200">
    <p class='ocr_par' dir='ltr' id='par_1_22' title="bbox 2142 1126 3706 1200">
     <span class='ocr_line' id='line_1_22' title="bbox 2142 1126 3706 1200; baseline -0.003 -17"><span class='ocrx_word' id='word_1_173' title='bbox 2142 1132 2256 1183; x_wconf 79' lang='grc' dir='ltr'>ἀλλ’</span> <span class='ocrx_word' id='word_1_174' title='bbox 2293 1130 2445 1193; x_wconf 72' lang='grc' dir='ltr'>ἔκδος</span> <span class='ocrx_word' id='word_1_175' title='bbox 2495 1130 2592 1200; x_wconf 85' lang='grc' dir='ltr'><strong>μὲν</strong></span> <span class='ocrx_word' id='word_1_176' title='bbox 2616 1128 2713 1200; x_wconf 84' lang='grc' dir='ltr'>τὴν</span> <span class='ocrx_word' id='word_1_177' title='bbox 2753 1129 2984 1200; x_wconf 80' lang='grc' dir='ltr'>ἀδελφήν</span> <span class='ocrx_word' id='word_1_178' title='bbox 3013 1147 3106 1181; x_wconf 88' lang='grc' dir='ltr'><strong>σου</strong></span> <span class='ocrx_word' id='word_1_179' title='bbox 3136 1129 3310 1198; x_wconf 74' lang='grc' dir='ltr'>ἀνδρὶ,</span> <span class='ocrx_word' id='word_1_180' title='bbox 3342 1128 3435 1181; x_wconf 71' lang='grc' dir='ltr'>καὶ</span> <span class='ocrx_word' id='word_1_181' title='bbox 3463 1126 3550 1189; x_wconf 82' lang='grc' dir='ltr'><strong>δὸς</strong></span> <span class='ocrx_word' id='word_1_182' title='bbox 3570 1127 3706 1197; x_wconf 76' lang='grc' dir='ltr'>αὐτῇ</span> 
     </span>
    </p>
   </div>
   <div class='ocr_carea' id='block_1_23' title="bbox 2137 1213 3709 1292">
    <p class='ocr_par' dir='ltr' id='par_1_23' title="bbox 2137 1213 3709 1292">
     <span class='ocr_line' id='line_1_23' title="bbox 2137 1213 3709 1292; baseline -0.008 -17"><span class='ocrx_word' id='word_1_183' title='bbox 2137 1222 2206 1276; x_wconf 65' lang='grc' dir='ltr'>τὰ</span> <span class='ocrx_word' id='word_1_184' title='bbox 2246 1220 2381 1292; x_wconf 78' lang='grc' dir='ltr'>πρὸς</span> <span class='ocrx_word' id='word_1_185' title='bbox 2410 1219 2507 1290; x_wconf 79' lang='grc' dir='ltr'>τὴν</span> <span class='ocrx_word' id='word_1_186' title='bbox 2540 1219 2728 1290; x_wconf 81' lang='grc' dir='ltr'>χρείαν</span> <span class='ocrx_word' id='word_1_187' title='bbox 2749 1233 2764 1248; x_wconf 77' lang='grc'><strong>⁸</strong></span> <span class='ocrx_word' id='word_1_188' title='bbox 2807 1218 2899 1271; x_wconf 68' lang='grc' dir='ltr'><strong>καὶ</strong></span> <span class='ocrx_word' id='word_1_189' title='bbox 2945 1218 3015 1271; x_wconf 80' lang='grc' dir='ltr'>τὰ</span> <span class='ocrx_word' id='word_1_190' title='bbox 3054 1217 3217 1270; x_wconf 74' lang='grc' dir='ltr'>λοιπὰ</span> <span class='ocrx_word' id='word_1_191' title='bbox 3246 1216 3334 1278; x_wconf 79' lang='grc' dir='ltr'><strong>δὸς</strong></span> <span class='ocrx_word' id='word_1_192' title='bbox 3362 1217 3474 1274; x_wconf 84' lang='grc' dir='ltr'>τοῖς</span> <span class='ocrx_word' id='word_1_193' title='bbox 3522 1213 3709 1285; x_wconf 81' lang='grc' dir='ltr'>χρείαν</span> 
     </span>
    </p>
   </div>
   <div class='ocr_carea' id='block_1_24' title="bbox 2138 1299 3710 1383">
    <p class='ocr_par' dir='ltr' id='par_1_24' title="bbox 2138 1299 3710 1383">
     <span class='ocr_line' id='line_1_24' title="bbox 2138 1299 3710 1383; baseline -0.006 -20"><span class='ocrx_word' id='word_1_194' title='bbox 2138 1312 2350 1383; x_wconf 78' lang='grc' dir='ltr'>ἔχουσιν</span> <span class='ocrx_word' id='word_1_195' title='bbox 2375 1327 2389 1341; x_wconf 75' lang='grc' dir='ltr'><strong><em>ο</em></strong></span> <span class='ocrx_word' id='word_1_196' title='bbox 2425 1307 2525 1362; x_wconf 84' lang='grc' dir='ltr'>εἶθ’</span> <span class='ocrx_word' id='word_1_197' title='bbox 2572 1306 2741 1373; x_wconf 83' lang='grc' dir='ltr'>οῦτως</span> <span class='ocrx_word' id='word_1_198' title='bbox 2774 1307 2991 1379; x_wconf 80' lang='grc' dir='ltr'>δυνήσει</span> <span class='ocrx_word' id='word_1_199' title='bbox 3040 1307 3267 1378; x_wconf 81' lang='grc' dir='ltr'>μονάσαι</span> <span class='ocrx_word' id='word_1_200' title='bbox 3310 1304 3509 1365; x_wconf 81' lang='grc' dir='ltr'>καλῶς.</span> <span class='ocrx_word' id='word_1_201' title='bbox 3545 1299 3710 1357; x_wconf 77' lang='grc' dir='ltr'>Εἶπεν</span> 
     </span>
    </p>
   </div>
   <div class='ocr_carea' id='block_1_25' title="bbox 2138 1394 3707 1468">
    <p class='ocr_par' dir='ltr' id='par_1_25' title="bbox 2138 1394 3707 1468">
     <span class='ocr_line' id='line_1_25' title="bbox 2138 1394 3707 1468; baseline 0.014 -14"><span class='ocrx_word' id='word_1_202' title='bbox 2138 1402 2196 1455; x_wconf 87' lang='grc' dir='ltr'><strong>δὲ</strong></span> <span class='ocrx_word' id='word_1_203' title='bbox 2251 1398 2575 1468; x_wconf 84' lang='grc' dir='ltr'>Ἐπιφάνιος</span> <span class='ocrx_word' id='word_1_204' title='bbox 2623 1398 2760 1467; x_wconf 71' lang='grc' dir='ltr'>πρὸς</span> <span class='ocrx_word' id='word_1_205' title='bbox 2820 1397 3150 1451; x_wconf 71' lang='grc' dir='ltr'><strong>ΑουκιανόΨ</strong></span> <span class='ocrx_word' id='word_1_206' title='bbox 3198 1395 3460 1466; x_wconf 45' lang='lat' dir='ltr'><strong>“PETW:</strong></span> <span class='ocrx_word' id='word_1_207' title='bbox 3515 1394 3707 1462; x_wconf 67' lang='grc' dir='ltr'><strong>πάτερ’</strong></span> 
     </span>
    </p>
   </div>
   <div class='ocr_carea' id='block_1_26' title="bbox 2140 1481 3712 1561">
    <p class='ocr_par' dir='ltr' id='par_1_26' title="bbox 2140 1481 3712 1561">
     <span class='ocr_line' id='line_1_26' title="bbox 2140 1481 3712 1561; baseline -0.008 -16"><span class='ocrx_word' id='word_1_208' title='bbox 2140 1489 2363 1561; x_wconf 84' lang='grc' dir='ltr'>ποίησόν</span> <span class='ocrx_word' id='word_1_209' title='bbox 2395 1505 2462 1558; x_wconf 89' lang='grc' dir='ltr'><strong>με</strong></span> <span class='ocrx_word' id='word_1_210' title='bbox 2488 1489 2531 1539; x_wconf 90' lang='grc' dir='ltr'><strong>Χ</strong></span> <span class='ocrx_word' id='word_1_211' title='bbox 2540 1485 2813 1558; x_wconf 89' lang='grc' dir='ltr'>ριστιανόν</span> <span class='ocrx_word' id='word_1_212' title='bbox 2834 1500 2847 1514; x_wconf 87' lang='grc'><strong>·</strong></span> <span class='ocrx_word' id='word_1_213' title='bbox 2880 1481 2977 1538; x_wconf 72' lang='grc' dir='ltr'>εἷθ’</span> <span class='ocrx_word' id='word_1_214' title='bbox 3009 1484 3182 1549; x_wconf 74' lang='grc' dir='ltr'>οὕτως</span> <span class='ocrx_word' id='word_1_215' title='bbox 3208 1485 3420 1553; x_wconf 89' lang='grc' dir='ltr'>ποιήσω</span> <span class='ocrx_word' id='word_1_216' title='bbox 3451 1481 3625 1534; x_wconf 83' lang='grc' dir='ltr'>πάντα</span> <span class='ocrx_word' id='word_1_217' title='bbox 3644 1481 3712 1533; x_wconf 67' lang='grc' dir='ltr'>τὰ</span> 
     </span>
    </p>
   </div>
   <div class='ocr_carea' id='block_1_27' title="bbox 2142 1567 3713 1651">
    <p class='ocr_par' dir='ltr' id='par_1_27' title="bbox 2142 1567 3713 1651">
     <span class='ocr_line' id='line_1_27' title="bbox 2142 1567 3713 1651; baseline -0.006 -19"><span class='ocrx_word' id='word_1_218' title='bbox 2142 1576 2552 1651; x_wconf 81' lang='grc' dir='ltr'>προσταχθέντα</span> <span class='ocrx_word' id='word_1_219' title='bbox 2601 1593 2692 1645; x_wconf 86' lang='grc' dir='ltr'><strong>μοι</strong></span> <span class='ocrx_word' id='word_1_220' title='bbox 2735 1575 2839 1629; x_wconf 81' lang='grc' dir='ltr'>ὑπὸ</span> <span class='ocrx_word' id='word_1_221' title='bbox 2882 1575 2997 1629; x_wconf 88' lang='grc' dir='ltr'>σοῦ.</span> <span class='ocrx_word' id='word_1_222' title='bbox 3032 1575 3093 1629; x_wconf 87' lang='lat'><strong>&#39;0</strong></span> <span class='ocrx_word' id='word_1_223' title='bbox 3131 1575 3189 1629; x_wconf 82' lang='grc' dir='ltr'><strong>δέ</strong></span> <span class='ocrx_word' id='word_1_224' title='bbox 3234 1573 3531 1634; x_wconf 80' lang='grc' dir='ltr'>Λουκιανὸς</span> <span class='ocrx_word' id='word_1_225' title='bbox 3563 1567 3713 1623; x_wconf 79' lang='grc' dir='ltr'>εἶπεν</span> 
     </span>
    </p>
   </div>
   <div class='ocr_carea' id='block_1_28' title="bbox 2142 1660 3713 1743">
    <p class='ocr_par' dir='ltr' id='par_1_28' title="bbox 2142 1660 3713 1743">
     <span class='ocr_line' id='line_1_28' title="bbox 2142 1660 3713 1743; baseline -0.008 -18"><span class='ocrx_word' id='word_1_226' title='bbox 2142 1672 2280 1743; x_wconf 80' lang='grc' dir='ltr'>πρὸς</span> <span class='ocrx_word' id='word_1_227' title='bbox 2331 1667 2676 1738; x_wconf 81' lang='grc' dir='ltr'>Ἐπιφάνιον·</span> <span class='ocrx_word' id='word_1_228' title='bbox 2732 1667 2846 1720; x_wconf 82' lang='grc' dir='ltr'>Οὐκ</span> <span class='ocrx_word' id='word_1_229' title='bbox 2897 1664 3104 1730; x_wconf 78' lang='grc' dir='ltr'>ἔξεστίν</span> <span class='ocrx_word' id='word_1_230' title='bbox 3141 1681 3251 1736; x_wconf 86' lang='grc' dir='ltr'>μοι,</span> <span class='ocrx_word' id='word_1_231' title='bbox 3302 1664 3571 1733; x_wconf 80' lang='grc' dir='ltr'>παρεκτὸς</span> <span class='ocrx_word' id='word_1_232' title='bbox 3619 1660 3713 1715; x_wconf 79' lang='grc' dir='ltr'><strong>τοῦ</strong></span> 
     </span>
    </p>
   </div>
   <div class='ocr_carea' id='block_1_29' title="bbox 2144 1756 3284 1829">
    <p class='ocr_par' dir='ltr' id='par_1_29' title="bbox 2144 1756 3284 1829">
     <span class='ocr_line' id='line_1_29' title="bbox 2144 1756 3284 1829; baseline -0.005 -13"><span class='ocrx_word' id='word_1_233' title='bbox 2144 1762 2466 1827; x_wconf 90' lang='grc' dir='ltr'>ἐπισκόπου,</span> <span class='ocrx_word' id='word_1_234' title='bbox 2502 1758 2727 1829; x_wconf 85' lang='grc' dir='ltr'>ποιῆσαί</span> <span class='ocrx_word' id='word_1_235' title='bbox 2757 1775 2815 1811; x_wconf 91' lang='grc' dir='ltr'><strong>σε</strong></span> <span class='ocrx_word' id='word_1_236' title='bbox 2841 1756 3186 1829; x_wconf 77' lang='grc' dir='ltr'>Χριστιανὸν.</span> <span class='ocrx_word' id='word_1_237' title='bbox 3278 1783 3284 1789; x_wconf 69' lang='grc' dir='ltr'><strong><em>ο</em></strong></span> 
     </span>
    </p>
   </div>
   <div class='ocr_carea' id='block_1_30' title="bbox 464 1677 1613 1750">
    <p class='ocr_par' dir='ltr' id='par_1_30' title="bbox 464 1677 1613 1750">
     <span class='ocr_line' id='line_1_30' title="bbox 464 1677 1613 1750; baseline -0.002 -17"><span class='ocrx_word' id='word_1_238' title='bbox 464 1679 743 1749; x_wconf 89' lang='lat' dir='ltr'><strong>episcopo,</strong></span> <span class='ocrx_word' id='word_1_239' title='bbox 785 1678 877 1748; x_wconf 89' lang='lat' dir='ltr'><strong>qui</strong></span> <span class='ocrx_word' id='word_1_240' title='bbox 912 1688 961 1735; x_wconf 84' lang='lat' dir='ltr'><strong>te</strong></span> <span class='ocrx_word' id='word_1_241' title='bbox 1005 1678 1165 1735; x_wconf 77' lang='lat' dir='ltr'><strong>faciet</strong></span> <span class='ocrx_word' id='word_1_242' title='bbox 1194 1677 1613 1750; x_wconf 72' lang='lat' dir='ltr'><strong>Christianum]</strong></span> 
     </span>
    </p>
   </div>
   <div class='ocr_carea' id='block_1_31' title="bbox 543 1842 2046 1921">
    <p class='ocr_par' dir='ltr' id='par_1_31' title="bbox 543 1848 2035 1921">
     <span class='ocr_line' id='line_1_31' title="bbox 543 1848 2035 1921; baseline 0 -16"><span class='ocrx_word' id='word_1_243' title='bbox 543 1849 649 1907; x_wconf 82' lang='lat' dir='ltr'><strong>Vll.</strong></span> <span class='ocrx_word' id='word_1_244' title='bbox 690 1848 937 1921; x_wconf 90' lang='lat' dir='ltr'><strong>Cumque</strong></span> <span class='ocrx_word' id='word_1_245' title='bbox 963 1851 1079 1905; x_wconf 66' lang='lat' dir='ltr'><strong>hate</strong></span> <span class='ocrx_word' id='word_1_246' title='bbox 1103 1850 1331 1905; x_wconf 77' lang='lat' dir='ltr'><strong>dixisset</strong></span> <span class='ocrx_word' id='word_1_247' title='bbox 1357 1848 1650 1915; x_wconf 87' lang='lat' dir='ltr'><strong>Lucianus,</strong></span> <span class='ocrx_word' id='word_1_248' title='bbox 1677 1866 1930 1921; x_wconf 86' lang='lat' dir='ltr'><strong>egressus</strong></span> <span class='ocrx_word' id='word_1_249' title='bbox 1951 1864 2035 1907; x_wconf 84' lang='lat' dir='ltr'><strong>est</strong></span> 
     </span>
    </p>
   </div>
   <div class='ocr_carea' id='block_1_32' title="bbox 2151 1842 3714 1921">
    <p class='ocr_par' dir='ltr' id='par_1_32' title="bbox 2210 1842 3714 1918">
     <span class='ocr_line' id='line_1_32' title="bbox 2210 1842 3714 1918; baseline -0.008 -10"><span class='ocrx_word' id='word_1_250' title='bbox 2210 1857 2284 1908; x_wconf 90' lang='lat' dir='ltr'><strong>Z&#39;.</strong></span> <span class='ocrx_word' id='word_1_251' title='bbox 2327 1852 2432 1907; x_wconf 73' lang='grc' dir='ltr'>Καὶ</span> <span class='ocrx_word' id='word_1_252' title='bbox 2477 1850 2634 1904; x_wconf 87' lang='grc' dir='ltr'>τοῦτο</span> <span class='ocrx_word' id='word_1_253' title='bbox 2671 1848 2841 1904; x_wconf 69' lang='grc' dir='ltr'>εἰπὼν</span> <span class='ocrx_word' id='word_1_254' title='bbox 2874 1849 3192 1913; x_wconf 82' lang='grc' dir='ltr'>Λουκιανὸς,</span> <span class='ocrx_word' id='word_1_255' title='bbox 3228 1847 3448 1918; x_wconf 78' lang='grc' dir='ltr'>ἐξῆλθεν</span> <span class='ocrx_word' id='word_1_256' title='bbox 3504 1847 3570 1897; x_wconf 85' lang='grc' dir='ltr'><strong>ἐκ</strong></span> <span class='ocrx_word' id='word_1_257' title='bbox 3620 1842 3714 1897; x_wconf 84' lang='grc' dir='ltr'><strong>τοῦ</strong></span> 
     </span>
    </p>
   </div>
   <div class='ocr_carea' id='block_1_33' title="bbox 466 1936 2046 2011">
    <p class='ocr_par' dir='ltr' id='par_1_33' title="bbox 466 1936 2037 2011">
     <span class='ocr_line' id='line_1_33' title="bbox 466 1936 2037 2011; baseline 0.002 -18"><span class='ocrx_word' id='word_1_258' title='bbox 466 1951 499 1993; x_wconf 91' lang='lat' dir='ltr'><strong>e</strong></span> <span class='ocrx_word' id='word_1_259' title='bbox 525 1938 689 1994; x_wconf 90' lang='lat' dir='ltr'><strong>domo</strong></span> <span class='ocrx_word' id='word_1_260' title='bbox 715 1936 1023 2007; x_wconf 89' lang='lat' dir='ltr'><strong>Epiphanii.</strong></span> <span class='ocrx_word' id='word_1_261' title='bbox 1049 1947 1104 1993; x_wconf 90' lang='lat' dir='ltr'><strong>et</strong></span> <span class='ocrx_word' id='word_1_262' title='bbox 1126 1939 1223 1993; x_wconf 87' lang='lat' dir='ltr'><strong>ivit</strong></span> <span class='ocrx_word' id='word_1_263' title='bbox 1245 1940 1311 1993; x_wconf 90' lang='lat' dir='ltr'><strong>ad</strong></span> <span class='ocrx_word' id='word_1_264' title='bbox 1337 1939 1675 2009; x_wconf 76' lang='lat' dir='ltr'><strong>episcopum.</strong></span> <span class='ocrx_word' id='word_1_265' title='bbox 1696 1939 2037 2011; x_wconf 84' lang='lat' dir='ltr'><strong>Epiphanius</strong></span> 
     </span>
    </p>
   </div>
   <div class='ocr_carea' id='block_1_34' title="bbox 2151 1936 3712 2011">
    <p class='ocr_par' dir='ltr' id='par_1_34' title="bbox 2151 1938 3712 2011">
     <span class='ocr_line' id='line_1_34' title="bbox 2151 1938 3712 2011; baseline -0.006 -13"><span class='ocrx_word' id='word_1_266' title='bbox 2151 1944 2287 1998; x_wconf 68' lang='grc' dir='ltr'>οἴκου</span> <span class='ocrx_word' id='word_1_267' title='bbox 2326 1942 2660 2011; x_wconf 70' lang='grc' dir='ltr'>Ἐπιςρανίου,</span> <span class='ocrx_word' id='word_1_268' title='bbox 2696 1942 2789 1994; x_wconf 73' lang='grc' dir='ltr'><strong>καὶ</strong></span> <span class='ocrx_word' id='word_1_269' title='bbox 2815 1939 3089 2011; x_wconf 80' lang='grc' dir='ltr'>ἐπορεύθη</span> <span class='ocrx_word' id='word_1_270' title='bbox 3121 1940 3256 2010; x_wconf 81' lang='grc' dir='ltr'>πρὸς</span> <span class='ocrx_word' id='word_1_271' title='bbox 3279 1939 3370 1991; x_wconf 81' lang='grc' dir='ltr'><strong>τὸν</strong></span> <span class='ocrx_word' id='word_1_272' title='bbox 3398 1938 3712 1991; x_wconf 86' lang='grc' dir='ltr'>ἐπίσκοπον.</span> 
     </span>
    </p>
   </div>
   <div class='ocr_carea' id='block_1_35' title="bbox 470 2024 2046 2103">
    <p class='ocr_par' dir='ltr' id='par_1_35' title="bbox 470 2027 2037 2093">
     <span class='ocr_line' id='line_1_35' title="bbox 470 2027 2037 2093; baseline 0.001 -10"><span class='ocrx_word' id='word_1_273' title='bbox 470 2037 650 2084; x_wconf 87' lang='lat' dir='ltr'><strong>autem</strong></span> <span class='ocrx_word' id='word_1_274' title='bbox 681 2043 791 2083; x_wconf 92' lang='lat' dir='ltr'><strong>non</strong></span> <span class='ocrx_word' id='word_1_275' title='bbox 825 2037 1133 2093; x_wconf 90' lang='lat' dir='ltr'><strong>cunctatus,</strong></span> <span class='ocrx_word' id='word_1_276' title='bbox 1166 2030 1347 2083; x_wconf 88' lang='lat' dir='ltr'><strong>statim</strong></span> <span class='ocrx_word' id='word_1_277' title='bbox 1379 2029 1517 2084; x_wconf 83' lang='lat' dir='ltr'><strong>dixit</strong></span> <span class='ocrx_word' id='word_1_278' title='bbox 1545 2045 1658 2085; x_wconf 77' lang='lat' dir='ltr'><strong>sua:</strong></span> <span class='ocrx_word' id='word_1_279' title='bbox 1683 2030 1900 2085; x_wconf 86' lang='lat' dir='ltr'><strong>sorori:</strong></span> <span class='ocrx_word' id='word_1_280' title='bbox 1932 2027 2037 2085; x_wconf 83' lang='lat' dir='ltr'><strong>Vo-</strong></span> 
     </span>
    </p>
   </div>
   <div class='ocr_carea' id='block_1_36' title="bbox 2151 2024 3714 2103">
    <p class='ocr_par' dir='ltr' id='par_1_36' title="bbox 2152 2024 3714 2103">
     <span class='ocr_line' id='line_1_36' title="bbox 2152 2024 3714 2103; baseline -0.007 -15"><span class='ocrx_word' id='word_1_281' title='bbox 2152 2036 2208 2090; x_wconf 86' lang='lat'><strong>&#39;0</strong></span> <span class='ocrx_word' id='word_1_282' title='bbox 2238 2034 2296 2088; x_wconf 79' lang='grc' dir='ltr'>δὲ</span> <span class='ocrx_word' id='word_1_283' title='bbox 2330 2032 2644 2101; x_wconf 82' lang='grc' dir='ltr'>Ἐπιφάνιος</span> <span class='ocrx_word' id='word_1_284' title='bbox 2696 2030 2861 2103; x_wconf 82' lang='grc' dir='ltr'>μηδὲν</span> <span class='ocrx_word' id='word_1_285' title='bbox 2889 2029 3180 2101; x_wconf 81' lang='grc' dir='ltr'>μελλήσας,</span> <span class='ocrx_word' id='word_1_286' title='bbox 3227 2027 3363 2099; x_wconf 80' lang='grc' dir='ltr'>πρὸς</span> <span class='ocrx_word' id='word_1_287' title='bbox 3388 2029 3488 2097; x_wconf 83' lang='grc' dir='ltr'><strong>τὴν</strong></span> <span class='ocrx_word' id='word_1_288' title='bbox 3521 2024 3714 2079; x_wconf 76' lang='grc' dir='ltr'>ἑαυτοῦ</span> 
     </span>
    </p>
   </div>
   <div class='ocr_carea' id='block_1_37' title="bbox 468 2117 2046 2197">
    <p class='ocr_par' dir='ltr' id='par_1_37' title="bbox 468 2120 2034 2191">
     <span class='ocr_line' id='line_1_37' title="bbox 468 2120 2034 2191; baseline 0 -16"><span class='ocrx_word' id='word_1_289' title='bbox 468 2122 521 2175; x_wconf 93' lang='lat' dir='ltr'><strong>lo</strong></span> <span class='ocrx_word' id='word_1_290' title='bbox 570 2121 684 2175; x_wconf 80' lang='lat' dir='ltr'><strong>fieri</strong></span> <span class='ocrx_word' id='word_1_291' title='bbox 733 2120 1095 2183; x_wconf 87' lang='lat' dir='ltr'><strong>Christianus,</strong></span> <span class='ocrx_word' id='word_1_292' title='bbox 1128 2128 1182 2173; x_wconf 90' lang='lat' dir='ltr'><strong>et</strong></span> <span class='ocrx_word' id='word_1_293' title='bbox 1224 2121 1387 2173; x_wconf 90' lang='lat' dir='ltr'><strong>vitam</strong></span> <span class='ocrx_word' id='word_1_294' title='bbox 1437 2135 1600 2191; x_wconf 85' lang='lat' dir='ltr'><strong>agerc</strong></span> <span class='ocrx_word' id='word_1_295' title='bbox 1655 2122 2034 2175; x_wconf 89' lang='lat' dir='ltr'><strong>monasticam.</strong></span> 
     </span>
    </p>
   </div>
   <div class='ocr_carea' id='block_1_38' title="bbox 2151 2117 3715 2197">
    <p class='ocr_par' dir='ltr' id='par_1_38' title="bbox 2151 2117 3715 2197">
     <span class='ocr_line' id='line_1_38' title="bbox 2151 2117 3715 2197; baseline -0.008 -16"><span class='ocrx_word' id='word_1_296' title='bbox 2151 2125 2372 2197; x_wconf 70' lang='grc' dir='ltr'>ὶδελφὴν</span> <span class='ocrx_word' id='word_1_297' title='bbox 2418 2124 2554 2195; x_wconf 73' lang='grc' dir='ltr'><strong>ἔφη’</strong></span> <span class='ocrx_word' id='word_1_298' title='bbox 2612 2123 2881 2193; x_wconf 84' lang='grc' dir='ltr'>Βούλομαι</span> <span class='ocrx_word' id='word_1_299' title='bbox 2930 2121 3252 2191; x_wconf 77' lang='grc' dir='ltr'>Χριστιανὸς</span> <span class='ocrx_word' id='word_1_300' title='bbox 3307 2117 3578 2187; x_wconf 80' lang='grc' dir='ltr'>γενέσθαι,</span> <span class='ocrx_word' id='word_1_301' title='bbox 3624 2117 3715 2169; x_wconf 71' lang='grc' dir='ltr'><strong>καὶ</strong></span> 
     </span>
    </p>
   </div>
   <div class='ocr_carea' id='block_1_39' title="bbox 462 2207 2046 2288">
    <p class='ocr_par' dir='ltr' id='par_1_39' title="bbox 462 2209 2037 2282">
     <span class='ocr_line' id='line_1_39' title="bbox 462 2209 2037 2282; baseline 0.002 -17"><span class='ocrx_word' id='word_1_302' title='bbox 462 2212 566 2267; x_wconf 68' lang='lat' dir='ltr'><strong>(lui</strong></span> <span class='ocrx_word' id='word_1_303' title='bbox 596 2212 733 2267; x_wconf 82' lang='lat' dir='ltr'><strong>dixit</strong></span> <span class='ocrx_word' id='word_1_304' title='bbox 762 2226 918 2265; x_wconf 91' lang='lat' dir='ltr'><strong>soror</strong></span> <span class='ocrx_word' id='word_1_305' title='bbox 949 2212 1069 2282; x_wconf 90' lang='lat' dir='ltr'><strong>ejus</strong></span> <span class='ocrx_word' id='word_1_306' title='bbox 1103 2230 1116 2265; x_wconf 92' lang='lat'>:</span> <span class='ocrx_word' id='word_1_307' title='bbox 1155 2209 1291 2266; x_wconf 85' lang='lat' dir='ltr'><strong>Volo</strong></span> <span class='ocrx_word' id='word_1_308' title='bbox 1328 2213 1473 2281; x_wconf 87' lang='lat' dir='ltr'><strong>quod</strong></span> <span class='ocrx_word' id='word_1_309' title='bbox 1508 2222 1564 2267; x_wconf 93' lang='lat' dir='ltr'><strong>tu</strong></span> <span class='ocrx_word' id='word_1_310' title='bbox 1597 2216 1700 2275; x_wconf 87' lang='lat' dir='ltr'><strong>vis,</strong></span> <span class='ocrx_word' id='word_1_311' title='bbox 1756 2221 1809 2266; x_wconf 92' lang='lat' dir='ltr'><strong>et</strong></span> <span class='ocrx_word' id='word_1_312' title='bbox 1845 2212 2037 2269; x_wconf 84' lang='lat' dir='ltr'><strong>faciam</strong></span> 
     </span>
    </p>
   </div>
   <div class='ocr_carea' id='block_1_40' title="bbox 2151 2207 3716 2288">
    <p class='ocr_par' dir='ltr' id='par_1_40' title="bbox 2151 2207 3716 2288">
     <span class='ocr_line' id='line_1_40' title="bbox 2151 2207 3716 2288; baseline -0.008 -17"><span class='ocrx_word' id='word_1_313' title='bbox 2151 2216 2232 2271; x_wconf 68' lang='grc' dir='ltr'>τὸν</span> <span class='ocrx_word' id='word_1_314' title='bbox 2263 2217 2470 2288; x_wconf 80' lang='grc' dir='ltr'>μονήρη</span> <span class='ocrx_word' id='word_1_315' title='bbox 2498 2213 2611 2286; x_wconf 81' lang='grc' dir='ltr'>βίον</span> <span class='ocrx_word' id='word_1_316' title='bbox 2644 2212 2937 2284; x_wconf 87' lang='grc' dir='ltr'>μετελθεῖν.</span> <span class='ocrx_word' id='word_1_317' title='bbox 2978 2208 3146 2265; x_wconf 77' lang='grc' dir='ltr'>Εἶπεν</span> <span class='ocrx_word' id='word_1_318' title='bbox 3177 2212 3233 2265; x_wconf 85' lang='grc' dir='ltr'>δὲ</span> <span class='ocrx_word' id='word_1_319' title='bbox 3266 2213 3301 2281; x_wconf 79' lang='grc' dir='ltr'><strong>ἡ</strong></span> <span class='ocrx_word' id='word_1_320' title='bbox 3330 2209 3529 2279; x_wconf 80' lang='grc' dir='ltr'>ἀδελφὴ</span> <span class='ocrx_word' id='word_1_321' title='bbox 3554 2207 3716 2261; x_wconf 75' lang='grc' dir='ltr'>αὐτοῦ</span> 
     </span>
    </p>
   </div>
   <div class='ocr_carea' id='block_1_41' title="bbox 466 2299 2046 2380">
    <p class='ocr_par' dir='ltr' id='par_1_41' title="bbox 466 2302 2041 2374">
     <span class='ocr_line' id='line_1_41' title="bbox 466 2302 2041 2374; baseline 0.001 -16"><span class='ocrx_word' id='word_1_322' title='bbox 466 2314 527 2358; x_wconf 90' lang='lat' dir='ltr'><strong>ut</strong></span> <span class='ocrx_word' id='word_1_323' title='bbox 557 2313 612 2359; x_wconf 92' lang='lat' dir='ltr'><strong>tu</strong></span> <span class='ocrx_word' id='word_1_324' title='bbox 638 2303 795 2358; x_wconf 86' lang='lat' dir='ltr'><strong>facis.</strong></span> <span class='ocrx_word' id='word_1_325' title='bbox 825 2302 1101 2358; x_wconf 87' lang='lat' dir='ltr'><strong>Lucianus</strong></span> <span class='ocrx_word' id='word_1_326' title='bbox 1132 2313 1312 2357; x_wconf 84' lang='lat' dir='ltr'><strong>autem</strong></span> <span class='ocrx_word' id='word_1_327' title='bbox 1340 2304 1669 2358; x_wconf 72' lang='lat' dir='ltr'><strong>renuntiavit</strong></span> <span class='ocrx_word' id='word_1_328' title='bbox 1695 2304 1952 2374; x_wconf 79' lang='lat' dir='ltr'><strong>episcopo</strong></span> <span class='ocrx_word' id='word_1_329' title='bbox 1973 2303 2041 2360; x_wconf 89' lang='lat' dir='ltr'><strong>de</strong></span> 
     </span>
    </p>
   </div>
   <div class='ocr_carea' id='block_1_42' title="bbox 2151 2299 3718 2380">
    <p class='ocr_par' dir='ltr' id='par_1_42' title="bbox 2151 2299 3718 2380">
     <span class='ocr_line' id='line_1_42' title="bbox 2151 2299 3718 2380; baseline -0.006 -19"><span class='ocrx_word' id='word_1_330' title='bbox 2151 2308 2279 2380; x_wconf 86' lang='grc' dir='ltr'>πρὸς</span> <span class='ocrx_word' id='word_1_331' title='bbox 2312 2306 2474 2361; x_wconf 83' lang='grc' dir='ltr'>αὐτόν</span> <span class='ocrx_word' id='word_1_332' title='bbox 2494 2323 2506 2336; x_wconf 83' lang='grc'><em>’</em></span> <span class='ocrx_word' id='word_1_333' title='bbox 2548 2306 2637 2369; x_wconf 83' lang='grc' dir='ltr'>Ὠς</span> <span class='ocrx_word' id='word_1_334' title='bbox 2664 2304 2839 2368; x_wconf 87' lang='grc' dir='ltr'>θέλεις</span> <span class='ocrx_word' id='word_1_335' title='bbox 2866 2303 3095 2375; x_wconf 82' lang='grc' dir='ltr'>θελήσω,</span> <span class='ocrx_word' id='word_1_336' title='bbox 3117 2303 3191 2366; x_wconf 85' lang='grc' dir='ltr'><strong>ὡς</strong></span> <span class='ocrx_word' id='word_1_337' title='bbox 3217 2305 3391 2365; x_wconf 82' lang='grc' dir='ltr'>ποιεῖς</span> <span class='ocrx_word' id='word_1_338' title='bbox 3417 2303 3644 2371; x_wconf 87' lang='grc' dir='ltr'>ποιήσω.</span> <span class='ocrx_word' id='word_1_339' title='bbox 3661 2299 3718 2352; x_wconf 88' lang='grc' dir='ltr'>Ὀ</span> 
     </span>
    </p>
   </div>
   <div class='ocr_carea' id='block_1_43' title="bbox 468 2391 2046 2467">
    <p class='ocr_par' dir='ltr' id='par_1_43' title="bbox 468 2392 2045 2464">
     <span class='ocr_line' id='line_1_43' title="bbox 468 2392 2045 2464; baseline 0.001 -17"><span class='ocrx_word' id='word_1_340' title='bbox 468 2394 793 2464; x_wconf 84' lang='lat' dir='ltr'><strong>Epiphanio.</strong></span> <span class='ocrx_word' id='word_1_341' title='bbox 824 2393 1122 2463; x_wconf 86' lang='lat' dir='ltr'><strong>Episcopus</strong></span> <span class='ocrx_word' id='word_1_342' title='bbox 1152 2410 1280 2449; x_wconf 89' lang='lat' dir='ltr'><strong>vero</strong></span> <span class='ocrx_word' id='word_1_343' title='bbox 1313 2394 1451 2448; x_wconf 80' lang='lat' dir='ltr'><strong>dixit</strong></span> <span class='ocrx_word' id='word_1_344' title='bbox 1478 2393 1720 2449; x_wconf 83' lang='lat' dir='ltr'><strong>aniano</strong></span> <span class='ocrx_word' id='word_1_345' title='bbox 1749 2412 1762 2448; x_wconf 90' lang='lat'><strong>:</strong></span> <span class='ocrx_word' id='word_1_346' title='bbox 1790 2392 1955 2459; x_wconf 82' lang='lat' dir='ltr'><strong>Vade,</strong></span> <span class='ocrx_word' id='word_1_347' title='bbox 1987 2403 2045 2449; x_wconf 89' lang='lat' dir='ltr'><strong>et</strong></span> 
     </span>
    </p>
   </div>
   <div class='ocr_carea' id='block_1_44' title="bbox 2151 2391 3715 2467">
    <p class='ocr_par' dir='ltr' id='par_1_44' title="bbox 2151 2391 3715 2467">
     <span class='ocr_line' id='line_1_44' title="bbox 2151 2391 3715 2467; baseline -0.007 -14"><span class='ocrx_word' id='word_1_348' title='bbox 2151 2400 2201 2454; x_wconf 79' lang='grc' dir='ltr'><strong>δέ</strong></span> <span class='ocrx_word' id='word_1_349' title='bbox 2231 2397 2527 2461; x_wconf 80' lang='grc' dir='ltr'>Λουκιανὸς</span> <span class='ocrx_word' id='word_1_350' title='bbox 2557 2395 2890 2467; x_wconf 84' lang='grc' dir='ltr'>ἀπήγγειλεν</span> <span class='ocrx_word' id='word_1_351' title='bbox 2916 2394 2993 2465; x_wconf 83' lang='grc' dir='ltr'>τῷ</span> <span class='ocrx_word' id='word_1_352' title='bbox 3022 2392 3307 2463; x_wconf 87' lang='grc' dir='ltr'>ἐπισκὸπῳ</span> <span class='ocrx_word' id='word_1_353' title='bbox 3325 2392 3394 2445; x_wconf 83' lang='grc' dir='ltr'>τὰ</span> <span class='ocrx_word' id='word_1_354' title='bbox 3415 2392 3543 2462; x_wconf 79' lang='grc' dir='ltr'>περὶ</span> <span class='ocrx_word' id='word_1_355' title='bbox 3570 2391 3715 2443; x_wconf 80' lang='grc' dir='ltr'>Ἑπι-</span> 
     </span>
    </p>
   </div>
   <div class='ocr_carea' id='block_1_45' title="bbox 467 2482 2044 2557">
    <p class='ocr_par' dir='ltr' id='par_1_45' title="bbox 467 2482 2044 2557">
     <span class='ocr_line' id='line_1_45' title="bbox 467 2482 2044 2557; baseline 0.001 -19"><span class='ocrx_word' id='word_1_356' title='bbox 467 2500 591 2538; x_wconf 91' lang='lat' dir='ltr'><strong>cttm</strong></span> <span class='ocrx_word' id='word_1_357' title='bbox 625 2482 897 2538; x_wconf 84' lang='lat' dir='ltr'><strong>catechiza</strong></span> <span class='ocrx_word' id='word_1_358' title='bbox 929 2482 1058 2554; x_wconf 88' lang='lat' dir='ltr'><strong>[hoc</strong></span> <span class='ocrx_word' id='word_1_359' title='bbox 1080 2491 1183 2549; x_wconf 89' lang='lat' dir='ltr'><strong>est,</strong></span> <span class='ocrx_word' id='word_1_360' title='bbox 1218 2483 1490 2557; x_wconf 79' lang='lat' dir='ltr'><strong>institue].</strong></span> <span class='ocrx_word' id='word_1_361' title='bbox 1522 2484 1772 2554; x_wconf 88' lang='lat' dir='ltr'><strong>Cumque</strong></span> <span class='ocrx_word' id='word_1_362' title='bbox 1811 2499 1912 2540; x_wconf 91' lang='lat' dir='ltr'><strong>nos</strong></span> <span class='ocrx_word' id='word_1_363' title='bbox 1959 2486 2044 2539; x_wconf 87' lang='lat' dir='ltr'><strong>in-</strong></span> 
     </span>
    </p>
   </div>
   <div class='ocr_carea' id='block_1_46' title="bbox 468 2573 2045 2646">
    <p class='ocr_par' dir='ltr' id='par_1_46' title="bbox 468 2573 2045 2646">
     <span class='ocr_line' id='line_1_46' title="bbox 468 2573 2045 2646; baseline -0.002 -16"><span class='ocrx_word' id='word_1_364' title='bbox 468 2575 780 2646; x_wconf 82' lang='lat' dir='ltr'><strong>grediemur</strong></span> <span class='ocrx_word' id='word_1_365' title='bbox 823 2576 878 2628; x_wconf 91' lang='lat' dir='ltr'><strong>in</strong></span> <span class='ocrx_word' id='word_1_366' title='bbox 908 2574 1217 2639; x_wconf 89' lang='lat' dir='ltr'><strong>ecclesiam,</strong></span> <span class='ocrx_word' id='word_1_367' title='bbox 1251 2573 1337 2629; x_wconf 88' lang='lat' dir='ltr'><strong>fac</strong></span> <span class='ocrx_word' id='word_1_368' title='bbox 1366 2582 1426 2627; x_wconf 92' lang='lat' dir='ltr'><strong>ut</strong></span> <span class='ocrx_word' id='word_1_369' title='bbox 1474 2574 1590 2644; x_wconf 90' lang='lat' dir='ltr'><strong>ipse</strong></span> <span class='ocrx_word' id='word_1_370' title='bbox 1617 2573 1860 2643; x_wconf 84' lang='lat' dir='ltr'><strong>procidat</strong></span> <span class='ocrx_word' id='word_1_371' title='bbox 1892 2574 2045 2628; x_wconf 89' lang='lat' dir='ltr'><strong>beni-</strong></span> 
     </span>
    </p>
   </div>
   <div class='ocr_carea' id='block_1_47' title="bbox 471 2658 2042 2735">
    <p class='ocr_par' dir='ltr' id='par_1_47' title="bbox 471 2658 2042 2735">
     <span class='ocr_line' id='line_1_47' title="bbox 471 2658 2042 2735; baseline -0.001 -16"><span class='ocrx_word' id='word_1_372' title='bbox 471 2680 579 2735; x_wconf 80' lang='lat' dir='ltr'><strong>gno</strong></span> <span class='ocrx_word' id='word_1_373' title='bbox 621 2674 673 2721; x_wconf 91' lang='lat' dir='ltr'><strong>et</strong></span> <span class='ocrx_word' id='word_1_374' title='bbox 716 2664 1053 2720; x_wconf 85' lang='lat' dir='ltr'><strong>misericordi</strong></span> <span class='ocrx_word' id='word_1_375' title='bbox 1099 2663 1232 2721; x_wconf 89' lang='lat' dir='ltr'><strong>Deo.</strong></span> <span class='ocrx_word' id='word_1_376' title='bbox 1266 2663 1366 2719; x_wconf 85' lang='lat' dir='ltr'><strong>lvit</strong></span> <span class='ocrx_word' id='word_1_377' title='bbox 1398 2658 1672 2719; x_wconf 84' lang='lat' dir='ltr'><strong>Lucianus</strong></span> <span class='ocrx_word' id='word_1_378' title='bbox 1724 2664 1777 2717; x_wconf 91' lang='lat' dir='ltr'><strong>in</strong></span> <span class='ocrx_word' id='word_1_379' title='bbox 1821 2664 2042 2719; x_wconf 91' lang='lat' dir='ltr'><strong>domum</strong></span> 
     </span>
    </p>
   </div>
   <div class='ocr_carea' id='block_1_48' title="bbox 474 2753 2044 2826">
    <p class='ocr_par' dir='ltr' id='par_1_48' title="bbox 474 2753 2044 2826">
     <span class='ocr_line' id='line_1_48' title="bbox 474 2753 2044 2826; baseline 0 -16"><span class='ocrx_word' id='word_1_380' title='bbox 474 2756 777 2826; x_wconf 67' lang='lat' dir='ltr'><strong>l-Zpiphanii.</strong></span> <span class='ocrx_word' id='word_1_381' title='bbox 809 2754 945 2809; x_wconf 90' lang='lat' dir='ltr'><strong>Eum</strong></span> <span class='ocrx_word' id='word_1_382' title='bbox 980 2764 1161 2810; x_wconf 90' lang='lat' dir='ltr'><strong>autem</strong></span> <span class='ocrx_word' id='word_1_383' title='bbox 1185 2755 1431 2811; x_wconf 82' lang='lat' dir='ltr'><strong>videntes</strong></span> <span class='ocrx_word' id='word_1_384' title='bbox 1461 2753 1800 2824; x_wconf 86' lang='lat' dir='ltr'><strong>Epiphanius</strong></span> <span class='ocrx_word' id='word_1_385' title='bbox 1835 2764 1891 2809; x_wconf 86' lang='lat' dir='ltr'><strong>et</strong></span> <span class='ocrx_word' id='word_1_386' title='bbox 1922 2755 2044 2825; x_wconf 85' lang='lat' dir='ltr'><strong>ejus</strong></span> 
     </span>
    </p>
   </div>
   <div class='ocr_carea' id='block_1_49' title="bbox 474 2843 2047 2916">
    <p class='ocr_par' dir='ltr' id='par_1_49' title="bbox 474 2843 2047 2916">
     <span class='ocr_line' id='line_1_49' title="bbox 474 2843 2047 2916; baseline -0.001 -15"><span class='ocrx_word' id='word_1_387' title='bbox 474 2862 651 2911; x_wconf 87' lang='lat' dir='ltr'><strong>soror,</strong></span> <span class='ocrx_word' id='word_1_388' title='bbox 679 2846 993 2902; x_wconf 89' lang='lat' dir='ltr'><strong>ceciderunt</strong></span> <span class='ocrx_word' id='word_1_389' title='bbox 1027 2846 1181 2916; x_wconf 86' lang='lat' dir='ltr'><strong>proni</strong></span> <span class='ocrx_word' id='word_1_390' title='bbox 1215 2847 1272 2900; x_wconf 94' lang='lat' dir='ltr'><strong>in</strong></span> <span class='ocrx_word' id='word_1_391' title='bbox 1299 2844 1515 2910; x_wconf 79' lang='lat' dir='ltr'><strong>faciem,</strong></span> <span class='ocrx_word' id='word_1_392' title='bbox 1537 2853 1591 2900; x_wconf 90' lang='lat' dir='ltr'><strong>et</strong></span> <span class='ocrx_word' id='word_1_393' title='bbox 1618 2843 1845 2900; x_wconf 92' lang='lat' dir='ltr'><strong>Luciani</strong></span> <span class='ocrx_word' id='word_1_394' title='bbox 1883 2846 2047 2915; x_wconf 85' lang='lat' dir='ltr'><strong>pedes</strong></span> 
     </span>
    </p>
   </div>
   <div class='ocr_carea' id='block_1_50' title="bbox 475 2935 2043 3007">
    <p class='ocr_par' dir='ltr' id='par_1_50' title="bbox 475 2935 2043 3007">
     <span class='ocr_line' id='line_1_50' title="bbox 475 2935 2043 3007; baseline 0.002 -17"><span class='ocrx_word' id='word_1_395' title='bbox 475 2937 897 3007; x_wconf 85' lang='lat' dir='ltr'><strong>prehenderunt,</strong></span> <span class='ocrx_word' id='word_1_396' title='bbox 929 2939 1229 2992; x_wconf 86' lang='lat' dir='ltr'><strong>clamantes</strong></span> <span class='ocrx_word' id='word_1_397' title='bbox 1249 2944 1304 2991; x_wconf 89' lang='lat' dir='ltr'><strong>et</strong></span> <span class='ocrx_word' id='word_1_398' title='bbox 1330 2936 1574 2992; x_wconf 89' lang='lat' dir='ltr'><strong>dicentes</strong></span> <span class='ocrx_word' id='word_1_399' title='bbox 1608 2954 1622 2992; x_wconf 89' lang='lat'><strong>:</strong></span> <span class='ocrx_word' id='word_1_400' title='bbox 1664 2935 1940 3007; x_wconf 77' lang='lat' dir='ltr'><strong>Rogamus</strong></span> <span class='ocrx_word' id='word_1_401' title='bbox 1972 2946 2043 3001; x_wconf 87' lang='lat' dir='ltr'><strong>te,</strong></span> 
     </span>
    </p>
   </div>
   <div class='ocr_carea' id='block_1_51' title="bbox 475 3027 2046 3097">
    <p class='ocr_par' dir='ltr' id='par_1_51' title="bbox 475 3027 2046 3097">
     <span class='ocr_line' id='line_1_51' title="bbox 475 3027 2046 3097; baseline 0.003 -17"><span class='ocrx_word' id='word_1_402' title='bbox 475 3038 648 3097; x_wconf 83' lang='lat' dir='ltr'><strong>pater,</strong></span> <span class='ocrx_word' id='word_1_403' title='bbox 679 3028 763 3083; x_wconf 89' lang='lat' dir='ltr'><strong>fac</strong></span> <span class='ocrx_word' id='word_1_404' title='bbox 811 3045 910 3084; x_wconf 91' lang='lat' dir='ltr'><strong>nos</strong></span> <span class='ocrx_word' id='word_1_405' title='bbox 943 3029 1059 3083; x_wconf 72' lang='lat' dir='ltr'><strong>fieri</strong></span> <span class='ocrx_word' id='word_1_406' title='bbox 1092 3027 1459 3084; x_wconf 88' lang='lat' dir='ltr'><strong>Christianos.</strong></span> <span class='ocrx_word' id='word_1_407' title='bbox 1491 3028 1700 3086; x_wconf 89' lang='lat' dir='ltr'><strong>Divinis</strong></span> <span class='ocrx_word' id='word_1_408' title='bbox 1730 3038 1912 3085; x_wconf 88' lang='lat' dir='ltr'><strong>autem</strong></span> <span class='ocrx_word' id='word_1_409' title='bbox 1950 3045 2046 3086; x_wconf 89' lang='lat' dir='ltr'><strong>ac-</strong></span> 
     </span>
    </p>
   </div>
   <div class='ocr_carea' id='block_1_52' title="bbox 474 3120 2044 3192">
    <p class='ocr_par' dir='ltr' id='par_1_52' title="bbox 474 3120 2044 3192">
     <span class='ocr_line' id='line_1_52' title="bbox 474 3120 2044 3192; baseline 0.003 -19"><span class='ocrx_word' id='word_1_410' title='bbox 474 3121 647 3189; x_wconf 81' lang='lat' dir='ltr'><strong>ceptis</strong></span> <span class='ocrx_word' id='word_1_411' title='bbox 699 3120 1019 3192; x_wconf 88' lang='lat' dir='ltr'><strong>Scripturis,</strong></span> <span class='ocrx_word' id='word_1_412' title='bbox 1054 3120 1328 3178; x_wconf 89' lang='lat' dir='ltr'><strong>Lucianus</strong></span> <span class='ocrx_word' id='word_1_413' title='bbox 1375 3136 1470 3178; x_wconf 89' lang='lat' dir='ltr'><strong>eos</strong></span> <span class='ocrx_word' id='word_1_414' title='bbox 1516 3122 1650 3179; x_wconf 87' lang='lat' dir='ltr'><strong>satis</strong></span> <span class='ocrx_word' id='word_1_415' title='bbox 1694 3123 1948 3179; x_wconf 87' lang='lat' dir='ltr'><strong>instituit.</strong></span> <span class='ocrx_word' id='word_1_416' title='bbox 1978 3122 2044 3178; x_wconf 94' lang='lat' dir='ltr'><strong>Et</strong></span> 
     </span>
    </p>
   </div>
   <div class='ocr_carea' id='block_1_53' title="bbox 2146 2481 3718 2561">
    <p class='ocr_par' dir='ltr' id='par_1_53' title="bbox 2146 2481 3718 2561">
     <span class='ocr_line' id='line_1_53' title="bbox 2146 2481 3718 2561; baseline -0.006 -18"><span class='ocrx_word' id='word_1_417' title='bbox 2146 2488 2434 2561; x_wconf 83' lang='grc' dir='ltr'>φανίου.ὐ</span> <span class='ocrx_word' id='word_1_418' title='bbox 2457 2488 2514 2540; x_wconf 81' lang='grc' dir='ltr'>δὲ</span> <span class='ocrx_word' id='word_1_419' title='bbox 2558 2487 2854 2550; x_wconf 77' lang='grc' dir='ltr'>ἐπίσκοπος</span> <span class='ocrx_word' id='word_1_420' title='bbox 2891 2481 3044 2539; x_wconf 75' lang='grc' dir='ltr'>εἶπεν</span> <span class='ocrx_word' id='word_1_421' title='bbox 3080 2485 3217 2557; x_wconf 88' lang='grc' dir='ltr'>πρδς</span> <span class='ocrx_word' id='word_1_422' title='bbox 3257 2484 3582 2537; x_wconf 82' lang='grc' dir='ltr'>Λουκιανόν·</span> <span class='ocrx_word' id='word_1_423' title='bbox 3619 2482 3718 2535; x_wconf 84' lang='grc' dir='ltr'><strong>Πο-</strong></span> 
     </span>
    </p>
   </div>
   <div class='ocr_carea' id='block_1_54' title="bbox 2150 2572 3719 2654">
    <p class='ocr_par' dir='ltr' id='par_1_54' title="bbox 2150 2572 3719 2654">
     <span class='ocr_line' id='line_1_54' title="bbox 2150 2572 3719 2654; baseline -0.007 -19"><span class='ocrx_word' id='word_1_424' title='bbox 2150 2581 2369 2654; x_wconf 82' lang='grc' dir='ltr'>ρεύθητι</span> <span class='ocrx_word' id='word_1_425' title='bbox 2408 2581 2502 2633; x_wconf 73' lang='grc' dir='ltr'><strong>καὶ</strong></span> <span class='ocrx_word' id='word_1_426' title='bbox 2546 2581 2857 2649; x_wconf 81' lang='grc' dir='ltr'>κατήχησον</span> <span class='ocrx_word' id='word_1_427' title='bbox 2906 2578 3102 2631; x_wconf 71' lang='grc' dir='ltr'>αὐτόν’</span> <span class='ocrx_word' id='word_1_428' title='bbox 3150 2579 3246 2631; x_wconf 76' lang='grc' dir='ltr'><strong>καὶ</strong></span> <span class='ocrx_word' id='word_1_429' title='bbox 3288 2578 3345 2628; x_wconf 88' lang='grc' dir='ltr'><strong>ἐν</strong></span> <span class='ocrx_word' id='word_1_430' title='bbox 3377 2574 3456 2645; x_wconf 84' lang='grc' dir='ltr'>τῷ</span> <span class='ocrx_word' id='word_1_431' title='bbox 3499 2572 3719 2627; x_wconf 78' lang='grc' dir='ltr'>εἰσιέναι</span> 
     </span>
    </p>
   </div>
   <div class='ocr_carea' id='block_1_55' title="bbox 2145 2663 3720 2744">
    <p class='ocr_par' dir='ltr' id='par_1_55' title="bbox 2145 2663 3720 2744">
     <span class='ocr_line' id='line_1_55' title="bbox 2145 2663 3720 2744; baseline -0.007 -17"><span class='ocrx_word' id='word_1_432' title='bbox 2145 2674 2291 2744; x_wconf 77' lang='grc' dir='ltr'>ἡμᾶς</span> <span class='ocrx_word' id='word_1_433' title='bbox 2322 2674 2378 2725; x_wconf 88' lang='grc' dir='ltr'><strong>ἐν</strong></span> <span class='ocrx_word' id='word_1_434' title='bbox 2424 2674 2489 2741; x_wconf 78' lang='grc' dir='ltr'>τῇ</span> <span class='ocrx_word' id='word_1_435' title='bbox 2512 2670 2798 2741; x_wconf 75' lang='grc' dir='ltr'>ἐκκλησίᾳ,</span> <span class='ocrx_word' id='word_1_436' title='bbox 2832 2669 3057 2739; x_wconf 89' lang='grc' dir='ltr'>ποίησον</span> <span class='ocrx_word' id='word_1_437' title='bbox 3086 2669 3247 2723; x_wconf 82' lang='grc' dir='ltr'>αὐτὸν</span> <span class='ocrx_word' id='word_1_438' title='bbox 3281 2668 3613 2738; x_wconf 83' lang='grc' dir='ltr'>προσπεσεῖν</span> <span class='ocrx_word' id='word_1_439' title='bbox 3643 2663 3720 2733; x_wconf 83' lang='grc' dir='ltr'>τῷ</span> 
     </span>
    </p>
   </div>
   <div class='ocr_carea' id='block_1_56' title="bbox 2147 2756 3720 2834">
    <p class='ocr_par' dir='ltr' id='par_1_56' title="bbox 2147 2756 3720 2834">
     <span class='ocr_line' id='line_1_56' title="bbox 2147 2756 3720 2834; baseline -0.007 -17"><span class='ocrx_word' id='word_1_440' title='bbox 2147 2761 2511 2834; x_wconf 75' lang='grc' dir='ltr'>φιλανθρώπῳ</span> <span class='ocrx_word' id='word_1_441' title='bbox 2528 2760 2665 2831; x_wconf 82' lang='grc' dir='ltr'>Θεῷ.</span> <span class='ocrx_word' id='word_1_442' title='bbox 2686 2759 2989 2832; x_wconf 83' lang='grc' dir='ltr'>Ἐπορεύθη</span> <span class='ocrx_word' id='word_1_443' title='bbox 3010 2759 3067 2811; x_wconf 89' lang='grc' dir='ltr'><strong>δέ</strong></span> <span class='ocrx_word' id='word_1_444' title='bbox 3090 2759 3387 2821; x_wconf 83' lang='grc' dir='ltr'>Λουκιανὸς</span> <span class='ocrx_word' id='word_1_445' title='bbox 3414 2761 3471 2810; x_wconf 89' lang='grc' dir='ltr'><strong>ἐν</strong></span> <span class='ocrx_word' id='word_1_446' title='bbox 3487 2756 3567 2826; x_wconf 82' lang='grc' dir='ltr'>τῷ</span> <span class='ocrx_word' id='word_1_447' title='bbox 3590 2756 3720 2824; x_wconf 72' lang='grc' dir='ltr'>οἴκῳ</span> 
     </span>
    </p>
   </div>
   <div class='ocr_carea' id='block_1_57' title="bbox 2158 2845 3721 2920">
    <p class='ocr_par' dir='ltr' id='par_1_57' title="bbox 2158 2845 3721 2920">
     <span class='ocr_line' id='line_1_57' title="bbox 2158 2845 3721 2920; baseline -0.006 -15"><span class='ocrx_word' id='word_1_448' title='bbox 2158 2850 2494 2920; x_wconf 83' lang='grc' dir='ltr'>Ἐπιφανίου.</span> <span class='ocrx_word' id='word_1_449' title='bbox 2530 2849 2745 2911; x_wconf 84' lang='grc' dir='ltr'>Εἰδότες</span> <span class='ocrx_word' id='word_1_450' title='bbox 2774 2849 2832 2901; x_wconf 75' lang='grc' dir='ltr'>δὲ</span> <span class='ocrx_word' id='word_1_451' title='bbox 2866 2850 3049 2911; x_wconf 78' lang='grc' dir='ltr'>αὐτὸν,</span> <span class='ocrx_word' id='word_1_452' title='bbox 3077 2850 3106 2902; x_wconf 84' lang='grc' dir='ltr'>ὅ</span> <span class='ocrx_word' id='word_1_453' title='bbox 3130 2865 3189 2901; x_wconf 87' lang='grc' dir='ltr'><strong>τε</strong></span> <span class='ocrx_word' id='word_1_454' title='bbox 3228 2848 3540 2915; x_wconf 67' lang='grc' dir='ltr'>Ἐπιφάνιος</span> <span class='ocrx_word' id='word_1_455' title='bbox 3569 2845 3662 2897; x_wconf 77' lang='grc' dir='ltr'>καὶ</span> <span class='ocrx_word' id='word_1_456' title='bbox 3687 2845 3721 2913; x_wconf 86' lang='grc' dir='ltr'>ὴ</span> 
     </span>
    </p>
   </div>
   <div class='ocr_carea' id='block_1_58' title="bbox 2148 2937 3721 3011">
    <p class='ocr_par' dir='ltr' id='par_1_58' title="bbox 2148 2937 3721 3011">
     <span class='ocr_line' id='line_1_58' title="bbox 2148 2937 3721 3011; baseline -0.006 -15"><span class='ocrx_word' id='word_1_457' title='bbox 2148 2942 2309 2997; x_wconf 78' lang='grc' dir='ltr'>αὐτοῦ</span> <span class='ocrx_word' id='word_1_458' title='bbox 2339 2940 2562 3011; x_wconf 80' lang='grc' dir='ltr'>ἀδελφὴ,</span> <span class='ocrx_word' id='word_1_459' title='bbox 2590 2940 2791 2993; x_wconf 76' lang='grc' dir='ltr'>ἔπεσαν</span> <span class='ocrx_word' id='word_1_460' title='bbox 2820 2940 2912 2993; x_wconf 72' lang='grc' dir='ltr'><strong>ἐπὶ</strong></span> <span class='ocrx_word' id='word_1_461' title='bbox 2940 2939 3249 3011; x_wconf 80' lang='grc' dir='ltr'>πρόσωπον,</span> <span class='ocrx_word' id='word_1_462' title='bbox 3280 2940 3371 2992; x_wconf 76' lang='grc' dir='ltr'><strong>καὶ</strong></span> <span class='ocrx_word' id='word_1_463' title='bbox 3401 2937 3721 2990; x_wconf 74' lang='grc' dir='ltr'>ἐπελάόοντο</span> 
     </span>
    </p>
   </div>
   <div class='ocr_carea' id='block_1_59' title="bbox 2148 3027 3719 3095">
    <p class='ocr_par' dir='ltr' id='par_1_59' title="bbox 2148 3027 3719 3095">
     <span class='ocr_line' id='line_1_59' title="bbox 2148 3027 3719 3095; baseline -0.008 -5"><span class='ocrx_word' id='word_1_464' title='bbox 2148 3036 2256 3090; x_wconf 87' lang='grc' dir='ltr'><strong>τῶν</strong></span> <span class='ocrx_word' id='word_1_465' title='bbox 2313 3034 2488 3088; x_wconf 84' lang='grc' dir='ltr'>ποδῶν</span> <span class='ocrx_word' id='word_1_466' title='bbox 2565 3031 2864 3087; x_wconf 80' lang='grc' dir='ltr'>Λουκιανοῦ</span> <span class='ocrx_word' id='word_1_467' title='bbox 2888 3070 2904 3095; x_wconf 86' lang='grc'><strong>,</strong></span> <span class='ocrx_word' id='word_1_468' title='bbox 2954 3031 3229 3094; x_wconf 84' lang='grc' dir='ltr'>κλαίοντες</span> <span class='ocrx_word' id='word_1_469' title='bbox 3293 3030 3387 3082; x_wconf 77' lang='grc' dir='ltr'>καὶ</span> <span class='ocrx_word' id='word_1_470' title='bbox 3441 3027 3719 3095; x_wconf 78' lang='grc' dir='ltr'>λέγοντες·</span> 
     </span>
    </p>
   </div>
   <div class='ocr_carea' id='block_1_60' title="bbox 2167 3118 3721 3195">
    <p class='ocr_par' dir='ltr' id='par_1_60' title="bbox 2167 3118 3721 3195">
     <span class='ocr_line' id='line_1_60' title="bbox 2167 3118 3721 3195; baseline -0.007 -15"><span class='ocrx_word' id='word_1_471' title='bbox 2167 3126 2445 3195; x_wconf 84' lang='grc' dir='ltr'>Ἀξιοῦμέν</span> <span class='ocrx_word' id='word_1_472' title='bbox 2482 3141 2562 3190; x_wconf 87' lang='grc' dir='ltr'><strong>σε,</strong></span> <span class='ocrx_word' id='word_1_473' title='bbox 2597 3124 2792 3194; x_wconf 83' lang='grc' dir='ltr'>πάτερ,</span> <span class='ocrx_word' id='word_1_474' title='bbox 2819 3122 3043 3192; x_wconf 86' lang='grc' dir='ltr'>ποίησον</span> <span class='ocrx_word' id='word_1_475' title='bbox 3069 3122 3215 3192; x_wconf 79' lang='grc' dir='ltr'>ἡμᾶς</span> <span class='ocrx_word' id='word_1_476' title='bbox 3245 3118 3605 3190; x_wconf 80' lang='grc' dir='ltr'>Χριστιανοὺς</span> <span class='ocrx_word' id='word_1_477' title='bbox 3634 3133 3721 3185; x_wconf 86' lang='grc' dir='ltr'>γε-</span> 
     </span>
    </p>
   </div>
   <div class='ocr_carea' id='block_1_61' title="bbox 475 3188 2046 3286">
    <p class='ocr_par' dir='ltr' id='par_1_61' title="bbox 475 3188 2046 3285">
     <span class='ocr_line' id='line_1_61' title="bbox 475 3188 2046 3285; baseline 0.001 -17"><span class='ocrx_word' id='word_1_478' title='bbox 475 3188 579 3282; x_wconf 76' lang='lat' dir='ltr'><strong>ipsi</strong></span> <span class='ocrx_word' id='word_1_479' title='bbox 610 3188 903 3278; x_wconf 79' lang='lat' dir='ltr'><strong>instabant,</strong></span> <span class='ocrx_word' id='word_1_480' title='bbox 934 3225 1188 3285; x_wconf 83' lang='lat' dir='ltr'><strong>rogantes</strong></span> <span class='ocrx_word' id='word_1_481' title='bbox 1218 3223 1274 3269; x_wconf 87' lang='lat' dir='ltr'><strong>et</strong></span> <span class='ocrx_word' id='word_1_482' title='bbox 1300 3214 1544 3270; x_wconf 87' lang='lat' dir='ltr'><strong>dicentes</strong></span> <span class='ocrx_word' id='word_1_483' title='bbox 1571 3234 1584 3270; x_wconf 90' lang='lat'>:</span> <span class='ocrx_word' id='word_1_484' title='bbox 1615 3215 1728 3270; x_wconf 89' lang='lat' dir='ltr'><strong>Fac</strong></span> <span class='ocrx_word' id='word_1_485' title='bbox 1755 3231 1857 3271; x_wconf 88' lang='lat' dir='ltr'><strong>nos</strong></span> <span class='ocrx_word' id='word_1_486' title='bbox 1891 3215 2046 3270; x_wconf 87' lang='lat' dir='ltr'><strong>Chri-</strong></span> 
     </span>
    </p>
   </div>
   <div class='ocr_carea' id='block_1_62' title="bbox 2151 3188 3722 3286">
    <p class='ocr_par' dir='ltr' id='par_1_62' title="bbox 2153 3188 3722 3286">
     <span class='ocr_line' id='line_1_62' title="bbox 2153 3188 3722 3286; baseline -0.008 -13"><span class='ocrx_word' id='word_1_487' title='bbox 2153 3188 2361 3273; x_wconf 50' lang='lat' dir='ltr'><strong>vésﬂat.</strong></span> <span class='ocrx_word' id='word_1_488' title='bbox 2412 3188 2868 3286; x_wconf 50' lang='grc' dir='ltr'>Λαόόμενοςρῦν</span> <span class='ocrx_word' id='word_1_489' title='bbox 2912 3188 3209 3276; x_wconf 60' lang='grc' dir='ltr'>Λουκιανὸς</span> <span class='ocrx_word' id='word_1_490' title='bbox 3260 3188 3368 3264; x_wconf 78' lang='grc' dir='ltr'>ἀπὸ</span> <span class='ocrx_word' id='word_1_491' title='bbox 3411 3210 3522 3263; x_wconf 88' lang='grc' dir='ltr'><strong>τῶν</strong></span> <span class='ocrx_word' id='word_1_492' title='bbox 3567 3208 3722 3262; x_wconf 84' lang='grc' dir='ltr'>θείων</span> 
     </span>
    </p>
   </div>
   <div class='ocr_carea' id='block_1_63' title="bbox 476 3305 2053 3366">
    <p class='ocr_par' dir='ltr' id='par_1_63' title="bbox 476 3305 2053 3366">
     <span class='ocr_line' id='line_1_63' title="bbox 476 3305 2053 3366; baseline 0.001 -5"><span class='ocrx_word' id='word_1_493' title='bbox 476 3307 705 3366; x_wconf 88' lang='lat' dir='ltr'><strong>stianos.</strong></span> <span class='ocrx_word' id='word_1_494' title='bbox 740 3306 874 3362; x_wconf 82' lang='lat' dir='ltr'><strong>Cum</strong></span> <span class='ocrx_word' id='word_1_495' title='bbox 923 3316 1105 3361; x_wconf 88' lang='lat' dir='ltr'><strong>autem</strong></span> <span class='ocrx_word' id='word_1_496' title='bbox 1156 3305 1434 3362; x_wconf 89' lang='lat' dir='ltr'><strong>Lueianus</strong></span> <span class='ocrx_word' id='word_1_497' title='bbox 1468 3306 1657 3363; x_wconf 85' lang='lat' dir='ltr'><strong>ambos</strong></span> <span class='ocrx_word' id='word_1_498' title='bbox 1706 3307 1872 3362; x_wconf 90' lang='lat' dir='ltr'><strong>simul</strong></span> <span class='ocrx_word' id='word_1_499' title='bbox 1900 3322 2053 3363; x_wconf 88' lang='lat' dir='ltr'><strong>acce-</strong></span> 
     </span>
    </p>
   </div>
   <div class='ocr_carea' id='block_1_64' title="bbox 487 3384 2053 3468">
    <p class='ocr_par' dir='ltr' id='par_1_64' title="bbox 487 3384 2053 3468">
     <span class='ocr_line' id='line_1_64' title="bbox 487 3384 2053 3468; baseline 0.004 -19"><span class='ocrx_word' id='word_1_500' title='bbox 487 3398 677 3461; x_wconf 82' lang='lat' dir='ltr'><strong>pisset,</strong></span> <span class='ocrx_word' id='word_1_501' title='bbox 709 3396 807 3451; x_wconf 87' lang='lat' dir='ltr'><strong>ivit</strong></span> <span class='ocrx_word' id='word_1_502' title='bbox 837 3411 946 3452; x_wconf 90' lang='lat' dir='ltr'><strong>una</strong></span> <span class='ocrx_word' id='word_1_503' title='bbox 984 3413 1108 3452; x_wconf 91' lang='lat' dir='ltr'><strong>cum</strong></span> <span class='ocrx_word' id='word_1_504' title='bbox 1139 3399 1271 3468; x_wconf 87' lang='lat' dir='ltr'><strong>ipsis</strong></span> <span class='ocrx_word' id='word_1_505' title='bbox 1300 3384 1357 3452; x_wconf 85' lang='lat' dir='ltr'><strong>in</strong></span> <span class='ocrx_word' id='word_1_506' title='bbox 1386 3398 1692 3454; x_wconf 87' lang='lat' dir='ltr'><strong>ecclesiam.</strong></span> <span class='ocrx_word' id='word_1_507' title='bbox 1723 3399 1788 3454; x_wconf 83' lang='lat' dir='ltr'><strong>Et</strong></span> <span class='ocrx_word' id='word_1_508' title='bbox 1813 3415 1937 3455; x_wconf 92' lang='lat' dir='ltr'><strong>cum</strong></span> <span class='ocrx_word' id='word_1_509' title='bbox 1967 3400 2053 3454; x_wconf 82' lang='lat' dir='ltr'><strong>in-</strong></span> 
     </span>
    </p>
   </div>
   <div class='ocr_carea' id='block_1_65' title="bbox 477 3488 2055 3559">
    <p class='ocr_par' dir='ltr' id='par_1_65' title="bbox 477 3488 2055 3559">
     <span class='ocr_line' id='line_1_65' title="bbox 477 3488 2055 3559; baseline 0.004 -19"><span class='ocrx_word' id='word_1_510' title='bbox 477 3488 791 3557; x_wconf 78' lang='lat' dir='ltr'><strong>grederetur</strong></span> <span class='ocrx_word' id='word_1_511' title='bbox 810 3491 1117 3558; x_wconf 88' lang='lat' dir='ltr'><strong>episcopus,</strong></span> <span class='ocrx_word' id='word_1_512' title='bbox 1146 3489 1461 3545; x_wconf 87' lang='lat' dir='ltr'><strong>ceciderunt</strong></span> <span class='ocrx_word' id='word_1_513' title='bbox 1492 3489 1648 3559; x_wconf 90' lang='lat' dir='ltr'><strong>proni</strong></span> <span class='ocrx_word' id='word_1_514' title='bbox 1675 3490 1729 3544; x_wconf 91' lang='lat' dir='ltr'><strong>in</strong></span> <span class='ocrx_word' id='word_1_515' title='bbox 1771 3490 1964 3545; x_wconf 84' lang='lat' dir='ltr'><strong>faciem</strong></span> <span class='ocrx_word' id='word_1_516' title='bbox 2000 3500 2055 3546; x_wconf 79' lang='lat' dir='ltr'><strong>et</strong></span> 
     </span>
    </p>
   </div>
   <div class='ocr_carea' id='block_1_66' title="bbox 479 3579 2055 3653">
    <p class='ocr_par' dir='ltr' id='par_1_66' title="bbox 479 3579 2055 3653">
     <span class='ocr_line' id='line_1_66' title="bbox 479 3579 2055 3653; baseline 0.003 -22"><span class='ocrx_word' id='word_1_517' title='bbox 479 3592 812 3647; x_wconf 79' lang='lat' dir='ltr'><strong>rogaverunt</strong></span> <span class='ocrx_word' id='word_1_518' title='bbox 835 3579 1192 3645; x_wconf 80' lang='lat' dir='ltr'><strong>confidenter,</strong></span> <span class='ocrx_word' id='word_1_519' title='bbox 1216 3589 1275 3635; x_wconf 91' lang='lat' dir='ltr'><strong>ut</strong></span> <span class='ocrx_word' id='word_1_520' title='bbox 1301 3580 1403 3649; x_wconf 89' lang='lat' dir='ltr'><strong>ipsi</strong></span> <span class='ocrx_word' id='word_1_521' title='bbox 1440 3580 1903 3636; x_wconf 89' lang='lat' dir='ltr'><strong>illuminarentur.</strong></span> <span class='ocrx_word' id='word_1_522' title='bbox 1925 3580 2055 3653; x_wconf 87' lang='lat' dir='ltr'><strong>[Qui</strong></span> 
     </span>
    </p>
   </div>
   <div class='ocr_carea' id='block_1_67' title="bbox 473 3668 2055 3741">
    <p class='ocr_par' dir='ltr' id='par_1_67' title="bbox 473 3668 2055 3741">
     <span class='ocr_line' id='line_1_67' title="bbox 473 3668 2055 3741; baseline 0.001 -19"><span class='ocrx_word' id='word_1_523' title='bbox 473 3670 640 3739; x_wconf 84' lang='lat' dir='ltr'><strong>jussit</strong></span> <span class='ocrx_word' id='word_1_524' title='bbox 682 3668 832 3738; x_wconf 88' lang='lat' dir='ltr'><strong>ipsos</strong></span> <span class='ocrx_word' id='word_1_525' title='bbox 879 3668 1148 3740; x_wconf 61' lang='lat' dir='ltr'><strong>surgere]</strong></span> <span class='ocrx_word' id='word_1_526' title='bbox 1182 3668 1526 3741; x_wconf 83' lang='lat' dir='ltr'><strong>lngrediente</strong></span> <span class='ocrx_word' id='word_1_527' title='bbox 1554 3684 1683 3724; x_wconf 87' lang='lat' dir='ltr'><strong>vero</strong></span> <span class='ocrx_word' id='word_1_528' title='bbox 1713 3670 1971 3740; x_wconf 87' lang='lat' dir='ltr'><strong>episcopo</strong></span> <span class='ocrx_word' id='word_1_529' title='bbox 1999 3670 2055 3724; x_wconf 91' lang='lat' dir='ltr'><strong>in</strong></span> 
     </span>
    </p>
   </div>
   <div class='ocr_carea' id='block_1_68' title="bbox 480 3761 2051 3833">
    <p class='ocr_par' dir='ltr' id='par_1_68' title="bbox 480 3761 2051 3833">
     <span class='ocr_line' id='line_1_68' title="bbox 480 3761 2051 3833; baseline 0.002 -18"><span class='ocrx_word' id='word_1_530' title='bbox 480 3761 792 3825; x_wconf 81' lang='lat' dir='ltr'><strong>ceclcsiam,</strong></span> <span class='ocrx_word' id='word_1_531' title='bbox 823 3763 1176 3817; x_wconf 86' lang='lat' dir='ltr'><strong>ambulabant</strong></span> <span class='ocrx_word' id='word_1_532' title='bbox 1199 3763 1303 3833; x_wconf 86' lang='lat' dir='ltr'><strong>ipsi</strong></span> <span class='ocrx_word' id='word_1_533' title='bbox 1333 3777 1555 3832; x_wconf 87' lang='lat' dir='ltr'><strong>quoque</strong></span> <span class='ocrx_word' id='word_1_534' title='bbox 1583 3773 1701 3833; x_wconf 88' lang='lat' dir='ltr'><strong>post</strong></span> <span class='ocrx_word' id='word_1_535' title='bbox 1729 3761 2051 3832; x_wconf 88' lang='lat' dir='ltr'><strong>Lucianum,</strong></span> 
     </span>
    </p>
   </div>
   <div class='ocr_carea' id='block_1_69' title="bbox 486 3848 1428 3920">
    <p class='ocr_par' dir='ltr' id='par_1_69' title="bbox 486 3848 1428 3920">
     <span class='ocr_line' id='line_1_69' title="bbox 486 3848 1428 3920; baseline 0 -17"><span class='ocrx_word' id='word_1_536' title='bbox 486 3860 546 3905; x_wconf 92' lang='lat' dir='ltr'><strong>ut</strong></span> <span class='ocrx_word' id='word_1_537' title='bbox 574 3851 830 3906; x_wconf 86' lang='lat' dir='ltr'><strong>audirent</strong></span> <span class='ocrx_word' id='word_1_538' title='bbox 850 3852 1065 3906; x_wconf 87' lang='lat' dir='ltr'><strong>divinas</strong></span> <span class='ocrx_word' id='word_1_539' title='bbox 1094 3848 1428 3920; x_wconf 88' lang='lat' dir='ltr'><strong>Scripturas.</strong></span> 
     </span>
    </p>
   </div>
   <div class='ocr_carea' id='block_1_70' title="bbox 556 4111 2055 4187">
    <p class='ocr_par' dir='ltr' id='par_1_70' title="bbox 556 4111 2055 4187">
     <span class='ocr_line' id='line_1_70' title="bbox 556 4111 2055 4187; baseline 0.005 -22"><span class='ocrx_word' id='word_1_540' title='bbox 556 4111 691 4168; x_wconf 79' lang='lat' dir='ltr'><strong>Vlll.</strong></span> <span class='ocrx_word' id='word_1_541' title='bbox 730 4111 867 4166; x_wconf 89' lang='lat' dir='ltr'><strong>Cum</strong></span> <span class='ocrx_word' id='word_1_542' title='bbox 934 4122 1113 4168; x_wconf 91' lang='lat' dir='ltr'><strong>autem</strong></span> <span class='ocrx_word' id='word_1_543' title='bbox 1179 4114 1669 4185; x_wconf 83' lang='lat' dir='ltr'><strong>appropinquasset</strong></span> <span class='ocrx_word' id='word_1_544' title='bbox 1719 4115 2055 4187; x_wconf 86' lang='lat' dir='ltr'><strong>Epiphanius</strong></span> 
     </span>
    </p>
   </div>
   <div class='ocr_carea' id='block_1_71' title="bbox 483 4203 2052 4278">
    <p class='ocr_par' dir='ltr' id='par_1_71' title="bbox 483 4203 2052 4278">
     <span class='ocr_line' id='line_1_71' title="bbox 483 4203 2052 4278; baseline 0.003 -20"><span class='ocrx_word' id='word_1_545' title='bbox 483 4203 676 4274; x_wconf 90' lang='lat' dir='ltr'><strong>portis,</strong></span> <span class='ocrx_word' id='word_1_546' title='bbox 703 4220 825 4274; x_wconf 67' lang='lat' dir='ltr'><strong>quas</strong></span> <span class='ocrx_word' id='word_1_547' title='bbox 853 4213 980 4260; x_wconf 90' lang='lat' dir='ltr'><strong>sunt</strong></span> <span class='ocrx_word' id='word_1_548' title='bbox 1008 4212 1161 4260; x_wconf 88' lang='lat' dir='ltr'><strong>extra</strong></span> <span class='ocrx_word' id='word_1_549' title='bbox 1185 4206 1496 4273; x_wconf 88' lang='lat' dir='ltr'><strong>eeclesiant,</strong></span> <span class='ocrx_word' id='word_1_550' title='bbox 1530 4206 1621 4262; x_wconf 91' lang='lat' dir='ltr'><strong>ubi</strong></span> <span class='ocrx_word' id='word_1_551' title='bbox 1656 4207 1789 4264; x_wconf 67' lang='lat' dir='ltr'><strong>mdis</strong></span> <span class='ocrx_word' id='word_1_552' title='bbox 1815 4208 2052 4278; x_wconf 86' lang='lat' dir='ltr'><strong>primum</strong></span> 
     </span>
    </p>
   </div>
   <div class='ocr_carea' id='block_1_72' title="bbox 483 4296 2052 4370">
    <p class='ocr_par' dir='ltr' id='par_1_72' title="bbox 483 4296 2052 4370">
     <span class='ocr_line' id='line_1_72' title="bbox 483 4296 2052 4370; baseline 0.004 -21"><span class='ocrx_word' id='word_1_553' title='bbox 483 4297 710 4367; x_wconf 79' lang='lat' dir='ltr'><strong>gradum</strong></span> <span class='ocrx_word' id='word_1_554' title='bbox 743 4296 1012 4369; x_wconf 80' lang='lat' dir='ltr'><strong>ascendit,</strong></span> <span class='ocrx_word' id='word_1_555' title='bbox 1042 4297 1241 4352; x_wconf 88' lang='lat' dir='ltr'><strong>cecidit</strong></span> <span class='ocrx_word' id='word_1_556' title='bbox 1289 4298 1339 4351; x_wconf 89' lang='lat' dir='ltr'><strong>ei</strong></span> <span class='ocrx_word' id='word_1_557' title='bbox 1387 4298 1604 4355; x_wconf 87' lang='lat' dir='ltr'><strong>calceus</strong></span> <span class='ocrx_word' id='word_1_558' title='bbox 1635 4298 1844 4356; x_wconf 90' lang='lat' dir='ltr'><strong>sinistri</strong></span> <span class='ocrx_word' id='word_1_559' title='bbox 1877 4301 2052 4370; x_wconf 87' lang='lat' dir='ltr'><strong>pedis.</strong></span> 
     </span>
    </p>
   </div>
   <div class='ocr_carea' id='block_1_73' title="bbox 482 4384 2052 4457">
    <p class='ocr_par' dir='ltr' id='par_1_73' title="bbox 482 4384 2052 4457">
     <span class='ocr_line' id='line_1_73' title="bbox 482 4384 2052 4457; baseline 0.003 -18"><span class='ocrx_word' id='word_1_560' title='bbox 482 4385 589 4451; x_wconf 85' lang='lat' dir='ltr'><strong>Qui</strong></span> <span class='ocrx_word' id='word_1_561' title='bbox 635 4399 759 4439; x_wconf 88' lang='lat' dir='ltr'><strong>cum</strong></span> <span class='ocrx_word' id='word_1_562' title='bbox 810 4384 1034 4440; x_wconf 89' lang='lat' dir='ltr'><strong>sinistro</strong></span> <span class='ocrx_word' id='word_1_563' title='bbox 1066 4384 1393 4457; x_wconf 78' lang='lat' dir='ltr'><strong>institisset,</strong></span> <span class='ocrx_word' id='word_1_564' title='bbox 1426 4394 1489 4440; x_wconf 90' lang='lat' dir='ltr'><strong>ut</strong></span> <span class='ocrx_word' id='word_1_565' title='bbox 1528 4386 1717 4457; x_wconf 84' lang='lat' dir='ltr'><strong>ﬁgeret</strong></span> <span class='ocrx_word' id='word_1_566' title='bbox 1745 4389 2052 4457; x_wconf 86' lang='lat' dir='ltr'><strong>dexterum,</strong></span> 
     </span>
    </p>
   </div>
   <div class='ocr_carea' id='block_1_74' title="bbox 481 4474 2052 4545">
    <p class='ocr_par' dir='ltr' id='par_1_74' title="bbox 481 4474 2052 4545">
     <span class='ocr_line' id='line_1_74' title="bbox 481 4474 2052 4545; baseline 0.001 -13"><span class='ocrx_word' id='word_1_567' title='bbox 481 4475 677 4532; x_wconf 68' lang='lat' dir='ltr'><strong>cecidit</strong></span> <span class='ocrx_word' id='word_1_568' title='bbox 705 4489 925 4545; x_wconf 89' lang='lat' dir='ltr'><strong>quoque</strong></span> <span class='ocrx_word' id='word_1_569' title='bbox 951 4474 1141 4530; x_wconf 83' lang='lat' dir='ltr'><strong>dexter</strong></span> <span class='ocrx_word' id='word_1_570' title='bbox 1167 4475 1416 4543; x_wconf 87' lang='lat' dir='ltr'><strong>calceus;</strong></span> <span class='ocrx_word' id='word_1_571' title='bbox 1454 4486 1509 4531; x_wconf 92' lang='lat' dir='ltr'><strong>et</strong></span> <span class='ocrx_word' id='word_1_572' title='bbox 1548 4478 1754 4532; x_wconf 87' lang='lat' dir='ltr'><strong>inventi</strong></span> <span class='ocrx_word' id='word_1_573' title='bbox 1784 4489 1911 4534; x_wconf 92' lang='lat' dir='ltr'><strong>sunt</strong></span> <span class='ocrx_word' id='word_1_574' title='bbox 1936 4496 2052 4534; x_wconf 88' lang='lat' dir='ltr'><strong>am-</strong></span> 
     </span>
    </p>
   </div>
   <div class='ocr_carea' id='block_1_75' title="bbox 481 4565 2053 4636">
    <p class='ocr_par' dir='ltr' id='par_1_75' title="bbox 481 4565 2053 4636">
     <span class='ocr_line' id='line_1_75' title="bbox 481 4565 2053 4636; baseline 0.003 -14"><span class='ocrx_word' id='word_1_575' title='bbox 481 4567 554 4622; x_wconf 86' lang='lat' dir='ltr'><strong>bo</strong></span> <span class='ocrx_word' id='word_1_576' title='bbox 599 4575 752 4622; x_wconf 85' lang='lat' dir='ltr'><strong>extra</strong></span> <span class='ocrx_word' id='word_1_577' title='bbox 796 4565 998 4636; x_wconf 85' lang='lat' dir='ltr'><strong>gradus</strong></span> <span class='ocrx_word' id='word_1_578' title='bbox 1043 4566 1321 4632; x_wconf 66' lang='lat' dir='ltr'><strong>ecclesiae;</strong></span> <span class='ocrx_word' id='word_1_579' title='bbox 1353 4576 1407 4621; x_wconf 90' lang='lat' dir='ltr'><strong>et</strong></span> <span class='ocrx_word' id='word_1_580' title='bbox 1438 4582 1503 4622; x_wconf 88' lang='lat' dir='ltr'><strong>ea</strong></span> <span class='ocrx_word' id='word_1_581' title='bbox 1530 4569 1597 4624; x_wconf 92' lang='lat' dir='ltr'><strong>de</strong></span> <span class='ocrx_word' id='word_1_582' title='bbox 1624 4584 1790 4625; x_wconf 90' lang='lat' dir='ltr'><strong>causa</strong></span> <span class='ocrx_word' id='word_1_583' title='bbox 1823 4571 2053 4627; x_wconf 90' lang='lat' dir='ltr'><strong>miratus</strong></span> 
     </span>
    </p>
   </div>
   <div class='ocr_carea' id='block_1_76' title="bbox 481 4655 2055 4732">
    <p class='ocr_par' dir='ltr' id='par_1_76' title="bbox 481 4655 2055 4732">
     <span class='ocr_line' id='line_1_76' title="bbox 481 4655 2055 4732; baseline 0.003 -19"><span class='ocrx_word' id='word_1_584' title='bbox 481 4667 568 4714; x_wconf 90' lang='lat' dir='ltr'><strong>est</strong></span> <span class='ocrx_word' id='word_1_585' title='bbox 606 4658 902 4714; x_wconf 88' lang='lat' dir='ltr'><strong>Lucianus.</strong></span> <span class='ocrx_word' id='word_1_586' title='bbox 933 4655 1053 4711; x_wconf 88' lang='lat' dir='ltr'><strong>Non</strong></span> <span class='ocrx_word' id='word_1_587' title='bbox 1100 4658 1331 4728; x_wconf 84' lang='lat' dir='ltr'><strong>amplius</strong></span> <span class='ocrx_word' id='word_1_588' title='bbox 1377 4659 1565 4730; x_wconf 88' lang='lat' dir='ltr'><strong>itaque</strong></span> <span class='ocrx_word' id='word_1_589' title='bbox 1611 4662 1892 4732; x_wconf 91' lang='lat' dir='ltr'><strong>proposuit</strong></span> <span class='ocrx_word' id='word_1_590' title='bbox 1925 4663 2055 4732; x_wconf 88' lang='lat' dir='ltr'><strong>Epi-</strong></span> 
     </span>
    </p>
   </div>
   <div class='ocr_carea' id='block_1_77' title="bbox 481 4750 2054 4824">
    <p class='ocr_par' dir='ltr' id='par_1_77' title="bbox 481 4750 2054 4824">
     <span class='ocr_line' id='line_1_77' title="bbox 481 4750 2054 4824; baseline 0.004 -20"><span class='ocrx_word' id='word_1_591' title='bbox 481 4752 718 4822; x_wconf 87' lang='lat' dir='ltr'><strong>phanius</strong></span> <span class='ocrx_word' id='word_1_592' title='bbox 743 4751 1146 4821; x_wconf 88' lang='lat' dir='ltr'><strong>apprehendere</strong></span> <span class='ocrx_word' id='word_1_593' title='bbox 1174 4750 1406 4819; x_wconf 87' lang='lat' dir='ltr'><strong>calceos,</strong></span> <span class='ocrx_word' id='word_1_594' title='bbox 1449 4753 1543 4823; x_wconf 91' lang='lat' dir='ltr'><strong>qui</strong></span> <span class='ocrx_word' id='word_1_595' title='bbox 1569 4755 1620 4809; x_wconf 88' lang='lat' dir='ltr'><strong>ei</strong></span> <span class='ocrx_word' id='word_1_596' title='bbox 1646 4769 1677 4809; x_wconf 89' lang='lat' dir='ltr'><strong>e</strong></span> <span class='ocrx_word' id='word_1_597' title='bbox 1707 4754 1935 4824; x_wconf 91' lang='lat' dir='ltr'><strong>pedibus</strong></span> <span class='ocrx_word' id='word_1_598' title='bbox 1964 4771 2054 4810; x_wconf 83' lang='lat' dir='ltr'><strong>ce-</strong></span> 
     </span>
    </p>
   </div>
   <div class='ocr_carea' id='block_1_78' title="bbox 482 4842 2059 4912">
    <p class='ocr_par' dir='ltr' id='par_1_78' title="bbox 482 4842 2059 4912">
     <span class='ocr_line' id='line_1_78' title="bbox 482 4842 2059 4912; baseline 0.003 -14"><span class='ocrx_word' id='word_1_599' title='bbox 482 4845 748 4907; x_wconf 87' lang='lat' dir='ltr'><strong>ciderant,</strong></span> <span class='ocrx_word' id='word_1_600' title='bbox 776 4844 870 4898; x_wconf 88' lang='lat' dir='ltr'><strong>sed</strong></span> <span class='ocrx_word' id='word_1_601' title='bbox 901 4857 1077 4912; x_wconf 92' lang='lat' dir='ltr'><strong>neque</strong></span> <span class='ocrx_word' id='word_1_602' title='bbox 1108 4842 1250 4899; x_wconf 89' lang='lat' dir='ltr'><strong>ullos</strong></span> <span class='ocrx_word' id='word_1_603' title='bbox 1276 4844 1414 4899; x_wconf 90' lang='lat' dir='ltr'><strong>alios</strong></span> <span class='ocrx_word' id='word_1_604' title='bbox 1442 4844 1654 4901; x_wconf 88' lang='lat' dir='ltr'><strong>calceos</strong></span> <span class='ocrx_word' id='word_1_605' title='bbox 1692 4847 1954 4902; x_wconf 86' lang='lat' dir='ltr'><strong>sustinuit</strong></span> <span class='ocrx_word' id='word_1_606' title='bbox 1975 4848 2059 4902; x_wconf 94' lang='lat' dir='ltr'><strong>in-</strong></span> 
     </span>
    </p>
   </div>
   <div class='ocr_carea' id='block_1_79' title="bbox 481 4933 2060 5007">
    <p class='ocr_par' dir='ltr' id='par_1_79' title="bbox 481 4933 2060 5007">
     <span class='ocr_line' id='line_1_79' title="bbox 481 4933 2060 5007; baseline 0.002 -18"><span class='ocrx_word' id='word_1_607' title='bbox 481 4935 649 4990; x_wconf 90' lang='lat' dir='ltr'><strong>duere</strong></span> <span class='ocrx_word' id='word_1_608' title='bbox 699 4935 814 4990; x_wconf 89' lang='lat' dir='ltr'><strong>suis</strong></span> <span class='ocrx_word' id='word_1_609' title='bbox 860 4933 1091 5004; x_wconf 88' lang='lat' dir='ltr'><strong>pedibus</strong></span> <span class='ocrx_word' id='word_1_610' title='bbox 1139 4942 1252 4989; x_wconf 90' lang='lat' dir='ltr'><strong>toto</strong></span> <span class='ocrx_word' id='word_1_611' title='bbox 1298 4934 1422 4988; x_wconf 63' lang='lat' dir='ltr'><strong>vitae</strong></span> <span class='ocrx_word' id='word_1_612' title='bbox 1469 4942 1732 5005; x_wconf 88' lang='lat' dir='ltr'><strong>tempore.</strong></span> <span class='ocrx_word' id='word_1_613' title='bbox 1759 4934 1896 4991; x_wconf 91' lang='lat' dir='ltr'><strong>Cum</strong></span> <span class='ocrx_word' id='word_1_614' title='bbox 1932 4952 2060 5007; x_wconf 82' lang='lat' dir='ltr'><strong>ergo</strong></span> 
     </span>
    </p>
   </div>
   <div class='ocr_carea' id='block_1_80' title="bbox 483 5024 2061 5097">
    <p class='ocr_par' dir='ltr' id='par_1_80' title="bbox 483 5024 2061 5097">
     <span class='ocr_line' id='line_1_80' title="bbox 483 5024 2061 5097; baseline 0.002 -17"><span class='ocrx_word' id='word_1_615' title='bbox 483 5033 711 5089; x_wconf 87' lang='lat' dir='ltr'><strong>starent,</strong></span> <span class='ocrx_word' id='word_1_616' title='bbox 764 5033 819 5080; x_wconf 88' lang='lat' dir='ltr'><strong>et</strong></span> <span class='ocrx_word' id='word_1_617' title='bbox 875 5024 1088 5080; x_wconf 85' lang='lat' dir='ltr'><strong>divinas</strong></span> <span class='ocrx_word' id='word_1_618' title='bbox 1137 5026 1390 5081; x_wconf 85' lang='lat' dir='ltr'><strong>audirent</strong></span> <span class='ocrx_word' id='word_1_619' title='bbox 1439 5025 1771 5097; x_wconf 82' lang='lat' dir='ltr'><strong>Scripturas.</strong></span> <span class='ocrx_word' id='word_1_620' title='bbox 1826 5029 2061 5083; x_wconf 85' lang='lat' dir='ltr'><strong>advertit</strong></span> 
     </span>
    </p>
   </div>
   <div class='ocr_carea' id='block_1_81' title="bbox 481 5116 2061 5191">
    <p class='ocr_par' dir='ltr' id='par_1_81' title="bbox 481 5116 2061 5191">
     <span class='ocr_line' id='line_1_81' title="bbox 481 5116 2061 5191; baseline 0.003 -20"><span class='ocrx_word' id='word_1_621' title='bbox 481 5118 788 5187; x_wconf 86' lang='lat' dir='ltr'><strong>episcopus,</strong></span> <span class='ocrx_word' id='word_1_622' title='bbox 816 5117 890 5173; x_wconf 87' lang='lat' dir='ltr'><strong>ita</strong></span> <span class='ocrx_word' id='word_1_623' title='bbox 944 5127 1002 5172; x_wconf 93' lang='lat' dir='ltr'><strong>ut</strong></span> <span class='ocrx_word' id='word_1_624' title='bbox 1052 5116 1108 5171; x_wconf 88' lang='lat' dir='ltr'><strong>in</strong></span> <span class='ocrx_word' id='word_1_625' title='bbox 1160 5117 1358 5173; x_wconf 87' lang='lat' dir='ltr'><strong>throno</strong></span> <span class='ocrx_word' id='word_1_626' title='bbox 1415 5120 1656 5187; x_wconf 81' lang='lat' dir='ltr'><strong>sedebat,</strong></span> <span class='ocrx_word' id='word_1_627' title='bbox 1691 5120 2061 5191; x_wconf 79' lang='lat' dir='ltr'><strong>gloriﬁcatum</strong></span> 
     </span>
    </p>
   </div>
   <div class='ocr_carea' id='block_1_82' title="bbox 482 5208 2064 5282">
    <p class='ocr_par' dir='ltr' id='par_1_82' title="bbox 482 5208 2064 5282">
     <span class='ocr_line' id='line_1_82' title="bbox 482 5208 2064 5282; baseline 0.003 -19"><span class='ocrx_word' id='word_1_628' title='bbox 482 5224 607 5263; x_wconf 89' lang='lat' dir='ltr'><strong>esse</strong></span> <span class='ocrx_word' id='word_1_629' title='bbox 649 5209 855 5264; x_wconf 90' lang='lat' dir='ltr'><strong>vultum</strong></span> <span class='ocrx_word' id='word_1_630' title='bbox 906 5208 1218 5279; x_wconf 90' lang='lat' dir='ltr'><strong>Epiphanii,</strong></span> <span class='ocrx_word' id='word_1_631' title='bbox 1250 5218 1305 5264; x_wconf 79' lang='lat' dir='ltr'><strong>et.</strong></span> <span class='ocrx_word' id='word_1_632' title='bbox 1339 5226 1609 5265; x_wconf 81' lang='lat' dir='ltr'><strong>coronam</strong></span> <span class='ocrx_word' id='word_1_633' title='bbox 1634 5227 1756 5267; x_wconf 87' lang='lat' dir='ltr'><strong>esse</strong></span> <span class='ocrx_word' id='word_1_634' title='bbox 1802 5212 1922 5282; x_wconf 81' lang='lat' dir='ltr'><strong>ejus</strong></span> <span class='ocrx_word' id='word_1_635' title='bbox 1972 5229 2064 5268; x_wconf 83' lang='lat' dir='ltr'><strong>ca-</strong></span> 
     </span>
    </p>
   </div>
   <div class='ocr_carea' id='block_1_83' title="bbox 485 5299 2061 5385">
    <p class='ocr_par' dir='ltr' id='par_1_83' title="bbox 485 5299 2061 5385">
     <span class='ocr_line' id='line_1_83' title="bbox 485 5299 2061 5385; baseline 0.004 -34"><span class='ocrx_word' id='word_1_636' title='bbox 485 5300 584 5385; x_wconf 80' lang='lat' dir='ltr'><strong>piti</strong></span> <span class='ocrx_word' id='word_1_637' title='bbox 623 5299 956 5366; x_wconf 89' lang='lat' dir='ltr'><strong>impositam.</strong></span> <span class='ocrx_word' id='word_1_638' title='bbox 980 5301 1113 5358; x_wconf 90' lang='lat' dir='ltr'><strong>Post</strong></span> <span class='ocrx_word' id='word_1_639' title='bbox 1140 5303 1455 5359; x_wconf 88' lang='lat' dir='ltr'><strong>absolutum</strong></span> <span class='ocrx_word' id='word_1_640' title='bbox 1491 5302 1673 5373; x_wconf 90' lang='lat' dir='ltr'><strong>itaque</strong></span> <span class='ocrx_word' id='word_1_641' title='bbox 1689 5303 2061 5375; x_wconf 82' lang='lat' dir='ltr'><strong>Evangelium,</strong></span> 
     </span>
    </p>
   </div>
   <div class='ocr_carea' id='block_1_84' title="bbox 2153 3299 3721 3378">
    <p class='ocr_par' dir='ltr' id='par_1_84' title="bbox 2153 3299 3721 3378">
     <span class='ocr_line' id='line_1_84' title="bbox 2153 3299 3721 3378; baseline -0.008 -17"><span class='ocrx_word' id='word_1_642' title='bbox 2153 3305 2407 3378; x_wconf 84' lang='grc' dir='ltr'>Γραφῶν,</span> <span class='ocrx_word' id='word_1_643' title='bbox 2452 3306 2762 3376; x_wconf 86' lang='grc' dir='ltr'>κατήχησεν</span> <span class='ocrx_word' id='word_1_644' title='bbox 2802 3302 3001 3366; x_wconf 77' lang='grc' dir='ltr'>αὐτοὺς</span> <span class='ocrx_word' id='word_1_645' title='bbox 3036 3301 3263 3364; x_wconf 87' lang='grc' dir='ltr'>ίκανῶς.·</span> <span class='ocrx_word' id='word_1_646' title='bbox 3286 3301 3395 3354; x_wconf 72' lang='grc' dir='ltr'>Καὶ</span> <span class='ocrx_word' id='word_1_647' title='bbox 3450 3299 3602 3353; x_wconf 77' lang='grc' dir='ltr'>αὐτοὶ</span> <span class='ocrx_word' id='word_1_648' title='bbox 3626 3300 3721 3350; x_wconf 81' lang='grc' dir='ltr'>ἐπ-</span> 
     </span>
    </p>
   </div>
   <div class='ocr_carea' id='block_1_85' title="bbox 2165 3391 3722 3469">
    <p class='ocr_par' dir='ltr' id='par_1_85' title="bbox 2165 3391 3722 3469">
     <span class='ocr_line' id='line_1_85' title="bbox 2165 3391 3722 3469; baseline -0.006 -18"><span class='ocrx_word' id='word_1_649' title='bbox 2165 3398 2356 3469; x_wconf 81' lang='grc' dir='ltr'>έμενον</span> <span class='ocrx_word' id='word_1_650' title='bbox 2380 3398 2446 3467; x_wconf 76' lang='grc' dir='ltr'><strong>τῇ</strong></span> <span class='ocrx_word' id='word_1_651' title='bbox 2468 3395 2833 3466; x_wconf 87' lang='grc' dir='ltr'>παρακλήσει,</span> <span class='ocrx_word' id='word_1_652' title='bbox 2852 3393 3099 3461; x_wconf 84' lang='grc' dir='ltr'>λέγοντες</span> <span class='ocrx_word' id='word_1_653' title='bbox 3121 3409 3135 3424; x_wconf 90' lang='grc'><strong>·</strong></span> <span class='ocrx_word' id='word_1_654' title='bbox 3156 3392 3385 3462; x_wconf 88' lang='grc' dir='ltr'>Ποίησον</span> <span class='ocrx_word' id='word_1_655' title='bbox 3413 3391 3560 3461; x_wconf 80' lang='grc' dir='ltr'>ἡμᾶς</span> <span class='ocrx_word' id='word_1_656' title='bbox 3593 3391 3722 3459; x_wconf 79' lang='grc' dir='ltr'>Χρι-</span> 
     </span>
    </p>
   </div>
   <div class='ocr_carea' id='block_1_86' title="bbox 2155 3478 3723 3555">
    <p class='ocr_par' dir='ltr' id='par_1_86' title="bbox 2155 3478 3723 3555">
     <span class='ocr_line' id='line_1_86' title="bbox 2155 3478 3723 3555; baseline -0.005 -14"><span class='ocrx_word' id='word_1_657' title='bbox 2155 3488 2404 3552; x_wconf 75' lang='grc' dir='ltr'>στιανοὺς</span> <span class='ocrx_word' id='word_1_658' title='bbox 2456 3485 2728 3555; x_wconf 84' lang='grc' dir='ltr'>γενέσθαι.</span> <span class='ocrx_word' id='word_1_659' title='bbox 2760 3482 3105 3555; x_wconf 79' lang='grc' dir='ltr'>Παραλαϐὼν</span> <span class='ocrx_word' id='word_1_660' title='bbox 3131 3478 3226 3536; x_wconf 76' lang='grc' dir='ltr'><strong>οὖν</strong></span> <span class='ocrx_word' id='word_1_661' title='bbox 3264 3481 3559 3545; x_wconf 83' lang='grc' dir='ltr'>Λουκιανὸς</span> <span class='ocrx_word' id='word_1_662' title='bbox 3601 3482 3723 3544; x_wconf 80' lang='grc' dir='ltr'>τοὺς</span> 
     </span>
    </p>
   </div>
   <div class='ocr_carea' id='block_1_87' title="bbox 2153 3570 3726 3649">
    <p class='ocr_par' dir='ltr' id='par_1_87' title="bbox 2153 3570 3726 3649">
     <span class='ocr_line' id='line_1_87' title="bbox 2153 3570 3726 3649; baseline -0.007 -15"><span class='ocrx_word' id='word_1_663' title='bbox 2153 3580 2248 3634; x_wconf 77' lang='grc' dir='ltr'><strong>δύο</strong></span> <span class='ocrx_word' id='word_1_664' title='bbox 2282 3580 2419 3649; x_wconf 77' lang='grc' dir='ltr'>ἃμα,</span> <span class='ocrx_word' id='word_1_665' title='bbox 2448 3579 2541 3631; x_wconf 76' lang='grc' dir='ltr'><strong>ἐπὶ</strong></span> <span class='ocrx_word' id='word_1_666' title='bbox 2566 3578 2628 3630; x_wconf 78' lang='grc' dir='ltr'><strong>τὸ</strong></span> <span class='ocrx_word' id='word_1_667' title='bbox 2656 3576 2789 3632; x_wconf 73' lang='grc' dir='ltr'>αὐτὸ</span> <span class='ocrx_word' id='word_1_668' title='bbox 2814 3574 3085 3646; x_wconf 74' lang='grc' dir='ltr'>ἐπορεύθη</span> <span class='ocrx_word' id='word_1_669' title='bbox 3118 3576 3175 3628; x_wconf 91' lang='grc' dir='ltr'><strong>ἐν</strong></span> <span class='ocrx_word' id='word_1_670' title='bbox 3203 3577 3271 3646; x_wconf 87' lang='grc' dir='ltr'>τῇ</span> <span class='ocrx_word' id='word_1_671' title='bbox 3300 3573 3586 3644; x_wconf 78' lang='grc' dir='ltr'>ἐκκλησίᾳ.</span> <span class='ocrx_word' id='word_1_672' title='bbox 3618 3570 3726 3625; x_wconf 74' lang='grc' dir='ltr'><strong>Καὶ</strong></span> 
     </span>
    </p>
   </div>
   <div class='ocr_carea' id='block_1_88' title="bbox 2163 3664 3725 3742">
    <p class='ocr_par' dir='ltr' id='par_1_88' title="bbox 2163 3664 3725 3742">
     <span class='ocr_line' id='line_1_88' title="bbox 2163 3664 3725 3742; baseline -0.007 -16"><span class='ocrx_word' id='word_1_673' title='bbox 2163 3673 2222 3726; x_wconf 82' lang='grc' dir='ltr'><strong>ἐν</strong></span> <span class='ocrx_word' id='word_1_674' title='bbox 2251 3670 2331 3742; x_wconf 82' lang='grc' dir='ltr'>τῷ</span> <span class='ocrx_word' id='word_1_675' title='bbox 2347 3668 2683 3724; x_wconf 80' lang='grc' dir='ltr'>είσιέναιτὸν</span> <span class='ocrx_word' id='word_1_676' title='bbox 2713 3667 3031 3732; x_wconf 86' lang='grc' dir='ltr'>ἐπίσκοπον,</span> <span class='ocrx_word' id='word_1_677' title='bbox 3063 3665 3265 3720; x_wconf 73' lang='grc' dir='ltr'>ἔπεσαν</span> <span class='ocrx_word' id='word_1_678' title='bbox 3292 3665 3385 3717; x_wconf 75' lang='grc' dir='ltr'><strong>ἐπὶ</strong></span> <span class='ocrx_word' id='word_1_679' title='bbox 3414 3664 3725 3735; x_wconf 86' lang='grc' dir='ltr'>πρόσωπον,</span> 
     </span>
    </p>
   </div>
   <div class='ocr_carea' id='block_1_89' title="bbox 2154 3751 3724 3833">
    <p class='ocr_par' dir='ltr' id='par_1_89' title="bbox 2154 3751 3724 3833">
     <span class='ocr_line' id='line_1_89' title="bbox 2154 3751 3724 3833; baseline -0.006 -16"><span class='ocrx_word' id='word_1_680' title='bbox 2154 3764 2250 3817; x_wconf 72' lang='grc' dir='ltr'><strong>καὶ</strong></span> <span class='ocrx_word' id='word_1_681' title='bbox 2282 3762 2647 3833; x_wconf 83' lang='grc' dir='ltr'>παρεκάλουν,</span> <span class='ocrx_word' id='word_1_682' title='bbox 2676 3759 2816 3813; x_wconf 81' lang='grc' dir='ltr'>ὥστε</span> <span class='ocrx_word' id='word_1_683' title='bbox 2841 3759 3075 3829; x_wconf 76' lang='grc' dir='ltr'>φωτίσαι</span> <span class='ocrx_word' id='word_1_684' title='bbox 3102 3756 3319 3821; x_wconf 77' lang='grc' dir='ltr'>αὐτούς.</span> <span class='ocrx_word' id='word_1_685' title='bbox 3350 3756 3456 3809; x_wconf 93' lang='grc' dir='ltr'><strong>Τοῦ</strong></span> <span class='ocrx_word' id='word_1_686' title='bbox 3482 3751 3575 3810; x_wconf 85' lang='grc' dir='ltr'><strong>οῦν</strong></span> <span class='ocrx_word' id='word_1_687' title='bbox 3608 3758 3724 3808; x_wconf 71' lang='grc' dir='ltr'>ἐπιο</span> 
     </span>
    </p>
   </div>
   <div class='ocr_carea' id='block_1_90' title="bbox 2157 3844 3724 3922">
    <p class='ocr_par' dir='ltr' id='par_1_90' title="bbox 2157 3844 3724 3922">
     <span class='ocr_line' id='line_1_90' title="bbox 2157 3844 3724 3922; baseline -0.006 -17"><span class='ocrx_word' id='word_1_688' title='bbox 2157 3851 2359 3906; x_wconf 85' lang='grc' dir='ltr'>σκόπου</span> <span class='ocrx_word' id='word_1_689' title='bbox 2385 3849 2767 3922; x_wconf 81' lang='grc' dir='ltr'>εἰσερχομένου</span> <span class='ocrx_word' id='word_1_690' title='bbox 2799 3851 2857 3902; x_wconf 81' lang='grc' dir='ltr'>ὲν</span> <span class='ocrx_word' id='word_1_691' title='bbox 2882 3850 2949 3919; x_wconf 80' lang='grc' dir='ltr'>τῇ</span> <span class='ocrx_word' id='word_1_692' title='bbox 2974 3847 3260 3918; x_wconf 74' lang='grc' dir='ltr'>ἐκκλησίᾳ.</span> <span class='ocrx_word' id='word_1_693' title='bbox 3293 3845 3613 3917; x_wconf 76' lang='grc' dir='ltr'>ἐπορεύοντο</span> <span class='ocrx_word' id='word_1_694' title='bbox 3635 3844 3724 3897; x_wconf 57' lang='grc' dir='ltr'>καὶ</span> 
     </span>
    </p>
   </div>
   <div class='ocr_carea' id='block_1_91' title="bbox 2155 3935 3727 4012">
    <p class='ocr_par' dir='ltr' id='par_1_91' title="bbox 2155 3935 3727 4012">
     <span class='ocr_line' id='line_1_91' title="bbox 2155 3935 3727 4012; baseline -0.005 -17"><span class='ocrx_word' id='word_1_695' title='bbox 2155 3942 2308 3995; x_wconf 70' lang='grc' dir='ltr'>αὐτοὶ</span> <span class='ocrx_word' id='word_1_696' title='bbox 2357 3941 2581 3995; x_wconf 78' lang='grc' dir='ltr'>ὄπισθεν</span> <span class='ocrx_word' id='word_1_697' title='bbox 2633 3940 2770 4012; x_wconf 85' lang='grc' dir='ltr'>μετὰ</span> <span class='ocrx_word' id='word_1_698' title='bbox 2814 3938 3111 3995; x_wconf 83' lang='grc' dir='ltr'>Λουκιανοῦ</span> <span class='ocrx_word' id='word_1_699' title='bbox 3142 3937 3369 3992; x_wconf 83' lang='grc' dir='ltr'>ἀκοῦσαι</span> <span class='ocrx_word' id='word_1_700' title='bbox 3413 3936 3521 3990; x_wconf 87' lang='grc' dir='ltr'><strong>τῶν</strong></span> <span class='ocrx_word' id='word_1_701' title='bbox 3571 3935 3727 3989; x_wconf 70' lang='grc' dir='ltr'>θείων</span> 
     </span>
    </p>
   </div>
   <div class='ocr_carea' id='block_1_92' title="bbox 2155 4031 2406 4102">
    <p class='ocr_par' dir='ltr' id='par_1_92' title="bbox 2155 4031 2406 4102">
     <span class='ocr_line' id='line_1_92' title="bbox 2155 4031 2406 4102; baseline 0.004 -17"><span class='ocrx_word' id='word_1_702' title='bbox 2155 4031 2406 4102; x_wconf 72' lang='grc' dir='ltr'>Γραφῶν.</span> 
     </span>
    </p>
   </div>
   <div class='ocr_carea' id='block_1_93' title="bbox 2229 4116 3732 4192">
    <p class='ocr_par' dir='ltr' id='par_1_93' title="bbox 2229 4116 3732 4192">
     <span class='ocr_line' id='line_1_93' title="bbox 2229 4116 3732 4192; baseline -0.005 -16"><span class='ocrx_word' id='word_1_703' title='bbox 2229 4125 2309 4177; x_wconf 83' lang='lat' dir='ltr'><strong>H&#39;.</strong></span> <span class='ocrx_word' id='word_1_704' title='bbox 2362 4125 2420 4178; x_wconf 88' lang='lat'><strong>&#39;0</strong></span> <span class='ocrx_word' id='word_1_705' title='bbox 2464 4118 2558 4177; x_wconf 86' lang='grc' dir='ltr'><strong>οῦν</strong></span> <span class='ocrx_word' id='word_1_706' title='bbox 2594 4122 2909 4191; x_wconf 84' lang='grc' dir='ltr'>Ἐπιφάνιος</span> <span class='ocrx_word' id='word_1_707' title='bbox 2962 4120 3037 4185; x_wconf 85' lang='grc' dir='ltr'><strong>ὡς</strong></span> <span class='ocrx_word' id='word_1_708' title='bbox 3081 4121 3305 4192; x_wconf 71' lang='grc' dir='ltr'>ἤγγισεν</span> <span class='ocrx_word' id='word_1_709' title='bbox 3345 4120 3436 4173; x_wconf 71' lang='grc' dir='ltr'>ἐπὶ</span> <span class='ocrx_word' id='word_1_710' title='bbox 3477 4120 3585 4172; x_wconf 86' lang='grc' dir='ltr'><strong>τῶν</strong></span> <span class='ocrx_word' id='word_1_711' title='bbox 3629 4116 3732 4181; x_wconf 75' lang='grc' dir='ltr'><strong>ἐξω</strong></span> 
     </span>
    </p>
   </div>
   <div class='ocr_carea' id='block_1_94' title="bbox 2155 4206 3732 4283">
    <p class='ocr_par' dir='ltr' id='par_1_94' title="bbox 2155 4206 3732 4283">
     <span class='ocr_line' id='line_1_94' title="bbox 2155 4206 3732 4283; baseline -0.005 -18"><span class='ocrx_word' id='word_1_712' title='bbox 2155 4211 2336 4283; x_wconf 85' lang='grc' dir='ltr'>θυρῶν</span> <span class='ocrx_word' id='word_1_713' title='bbox 2381 4211 2479 4282; x_wconf 81' lang='grc' dir='ltr'><strong>τῆς</strong></span> <span class='ocrx_word' id='word_1_714' title='bbox 2526 4210 2843 4282; x_wconf 86' lang='grc' dir='ltr'>ἐκκλησίας,</span> <span class='ocrx_word' id='word_1_715' title='bbox 2884 4210 2959 4273; x_wconf 86' lang='grc' dir='ltr'>ὡς</span> <span class='ocrx_word' id='word_1_716' title='bbox 3013 4209 3183 4281; x_wconf 74' lang='grc' dir='ltr'>ἐπέϐη</span> <span class='ocrx_word' id='word_1_717' title='bbox 3226 4209 3321 4263; x_wconf 72' lang='grc' dir='ltr'><strong>ἐπὶ</strong></span> <span class='ocrx_word' id='word_1_718' title='bbox 3366 4207 3461 4261; x_wconf 84' lang='grc' dir='ltr'><strong>τοῦ</strong></span> <span class='ocrx_word' id='word_1_719' title='bbox 3516 4206 3732 4278; x_wconf 85' lang='grc' dir='ltr'>πρώτου</span> 
     </span>
    </p>
   </div>
   <div class='ocr_carea' id='block_1_95' title="bbox 2157 4299 3733 4376">
    <p class='ocr_par' dir='ltr' id='par_1_95' title="bbox 2157 4299 3733 4376">
     <span class='ocr_line' id='line_1_95' title="bbox 2157 4299 3733 4376; baseline -0.006 -17"><span class='ocrx_word' id='word_1_720' title='bbox 2157 4304 2368 4376; x_wconf 86' lang='grc' dir='ltr'>βαθμοῦ</span> <span class='ocrx_word' id='word_1_721' title='bbox 2397 4303 2490 4358; x_wconf 88' lang='grc' dir='ltr'><strong>τοῦ</strong></span> <span class='ocrx_word' id='word_1_722' title='bbox 2522 4303 2696 4367; x_wconf 72' lang='grc' dir='ltr'>οἴκου,</span> <span class='ocrx_word' id='word_1_723' title='bbox 2726 4303 2988 4368; x_wconf 83' lang='grc' dir='ltr'>ἐξέπεσεν</span> <span class='ocrx_word' id='word_1_724' title='bbox 3009 4302 3103 4356; x_wconf 91' lang='grc' dir='ltr'><strong>τοῦ</strong></span> <span class='ocrx_word' id='word_1_725' title='bbox 3130 4300 3420 4374; x_wconf 85' lang='grc' dir='ltr'>ἀριστεροῦ</span> <span class='ocrx_word' id='word_1_726' title='bbox 3456 4299 3615 4362; x_wconf 81' lang='grc' dir='ltr'>ποδὸς</span> <span class='ocrx_word' id='word_1_727' title='bbox 3636 4299 3733 4351; x_wconf 81' lang='grc' dir='ltr'><strong>αὖ·</strong></span> 
     </span>
    </p>
   </div>
   <div class='ocr_carea' id='block_1_96' title="bbox 2153 4389 3733 4465">
    <p class='ocr_par' dir='ltr' id='par_1_96' title="bbox 2153 4389 3733 4465">
     <span class='ocr_line' id='line_1_96' title="bbox 2153 4389 3733 4465; baseline -0.004 -16"><span class='ocrx_word' id='word_1_728' title='bbox 2153 4395 2248 4449; x_wconf 86' lang='grc' dir='ltr'><strong>τοῦ</strong></span> <span class='ocrx_word' id='word_1_729' title='bbox 2280 4397 2365 4450; x_wconf 86' lang='grc' dir='ltr'>ἐπ’</span> <span class='ocrx_word' id='word_1_730' title='bbox 2395 4393 2559 4449; x_wconf 83' lang='grc' dir='ltr'>αὐτοῦ</span> <span class='ocrx_word' id='word_1_731' title='bbox 2584 4395 2646 4448; x_wconf 82' lang='grc' dir='ltr'><strong>τὸ</strong></span> <span class='ocrx_word' id='word_1_732' title='bbox 2667 4394 2940 4465; x_wconf 81' lang='grc' dir='ltr'>ὑπόδημα.</span> <span class='ocrx_word' id='word_1_733' title='bbox 2966 4394 3072 4447; x_wconf 90' lang='grc' dir='ltr'><strong>Τοῦ</strong></span> <span class='ocrx_word' id='word_1_734' title='bbox 3105 4393 3161 4445; x_wconf 89' lang='grc' dir='ltr'><strong>δέ</strong></span> <span class='ocrx_word' id='word_1_735' title='bbox 3193 4392 3480 4454; x_wconf 73' lang='grc' dir='ltr'>ἐπιϐάντος</span> <span class='ocrx_word' id='word_1_736' title='bbox 3503 4389 3583 4460; x_wconf 84' lang='grc' dir='ltr'>τῷ</span> <span class='ocrx_word' id='word_1_737' title='bbox 3610 4390 3733 4459; x_wconf 87' lang='grc' dir='ltr'>ἀρι-</span> 
     </span>
    </p>
   </div>
   <div class='ocr_carea' id='block_1_97' title="bbox 2159 4481 3737 4560">
    <p class='ocr_par' dir='ltr' id='par_1_97' title="bbox 2159 4481 3737 4560">
     <span class='ocr_line' id='line_1_97' title="bbox 2159 4481 3737 4560; baseline -0.008 -17"><span class='ocrx_word' id='word_1_738' title='bbox 2159 4488 2356 4560; x_wconf 83' lang='grc' dir='ltr'>στερῷ,</span> <span class='ocrx_word' id='word_1_739' title='bbox 2381 4489 2530 4551; x_wconf 81' lang='grc' dir='ltr'>ὅπως</span> <span class='ocrx_word' id='word_1_740' title='bbox 2563 4486 2822 4558; x_wconf 83' lang='grc' dir='ltr'>ἐπιπήξει</span> <span class='ocrx_word' id='word_1_741' title='bbox 2851 4487 2947 4541; x_wconf 71' lang='grc' dir='ltr'>καὶ</span> <span class='ocrx_word' id='word_1_742' title='bbox 2980 4485 3069 4539; x_wconf 75' lang='grc' dir='ltr'>τὸν</span> <span class='ocrx_word' id='word_1_743' title='bbox 3087 4484 3254 4549; x_wconf 82' lang='grc' dir='ltr'>δεξιὸν</span> <span class='ocrx_word' id='word_1_744' title='bbox 3290 4483 3447 4546; x_wconf 82' lang='grc' dir='ltr'>πόδα,</span> <span class='ocrx_word' id='word_1_745' title='bbox 3480 4481 3737 4546; x_wconf 80' lang='grc' dir='ltr'>ἐξέπεσεν</span> 
     </span>
    </p>
   </div>
   <div class='ocr_carea' id='block_1_98' title="bbox 2157 4571 3737 4650">
    <p class='ocr_par' dir='ltr' id='par_1_98' title="bbox 2157 4571 3737 4650">
     <span class='ocr_line' id='line_1_98' title="bbox 2157 4571 3737 4650; baseline -0.007 -15"><span class='ocrx_word' id='word_1_746' title='bbox 2157 4583 2253 4635; x_wconf 70' lang='grc' dir='ltr'><strong>καὶ</strong></span> <span class='ocrx_word' id='word_1_747' title='bbox 2279 4582 2341 4634; x_wconf 82' lang='grc' dir='ltr'><strong>τὸ</strong></span> <span class='ocrx_word' id='word_1_748' title='bbox 2369 4580 2464 4634; x_wconf 86' lang='grc' dir='ltr'><strong>τοῦ</strong></span> <span class='ocrx_word' id='word_1_749' title='bbox 2491 4579 2696 4645; x_wconf 80' lang='grc' dir='ltr'>δεξιοῦ·</span> <span class='ocrx_word' id='word_1_750' title='bbox 2735 4579 2828 4633; x_wconf 74' lang='grc' dir='ltr'>καὶ</span> <span class='ocrx_word' id='word_1_751' title='bbox 2866 4578 3179 4650; x_wconf 83' lang='grc' dir='ltr'>ηὑρέθησαν</span> <span class='ocrx_word' id='word_1_752' title='bbox 3205 4575 3277 4631; x_wconf 78' lang='grc' dir='ltr'>τὰ</span> <span class='ocrx_word' id='word_1_753' title='bbox 3304 4575 3587 4646; x_wconf 74' lang='grc' dir='ltr'>ἀμφότερα</span> <span class='ocrx_word' id='word_1_754' title='bbox 3632 4571 3737 4637; x_wconf 73' lang='grc' dir='ltr'>ἔξω</span> 
     </span>
    </p>
   </div>
   <div class='ocr_carea' id='block_1_99' title="bbox 2156 4665 3737 4743">
    <p class='ocr_par' dir='ltr' id='par_1_99' title="bbox 2156 4665 3737 4743">
     <span class='ocr_line' id='line_1_99' title="bbox 2156 4665 3737 4743; baseline -0.008 -16"><span class='ocrx_word' id='word_1_755' title='bbox 2156 4672 2249 4727; x_wconf 83' lang='grc' dir='ltr'><strong>τοῦ</strong></span> <span class='ocrx_word' id='word_1_756' title='bbox 2274 4670 2592 4743; x_wconf 76' lang='grc' dir='ltr'>ἁναϐαθμοῦ</span> <span class='ocrx_word' id='word_1_757' title='bbox 2619 4671 2718 4742; x_wconf 78' lang='grc' dir='ltr'>τῆς</span> <span class='ocrx_word' id='word_1_758' title='bbox 2747 4669 3073 4741; x_wconf 86' lang='grc' dir='ltr'>ἐκκλησίας·</span> <span class='ocrx_word' id='word_1_759' title='bbox 3102 4668 3197 4721; x_wconf 70' lang='grc' dir='ltr'><strong>καὶ</strong></span> <span class='ocrx_word' id='word_1_760' title='bbox 3223 4666 3531 4735; x_wconf 85' lang='grc' dir='ltr'>ἐθαύμασεν</span> <span class='ocrx_word' id='word_1_761' title='bbox 3551 4665 3580 4716; x_wconf 78' lang='grc' dir='ltr'><strong>ὁ</strong></span> <span class='ocrx_word' id='word_1_762' title='bbox 3601 4666 3737 4718; x_wconf 82' lang='grc' dir='ltr'>Λου-</span> 
     </span>
    </p>
   </div>
   <div class='ocr_carea' id='block_1_100' title="bbox 2159 4753 3737 4828">
    <p class='ocr_par' dir='ltr' id='par_1_100' title="bbox 2159 4753 3737 4828">
     <span class='ocr_line' id='line_1_100' title="bbox 2159 4753 3737 4828; baseline -0.008 -11"><span class='ocrx_word' id='word_1_763' title='bbox 2159 4765 2343 4828; x_wconf 81' lang='grc' dir='ltr'>κιανὸς</span> <span class='ocrx_word' id='word_1_764' title='bbox 2377 4764 2469 4817; x_wconf 85' lang='grc' dir='ltr'><strong>ἐπί</strong></span> <span class='ocrx_word' id='word_1_765' title='bbox 2515 4762 2695 4817; x_wconf 87' lang='grc' dir='ltr'>τοῦτο.</span> <span class='ocrx_word' id='word_1_766' title='bbox 2713 4761 2772 4814; x_wconf 79' lang='lat'><strong>&#39;0</strong></span> <span class='ocrx_word' id='word_1_767' title='bbox 2816 4756 2908 4814; x_wconf 81' lang='grc' dir='ltr'><strong>οὖν</strong></span> <span class='ocrx_word' id='word_1_768' title='bbox 2947 4759 3263 4828; x_wconf 80' lang='grc' dir='ltr'>Ἐπιφάνιος</span> <span class='ocrx_word' id='word_1_769' title='bbox 3304 4756 3488 4809; x_wconf 76' lang='grc' dir='ltr'>οὐκέτι</span> <span class='ocrx_word' id='word_1_770' title='bbox 3539 4753 3737 4824; x_wconf 82' lang='grc' dir='ltr'>προθέ-</span> 
     </span>
    </p>
   </div>
   <div class='ocr_carea' id='block_1_101' title="bbox 2162 4846 3738 4927">
    <p class='ocr_par' dir='ltr' id='par_1_101' title="bbox 2162 4846 3738 4927">
     <span class='ocr_line' id='line_1_101' title="bbox 2162 4846 3738 4927; baseline -0.01 -16"><span class='ocrx_word' id='word_1_771' title='bbox 2162 4875 2300 4921; x_wconf 84' lang='grc' dir='ltr'>σεως</span> <span class='ocrx_word' id='word_1_772' title='bbox 2330 4856 2487 4927; x_wconf 78' lang='grc' dir='ltr'>ἔσχεν</span> <span class='ocrx_word' id='word_1_773' title='bbox 2516 4853 2869 4909; x_wconf 76' lang='grc' dir='ltr'>ἐπιλαϐέσθαι</span> <span class='ocrx_word' id='word_1_774' title='bbox 2898 4851 3007 4905; x_wconf 84' lang='grc' dir='ltr'><strong>τῶν</strong></span> <span class='ocrx_word' id='word_1_775' title='bbox 3028 4850 3388 4919; x_wconf 82' lang='grc' dir='ltr'>ὑποδημάτων</span> <span class='ocrx_word' id='word_1_776' title='bbox 3428 4846 3613 4913; x_wconf 80' lang='grc' dir='ltr'>αὑτοῦ,</span> <span class='ocrx_word' id='word_1_777' title='bbox 3648 4848 3738 4897; x_wconf 88' lang='grc' dir='ltr'>ἐκ-</span> 
     </span>
    </p>
   </div>
   <div class='ocr_carea' id='block_1_102' title="bbox 2162 4936 3783 5001">
    <p class='ocr_par' dir='ltr' id='par_1_102' title="bbox 2162 4936 3783 5001">
     <span class='ocr_line' id='line_1_102' title="bbox 2162 4936 3783 5001; baseline -0.009 0"><span class='ocrx_word' id='word_1_778' title='bbox 2162 4947 2435 5001; x_wconf 87' lang='grc' dir='ltr'>πεσόντων</span> <span class='ocrx_word' id='word_1_779' title='bbox 2465 4946 2573 4999; x_wconf 77' lang='grc' dir='ltr'><strong>ἀπδ</strong></span> <span class='ocrx_word' id='word_1_780' title='bbox 2599 4945 2706 4999; x_wconf 87' lang='grc' dir='ltr'><strong>τῶν</strong></span> <span class='ocrx_word' id='word_1_781' title='bbox 2739 4944 2916 4997; x_wconf 82' lang='grc' dir='ltr'>ποδῶν</span> <span class='ocrx_word' id='word_1_782' title='bbox 2939 4941 3106 4996; x_wconf 87' lang='grc' dir='ltr'>αὐτοῦ</span> <span class='ocrx_word' id='word_1_783' title='bbox 3128 4958 3141 4972; x_wconf 82' lang='lat'><strong><em>°</em></strong></span> <span class='ocrx_word' id='word_1_784' title='bbox 3170 4941 3284 4994; x_wconf 76' lang='grc' dir='ltr'>ἀλλ’</span> <span class='ocrx_word' id='word_1_785' title='bbox 3312 4938 3438 4993; x_wconf 71' lang='grc' dir='ltr'>οὔτε</span> <span class='ocrx_word' id='word_1_786' title='bbox 3458 4939 3593 4992; x_wconf 72' lang='grc' dir='ltr'>ἄλλα</span> <span class='ocrx_word' id='word_1_787' title='bbox 3614 4936 3739 4990; x_wconf 77' lang='grc' dir='ltr'>ὑπο·</span> <span class='ocrx_word' id='word_1_788' title='bbox 3780 4992 3783 4997; x_wconf 7' lang='grc' dir='ltr'><strong>ς</strong></span> 
     </span>
    </p>
   </div>
   <div class='ocr_carea' id='block_1_103' title="bbox 2160 5026 3733 5110">
    <p class='ocr_par' dir='ltr' id='par_1_103' title="bbox 2160 5026 3733 5110">
     <span class='ocr_line' id='line_1_103' title="bbox 2160 5026 3733 5110; baseline -0.008 -19"><span class='ocrx_word' id='word_1_789' title='bbox 2160 5039 2375 5110; x_wconf 86' lang='grc' dir='ltr'>δήματα</span> <span class='ocrx_word' id='word_1_790' title='bbox 2404 5036 2665 5107; x_wconf 69' lang='grc' dir='ltr'>ἠνέσχετο</span> <span class='ocrx_word' id='word_1_791' title='bbox 2695 5034 3012 5102; x_wconf 83' lang='grc' dir='ltr'>ἐπενεγκεῖν</span> <span class='ocrx_word' id='word_1_792' title='bbox 3059 5032 3152 5085; x_wconf 78' lang='grc' dir='ltr'>ἐπὶ</span> <span class='ocrx_word' id='word_1_793' title='bbox 3203 5030 3326 5094; x_wconf 80' lang='grc' dir='ltr'>τοὺς</span> <span class='ocrx_word' id='word_1_794' title='bbox 3354 5030 3519 5092; x_wconf 86' lang='grc' dir='ltr'>πόδας</span> <span class='ocrx_word' id='word_1_795' title='bbox 3549 5026 3733 5094; x_wconf 80' lang='grc' dir='ltr'>αὐτοῦ,</span> 
     </span>
    </p>
   </div>
   <div class='ocr_carea' id='block_1_104' title="bbox 2162 5120 3734 5197">
    <p class='ocr_par' dir='ltr' id='par_1_104' title="bbox 2162 5120 3734 5197">
     <span class='ocr_line' id='line_1_104' title="bbox 2162 5120 3734 5197; baseline -0.008 -15"><span class='ocrx_word' id='word_1_796' title='bbox 2162 5129 2255 5182; x_wconf 83' lang='grc' dir='ltr'><strong>τὸν</strong></span> <span class='ocrx_word' id='word_1_797' title='bbox 2301 5128 2512 5182; x_wconf 79' lang='grc' dir='ltr'>’ἅπαντα</span> <span class='ocrx_word' id='word_1_798' title='bbox 2542 5126 2730 5197; x_wconf 83' lang='grc' dir='ltr'>χρόνον</span> <span class='ocrx_word' id='word_1_799' title='bbox 2782 5124 2874 5193; x_wconf 78' lang='grc' dir='ltr'>τῆς</span> <span class='ocrx_word' id='word_1_800' title='bbox 2897 5121 3040 5195; x_wconf 82' lang='grc' dir='ltr'>ζωῆς</span> <span class='ocrx_word' id='word_1_801' title='bbox 3073 5121 3365 5184; x_wconf 83' lang='grc' dir='ltr'>αὐτοῦ.⁹Ως</span> <span class='ocrx_word' id='word_1_802' title='bbox 3397 5120 3454 5172; x_wconf 87' lang='grc' dir='ltr'>δὲ</span> <span class='ocrx_word' id='word_1_803' title='bbox 3498 5120 3734 5183; x_wconf 75' lang='grc' dir='ltr'>ἵσταντο,</span> 
     </span>
    </p>
   </div>
   <div class='ocr_carea' id='block_1_105' title="bbox 2163 5198 3739 5290">
    <p class='ocr_par' dir='ltr' id='par_1_105' title="bbox 2163 5198 3739 5290">
     <span class='ocr_line' id='line_1_105' title="bbox 2163 5198 3739 5290; baseline -0.008 -16"><span class='ocrx_word' id='word_1_804' title='bbox 2163 5222 2258 5274; x_wconf 74' lang='grc' dir='ltr'><strong>καὶ</strong></span> <span class='ocrx_word' id='word_1_805' title='bbox 2285 5222 2482 5290; x_wconf 69' lang='grc' dir='ltr'>ἢκουον</span> <span class='ocrx_word' id='word_1_806' title='bbox 2516 5218 2624 5270; x_wconf 80' lang='grc' dir='ltr'><strong>τῶν</strong></span> <span class='ocrx_word' id='word_1_807' title='bbox 2653 5218 2816 5271; x_wconf 84' lang='grc' dir='ltr'>ὁσίων</span> <span class='ocrx_word' id='word_1_808' title='bbox 2859 5214 3117 5287; x_wconf 82' lang='grc' dir='ltr'>Γραφῶν,</span> <span class='ocrx_word' id='word_1_809' title='bbox 3150 5214 3179 5268; x_wconf 86' lang='grc' dir='ltr'><strong>ὅ</strong></span> <span class='ocrx_word' id='word_1_810' title='bbox 3206 5230 3267 5266; x_wconf 87' lang='grc' dir='ltr'><strong>τε</strong></span> <span class='ocrx_word' id='word_1_811' title='bbox 3303 5198 3612 5280; x_wconf 72' lang='grc' dir='ltr'>Ἑπιφάνιος</span> <span class='ocrx_word' id='word_1_812' title='bbox 3643 5209 3739 5264; x_wconf 71' lang='grc' dir='ltr'>καὶ</span> 
     </span>
    </p>
   </div>
   <div class='ocr_carea' id='block_1_106' title="bbox 2165 5300 3738 5383">
    <p class='ocr_par' dir='ltr' id='par_1_106' title="bbox 2165 5300 3738 5383">
     <span class='ocr_line' id='line_1_106' title="bbox 2165 5300 3738 5383; baseline -0.007 -17"><span class='ocrx_word' id='word_1_813' title='bbox 2165 5316 2199 5383; x_wconf 76' lang='grc' dir='ltr'><strong>ἡ</strong></span> <span class='ocrx_word' id='word_1_814' title='bbox 2225 5310 2390 5367; x_wconf 85' lang='grc' dir='ltr'>αὐτοῦ</span> <span class='ocrx_word' id='word_1_815' title='bbox 2418 5309 2640 5381; x_wconf 76' lang='grc' dir='ltr'>ἀδελφὴ,</span> <span class='ocrx_word' id='word_1_816' title='bbox 2678 5311 2966 5380; x_wconf 84' lang='grc' dir='ltr'>προσεῖχεν</span> <span class='ocrx_word' id='word_1_817' title='bbox 2998 5309 3028 5360; x_wconf 86' lang='grc' dir='ltr'>ὁ</span> <span class='ocrx_word' id='word_1_818' title='bbox 3064 5305 3381 5369; x_wconf 84' lang='grc' dir='ltr'>ἐπίσκοπος,</span> <span class='ocrx_word' id='word_1_819' title='bbox 3409 5303 3486 5367; x_wconf 83' lang='grc' dir='ltr'>ὡς</span> <span class='ocrx_word' id='word_1_820' title='bbox 3506 5300 3573 5375; x_wconf 81' lang='grc' dir='ltr'>ἦν</span> <span class='ocrx_word' id='word_1_821' title='bbox 3602 5302 3738 5356; x_wconf 86' lang='grc' dir='ltr'>καθ-</span> 
     </span>
    </p>
   </div>
   <div class='ocr_carea' id='block_1_107' title="bbox 483 5390 2046 5494">
    <p class='ocr_par' dir='ltr' id='par_1_107' title="bbox 483 5390 2046 5494">
     <span class='ocr_line' id='line_1_107' title="bbox 483 5390 2046 5494; baseline 0.005 -52"><span class='ocrx_word' id='word_1_822' title='bbox 483 5390 768 5494; x_wconf 69' lang='lat' dir='ltr'><strong>ingressus</strong></span> <span class='ocrx_word' id='word_1_823' title='bbox 814 5400 899 5445; x_wconf 89' lang='lat' dir='ltr'><strong>est</strong></span> <span class='ocrx_word' id='word_1_824' title='bbox 943 5394 1233 5463; x_wconf 87' lang='lat' dir='ltr'><strong>episcopus</strong></span> <span class='ocrx_word' id='word_1_825' title='bbox 1277 5395 1331 5449; x_wconf 92' lang='lat' dir='ltr'><strong>in</strong></span> <span class='ocrx_word' id='word_1_826' title='bbox 1385 5395 1789 5465; x_wconf 89' lang='lat' dir='ltr'><strong>baptisterium,</strong></span> <span class='ocrx_word' id='word_1_827' title='bbox 1816 5405 1871 5450; x_wconf 90' lang='lat' dir='ltr'><strong>et</strong></span> <span class='ocrx_word' id='word_1_828' title='bbox 1896 5396 2046 5466; x_wconf 66' lang='lat' dir='ltr'><strong>jussit</strong></span> 
     </span>
    </p>
   </div>
   <div class='ocr_carea' id='block_1_108' title="bbox 2151 5390 3740 5494">
    <p class='ocr_par' dir='ltr' id='par_1_108' title="bbox 2166 5392 3740 5494">
     <span class='ocr_line' id='line_1_108' title="bbox 2166 5392 3740 5494; baseline -0.006 -38"><span class='ocrx_word' id='word_1_829' title='bbox 2166 5404 2438 5494; x_wconf 50' lang='grc' dir='ltr'>εζόμενοί</span> <span class='ocrx_word' id='word_1_830' title='bbox 2466 5402 2561 5454; x_wconf 72' lang='grc' dir='ltr'><strong>ἐπὶ</strong></span> <span class='ocrx_word' id='word_1_831' title='bbox 2588 5398 2683 5454; x_wconf 88' lang='grc' dir='ltr'><strong>τοῦ</strong></span> <span class='ocrx_word' id='word_1_832' title='bbox 2730 5400 2941 5469; x_wconf 86' lang='grc' dir='ltr'>θρόνου,</span> <span class='ocrx_word' id='word_1_833' title='bbox 2971 5400 3054 5451; x_wconf 82' lang='grc' dir='ltr'>ὅτι</span> <span class='ocrx_word' id='word_1_834' title='bbox 3078 5392 3146 5466; x_wconf 85' lang='grc' dir='ltr'>ἦν</span> <span class='ocrx_word' id='word_1_835' title='bbox 3170 5395 3233 5448; x_wconf 77' lang='grc' dir='ltr'><strong>τὸ</strong></span> <span class='ocrx_word' id='word_1_836' title='bbox 3262 5396 3551 5466; x_wconf 65' lang='grc' dir='ltr'>πρόσωπον</span> <span class='ocrx_word' id='word_1_837' title='bbox 3587 5393 3740 5447; x_wconf 86' lang='grc' dir='ltr'>Ἔπι-</span> 
     </span>
    </p>
   </div>
   <div class='ocr_carea' id='block_1_109' title="bbox 485 5475 2046 5565">
    <p class='ocr_par' dir='ltr' id='par_1_109' title="bbox 485 5475 2046 5557">
     <span class='ocr_line' id='line_1_109' title="bbox 485 5475 2046 5557; baseline 0.006 -26"><span class='ocrx_word' id='word_1_838' title='bbox 485 5475 852 5549; x_wconf 85' lang='lat' dir='ltr'><strong>Epipbanium</strong></span> <span class='ocrx_word' id='word_1_839' title='bbox 885 5481 1112 5549; x_wconf 81' lang='lat' dir='ltr'><strong>ingredi,</strong></span> <span class='ocrx_word' id='word_1_840' title='bbox 1161 5493 1216 5538; x_wconf 89' lang='lat' dir='ltr'><strong>et</strong></span> <span class='ocrx_word' id='word_1_841' title='bbox 1241 5485 1364 5554; x_wconf 91' lang='lat' dir='ltr'><strong>ejus</strong></span> <span class='ocrx_word' id='word_1_842' title='bbox 1389 5500 1659 5552; x_wconf 88' lang='lat' dir='ltr'><strong>sororem,</strong></span> <span class='ocrx_word' id='word_1_843' title='bbox 1693 5493 1897 5541; x_wconf 91' lang='lat' dir='ltr'><strong>etcum</strong></span> <span class='ocrx_word' id='word_1_844' title='bbox 1930 5486 2046 5557; x_wconf 76' lang='lat' dir='ltr'><strong>ipsi:</strong></span> 
     </span>
    </p>
   </div>
   <div class='ocr_carea' id='block_1_110' title="bbox 2151 5475 3742 5565">
    <p class='ocr_par' dir='ltr' id='par_1_110' title="bbox 2169 5475 3742 5565">
     <span class='ocr_line' id='line_1_110' title="bbox 2169 5475 3742 5565; baseline -0.008 -17"><span class='ocrx_word' id='word_1_845' title='bbox 2169 5494 2357 5565; x_wconf 81' lang='grc' dir='ltr'>φανίου</span> <span class='ocrx_word' id='word_1_846' title='bbox 2388 5475 2796 5561; x_wconf 63' lang='grc' dir='ltr'>δξδοξασμένον,</span> <span class='ocrx_word' id='word_1_847' title='bbox 2828 5490 2921 5543; x_wconf 75' lang='grc' dir='ltr'><strong>καὶ</strong></span> <span class='ocrx_word' id='word_1_848' title='bbox 2955 5490 3218 5558; x_wconf 82' lang='grc' dir='ltr'>στέφανος</span> <span class='ocrx_word' id='word_1_849' title='bbox 3253 5485 3346 5539; x_wconf 77' lang='grc' dir='ltr'>ἐπὶ</span> <span class='ocrx_word' id='word_1_850' title='bbox 3377 5486 3475 5556; x_wconf 78' lang='grc' dir='ltr'>τῆς</span> <span class='ocrx_word' id='word_1_851' title='bbox 3501 5484 3742 5553; x_wconf 74' lang='grc' dir='ltr'>κεφαλῆς</span> 
     </span>
    </p>
   </div>
   <div class='ocr_carea' id='block_1_111' title="bbox 484 5568 2046 5652">
    <p class='ocr_par' dir='ltr' id='par_1_111' title="bbox 484 5568 2046 5648">
     <span class='ocr_line' id='line_1_111' title="bbox 484 5568 2046 5648; baseline 0.005 -25"><span class='ocrx_word' id='word_1_852' title='bbox 484 5568 791 5623; x_wconf 85' lang='lat' dir='ltr'><strong>Luciauum</strong></span> <span class='ocrx_word' id='word_1_853' title='bbox 838 5589 851 5623; x_wconf 89' lang='lat'>:</span> <span class='ocrx_word' id='word_1_854' title='bbox 891 5570 986 5638; x_wconf 92' lang='lat' dir='ltr'><strong>qui</strong></span> <span class='ocrx_word' id='word_1_855' title='bbox 1034 5575 1195 5629; x_wconf 86' lang='lat' dir='ltr'><strong>etiam</strong></span> <span class='ocrx_word' id='word_1_856' title='bbox 1247 5577 1352 5631; x_wconf 84' lang='lat' dir='ltr'><strong>fuit</strong></span> <span class='ocrx_word' id='word_1_857' title='bbox 1404 5586 1562 5646; x_wconf 88' lang='lat' dir='ltr'><strong>pater</strong></span> <span class='ocrx_word' id='word_1_858' title='bbox 1606 5577 1729 5648; x_wconf 91' lang='lat' dir='ltr'><strong>ejus</strong></span> <span class='ocrx_word' id='word_1_859' title='bbox 1785 5579 1834 5632; x_wconf 92' lang='lat' dir='ltr'><strong>itt</strong></span> <span class='ocrx_word' id='word_1_860' title='bbox 1877 5589 2046 5633; x_wconf 66' lang='lat' dir='ltr'><strong>sancti</strong></span> 
     </span>
    </p>
   </div>
   <div class='ocr_carea' id='block_1_112' title="bbox 2151 5568 3743 5652">
    <p class='ocr_par' dir='ltr' id='par_1_112' title="bbox 2172 5574 3743 5652">
     <span class='ocr_line' id='line_1_112' title="bbox 2172 5574 3743 5652; baseline -0.009 -12"><span class='ocrx_word' id='word_1_861' title='bbox 2172 5583 2335 5641; x_wconf 81' lang='grc' dir='ltr'>αὑτοῦ</span> <span class='ocrx_word' id='word_1_862' title='bbox 2390 5581 2808 5652; x_wconf 85' lang='grc' dir='ltr'>ἐπιτεθειμένος.</span> <span class='ocrx_word' id='word_1_863' title='bbox 2864 5580 3019 5634; x_wconf 79' lang='grc' dir='ltr'>Μετὰ</span> <span class='ocrx_word' id='word_1_864' title='bbox 3056 5574 3150 5632; x_wconf 87' lang='grc' dir='ltr'><strong>οῦν</strong></span> <span class='ocrx_word' id='word_1_865' title='bbox 3198 5577 3296 5647; x_wconf 81' lang='grc' dir='ltr'>τὴν</span> <span class='ocrx_word' id='word_1_866' title='bbox 3343 5577 3606 5630; x_wconf 84' lang='grc' dir='ltr'>ἀπόλυσιν</span> <span class='ocrx_word' id='word_1_867' title='bbox 3648 5575 3743 5627; x_wconf 79' lang='grc' dir='ltr'><strong>τοῦ</strong></span> 
     </span>
    </p>
   </div>
   <div class='ocr_carea' id='block_1_113' title="bbox 494 5657 2046 5758">
    <p class='ocr_par' dir='ltr' id='par_1_113' title="bbox 494 5657 2042 5731">
     <span class='ocr_line' id='line_1_113' title="bbox 494 5657 2042 5731; baseline 0.007 -19"><span class='ocrx_word' id='word_1_868' title='bbox 494 5657 843 5726; x_wconf 84' lang='lat' dir='ltr'><strong>baptismate.</strong></span> <span class='ocrx_word' id='word_1_869' title='bbox 872 5660 1168 5731; x_wconf 89' lang='lat' dir='ltr'><strong>Episcopus</strong></span> <span class='ocrx_word' id='word_1_870' title='bbox 1201 5677 1381 5721; x_wconf 86' lang='lat' dir='ltr'><strong>autem</strong></span> <span class='ocrx_word' id='word_1_871' title='bbox 1435 5684 1557 5722; x_wconf 88' lang='lat' dir='ltr'><strong>cunt</strong></span> <span class='ocrx_word' id='word_1_872' title='bbox 1612 5685 1707 5725; x_wconf 87' lang='lat' dir='ltr'><strong>eos</strong></span> <span class='ocrx_word' id='word_1_873' title='bbox 1758 5678 1922 5723; x_wconf 86' lang='lat' dir='ltr'><strong>totum</strong></span> <span class='ocrx_word' id='word_1_874' title='bbox 1972 5670 2042 5723; x_wconf 89' lang='lat' dir='ltr'><strong>do</strong></span> 
     </span>
    </p>
   </div>
   <div class='ocr_carea' id='block_1_114' title="bbox 2151 5657 3742 5758">
    <p class='ocr_par' dir='ltr' id='par_1_114' title="bbox 2176 5666 3742 5755">
     <span class='ocr_line' id='line_1_114' title="bbox 2176 5666 3742 5755; baseline -0.008 -26"><span class='ocrx_word' id='word_1_875' title='bbox 2176 5675 2505 5755; x_wconf 58' lang='lat' dir='ltr'><strong>Ebagyaliou</strong></span> <span class='ocrx_word' id='word_1_876' title='bbox 2532 5672 2779 5744; x_wconf 77' lang='grc' dir='ltr'>εἰσῆλθεν</span> <span class='ocrx_word' id='word_1_877' title='bbox 2805 5674 2834 5726; x_wconf 89' lang='grc' dir='ltr'>ὁ</span> <span class='ocrx_word' id='word_1_878' title='bbox 2866 5673 3163 5733; x_wconf 86' lang='grc' dir='ltr'>ἐπίσκοπος</span> <span class='ocrx_word' id='word_1_879' title='bbox 3193 5670 3250 5723; x_wconf 81' lang='grc' dir='ltr'><strong>ἐν</strong></span> <span class='ocrx_word' id='word_1_880' title='bbox 3273 5668 3349 5738; x_wconf 83' lang='grc' dir='ltr'>τῷ</span> <span class='ocrx_word' id='word_1_881' title='bbox 3374 5666 3742 5737; x_wconf 66' lang='grc' dir='ltr'>φωτιστηρίῳθ</span> 
     </span>
    </p>
   </div>
   <div class='ocr_carea' id='block_1_115' title="bbox 504 5753 2046 5829">
    <p class='ocr_par' dir='ltr' id='par_1_115' title="bbox 504 5753 2040 5824">
     <span class='ocr_line' id='line_1_115' title="bbox 504 5753 2040 5824; baseline 0.011 -24"><span class='ocrx_word' id='word_1_882' title='bbox 504 5753 711 5802; x_wconf 86' lang='lat' dir='ltr'><strong>cuissct</strong></span> <span class='ocrx_word' id='word_1_883' title='bbox 738 5753 1199 5819; x_wconf 85' lang='lat' dir='ltr'><strong>consequentiam,</strong></span> <span class='ocrx_word' id='word_1_884' title='bbox 1231 5757 1541 5824; x_wconf 75' lang='lat' dir='ltr'><strong>baptizavit.</strong></span> <span class='ocrx_word' id='word_1_885' title='bbox 1576 5760 1711 5815; x_wconf 77' lang='lat' dir='ltr'><strong>Cum</strong></span> <span class='ocrx_word' id='word_1_886' title='bbox 1759 5761 1791 5814; x_wconf 93' lang='lat' dir='ltr'><strong>ii</strong></span> <span class='ocrx_word' id='word_1_887' title='bbox 1825 5778 1950 5817; x_wconf 84' lang='lat' dir='ltr'><strong>vero</strong></span> <span class='ocrx_word' id='word_1_888' title='bbox 1984 5780 2040 5817; x_wconf 85' lang='lat' dir='ltr'><strong>es</strong></span> 
     </span>
    </p>
   </div>
   <div class='ocr_carea' id='block_1_116' title="bbox 2151 5753 3744 5829">
    <p class='ocr_par' dir='ltr' id='par_1_116' title="bbox 2177 5755 3744 5829">
     <span class='ocr_line' id='line_1_116' title="bbox 2177 5755 3744 5829; baseline -0.008 -9"><span class='ocrx_word' id='word_1_889' title='bbox 2177 5768 2268 5820; x_wconf 70' lang='grc' dir='ltr'><strong>καὶ</strong></span> <span class='ocrx_word' id='word_1_890' title='bbox 2303 5766 2582 5819; x_wconf 80' lang='grc' dir='ltr'>ἐκέλευσεν</span> <span class='ocrx_word' id='word_1_891' title='bbox 2633 5764 2887 5816; x_wconf 70' lang='grc' dir='ltr'>εἰσελθεῖν</span> <span class='ocrx_word' id='word_1_892' title='bbox 2924 5764 3238 5829; x_wconf 61' lang='grc' dir='ltr'>Ἰκῖπιφάνιον</span> <span class='ocrx_word' id='word_1_893' title='bbox 3275 5762 3365 5811; x_wconf 68' lang='grc' dir='ltr'><strong>καὶ</strong></span> <span class='ocrx_word' id='word_1_894' title='bbox 3415 5759 3508 5829; x_wconf 78' lang='grc' dir='ltr'><strong>τὴν</strong></span> <span class='ocrx_word' id='word_1_895' title='bbox 3556 5755 3744 5809; x_wconf 79' lang='grc' dir='ltr'>ἑαυτοῦ</span> 
     </span>
    </p>
   </div>
  </div>
