  <div class='ocr_page' id='page_1' title='image "/cluster/home/n/w/nwhite01/storage/ocr_20150623/41:no.1/coo.31924054869387/024.png"; bbox 0 0 4058 6460; ppageno 0'>
   <div class='ocr_carea' id='block_1_1' title="bbox 374 341 469 394">
    <p class='ocr_par' dir='ltr' id='par_1_1' title="bbox 374 341 469 394">
     <span class='ocr_line' id='line_1_1' title="bbox 374 341 469 394; baseline 0 0"><span class='ocrx_word' id='word_1_1' title='bbox 374 341 469 394; x_wconf 73' lang='grc'>35·</span> 
     </span>
    </p>
   </div>
   <div class='ocr_carea' id='block_1_2' title="bbox 1665 339 3639 410">
    <p class='ocr_par' dir='ltr' id='par_1_2' title="bbox 1665 339 3639 410">
     <span class='ocr_line' id='line_1_2' title="bbox 1665 339 3639 410; baseline 0.006 -16"><span class='ocrx_word' id='word_1_2' title='bbox 1665 340 1722 394; x_wconf 91' lang='lat' dir='ltr'><strong>S.</strong></span> <span class='ocrx_word' id='word_1_3' title='bbox 1768 339 2113 395; x_wconf 76' lang='lat' dir='ltr'>EPIPHANII</span> <span class='ocrx_word' id='word_1_4' title='bbox 2161 341 2339 397; x_wconf 82' lang='lat' dir='ltr'>VITA.</span> <span class='ocrx_word' id='word_1_5' title='bbox 3568 346 3639 410; x_wconf 66' lang='grc'>54</span> 
     </span>
    </p>
   </div>
   <div class='ocr_carea' id='block_1_3' title="bbox 376 451 1979 532">
    <p class='ocr_par' dir='ltr' id='par_1_3' title="bbox 376 451 1965 524">
     <span class='ocr_line' id='line_1_3' title="bbox 376 451 1965 524; baseline -0.001 -18"><span class='ocrx_word' id='word_1_6' title='bbox 376 453 632 523; x_wconf 75' lang='grc' dir='ltr'>ἀδελφὴν,</span> <span class='ocrx_word' id='word_1_7' title='bbox 666 454 763 506; x_wconf 71' lang='grc' dir='ltr'>καὶ</span> <span class='ocrx_word' id='word_1_8' title='bbox 800 452 1095 506; x_wconf 76' lang='grc' dir='ltr'>Λουκιανὸν</span> <span class='ocrx_word' id='word_1_9' title='bbox 1143 452 1260 521; x_wconf 79' lang='grc' dir='ltr'>μετ’</span> <span class='ocrx_word' id='word_1_10' title='bbox 1307 451 1506 517; x_wconf 72' lang='grc' dir='ltr'>αὐτῶν,</span> <span class='ocrx_word' id='word_1_11' title='bbox 1547 453 1603 515; x_wconf 80' lang='grc' dir='ltr'>ὃς</span> <span class='ocrx_word' id='word_1_12' title='bbox 1638 455 1732 506; x_wconf 76' lang='grc' dir='ltr'>καὶ</span> <span class='ocrx_word' id='word_1_13' title='bbox 1781 454 1965 524; x_wconf 79' lang='grc' dir='ltr'>πατὴρ</span> 
     </span>
    </p>
   </div>
   <div class='ocr_carea' id='block_1_4' title="bbox 2081 451 3638 532">
    <p class='ocr_par' dir='ltr' id='par_1_4' title="bbox 2081 455 3638 532">
     <span class='ocr_line' id='line_1_4' title="bbox 2081 455 3638 532; baseline 0.004 -23"><span class='ocrx_word' id='word_1_14' title='bbox 2081 465 2192 510; x_wconf 74' lang='lat' dir='ltr'><strong>sent</strong></span> <span class='ocrx_word' id='word_1_15' title='bbox 2241 455 2530 532; x_wconf 87' lang='lat' dir='ltr'><strong>participes</strong></span> <span class='ocrx_word' id='word_1_16' title='bbox 2580 455 2889 510; x_wconf 69' lang='lat' dir='ltr'><strong>divinorum</strong></span> <span class='ocrx_word' id='word_1_17' title='bbox 2932 465 2986 511; x_wconf 90' lang='lat' dir='ltr'>et</span> <span class='ocrx_word' id='word_1_18' title='bbox 3029 457 3418 513; x_wconf 82' lang='lat' dir='ltr'>immortalium</span> <span class='ocrx_word' id='word_1_19' title='bbox 3447 474 3638 515; x_wconf 84' lang='lat' dir='ltr'><strong>sacra-</strong></span> 
     </span>
    </p>
   </div>
   <div class='ocr_carea' id='block_1_5' title="bbox 379 543 1958 616">
    <p class='ocr_par' dir='ltr' id='par_1_5' title="bbox 379 543 1958 616">
     <span class='ocr_line' id='line_1_5' title="bbox 379 543 1958 616; baseline -0.003 -18"><span class='ocrx_word' id='word_1_20' title='bbox 379 544 556 598; x_wconf 80' lang='grc' dir='ltr'>αὒτῶν</span> <span class='ocrx_word' id='word_1_21' title='bbox 581 543 821 616; x_wconf 74' lang='grc' dir='ltr'>ἐγενήθη</span> <span class='ocrx_word' id='word_1_22' title='bbox 849 544 941 597; x_wconf 72' lang='grc' dir='ltr'>ἐπὶ</span> <span class='ocrx_word' id='word_1_23' title='bbox 966 543 1058 596; x_wconf 89' lang='grc' dir='ltr'>τοῦ</span> <span class='ocrx_word' id='word_1_24' title='bbox 1092 543 1247 611; x_wconf 80' lang='grc' dir='ltr'>ἁγίου</span> <span class='ocrx_word' id='word_1_25' title='bbox 1281 543 1649 615; x_wconf 83' lang='grc' dir='ltr'>φωτίσματος.</span> <span class='ocrx_word' id='word_1_26' title='bbox 1667 545 1724 597; x_wconf 87' lang='lat'>&#39;0</span> <span class='ocrx_word' id='word_1_27' title='bbox 1756 544 1813 597; x_wconf 86' lang='grc' dir='ltr'>δὲ</span> <span class='ocrx_word' id='word_1_28' title='bbox 1839 543 1958 596; x_wconf 82' lang='grc' dir='ltr'>ὲπί⁸</span> 
     </span>
    </p>
   </div>
   <div class='ocr_carea' id='block_1_6' title="bbox 383 633 1963 705">
    <p class='ocr_par' dir='ltr' id='par_1_6' title="bbox 383 633 1963 705">
     <span class='ocr_line' id='line_1_6' title="bbox 383 633 1963 705; baseline -0.001 -17"><span class='ocrx_word' id='word_1_29' title='bbox 383 650 582 697; x_wconf 86' lang='grc' dir='ltr'>σκοπος</span> <span class='ocrx_word' id='word_1_30' title='bbox 614 634 835 698; x_wconf 73' lang='grc' dir='ltr'>διδάξας</span> <span class='ocrx_word' id='word_1_31' title='bbox 866 635 1063 698; x_wconf 76' lang='grc' dir='ltr'>αὐτοὺς</span> <span class='ocrx_word' id='word_1_32' title='bbox 1094 634 1193 705; x_wconf 83' lang='grc' dir='ltr'>τὴν</span> <span class='ocrx_word' id='word_1_33' title='bbox 1220 634 1435 687; x_wconf 78' lang='grc' dir='ltr'>ἃπασαν</span> <span class='ocrx_word' id='word_1_34' title='bbox 1461 634 1802 698; x_wconf 71' lang='grc' dir='ltr'>ἀκολουθίαν,</span> <span class='ocrx_word' id='word_1_35' title='bbox 1833 633 1963 687; x_wconf 78' lang='grc' dir='ltr'><strong>ἐϐά-</strong></span> 
     </span>
    </p>
   </div>
   <div class='ocr_carea' id='block_1_7' title="bbox 384 724 1964 797">
    <p class='ocr_par' dir='ltr' id='par_1_7' title="bbox 384 724 1964 797">
     <span class='ocr_line' id='line_1_7' title="bbox 384 724 1964 797; baseline 0 -19"><span class='ocrx_word' id='word_1_36' title='bbox 384 743 573 779; x_wconf 83' lang='grc' dir='ltr'>πτισεν</span> <span class='ocrx_word' id='word_1_37' title='bbox 605 726 828 789; x_wconf 75' lang='grc' dir='ltr'>αὐτούς.</span> <span class='ocrx_word' id='word_1_38' title='bbox 859 725 979 778; x_wconf 84' lang='grc' dir='ltr'>Τῶν</span> <span class='ocrx_word' id='word_1_39' title='bbox 1004 725 1060 778; x_wconf 81' lang='grc' dir='ltr'>δὲ</span> <span class='ocrx_word' id='word_1_40' title='bbox 1098 724 1509 797; x_wconf 75' lang='grc' dir='ltr'>μεταλαϐόντων</span> <span class='ocrx_word' id='word_1_41' title='bbox 1534 725 1642 779; x_wconf 88' lang='grc' dir='ltr'>τῶν</span> <span class='ocrx_word' id='word_1_42' title='bbox 1682 725 1841 778; x_wconf 84' lang='grc' dir='ltr'>θείων</span> <span class='ocrx_word' id='word_1_43' title='bbox 1871 725 1964 778; x_wconf 72' lang='grc' dir='ltr'>καὶ</span> 
     </span>
    </p>
   </div>
   <div class='ocr_carea' id='block_1_8' title="bbox 381 815 1966 887">
    <p class='ocr_par' dir='ltr' id='par_1_8' title="bbox 381 815 1966 887">
     <span class='ocr_line' id='line_1_8' title="bbox 381 815 1966 887; baseline -0.003 -17"><span class='ocrx_word' id='word_1_44' title='bbox 381 816 669 870; x_wconf 78' lang='grc' dir='ltr'>ἀθανάτων</span> <span class='ocrx_word' id='word_1_45' title='bbox 711 815 1046 887; x_wconf 77' lang='grc' dir='ltr'>μυστηρίων,</span> <span class='ocrx_word' id='word_1_46' title='bbox 1077 815 1360 869; x_wconf 75' lang='grc' dir='ltr'>ἐκέλευσεν</span> <span class='ocrx_word' id='word_1_47' title='bbox 1389 816 1417 868; x_wconf 92' lang='lat'>6</span> <span class='ocrx_word' id='word_1_48' title='bbox 1446 816 1743 879; x_wconf 79' lang='grc' dir='ltr'>ἐπίσκοπος</span> <span class='ocrx_word' id='word_1_49' title='bbox 1767 815 1966 878; x_wconf 79' lang='grc' dir='ltr'>αὐτοὺς</span> 
     </span>
    </p>
   </div>
   <div class='ocr_carea' id='block_1_9' title="bbox 387 905 1965 978">
    <p class='ocr_par' dir='ltr' id='par_1_9' title="bbox 387 905 1965 978">
     <span class='ocr_line' id='line_1_9' title="bbox 387 905 1965 978; baseline -0.002 -17"><span class='ocrx_word' id='word_1_50' title='bbox 387 909 504 978; x_wconf 84' lang='grc' dir='ltr'>μετ’</span> <span class='ocrx_word' id='word_1_51' title='bbox 531 906 694 961; x_wconf 77' lang='grc' dir='ltr'>αὐτοῦ</span> <span class='ocrx_word' id='word_1_52' title='bbox 730 907 790 961; x_wconf 83' lang='grc' dir='ltr'>τὸ</span> <span class='ocrx_word' id='word_1_53' title='bbox 820 906 1038 978; x_wconf 79' lang='grc' dir='ltr'>ἄριστον</span> <span class='ocrx_word' id='word_1_54' title='bbox 1071 906 1314 975; x_wconf 73' lang='grc' dir='ltr'>ποιῆσαι,</span> <span class='ocrx_word' id='word_1_55' title='bbox 1347 905 1548 976; x_wconf 81' lang='grc' dir='ltr'>ὁμοίως</span> <span class='ocrx_word' id='word_1_56' title='bbox 1582 906 1763 977; x_wconf 83' lang='grc' dir='ltr'>μένειν</span> <span class='ocrx_word' id='word_1_57' title='bbox 1789 905 1885 968; x_wconf 79' lang='grc' dir='ltr'>τὰς</span> <span class='ocrx_word' id='word_1_58' title='bbox 1921 906 1965 968; x_wconf 75' lang='grc' dir='ltr'>ζ’</span> 
     </span>
    </p>
   </div>
   <div class='ocr_carea' id='block_1_10' title="bbox 384 995 1967 1069">
    <p class='ocr_par' dir='ltr' id='par_1_10' title="bbox 384 995 1967 1069">
     <span class='ocr_line' id='line_1_10' title="bbox 384 995 1967 1069; baseline -0.002 -17"><span class='ocrx_word' id='word_1_59' title='bbox 384 999 597 1069; x_wconf 72' lang='grc' dir='ltr'>ἡμέρας</span> <span class='ocrx_word' id='word_1_60' title='bbox 616 1001 673 1053; x_wconf 80' lang='grc' dir='ltr'>ὲν</span> <span class='ocrx_word' id='word_1_61' title='bbox 695 998 772 1069; x_wconf 85' lang='grc' dir='ltr'>τῷ</span> <span class='ocrx_word' id='word_1_62' title='bbox 798 997 1120 1067; x_wconf 80' lang='grc' dir='ltr'>ὲπισκοπίῳ.</span> <span class='ocrx_word' id='word_1_63' title='bbox 1146 996 1302 1050; x_wconf 81' lang='grc' dir='ltr'>Μετά</span> <span class='ocrx_word' id='word_1_64' title='bbox 1324 996 1380 1049; x_wconf 81' lang='grc' dir='ltr'>δὲ</span> <span class='ocrx_word' id='word_1_65' title='bbox 1411 995 1509 1060; x_wconf 79' lang='grc' dir='ltr'>τὰς</span> <span class='ocrx_word' id='word_1_66' title='bbox 1542 999 1586 1061; x_wconf 76' lang='grc' dir='ltr'>ς’</span> <span class='ocrx_word' id='word_1_67' title='bbox 1617 997 1830 1068; x_wconf 79' lang='grc' dir='ltr'>ἡμέρας</span> <span class='ocrx_word' id='word_1_68' title='bbox 1851 995 1967 1049; x_wconf 78' lang='grc' dir='ltr'>έλα-</span> 
     </span>
    </p>
   </div>
   <div class='ocr_carea' id='block_1_11' title="bbox 384 1087 1967 1161">
    <p class='ocr_par' dir='ltr' id='par_1_11' title="bbox 384 1087 1967 1161">
     <span class='ocr_line' id='line_1_11' title="bbox 384 1087 1967 1161; baseline 0 -20"><span class='ocrx_word' id='word_1_69' title='bbox 384 1090 484 1143; x_wconf 84' lang='grc' dir='ltr'>6εν</span> <span class='ocrx_word' id='word_1_70' title='bbox 522 1089 833 1157; x_wconf 81' lang='grc' dir='ltr'>Ἐπιφάνιος</span> <span class='ocrx_word' id='word_1_71' title='bbox 866 1088 1183 1151; x_wconf 81' lang='grc' dir='ltr'>Λουκιανὸν,</span> <span class='ocrx_word' id='word_1_72' title='bbox 1215 1087 1311 1141; x_wconf 74' lang='grc' dir='ltr'>καὶ</span> <span class='ocrx_word' id='word_1_73' title='bbox 1351 1088 1617 1158; x_wconf 75' lang='grc' dir='ltr'>Βερνίκην</span> <span class='ocrx_word' id='word_1_74' title='bbox 1661 1089 1760 1161; x_wconf 80' lang='grc' dir='ltr'>τὴν</span> <span class='ocrx_word' id='word_1_75' title='bbox 1804 1089 1967 1157; x_wconf 82' lang='grc' dir='ltr'>ἁγίαν</span> 
     </span>
    </p>
   </div>
   <div class='ocr_carea' id='block_1_12' title="bbox 384 1180 1966 1253">
    <p class='ocr_par' dir='ltr' id='par_1_12' title="bbox 384 1180 1966 1253">
     <span class='ocr_line' id='line_1_12' title="bbox 384 1180 1966 1253; baseline 0.001 -21"><span class='ocrx_word' id='word_1_76' title='bbox 384 1181 677 1253; x_wconf 77' lang='grc' dir='ltr'>παρθένον,</span> <span class='ocrx_word' id='word_1_77' title='bbox 735 1182 860 1251; x_wconf 79' lang='grc' dir='ltr'>ἥτις</span> <span class='ocrx_word' id='word_1_78' title='bbox 897 1180 1112 1247; x_wconf 81' lang='grc' dir='ltr'>ἐγένετο</span> <span class='ocrx_word' id='word_1_79' title='bbox 1139 1181 1321 1251; x_wconf 86' lang='grc' dir='ltr'>μήτηρ</span> <span class='ocrx_word' id='word_1_80' title='bbox 1345 1180 1445 1251; x_wconf 80' lang='grc' dir='ltr'>τῆς</span> <span class='ocrx_word' id='word_1_81' title='bbox 1466 1181 1699 1250; x_wconf 82' lang='grc' dir='ltr'>ἀδελφῆς</span> <span class='ocrx_word' id='word_1_82' title='bbox 1735 1182 1966 1249; x_wconf 85' lang='grc' dir='ltr'>Ἐπιφα-</span> 
     </span>
    </p>
   </div>
   <div class='ocr_carea' id='block_1_13' title="bbox 384 1269 1969 1341">
    <p class='ocr_par' dir='ltr' id='par_1_13' title="bbox 384 1269 1969 1341">
     <span class='ocr_line' id='line_1_13' title="bbox 384 1269 1969 1341; baseline 0 -18"><span class='ocrx_word' id='word_1_83' title='bbox 384 1272 525 1334; x_wconf 85' lang='grc' dir='ltr'>νίου,</span> <span class='ocrx_word' id='word_1_84' title='bbox 556 1271 650 1323; x_wconf 78' lang='grc' dir='ltr'>καὶ</span> <span class='ocrx_word' id='word_1_85' title='bbox 694 1272 1012 1340; x_wconf 83' lang='grc' dir='ltr'>είσήνεγκεν</span> <span class='ocrx_word' id='word_1_86' title='bbox 1050 1269 1249 1332; x_wconf 82' lang='grc' dir='ltr'>αὐτοὺς</span> <span class='ocrx_word' id='word_1_87' title='bbox 1285 1272 1342 1323; x_wconf 78' lang='grc' dir='ltr'>ἐν</span> <span class='ocrx_word' id='word_1_88' title='bbox 1368 1269 1447 1340; x_wconf 83' lang='grc' dir='ltr'>τῷ</span> <span class='ocrx_word' id='word_1_89' title='bbox 1469 1269 1602 1341; x_wconf 82' lang='grc' dir='ltr'>οίκῳ</span> <span class='ocrx_word' id='word_1_90' title='bbox 1634 1269 1802 1324; x_wconf 78' lang='grc' dir='ltr'>αὑτοῦ</span> <span class='ocrx_word' id='word_1_91' title='bbox 1823 1289 1836 1303; x_wconf 77' lang='grc'><em>’</em></span> <span class='ocrx_word' id='word_1_92' title='bbox 1874 1271 1969 1324; x_wconf 74' lang='grc' dir='ltr'>καὶ</span> 
     </span>
    </p>
   </div>
   <div class='ocr_carea' id='block_1_14' title="bbox 385 1359 1967 1433">
    <p class='ocr_par' dir='ltr' id='par_1_14' title="bbox 385 1359 1967 1433">
     <span class='ocr_line' id='line_1_14' title="bbox 385 1359 1967 1433; baseline 0.001 -20"><span class='ocrx_word' id='word_1_93' title='bbox 385 1360 568 1415; x_wconf 75' lang='grc' dir='ltr'>λαϐὼν</span> <span class='ocrx_word' id='word_1_94' title='bbox 595 1361 740 1431; x_wconf 86' lang='grc' dir='ltr'>χίλια</span> <span class='ocrx_word' id='word_1_95' title='bbox 762 1361 1090 1431; x_wconf 76' lang='grc' dir='ltr'>νομίσματα,</span> <span class='ocrx_word' id='word_1_96' title='bbox 1114 1359 1313 1413; x_wconf 73' lang='grc' dir='ltr'>ἔδωκεν</span> <span class='ocrx_word' id='word_1_97' title='bbox 1333 1363 1398 1432; x_wconf 78' lang='grc' dir='ltr'>τῇ</span> <span class='ocrx_word' id='word_1_98' title='bbox 1421 1362 1676 1433; x_wconf 85' lang='grc' dir='ltr'>Βερνίκῃ,</span> <span class='ocrx_word' id='word_1_99' title='bbox 1709 1362 1801 1415; x_wconf 78' lang='grc' dir='ltr'>καὶ</span> <span class='ocrx_word' id='word_1_100' title='bbox 1823 1378 1967 1432; x_wconf 85' lang='grc' dir='ltr'>παρ-</span> 
     </span>
    </p>
   </div>
   <div class='ocr_carea' id='block_1_15' title="bbox 387 1448 1965 1524">
    <p class='ocr_par' dir='ltr' id='par_1_15' title="bbox 387 1448 1965 1524">
     <span class='ocr_line' id='line_1_15' title="bbox 387 1448 1965 1524; baseline -0.001 -18"><span class='ocrx_word' id='word_1_101' title='bbox 387 1454 588 1506; x_wconf 84' lang='grc' dir='ltr'>έδωκεν</span> <span class='ocrx_word' id='word_1_102' title='bbox 635 1453 771 1523; x_wconf 80' lang='grc' dir='ltr'>αὐτῇ</span> <span class='ocrx_word' id='word_1_103' title='bbox 825 1452 919 1504; x_wconf 63' lang='grc' dir='ltr'>κα)⁸</span> <span class='ocrx_word' id='word_1_104' title='bbox 946 1452 1045 1523; x_wconf 82' lang='grc' dir='ltr'>τὴν</span> <span class='ocrx_word' id='word_1_105' title='bbox 1072 1452 1237 1507; x_wconf 76' lang='grc' dir='ltr'>αὐτοῦ</span> <span class='ocrx_word' id='word_1_106' title='bbox 1283 1453 1517 1523; x_wconf 85' lang='grc' dir='ltr'>ἀδελφὴν</span> <span class='ocrx_word' id='word_1_107' title='bbox 1549 1455 1568 1519; x_wconf 91' lang='grc'>(</span> <span class='ocrx_word' id='word_1_108' title='bbox 1590 1448 1658 1522; x_wconf 81' lang='grc' dir='ltr'>ἦν</span> <span class='ocrx_word' id='word_1_109' title='bbox 1686 1452 1794 1522; x_wconf 86' lang='grc' dir='ltr'>γὰρ</span> <span class='ocrx_word' id='word_1_110' title='bbox 1829 1452 1965 1524; x_wconf 74' lang='grc' dir='ltr'>αὕτη</span> 
     </span>
    </p>
   </div>
   <div class='ocr_carea' id='block_1_16' title="bbox 387 1541 1967 1614">
    <p class='ocr_par' dir='ltr' id='par_1_16' title="bbox 387 1541 1967 1614">
     <span class='ocr_line' id='line_1_16' title="bbox 387 1541 1967 1614; baseline -0.002 -18"><span class='ocrx_word' id='word_1_111' title='bbox 387 1544 634 1613; x_wconf 79' lang='grc' dir='ltr'>ἄρχουσα</span> <span class='ocrx_word' id='word_1_112' title='bbox 664 1542 755 1597; x_wconf 77' lang='grc' dir='ltr'>καὶ</span> <span class='ocrx_word' id='word_1_113' title='bbox 777 1541 951 1596; x_wconf 81' lang='grc' dir='ltr'>ἄλλων</span> <span class='ocrx_word' id='word_1_114' title='bbox 979 1543 1312 1613; x_wconf 84' lang='grc' dir='ltr'>παρθένων),</span> <span class='ocrx_word' id='word_1_115' title='bbox 1348 1544 1442 1596; x_wconf 73' lang='grc' dir='ltr'>καὶ</span> <span class='ocrx_word' id='word_1_116' title='bbox 1468 1542 1775 1614; x_wconf 76' lang='grc' dir='ltr'>ἐξέπεμψεν</span> <span class='ocrx_word' id='word_1_117' title='bbox 1800 1543 1967 1614; x_wconf 81' lang='grc' dir='ltr'>αὐτὴν</span> 
     </span>
    </p>
   </div>
   <div class='ocr_carea' id='block_1_17' title="bbox 2067 544 3641 617">
    <p class='ocr_par' dir='ltr' id='par_1_17' title="bbox 2067 544 3641 617">
     <span class='ocr_line' id='line_1_17' title="bbox 2067 544 3641 617; baseline 0.003 -17"><span class='ocrx_word' id='word_1_118' title='bbox 2067 554 2396 611; x_wconf 89' lang='lat' dir='ltr'><strong>mentorum,</strong></span> <span class='ocrx_word' id='word_1_119' title='bbox 2420 544 2588 615; x_wconf 83' lang='lat' dir='ltr'>jussit</span> <span class='ocrx_word' id='word_1_120' title='bbox 2612 547 2902 616; x_wconf 90' lang='lat' dir='ltr'><strong>episcopus</strong></span> <span class='ocrx_word' id='word_1_121' title='bbox 2930 562 3026 603; x_wconf 90' lang='lat' dir='ltr'>eos</span> <span class='ocrx_word' id='word_1_122' title='bbox 3058 550 3345 617; x_wconf 89' lang='lat' dir='ltr'><strong>prandere,</strong></span> <span class='ocrx_word' id='word_1_123' title='bbox 3385 550 3641 605; x_wconf 75' lang='lat' dir='ltr'>similiter</span> 
     </span>
    </p>
   </div>
   <div class='ocr_carea' id='block_1_18' title="bbox 2066 636 3640 708">
    <p class='ocr_par' dir='ltr' id='par_1_18' title="bbox 2066 636 3640 708">
     <span class='ocr_line' id='line_1_18' title="bbox 2066 636 3640 708; baseline 0.003 -17"><span class='ocrx_word' id='word_1_124' title='bbox 2066 646 2121 691; x_wconf 90' lang='lat' dir='ltr'>et</span> <span class='ocrx_word' id='word_1_125' title='bbox 2168 649 2390 690; x_wconf 85' lang='lat' dir='ltr'><strong>manere</strong></span> <span class='ocrx_word' id='word_1_126' title='bbox 2438 645 2645 706; x_wconf 80' lang='lat' dir='ltr'>septem</span> <span class='ocrx_word' id='word_1_127' title='bbox 2674 636 2790 691; x_wconf 89' lang='lat' dir='ltr'><strong>dies</strong></span> <span class='ocrx_word' id='word_1_128' title='bbox 2818 638 2874 692; x_wconf 89' lang='lat' dir='ltr'>in</span> <span class='ocrx_word' id='word_1_129' title='bbox 2901 637 3242 708; x_wconf 77' lang='lat' dir='ltr'>episcopatu.</span> <span class='ocrx_word' id='word_1_130' title='bbox 3273 637 3405 695; x_wconf 89' lang='lat' dir='ltr'><strong>Post</strong></span> <span class='ocrx_word' id='word_1_131' title='bbox 3435 651 3640 708; x_wconf 89' lang='lat' dir='ltr'><strong>septem</strong></span> 
     </span>
    </p>
   </div>
   <div class='ocr_carea' id='block_1_19' title="bbox 2065 727 3644 800">
    <p class='ocr_par' dir='ltr' id='par_1_19' title="bbox 2065 727 3644 800">
     <span class='ocr_line' id='line_1_19' title="bbox 2065 727 3644 800; baseline 0.003 -18"><span class='ocrx_word' id='word_1_132' title='bbox 2065 735 2247 782; x_wconf 90' lang='lat' dir='ltr'><strong>autem</strong></span> <span class='ocrx_word' id='word_1_133' title='bbox 2278 727 2396 782; x_wconf 92' lang='lat' dir='ltr'><strong>dies</strong></span> <span class='ocrx_word' id='word_1_134' title='bbox 2424 728 2636 798; x_wconf 88' lang='lat' dir='ltr'><strong>accepit</strong></span> <span class='ocrx_word' id='word_1_135' title='bbox 2663 728 2997 800; x_wconf 83' lang='lat' dir='ltr'>Epiphanius</span> <span class='ocrx_word' id='word_1_136' title='bbox 3030 729 3356 796; x_wconf 89' lang='lat' dir='ltr'><strong>Lueianum,</strong></span> <span class='ocrx_word' id='word_1_137' title='bbox 3389 741 3442 787; x_wconf 89' lang='lat' dir='ltr'>et</span> <span class='ocrx_word' id='word_1_138' title='bbox 3476 732 3644 788; x_wconf 75' lang='lat' dir='ltr'><strong>Vero-</strong></span> 
     </span>
    </p>
   </div>
   <div class='ocr_carea' id='block_1_20' title="bbox 2067 821 3646 898">
    <p class='ocr_par' dir='ltr' id='par_1_20' title="bbox 2067 821 3646 898">
     <span class='ocr_line' id='line_1_20' title="bbox 2067 821 3646 898; baseline 0.006 -24"><span class='ocrx_word' id='word_1_139' title='bbox 2067 821 2243 876; x_wconf 90' lang='lat' dir='ltr'><strong>nicam</strong></span> <span class='ocrx_word' id='word_1_140' title='bbox 2288 833 2531 879; x_wconf 86' lang='lat' dir='ltr'><strong>sanctam</strong></span> <span class='ocrx_word' id='word_1_141' title='bbox 2574 826 2861 897; x_wconf 82' lang='lat' dir='ltr'>virginem,</span> <span class='ocrx_word' id='word_1_142' title='bbox 2902 843 3024 897; x_wconf 81' lang='lat' dir='ltr'><strong>quae</strong></span> <span class='ocrx_word' id='word_1_143' title='bbox 3075 829 3293 898; x_wconf 88' lang='lat' dir='ltr'><strong>quidem</strong></span> <span class='ocrx_word' id='word_1_144' title='bbox 3340 829 3443 884; x_wconf 86' lang='lat' dir='ltr'><strong>fuit</strong></span> <span class='ocrx_word' id='word_1_145' title='bbox 3486 845 3646 885; x_wconf 89' lang='lat' dir='ltr'><strong>soror</strong></span> 
     </span>
    </p>
   </div>
   <div class='ocr_carea' id='block_1_21' title="bbox 2067 914 3643 1001">
    <p class='ocr_par' dir='ltr' id='par_1_21' title="bbox 2067 914 3643 1001">
     <span class='ocr_line' id='line_1_21' title="bbox 2067 914 3643 1001; baseline 0.005 -34"><span class='ocrx_word' id='word_1_146' title='bbox 2067 914 2258 969; x_wconf 90' lang='lat' dir='ltr'><strong>matris</strong></span> <span class='ocrx_word' id='word_1_147' title='bbox 2278 914 2450 984; x_wconf 91' lang='lat' dir='ltr'><strong>ipsius</strong></span> <span class='ocrx_word' id='word_1_148' title='bbox 2474 916 2782 1001; x_wconf 72' lang='lat' dir='ltr'><strong>Epiphanii,</strong></span> <span class='ocrx_word' id='word_1_149' title='bbox 2807 926 2861 973; x_wconf 90' lang='lat' dir='ltr'>et</span> <span class='ocrx_word' id='word_1_150' title='bbox 2887 918 3190 975; x_wconf 74' lang='lat' dir='ltr'>introduxit</span> <span class='ocrx_word' id='word_1_151' title='bbox 3214 936 3309 976; x_wconf 86' lang='lat' dir='ltr'>eos</span> <span class='ocrx_word' id='word_1_152' title='bbox 3338 921 3393 975; x_wconf 90' lang='lat' dir='ltr'><strong>in</strong></span> <span class='ocrx_word' id='word_1_153' title='bbox 3419 922 3643 975; x_wconf 82' lang='lat' dir='ltr'><strong>doumm</strong></span> 
     </span>
    </p>
   </div>
   <div class='ocr_carea' id='block_1_22' title="bbox 2066 1008 3648 1077">
    <p class='ocr_par' dir='ltr' id='par_1_22' title="bbox 2066 1008 3648 1077">
     <span class='ocr_line' id='line_1_22' title="bbox 2066 1008 3648 1077; baseline 0.005 -17"><span class='ocrx_word' id='word_1_154' title='bbox 2066 1021 2221 1060; x_wconf 90' lang='lat' dir='ltr'><strong>suam</strong></span> <span class='ocrx_word' id='word_1_155' title='bbox 2267 1023 2282 1059; x_wconf 90' lang='lat'><strong>:</strong></span> <span class='ocrx_word' id='word_1_156' title='bbox 2329 1008 2645 1076; x_wconf 76' lang='lat' dir='ltr'>accepitque</span> <span class='ocrx_word' id='word_1_157' title='bbox 2696 1010 2843 1064; x_wconf 90' lang='lat' dir='ltr'><strong>mille</strong></span> <span class='ocrx_word' id='word_1_158' title='bbox 2892 1025 3174 1077; x_wconf 89' lang='lat' dir='ltr'><strong>nummos,</strong></span> <span class='ocrx_word' id='word_1_159' title='bbox 3233 1021 3287 1066; x_wconf 92' lang='lat' dir='ltr'>et</span> <span class='ocrx_word' id='word_1_160' title='bbox 3324 1012 3471 1067; x_wconf 86' lang='lat' dir='ltr'><strong>dedit</strong></span> <span class='ocrx_word' id='word_1_161' title='bbox 3495 1014 3565 1077; x_wconf 91' lang='lat' dir='ltr'>ei,</span> <span class='ocrx_word' id='word_1_162' title='bbox 3593 1021 3648 1068; x_wconf 91' lang='lat' dir='ltr'>ct</span> 
     </span>
    </p>
   </div>
   <div class='ocr_carea' id='block_1_23' title="bbox 2069 1099 3647 1174">
    <p class='ocr_par' dir='ltr' id='par_1_23' title="bbox 2069 1099 3647 1174">
     <span class='ocr_line' id='line_1_23' title="bbox 2069 1099 3647 1174; baseline 0.003 -23"><span class='ocrx_word' id='word_1_163' title='bbox 2069 1111 2318 1151; x_wconf 85' lang='lat' dir='ltr'><strong>sororem</strong></span> <span class='ocrx_word' id='word_1_164' title='bbox 2354 1113 2508 1153; x_wconf 86' lang='lat' dir='ltr'><strong>suam</strong></span> <span class='ocrx_word' id='word_1_165' title='bbox 2536 1099 2555 1169; x_wconf 91' lang='lat'>(</span> <span class='ocrx_word' id='word_1_166' title='bbox 2578 1115 2704 1155; x_wconf 93' lang='lat' dir='ltr'>nam</span> <span class='ocrx_word' id='word_1_167' title='bbox 2734 1116 2797 1155; x_wconf 91' lang='lat' dir='ltr'>ea</span> <span class='ocrx_word' id='word_1_168' title='bbox 2826 1116 3044 1170; x_wconf 90' lang='lat' dir='ltr'><strong>quoque</strong></span> <span class='ocrx_word' id='word_1_169' title='bbox 3075 1102 3197 1158; x_wconf 90' lang='lat' dir='ltr'><strong>aliis</strong></span> <span class='ocrx_word' id='word_1_170' title='bbox 3220 1113 3451 1172; x_wconf 75' lang='lat' dir='ltr'><strong>praeerat</strong></span> <span class='ocrx_word' id='word_1_171' title='bbox 3476 1104 3647 1174; x_wconf 87' lang='lat' dir='ltr'><strong>virgi-</strong></span> 
     </span>
    </p>
   </div>
   <div class='ocr_carea' id='block_1_24' title="bbox 2070 1187 3647 1261">
    <p class='ocr_par' dir='ltr' id='par_1_24' title="bbox 2070 1187 3647 1261">
     <span class='ocr_line' id='line_1_24' title="bbox 2070 1187 3647 1261; baseline 0.004 -22"><span class='ocrx_word' id='word_1_172' title='bbox 2070 1187 2273 1259; x_wconf 89' lang='lat' dir='ltr'><strong>nibus)</strong></span> <span class='ocrx_word' id='word_1_173' title='bbox 2324 1189 2473 1243; x_wconf 86' lang='lat' dir='ltr'><strong>misit</strong></span> <span class='ocrx_word' id='word_1_174' title='bbox 2501 1205 2624 1244; x_wconf 90' lang='lat' dir='ltr'>cum</span> <span class='ocrx_word' id='word_1_175' title='bbox 2651 1205 2735 1246; x_wconf 90' lang='lat' dir='ltr'>ea.</span> <span class='ocrx_word' id='word_1_176' title='bbox 2773 1192 3109 1261; x_wconf 82' lang='lat' dir='ltr'><strong>Epiphanius</strong></span> <span class='ocrx_word' id='word_1_177' title='bbox 3135 1204 3337 1256; x_wconf 89' lang='lat' dir='ltr'><strong>autem,</strong></span> <span class='ocrx_word' id='word_1_178' title='bbox 3372 1210 3496 1247; x_wconf 91' lang='lat' dir='ltr'>cum</span> <span class='ocrx_word' id='word_1_179' title='bbox 3529 1210 3647 1249; x_wconf 83' lang='lat' dir='ltr'><strong>om-</strong></span> 
     </span>
    </p>
   </div>
   <div class='ocr_carea' id='block_1_25' title="bbox 2070 1277 3648 1353">
    <p class='ocr_par' dir='ltr' id='par_1_25' title="bbox 2070 1277 3648 1353">
     <span class='ocr_line' id='line_1_25' title="bbox 2070 1277 3648 1353; baseline 0.006 -23"><span class='ocrx_word' id='word_1_180' title='bbox 2070 1277 2159 1331; x_wconf 87' lang='lat' dir='ltr'><strong>nia</strong></span> <span class='ocrx_word' id='word_1_181' title='bbox 2217 1278 2569 1346; x_wconf 84' lang='lat' dir='ltr'>vendidisset,</span> <span class='ocrx_word' id='word_1_182' title='bbox 2621 1282 2769 1336; x_wconf 83' lang='lat' dir='ltr'><strong>dedit</strong></span> <span class='ocrx_word' id='word_1_183' title='bbox 2832 1282 3228 1353; x_wconf 77' lang='lat' dir='ltr'><strong>indigentibus,</strong></span> <span class='ocrx_word' id='word_1_184' title='bbox 3284 1285 3490 1340; x_wconf 88' lang='lat' dir='ltr'><strong>relictis</strong></span> <span class='ocrx_word' id='word_1_185' title='bbox 3543 1285 3648 1339; x_wconf 87' lang='lat' dir='ltr'><strong>sibi</strong></span> 
     </span>
    </p>
   </div>
   <div class='ocr_carea' id='block_1_26' title="bbox 2069 1369 3648 1444">
    <p class='ocr_par' dir='ltr' id='par_1_26' title="bbox 2069 1369 3648 1444">
     <span class='ocr_line' id='line_1_26' title="bbox 2069 1369 3648 1444; baseline 0.006 -23"><span class='ocrx_word' id='word_1_186' title='bbox 2069 1369 2430 1439; x_wconf 80' lang='lat' dir='ltr'>quadraginta</span> <span class='ocrx_word' id='word_1_187' title='bbox 2484 1373 2724 1428; x_wconf 91' lang='lat' dir='ltr'><strong>nummis</strong></span> <span class='ocrx_word' id='word_1_188' title='bbox 2771 1374 2837 1427; x_wconf 89' lang='lat' dir='ltr'><strong>ad</strong></span> <span class='ocrx_word' id='word_1_189' title='bbox 2889 1373 3107 1428; x_wconf 88' lang='lat' dir='ltr'><strong>divinos</strong></span> <span class='ocrx_word' id='word_1_190' title='bbox 3143 1374 3445 1444; x_wconf 85' lang='lat' dir='ltr'><strong>vitalesque</strong></span> <span class='ocrx_word' id='word_1_191' title='bbox 3478 1375 3648 1430; x_wconf 89' lang='lat' dir='ltr'><strong>libros</strong></span> 
     </span>
    </p>
   </div>
   <div class='ocr_carea' id='block_1_27' title="bbox 2070 1462 3642 1537">
    <p class='ocr_par' dir='ltr' id='par_1_27' title="bbox 2070 1462 3642 1537">
     <span class='ocr_line' id='line_1_27' title="bbox 2070 1462 3642 1537; baseline 0.003 -23"><span class='ocrx_word' id='word_1_192' title='bbox 2070 1462 2507 1529; x_wconf 89' lang='lat' dir='ltr'><strong>comparandos;</strong></span> <span class='ocrx_word' id='word_1_193' title='bbox 2558 1474 2612 1517; x_wconf 89' lang='lat' dir='ltr'>et</span> <span class='ocrx_word' id='word_1_194' title='bbox 2656 1478 2686 1518; x_wconf 90' lang='lat' dir='ltr'>e</span> <span class='ocrx_word' id='word_1_195' title='bbox 2736 1464 2958 1519; x_wconf 87' lang='lat' dir='ltr'><strong>civitate</strong></span> <span class='ocrx_word' id='word_1_196' title='bbox 2987 1480 3241 1537; x_wconf 81' lang='lat' dir='ltr'><strong>egressus</strong></span> <span class='ocrx_word' id='word_1_197' title='bbox 3265 1476 3349 1521; x_wconf 72' lang='lat' dir='ltr'>est</span> <span class='ocrx_word' id='word_1_198' title='bbox 3379 1481 3500 1522; x_wconf 89' lang='lat' dir='ltr'><strong>cum</strong></span> <span class='ocrx_word' id='word_1_199' title='bbox 3536 1464 3642 1519; x_wconf 66' lang='lat' dir='ltr'><strong>Lm</strong></span> 
     </span>
    </p>
   </div>
   <div class='ocr_carea' id='block_1_28' title="bbox 2070 1550 3645 1622">
    <p class='ocr_par' dir='ltr' id='par_1_28' title="bbox 2070 1550 3645 1622">
     <span class='ocr_line' id='line_1_28' title="bbox 2070 1550 3645 1622; baseline 0.004 -17"><span class='ocrx_word' id='word_1_200' title='bbox 2070 1550 2251 1615; x_wconf 87' lang='lat' dir='ltr'><strong>ciano,</strong></span> <span class='ocrx_word' id='word_1_201' title='bbox 2284 1554 2541 1622; x_wconf 87' lang='lat' dir='ltr'><strong>quoniam</strong></span> <span class='ocrx_word' id='word_1_202' title='bbox 2571 1556 2616 1610; x_wconf 92' lang='lat' dir='ltr'>is</span> <span class='ocrx_word' id='word_1_203' title='bbox 2651 1566 3035 1613; x_wconf 86' lang='lat' dir='ltr'><strong>construxerat</strong></span> <span class='ocrx_word' id='word_1_204' title='bbox 3081 1559 3183 1613; x_wconf 89' lang='lat' dir='ltr'><strong>sibi</strong></span> <span class='ocrx_word' id='word_1_205' title='bbox 3227 1559 3645 1613; x_wconf 87' lang='lat' dir='ltr'><strong>monasterium.</strong></span> 
     </span>
    </p>
   </div>
   <div class='ocr_carea' id='block_1_29' title="bbox 276 1905 1961 1978">
    <p class='ocr_par' dir='ltr' id='par_1_29' title="bbox 276 1905 1961 1978">
     <span class='ocr_line' id='line_1_29' title="bbox 276 1905 1961 1978; baseline 0.002 -20"><span class='ocrx_word' id='word_1_206' title='bbox 276 1962 295 1972; x_wconf 63' lang='grc'><em>,</em></span> <span class='ocrx_word' id='word_1_207' title='bbox 390 1906 637 1976; x_wconf 73' lang='grc' dir='ltr'>βίϐλουςο</span> <span class='ocrx_word' id='word_1_208' title='bbox 684 1907 778 1959; x_wconf 74' lang='grc' dir='ltr'>καὶ</span> <span class='ocrx_word' id='word_1_209' title='bbox 805 1906 1023 1977; x_wconf 78' lang='grc' dir='ltr'>ἐξῆλθεν</span> <span class='ocrx_word' id='word_1_210' title='bbox 1054 1907 1163 1960; x_wconf 80' lang='grc' dir='ltr'>ἀπὸ</span> <span class='ocrx_word' id='word_1_211' title='bbox 1189 1908 1284 1978; x_wconf 82' lang='grc' dir='ltr'>τῆς</span> <span class='ocrx_word' id='word_1_212' title='bbox 1312 1907 1518 1971; x_wconf 82' lang='grc' dir='ltr'>πόλεως</span> <span class='ocrx_word' id='word_1_213' title='bbox 1565 1905 1700 1978; x_wconf 86' lang='grc' dir='ltr'>μετά</span> <span class='ocrx_word' id='word_1_214' title='bbox 1730 1909 1961 1961; x_wconf 83' lang='grc' dir='ltr'>Λουκια-</span> 
     </span>
    </p>
   </div>
   <div class='ocr_carea' id='block_1_30' title="bbox 390 1632 1979 1719">
    <p class='ocr_par' dir='ltr' id='par_1_30' title="bbox 390 1632 1970 1706">
     <span class='ocr_line' id='line_1_30' title="bbox 390 1632 1970 1706; baseline 0 -18"><span class='ocrx_word' id='word_1_215' title='bbox 390 1636 510 1706; x_wconf 75' lang='grc' dir='ltr'>μετ⁸</span> <span class='ocrx_word' id='word_1_216' title='bbox 540 1634 728 1706; x_wconf 86' lang='grc' dir='ltr'>αὐτῆς.</span> <span class='ocrx_word' id='word_1_217' title='bbox 747 1635 805 1687; x_wconf 84' lang='grc'>’0</span> <span class='ocrx_word' id='word_1_218' title='bbox 830 1634 887 1688; x_wconf 88' lang='grc' dir='ltr'>δὲ</span> <span class='ocrx_word' id='word_1_219' title='bbox 930 1632 1248 1703; x_wconf 79' lang='grc' dir='ltr'>Ἐπιφάνιος</span> <span class='ocrx_word' id='word_1_220' title='bbox 1271 1635 1626 1701; x_wconf 87' lang='grc' dir='ltr'>διαπωλήσας</span> <span class='ocrx_word' id='word_1_221' title='bbox 1655 1635 1856 1699; x_wconf 86' lang='grc' dir='ltr'>πάντα,</span> <span class='ocrx_word' id='word_1_222' title='bbox 1900 1636 1970 1688; x_wconf 85' lang='grc' dir='ltr'>δι-</span> 
     </span>
    </p>
   </div>
   <div class='ocr_carea' id='block_1_31' title="bbox 2081 1632 3650 1719">
    <p class='ocr_par' dir='ltr' id='par_1_31' title="bbox 2081 1639 3650 1719">
     <span class='ocr_line' id='line_1_31' title="bbox 2081 1639 3650 1719; baseline 0.009 -25"><span class='ocrx_word' id='word_1_223' title='bbox 2081 1639 2318 1697; x_wconf 90' lang='lat' dir='ltr'><strong>Habehat</strong></span> <span class='ocrx_word' id='word_1_224' title='bbox 2352 1655 2535 1700; x_wconf 90' lang='lat' dir='ltr'><strong>autem</strong></span> <span class='ocrx_word' id='word_1_225' title='bbox 2587 1661 2775 1702; x_wconf 88' lang='lat' dir='ltr'><strong>secum</strong></span> <span class='ocrx_word' id='word_1_226' title='bbox 2820 1649 3008 1705; x_wconf 87' lang='lat' dir='ltr'><strong>decem</strong></span> <span class='ocrx_word' id='word_1_227' title='bbox 3042 1651 3366 1712; x_wconf 89' lang='lat' dir='ltr'><strong>monachos,</strong></span> <span class='ocrx_word' id='word_1_228' title='bbox 3397 1651 3487 1717; x_wconf 90' lang='lat' dir='ltr'>qui</span> <span class='ocrx_word' id='word_1_229' title='bbox 3527 1651 3650 1719; x_wconf 82' lang='lat' dir='ltr'><strong>qui-</strong></span> 
     </span>
    </p>
   </div>
   <div class='ocr_carea' id='block_1_32' title="bbox 387 1723 1979 1806">
    <p class='ocr_par' dir='ltr' id='par_1_32' title="bbox 387 1723 1965 1796">
     <span class='ocr_line' id='line_1_32' title="bbox 387 1723 1965 1796; baseline 0.002 -19"><span class='ocrx_word' id='word_1_230' title='bbox 387 1724 591 1778; x_wconf 83' lang='grc' dir='ltr'>έδωκεν</span> <span class='ocrx_word' id='word_1_231' title='bbox 612 1725 724 1787; x_wconf 87' lang='grc' dir='ltr'>τοῖς</span> <span class='ocrx_word' id='word_1_232' title='bbox 758 1723 947 1794; x_wconf 89' lang='grc' dir='ltr'>χρείαν</span> <span class='ocrx_word' id='word_1_233' title='bbox 976 1723 1205 1794; x_wconf 76' lang='grc' dir='ltr'>ἔχουσιν,</span> <span class='ocrx_word' id='word_1_234' title='bbox 1235 1725 1563 1794; x_wconf 69' lang='grc' dir='ltr'>καταλείψας</span> <span class='ocrx_word' id='word_1_235' title='bbox 1593 1725 1770 1796; x_wconf 77' lang='grc' dir='ltr'>ἑαυτῷ</span> <span class='ocrx_word' id='word_1_236' title='bbox 1800 1733 1852 1796; x_wconf 85' lang='grc' dir='ltr'>μ’</span> <span class='ocrx_word' id='word_1_237' title='bbox 1887 1743 1965 1780; x_wconf 75' lang='grc' dir='ltr'>νοο</span> 
     </span>
    </p>
   </div>
   <div class='ocr_carea' id='block_1_33' title="bbox 2081 1723 3646 1806">
    <p class='ocr_par' dir='ltr' id='par_1_33' title="bbox 2081 1730 3646 1806">
     <span class='ocr_line' id='line_1_33' title="bbox 2081 1730 3646 1806; baseline 0.006 -24"><span class='ocrx_word' id='word_1_238' title='bbox 2081 1730 2195 1785; x_wconf 77' lang='lat' dir='ltr'>dem</span> <span class='ocrx_word' id='word_1_239' title='bbox 2231 1732 2402 1789; x_wconf 91' lang='lat' dir='ltr'><strong>libros</strong></span> <span class='ocrx_word' id='word_1_240' title='bbox 2432 1734 2722 1806; x_wconf 79' lang='lat' dir='ltr'><strong>diligenter</strong></span> <span class='ocrx_word' id='word_1_241' title='bbox 2754 1738 3076 1804; x_wconf 88' lang='lat' dir='ltr'><strong>scribentes,</strong></span> <span class='ocrx_word' id='word_1_242' title='bbox 3107 1756 3173 1795; x_wconf 82' lang='lat' dir='ltr'><strong>ex</strong></span> <span class='ocrx_word' id='word_1_243' title='bbox 3204 1741 3272 1796; x_wconf 92' lang='lat' dir='ltr'>iis</span> <span class='ocrx_word' id='word_1_244' title='bbox 3309 1741 3410 1797; x_wconf 89' lang='lat' dir='ltr'><strong>sibi</strong></span> <span class='ocrx_word' id='word_1_245' title='bbox 3443 1741 3646 1795; x_wconf 89' lang='lat' dir='ltr'><strong>victum</strong></span> 
     </span>
    </p>
   </div>
   <div class='ocr_carea' id='block_1_34' title="bbox 391 1800 1979 1899">
    <p class='ocr_par' dir='ltr' id='par_1_34' title="bbox 391 1815 1962 1887">
     <span class='ocr_line' id='line_1_34' title="bbox 391 1815 1962 1887; baseline 0.001 -18"><span class='ocrx_word' id='word_1_246' title='bbox 391 1817 640 1884; x_wconf 74' lang='grc' dir='ltr'>μίσματα</span> <span class='ocrx_word' id='word_1_247' title='bbox 668 1816 759 1868; x_wconf 76' lang='grc' dir='ltr'>ἐπὶ</span> <span class='ocrx_word' id='word_1_248' title='bbox 785 1815 847 1868; x_wconf 81' lang='grc' dir='ltr'>τὸ</span> <span class='ocrx_word' id='word_1_249' title='bbox 874 1815 1176 1887; x_wconf 81' lang='grc' dir='ltr'>κτήσασθαι</span> <span class='ocrx_word' id='word_1_250' title='bbox 1205 1817 1304 1880; x_wconf 85' lang='grc' dir='ltr'>τὰς</span> <span class='ocrx_word' id='word_1_251' title='bbox 1324 1816 1576 1879; x_wconf 75' lang='grc' dir='ltr'>θεοειδεῖς</span> <span class='ocrx_word' id='word_1_252' title='bbox 1606 1817 1703 1870; x_wconf 77' lang='grc' dir='ltr'>καὶ</span> <span class='ocrx_word' id='word_1_253' title='bbox 1723 1816 1962 1880; x_wconf 76' lang='grc' dir='ltr'>ζωτικάς</span> 
     </span>
    </p>
   </div>
   <div class='ocr_carea' id='block_1_35' title="bbox 2081 1800 3647 1899">
    <p class='ocr_par' dir='ltr' id='par_1_35' title="bbox 2081 1800 3647 1899">
     <span class='ocr_line' id='line_1_35' title="bbox 2081 1800 3647 1899; baseline 0.006 -25"><span class='ocrx_word' id='word_1_254' title='bbox 2081 1822 2361 1891; x_wconf 88' lang='lat' dir='ltr'><strong>parabant.</strong></span> <span class='ocrx_word' id='word_1_255' title='bbox 2398 1800 2896 1897; x_wconf 47' lang='lat' dir='ltr'><strong>Erat&#39;Epiphauius</strong></span> <span class='ocrx_word' id='word_1_256' title='bbox 2925 1800 3143 1899; x_wconf 78' lang='lat' dir='ltr'><strong>quando</strong></span> <span class='ocrx_word' id='word_1_257' title='bbox 3190 1829 3292 1885; x_wconf 91' lang='lat' dir='ltr'><strong>fuit</strong></span> <span class='ocrx_word' id='word_1_258' title='bbox 3320 1831 3647 1891; x_wconf 87' lang='lat' dir='ltr'><strong>monachus,</strong></span> 
     </span>
    </p>
   </div>
   <div class='ocr_carea' id='block_1_36' title="bbox 2082 1912 2763 1972">
    <p class='ocr_par' dir='ltr' id='par_1_36' title="bbox 2082 1912 2763 1972">
     <span class='ocr_line' id='line_1_36' title="bbox 2082 1912 2763 1972; baseline 0.006 -4"><span class='ocrx_word' id='word_1_259' title='bbox 2082 1912 2351 1968; x_wconf 78' lang='lat' dir='ltr'><strong>sexdecim</strong></span> <span class='ocrx_word' id='word_1_260' title='bbox 2381 1930 2556 1969; x_wconf 88' lang='lat' dir='ltr'><strong>annos</strong></span> <span class='ocrx_word' id='word_1_261' title='bbox 2584 1926 2763 1972; x_wconf 86' lang='lat' dir='ltr'><strong>natus.</strong></span> 
     </span>
    </p>
   </div>
   <div class='ocr_carea' id='block_1_37' title="bbox 388 1994 3651 2084">
    <p class='ocr_par' dir='ltr' id='par_1_37' title="bbox 388 1994 3651 2084">
     <span class='ocr_line' id='line_1_37' title="bbox 388 1994 3651 2084; baseline 0.006 -34"><span class='ocrx_word' id='word_1_262' title='bbox 388 1999 516 2050; x_wconf 83' lang='grc' dir='ltr'>νοῦ·</span> <span class='ocrx_word' id='word_1_263' title='bbox 545 1999 626 2051; x_wconf 83' lang='grc' dir='ltr'>ὅτι</span> <span class='ocrx_word' id='word_1_264' title='bbox 654 1998 949 2062; x_wconf 81' lang='grc' dir='ltr'>Λουκιανὸς</span> <span class='ocrx_word' id='word_1_265' title='bbox 1002 1994 1071 2068; x_wconf 78' lang='grc' dir='ltr'>ἦν</span> <span class='ocrx_word' id='word_1_266' title='bbox 1107 2002 1465 2071; x_wconf 81' lang='grc' dir='ltr'>μοναστήριον</span> <span class='ocrx_word' id='word_1_267' title='bbox 1527 2000 1702 2072; x_wconf 76' lang='grc' dir='ltr'>ἑαυτῷ</span> <span class='ocrx_word' id='word_1_268' title='bbox 1756 2002 2193 2074; x_wconf 77' lang='grc' dir='ltr'>συστησάμενος,</span> <span class='ocrx_word' id='word_1_269' title='bbox 2250 2007 2386 2079; x_wconf 81' lang='grc' dir='ltr'>ἔχων</span> <span class='ocrx_word' id='word_1_270' title='bbox 2447 2010 2564 2080; x_wconf 77' lang='grc' dir='ltr'>μεθ’</span> <span class='ocrx_word' id='word_1_271' title='bbox 2628 2011 2816 2066; x_wconf 72' lang='grc' dir='ltr'>ἑαυτοῦ</span> <span class='ocrx_word' id='word_1_272' title='bbox 2863 2012 2994 2067; x_wconf 79' lang='grc' dir='ltr'>δέκα</span> <span class='ocrx_word' id='word_1_273' title='bbox 3044 2014 3257 2084; x_wconf 76' lang='grc' dir='ltr'>μονοὺς,</span> <span class='ocrx_word' id='word_1_274' title='bbox 3304 2014 3496 2077; x_wconf 77' lang='grc' dir='ltr'>οἵτινες</span> <span class='ocrx_word' id='word_1_275' title='bbox 3553 2015 3651 2076; x_wconf 77' lang='grc' dir='ltr'>τὰς</span> 
     </span>
    </p>
   </div>
   <div class='ocr_carea' id='block_1_38' title="bbox 387 2088 3648 2178">
    <p class='ocr_par' dir='ltr' id='par_1_38' title="bbox 387 2088 3648 2178">
     <span class='ocr_line' id='line_1_38' title="bbox 387 2088 3648 2178; baseline 0.005 -33"><span class='ocrx_word' id='word_1_276' title='bbox 387 2088 611 2156; x_wconf 76' lang='grc' dir='ltr'>δέλτους</span> <span class='ocrx_word' id='word_1_277' title='bbox 644 2092 894 2163; x_wconf 77' lang='grc' dir='ltr'>ἐμπόνως</span> <span class='ocrx_word' id='word_1_278' title='bbox 933 2094 1256 2164; x_wconf 71' lang='grc' dir='ltr'>γράφοντες,</span> <span class='ocrx_word' id='word_1_279' title='bbox 1317 2096 1417 2165; x_wconf 74' lang='grc' dir='ltr'>τὴν</span> <span class='ocrx_word' id='word_1_280' title='bbox 1463 2097 1669 2150; x_wconf 78' lang='grc' dir='ltr'>ἑαυτῶν</span> <span class='ocrx_word' id='word_1_281' title='bbox 1700 2096 1908 2167; x_wconf 82' lang='grc' dir='ltr'>τροφὴν</span> <span class='ocrx_word' id='word_1_282' title='bbox 1962 2097 2018 2164; x_wconf 76' lang='grc' dir='ltr'>ἐξ</span> <span class='ocrx_word' id='word_1_283' title='bbox 2080 2100 2254 2154; x_wconf 75' lang='grc' dir='ltr'>αὐτῶν</span> <span class='ocrx_word' id='word_1_284' title='bbox 2298 2102 2743 2175; x_wconf 77' lang='grc' dir='ltr'>ἐπορίζοντο.ἿΙν</span> <span class='ocrx_word' id='word_1_285' title='bbox 2790 2107 2845 2160; x_wconf 85' lang='grc' dir='ltr'>δὲ</span> <span class='ocrx_word' id='word_1_286' title='bbox 2895 2109 3208 2178; x_wconf 86' lang='grc' dir='ltr'>Ἐπιφάνιος</span> <span class='ocrx_word' id='word_1_287' title='bbox 3254 2110 3448 2174; x_wconf 76' lang='grc' dir='ltr'>δεκαὲξ</span> <span class='ocrx_word' id='word_1_288' title='bbox 3491 2109 3648 2173; x_wconf 82' lang='grc' dir='ltr'>ὲτῶν,</span> 
     </span>
    </p>
   </div>
   <div class='ocr_carea' id='block_1_39' title="bbox 389 2189 799 2259">
    <p class='ocr_par' dir='ltr' id='par_1_39' title="bbox 389 2189 799 2259">
     <span class='ocr_line' id='line_1_39' title="bbox 389 2189 799 2259; baseline 0.007 -17"><span class='ocrx_word' id='word_1_289' title='bbox 389 2191 481 2242; x_wconf 82' lang='grc' dir='ltr'>ὅτε</span> <span class='ocrx_word' id='word_1_290' title='bbox 516 2189 799 2259; x_wconf 84' lang='grc' dir='ltr'>ὲμόνασεν.</span> 
     </span>
    </p>
   </div>
   <div class='ocr_carea' id='block_1_40' title="bbox 462 2277 1968 2357">
    <p class='ocr_par' dir='ltr' id='par_1_40' title="bbox 462 2277 1968 2357">
     <span class='ocr_line' id='line_1_40' title="bbox 462 2277 1968 2357; baseline 0.004 -24"><span class='ocrx_word' id='word_1_291' title='bbox 462 2281 540 2333; x_wconf 84' lang='grc' dir='ltr'>Θ’.</span> <span class='ocrx_word' id='word_1_292' title='bbox 580 2277 686 2333; x_wconf 83' lang='grc' dir='ltr'>Ἦν</span> <span class='ocrx_word' id='word_1_293' title='bbox 724 2281 781 2334; x_wconf 79' lang='grc' dir='ltr'>δὲ</span> <span class='ocrx_word' id='word_1_294' title='bbox 826 2283 885 2335; x_wconf 82' lang='grc' dir='ltr'>ὲν</span> <span class='ocrx_word' id='word_1_295' title='bbox 917 2281 995 2353; x_wconf 82' lang='grc' dir='ltr'>τῷ</span> <span class='ocrx_word' id='word_1_296' title='bbox 1027 2284 1374 2356; x_wconf 82' lang='grc' dir='ltr'>μοναστηρίῳ</span> <span class='ocrx_word' id='word_1_297' title='bbox 1401 2285 1699 2339; x_wconf 80' lang='grc' dir='ltr'>Λουκιανοῦ</span> <span class='ocrx_word' id='word_1_298' title='bbox 1739 2286 1968 2357; x_wconf 85' lang='grc' dir='ltr'>μοναχός</span> 
     </span>
    </p>
   </div>
   <div class='ocr_carea' id='block_1_41' title="bbox 390 2370 1970 2445">
    <p class='ocr_par' dir='ltr' id='par_1_41' title="bbox 390 2370 1970 2445">
     <span class='ocr_line' id='line_1_41' title="bbox 390 2370 1970 2445; baseline 0.004 -24"><span class='ocrx_word' id='word_1_299' title='bbox 390 2387 478 2433; x_wconf 84' lang='grc' dir='ltr'>τις</span> <span class='ocrx_word' id='word_1_300' title='bbox 506 2370 730 2441; x_wconf 83' lang='grc' dir='ltr'>ὀνόματι</span> <span class='ocrx_word' id='word_1_301' title='bbox 769 2370 1035 2442; x_wconf 87' lang='grc' dir='ltr'>Ἱλαρίων,</span> <span class='ocrx_word' id='word_1_302' title='bbox 1063 2370 1315 2445; x_wconf 84' lang='grc' dir='ltr'>δεύτερος</span> <span class='ocrx_word' id='word_1_303' title='bbox 1338 2374 1661 2441; x_wconf 80' lang='grc' dir='ltr'>Λουκιανοῦ,</span> <span class='ocrx_word' id='word_1_304' title='bbox 1696 2376 1814 2439; x_wconf 85' lang='grc' dir='ltr'>νέος</span> <span class='ocrx_word' id='word_1_305' title='bbox 1841 2392 1970 2443; x_wconf 84' lang='grc' dir='ltr'>τυγ-</span> 
     </span>
    </p>
   </div>
   <div class='ocr_carea' id='block_1_42' title="bbox 393 2462 1973 2538">
    <p class='ocr_par' dir='ltr' id='par_1_42' title="bbox 393 2462 1973 2538">
     <span class='ocr_line' id='line_1_42' title="bbox 393 2462 1973 2538; baseline 0.003 -23"><span class='ocrx_word' id='word_1_306' title='bbox 393 2463 593 2533; x_wconf 75' lang='grc' dir='ltr'>χάνων,</span> <span class='ocrx_word' id='word_1_307' title='bbox 623 2462 870 2532; x_wconf 84' lang='grc' dir='ltr'>σημείοις</span> <span class='ocrx_word' id='word_1_308' title='bbox 901 2462 1116 2526; x_wconf 80' lang='grc' dir='ltr'>πολλοῖς</span> <span class='ocrx_word' id='word_1_309' title='bbox 1149 2466 1582 2536; x_wconf 83' lang='grc' dir='ltr'>κεκοσμημένος.</span> <span class='ocrx_word' id='word_1_310' title='bbox 1618 2466 1775 2520; x_wconf 84' lang='grc' dir='ltr'>Κατὰ</span> <span class='ocrx_word' id='word_1_311' title='bbox 1802 2467 1973 2538; x_wconf 85' lang='grc' dir='ltr'>μίμη-</span> 
     </span>
    </p>
   </div>
   <div class='ocr_carea' id='block_1_43' title="bbox 394 2552 1973 2624">
    <p class='ocr_par' dir='ltr' id='par_1_43' title="bbox 394 2552 1973 2624">
     <span class='ocr_line' id='line_1_43' title="bbox 394 2552 1973 2624; baseline 0.003 -18"><span class='ocrx_word' id='word_1_312' title='bbox 394 2571 481 2606; x_wconf 87' lang='grc' dir='ltr'>σιν</span> <span class='ocrx_word' id='word_1_313' title='bbox 504 2552 561 2605; x_wconf 85' lang='grc' dir='ltr'>δὲ</span> <span class='ocrx_word' id='word_1_314' title='bbox 601 2552 789 2606; x_wconf 88' lang='grc' dir='ltr'>τούτου</span> <span class='ocrx_word' id='word_1_315' title='bbox 813 2553 980 2624; x_wconf 69' lang='grc' dir='ltr'>ἤγετο</span> <span class='ocrx_word' id='word_1_316' title='bbox 1011 2555 1105 2608; x_wconf 75' lang='grc' dir='ltr'>καὶ</span> <span class='ocrx_word' id='word_1_317' title='bbox 1128 2554 1287 2619; x_wconf 80' lang='grc' dir='ltr'>ἄλλος</span> <span class='ocrx_word' id='word_1_318' title='bbox 1316 2573 1398 2619; x_wconf 85' lang='grc' dir='ltr'>τις</span> <span class='ocrx_word' id='word_1_319' title='bbox 1421 2556 1706 2620; x_wconf 83' lang='grc' dir='ltr'>Κλαύδιος.</span> <span class='ocrx_word' id='word_1_320' title='bbox 1738 2556 1973 2620; x_wconf 84' lang='grc' dir='ltr'>Τούτους</span> 
     </span>
    </p>
   </div>
   <div class='ocr_carea' id='block_1_44' title="bbox 350 2643 1972 2719">
    <p class='ocr_par' dir='ltr' id='par_1_44' title="bbox 350 2643 1972 2719">
     <span class='ocr_line' id='line_1_44' title="bbox 350 2643 1972 2719; baseline 0.003 -23"><span class='ocrx_word' id='word_1_321' title='bbox 350 2654 369 2659; x_wconf 88' lang='grc'><strong><em>“</em></strong></span> <span class='ocrx_word' id='word_1_322' title='bbox 395 2643 520 2696; x_wconf 80' lang='grc' dir='ltr'>ίδὼν</span> <span class='ocrx_word' id='word_1_323' title='bbox 561 2643 872 2711; x_wconf 77' lang='grc' dir='ltr'>Ἐπιφάνιος</span> <span class='ocrx_word' id='word_1_324' title='bbox 908 2644 1176 2715; x_wconf 76' lang='grc' dir='ltr'>ἐζήλωσεν</span> <span class='ocrx_word' id='word_1_325' title='bbox 1223 2648 1281 2699; x_wconf 82' lang='grc' dir='ltr'>ὲν</span> <span class='ocrx_word' id='word_1_326' title='bbox 1314 2646 1482 2717; x_wconf 79' lang='grc' dir='ltr'>καλῷ.</span> <span class='ocrx_word' id='word_1_327' title='bbox 1519 2648 1630 2701; x_wconf 74' lang='lat' dir='ltr'><strong>Kal.</strong></span> <span class='ocrx_word' id='word_1_328' title='bbox 1673 2648 1779 2719; x_wconf 79' lang='grc' dir='ltr'>γὰρ</span> <span class='ocrx_word' id='word_1_329' title='bbox 1809 2650 1837 2701; x_wconf 97' lang='lat'>6</span> <span class='ocrx_word' id='word_1_330' title='bbox 1874 2648 1972 2718; x_wconf 85' lang='grc' dir='ltr'>μέ-</span> 
     </span>
    </p>
   </div>
   <div class='ocr_carea' id='block_1_45' title="bbox 398 2735 1971 2811">
    <p class='ocr_par' dir='ltr' id='par_1_45' title="bbox 398 2735 1971 2811">
     <span class='ocr_line' id='line_1_45' title="bbox 398 2735 1971 2811; baseline 0.002 -23"><span class='ocrx_word' id='word_1_331' title='bbox 398 2753 496 2803; x_wconf 76' lang='grc' dir='ltr'>γας</span> <span class='ocrx_word' id='word_1_332' title='bbox 541 2735 837 2799; x_wconf 77' lang='grc' dir='ltr'>Λουκιανὸς</span> <span class='ocrx_word' id='word_1_333' title='bbox 880 2736 1194 2805; x_wconf 85' lang='grc' dir='ltr'>παρέδωκεν</span> <span class='ocrx_word' id='word_1_334' title='bbox 1233 2737 1550 2806; x_wconf 83' lang='grc' dir='ltr'>Ἐπιφάνιον</span> <span class='ocrx_word' id='word_1_335' title='bbox 1603 2738 1679 2809; x_wconf 83' lang='grc' dir='ltr'>τῷ</span> <span class='ocrx_word' id='word_1_336' title='bbox 1731 2739 1971 2811; x_wconf 81' lang='grc' dir='ltr'>μεγίστῳ</span> 
     </span>
    </p>
   </div>
   <div class='ocr_carea' id='block_1_46' title="bbox 403 2826 1971 2903">
    <p class='ocr_par' dir='ltr' id='par_1_46' title="bbox 403 2826 1971 2903">
     <span class='ocr_line' id='line_1_46' title="bbox 403 2826 1971 2903; baseline 0.004 -24"><span class='ocrx_word' id='word_1_337' title='bbox 403 2826 689 2897; x_wconf 84' lang='grc' dir='ltr'>ἰλαρίωνι,</span> <span class='ocrx_word' id='word_1_338' title='bbox 729 2827 877 2891; x_wconf 84' lang='grc' dir='ltr'>ὅπως</span> <span class='ocrx_word' id='word_1_339' title='bbox 920 2827 1117 2892; x_wconf 79' lang='grc' dir='ltr'>διδάξει</span> <span class='ocrx_word' id='word_1_340' title='bbox 1174 2829 1335 2883; x_wconf 74' lang='grc' dir='ltr'>αὐτὸν</span> <span class='ocrx_word' id='word_1_341' title='bbox 1382 2829 1477 2893; x_wconf 68' lang='grc' dir='ltr'>τὰς</span> <span class='ocrx_word' id='word_1_342' title='bbox 1534 2831 1685 2894; x_wconf 85' lang='grc' dir='ltr'>θείας</span> <span class='ocrx_word' id='word_1_343' title='bbox 1729 2832 1971 2903; x_wconf 77' lang='grc' dir='ltr'>Γραφάς.</span> 
     </span>
    </p>
   </div>
   <div class='ocr_carea' id='block_1_47' title="bbox 392 2915 1975 2992">
    <p class='ocr_par' dir='ltr' id='par_1_47' title="bbox 392 2915 1975 2992">
     <span class='ocr_line' id='line_1_47' title="bbox 392 2915 1975 2992; baseline 0.004 -24"><span class='ocrx_word' id='word_1_344' title='bbox 392 2915 502 2969; x_wconf 83' lang='grc' dir='ltr'>Τοῦ</span> <span class='ocrx_word' id='word_1_345' title='bbox 530 2916 587 2968; x_wconf 71' lang='grc' dir='ltr'>δὲ.</span> <span class='ocrx_word' id='word_1_346' title='bbox 611 2916 927 2985; x_wconf 80' lang='grc' dir='ltr'>Ἔπιφανίου</span> <span class='ocrx_word' id='word_1_347' title='bbox 955 2920 1204 2989; x_wconf 81' lang='grc' dir='ltr'>ὲμπόνως</span> <span class='ocrx_word' id='word_1_348' title='bbox 1237 2920 1573 2992; x_wconf 71' lang='grc' dir='ltr'>ἐπιτήδευμα</span> <span class='ocrx_word' id='word_1_349' title='bbox 1606 2920 1846 2992; x_wconf 75' lang='grc' dir='ltr'>ἔχοντος,</span> <span class='ocrx_word' id='word_1_350' title='bbox 1882 2922 1975 2975; x_wconf 69' lang='grc' dir='ltr'>καὶ</span> 
     </span>
    </p>
   </div>
   <div class='ocr_carea' id='block_1_48' title="bbox 394 3006 1978 3083">
    <p class='ocr_par' dir='ltr' id='par_1_48' title="bbox 394 3006 1978 3083">
     <span class='ocr_line' id='line_1_48' title="bbox 394 3006 1978 3083; baseline 0.003 -25"><span class='ocrx_word' id='word_1_351' title='bbox 394 3008 525 3076; x_wconf 79' lang='grc' dir='ltr'>περὶ</span> <span class='ocrx_word' id='word_1_352' title='bbox 577 3006 646 3058; x_wconf 72' lang='grc' dir='ltr'>τὰ</span> <span class='ocrx_word' id='word_1_353' title='bbox 697 3006 799 3078; x_wconf 76' lang='grc' dir='ltr'>ἧθη</span> <span class='ocrx_word' id='word_1_354' title='bbox 850 3009 920 3061; x_wconf 75' lang='grc' dir='ltr'>τὰ</span> <span class='ocrx_word' id='word_1_355' title='bbox 980 3010 1192 3080; x_wconf 73' lang='grc' dir='ltr'>χρηστὰ</span> <span class='ocrx_word' id='word_1_356' title='bbox 1240 3010 1335 3063; x_wconf 87' lang='grc' dir='ltr'>τοῦ</span> <span class='ocrx_word' id='word_1_357' title='bbox 1376 3011 1678 3082; x_wconf 81' lang='grc' dir='ltr'>Ἱλαρίωνος</span> <span class='ocrx_word' id='word_1_358' title='bbox 1717 3012 1978 3083; x_wconf 86' lang='grc' dir='ltr'>παραδεί-</span> 
     </span>
    </p>
   </div>
   <div class='ocr_carea' id='block_1_49' title="bbox 2146 2284 3651 2357">
    <p class='ocr_par' dir='ltr' id='par_1_49' title="bbox 2146 2284 3651 2357">
     <span class='ocr_line' id='line_1_49' title="bbox 2146 2284 3651 2357; baseline 0.003 -20"><span class='ocrx_word' id='word_1_359' title='bbox 2146 2285 2235 2338; x_wconf 77' lang='lat' dir='ltr'><strong>lX.</strong></span> <span class='ocrx_word' id='word_1_360' title='bbox 2282 2284 2409 2339; x_wconf 82' lang='lat' dir='ltr'><strong>Erat</strong></span> <span class='ocrx_word' id='word_1_361' title='bbox 2457 2297 2635 2341; x_wconf 87' lang='lat' dir='ltr'><strong>autem</strong></span> <span class='ocrx_word' id='word_1_362' title='bbox 2683 2289 2732 2341; x_wconf 89' lang='lat' dir='ltr'><strong>in</strong></span> <span class='ocrx_word' id='word_1_363' title='bbox 2778 2286 3111 2342; x_wconf 84' lang='lat' dir='ltr'><strong>monasterio</strong></span> <span class='ocrx_word' id='word_1_364' title='bbox 3156 2287 3379 2342; x_wconf 87' lang='lat' dir='ltr'><strong>Luciani</strong></span> <span class='ocrx_word' id='word_1_365' title='bbox 3429 2288 3651 2357; x_wconf 69' lang='lat' dir='ltr'><strong>quilam</strong></span> 
     </span>
    </p>
   </div>
   <div class='ocr_carea' id='block_1_50' title="bbox 2078 2373 3649 2453">
    <p class='ocr_par' dir='ltr' id='par_1_50' title="bbox 2078 2373 3649 2453">
     <span class='ocr_line' id='line_1_50' title="bbox 2078 2373 3649 2453; baseline 0.001 -25"><span class='ocrx_word' id='word_1_366' title='bbox 2078 2375 2400 2438; x_wconf 89' lang='lat' dir='ltr'><strong>monachus,</strong></span> <span class='ocrx_word' id='word_1_367' title='bbox 2434 2373 2654 2453; x_wconf 89' lang='lat' dir='ltr'><strong>nomine</strong></span> <span class='ocrx_word' id='word_1_368' title='bbox 2702 2374 2969 2441; x_wconf 84' lang='lat' dir='ltr'><strong>Hilarion,</strong></span> <span class='ocrx_word' id='word_1_369' title='bbox 3000 2376 3274 2431; x_wconf 88' lang='lat' dir='ltr'><strong>secundus</strong></span> <span class='ocrx_word' id='word_1_370' title='bbox 3322 2392 3351 2430; x_wconf 89' lang='lat' dir='ltr'>a</span> <span class='ocrx_word' id='word_1_371' title='bbox 3382 2375 3649 2439; x_wconf 86' lang='lat' dir='ltr'><strong>Luciano,</strong></span> 
     </span>
    </p>
   </div>
   <div class='ocr_carea' id='block_1_51' title="bbox 2075 2465 3657 2535">
    <p class='ocr_par' dir='ltr' id='par_1_51' title="bbox 2075 2465 3657 2535">
     <span class='ocr_line' id='line_1_51' title="bbox 2075 2465 3657 2535; baseline 0.002 -15"><span class='ocrx_word' id='word_1_372' title='bbox 2075 2473 2234 2521; x_wconf 63' lang='lat' dir='ltr'><strong>atlate</strong></span> <span class='ocrx_word' id='word_1_373' title='bbox 2255 2465 2493 2535; x_wconf 87' lang='lat' dir='ltr'><strong>juvenis,</strong></span> <span class='ocrx_word' id='word_1_374' title='bbox 2530 2475 2583 2520; x_wconf 90' lang='lat' dir='ltr'>et</span> <span class='ocrx_word' id='word_1_375' title='bbox 2615 2467 2801 2521; x_wconf 64' lang='lat' dir='ltr'><strong>multis</strong></span> <span class='ocrx_word' id='word_1_376' title='bbox 2844 2468 3123 2522; x_wconf 69' lang='lat' dir='ltr'><strong>miraculis</strong></span> <span class='ocrx_word' id='word_1_377' title='bbox 3166 2479 3409 2529; x_wconf 86' lang='lat' dir='ltr'><strong>ornatus.</strong></span> <span class='ocrx_word' id='word_1_378' title='bbox 3443 2469 3657 2523; x_wconf 81' lang='lat' dir='ltr'><strong>Adcu-</strong></span> 
     </span>
    </p>
   </div>
   <div class='ocr_carea' id='block_1_52' title="bbox 2069 2556 3658 2629">
    <p class='ocr_par' dir='ltr' id='par_1_52' title="bbox 2069 2556 3658 2629">
     <span class='ocr_line' id='line_1_52' title="bbox 2069 2556 3658 2629; baseline 0.001 -18"><span class='ocrx_word' id='word_1_379' title='bbox 2069 2556 2162 2629; x_wconf 86' lang='lat' dir='ltr'>jus</span> <span class='ocrx_word' id='word_1_380' title='bbox 2213 2556 2569 2613; x_wconf 85' lang='lat' dir='ltr'><strong>imitationem</strong></span> <span class='ocrx_word' id='word_1_381' title='bbox 2614 2559 3002 2615; x_wconf 88' lang='lat' dir='ltr'><strong>instituebatur</strong></span> <span class='ocrx_word' id='word_1_382' title='bbox 3037 2560 3199 2615; x_wconf 90' lang='lat' dir='ltr'><strong>etiam</strong></span> <span class='ocrx_word' id='word_1_383' title='bbox 3248 2560 3409 2624; x_wconf 90' lang='lat' dir='ltr'><strong>alius,</strong></span> <span class='ocrx_word' id='word_1_384' title='bbox 3438 2561 3658 2613; x_wconf 81' lang='lat' dir='ltr'><strong>nomine</strong></span> 
     </span>
    </p>
   </div>
   <div class='ocr_carea' id='block_1_53' title="bbox 2076 2645 3659 2716">
    <p class='ocr_par' dir='ltr' id='par_1_53' title="bbox 2076 2645 3659 2716">
     <span class='ocr_line' id='line_1_53' title="bbox 2076 2645 3659 2716; baseline -0.001 -15"><span class='ocrx_word' id='word_1_385' title='bbox 2076 2647 2357 2701; x_wconf 81' lang='lat' dir='ltr'><strong>Claudius.</strong></span> <span class='ocrx_word' id='word_1_386' title='bbox 2390 2647 2496 2702; x_wconf 83' lang='lat' dir='ltr'>Eos</span> <span class='ocrx_word' id='word_1_387' title='bbox 2524 2663 2648 2701; x_wconf 92' lang='lat' dir='ltr'>cum</span> <span class='ocrx_word' id='word_1_388' title='bbox 2680 2647 2905 2702; x_wconf 89' lang='lat' dir='ltr'><strong>vidisset</strong></span> <span class='ocrx_word' id='word_1_389' title='bbox 2936 2646 3294 2716; x_wconf 83' lang='lat' dir='ltr'><strong>Epiphanius,</strong></span> <span class='ocrx_word' id='word_1_390' title='bbox 3324 2645 3545 2715; x_wconf 88' lang='lat' dir='ltr'><strong>pulchre</strong></span> <span class='ocrx_word' id='word_1_391' title='bbox 3576 2656 3659 2700; x_wconf 81' lang='lat' dir='ltr'>est</span> 
     </span>
    </p>
   </div>
   <div class='ocr_carea' id='block_1_54' title="bbox 2079 2733 3660 2804">
    <p class='ocr_par' dir='ltr' id='par_1_54' title="bbox 2079 2733 3660 2804">
     <span class='ocr_line' id='line_1_54' title="bbox 2079 2733 3660 2804; baseline -0.001 -14"><span class='ocrx_word' id='word_1_392' title='bbox 2079 2738 2390 2790; x_wconf 67' lang='lat' dir='ltr'><strong>aemulatus.</strong></span> <span class='ocrx_word' id='word_1_393' title='bbox 2432 2734 2661 2804; x_wconf 85' lang='lat' dir='ltr'><strong>Magnus</strong></span> <span class='ocrx_word' id='word_1_394' title='bbox 2710 2736 2855 2789; x_wconf 88' lang='lat' dir='ltr'><strong>enim</strong></span> <span class='ocrx_word' id='word_1_395' title='bbox 2904 2733 3182 2789; x_wconf 84' lang='lat' dir='ltr'><strong>Lueianus</strong></span> <span class='ocrx_word' id='word_1_396' title='bbox 3231 2735 3381 2789; x_wconf 87' lang='lat' dir='ltr'><strong>dedit</strong></span> <span class='ocrx_word' id='word_1_397' title='bbox 3426 2733 3660 2804; x_wconf 65' lang='lat' dir='ltr'><strong>Epipha~</strong></span> 
     </span>
    </p>
   </div>
   <div class='ocr_carea' id='block_1_55' title="bbox 2083 2823 3655 2898">
    <p class='ocr_par' dir='ltr' id='par_1_55' title="bbox 2083 2823 3655 2898">
     <span class='ocr_line' id='line_1_55' title="bbox 2083 2823 3655 2898; baseline -0.003 -15"><span class='ocrx_word' id='word_1_398' title='bbox 2083 2830 2231 2883; x_wconf 85' lang='lat' dir='ltr'><strong>nium</strong></span> <span class='ocrx_word' id='word_1_399' title='bbox 2264 2829 2504 2883; x_wconf 74' lang='lat' dir='ltr'><strong>maximo</strong></span> <span class='ocrx_word' id='word_1_400' title='bbox 2533 2827 2819 2894; x_wconf 87' lang='lat' dir='ltr'><strong>Hilarioni,</strong></span> <span class='ocrx_word' id='word_1_401' title='bbox 2853 2836 2912 2881; x_wconf 92' lang='lat' dir='ltr'><strong>ut</strong></span> <span class='ocrx_word' id='word_1_402' title='bbox 2945 2826 3164 2881; x_wconf 88' lang='lat' dir='ltr'><strong>doceret</strong></span> <span class='ocrx_word' id='word_1_403' title='bbox 3201 2841 3325 2881; x_wconf 91' lang='lat' dir='ltr'><strong>cum</strong></span> <span class='ocrx_word' id='word_1_404' title='bbox 3366 2823 3655 2898; x_wconf 81' lang='lat' dir='ltr'><strong>[scribere]</strong></span> 
     </span>
    </p>
   </div>
   <div class='ocr_carea' id='block_1_56' title="bbox 2083 2917 3661 2988">
    <p class='ocr_par' dir='ltr' id='par_1_56' title="bbox 2083 2917 3661 2988">
     <span class='ocr_line' id='line_1_56' title="bbox 2083 2917 3661 2988; baseline -0.003 -14"><span class='ocrx_word' id='word_1_405' title='bbox 2083 2920 2295 2976; x_wconf 86' lang='lat' dir='ltr'><strong>divinas</strong></span> <span class='ocrx_word' id='word_1_406' title='bbox 2316 2918 2646 2987; x_wconf 88' lang='lat' dir='ltr'><strong>Scripturas.</strong></span> <span class='ocrx_word' id='word_1_407' title='bbox 2672 2918 3005 2988; x_wconf 85' lang='lat' dir='ltr'><strong>Epiphanius</strong></span> <span class='ocrx_word' id='word_1_408' title='bbox 3029 2926 3210 2972; x_wconf 88' lang='lat' dir='ltr'><strong>autem</strong></span> <span class='ocrx_word' id='word_1_409' title='bbox 3243 2917 3519 2971; x_wconf 87' lang='lat' dir='ltr'><strong>laborioso</strong></span> <span class='ocrx_word' id='word_1_410' title='bbox 3541 2927 3661 2972; x_wconf 88' lang='lat' dir='ltr'><strong>stu-</strong></span> 
     </span>
    </p>
   </div>
   <div class='ocr_carea' id='block_1_57' title="bbox 2084 3006 3661 3077">
    <p class='ocr_par' dir='ltr' id='par_1_57' title="bbox 2084 3006 3661 3077">
     <span class='ocr_line' id='line_1_57' title="bbox 2084 3006 3661 3077; baseline -0.004 -13"><span class='ocrx_word' id='word_1_411' title='bbox 2084 3011 2174 3064; x_wconf 86' lang='lat' dir='ltr'>dio</span> <span class='ocrx_word' id='word_1_412' title='bbox 2233 3010 2467 3074; x_wconf 86' lang='lat' dir='ltr'><strong>deditus,</strong></span> <span class='ocrx_word' id='word_1_413' title='bbox 2498 3018 2552 3063; x_wconf 88' lang='lat' dir='ltr'>et</span> <span class='ocrx_word' id='word_1_414' title='bbox 2611 3010 2783 3064; x_wconf 88' lang='lat' dir='ltr'><strong>bonos</strong></span> <span class='ocrx_word' id='word_1_415' title='bbox 2840 3024 3020 3063; x_wconf 87' lang='lat' dir='ltr'><strong>mores</strong></span> <span class='ocrx_word' id='word_1_416' title='bbox 3052 3007 3349 3062; x_wconf 86' lang='lat' dir='ltr'><strong>Hilarionis</strong></span> <span class='ocrx_word' id='word_1_417' title='bbox 3402 3006 3661 3077; x_wconf 63' lang='lat' dir='ltr'><strong>efﬁngens</strong></span> 
     </span>
    </p>
   </div>
   <div class='ocr_carea' id='block_1_58' title="bbox 396 3090 1979 3171">
    <p class='ocr_par' dir='ltr' id='par_1_58' title="bbox 396 3092 1979 3170">
     <span class='ocr_line' id='line_1_58' title="bbox 396 3092 1979 3170; baseline 0.006 -25"><span class='ocrx_word' id='word_1_418' title='bbox 396 3110 493 3146; x_wconf 88' lang='grc' dir='ltr'>σου</span> <span class='ocrx_word' id='word_1_419' title='bbox 518 3092 594 3163; x_wconf 79' lang='grc' dir='ltr'>(α)</span> <span class='ocrx_word' id='word_1_420' title='bbox 612 3094 1009 3166; x_wconf 78' lang='grc' dir='ltr'>κυκλουμένου,</span> <span class='ocrx_word' id='word_1_421' title='bbox 1043 3097 1379 3169; x_wconf 79' lang='grc' dir='ltr'>προέκοπτεν</span> <span class='ocrx_word' id='word_1_422' title='bbox 1410 3103 1476 3168; x_wconf 86' lang='grc' dir='ltr'>τῇ</span> <span class='ocrx_word' id='word_1_423' title='bbox 1504 3100 1598 3153; x_wconf 90' lang='grc' dir='ltr'>τοῦ</span> <span class='ocrx_word' id='word_1_424' title='bbox 1625 3101 1865 3170; x_wconf 77' lang='grc' dir='ltr'>Χριστοῦ</span> <span class='ocrx_word' id='word_1_425' title='bbox 1888 3102 1979 3170; x_wconf 85' lang='grc' dir='ltr'>χά-</span> 
     </span>
    </p>
   </div>
   <div class='ocr_carea' id='block_1_59' title="bbox 2081 3090 3663 3171">
    <p class='ocr_par' dir='ltr' id='par_1_59' title="bbox 2088 3097 3663 3171">
     <span class='ocr_line' id='line_1_59' title="bbox 2088 3097 3663 3171; baseline -0.004 -18"><span class='ocrx_word' id='word_1_426' title='bbox 2088 3100 2399 3162; x_wconf 83' lang='lat' dir='ltr'><strong>traditione,</strong></span> <span class='ocrx_word' id='word_1_427' title='bbox 2433 3099 2751 3168; x_wconf 87' lang='lat' dir='ltr'><strong>proficiebat</strong></span> <span class='ocrx_word' id='word_1_428' title='bbox 2773 3098 2829 3153; x_wconf 90' lang='lat' dir='ltr'><strong>in</strong></span> <span class='ocrx_word' id='word_1_429' title='bbox 2866 3099 2960 3154; x_wconf 90' lang='lat' dir='ltr'>Dei</span> <span class='ocrx_word' id='word_1_430' title='bbox 2982 3099 3157 3171; x_wconf 84' lang='lat' dir='ltr'><strong>gratia</strong></span> <span class='ocrx_word' id='word_1_431' title='bbox 3180 3106 3234 3152; x_wconf 91' lang='lat' dir='ltr'>et</span> <span class='ocrx_word' id='word_1_432' title='bbox 3262 3105 3380 3152; x_wconf 89' lang='lat' dir='ltr'><strong>arte</strong></span> <span class='ocrx_word' id='word_1_433' title='bbox 3406 3097 3663 3166; x_wconf 80' lang='lat' dir='ltr'><strong>pulcher-</strong></span> 
     </span>
    </p>
   </div>
   <div class='ocr_carea' id='block_1_60' title="bbox 396 3185 1977 3263">
    <p class='ocr_par' dir='ltr' id='par_1_60' title="bbox 396 3185 1977 3263">
     <span class='ocr_line' id='line_1_60' title="bbox 396 3185 1977 3263; baseline 0.004 -25"><span class='ocrx_word' id='word_1_434' title='bbox 396 3202 527 3255; x_wconf 85' lang='grc' dir='ltr'>ριτι,</span> <span class='ocrx_word' id='word_1_435' title='bbox 563 3186 655 3238; x_wconf 74' lang='grc' dir='ltr'>καὶ</span> <span class='ocrx_word' id='word_1_436' title='bbox 686 3189 752 3257; x_wconf 84' lang='grc' dir='ltr'>τῇ</span> <span class='ocrx_word' id='word_1_437' title='bbox 793 3185 956 3259; x_wconf 81' lang='grc' dir='ltr'>τέχνῃ</span> <span class='ocrx_word' id='word_1_438' title='bbox 998 3192 1063 3259; x_wconf 86' lang='grc' dir='ltr'>τῇ</span> <span class='ocrx_word' id='word_1_439' title='bbox 1113 3190 1395 3261; x_wconf 84' lang='grc' dir='ltr'>καλλίστῃ.</span> <span class='ocrx_word' id='word_1_440' title='bbox 1430 3192 1637 3262; x_wconf 77' lang='grc' dir='ltr'>Συνέϐη</span> <span class='ocrx_word' id='word_1_441' title='bbox 1669 3191 1725 3245; x_wconf 78' lang='grc' dir='ltr'>δὲ</span> <span class='ocrx_word' id='word_1_442' title='bbox 1755 3193 1845 3245; x_wconf 82' lang='grc' dir='ltr'>τὸν</span> <span class='ocrx_word' id='word_1_443' title='bbox 1889 3193 1977 3263; x_wconf 74' lang='grc' dir='ltr'>μὲ-</span> 
     </span>
    </p>
   </div>
   <div class='ocr_carea' id='block_1_61' title="bbox 392 3274 1979 3352">
    <p class='ocr_par' dir='ltr' id='par_1_61' title="bbox 392 3274 1979 3352">
     <span class='ocr_line' id='line_1_61' title="bbox 392 3274 1979 3352; baseline 0.004 -22"><span class='ocrx_word' id='word_1_444' title='bbox 392 3292 499 3342; x_wconf 69' lang='grc' dir='ltr'>γαν</span> <span class='ocrx_word' id='word_1_445' title='bbox 540 3274 836 3332; x_wconf 85' lang='grc' dir='ltr'>Λουκιανὸν</span> <span class='ocrx_word' id='word_1_446' title='bbox 864 3279 1101 3345; x_wconf 74' lang='grc' dir='ltr'>ἐξελθεῖν</span> <span class='ocrx_word' id='word_1_447' title='bbox 1123 3280 1214 3334; x_wconf 73' lang='grc' dir='ltr'>τὸν</span> <span class='ocrx_word' id='word_1_448' title='bbox 1246 3280 1377 3351; x_wconf 82' lang='grc' dir='ltr'>βίον.</span> <span class='ocrx_word' id='word_1_449' title='bbox 1396 3282 1698 3352; x_wconf 75' lang='grc' dir='ltr'>Ἐκράτησε</span> <span class='ocrx_word' id='word_1_450' title='bbox 1748 3281 1803 3335; x_wconf 85' lang='grc' dir='ltr'>δὲ</span> <span class='ocrx_word' id='word_1_451' title='bbox 1847 3282 1979 3336; x_wconf 84' lang='grc' dir='ltr'>Ἱλα-</span> 
     </span>
    </p>
   </div>
   <div class='ocr_carea' id='block_1_62' title="bbox 398 3367 1978 3443">
    <p class='ocr_par' dir='ltr' id='par_1_62' title="bbox 398 3367 1978 3443">
     <span class='ocr_line' id='line_1_62' title="bbox 398 3367 1978 3443; baseline 0.006 -26"><span class='ocrx_word' id='word_1_452' title='bbox 398 3367 455 3437; x_wconf 69' lang='grc' dir='ltr'>ρι’</span> <span class='ocrx_word' id='word_1_453' title='bbox 459 3384 533 3419; x_wconf 83' lang='grc' dir='ltr'>ων</span> <span class='ocrx_word' id='word_1_454' title='bbox 565 3367 658 3421; x_wconf 88' lang='grc' dir='ltr'>τοῦ</span> <span class='ocrx_word' id='word_1_455' title='bbox 674 3368 837 3439; x_wconf 89' lang='grc' dir='ltr'>χοροῦ</span> <span class='ocrx_word' id='word_1_456' title='bbox 865 3371 972 3423; x_wconf 89' lang='grc' dir='ltr'>τῶν</span> <span class='ocrx_word' id='word_1_457' title='bbox 1003 3371 1264 3440; x_wconf 84' lang='grc' dir='ltr'>ἀδελφῶν,</span> <span class='ocrx_word' id='word_1_458' title='bbox 1292 3372 1385 3425; x_wconf 74' lang='grc' dir='ltr'>καὶ</span> <span class='ocrx_word' id='word_1_459' title='bbox 1407 3367 1474 3442; x_wconf 83' lang='grc' dir='ltr'>ἦν</span> <span class='ocrx_word' id='word_1_460' title='bbox 1496 3372 1711 3443; x_wconf 77' lang='grc' dir='ltr'>ἀληθῶς</span> <span class='ocrx_word' id='word_1_461' title='bbox 1740 3373 1866 3426; x_wconf 85' lang='grc' dir='ltr'>ἰδεῖν</span> <span class='ocrx_word' id='word_1_462' title='bbox 1888 3372 1978 3426; x_wconf 78' lang='grc' dir='ltr'>τὸν</span> 
     </span>
    </p>
   </div>
   <div class='ocr_carea' id='block_1_63' title="bbox 395 3458 1975 3533">
    <p class='ocr_par' dir='ltr' id='par_1_63' title="bbox 395 3458 1975 3533">
     <span class='ocr_line' id='line_1_63' title="bbox 395 3458 1975 3533; baseline 0.004 -24"><span class='ocrx_word' id='word_1_463' title='bbox 395 3458 563 3511; x_wconf 84' lang='grc' dir='ltr'>τόπον</span> <span class='ocrx_word' id='word_1_464' title='bbox 591 3460 817 3526; x_wconf 77' lang='grc' dir='ltr'>ἐκεῖνον,</span> <span class='ocrx_word' id='word_1_465' title='bbox 848 3461 945 3532; x_wconf 84' lang='grc' dir='ltr'>οὐχ</span> <span class='ocrx_word' id='word_1_466' title='bbox 974 3461 1049 3526; x_wconf 80' lang='grc' dir='ltr'>ὡς</span> <span class='ocrx_word' id='word_1_467' title='bbox 1081 3461 1380 3533; x_wconf 83' lang='grc' dir='ltr'>ἀνθρώπων</span> <span class='ocrx_word' id='word_1_468' title='bbox 1400 3462 1689 3516; x_wconf 81' lang='grc' dir='ltr'>οἰκούντων</span> <span class='ocrx_word' id='word_1_469' title='bbox 1718 3465 1777 3516; x_wconf 85' lang='grc' dir='ltr'>ὲν</span> <span class='ocrx_word' id='word_1_470' title='bbox 1808 3462 1975 3533; x_wconf 79' lang='grc' dir='ltr'>αὐτῷ,</span> 
     </span>
    </p>
   </div>
   <div class='ocr_carea' id='block_1_64' title="bbox 395 3549 1979 3626">
    <p class='ocr_par' dir='ltr' id='par_1_64' title="bbox 395 3549 1979 3626">
     <span class='ocr_line' id='line_1_64' title="bbox 395 3549 1979 3626; baseline 0.004 -26"><span class='ocrx_word' id='word_1_471' title='bbox 395 3549 475 3612; x_wconf 82' lang='grc' dir='ltr'>ὡς</span> <span class='ocrx_word' id='word_1_472' title='bbox 522 3551 693 3618; x_wconf 81' lang='grc' dir='ltr'>ἁγίων</span> <span class='ocrx_word' id='word_1_473' title='bbox 736 3553 983 3621; x_wconf 86' lang='grc' dir='ltr'>ἀγγέλων</span> <span class='ocrx_word' id='word_1_474' title='bbox 1024 3554 1482 3624; x_wconf 83' lang='grc' dir='ltr'>λειτουργούντων</span> <span class='ocrx_word' id='word_1_475' title='bbox 1506 3554 1585 3625; x_wconf 79' lang='grc' dir='ltr'>τῷ</span> <span class='ocrx_word' id='word_1_476' title='bbox 1616 3553 1979 3626; x_wconf 84' lang='grc' dir='ltr'>φιλανθρώπῳ</span> 
     </span>
    </p>
   </div>
   <div class='ocr_carea' id='block_1_65' title="bbox 399 3640 1980 3717">
    <p class='ocr_par' dir='ltr' id='par_1_65' title="bbox 399 3640 1980 3717">
     <span class='ocr_line' id='line_1_65' title="bbox 399 3640 1980 3717; baseline 0.004 -25"><span class='ocrx_word' id='word_1_477' title='bbox 399 3642 495 3693; x_wconf 73' lang='grc' dir='ltr'>καὶ</span> <span class='ocrx_word' id='word_1_478' title='bbox 522 3643 771 3713; x_wconf 74' lang='grc' dir='ltr'>παναγίῳ</span> <span class='ocrx_word' id='word_1_479' title='bbox 803 3640 1052 3713; x_wconf 62' lang='grc' dir='ltr'>ΘεῷΪΗν</span> <span class='ocrx_word' id='word_1_480' title='bbox 1072 3644 1127 3697; x_wconf 82' lang='grc' dir='ltr'>δὲ</span> <span class='ocrx_word' id='word_1_481' title='bbox 1154 3647 1186 3716; x_wconf 81' lang='grc' dir='ltr'>ἡ</span> <span class='ocrx_word' id='word_1_482' title='bbox 1210 3646 1381 3717; x_wconf 82' lang='grc' dir='ltr'>τροφὴ</span> <span class='ocrx_word' id='word_1_483' title='bbox 1411 3645 1505 3698; x_wconf 90' lang='grc' dir='ltr'>τοῦ</span> <span class='ocrx_word' id='word_1_484' title='bbox 1546 3646 1819 3717; x_wconf 83' lang='grc' dir='ltr'>μακαρίου</span> <span class='ocrx_word' id='word_1_485' title='bbox 1847 3646 1980 3698; x_wconf 86' lang='grc' dir='ltr'>Ἱλα-</span> 
     </span>
    </p>
   </div>
   <div class='ocr_carea' id='block_1_66' title="bbox 401 3732 1982 3810">
    <p class='ocr_par' dir='ltr' id='par_1_66' title="bbox 401 3732 1982 3810">
     <span class='ocr_line' id='line_1_66' title="bbox 401 3732 1982 3810; baseline 0.004 -25"><span class='ocrx_word' id='word_1_486' title='bbox 401 3732 592 3804; x_wconf 70' lang='grc' dir='ltr'>ρίωνο-ς,⁹</span> <span class='ocrx_word' id='word_1_487' title='bbox 636 3734 816 3806; x_wconf 77' lang='grc' dir='ltr'>ἄρτος,</span> <span class='ocrx_word' id='word_1_488' title='bbox 870 3737 964 3790; x_wconf 75' lang='grc' dir='ltr'>καὶ</span> <span class='ocrx_word' id='word_1_489' title='bbox 1013 3736 1165 3800; x_wconf 77' lang='grc' dir='ltr'>ἃλας,</span> <span class='ocrx_word' id='word_1_490' title='bbox 1195 3740 1291 3791; x_wconf 73' lang='grc' dir='ltr'>καὶ</span> <span class='ocrx_word' id='word_1_491' title='bbox 1340 3738 1484 3808; x_wconf 78' lang='grc' dir='ltr'>ὕδωρ</span> <span class='ocrx_word' id='word_1_492' title='bbox 1509 3736 1982 3810; x_wconf 81' lang='grc' dir='ltr'>μέτριον.”Ησθιεν</span> 
     </span>
    </p>
   </div>
   <div class='ocr_carea' id='block_1_67' title="bbox 399 3824 1984 3900">
    <p class='ocr_par' dir='ltr' id='par_1_67' title="bbox 399 3824 1984 3900">
     <span class='ocr_line' id='line_1_67' title="bbox 399 3824 1984 3900; baseline 0.003 -24"><span class='ocrx_word' id='word_1_493' title='bbox 399 3824 454 3876; x_wconf 77' lang='grc' dir='ltr'>δὲ</span> <span class='ocrx_word' id='word_1_494' title='bbox 482 3824 570 3877; x_wconf 75' lang='grc' dir='ltr'>διὰ</span> <span class='ocrx_word' id='word_1_495' title='bbox 595 3824 688 3877; x_wconf 90' lang='grc' dir='ltr'>δύο</span> <span class='ocrx_word' id='word_1_496' title='bbox 713 3826 964 3897; x_wconf 83' lang='grc' dir='ltr'>ήμερῶν·</span> <span class='ocrx_word' id='word_1_497' title='bbox 1002 3827 1258 3892; x_wconf 80' lang='grc' dir='ltr'>πολλάκις</span> <span class='ocrx_word' id='word_1_498' title='bbox 1284 3828 1341 3882; x_wconf 81' lang='grc' dir='ltr'>δὲ</span> <span class='ocrx_word' id='word_1_499' title='bbox 1365 3830 1459 3882; x_wconf 78' lang='grc' dir='ltr'>καὶ</span> <span class='ocrx_word' id='word_1_500' title='bbox 1487 3829 1575 3883; x_wconf 80' lang='grc' dir='ltr'>διὰ</span> <span class='ocrx_word' id='word_1_501' title='bbox 1605 3829 1774 3900; x_wconf 83' lang='grc' dir='ltr'>τριῶν</span> <span class='ocrx_word' id='word_1_502' title='bbox 1794 3847 1808 3860; x_wconf 70' lang='grc'><strong><em>⁸</em></strong></span> <span class='ocrx_word' id='word_1_503' title='bbox 1839 3827 1984 3881; x_wconf 86' lang='grc' dir='ltr'>πλει-</span> 
     </span>
    </p>
   </div>
   <div class='ocr_carea' id='block_1_68' title="bbox 402 3913 1981 3991">
    <p class='ocr_par' dir='ltr' id='par_1_68' title="bbox 402 3913 1981 3991">
     <span class='ocr_line' id='line_1_68' title="bbox 402 3913 1981 3991; baseline 0.002 -23"><span class='ocrx_word' id='word_1_504' title='bbox 402 3917 594 3979; x_wconf 78' lang='grc' dir='ltr'>στάκις</span> <span class='ocrx_word' id='word_1_505' title='bbox 637 3917 694 3970; x_wconf 81' lang='grc' dir='ltr'>δὲ</span> <span class='ocrx_word' id='word_1_506' title='bbox 740 3918 832 3971; x_wconf 69' lang='grc' dir='ltr'>καὶ</span> <span class='ocrx_word' id='word_1_507' title='bbox 869 3917 956 3971; x_wconf 78' lang='grc' dir='ltr'>διὰ</span> <span class='ocrx_word' id='word_1_508' title='bbox 983 3913 1271 3990; x_wconf 72' lang='grc' dir='ltr'>τεσσάρων</span> <span class='ocrx_word' id='word_1_509' title='bbox 1305 3920 1397 3973; x_wconf 80' lang='grc' dir='ltr'>καὶ</span> <span class='ocrx_word' id='word_1_510' title='bbox 1424 3920 1735 3991; x_wconf 79' lang='grc' dir='ltr'>ἑϐδομάδος.</span> <span class='ocrx_word' id='word_1_511' title='bbox 1766 3919 1981 3990; x_wconf 79' lang='grc' dir='ltr'>Ταύτην</span> 
     </span>
    </p>
   </div>
   <div class='ocr_carea' id='block_1_69' title="bbox 400 4008 1983 4083">
    <p class='ocr_par' dir='ltr' id='par_1_69' title="bbox 400 4008 1983 4083">
     <span class='ocr_line' id='line_1_69' title="bbox 400 4008 1983 4083; baseline 0.002 -22"><span class='ocrx_word' id='word_1_512' title='bbox 400 4011 502 4080; x_wconf 76' lang='grc' dir='ltr'>τὴν</span> <span class='ocrx_word' id='word_1_513' title='bbox 539 4008 811 4063; x_wconf 81' lang='grc' dir='ltr'>πολιτείαν</span> <span class='ocrx_word' id='word_1_514' title='bbox 846 4009 1162 4076; x_wconf 77' lang='grc' dir='ltr'>ἐπελέξατο,</span> <span class='ocrx_word' id='word_1_515' title='bbox 1198 4012 1290 4064; x_wconf 74' lang='grc' dir='ltr'>καὶ</span> <span class='ocrx_word' id='word_1_516' title='bbox 1332 4012 1632 4083; x_wconf 76' lang='grc' dir='ltr'>ἐκράτησεν</span> <span class='ocrx_word' id='word_1_517' title='bbox 1671 4011 1983 4080; x_wconf 81' lang='grc' dir='ltr'>Ἐπιφάνιος</span> 
     </span>
    </p>
   </div>
   <div class='ocr_carea' id='block_1_70' title="bbox 402 4099 1981 4174">
    <p class='ocr_par' dir='ltr' id='par_1_70' title="bbox 402 4099 1981 4174">
     <span class='ocr_line' id='line_1_70' title="bbox 402 4099 1981 4174; baseline 0.001 -20"><span class='ocrx_word' id='word_1_518' title='bbox 402 4101 619 4154; x_wconf 70' lang='grc' dir='ltr'>ἅπαντα</span> <span class='ocrx_word' id='word_1_519' title='bbox 660 4100 751 4165; x_wconf 66' lang='grc' dir='ltr'>τὸν</span> <span class='ocrx_word' id='word_1_520' title='bbox 800 4104 988 4174; x_wconf 85' lang='grc' dir='ltr'>χρόνον</span> <span class='ocrx_word' id='word_1_521' title='bbox 1030 4103 1129 4172; x_wconf 83' lang='grc' dir='ltr'>τῆς</span> <span class='ocrx_word' id='word_1_522' title='bbox 1163 4101 1307 4173; x_wconf 78' lang='grc' dir='ltr'>ζωῆς</span> <span class='ocrx_word' id='word_1_523' title='bbox 1352 4099 1656 4157; x_wconf 78' lang='grc' dir='ltr'>αύτοῦ.⁷Ην</span> <span class='ocrx_word' id='word_1_524' title='bbox 1681 4102 1737 4155; x_wconf 82' lang='grc' dir='ltr'>δὲ</span> <span class='ocrx_word' id='word_1_525' title='bbox 1770 4102 1863 4155; x_wconf 79' lang='grc' dir='ltr'>καὶ</span> <span class='ocrx_word' id='word_1_526' title='bbox 1888 4103 1981 4157; x_wconf 80' lang='grc' dir='ltr'>ἄν·</span> 
     </span>
    </p>
   </div>
   <div class='ocr_carea' id='block_1_71' title="bbox 399 4188 833 4257">
    <p class='ocr_par' dir='ltr' id='par_1_71' title="bbox 399 4188 833 4257">
     <span class='ocr_line' id='line_1_71' title="bbox 399 4188 833 4257; baseline 0.002 -16"><span class='ocrx_word' id='word_1_527' title='bbox 399 4188 560 4257; x_wconf 77' lang='grc' dir='ltr'>υδρος</span> <span class='ocrx_word' id='word_1_528' title='bbox 592 4190 620 4241; x_wconf 87' lang='grc' dir='ltr'>ὁ</span> <span class='ocrx_word' id='word_1_529' title='bbox 652 4188 833 4252; x_wconf 79' lang='grc' dir='ltr'>τόπος.</span> 
     </span>
    </p>
   </div>
   <div class='ocr_carea' id='block_1_72' title="bbox 398 4277 1984 4351">
    <p class='ocr_par' dir='ltr' id='par_1_72' title="bbox 398 4277 1984 4351">
     <span class='ocr_line' id='line_1_72' title="bbox 398 4277 1984 4351; baseline 0.001 -21"><span class='ocrx_word' id='word_1_530' title='bbox 398 4298 401 4301; x_wconf 94' lang='grc'>·</span> <span class='ocrx_word' id='word_1_531' title='bbox 475 4279 527 4330; x_wconf 75' lang='grc' dir='ltr'>ι’.</span> <span class='ocrx_word' id='word_1_532' title='bbox 569 4278 703 4331; x_wconf 79' lang='grc' dir='ltr'>Ποτὲ</span> <span class='ocrx_word' id='word_1_533' title='bbox 729 4277 879 4346; x_wconf 89' lang='grc' dir='ltr'>γοῦν,</span> <span class='ocrx_word' id='word_1_534' title='bbox 915 4279 1208 4351; x_wconf 83' lang='grc' dir='ltr'>ὁδοιπόρων</span> <span class='ocrx_word' id='word_1_535' title='bbox 1236 4278 1592 4333; x_wconf 75' lang='grc' dir='ltr'>εἰσελθόντων</span> <span class='ocrx_word' id='word_1_536' title='bbox 1626 4281 1683 4332; x_wconf 83' lang='grc' dir='ltr'>ὲν</span> <span class='ocrx_word' id='word_1_537' title='bbox 1710 4278 1789 4349; x_wconf 82' lang='grc' dir='ltr'>τῷ</span> <span class='ocrx_word' id='word_1_538' title='bbox 1821 4296 1984 4350; x_wconf 85' lang='grc' dir='ltr'>μονα-</span> 
     </span>
    </p>
   </div>
   <div class='ocr_carea' id='block_1_73' title="bbox 404 4365 1986 4441">
    <p class='ocr_par' dir='ltr' id='par_1_73' title="bbox 404 4365 1986 4441">
     <span class='ocr_line' id='line_1_73' title="bbox 404 4365 1986 4441; baseline -0.007 -19"><span class='ocrx_word' id='word_1_539' title='bbox 404 4370 633 4440; x_wconf 79' lang='grc' dir='ltr'>στηρίῳ,</span> <span class='ocrx_word' id='word_1_540' title='bbox 659 4371 753 4423; x_wconf 75' lang='grc' dir='ltr'>καὶ</span> <span class='ocrx_word' id='word_1_541' title='bbox 800 4365 941 4423; x_wconf 75' lang='grc' dir='ltr'>οἶνον</span> <span class='ocrx_word' id='word_1_542' title='bbox 984 4371 1374 4441; x_wconf 80' lang='grc' dir='ltr'>ἐπιφερόντων,</span> <span class='ocrx_word' id='word_1_543' title='bbox 1408 4370 1502 4423; x_wconf 73' lang='grc' dir='ltr'>καὶ</span> <span class='ocrx_word' id='word_1_544' title='bbox 1528 4369 1809 4440; x_wconf 80' lang='grc' dir='ltr'>καύματος</span> <span class='ocrx_word' id='word_1_545' title='bbox 1841 4387 1986 4439; x_wconf 78' lang='grc' dir='ltr'>σφο-</span> 
     </span>
    </p>
   </div>
   <div class='ocr_carea' id='block_1_74' title="bbox 400 4450 2059 4532">
    <p class='ocr_par' dir='ltr' id='par_1_74' title="bbox 400 4450 2059 4532">
     <span class='ocr_line' id='line_1_74' title="bbox 400 4450 2059 4532; baseline 0.001 -20"><span class='ocrx_word' id='word_1_546' title='bbox 400 4461 660 4531; x_wconf 77' lang='grc' dir='ltr'>δροτάτου</span> <span class='ocrx_word' id='word_1_547' title='bbox 687 4461 839 4524; x_wconf 69' lang='grc' dir='ltr'>ὄντος</span> <span class='ocrx_word' id='word_1_548' title='bbox 870 4461 958 4515; x_wconf 83' lang='grc' dir='ltr'>διὰ</span> <span class='ocrx_word' id='word_1_549' title='bbox 990 4462 1088 4532; x_wconf 72' lang='grc' dir='ltr'>τὴν</span> <span class='ocrx_word' id='word_1_550' title='bbox 1134 4461 1333 4532; x_wconf 83' lang='grc' dir='ltr'>πολλὴν</span> <span class='ocrx_word' id='word_1_551' title='bbox 1365 4461 1546 4531; x_wconf 77' lang='grc' dir='ltr'>δίψαν,</span> <span class='ocrx_word' id='word_1_552' title='bbox 1588 4460 1896 4530; x_wconf 73' lang='grc' dir='ltr'>κατέψυξαν</span> <span class='ocrx_word' id='word_1_553' title='bbox 1927 4463 1984 4514; x_wconf 84' lang='grc' dir='ltr'>ὲν</span> <span class='ocrx_word' id='word_1_554' title='bbox 2015 4450 2059 4504; x_wconf 80' lang='grc' dir='ltr'>ι)</span> 
     </span>
    </p>
   </div>
   <div class='ocr_carea' id='block_1_75' title="bbox 402 4551 1988 4624">
    <p class='ocr_par' dir='ltr' id='par_1_75' title="bbox 402 4551 1988 4624">
     <span class='ocr_line' id='line_1_75' title="bbox 402 4551 1988 4624; baseline 0.001 -20"><span class='ocrx_word' id='word_1_555' title='bbox 402 4551 483 4621; x_wconf 79' lang='grc' dir='ltr'>τῷ</span> <span class='ocrx_word' id='word_1_556' title='bbox 520 4552 896 4622; x_wconf 82' lang='grc' dir='ltr'>μοναστηρίῳ·</span> <span class='ocrx_word' id='word_1_557' title='bbox 933 4554 1025 4606; x_wconf 67' lang='grc' dir='ltr'>καὶ</span> <span class='ocrx_word' id='word_1_558' title='bbox 1057 4553 1265 4624; x_wconf 76' lang='grc' dir='ltr'>ᾔτησαν</span> <span class='ocrx_word' id='word_1_559' title='bbox 1308 4552 1474 4623; x_wconf 77' lang='grc' dir='ltr'>ὕδωρ,</span> <span class='ocrx_word' id='word_1_560' title='bbox 1506 4552 1647 4606; x_wconf 82' lang='grc' dir='ltr'>ὥστε</span> <span class='ocrx_word' id='word_1_561' title='bbox 1699 4555 1864 4617; x_wconf 84' lang='grc' dir='ltr'>πιεῖν,</span> <span class='ocrx_word' id='word_1_562' title='bbox 1895 4551 1988 4605; x_wconf 73' lang='grc' dir='ltr'>καὶ</span> 
     </span>
    </p>
   </div>
   <div class='ocr_carea' id='block_1_76' title="bbox 402 4640 1990 4713">
    <p class='ocr_par' dir='ltr' id='par_1_76' title="bbox 402 4640 1990 4713">
     <span class='ocr_line' id='line_1_76' title="bbox 402 4640 1990 4713; baseline -0.001 -17"><span class='ocrx_word' id='word_1_563' title='bbox 402 4645 504 4712; x_wconf 69' lang='grc' dir='ltr'>οὐχ</span> <span class='ocrx_word' id='word_1_564' title='bbox 533 4642 727 4713; x_wconf 80' lang='grc' dir='ltr'>εὑρέθη</span> <span class='ocrx_word' id='word_1_565' title='bbox 761 4641 903 4713; x_wconf 76' lang='grc' dir='ltr'>ὕδωρ</span> <span class='ocrx_word' id='word_1_566' title='bbox 949 4644 1006 4695; x_wconf 81' lang='grc' dir='ltr'>ὲν</span> <span class='ocrx_word' id='word_1_567' title='bbox 1048 4642 1125 4712; x_wconf 85' lang='grc' dir='ltr'>τῷ</span> <span class='ocrx_word' id='word_1_568' title='bbox 1166 4643 1336 4713; x_wconf 82' lang='grc' dir='ltr'>τόπῳ.</span> <span class='ocrx_word' id='word_1_569' title='bbox 1357 4643 1490 4696; x_wconf 84' lang='grc' dir='ltr'>Ἀπὸ</span> <span class='ocrx_word' id='word_1_570' title='bbox 1533 4643 1640 4713; x_wconf 87' lang='grc' dir='ltr'>γάρ</span> <span class='ocrx_word' id='word_1_571' title='bbox 1676 4640 1920 4712; x_wconf 83' lang='grc' dir='ltr'>σημείων</span> <span class='ocrx_word' id='word_1_572' title='bbox 1949 4649 1990 4694; x_wconf 81' lang='grc' dir='ltr'>ε’</span> 
     </span>
    </p>
   </div>
   <div class='ocr_carea' id='block_1_77' title="bbox 408 4731 1988 4806">
    <p class='ocr_par' dir='ltr' id='par_1_77' title="bbox 408 4731 1988 4806">
     <span class='ocr_line' id='line_1_77' title="bbox 408 4731 1988 4806; baseline -0.003 -18"><span class='ocrx_word' id='word_1_573' title='bbox 408 4735 653 4804; x_wconf 71' lang='grc' dir='ltr'>ὑπῆρχεν</span> <span class='ocrx_word' id='word_1_574' title='bbox 696 4735 757 4786; x_wconf 77' lang='grc' dir='ltr'>τὸ</span> <span class='ocrx_word' id='word_1_575' title='bbox 800 4733 974 4806; x_wconf 49' lang='grc' dir='ltr'>ὕδωρ</span> <span class='ocrx_word' id='word_1_576' title='bbox 1005 4737 1071 4805; x_wconf 82' lang='grc' dir='ltr'>τῇ</span> <span class='ocrx_word' id='word_1_577' title='bbox 1108 4731 1201 4788; x_wconf 79' lang='grc' dir='ltr'>οὖν</span> <span class='ocrx_word' id='word_1_578' title='bbox 1235 4735 1388 4787; x_wconf 74' lang='grc' dir='ltr'>νυκτὶ</span> <span class='ocrx_word' id='word_1_579' title='bbox 1419 4736 1745 4806; x_wconf 82' lang='grc' dir='ltr'>ἐπορεύοντο</span> <span class='ocrx_word' id='word_1_580' title='bbox 1774 4735 1988 4797; x_wconf 82' lang='grc' dir='ltr'>ἑαυτοῖς</span> 
     </span>
    </p>
   </div>
   <div class='ocr_carea' id='block_1_78' title="bbox 404 4823 1991 4897">
    <p class='ocr_par' dir='ltr' id='par_1_78' title="bbox 404 4823 1991 4897">
     <span class='ocr_line' id='line_1_78' title="bbox 404 4823 1991 4897; baseline -0.004 -15"><span class='ocrx_word' id='word_1_581' title='bbox 404 4830 456 4883; x_wconf 83' lang='grc' dir='ltr'>οἱ</span> <span class='ocrx_word' id='word_1_582' title='bbox 483 4827 719 4897; x_wconf 66' lang='grc' dir='ltr'>ἀδελφοὶ,</span> <span class='ocrx_word' id='word_1_583' title='bbox 754 4826 850 4880; x_wconf 73' lang='grc' dir='ltr'>καὶ</span> <span class='ocrx_word' id='word_1_584' title='bbox 884 4827 1162 4897; x_wconf 78' lang='grc' dir='ltr'>έγέμιζον.</span> <span class='ocrx_word' id='word_1_585' title='bbox 1201 4826 1321 4879; x_wconf 86' lang='grc' dir='ltr'>Τῶν</span> <span class='ocrx_word' id='word_1_586' title='bbox 1372 4825 1429 4878; x_wconf 81' lang='grc' dir='ltr'>δὲ</span> <span class='ocrx_word' id='word_1_587' title='bbox 1474 4825 1771 4897; x_wconf 85' lang='grc' dir='ltr'>ὁδοιπόρων</span> <span class='ocrx_word' id='word_1_588' title='bbox 1817 4823 1991 4876; x_wconf 81' lang='grc' dir='ltr'>ἐκλει-</span> 
     </span>
    </p>
   </div>
   <div class='ocr_carea' id='block_1_79' title="bbox 410 4916 1993 4988">
    <p class='ocr_par' dir='ltr' id='par_1_79' title="bbox 410 4916 1993 4988">
     <span class='ocr_line' id='line_1_79' title="bbox 410 4916 1993 4988; baseline 0 -19"><span class='ocrx_word' id='word_1_589' title='bbox 410 4918 620 4971; x_wconf 83' lang='grc' dir='ltr'>πόντων</span> <span class='ocrx_word' id='word_1_590' title='bbox 658 4919 745 4971; x_wconf 78' lang='grc' dir='ltr'>διὰ</span> <span class='ocrx_word' id='word_1_591' title='bbox 779 4919 878 4988; x_wconf 79' lang='grc' dir='ltr'>τὴν</span> <span class='ocrx_word' id='word_1_592' title='bbox 911 4917 1091 4986; x_wconf 76' lang='grc' dir='ltr'>δίψαν,</span> <span class='ocrx_word' id='word_1_593' title='bbox 1126 4918 1366 4979; x_wconf 78' lang='grc' dir='ltr'>ἅπαντες</span> <span class='ocrx_word' id='word_1_594' title='bbox 1395 4917 1446 4968; x_wconf 85' lang='grc' dir='ltr'>οἱ</span> <span class='ocrx_word' id='word_1_595' title='bbox 1476 4916 1697 4986; x_wconf 76' lang='grc' dir='ltr'>ἀδελφοὶ</span> <span class='ocrx_word' id='word_1_596' title='bbox 1731 4916 1993 4969; x_wconf 76' lang='grc' dir='ltr'>ἐπένθουν</span> 
     </span>
    </p>
   </div>
   <div class='ocr_carea' id='block_1_80' title="bbox 410 5012 1990 5082">
    <p class='ocr_par' dir='ltr' id='par_1_80' title="bbox 410 5012 1990 5082">
     <span class='ocr_line' id='line_1_80' title="bbox 410 5012 1990 5082; baseline 0 -20"><span class='ocrx_word' id='word_1_597' title='bbox 410 5012 499 5065; x_wconf 75' lang='grc' dir='ltr'>ἐπ’</span> <span class='ocrx_word' id='word_1_598' title='bbox 551 5014 753 5078; x_wconf 75' lang='grc' dir='ltr'>αὐτοῖς.</span> <span class='ocrx_word' id='word_1_599' title='bbox 784 5015 841 5068; x_wconf 91' lang='grc' dir='ltr'>Ὀ</span> <span class='ocrx_word' id='word_1_600' title='bbox 892 5013 949 5067; x_wconf 74' lang='grc' dir='ltr'>δὲ</span> <span class='ocrx_word' id='word_1_601' title='bbox 992 5014 1310 5082; x_wconf 81' lang='grc' dir='ltr'>Ἑπιφάνιος</span> <span class='ocrx_word' id='word_1_602' title='bbox 1362 5012 1607 5075; x_wconf 74' lang='grc' dir='ltr'>ἐκτείνας</span> <span class='ocrx_word' id='word_1_603' title='bbox 1661 5012 1759 5080; x_wconf 77' lang='grc' dir='ltr'>τὴν</span> <span class='ocrx_word' id='word_1_604' title='bbox 1811 5012 1990 5080; x_wconf 82' lang='grc' dir='ltr'>χεῖρα,</span> 
     </span>
    </p>
   </div>
   <div class='ocr_carea' id='block_1_81' title="bbox 412 5097 1993 5176">
    <p class='ocr_par' dir='ltr' id='par_1_81' title="bbox 412 5097 1993 5176">
     <span class='ocr_line' id='line_1_81' title="bbox 412 5097 1993 5176; baseline -0.005 -16"><span class='ocrx_word' id='word_1_605' title='bbox 412 5106 504 5160; x_wconf 68' lang='grc' dir='ltr'>καὶ</span> <span class='ocrx_word' id='word_1_606' title='bbox 534 5106 864 5176; x_wconf 80' lang='grc' dir='ltr'>δραξάμενος</span> <span class='ocrx_word' id='word_1_607' title='bbox 897 5104 990 5159; x_wconf 82' lang='grc' dir='ltr'>τοῦ</span> <span class='ocrx_word' id='word_1_608' title='bbox 1021 5105 1215 5167; x_wconf 82' lang='grc' dir='ltr'>ἀσκοῦ,</span> <span class='ocrx_word' id='word_1_609' title='bbox 1247 5102 1375 5157; x_wconf 65' lang='grc' dir='ltr'>ἔνθα</span> <span class='ocrx_word' id='word_1_610' title='bbox 1397 5105 1425 5156; x_wconf 88' lang='grc' dir='ltr'>ὀ</span> <span class='ocrx_word' id='word_1_611' title='bbox 1450 5101 1599 5164; x_wconf 80' lang='grc' dir='ltr'>οἶνος-</span> <span class='ocrx_word' id='word_1_612' title='bbox 1625 5102 1890 5172; x_wconf 81' lang='grc' dir='ltr'>ὑπῆρχεν,</span> <span class='ocrx_word' id='word_1_613' title='bbox 1916 5097 1993 5153; x_wconf 79' lang='grc' dir='ltr'>εἷ-</span> 
     </span>
    </p>
   </div>
   <div class='ocr_carea' id='block_1_82' title="bbox 410 5187 1993 5265">
    <p class='ocr_par' dir='ltr' id='par_1_82' title="bbox 410 5187 1993 5265">
     <span class='ocr_line' id='line_1_82' title="bbox 410 5187 1993 5265; baseline -0.004 -15"><span class='ocrx_word' id='word_1_614' title='bbox 410 5214 540 5250; x_wconf 85' lang='grc' dir='ltr'>πεν·</span> <span class='ocrx_word' id='word_1_615' title='bbox 568 5196 922 5261; x_wconf 81' lang='grc' dir='ltr'>Πιστεύσατε,</span> <span class='ocrx_word' id='word_1_616' title='bbox 953 5196 1195 5264; x_wconf 70' lang='grc' dir='ltr'>ἀδελφοὶ,</span> <span class='ocrx_word' id='word_1_617' title='bbox 1227 5196 1310 5248; x_wconf 83' lang='grc' dir='ltr'>ὅτι</span> <span class='ocrx_word' id='word_1_618' title='bbox 1338 5197 1367 5248; x_wconf 93' lang='lat'>6</span> <span class='ocrx_word' id='word_1_619' title='bbox 1400 5196 1632 5265; x_wconf 87' lang='grc' dir='ltr'>ποιήσας</span> <span class='ocrx_word' id='word_1_620' title='bbox 1658 5192 1719 5245; x_wconf 87' lang='grc' dir='ltr'>τὺ</span> <span class='ocrx_word' id='word_1_621' title='bbox 1752 5192 1897 5263; x_wconf 73' lang='grc' dir='ltr'>ὕδωρ</span> <span class='ocrx_word' id='word_1_622' title='bbox 1920 5187 1993 5244; x_wconf 83' lang='grc' dir='ltr'>οἷ-</span> 
     </span>
    </p>
   </div>
   <div class='ocr_carea' id='block_1_83' title="bbox 404 5282 1992 5357">
    <p class='ocr_par' dir='ltr' id='par_1_83' title="bbox 404 5282 1992 5357">
     <span class='ocr_line' id='line_1_83' title="bbox 404 5282 1992 5357; baseline -0.004 -16"><span class='ocrx_word' id='word_1_623' title='bbox 404 5304 519 5350; x_wconf 86' lang='grc' dir='ltr'>νον,</span> <span class='ocrx_word' id='word_1_624' title='bbox 562 5288 775 5357; x_wconf 81' lang='grc' dir='ltr'>ποιήσει</span> <span class='ocrx_word' id='word_1_625' title='bbox 821 5289 918 5341; x_wconf 74' lang='grc' dir='ltr'>καὶ</span> <span class='ocrx_word' id='word_1_626' title='bbox 947 5288 1039 5340; x_wconf 75' lang='grc' dir='ltr'>τὸν</span> <span class='ocrx_word' id='word_1_627' title='bbox 1066 5283 1209 5340; x_wconf 81' lang='grc' dir='ltr'>οἶνον</span> <span class='ocrx_word' id='word_1_628' title='bbox 1237 5286 1415 5357; x_wconf 83' lang='grc' dir='ltr'>’ύδωρ’</span> <span class='ocrx_word' id='word_1_629' title='bbox 1461 5287 1557 5338; x_wconf 71' lang='grc' dir='ltr'>καὶ</span> <span class='ocrx_word' id='word_1_630' title='bbox 1605 5284 1698 5336; x_wconf 76' lang='grc' dir='ltr'>ἐπὶ</span> <span class='ocrx_word' id='word_1_631' title='bbox 1737 5282 1816 5352; x_wconf 80' lang='grc' dir='ltr'>τῷ</span> <span class='ocrx_word' id='word_1_632' title='bbox 1848 5282 1992 5351; x_wconf 82' lang='grc' dir='ltr'>λόγῳ</span> 
     </span>
    </p>
   </div>
   <div class='ocr_carea' id='block_1_84' title="bbox 420 5373 1993 5449">
    <p class='ocr_par' dir='ltr' id='par_1_84' title="bbox 420 5373 1993 5449">
     <span class='ocr_line' id='line_1_84' title="bbox 420 5373 1993 5449; baseline -0.004 -16"><span class='ocrx_word' id='word_1_633' title='bbox 420 5377 762 5447; x_wconf 80' lang='grc' dir='ltr'>Ἐπιφανίου,</span> <span class='ocrx_word' id='word_1_634' title='bbox 795 5381 844 5431; x_wconf 75' lang='grc' dir='ltr'>οἱ</span> <span class='ocrx_word' id='word_1_635' title='bbox 890 5378 1221 5449; x_wconf 82' lang='grc' dir='ltr'>πλησθέντες</span> <span class='ocrx_word' id='word_1_636' title='bbox 1272 5377 1430 5430; x_wconf 75' lang='grc' dir='ltr'>ἀσκοὶ</span> <span class='ocrx_word' id='word_1_637' title='bbox 1480 5376 1646 5438; x_wconf 81' lang='grc' dir='ltr'>οἴνου,</span> <span class='ocrx_word' id='word_1_638' title='bbox 1681 5373 1993 5445; x_wconf 78' lang='grc' dir='ltr'>ηὑρέθησαν</span> 
     </span>
    </p>
   </div>
   <div class='ocr_carea' id='block_1_85' title="bbox 407 5463 1993 5541">
    <p class='ocr_par' dir='ltr' id='par_1_85' title="bbox 407 5463 1993 5541">
     <span class='ocr_line' id='line_1_85' title="bbox 407 5463 1993 5541; baseline -0.006 -18"><span class='ocrx_word' id='word_1_639' title='bbox 407 5469 742 5541; x_wconf 78' lang='grc' dir='ltr'>πλησθέντες</span> <span class='ocrx_word' id='word_1_640' title='bbox 787 5469 1006 5531; x_wconf 77' lang='grc' dir='ltr'>ὕδατος·</span> <span class='ocrx_word' id='word_1_641' title='bbox 1040 5470 1133 5522; x_wconf 72' lang='grc' dir='ltr'>καὶ</span> <span class='ocrx_word' id='word_1_642' title='bbox 1164 5467 1420 5529; x_wconf 81' lang='grc' dir='ltr'>λαϐόντες</span> <span class='ocrx_word' id='word_1_643' title='bbox 1450 5467 1499 5519; x_wconf 79' lang='grc' dir='ltr'>οἱ</span> <span class='ocrx_word' id='word_1_644' title='bbox 1531 5466 1802 5536; x_wconf 88' lang='grc' dir='ltr'>ὁδοιπόροι</span> <span class='ocrx_word' id='word_1_645' title='bbox 1842 5463 1993 5515; x_wconf 80' lang='grc' dir='ltr'>ἔπιον</span> 
     </span>
    </p>
   </div>
   <div class='ocr_carea' id='block_1_86' title="bbox 405 5552 1997 5631">
    <p class='ocr_par' dir='ltr' id='par_1_86' title="bbox 405 5552 1997 5631">
     <span class='ocr_line' id='line_1_86' title="bbox 405 5552 1997 5631; baseline -0.008 -16"><span class='ocrx_word' id='word_1_646' title='bbox 405 5562 505 5618; x_wconf 80' lang='grc' dir='ltr'>καὶ</span> <span class='ocrx_word' id='word_1_647' title='bbox 534 5560 708 5624; x_wconf 74' lang='grc' dir='ltr'>αὐτοὶ,</span> <span class='ocrx_word' id='word_1_648' title='bbox 738 5560 832 5613; x_wconf 73' lang='grc' dir='ltr'>καὶ</span> <span class='ocrx_word' id='word_1_649' title='bbox 856 5559 928 5612; x_wconf 84' lang='grc' dir='ltr'>τὰ</span> <span class='ocrx_word' id='word_1_650' title='bbox 955 5560 1125 5631; x_wconf 84' lang='grc' dir='ltr'>κτήνη</span> <span class='ocrx_word' id='word_1_651' title='bbox 1156 5557 1358 5623; x_wconf 86' lang='grc' dir='ltr'>αὐτῶν,</span> <span class='ocrx_word' id='word_1_652' title='bbox 1390 5556 1484 5609; x_wconf 76' lang='grc' dir='ltr'>καὶ</span> <span class='ocrx_word' id='word_1_653' title='bbox 1510 5554 1639 5626; x_wconf 79' lang='grc' dir='ltr'>ἔστη</span> <span class='ocrx_word' id='word_1_654' title='bbox 1667 5556 1700 5625; x_wconf 84' lang='grc' dir='ltr'>ή</span> <span class='ocrx_word' id='word_1_655' title='bbox 1733 5552 1879 5624; x_wconf 71' lang='grc' dir='ltr'>ψυχὴ</span> <span class='ocrx_word' id='word_1_656' title='bbox 1905 5552 1997 5605; x_wconf 80' lang='grc' dir='ltr'>αύ-</span> 
     </span>
    </p>
   </div>
   <div class='ocr_carea' id='block_1_87' title="bbox 484 5727 1823 5804">
    <p class='ocr_par' dir='ltr' id='par_1_87' title="bbox 484 5727 1823 5804">
     <span class='ocr_line' id='line_1_87' title="bbox 484 5727 1823 5804; baseline -0.008 -15"><span class='ocrx_word' id='word_1_657' title='bbox 484 5735 561 5803; x_wconf 79' lang='lat' dir='ltr'>(a)</span> <span class='ocrx_word' id='word_1_658' title='bbox 601 5734 772 5789; x_wconf 82' lang='lat' dir='ltr'><strong>Aliter</strong></span> <span class='ocrx_word' id='word_1_659' title='bbox 794 5732 923 5804; x_wconf 82' lang='lat' dir='ltr'><strong>legit</strong></span> <span class='ocrx_word' id='word_1_660' title='bbox 959 5732 1247 5802; x_wconf 71' lang='lat' dir='ltr'><strong>interpres,</strong></span> <span class='ocrx_word' id='word_1_661' title='bbox 1277 5745 1468 5800; x_wconf 85' lang='lat' dir='ltr'><strong>nempe</strong></span> <span class='ocrx_word' id='word_1_662' title='bbox 1500 5727 1823 5799; x_wconf 75' lang='grc' dir='ltr'>παραδόσει.</span> 
     </span>
    </p>
   </div>
   <div class='ocr_carea' id='block_1_88' title="bbox 2084 3187 3661 3259">
    <p class='ocr_par' dir='ltr' id='par_1_88' title="bbox 2084 3187 3661 3259">
     <span class='ocr_line' id='line_1_88' title="bbox 2084 3187 3661 3259; baseline -0.003 -14"><span class='ocrx_word' id='word_1_663' title='bbox 2084 3190 2240 3245; x_wconf 80' lang='lat' dir='ltr'><strong>rima.</strong></span> <span class='ocrx_word' id='word_1_664' title='bbox 2292 3189 2531 3259; x_wconf 87' lang='lat' dir='ltr'><strong>Conligit</strong></span> <span class='ocrx_word' id='word_1_665' title='bbox 2575 3205 2722 3254; x_wconf 91' lang='lat' dir='ltr'><strong>vero,</strong></span> <span class='ocrx_word' id='word_1_666' title='bbox 2766 3198 2828 3243; x_wconf 88' lang='lat' dir='ltr'><strong>ut</strong></span> <span class='ocrx_word' id='word_1_667' title='bbox 2868 3205 3101 3259; x_wconf 84' lang='lat' dir='ltr'><strong>magnus</strong></span> <span class='ocrx_word' id='word_1_668' title='bbox 3142 3187 3416 3243; x_wconf 75' lang='lat' dir='ltr'><strong>Lucianus</strong></span> <span class='ocrx_word' id='word_1_669' title='bbox 3470 3203 3501 3242; x_wconf 91' lang='lat' dir='ltr'>e</span> <span class='ocrx_word' id='word_1_670' title='bbox 3551 3188 3661 3240; x_wconf 68' lang='lat' dir='ltr'><strong>vita</strong></span> 
     </span>
    </p>
   </div>
   <div class='ocr_carea' id='block_1_89' title="bbox 2083 3276 3665 3335">
    <p class='ocr_par' dir='ltr' id='par_1_89' title="bbox 2083 3276 3665 3335">
     <span class='ocr_line' id='line_1_89' title="bbox 2083 3276 3665 3335; baseline -0.005 0"><span class='ocrx_word' id='word_1_671' title='bbox 2083 3281 2322 3335; x_wconf 86' lang='lat' dir='ltr'><strong>humana</strong></span> <span class='ocrx_word' id='word_1_672' title='bbox 2372 3280 2676 3335; x_wconf 84' lang='lat' dir='ltr'><strong>excederet.</strong></span> <span class='ocrx_word' id='word_1_673' title='bbox 2702 3277 2926 3332; x_wconf 75' lang='lat' dir='ltr'><strong>Prarfuit</strong></span> <span class='ocrx_word' id='word_1_674' title='bbox 2976 3288 3155 3333; x_wconf 88' lang='lat' dir='ltr'><strong>autem</strong></span> <span class='ocrx_word' id='word_1_675' title='bbox 3204 3276 3446 3332; x_wconf 58' lang='lat' dir='ltr'><strong>Hilarior:</strong></span> <span class='ocrx_word' id='word_1_676' title='bbox 3497 3278 3665 3330; x_wconf 81' lang='lat' dir='ltr'><strong>clmro</strong></span> 
     </span>
    </p>
   </div>
   <div class='ocr_carea' id='block_1_90' title="bbox 2085 3368 3660 3440">
    <p class='ocr_par' dir='ltr' id='par_1_90' title="bbox 2085 3368 3660 3440">
     <span class='ocr_line' id='line_1_90' title="bbox 2085 3368 3660 3440; baseline -0.004 -16"><span class='ocrx_word' id='word_1_677' title='bbox 2085 3370 2355 3424; x_wconf 84' lang='lat' dir='ltr'><strong>fratrum:</strong></span> <span class='ocrx_word' id='word_1_678' title='bbox 2390 3386 2619 3440; x_wconf 84' lang='lat' dir='ltr'><strong>vereque</strong></span> <span class='ocrx_word' id='word_1_679' title='bbox 2677 3370 2871 3424; x_wconf 87' lang='lat' dir='ltr'><strong>licebat</strong></span> <span class='ocrx_word' id='word_1_680' title='bbox 2922 3368 3106 3423; x_wconf 76' lang='lat' dir='ltr'><strong>videre</strong></span> <span class='ocrx_word' id='word_1_681' title='bbox 3152 3384 3276 3422; x_wconf 90' lang='lat' dir='ltr'>eum</span> <span class='ocrx_word' id='word_1_682' title='bbox 3324 3368 3524 3432; x_wconf 90' lang='lat' dir='ltr'><strong>locum,</strong></span> <span class='ocrx_word' id='word_1_683' title='bbox 3554 3384 3660 3419; x_wconf 84' lang='lat' dir='ltr'>mm</span> 
     </span>
    </p>
   </div>
   <div class='ocr_carea' id='block_1_91' title="bbox 2084 3459 3663 3530">
    <p class='ocr_par' dir='ltr' id='par_1_91' title="bbox 2084 3459 3663 3530">
     <span class='ocr_line' id='line_1_91' title="bbox 2084 3459 3663 3530; baseline -0.002 -15"><span class='ocrx_word' id='word_1_684' title='bbox 2084 3472 2342 3530; x_wconf 89' lang='lat' dir='ltr'><strong>tanquam</strong></span> <span class='ocrx_word' id='word_1_685' title='bbox 2390 3460 2442 3514; x_wconf 92' lang='lat' dir='ltr'><strong>in</strong></span> <span class='ocrx_word' id='word_1_686' title='bbox 2485 3475 2551 3515; x_wconf 88' lang='lat' dir='ltr'>eo</span> <span class='ocrx_word' id='word_1_687' title='bbox 2595 3459 2842 3515; x_wconf 84' lang='lat' dir='ltr'><strong>homines</strong></span> <span class='ocrx_word' id='word_1_688' title='bbox 2890 3460 3220 3523; x_wconf 87' lang='lat' dir='ltr'><strong>habitarent,</strong></span> <span class='ocrx_word' id='word_1_689' title='bbox 3261 3459 3353 3514; x_wconf 88' lang='lat' dir='ltr'>sed</span> <span class='ocrx_word' id='word_1_690' title='bbox 3404 3468 3663 3524; x_wconf 77' lang='lat' dir='ltr'><strong>tanquam</strong></span> 
     </span>
    </p>
   </div>
   <div class='ocr_carea' id='block_1_92' title="bbox 2085 3548 3665 3621">
    <p class='ocr_par' dir='ltr' id='par_1_92' title="bbox 2085 3548 3665 3621">
     <span class='ocr_line' id='line_1_92' title="bbox 2085 3548 3665 3621; baseline -0.004 -15"><span class='ocrx_word' id='word_1_691' title='bbox 2085 3552 2257 3606; x_wconf 91' lang='lat' dir='ltr'><strong>sancti</strong></span> <span class='ocrx_word' id='word_1_692' title='bbox 2308 3553 2482 3621; x_wconf 80' lang='lat' dir='ltr'><strong>angeli</strong></span> <span class='ocrx_word' id='word_1_693' title='bbox 2536 3551 2915 3606; x_wconf 84' lang='lat' dir='ltr'><strong>ministrarent</strong></span> <span class='ocrx_word' id='word_1_694' title='bbox 2961 3550 3310 3606; x_wconf 82' lang='lat' dir='ltr'><strong>sanctissimo</strong></span> <span class='ocrx_word' id='word_1_695' title='bbox 3356 3559 3410 3603; x_wconf 87' lang='lat' dir='ltr'>et</span> <span class='ocrx_word' id='word_1_696' title='bbox 3452 3548 3665 3603; x_wconf 50' lang='lat' dir='ltr'><strong>miscri-</strong></span> 
     </span>
    </p>
   </div>
   <div class='ocr_carea' id='block_1_93' title="bbox 2085 3640 3665 3707">
    <p class='ocr_par' dir='ltr' id='par_1_93' title="bbox 2085 3640 3665 3707">
     <span class='ocr_line' id='line_1_93' title="bbox 2085 3640 3665 3707; baseline -0.003 -8"><span class='ocrx_word' id='word_1_697' title='bbox 2085 3643 2238 3699; x_wconf 89' lang='lat' dir='ltr'><strong>cordi</strong></span> <span class='ocrx_word' id='word_1_698' title='bbox 2271 3642 2402 3698; x_wconf 93' lang='lat' dir='ltr'><strong>Deo.</strong></span> <span class='ocrx_word' id='word_1_699' title='bbox 2440 3642 2570 3697; x_wconf 85' lang='lat' dir='ltr'><strong>Erat</strong></span> <span class='ocrx_word' id='word_1_700' title='bbox 2618 3644 2763 3697; x_wconf 89' lang='lat' dir='ltr'><strong>enim</strong></span> <span class='ocrx_word' id='word_1_701' title='bbox 2802 3643 2944 3698; x_wconf 89' lang='lat' dir='ltr'><strong>beati</strong></span> <span class='ocrx_word' id='word_1_702' title='bbox 2972 3640 3264 3697; x_wconf 87' lang='lat' dir='ltr'><strong>Hilarionis</strong></span> <span class='ocrx_word' id='word_1_703' title='bbox 3297 3641 3472 3704; x_wconf 85' lang='lat' dir='ltr'><strong>cibus,</strong></span> <span class='ocrx_word' id='word_1_704' title='bbox 3509 3640 3665 3707; x_wconf 71' lang='lat' dir='ltr'><strong>panis</strong></span> 
     </span>
    </p>
   </div>
   <div class='ocr_carea' id='block_1_94' title="bbox 2086 3734 3667 3805">
    <p class='ocr_par' dir='ltr' id='par_1_94' title="bbox 2086 3734 3667 3805">
     <span class='ocr_line' id='line_1_94' title="bbox 2086 3734 3667 3805; baseline -0.006 -12"><span class='ocrx_word' id='word_1_705' title='bbox 2086 3747 2139 3793; x_wconf 90' lang='lat' dir='ltr'>et</span> <span class='ocrx_word' id='word_1_706' title='bbox 2187 3737 2286 3801; x_wconf 88' lang='lat' dir='ltr'><strong>sal,</strong></span> <span class='ocrx_word' id='word_1_707' title='bbox 2317 3747 2371 3791; x_wconf 91' lang='lat' dir='ltr'>et</span> <span class='ocrx_word' id='word_1_708' title='bbox 2423 3737 2696 3791; x_wconf 90' lang='lat' dir='ltr'><strong>modicum</strong></span> <span class='ocrx_word' id='word_1_709' title='bbox 2744 3750 2917 3805; x_wconf 63' lang='lat' dir='ltr'><strong>aquae.</strong></span> <span class='ocrx_word' id='word_1_710' title='bbox 2951 3734 3280 3789; x_wconf 85' lang='lat' dir='ltr'><strong>Comedebat</strong></span> <span class='ocrx_word' id='word_1_711' title='bbox 3329 3741 3509 3786; x_wconf 89' lang='lat' dir='ltr'><strong>autem</strong></span> <span class='ocrx_word' id='word_1_712' title='bbox 3543 3738 3667 3801; x_wconf 87' lang='lat' dir='ltr'><strong>post</strong></span> 
     </span>
    </p>
   </div>
   <div class='ocr_carea' id='block_1_95' title="bbox 2086 3825 3667 3898">
    <p class='ocr_par' dir='ltr' id='par_1_95' title="bbox 2086 3825 3667 3898">
     <span class='ocr_line' id='line_1_95' title="bbox 2086 3825 3667 3898; baseline -0.006 -15"><span class='ocrx_word' id='word_1_713' title='bbox 2086 3830 2227 3884; x_wconf 88' lang='lat' dir='ltr'><strong>duos</strong></span> <span class='ocrx_word' id='word_1_714' title='bbox 2275 3829 2414 3895; x_wconf 88' lang='lat' dir='ltr'><strong>dies,</strong></span> <span class='ocrx_word' id='word_1_715' title='bbox 2443 3843 2587 3898; x_wconf 66' lang='lat' dir='ltr'><strong>saepe</strong></span> <span class='ocrx_word' id='word_1_716' title='bbox 2638 3828 2802 3882; x_wconf 88' lang='lat' dir='ltr'><strong>etiam</strong></span> <span class='ocrx_word' id='word_1_717' title='bbox 2858 3837 2980 3897; x_wconf 92' lang='lat' dir='ltr'><strong>post</strong></span> <span class='ocrx_word' id='word_1_718' title='bbox 3029 3837 3159 3892; x_wconf 88' lang='lat' dir='ltr'><strong>tres,</strong></span> <span class='ocrx_word' id='word_1_719' title='bbox 3188 3825 3485 3895; x_wconf 62' lang='lat' dir='ltr'><strong>saepissime</strong></span> <span class='ocrx_word' id='word_1_720' title='bbox 3538 3836 3667 3875; x_wconf 78' lang='lat' dir='ltr'><strong>vero</strong></span> 
     </span>
    </p>
   </div>
   <div class='ocr_carea' id='block_1_96' title="bbox 2090 3912 3668 3992">
    <p class='ocr_par' dir='ltr' id='par_1_96' title="bbox 2090 3912 3668 3992">
     <span class='ocr_line' id='line_1_96' title="bbox 2090 3912 3668 3992; baseline -0.009 -16"><span class='ocrx_word' id='word_1_721' title='bbox 2090 3934 2207 3992; x_wconf 85' lang='lat' dir='ltr'><strong>post</strong></span> <span class='ocrx_word' id='word_1_722' title='bbox 2236 3932 2495 3991; x_wconf 84' lang='lat' dir='ltr'><strong>quatuor,</strong></span> <span class='ocrx_word' id='word_1_723' title='bbox 2525 3921 2608 3974; x_wconf 88' lang='lat' dir='ltr'>vel</span> <span class='ocrx_word' id='word_1_724' title='bbox 2651 3930 2771 3990; x_wconf 90' lang='lat' dir='ltr'><strong>post</strong></span> <span class='ocrx_word' id='word_1_725' title='bbox 2824 3919 3241 3973; x_wconf 85' lang='lat' dir='ltr'><strong>hebdomadam.</strong></span> <span class='ocrx_word' id='word_1_726' title='bbox 3276 3917 3389 3970; x_wconf 89' lang='lat' dir='ltr'><strong>Iloc</strong></span> <span class='ocrx_word' id='word_1_727' title='bbox 3413 3916 3535 3968; x_wconf 71' lang='lat' dir='ltr'><strong>vita:</strong></span> <span class='ocrx_word' id='word_1_728' title='bbox 3583 3912 3668 3966; x_wconf 81' lang='lat' dir='ltr'>in-</span> 
     </span>
    </p>
   </div>
   <div class='ocr_carea' id='block_1_97' title="bbox 2090 4011 3663 4083">
    <p class='ocr_par' dir='ltr' id='par_1_97' title="bbox 2090 4011 3663 4083">
     <span class='ocr_line' id='line_1_97' title="bbox 2090 4011 3663 4083; baseline -0.006 -15"><span class='ocrx_word' id='word_1_729' title='bbox 2090 4015 2334 4068; x_wconf 89' lang='lat' dir='ltr'><strong>stitutum</strong></span> <span class='ocrx_word' id='word_1_730' title='bbox 2381 4013 2541 4083; x_wconf 71' lang='lat' dir='ltr'><strong>(&#39;It‘gil</strong></span> <span class='ocrx_word' id='word_1_731' title='bbox 2584 4013 2923 4083; x_wconf 89' lang='lat' dir='ltr'><strong>Epiphanius</strong></span> <span class='ocrx_word' id='word_1_732' title='bbox 2957 4020 3071 4065; x_wconf 91' lang='lat' dir='ltr'><strong>toto</strong></span> <span class='ocrx_word' id='word_1_733' title='bbox 3104 4021 3344 4080; x_wconf 88' lang='lat' dir='ltr'><strong>tempore</strong></span> <span class='ocrx_word' id='word_1_734' title='bbox 3380 4011 3501 4063; x_wconf 75' lang='lat' dir='ltr'><strong>vita:</strong></span> <span class='ocrx_word' id='word_1_735' title='bbox 3529 4023 3663 4062; x_wconf 63' lang='lat' dir='ltr'><strong>suae.</strong></span> 
     </span>
    </p>
   </div>
   <div class='ocr_carea' id='block_1_98' title="bbox 2091 4103 3074 4173">
    <p class='ocr_par' dir='ltr' id='par_1_98' title="bbox 2091 4103 3074 4173">
     <span class='ocr_line' id='line_1_98' title="bbox 2091 4103 3074 4173; baseline -0.004 -15"><span class='ocrx_word' id='word_1_736' title='bbox 2091 4105 2217 4158; x_wconf 79' lang='lat' dir='ltr'><strong>Erat</strong></span> <span class='ocrx_word' id='word_1_737' title='bbox 2246 4115 2426 4159; x_wconf 88' lang='lat' dir='ltr'><strong>autem</strong></span> <span class='ocrx_word' id='word_1_738' title='bbox 2468 4105 2555 4157; x_wconf 75' lang='lat' dir='ltr'><strong>ille</strong></span> <span class='ocrx_word' id='word_1_739' title='bbox 2582 4103 2736 4157; x_wconf 90' lang='lat' dir='ltr'><strong>locus</strong></span> <span class='ocrx_word' id='word_1_740' title='bbox 2760 4104 2881 4158; x_wconf 87' lang='lat' dir='ltr'><strong>sine</strong></span> <span class='ocrx_word' id='word_1_741' title='bbox 2911 4116 3074 4173; x_wconf 86' lang='lat' dir='ltr'><strong>aqua.</strong></span> 
     </span>
    </p>
   </div>
   <div class='ocr_carea' id='block_1_99' title="bbox 2159 4273 3668 4348">
    <p class='ocr_par' dir='ltr' id='par_1_99' title="bbox 2159 4273 3668 4348">
     <span class='ocr_line' id='line_1_99' title="bbox 2159 4273 3668 4348; baseline -0.006 -14"><span class='ocrx_word' id='word_1_742' title='bbox 2159 4279 2227 4334; x_wconf 86' lang='lat' dir='ltr'><strong>X.</strong></span> <span class='ocrx_word' id='word_1_743' title='bbox 2269 4280 2405 4336; x_wconf 85' lang='lat' dir='ltr'>Cum</span> <span class='ocrx_word' id='word_1_744' title='bbox 2438 4290 2617 4333; x_wconf 90' lang='lat' dir='ltr'><strong>autem</strong></span> <span class='ocrx_word' id='word_1_745' title='bbox 2650 4278 2946 4348; x_wconf 87' lang='lat' dir='ltr'><strong>aliquando</strong></span> <span class='ocrx_word' id='word_1_746' title='bbox 2973 4277 3207 4330; x_wconf 84' lang='lat' dir='ltr'><strong>viatores</strong></span> <span class='ocrx_word' id='word_1_747' title='bbox 3233 4273 3460 4343; x_wconf 85' lang='lat' dir='ltr'><strong>ingrcssi</strong></span> <span class='ocrx_word' id='word_1_748' title='bbox 3486 4281 3668 4327; x_wconf 85' lang='lat' dir='ltr'><strong>essent</strong></span> 
     </span>
    </p>
   </div>
   <div class='ocr_carea' id='block_1_100' title="bbox 2090 4354 3667 4438">
    <p class='ocr_par' dir='ltr' id='par_1_100' title="bbox 2090 4354 3667 4438">
     <span class='ocr_line' id='line_1_100' title="bbox 2090 4354 3667 4438; baseline -0.007 -11"><span class='ocrx_word' id='word_1_749' title='bbox 2090 4354 2507 4437; x_wconf 80' lang='lat' dir='ltr'><strong>monasterium,</strong></span> <span class='ocrx_word' id='word_1_750' title='bbox 2538 4372 2727 4425; x_wconf 91' lang='lat' dir='ltr'><strong>vinum</strong></span> <span class='ocrx_word' id='word_1_751' title='bbox 2774 4370 3080 4434; x_wconf 77' lang='lat' dir='ltr'><strong>afferentes,</strong></span> <span class='ocrx_word' id='word_1_752' title='bbox 3121 4381 3232 4438; x_wconf 91' lang='lat' dir='ltr'>quo</span> <span class='ocrx_word' id='word_1_753' title='bbox 3281 4374 3521 4435; x_wconf 76' lang='lat' dir='ltr'><strong>tempore</strong></span> <span class='ocrx_word' id='word_1_754' title='bbox 3553 4374 3667 4418; x_wconf 87' lang='lat' dir='ltr'><strong>erat</strong></span> 
     </span>
    </p>
   </div>
   <div class='ocr_carea' id='block_1_101' title="bbox 2088 4457 3667 4526">
    <p class='ocr_par' dir='ltr' id='par_1_101' title="bbox 2088 4457 3667 4526">
     <span class='ocr_line' id='line_1_101' title="bbox 2088 4457 3667 4526; baseline -0.006 -8"><span class='ocrx_word' id='word_1_755' title='bbox 2088 4472 2254 4518; x_wconf 75' lang='lat' dir='ltr'><strong>aestus</strong></span> <span class='ocrx_word' id='word_1_756' title='bbox 2298 4462 2825 4526; x_wconf 87' lang='lat' dir='ltr'><strong>vehementissimus,</strong></span> <span class='ocrx_word' id='word_1_757' title='bbox 2875 4461 2963 4515; x_wconf 90' lang='lat' dir='ltr'><strong>siti</strong></span> <span class='ocrx_word' id='word_1_758' title='bbox 3014 4458 3128 4513; x_wconf 88' lang='lat' dir='ltr'><strong>fere</strong></span> <span class='ocrx_word' id='word_1_759' title='bbox 3176 4457 3565 4521; x_wconf 87' lang='lat' dir='ltr'><strong>enecabantur,</strong></span> <span class='ocrx_word' id='word_1_760' title='bbox 3617 4464 3667 4509; x_wconf 91' lang='lat' dir='ltr'>et</span> 
     </span>
    </p>
   </div>
   <div class='ocr_carea' id='block_1_102' title="bbox 2089 4548 3670 4625">
    <p class='ocr_par' dir='ltr' id='par_1_102' title="bbox 2089 4548 3670 4625">
     <span class='ocr_line' id='line_1_102' title="bbox 2089 4548 3670 4625; baseline -0.006 -16"><span class='ocrx_word' id='word_1_761' title='bbox 2089 4555 2363 4625; x_wconf 88' lang='lat' dir='ltr'><strong>petierunt</strong></span> <span class='ocrx_word' id='word_1_762' title='bbox 2389 4570 2586 4624; x_wconf 88' lang='lat' dir='ltr'><strong>aquam</strong></span> <span class='ocrx_word' id='word_1_763' title='bbox 2610 4555 2675 4608; x_wconf 87' lang='lat' dir='ltr'>ad</span> <span class='ocrx_word' id='word_1_764' title='bbox 2708 4553 3025 4617; x_wconf 86' lang='lat' dir='ltr'><strong>bibendum,</strong></span> <span class='ocrx_word' id='word_1_765' title='bbox 3055 4565 3154 4605; x_wconf 93' lang='lat' dir='ltr'><strong>nec</strong></span> <span class='ocrx_word' id='word_1_766' title='bbox 3176 4548 3393 4603; x_wconf 88' lang='lat' dir='ltr'><strong>inventa</strong></span> <span class='ocrx_word' id='word_1_767' title='bbox 3424 4557 3506 4601; x_wconf 92' lang='lat' dir='ltr'>est</span> <span class='ocrx_word' id='word_1_768' title='bbox 3531 4561 3670 4616; x_wconf 88' lang='lat' dir='ltr'><strong>aqua</strong></span> 
     </span>
    </p>
   </div>
   <div class='ocr_carea' id='block_1_103' title="bbox 2090 4640 3669 4713">
    <p class='ocr_par' dir='ltr' id='par_1_103' title="bbox 2090 4640 3669 4713">
     <span class='ocr_line' id='line_1_103' title="bbox 2090 4640 3669 4713; baseline -0.004 -14"><span class='ocrx_word' id='word_1_769' title='bbox 2090 4646 2143 4699; x_wconf 93' lang='lat' dir='ltr'><strong>in</strong></span> <span class='ocrx_word' id='word_1_770' title='bbox 2178 4646 2273 4701; x_wconf 90' lang='lat' dir='ltr'><strong>illo</strong></span> <span class='ocrx_word' id='word_1_771' title='bbox 2307 4647 2448 4701; x_wconf 90' lang='lat' dir='ltr'><strong>loco.</strong></span> <span class='ocrx_word' id='word_1_772' title='bbox 2483 4646 2687 4701; x_wconf 89' lang='lat' dir='ltr'><strong>Aberat</strong></span> <span class='ocrx_word' id='word_1_773' title='bbox 2736 4645 2883 4699; x_wconf 90' lang='lat' dir='ltr'><strong>enim</strong></span> <span class='ocrx_word' id='word_1_774' title='bbox 2920 4659 3063 4713; x_wconf 88' lang='lat' dir='ltr'><strong>aqua</strong></span> <span class='ocrx_word' id='word_1_775' title='bbox 3110 4643 3176 4696; x_wconf 93' lang='lat' dir='ltr'><strong>ad</strong></span> <span class='ocrx_word' id='word_1_776' title='bbox 3205 4643 3446 4711; x_wconf 86' lang='lat' dir='ltr'><strong>quinque</strong></span> <span class='ocrx_word' id='word_1_777' title='bbox 3477 4640 3669 4693; x_wconf 87' lang='lat' dir='ltr'><strong>millia-</strong></span> 
     </span>
    </p>
   </div>
   <div class='ocr_carea' id='block_1_104' title="bbox 2092 4730 3669 4805">
    <p class='ocr_par' dir='ltr' id='par_1_104' title="bbox 2092 4730 3669 4805">
     <span class='ocr_line' id='line_1_104' title="bbox 2092 4730 3669 4805; baseline -0.006 -14"><span class='ocrx_word' id='word_1_778' title='bbox 2092 4739 2194 4792; x_wconf 83' lang='lat' dir='ltr'><strong>ria.</strong></span> <span class='ocrx_word' id='word_1_779' title='bbox 2231 4737 2385 4793; x_wconf 88' lang='lat' dir='ltr'><strong>Ibant</strong></span> <span class='ocrx_word' id='word_1_780' title='bbox 2419 4753 2550 4793; x_wconf 87' lang='lat' dir='ltr'><strong>vero</strong></span> <span class='ocrx_word' id='word_1_781' title='bbox 2581 4750 2768 4799; x_wconf 91' lang='lat' dir='ltr'><strong>noctu,</strong></span> <span class='ocrx_word' id='word_1_782' title='bbox 2809 4745 2863 4789; x_wconf 91' lang='lat' dir='ltr'>et</span> <span class='ocrx_word' id='word_1_783' title='bbox 2909 4734 3255 4805; x_wconf 86' lang='lat' dir='ltr'><strong>aquabantur</strong></span> <span class='ocrx_word' id='word_1_784' title='bbox 3286 4731 3502 4786; x_wconf 84' lang='lat' dir='ltr'><strong>fratres.</strong></span> <span class='ocrx_word' id='word_1_785' title='bbox 3533 4730 3669 4785; x_wconf 90' lang='lat' dir='ltr'>Cum</span> 
     </span>
    </p>
   </div>
   <div class='ocr_carea' id='block_1_105' title="bbox 2091 4821 3669 4898">
    <p class='ocr_par' dir='ltr' id='par_1_105' title="bbox 2091 4821 3669 4898">
     <span class='ocr_line' id='line_1_105' title="bbox 2091 4821 3669 4898; baseline -0.006 -13"><span class='ocrx_word' id='word_1_786' title='bbox 2091 4840 2271 4885; x_wconf 87' lang='lat' dir='ltr'><strong>autem</strong></span> <span class='ocrx_word' id='word_1_787' title='bbox 2333 4830 2565 4884; x_wconf 83' lang='lat' dir='ltr'><strong>viatores</strong></span> <span class='ocrx_word' id='word_1_788' title='bbox 2615 4837 2835 4898; x_wconf 87' lang='lat' dir='ltr'><strong>propter</strong></span> <span class='ocrx_word' id='word_1_789' title='bbox 2890 4828 3035 4882; x_wconf 91' lang='lat' dir='ltr'><strong>sitim</strong></span> <span class='ocrx_word' id='word_1_790' title='bbox 3093 4824 3411 4889; x_wconf 84' lang='lat' dir='ltr'><strong>deficerent,</strong></span> <span class='ocrx_word' id='word_1_791' title='bbox 3472 4821 3669 4875; x_wconf 80' lang='lat' dir='ltr'><strong>fratres</strong></span> 
     </span>
    </p>
   </div>
   <div class='ocr_carea' id='block_1_106' title="bbox 2093 4916 3669 4991">
    <p class='ocr_par' dir='ltr' id='par_1_106' title="bbox 2093 4916 3669 4991">
     <span class='ocr_line' id='line_1_106' title="bbox 2093 4916 3669 4991; baseline -0.008 -16"><span class='ocrx_word' id='word_1_792' title='bbox 2093 4934 2310 4991; x_wconf 89' lang='lat' dir='ltr'><strong>propter</strong></span> <span class='ocrx_word' id='word_1_793' title='bbox 2353 4936 2449 4976; x_wconf 89' lang='lat' dir='ltr'>eos</span> <span class='ocrx_word' id='word_1_794' title='bbox 2503 4921 2777 4991; x_wconf 87' lang='lat' dir='ltr'><strong>lugebant.</strong></span> <span class='ocrx_word' id='word_1_795' title='bbox 2816 4916 3157 4988; x_wconf 85' lang='lat' dir='ltr'><strong>Epiphanius</strong></span> <span class='ocrx_word' id='word_1_796' title='bbox 3185 4923 3364 4969; x_wconf 92' lang='lat' dir='ltr'><strong>autem</strong></span> <span class='ocrx_word' id='word_1_797' title='bbox 3399 4928 3524 4968; x_wconf 87' lang='lat' dir='ltr'><strong>cum</strong></span> <span class='ocrx_word' id='word_1_798' title='bbox 3556 4927 3669 4965; x_wconf 88' lang='lat' dir='ltr'><strong>ma-</strong></span> 
     </span>
    </p>
   </div>
   <div class='ocr_carea' id='block_1_107' title="bbox 2092 5005 3669 5081">
    <p class='ocr_par' dir='ltr' id='par_1_107' title="bbox 2092 5005 3669 5081">
     <span class='ocr_line' id='line_1_107' title="bbox 2092 5005 3669 5081; baseline -0.006 -14"><span class='ocrx_word' id='word_1_799' title='bbox 2092 5029 2225 5067; x_wconf 88' lang='lat' dir='ltr'><strong>num</strong></span> <span class='ocrx_word' id='word_1_800' title='bbox 2275 5015 2629 5081; x_wconf 81' lang='lat' dir='ltr'><strong>extendisset,</strong></span> <span class='ocrx_word' id='word_1_801' title='bbox 2672 5023 2726 5068; x_wconf 88' lang='lat' dir='ltr'>et</span> <span class='ocrx_word' id='word_1_802' title='bbox 2768 5021 2944 5066; x_wconf 87' lang='lat' dir='ltr'><strong>utrem</strong></span> <span class='ocrx_word' id='word_1_803' title='bbox 2999 5008 3397 5079; x_wconf 84' lang='lat' dir='ltr'><strong>prehendisset,</strong></span> <span class='ocrx_word' id='word_1_804' title='bbox 3435 5005 3523 5059; x_wconf 85' lang='lat' dir='ltr'>ubi</span> <span class='ocrx_word' id='word_1_805' title='bbox 3554 5015 3669 5072; x_wconf 87' lang='lat' dir='ltr'><strong>erat</strong></span> 
     </span>
    </p>
   </div>
   <div class='ocr_carea' id='block_1_108' title="bbox 2092 5099 3669 5175">
    <p class='ocr_par' dir='ltr' id='par_1_108' title="bbox 2092 5099 3669 5175">
     <span class='ocr_line' id='line_1_108' title="bbox 2092 5099 3669 5175; baseline -0.004 -18"><span class='ocrx_word' id='word_1_806' title='bbox 2092 5106 2281 5159; x_wconf 90' lang='lat' dir='ltr'><strong>viuum</strong></span> <span class='ocrx_word' id='word_1_807' title='bbox 2315 5125 2327 5159; x_wconf 77' lang='grc' dir='ltr'>ι</span> <span class='ocrx_word' id='word_1_808' title='bbox 2361 5104 2598 5171; x_wconf 87' lang='lat' dir='ltr'><strong>Credite,</strong></span> <span class='ocrx_word' id='word_1_809' title='bbox 2636 5108 2833 5175; x_wconf 91' lang='lat' dir='ltr'><strong>inquit,</strong></span> <span class='ocrx_word' id='word_1_810' title='bbox 2875 5105 3091 5165; x_wconf 80' lang='lat' dir='ltr'><strong>fratres,</strong></span> <span class='ocrx_word' id='word_1_811' title='bbox 3142 5101 3280 5170; x_wconf 87' lang='lat' dir='ltr'><strong>quod</strong></span> <span class='ocrx_word' id='word_1_812' title='bbox 3326 5099 3419 5167; x_wconf 87' lang='lat' dir='ltr'>qui</span> <span class='ocrx_word' id='word_1_813' title='bbox 3474 5112 3669 5167; x_wconf 82' lang='lat' dir='ltr'><strong>aquam</strong></span> 
     </span>
    </p>
   </div>
   <div class='ocr_carea' id='block_1_109' title="bbox 2092 5188 3671 5264">
    <p class='ocr_par' dir='ltr' id='par_1_109' title="bbox 2092 5188 3671 5264">
     <span class='ocr_line' id='line_1_109' title="bbox 2092 5188 3671 5264; baseline -0.005 -15"><span class='ocrx_word' id='word_1_814' title='bbox 2092 5195 2222 5250; x_wconf 87' lang='lat' dir='ltr'><strong>fecit</strong></span> <span class='ocrx_word' id='word_1_815' title='bbox 2250 5196 2458 5258; x_wconf 91' lang='lat' dir='ltr'><strong>vinum,</strong></span> <span class='ocrx_word' id='word_1_816' title='bbox 2482 5197 2670 5250; x_wconf 69' lang='lat' dir='ltr'><strong>vinum</strong></span> <span class='ocrx_word' id='word_1_817' title='bbox 2700 5209 2917 5264; x_wconf 84' lang='lat' dir='ltr'><strong>quoque</strong></span> <span class='ocrx_word' id='word_1_818' title='bbox 2938 5207 3138 5261; x_wconf 86' lang='lat' dir='ltr'><strong>aquam</strong></span> <span class='ocrx_word' id='word_1_819' title='bbox 3167 5190 3345 5243; x_wconf 86' lang='lat' dir='ltr'><strong>faciet.</strong></span> <span class='ocrx_word' id='word_1_820' title='bbox 3368 5188 3430 5241; x_wconf 87' lang='lat' dir='ltr'>Et</span> <span class='ocrx_word' id='word_1_821' title='bbox 3454 5198 3671 5258; x_wconf 79' lang='lat' dir='ltr'><strong>propter</strong></span> 
     </span>
    </p>
   </div>
   <div class='ocr_carea' id='block_1_110' title="bbox 2093 5279 3669 5354">
    <p class='ocr_par' dir='ltr' id='par_1_110' title="bbox 2093 5279 3669 5354">
     <span class='ocr_line' id='line_1_110' title="bbox 2093 5279 3669 5354; baseline 0 -16"><span class='ocrx_word' id='word_1_822' title='bbox 2093 5299 2399 5339; x_wconf 67' lang='lat' dir='ltr'><strong>sermonem</strong></span> <span class='ocrx_word' id='word_1_823' title='bbox 2451 5284 2756 5354; x_wconf 81' lang='lat' dir='ltr'><strong>Epiphanii,</strong></span> <span class='ocrx_word' id='word_1_824' title='bbox 2784 5294 2951 5348; x_wconf 87' lang='lat' dir='ltr'><strong>utres,</strong></span> <span class='ocrx_word' id='word_1_825' title='bbox 2985 5282 3078 5351; x_wconf 88' lang='lat' dir='ltr'>qui</span> <span class='ocrx_word' id='word_1_826' title='bbox 3134 5281 3262 5333; x_wconf 83' lang='lat' dir='ltr'><strong>vino</strong></span> <span class='ocrx_word' id='word_1_827' title='bbox 3307 5279 3453 5347; x_wconf 80' lang='lat' dir='ltr'><strong>pleni</strong></span> <span class='ocrx_word' id='word_1_828' title='bbox 3493 5289 3669 5338; x_wconf 69' lang='lat' dir='ltr'><strong>erat&quot;.</strong></span> 
     </span>
    </p>
   </div>
   <div class='ocr_carea' id='block_1_111' title="bbox 2094 5369 3672 5446">
    <p class='ocr_par' dir='ltr' id='par_1_111' title="bbox 2094 5369 3672 5446">
     <span class='ocr_line' id='line_1_111' title="bbox 2094 5369 3672 5446; baseline -0.005 -17"><span class='ocrx_word' id='word_1_829' title='bbox 2094 5376 2297 5431; x_wconf 89' lang='lat' dir='ltr'><strong>inventi</strong></span> <span class='ocrx_word' id='word_1_830' title='bbox 2323 5386 2452 5431; x_wconf 89' lang='lat' dir='ltr'><strong>sunt</strong></span> <span class='ocrx_word' id='word_1_831' title='bbox 2477 5393 2620 5445; x_wconf 90' lang='lat' dir='ltr'><strong>aqua</strong></span> <span class='ocrx_word' id='word_1_832' title='bbox 2651 5378 2814 5446; x_wconf 89' lang='lat' dir='ltr'><strong>pleni.</strong></span> <span class='ocrx_word' id='word_1_833' title='bbox 2838 5374 3012 5441; x_wconf 85' lang='lat' dir='ltr'><strong>Quam</strong></span> <span class='ocrx_word' id='word_1_834' title='bbox 3036 5387 3160 5427; x_wconf 92' lang='lat' dir='ltr'><strong>cum</strong></span> <span class='ocrx_word' id='word_1_835' title='bbox 3190 5370 3534 5440; x_wconf 87' lang='lat' dir='ltr'><strong>accepissent</strong></span> <span class='ocrx_word' id='word_1_836' title='bbox 3562 5369 3672 5421; x_wconf 82' lang='lat' dir='ltr'><strong>via-</strong></span> 
     </span>
    </p>
   </div>
   <div class='ocr_carea' id='block_1_112' title="bbox 2094 5461 3672 5536">
    <p class='ocr_par' dir='ltr' id='par_1_112' title="bbox 2094 5461 3672 5536">
     <span class='ocr_line' id='line_1_112' title="bbox 2094 5461 3672 5536; baseline -0.006 -15"><span class='ocrx_word' id='word_1_837' title='bbox 2094 5478 2259 5532; x_wconf 87' lang='lat' dir='ltr'><strong>tores,</strong></span> <span class='ocrx_word' id='word_1_838' title='bbox 2289 5467 2563 5530; x_wconf 85' lang='lat' dir='ltr'><strong>hiberunt,</strong></span> <span class='ocrx_word' id='word_1_839' title='bbox 2589 5477 2642 5521; x_wconf 90' lang='lat' dir='ltr'>et</span> <span class='ocrx_word' id='word_1_840' title='bbox 2663 5467 2827 5521; x_wconf 89' lang='lat' dir='ltr'><strong>etiam</strong></span> <span class='ocrx_word' id='word_1_841' title='bbox 2859 5468 3107 5536; x_wconf 85' lang='lat' dir='ltr'><strong>jumenta</strong></span> <span class='ocrx_word' id='word_1_842' title='bbox 3137 5477 3332 5518; x_wconf 91' lang='lat' dir='ltr'><strong>eorum</strong></span> <span class='ocrx_word' id='word_1_843' title='bbox 3366 5479 3381 5515; x_wconf 88' lang='lat'><strong>:</strong></span> <span class='ocrx_word' id='word_1_844' title='bbox 3419 5461 3672 5529; x_wconf 85' lang='lat' dir='ltr'><strong>stetitque</strong></span> 
     </span>
    </p>
   </div>
   <div class='ocr_carea' id='block_1_113' title="bbox 2094 5554 3671 5625">
    <p class='ocr_par' dir='ltr' id='par_1_113' title="bbox 2094 5554 3671 5625">
     <span class='ocr_line' id='line_1_113' title="bbox 2094 5554 3671 5625; baseline -0.006 -12"><span class='ocrx_word' id='word_1_845' title='bbox 2094 5558 2277 5613; x_wconf 86' lang='lat' dir='ltr'><strong>anima</strong></span> <span class='ocrx_word' id='word_1_846' title='bbox 2309 5572 2497 5613; x_wconf 89' lang='lat' dir='ltr'><strong>eorum</strong></span> <span class='ocrx_word' id='word_1_847' title='bbox 2535 5558 2588 5611; x_wconf 93' lang='lat' dir='ltr'><strong>in</strong></span> <span class='ocrx_word' id='word_1_848' title='bbox 2621 5558 2777 5625; x_wconf 86' lang='lat' dir='ltr'><strong>ipsis.</strong></span> <span class='ocrx_word' id='word_1_849' title='bbox 2806 5554 3008 5612; x_wconf 85' lang='lat' dir='ltr'><strong>Omnes</strong></span> <span class='ocrx_word' id='word_1_850' title='bbox 3035 5562 3215 5610; x_wconf 84' lang='lat' dir='ltr'><strong>autem</strong></span> <span class='ocrx_word' id='word_1_851' title='bbox 3251 5554 3671 5621; x_wconf 86' lang='lat' dir='ltr'><strong>obstupuerunt,</strong></span> 
     </span>
    </p>
   </div>
  </div>
