4058 6438
432 338 501 393 35
1699 330 1756 385 s.
1805 328 2149 384 EPIPIIANII
2194 332 2376 388 νιτει.
3607 326 3679 390 36

433 462 487 506 et
516 449 766 510 viatores.
798 457 852 502 et
880 447 1092 502 fratres.
1125 446 1208 501 Ab
1224 446 1329 500 'illo
1364 458 1494 498 vero
1535 444 1625 499 die
1671 446 1846 500 noluit
1871 444 1999 515 Ερὶο

2113 449 2209 501 τῶν
2243 451 2328 501 ἐπ’
2358 450 2537 511 αὐτοῖς
2579 448 2901 519 Ἐξέστησαν
2935 443 3027 503 οὗν
3076 450 3315 514 ἅπαντες
3363 450 3455 503 ἐπὶ
3499 450 3677 519 τοῦτο,

434 541 665 611 phauius
698 540 939 593 habitare
987 537 1221 607 amplius
1264 538 1319 589 in
1365 535 1457 590 illo
1484 535 1626 599 loco,
1658 551 1726 591 eo
1760 536 1904 606 quod
1935 535 2005 591 de

433 633 551 700 ipso
576 630 876 684 audiissent
905 629 1162 682 viatores.
1200 624 1533 693 Subripiens
1554 632 1735 679 autem
1765 625 2004 693 seipsum

440 740 470 778 a
501 720 777 784 fratribus,
803 718 1077 789 profectus
1097 726 1181 772 est
1207 717 1258 770 iu
1291 716 1471 771 locum
1504 715 1679 785 magis
1712 726 2002 785 agrestem.

437 812 539 879 Qui
586 827 708 866 cum
762 811 1033 866 nescirent
1079 808 1133 861 iu
1177 821 1287 875 quo
1336 806 1458 861 loco
1490 806 1782 870 habitaret,
1816 820 2007 861 omnes

436 902 633 957 fratres
674 902 927 971 lugebant
965 898 1349 969 Epiphaniam.
1388 897 1696 952 Permansit
1734 903 1913 950 autem
1950 897 2006 950 in

437 997 530 1051 illo
560 996 679 1050 loco
700 993 918 1063 jejunus
948 992 1124 1045 tribus
1151 988 1363 1044 diebus.
1398 988 1466 1042 Et
1504 988 1596 1042 ille
1620 1000 1834 1057 quoque
1858 986 2009 1042 locus

436 1087 623 1142 aridus
650 1095 786 1150 erat,
818 1092 871 1137 et
902 1083 1025 1137 sine
1061 1097 1205 1150 aqua

504 1346 600 1400 XI.
639 1324 847 1400 Accidit
881 1351 1088 1405 autem,
1111 1350 1173 1396 ut
1196 1356 1292 1408 per
1326 1340 1479 1394 illum
1510 1339 1693 1393 locum
1718 1340 2012 1395 transirent

438 1437 793 1509 quadraginta
846 1433 1127 1490 Saraceni.
1161 1431 1267 1497 Qui
1315 1446 1438 1486 cum
1485 1431 1536 1485 in
1584 1430 1729 1496 loco,
1760 1440 1813 1486 et
1855 1432 1907 1486 in
1945 1447 2012 1487 eo

438 1538 583 1585 statu
628 1528 895 1583 vidissent
936 1525 1320 1596 Epiphanium,
1355 1538 1547 1578 omnes
1576 1539 1702 1578 eum
1743 1524 2007 1579 ducentes

439 1632 566 1673 esse
602 1616 912 1677 ridiculum,
960 1614 1276 1668 irridebant.
1327 1611 1481 1668 Unus
1527 1620 1707 1668 autem
1746 1628 1815 1669 ex
1859 1613 2009 1682 ipsis,

440 1709 534 1777 qui
566 1721 729 1761 unum
762 1705 991 1760 habebat
1017 1704 1236 1759 oculum
1265 1709 1402 1773 (erat
1421 1702 1565 1757 enim
1599 1703 1735 1759 alter
1763 1704 2007 1772 clausus)

441 1811 566 1852 cum
615 1795 803 1849 ferinis
846 1781 1303 1856 essebmoribus,
1334 1808 1465 1849 ense
1508 1793 1698 1849 stricto
1722 1807 1753 1846 e
1785 1791 2004 1862 vagina,
2042 1786 2084 1840 Β

441 1886 587 1940 venit
614 1884 682 1938 ad
715 1882 1078 1953 Epiphanium
1108 1900 1123 1938 :
1157 1897 1389 1950 cumque
1422 1897 1546 1937 eutn
1581 1881 1912 1948 sustulisset,
1947 1891 2010 1935 ut

441 1984 747 2045 percuteret
773 1973 1158 2044 Epiphaniam,
1180 1982 1411 2042 apertus
1449 1983 1532 2028 est
1560 1973 1701 2043 ejus,
1730 1972 1823 2042 qui
1856 1973 2006 2027 clau-

442 2080 537 2120 sus
565 2075 702 2127 erat,
735 2064 948 2119 oculus.
980 2062 1073 2117 Ille
1103 2078 1230 2117 vero
1263 2064 1609 2133 perterritus,
1640 2077 1772 2117 ense
1813 2062 1867 2116 in
1897 2072 2008 2119 ter-

442 2171 555 2210 ram
594 2155 860 2224 projecto,
894 2152 1135 2207 constitit
1181 2153 1493 2207 immobilis.
1530 2152 1635 2205 Alii
1672 2160 1852 2206 autem
1880 2166 2008 2207 cum

441 2245 699 2300 vidissent
730 2258 853 2299 esse
876 2253 1122 2314 apertum
1160 2244 1399 2309 oculum,
1427 2243 1519 2313 qui
1547 2243 1768 2300 clausus
1813 2242 2007 2309 fuerat,

438 2344 724 2406 coeperunt
755 2344 982 2405 stupore
1028 2334 1187 2390 allici.
1223 2334 1473 2404 Cumque
1516 2335 1742 2391 vidisset
1773 2332 2011 2403 Epipha-

442 2428 570 2483 nius
616 2442 711 2483 eos
759 2440 884 2482 esse
929 2425 1146 2489 anxios,
1178 2440 1463 2481 sermones
1493 2440 1613 2479 cum
1645 2426 1726 2479 eis
1755 2423 2006 2479 contulit.

438 2517 516 2574 Illi
546 2533 677 2574 vero
715 2532 838 2573 cum
867 2515 1045 2572 verbis
1082 2516 1363 2586 Epiphanii
1398 2515 1704 2572 evasissent
1745 2514 1933 2570 sedato
1957 2522 2014 2568 et

441 2608 733 2679 tranquillo
756 2608 966 2673 animo,
1001 2606 1193 2662 mutati
1224 2622 1346 2662 eum
1372 2605 1626 2660 dicebant
1652 2618 1773 2660 esse
1799 2603 1968 2658 Deum
1992 2620 2007 2657 :

438 2702 660 2772 vimque
689 2703 740 2759 ei
765 2702 1074 2769 aﬂ‘erentes,
1108 2701 1393 2757 trahebant
1416 2716 1541 2756 eum
1576 2715 1782 2763 secum,
1815 2699 2007 2755 dicen-

439 2803 567 2848 tes:
594 2791 675 2847 Tu
705 2808 764 2847 es
800 2791 943 2847 Deus
969 2800 1171 2857 noster,
1206 2806 1431 2862 sequere
1463 2804 1585 2855 nos,
1620 2798 1674 2845 et
1723 2804 1879 2845 serva
1911 2804 2014 2844 nos

443 2884 512 2939 ab
539 2885 687 2938 omni
717 2883 769 2936 vi
796 2898 987 2939 eorum
1015 2881 1104 2950 qui
1152 2881 1206 2936 in
1255 2896 1354 2936 nos
1403 2880 1632 2935 irruent.
1676 2878 2013 2950 Epiphanius

444 2984 624 3031 autem
658 2991 751 3030 eos
781 2990 1012 3045 sequens
1043 2984 1285 3040 tempore
1312 2972 1472 3025 trium
1502 2971 1793 3033 mensium,
1826 2970 2014 3040 probi-

445 3067 602 3121 hebat
641 3066 721 3120 eis
766 3079 984 3120 omnem
1036 3064 1379 3119 insolentiam
1404 3072 1455 3115 et
1480 3061 2009 3116 immoderationem.

2103 543 2242 594 οἵτε
2279 542 2545 611 ὁδοιπόροι
2595 541 2689 594 καὶ
2722 543 2771 594 oi
2804 541 3178 610 ἀδελφοί.⁹Δπ’
3213 541 3429 612 ἐκείνης
3460 537 3554 597 οὖν
3580 544 3682 615 τῆς

2104 633 2316 703 ἡμέρας
2338 632 2519 684 οὐκέτι
2549 631 2819 703 ἠϐουλήθη
2860 631 3178 701 Ἐπιφάνιος
3203 633 3420 704 οἰκῆσαι
3464 635 3556 687 τὸν
3592 636 3682 688 τό-

2106 740 2206 776 πον
2237 725 2460 786 ἐκεῖνον,
2492 723 2583 776 8ιά
2614 723 2675 775 τὸ
2704 721 3031 787 ἐξάκουστον
3074 723 3237 776 αὐτὸν
3268 723 3522 792 γενέσθαι
3570 716 3681 777 ὑπὸ

2104 811 2214 864 τῶν
2239 813 2529 884 ὁδοιπόρων
2548 829 2559 840 ·
2583 812 2807 883 ἔκλεψεν
2839 812 2894 865 δέ
2921 813 3117 866 ἑαυτὸν
3138 814 3257 866 ἀπὸ
3282 811 3390 867 τῶν
3415 814 3679 883 ἀδελφῶν,

2107 903 2201 956 καὶ
2235 903 2503 972 ἐπορεύθη
2538 905 2616 966 εἰς
2645 902 2975 974 ἀγριώτερον
3023 903 3222 957 τόπον
3257 902 3368 956 τῶν
3397 903 3454 956 δέ
3488 903 3564 973 μὴ
3592 905 3682 956 ἑπο

2110 994 2409 1063 ισταμένων
2452 992 2513 1046 τὸ
2558 993 2617 1045 ἐν
2667 993 2804 1064 ποίῳ
2847 994 2997 1062 τόπῳ
3046 994 3311 1055 κατοικεῖ,
3344 992 3582 1055 ἅπαντες
3628 993 3682 1045 oi

2107 1081 2323 1151 ἀδελφοὶ
2361 1083 2617 1136 ἐπένθουν
2669 1084 2794 1153 περὶ
2835 1082 3439 1151 Ἐπιφανίου.Ἐμεινεν
3478 1078 3572 1135 οὖν
3621 1084 3682 1135 ἐν

2108 1170 2186 1240 τῷ
2212 1170 2362 1239 τόπῳ
2408 1170 2600 1241 ἐκείνῳ
2642 1173 2789 1239 τρεῖς
2824 1171 3037 1242 ἡμέρας
3068 1169 3255 1234 ἄσιτος
3288 1166 3681 1224 διατελῶν.Ἦν

2106 1259 2163 1311 δὲ
2193 1260 2287 1311 καὶ
2315 1258 2476 1321 αὐτὸς
2504 1262 2534 1313 6
2563 1259 2726 1320 τόπος
2758 1258 3005 1328 ἄνυδρος.

2181 1349 2282 1403 IA'.
2324 1349 2527 1418 Συνέϐη
2561 1348 2619 1402 δὲ
2665 1350 2786 1401 κατ’
2821 1350 3026 1401 ἐκεῖνον
3054 1346 3148 1400 τὸν
3187 1344 3380 1418 καιρὸν
3418 1353 3472 1417 μ’
3506 1353 3684 1418 Σαρα-

2110 1441 2308 1509 κηνοῦς
2328 1439 2651 1509 διέρχεσθαι.
2667 1438 2756 1502 Ὠς
2781 1433 2873 1492 οὖν
2898 1437 3010 1492 ῖδον
3036 1436 3350 1506 Ἐπιφάνιον
3380 1438 3437 1489 ἐν
3460 1436 3683 1508 τοιούτῳ

2110 1529 2259 1598 τόπῳ
2290 1529 2384 1581 καὶ
2428 1526 2652 1599 τοιαύτῃ
2681 1527 3032 1588 καταστάσει,
3066 1525 3277 1593 γέλοιον
3299 1524 3682 1596 ἀναδεξάμενοι

2113 1619 2412 1690 ἀμφότεροι
2433 1618 2623 1671 τούτου
2647 1617 2972 1685 κατεγέλων.
3002 1610 3097 1680 Εἷς
3119 1615 3175 1669 δέ
3200 1633 3284 1679 τις
3305 1615 3363 1682 ἐξ
3384 1612 3562 1668 αὐτῶν
3586 1614 3683 1668 ἕνα

2112 1709 2388 1779 ὀφθαλμὸν
2430 1708 2567 1778 ἔχων
2601 1703 2701 1779 (ἧν
2728 1709 2838 1777 γὰρ
2882 1708 2911 1759 6
2956 1706 3118 1769 ἀλλος
3161 1705 3327 1759 αὐτοῦ
3392 1704 3682 1772 κλεισθεὶς)

2113 1801 2206 1854 καὶ
2240 1798 2479 1871 θηριώδη
2508 1798 2623 1864 ἐξιν
2651 1798 2811 1868 ἔχων,
2843 1795 3023 1849 λαϐὼν
3069 1796 3165 1866 τὴν
3216 1796 3490 1867 μάχαιραν
3517 1793 3681 1849 αὐτοῦ

2114 1890 2179 1942 ἐκ
2203 1888 2302 1959 τῆς
2330 1888 2525 1958 θήκης,
2550 1882 2711 1958 ἦλθεν
2736 1885 2871 1957 πρὸς
2911 1885 3244 1953 Ἐπιφάνιονο
3280 1885 3375 1938 καὶ
3400 1885 3464 1954 δὴ
3489 1884 3684 1953 κουφί-

2115 1998 2211 2045 σας
2238 1981 2408 2051 αὐτὴν
2439 1979 2668 2051 κροῦσαι
2697 1976 2787 2031 τὸν
2823 1978 3156 2047 Ἐπιφάνιον,
3193 1975 3439 2045 ἡνεῴχθη
3470 1974 3634 2028 αὐτοῦ
3655 1976 3685 2028 6

2113 2071 2379 2135 κλεισθεὶς
2404 2070 2701 2141 ὀφθαλμός.
2741 2067 2849 2122 Τοῦ
2887 2068 2946 2122 δὲ
2975 2067 3216 2138 ἐμφόδου
3251 2066 3561 2137 γενομένου,
3590 2066 3686 2119 καὶ

2110 2167 2210 2237 τὴν
2245 2165 2519 2236 μάχαιραν
2545 2164 2638 2216 ἐπὶ⁵
2665 2162 2762 2234 τὴν
2791 2165 2895 2233 γῆν
2927 2162 3201 2231 ῥίψαντος,
3234 2158 3465 2230 ἕστηκεν
3493 2158 3686 2230 ἀκίνη-

2112 2272 2221 2319 τος.
2250 2257 2313 2307 υἱ
2354 2254 2411 2307 δὲ
2457 2254 2609 2307 ἄλλοι
2662 2252 2862 2315 ἰδόντες
2892 2252 2991 2321 τὴν
3034 2249 3321 2321 ἀκινησίαν
3354 2248 3448 2301 τοῦ
3477 2247 3685 2302 ἑαυτῶν

2112 2344 2350 2415 ἑταίρου,
2398 2342 2647 2415 ἔρχονται
2692 2342 2790 2395 καὶ
2833 2340 2987 2395 αὐτοὶ
3034 2339 3171 2411 πρὸς
3203 2338 3542 2406 Ἐπιφάνιον,
3589 2338 3687 2391 ml.

2113 2434 2247 2505 πρὸς
2278 2433 2369 2486 τδν
2396 2430 2574 2486 αὐτῶν
2601 2430 2770 2500 φίλον.
2808 2430 2917 2484 Καὶ
2945 2429 3073 2491 ῖδον,
3098 2429 3192 2482 καὶ
3215 2427 3324 2481 ίδοὺ
3356 2429 3386 2481 6
3410 2426 3686 2496 ὀφθαλμὸς

2112 2524 2276 2580 αὐτοῦ
2322 2526 2350 2577 6
2398 2523 2666 2585 κλεισθεὶς
2718 2521 3079 2592 ὴνεφγμένος,
3113 2520 3206 2573 καὶ
3247 2518 3453 2590 θάμϐος
3492 2517 3685 2571 ἔπεσεν

2113 2616 2200 2670 ἐπ’
2223 2613 2661 2686 ἀμφοτέρους.’0
2692 2610 2785 2669 οὖν
2821 2612 3132 2682 Ἐπιφάνιος
3176 2609 3301 2686 ίδὼν
3335 2610 3531 2673 αὐτοὺς
3563 2609 3687 2678 ἀδη-

2117 2681 2675 2777 μονοῦνταςξσυνῆρεν
2705 2704 2782 2775 (a)
2811 2681 3000 2771 λόγους
3022 2701 3157 2772 πρὸς
3179 2681 3404 2762 ’ἆυ-τούς.
3436 2699 3502 2751 υί
3525 2697 3583 2751 δὲ
3599 2695 3689 2751 διά

2113 2798 2221 2851 τῶν
2252 2797 2426 2865 λόγων
2458 2794 2774 2865 Ἑπιφανίου
2805 2796 2862 2847 ἐν
2884 2792 3214 2847 καταστάσει
3243 2788 3505 2851 ἐλθόντες,
3532 2803 3688 2857 μετα-

2114 2888 2431 2959 δαλλόμενοι
2465 2885 2649 2954 ελεγον
2694 2883 2858 2937 αὑτὸν
2901 2882 3034 2936 Θεὸν
3076 2877 3244 2935 εἶναι·
3288 2880 3383 2933 καὶ
3429 2877 3551 2948 βίαν
3596 2877 3688 2930 ἐπ-

2115 2976 2437 3045 ενέγκαντες
2465 2975 2659 3044 τούτῳ,
2685 2967 2863 3027 εἷλκον
2906 2972 3069 3028 αὐτὸν
3110 2969 3229 3042 μεθ’
3261 2968 3471 3022 ἑαυτῶν
3513 2966 3689 3034 λέγον-

2116 3084 2235 3131 τες·
2269 3067 2343 3120 Σὺ
2369 3061 2420 3120 si
2450 3067 2479 3120 6
2507 3065 2639 3129 Θεὸς
2665 3063 2823 3136 ἡμῶν
2843 3081 2856 3093 ·
2882 3061 3165 3117 ἀκολούθει
3195 3062 3349 3131 ἡμῖν,
3376 3059 3472 3112 καὶ
3499 3058 3689 3111 διάσω-

442 3154 577 3210 Cutn
608 3154 867 3209 vidissent
898 3167 1028 3207 vero
1073 3166 1131 3206 se
1170 3151 1289 3220 ejus
1314 3148 1782 3204 admonitionibus
1814 3146 2008 3202 adduci

2116 3127 2359 3229 caepa;
2405 3156 2513 3212 ἀπὸ
2555 3127 2737 3224 πάσῆξ
2780 3154 2900 3226 βίας
2941 3154 3051 3207 τῶν
3085 3127 3521 3221 ἐπεγειρομὲνων
3564 3145 3686 3202 κοιθ⁹

443 3246 497 3299 in
523 3245 823 3313 angustias,
851 3256 1041 3299 omnes
1089 3254 1197 3294 uno
1222 3240 1405 3295 animo
1439 3238 1559 3308 ejus
1588 3238 1812 3309 pedibus
1844 3236 2008 3291 devo-

441 3337 534 3392 luti
585 3337 870 3406 petieruut,
902 3343 961 3388 ut
994 3333 1048 3387 in
1086 3348 1245 3387 suum
1274 3331 1451 3386 locum
1490 3337 1871 3384 revettcretur.
1906 3325 2012 3392 Qui

437 3440 565 3479 cum
592 3439 780 3478 eorum
808 3423 1035 3477 auribus
1069 3421 1335 3474 maximas
1381 3420 1653 3489 ingereret
1686 3416 2014 3473 admonitio-

444 3531 562 3578 nes,
592 3515 779 3569 dicens
807 3530 823 3566 :
854 3511 968 3568 Nisi
999 3513 1069 3567 ab
1112 3513 1178 3566 iis
1208 3511 1599 3573 abstinueritis,
1627 3524 1733 3563 non
1769 3509 1925 3563 eritis
1956 3509 2010 3562 in

444 3606 547 3660 hac
572 3606 683 3659 vita
714 3603 898 3659 felices
935 3621 948 3656 :
981 3611 1306 3672 acceperunt
1332 3617 1476 3666 eum,
1510 3610 1562 3653 et
1592 3601 1934 3654 deduxerunt
1957 3599 2011 3652 in

444 3695 641 3763 b-cum,
670 3697 724 3749 in
777 3709 889 3764 quo
937 3694 1239 3748 habitabat.
1276 3692 1520 3759 Cumque
1550 3693 1597 3746 ei
1630 3705 1727 3745 sua
1768 3705 1931 3759 opera
1960 3698 2013 3743 et

445 3787 744 3841 ministerio
767 3787 988 3841 domum
1024 3784 1404 3844 :edilicasseut,
1436 3792 1489 3835 et
1519 3797 1643 3835 eum
1683 3781 1861 3835 valere
1889 3780 2011 3851 jus-

445 3876 669 3949 sissent,
711 3890 902 3930 omnes
950 3874 1227 3929 abierunt“
1250 3873 1301 3927 in
1349 3886 1498 3941 pace.
1532 3869 1647 3939 Ego
1688 3879 1892 3933 autem,
1919 3870 2013 3940 qui

442 3981 588 4020 erant
623 3981 765 4025 unus
815 3979 876 4019 ex
927 3964 1082 4032 ipsis,
1112 3962 1287 4016 mansi
1320 3976 1443 4015 cum
1489 3958 1811 4029 Epiphanio,
1845 3959 1915 4013 al)
1946 3974 2013 4014 eo

445 4055 725 4110 institutus
756 4054 811 4107 in
838 4055 1003 4109 verbo
1031 4052 1288 4108 veritatis.
1323 4051 1460 4105 Cum
1507 4060 1684 4104 autem
1721 4053 2012 4121 praeteriis-

444 4157 523 4201 set
558 4157 768 4213 tempus
796 4161 890 4200 scx
923 4144 1217 4203 mensium,
1252 4156 1339 4195 me
1369 4141 1577 4209 accepit
1603 4140 1711 4207 ille,
1743 4142 2013 4197 etivimus

443 4238 496 4290 iu
525 4235 911 4290 monasterium
941 4233 1121 4303 magni
1169 4231 1480 4288 Hilarionis.
1510 4231 1647 4286 Cum
1676 4247 1805 4288 vero
1846 4234 2013 4288 vidis-

442 4336 562 4381 sent
591 4324 951 4394 Epiphaniam
983 4338 1172 4378 omnes
1206 4323 1421 4389 fratres,
1451 4337 1648 4392 magno
1673 4332 1803 4377 sunt
1828 4322 2008 4379 aﬂ‘ecti

2113 3248 2288 3319 ἡμῶν.
2319 3247 2424 3301 Τοῦ
2452 3247 2509 3323 δὲ
2535 3244 2853 3315 Ἐπιφανίου
2879 3243 2973 3297 ἐπὶ
3002 3243 3321 3315 τριμηναῖον
3350 3239 3543 3310 χρόνον
3572 3235 3689 3289 τού-

2110 3358 2221 3404 τοις
2264 3337 2783 3403 ἐπακολουθοῦντος,
2832 3335 3066 3393 ἐκώλυεν
3115 3334 3308 3396 αὐτοὺς
3353 3329 3463 3384 ἀπὸ
3506 3327 3687 3397 πάσης

2112 3431 2355 3499 ἀταξίας.
2385 3429 2507 3483 Τῶν
2550 3428 2608 3483 δὲ
2634 3427 2875 3490 εἰδότων,
2904 3428 2987 3480 ὃτι
3016 3425 3271 3479 στένωσιν
3309 3421 3559 3491 ἐπιφέρει
3591 3419 3691 3472 αὖ·

2110 3525 2223 3585 τοῖς
2268 3520 2356 3574 διὰ
2404 3520 2501 3590 τῆς
2551 3517 2850 3582 νουθεσίας,
2887 3514 3227 3587 ὁμοθυμαδὸν
3277 3511 3516 3573 ἅπαντες
3563 3524 3689 3562 συν-

2112 3608 2364 3678 ἀχθέντες
2395 3604 2907 3679 προσεκυλινδοῦντο
2950 3603 3060 3657 τῶν
3117 3601 3292 3657 ποδῶν
3320 3596 3507 3661 αὑτοῦ,
3533 3599 3687 3660 ὅπως

2112 3700 2407 3772 ἀποδράσει
2436 3700 2596 3755 πάλιν
2642 3701 2725 3763 εἰς
2767 3698 2860 3751 τὸν
2913 3697 3043 3751 ῖδιον
3072 3694 3234 3747 τόπον
3269 3691 3452 3747 αὐτοῦ,
3489 3689 3595 3744 Τοῦ
3626 3687 3685 3742 δέ

2113 3791 2389 3855 νουθεσίας
2411 3790 2673 3862 μεγίστας
2698 3786 2975 3850 ἐπιθέντος
3006 3785 3097 3839 ἐπὶ
3119 3786 3238 3847 ταῖς
3264 3783 3454 3844 ἀκοαῖς
3484 3780 3684 3844 αὐτῶν,

2110 3883 2189 3937 ὅτι
2238 3882 2361 3937 Ἐἀν
2411 3882 2482 3953 μὴ
2530 3880 2733 3935 τούτων
2781 3877 3071 3948 ἀπέχεσθε,
3131 3875 3192 3929 οὐ
3224 3871 3452 3928 δύνασθε
3490 3872 3685 3941 εὐημε-

2121 3976 2233 4045 ρεῖν
2262 3976 2318 4029 ἐν
2342 3973 2475 4044 τῷδε
2506 3972 2582 4043 τῷ
2612 3972 2739 4042 βίῳ·
2776 3969 3029 4032 λαϐόντες
3068 3968 3125 4021 δὲ
3174 3965 3335 4019 αὑτὸν
3370 3966 3419 4016 οἱ
3453 3962 3685 4033 ἀμφότε-

2115 4080 2198 4133 ροι
2230 4063 2434 4132 ἦγαγον
2467 4062 2559 4113 ἐπὶ
2587 4059 2772 4121 τόπον,
2804 4056 2930 4111 ἔνθα
2960 4057 3020 4107 τὸ
3050 4055 3177 4125 πρὶν
3209 4051 3475 4122 κατῴκει·
3508 4050 3602 4102 καὶ
3619 4048 3683 4119 δὴ

2113 4150 2201 4205 διὰ
2243 4154 2342 4221 τῆς
2376 4149 2554 4203 αὐτῶν
2597 4146 2901 4219 ὑπηρεσίας
2934 4143 3386 4214 οἰκοδομήσαντες
3427 4138 3575 4208 αὐτῷ
3611 4134 3684 4191 οἷ-

2115 4259 2227 4305 κον,
2257 4240 2636 4311 ἀσπασάμενοι
2658 4256 2718 4293 τε
2746 4237 2907 4292 αὐτὸν
2936 4238 2982 4289 οἱ
3007 4236 3206 4298 πάντες
3229 4231 3537 4304 ἀνεχώρουν
3563 4231 3681 4300 μετ’

2114 4332 2350 4404 εἰρήνης.
2368 4330 2508 4399 Ἐγὼ
2527 4330 2675 4399 γοῦν,
2709 4324 2789 4392 εἷς
2835 4328 2895 4392 ἐξ
2939 4325 3117 4380 αὐτῶν
3169 4324 3450 4394 ὑπάρχων,
3497 4321 3686 4390 ἔμεινα

442 4417 656 4487 gaudio.
693 4414 759 4470 Et
792 4416 1092 4486 mansimus
1123 4416 1336 4484 quidem
1365 4425 1474 4469 tres
1505 4414 1622 4469 dies
1651 4414 1708 4468 in
1733 4424 2009 4473 m0uaste-

2117 4422 2255 4491 μετά
2294 4421 2608 4489 Ἑπιιρανίου
2635 4435 2649 4450 ο
2682 4420 2776 4472 καὶ
2815 4416 3141 4487 κατηχηθεὶς
3173 4415 3264 4466 ὑπ’
3288 4410 3453 4466 αὑτοῦ
3487 4410 3577 4463 τὸν
3604 4408 3688 4463 λό-

443 4510 566 4563 rio:
600 4507 914 4577 rogavitque
965 4505 1300 4575 Epiphanius
1342 4519 1599 4575 magnum
1650 4502 2005 4571 Hilarionem,

443 4608 503 4653 ut
547 4599 676 4652 mihi
711 4597 867 4653 daret
908 4596 964 4651 in
1007 4595 1227 4651 Christo
1278 4594 1639 4663 signaculum,
1670 4595 2015 4665 quandoqui-

442 4692 564 4746 dem
593 4697 872 4759 acceperat
906 4686 1149 4743 Hilarion
1170 4688 1400 4758 gradum
1432 4686 1858 4757 presbyteratus.
1877 4687 2011 4741 Cum

444 4798 531 4838 me
572 4791 751 4838 autem
794 4795 1026 4851 magnus
1079 4779 1380 4850 accepisset
1406 4776 1673 4853 Hilarion,
1702 4786 1757 4832 et
1795 4791 2010 4833 omnem

442 4875 718 4931 docuisset
761 4872 1220 4942 consequentiam,
1251 4869 1545 4940 baptizavit
1577 4885 1664 4923 me
1702 4870 1757 4923 in
1787 4870 2011 4924 nomine

445 4966 638 5030 Patris,
669 4974 723 5021 et
753 4963 902 5028 Filii,
936 4974 989 5018 et
1024 4961 1260 5034 Spiritus
1303 4962 1482 5017 sancti
1520 4979 1534 5014 :
1568 4969 1622 5016 et
1647 4960 2014 5030 transegimus

442 5057 636 5113 deinde
659 5057 802 5128 apud
825 5056 973 5125 ipsos
998 5052 1184 5109 decem
1214 5052 1359 5115 dies;
1409 5050 1711 5120 fratresque
1746 5052 2014 5120 rogabant

442 5147 826 5218 Epiphaniam,
855 5156 915 5202 ut
958 5161 1060 5201 nos
1103 5145 1158 5199 in
1201 5159 1267 5200 eo
1291 5144 1410 5197 loco
1450 5142 1858 5208 habitaremus;
1899 5143 2015 5211 ipse

442 5247 622 5296 autem
652 5242 844 5308 noluit,
871 5239 966 5296 sed
994 5237 1166 5295 voluit
1190 5236 1455 5297 habitare,
1492 5234 1583 5288 ubi
1612 5234 1896 5288 habitabat
1918 5247 2013 5289 an-

443 5338 549 5386 tea.

2115 4527 2209 4579 γον
2231 4511 2329 4580 τῆς
2360 4508 2636 4581 ἀληθείας,
2672 4508 2862 4579 ἔμεινα
2887 4508 3004 4577 μετ’
3033 4503 3218 4560 αὐτοῦ.
3247 4502 3453 4573 Χρόνου
3482 4500 3539 4554 δέ
3564 4498 3684 4561 ἑξα-

2121 4602 2346 4674 μηναίου
2390 4600 2744 4673 παρελθόντος
2770 4638 2784 4662 ,
2825 4596 3002 4652 λασὼν
3047 4596 3149 4667 ἐμὲ
3185 4593 3520 4662 Ἐπιφάνιος,
3567 4594 3686 4644 ἐπο-

2120 4692 2390 4762 ρεύθημεν
2424 4693 2482 4746 ἐν
2521 4691 2599 4763 τῷ
2637 4689 2980 4762 μοναστηρίῳ
3023 4687 3159 4759 πρὸς
3205 4685 3296 4739 τὸν
3344 4683 3516 4755 μέγαν
3554 4682 3686 4736 Ἱλα-

2119 4783 2306 4854 ρίωνα.
2337 4782 2557 4846 ’ἰδόντες
2605 4782 2664 4836 δὲ
2709 4779 2947 4842 ἅπαντες
2996 4781 3044 4832 οἱ
3100 4775 3319 4844 ἀδελφοὶ
3352 4772 3685 4841 Ἐπιφάνιον,

2118 4873 2391 4947 ἐχάρησαν
2441 4875 2616 4943 χαρὰν
2674 4870 2935 4941 μεγάλην.
2972 4867 3339 4938 Ἐποιήσαμεν
3393 4863 3451 4917 δέ
3511 4864 3568 4914 ἐν
3609 4859 3689 4929 τῷ

2120 4962 2465 5033 μοναστηρίῳ
2519 4964 2667 5033 τρεῖς
2724 4959 2972 5031 ἡμέρας,
3033 4957 3126 5010 καλ⁵
3183 4953 3555 5027 παρεκάλεσεν
3597 4950 3689 5003 τὸν

2121 5052 2293 5121 μέγαν
2332 5051 2608 5122 Ἱλαρίωνα
2645 5049 2959 5118 Ἐπιφάνιος
2994 5046 3176 5100 δοῦναί
3203 5062 3294 5115 μοι
3325 5043 3423 5114 τὴν
3464 5044 3522 5095 ἐν
3552 5041 3689 5108 Χρι-

2121 5142 2232 5212 στῷ
2265 5143 2566 5213 σφραγῖδασ
2613 5141 2801 5212 ἐπειδὴ
2839 5140 3081 5211 Ἱλαρίων
3109 5135 3466 5201 καταξιωθεὶς
3489 5129 3557 5206 ἦν
3593 5131 3687 5185 τοῦ

2121 5232 2330 5303 βαθμοῦ
2359 5233 2451 5286 τοῦ
2477 5230 2888 5304 πρεσϐυτερίου.
2916 5228 3110 5285 Λαϐὼν
3138 5222 3232 5282 οῦν
3272 5227 3301 5279 6
3337 5227 3507 5296 μέγας
3555 5221 3693 5275 Ἱλα-

2122 5323 2253 5394 ρίων
2282 5325 2376 5377 καὶ
2401 5325 2615 5389 διδάξας
2640 5341 2707 5395 με
2735 5324 2836 5397 τὴν
2891 5323 3071 5376 πᾶσαν
3099 5316 3438 5379 ἀκολουθίαν,
3466 5312 3692 5368 ἐϐάπτι-

2122 5413 2183 5465 σὲ
2215 5430 2282 5484 με
2324 5417 2384 5468 ἐν
2423 5416 2645 5486 ὀνόματι
2675 5414 3019 5486 Πατρὸς,καὶ
3039 5410 3192 5475 Υἱοῦ,
3222 5409 3315 5464 καὶ
3338 5407 3494 5477 ἁγίου
3519 5402 3691 5459 Πνεῦ-

442 5524 630 5577 ματος,
680 5504 940 5565 κελεύσας
989 5520 1056 5572 με
1099 5503 1347 5570 Ἰωάννης
1402 5499 1702 5553 καλεῖσθαι.
1765 5500 2127 5574 Ἑποιήσαμεν
2173 5504 2229 5557 δὲ
2285 5509 2417 5577 παρ’
2472 5508 2654 5571 αὐτοῖς
2723 5505 2936 5578 ἡμέρας
2991 5503 3152 5556 δέκα·
3198 5501 3295 5555 καὶ
3348 5494 3689 5568 παρεκάλουν

449 5595 766 5665 ’ίίπιφάνιον
797 5595 847 5646 οῖ
872 5591 1087 5659 ἀδελφοὶ
1140 5592 1277 5645 ὥστε
1346 5591 1615 5648 κατοικεῖν
1666 5587 1781 5657 ἃμα
1830 5589 1888 5640 ἐν
1922 5588 2002 5658 τῷ
2037 5592 2187 5660 τόπῳ
2232 5594 2445 5664 ἐκείνῳ.
2492 5597 2662 5658 Αὐτὸς
2709 5596 2766 5646 δὲ
2817 5595 2915 5646 οὐκ
2959 5590 3255 5661 ἠϐουλήθη,
3305 5587 3419 5641 ἀλλ’
3444 5582 3691 5640 ἐϐούλετ’)

440 5684 599 5737 πάλιν
628 5683 760 5735 δπου
787 5683 850 5735 τὸ
879 5680 1010 5748 πρὶν
1030 5683 1368 5751 κατοικῆσαι.

514 5791 591 5863 (a)
629 5787 813 5858 Forte,
843 5788 1104 5855 συνεῖρεν.
