4058 6422
333 301 397 357 37
472 308 484 313 ”
1624 303 1681 357 S.
1728 302 1912 357 EPlPil

2014 305 2068 359 lil
2110 307 2287 362 VITA.
3531 328 3606 385 38

390 414 490 468 ηδ’.
544 412 908 478 Ἐξελθόντων
945 414 1000 466 δὲ
1032 415 1186 485 ἡμῶν
1227 416 1334 467 ἀπὸ
1379 416 1472 467 τοῦ
1526 419 1912 489 μονασῖηρίου,

2050 450 2063 460 ι
2093 420 2201 476 ΧΙΙ.
2236 423 2371 479 Cum
2399 435 2580 483 autem
2606 443 2706 485 nos
2739 432 2942 502 egressi
2972 449 3218 495 essemus
3263 454 3295 496 e
3327 438 3645 502 monaste-’

328 505 696 576 ἐπορευόμεθα
720 505 826 577 τὴν
855 505 971 560 ὁδὸν
992 504 1166 576 ἡμῶν.
1215 505 1303 570 Ὠς
1332 505 1389 559 δὲ
1417 506 1528 560 ἀπὸ
1559 508 1800 580 σημείων
1825 508 1920 563 δύο

328 598 421 652 τοῦ
457 597 827 669 μοναστηρίου
853 598 1167 669 ἀπήντησεν
1185 599 1319 668 ἡμῖν
1347 598 1629 664 νεανίσκος
1655 618 1759 664 τις,
1779 600 1919 671 ἔχων

327 689 647 760 αρχοντικὸν
704 689 960 760 δαίμονα,
997 689 1472 760 κατατεμνόμενος
1515 694 1573 745 ἐν
1625 695 1691 763 τῇ
1726 693 1919 763 ἐρήμῳ

324 780 415 832 ὑπ’
444 778 632 832 αὐτοῦ.
664 778 868 832 Τοῦτον
899 777 1022 831 ἰδὼν
1067 779 1379 850 Ἐπιφάνιος
1402 782 1632 852 γυμνὸν,
1667 781 1760 837 καὶ
1782 783 1918 836 ὰτά-

324 890 438 942 κτῳ
461 870 647 942 δρόμῳ
673 870 1024 940 ἁλισκόμενον
1057 872 1161 924 ὑπὸ
1188 869 1281 924 τοῦ
1323 872 1637 941 ἀκαθάρτου
1669 871 1916 943 πνεύμα-

323 980 435 1028 τος,
466 962 700 1034 ἔκραξεν
739 961 950 1033 μεγάλῃ
984 964 1133 1033 φωνῇ
1163 978 1178 991 ⁸
1212 962 1585 1035 Παραγγέλλω
1616 981 1697 1017 σοι
1724 965 1781 1017 ἐν
1802 964 1918 1017 ὀνό-

328 1075 461 1127 ματι
523 1054 617 1108 τοῦ
653 1054 1071 1125 ἐσταυρωμένου
1135 1051 1308 1123 Ἰησοῦ
1361 1053 1619 1124 Χριστοῦ,
1682 1053 1917 1122 ἐξελθεῖν

323 1147 434 1199 ἀπὸ
468 1144 563 1199 τοῦ
604 1145 919 1214 πλάσματος
950 1143 1044 1197 τοῦ
1072 1143 1227 1197 Θεοῦ.
1260 1144 1477 1209 Εὐθέως
1499 1145 1557 1199 δὲ
1580 1146 1643 1199 τὸ
1672 1146 1917 1219 ἀκάθαρ-

323 1255 417 1291 τον
447 1236 671 1306 πνεῦμα
702 1233 1009 1304 ἐσπάραξεν
1046 1234 1138 1287 τὸν
1194 1235 1477 1289 νεανίσκον
1501 1276 1515 1297 ,
1557 1237 1653 1289 καὶ
1696 1237 1915 1309 ἔρριψεν

324 1329 489 1382 αὐτὸν
527 1328 620 1380 ἐπὶ
670 1327 767 1398 τὴν
797 1327 921 1398 γῆν,
955 1328 1048 1379 καὶ
1083 1326 1304 1396 ἐξῆλθεν
1357 1329 1450 1383 ἀπ’
1506 1329 1693 1383 αὐτοῦ.
1766 1331 1823 1383 '0
1857 1329 1914 1383 δὲ

324 1419 637 1491 ἀκάθαρτος
666 1418 876 1488 ὂλίμων
907 1416 1137 1488 ἔκραξεν
1163 1417 1378 1490 μεγάλῃ
1407 1421 1472 1491 τῇ
1523 1423 1674 1491 φωνῇ
1699 1439 1711 1451 ·
1761 1422 1914 1475 Ἐπι-

325 1512 504 1579 eius,
541 1508 755 1572 διώκεις
793 1526 862 1578 με
895 1508 1002 1561 ἀπὸ
1028 1507 1122 1561 τοῦ
1169 1509 1333 1562 τόπου
1383 1527 1485 1579 μου
1510 1508 1597 1563 διὰ
1634 1510 1715 1580 κβ¹
1750 1509 1910 1564 ἐτῶν.

334 1601 480 1671 Ἐγὼ
515 1599 852 1672 πορεύσομαι
883 1598 1018 1670 πρὸς
1039 1599 1128 1651 τὸν
1155 1598 1377 1668 βασιλέα
1409 1598 1518 1652 τῶν
1550 1599 1792 1671 Περσῶν,
1822 1600 1914 1655 καὶ

321 1692 533 1761 κινήσω
582 1688 741 1742 αὑτὸν
775 1689 917 1743 κατὰ
950 1693 1066 1753 σοῦ,
1124 1690 1219 1743 καὶ
1282 1691 1495 1760 ποιήσω
1529 1708 1589 1743 σε
1624 1691 1762 1761 μετά
1796 1690 1907 1743 θλί-

2023 511 2126 579 rio,
2160 514 2302 568 viain
2334 525 2575 574 nostram
2604 517 2886 579 inivimus.
2918 525 3000 579 Ad
3033 530 3337 586 secundum
3368 549 3501 588 vero
3527 535 3610 592 la-

2020 603 2197 671 pidem
2232 620 2263 660 a
2291 611 2646 674 monasterio,
2679 615 2923 669 occurrit
2953 617 3115 674 nobis
3162 621 3386 690 quidam
3419 625 3609 681 adole-

2022 707 2202 756 scens,
2254 697 2348 766 qui
2401 699 2639 756 habebat
2679 704 2983 761 daemonem
3024 708 3380 781 imperantem
3418 734 3432 770 :
3468 718 3607 771 etin

2020 782 2315 840 solitudine
2365 791 2434 841 ab
2465 804 2531 843 eo
2577 790 3005 863 discerpebatur.
3037 797 3177 853 Cum
3206 818 3330 857 eum
3384 805 3609 863 vidisset

2019 869 2357 943 Epiphanius
2393 878 2597 933 nudum
2628 882 2885 939 insolenti
2920 895 2974 941 et
3025 886 3391 961 incomposito
3439 909 3607 952 cursu

2019 966 2202 1018 vexari
2233 967 2303 1021 ab
2328 968 2614 1026 immundo
2652 975 2871 1042 spiritu,
2902 976 3158 1036 clamavit
3203 998 3400 1055 magna
3430 1003 3560 1044 voce
3589 1006 3607 1043 :
3674 1001 3678 1006 '

2017 1052 2283 1145 Draceipio
2317 1057 2411 1112 tibi
2439 1059 2491 1113 in
2529 1062 2751 1119 nomine
2774 1063 2911 1122 Jesu
2948 1067 3156 1128 Christi
3186 1052 3455 1145 cruciﬁxi,
3484 1088 3544 1134 ut
3575 1096 3607 1135 a

2018 1144 2114 1201 Dei
2154 1147 2414 1219 ﬁgmento
2446 1167 2633 1209 exeas.
2683 1155 2879 1214 Statim
2915 1172 3099 1218 autem
3139 1182 3259 1223 eum
3312 1172 3608 1241 exagitavit

2018 1238 2335 1297 immundus
2358 1245 2605 1314 spiritus,
2639 1257 2691 1303 et
2715 1249 2865 1305 humi
2891 1252 3060 1307 aﬂixit
3087 1270 3100 1307 :
3129 1268 3293 1327 atque
3326 1261 3396 1316 ab
3422 1238 3490 1317 eo
3518 1274 3607 1318 est

2016 1345 2291 1400 egressus.
2326 1334 2645 1392 immundus
2672 1350 2854 1395 autem
2877 1343 3089 1400 diemon
3120 1347 3378 1405 clamavit
3406 1368 3603 1423 magna

2017 1434 2149 1475 voce
2181 1440 2193 1474 :
2237 1420 2282 1475 Ο
2310 1421 2604 1493 Epiphani,
2648 1437 2704 1483 tu
2742 1446 2829 1487 me
2852 1436 3078 1502 expellis
3101 1439 3277 1495 eloco
3314 1457 3436 1497 meo
3482 1420 3607 1514 post
3695 1426 3713 1443 ⁸

2016 1512 2252 1581 spatium
2281 1515 2469 1583 viginti
2499 1518 2736 1574 duorum
2769 1538 3040 1581 annorum
3084 1546 3097 1581 :
3129 1544 3231 1599 ego
3282 1532 3372 1587 ibo
3420 1512 3494 1589 ad
3518 1551 3606 1590 re-

2015 1617 2136 1671 gem
2162 1602 2474 1669 Persarum,
2503 1618 2555 1661 et
2576 1612 2802 1666 movebo
2822 1628 2946 1670 eum
2975 1626 3167 1674 contra
3198 1632 3277 1688 te;
3305 1631 3360 1677 et
3386 1622 3604 1689 faciam,

2018 1700 2076 1746 ut
2109 1708 2230 1746 cum
2298 1695 2592 1752 aﬂliclioue
2646 1714 2830 1755 coram
2867 1718 2932 1760 eo
2988 1707 3222 1762 sistaris.
3274 1710 3608 1773 Adolescens

318 1781 468 1849 ψεως
503 1779 702 1850 πολλῆς
734 1779 1079 1849 παραστῆναι
1113 1780 1254 1833 κατὰ
1293 1781 1586 1851 πρόσωπον
1620 1780 1809 1836 αὑτοῦ.
1855 1782 1912 1836 '0

2018 1791 2198 1836 autem
2227 1786 2374 1838 venit
2397 1788 2698 1857 modestus,
2728 1802 2781 1845 et
2814 1796 3048 1862 procidit
3073 1800 3139 1853 ad
3171 1802 3337 1870 pedes
3369 1761 3606 1877 Epipha:

318 1872 374 1923 δὲ
411 1871 631 1934 νεανίας
668 1867 831 1942 ἦλθεν
866 1870 1180 1941 σωφρόνως,
1214 1871 1308 1925 καὶ
1342 1871 1537 1925 ἔπεσεν
1561 1873 1641 1936 είς
1668 1875 1794 1936 τοὺς
1820 1874 1915 1926 πό-

317 1964 414 2025 61;
462 1962 798 2031 Ἐπιφανίου.
831 1962 888 2013 Ὀ
925 1962 981 2014 δὲ
1024 1962 1339 2032 Ἐπιφάνιος
1364 1963 1584 2035 ἤγειρεν
1611 1964 1794 2033 αὑτὸν,
1830 1964 1917 2017 λέ-

318 2070 431 2120 γων
452 2069 465 2081 ·
518 2051 771 2118 ’λινᾶς-τα,
809 2052 1016 2113 τέκνον,
1052 2052 1145 2105 καὶ
1180 2052 1380 2107 ἄπελθε
1428 2056 1487 2107 ἐν
1518 2054 1593 2125 τῷ
1625 2056 1759 2126 οἴκῳ
1818 2073 1912 2108 σου

316 2148 376 2197 ἐν
411 2147 626 2217 εἰρήνῃ.
659 2145 767 2198 Καὶ
794 2145 993 2209 εὐθέως
1026 2145 1248 2215 ἀνέστη.

389 2236 487 2289 li".
543 2237 600 2288 Ὀ
625 2232 717 2289 οὖν
749 2236 959 2306 δαίμων
1000 2239 1028 2289 ὁ
1060 2235 1369 2308 ἀκάθαρτος
1408 2237 1678 2309 ἐπορεύθη
1733 2241 1791 2291 ἐν
1846 2241 1911 2310 τῇ

320 2327 563 2398 Περσίδι,
598 2328 693 2381 καὶ
727 2326 994 2400 ἐκολλήθη
1018 2329 1084 2399 τῇ
1117 2328 1349 2401 θυγατρὶ
1373 2328 1467 2382 τοῦ
1492 2329 1777 2400 βασιλέως,
1818 2332 1913 2384 καὶ

317 2424 382 2491 τῇ
414 2420 674 2493 τιμωρίᾳ,
767 2420 992 2495 ᾕλισκεν
1021 2421 1112 2473 τὸν
1139 2421 1444 2483 νεανίσκον,
1470 2423 1671 2494 ὁμοίως
1702 2424 1793 2476 καὶ
1816 2424 1914 2476 αὖ-

316 2514 415 2586 τὴν
457 2512 720 2586 ἐτιμώρει
743 2529 757 2543 ⁸
821 2513 917 2567 καὶ
954 2513 1185 2586 ἔκραξεν
1213 2514 1387 2583 λέγων
1412 2531 1426 2545 °
1477 2515 1602 2569 Ἐὰν
1640 2516 1714 2587 μὴ
1761 2516 1912 2569 Ἐπι-

317 2604 510 2673 φάνιος
531 2604 659 2676 ἔλθη
699 2603 937 2658 ἐνταῦθα
987 2605 1015 2657 ὁ
1049 2604 1373 2669 ἀποστείλας
1414 2623 1480 2677 με
1518 2606 1652 2677 πρὸς
1679 2605 1777 2678 τὴν
1812 2608 1911 2679 σὴν

317 2696 615 2767 θυγατέρα,
645 2697 745 2749 οὐκ
781 2696 1071 2767 ἐξέρχομαι
1111 2697 1205 2750 ἀπ’
1230 2697 1422 2768 αὐτῆς.
1466 2698 1577 2750 Καὶ
1604 2698 1762 2753 πάλιν
1793 2698 1910 2752 ἕλει

316 2805 413 2856 γεν
454 2787 485 2838 ὁ
512 2786 719 2857 δαίμων
747 2803 762 2816 ο
808 2786 1116 2856 Ἑπιφάνιε,
1174 2788 1233 2841 τὸ
1281 2789 1440 2857 γένος
1483 2788 1591 2842 τῶν
1625 2789 1909 2856 Φοινίκων,

318 2877 442 2932 ἐλθὲ
476 2879 684 2943 ἐνθάδε,
722 2879 870 2942 ὅπως
899 2878 1100 2945 ἐξέλθω
1122 2880 1229 2933 ἀπὸ
1261 2883 1360 2952 τῆς
1388 2879 1660 2953 θυγατρὸς
1692 2880 1787 2934 τοῦ
1816 2880 1911 2952 βα·

319 2971 532 3035 σιλέως.
582 2972 640 3025 ’0
664 2968 757 3025 οὖν
787 2971 1040 3042 βασιλεὺς
1085 2972 1325 3036 ἀκούσας
1375 2974 1483 3028 ἀπὸ
1530 2971 1623 3026 τοῦ
1654 2973 1909 3043 δαίμονος

322 3065 456 3135 περὶ
489 3065 588 3135 τῆς
621 3066 896 3136 Φοινίκης,
922 3063 1239 3119 ἀπέστειλεν
1266 3065 1472 3137 πλῆθος
1500 3066 1806 3138 ἀνθρώπων
1828 3067 1910 3120 εὐ·
1936 3098 1981 3155 c

315 3156 610 3212 διαλέκτων
636 3158 773 3230 πρὸς
806 3156 1145 3229 ἀναζήτησιν
1187 3158 1532 3227 Ἐπιφανίου.
1556 3159 1667 3212 Καὶ
1687 3159 1751 3229 δὴ
1780 3159 1911 3213 ἁνα-

321 3247 655 3320 ζητήσαντες
688 3249 908 3303 ἃπασαν
936 3250 1035 3321 τὴν
1068 3248 1254 3321 χώραν
1312 3249 1423 3305 τῶν
1480 3250 1765 3315 Φοινίκων,
1812 3253 1910 3322 οὐχ

321 3336 480 3410 ὦρον
506 3358 520 3371 ·
545 3340 659 3394 ἀλλ’
692 3340 1002 3413 ἀνεχώρουν
1032 3342 1305 3413 ἄπρακτοι
1341 3343 1476 3415 πρὸς
1515 3343 1605 3397 τὸν
1659 3343 1906 3413 βασιλέα.

320 3434 476 3498 Τινὲς
528 3434 582 3488 δὲ
622 3434 681 3501 ἐξ
710 3434 887 3488 αὐτῶν
920 3435 1013 3487 καὶ
1042 3434 1226 3499 κακῶς
1271 3436 1577 3508 ὑπέμειναν
1647 3440 1753 3493 ὑπὸ
1804 3440 1912 3494 τῶν

331 3527 622 3599 Ῥωμαίων
652 3527 726 3591 ὡς
779 3527 1139 3590 κατάσκοποι,
1171 3529 1264 3580 καὶ
1299 3528 1399 3599 τὴν
1431 3530 1536 3601 γῆν
1565 3530 1784 3586 ἃπασαν
1812 3532 1910 3603 τὴν

317 3619 571 3691 Φοινίκην
604 3619 695 3671 ἐπὶ
726 3619 961 3690 πονηρίᾳ
995 3618 1239 3683 θέλοντες
1295 3620 1647 3692 κατανοῆσαι.
1702 3623 1909 3694 Πορευ-

320 3708 509 3771 θέντες
534 3708 588 3760 δέ
620 3709 668 3761 οἱ
695 3707 1129 3779 διαπεμφθέντες
1170 3708 1516 3780 ἀπήγγειλαν
1563 3710 1640 3781 τῷ
1678 3711 1908 3781 βασιλεῖ,

320 3798 403 3851 ὄτι
432 3799 530 3867 οὐχ
554 3790 711 3868 εὖρον
736 3798 828 3850 τὸν
875 3797 1215 3867 Ἐπιφάνιον.
1266 3798 1322 3852 ’0
1358 3799 1415 3852 δὲ
1447 3800 1660 3872 δαίμων
1680 3801 1911 3874 ἔκραξεν

323 3889 536 3963 μεγάλῃ
570 3893 636 3961 τῇ
665 3893 814 3962 φωνῇ
845 3909 858 3922 ·
888 3890 978 3944 Ἐν
1033 3889 1110 3962 τῷ
1155 3891 1305 3962 τόπῳ
1358 3892 1437 3963 τῷ
1494 3894 1911 3967 ἐπικαλουμένῳ

319 3983 656 4054 Σπανυδρίῳ,
682 3985 801 4037 ἐκεῖ
823 3982 968 4037 ἐστιν
988 3983 1279 4039 κατοικῶν.
1300 3984 1466 4038 Πάλιν
1492 3981 1586 4039 οὖν
1610 3990 1637 4040 ὁ
1659 3986 1913 4057 βασιλεὺς

318 4074 831 4145 προσκαλεσάμενος
888 4074 932 4128 λ’
991 4074 1214 4147 ἄνδρας,
1279 4070 1435 4128 εἶπεν
1483 4078 1622 4150 πρὸς
1678 4078 1910 4142 αὐτούς·

330 4165 697 4219 Ἀποδύσασθε
735 4165 798 4218 τὸ
850 4165 1035 4237 σχῆμα
1074 4166 1136 4220 τὸ
1163 4167 1452 4237 Περσικὸν,
1492 4169 1587 4222 καὶ
1621 4168 1812 4224 λάϐετε
1851 4170 1912 4223 τὺ

321 4256 509 4327 σχῆμα
527 4256 633 4309 τῶν
672 4257 978 4329 Ῥωμαίων,
1012 4259 1107 4312 καὶ
1141 4258 1441 4331 πορεύθητε
1475 4260 1534 4313 ἐν
1565 4263 1630 4332 τῇ
1666 4261 1911 4333 Φοινίκην

318 4349 416 4401 καὶ
464 4349 835 4420 άναζητήσατε
888 4349 979 4403 τὸν
1007 4350 1171 4403 τόπον
1198 4352 1293 4405 τὸν
1318 4350 1653 4422 καλούμενον
1700 4352 1911 4406 Σπανύ-

2019 1873 2114 1926 nii.
2166 1874 2271 1940 Qui
2300 1893 2424 1930 eum
2459 1881 2655 1944 erexit,
2687 1882 2874 1938 dicens
2908 1902 2921 1936 ε
2959 1887 3152 1959 Surge,
3190 1892 3286 1957 riu,
3314 1905 3367 1949 et
3392 1873 3443 1949 in
3469 1873 3609 1967 pace

2018 1966 2153 2021 vade
2181 1966 2235 2021 in
2276 1967 2501 2024 domum
2545 1980 2716 2027 tuam.
2747 1973 2811 2029 Et
2852 1980 3387 2053 surrexitprotinus.

2088 2229 2225 2285 ΧῐὶΙ.
2261 2229 2582 2289 lmmundus
2606 2242 2788 2288 autem
2827 2235 3039 2291 daemon
3066 2238 3164 2292 ivit
3207 2239 3260 2293 in
3304 2235 3601 2309 Persidem,

2015 2333 2066 2376 ιιι
2096 2324 2324 2378 ailliazsit
2359 2324 2481 2380 ﬁliae
2512 2326 2881 2395 imperatoris.
2911 2337 2965 2383 et
3003 2345 3124 2385 eam
3152 2333 3341 2393 eodem
3375 2342 3602 2405 torque-
3693 2339 3698 2344 ’

2017 2415 2108 2468 liat
2139 2415 2430 2485 supplicio,
2467 2432 2577 2485 quo
2617 2417 2772 2487 prius
2816 2420 3240 2491 adolescentem,
3310 2433 3359 2479 et
3393 2425 3602 2482 clamav-

2016 2507 2127 2570 bat,
2158 2507 2345 2562 dicens
2377 2525 2389 2562 :
2416 2505 2531 2561 Nisi
2572 2511 2781 2564 venerit
2832 2510 3188 2582 Epiphanius,
3240 2516 3334 2585 qui
3379 2502 3486 2572 huc
3518 2530 3604 2572 me

2016 2602 2163 2655 misit
2183 2602 2249 2654 ad
2284 2610 2429 2655 tuam
2461 2602 2650 2664 tiliam,
2683 2602 2752 2656 ab
2797 2618 2857 2657 ea
2892 2620 3000 2660 non
3036 2607 3311 2662 recedam.
3358 2605 3605 2664 Rursus-

2016 2708 2122 2761 que
2182 2693 2399 2749 dicebat
2450 2693 2707 2748 daemon:
2762 2693 3054 2765 Epiphani,
3087 2696 3317 2755 Pbmnix
3388 2716 3603 2771 genere,

2017 2786 2134 2837 veni
2163 2785 2291 2848 huc,
2327 2795 2385 2840 ut
2413 2802 2604 2842 exeam
2634 2804 2663 2843 a
2709 2789 2815 2842 ﬁlia
2847 2790 3011 2859 regis.
3048 2789 3165 2844 Rex
3215 2799 3419 2857 autem,
3474 2808 3605 2848 cum

2014 2894 2042 2930 a
2082 2878 2332 2932 daemone
2378 2880 2644 2935 audiissct
2675 2882 2741 2935 de
2786 2879 3088 2945 Plimnicia,
3126 2882 3267 2937 n.isit
3298 2883 3605 2940 multitudi-

2014 2986 2136 3025 nem
2191 2971 2390 3042 linguze
2445 2973 2747 3043 peritorum
2806 2972 3090 3027 hominum
3125 2973 3191 3027 ad
3242 2974 3603 3044 quaerendum

2014 3060 2398 3132 Epiphanium.
2455 3062 2624 3118 Porro
2672 3073 2854 3118 autem
2910 3079 3035 3118 cum
3076 3065 3463 3134 quaesivissent
3504 3081 3607 3136 per

2019 3163 2187 3209 totam
2209 3153 2531 3209 thnicuin
2564 3155 2868 3225 regionem,
2902 3170 3027 3209 eum
3074 3170 3183 3208 non
3240 3156 3604 3212 invenerunt:

2018 3245 2110 3300 sed
2145 3245 2345 3299 reversi
2374 3253 2501 3299 sunt
2526 3243 2595 3297 ad
2628 3260 2833 3315 regem,
2862 3261 2919 3299 re
2958 3245 3609 3305 infecta.Nonnullivero

2015 3337 2177 3391 etiam
2214 3352 2279 3390 ex
2303 3337 2384 3391 eis
2433 3336 2574 3391 male
2607 3336 2751 3405 passi
2788 3347 2914 3391 sunt
2942 3354 2972 3391 a
3010 3336 3292 3404 Romanis,
3341 3348 3603 3410 tanquam

2015 3410 2405 3498 speculatores,
2441 3439 2493 3482 et
2526 3427 2624 3499 qui
2662 3428 2856 3483 callide
2892 3429 3094 3484 vellent
3124 3431 3476 3487 considerare
3513 3440 3601 3488 to-

2016 3532 2123 3576 tam
2151 3522 2427 3593 regionem
2452 3519 2794 3576 Phoenicum.
2829 3522 2962 3575 Cum
2993 3532 3176 3578 autem
3208 3523 3273 3577 ad
3300 3540 3478 3596 regem
3509 3541 3605 3580 vc-

2017 3614 2226 3668 nissent
2260 3614 2331 3677 ii,
2373 3614 2467 3683 qui
2507 3612 2829 3682 effugerant,
2882 3615 3333 3670 renuntiaverunt
3392 3631 3452 3671 se
3490 3632 3600 3672 non

2016 3706 2288 3759 invenisse
2316 3703 2701 3774 Epiphaniam.
2739 3703 2959 3758 Daemon
2992 3715 3173 3758 autem
3229 3721 3423 3776 magna
3471 3723 3601 3763 voce

2014 3796 2290 3860 clamavit,
2331 3795 2551 3850 dicens:
2576 3793 2795 3848 Habitat
2821 3796 2873 3848 in
2902 3796 3043 3859 loco,
3074 3797 3163 3866 qui
3192 3796 3392 3853 dicitur
3420 3797 3600 3868 Span-

2013 3889 2264 3960 liydrion.
2305 3886 2516 3944 Rursus
2542 3905 2672 3961 ergo
2699 3906 2812 3956 rex,
2837 3892 3116 3946 accersitis
3151 3909 3253 3946 xxx
3285 3893 3437 3959 viris,
3461 3893 3601 3949 dixit

2014 3979 2094 4033 eis
2128 3996 2141 4032 :
2177 3976 2373 4031 Exulto
2394 3994 2494 4033 vos
2526 3978 2721 4033 vestitu
2747 3977 2985 4042 Persico,
3031 3989 3083 4033 et
3106 3978 3312 4034 induite
3342 3981 3600 4037 vestitum

2014 4067 2422 4123 Romanorum:
2454 4079 2506 4123 et
2535 4079 2730 4124 euntes
2765 4071 2819 4123 in
2873 4070 3235 4137 Phoenicium,
3263 4081 3317 4126 et
3347 4088 3599 4142 quaeret»

2014 4170 2094 4215 tes
2114 4160 2315 4224 locum,
2347 4160 2443 4230 qui
2468 4161 2669 4214 dicitur
2698 4160 3103 4232 Spanhydrioii,
3136 4164 3389 4218 adducite
3416 4165 3481 4219 ad
3511 4181 3602 4221 me

2015 4251 2404 4343 Epiphaniugn.
2440 4251 2707 4306 Abierunt
2736 4254 2828 4322 qui
2866 4255 3018 4308 missi
3082 4255 3321 4321 fuerant,
3369 4259 3601 4315 mutatis

2012 4343 2128 4398 suis
2159 4340 2432 4403 vestibus,
2458 4350 2515 4393 et
2545 4350 2813 4395 venerunt
2860 4343 2911 4394 in
2945 4340 3310 4400 Ptimniciatn.
3346 4346 3600 4417 Cumque

316 4441 491 4512 δριον,
541 4439 776 4510 ἀγάγετέ
818 4459 907 4511 μοι
941 4442 1257 4512 Ἐπιιράνιον
1287 4443 1378 4497 τὸν
1404 4445 1665 4515 οἰκήτορα
1694 4444 1787 4498 τοῦ
1821 4446 1911 4499 τό·

2016 4435 2117 4505 ipsi
2152 4434 2381 4487 multum
2406 4433 2810 4502 quaesiviswnt,
2848 4434 3156 4490 declaratus
3180 4434 3283 4490 fuit
3313 4438 3393 4493 eis
3419 4440 3598 4505 locus,

321 4548 428 4583 που
476 4530 728 4600 Ἐξῆλθον
757 4531 812 4584 δέ
845 4534 893 4585 οἱ
934 4532 977 4585 λ·
1012 4533 1205 4605 ἄνδρες
1256 4536 1304 4587 oi
1354 4535 1756 4607 ἀπεσταλμένοι
1806 4538 1909 4590 ὑπὸ

318 4621 417 4673 τοῦ
443 4621 722 4691 βασιλέως,
760 4623 1092 4689 ἀλλάξαντες
1126 4624 1225 4689 τὰς
1281 4627 1491 4691 ἑαυτῶν
1547 4628 1758 4693 στολὰς,
1816 4632 1910 4684 καὶ

321 4714 688 4784 παρεγένοντο
704 4716 794 4768 ἐπὶ
815 4717 911 4787 τῆς
926 4718 1199 4788 Φοινίκης.
1223 4719 1318 4772 καὶ
1346 4719 1517 4772 πολλὰ
1532 4720 1909 4791 ἀναζητήσαν-

318 4824 433 4870 τες,
459 4805 818 4882 διερμηνεύθη
847 4810 1032 4873 αὐτοῖς
1072 4813 1100 4863 ὁ
1128 4810 1314 4875 τόπος,
1375 4812 1464 4864 καὶ
1497 4813 1526 4864 ὁ
1573 4814 1904 4883 Ἐπιφάνιος.

318 4897 487 4950 Αὐτοὶ
519 4897 574 4951 δὲ
607 4898 912 4970 ἐπέστησαν
944 4899 1022 4970 τῷ
1055 4900 1207 4971 τόπῳ
1239 4900 1435 4965 νυκτός
1455 4919 1467 4931 ’
1504 4897 1570 4973 ἦν
1600 4902 1657 4955 δὲ
1685 4904 1910 4972 Ἑπῳὼ

318 5007 432 5051 νιος
463 4989 562 5053 τὰς
594 4990 913 5060 νυκτερινὰς
938 4991 1103 5062 εὐχὰς
1144 4991 1487 5062 ἀναπέμπων
1516 4993 1595 5063 τῷ
1618 4993 1738 5064 Θεῷ
1760 5011 1774 5023 ·
1831 4996 1908 5058 ὠς

318 5085 376 5136 δὲ
404 5082 710 5153 ἐπέστησαν
737 5084 803 5153 τῇ
833 5082 971 5155 θύρᾳ
1020 5080 1116 5136 τοῦ
1152 5081 1385 5147 κελλίου,
1420 5084 1515 5136 καὶ
1544 5083 1907 5156 διακρούσαν-

318 5193 433 5241 τες,
469 5177 781 5244 Ἐπιφάνιος
802 5174 910 5228 οὐδ’
941 5174 1079 5238 ὅλως
1110 5175 1349 5246 ἐπτοήθη
1379 5175 1456 5245 τῷ
1485 5176 1729 5248 λογισμῷ
1750 5195 1762 5207 .
1792 5178 1905 5234 ἀλλ’

320 5266 483 5329 αὐτὸς
509 5266 567 5319 τὸ
598 5265 756 5337 ἔργον
788 5264 880 5319 τοῦ
908 5264 1045 5337 Θεοῦ
1094 5265 1358 5321 ἐπετέλει.
1412 5262 1576 5320 Αύτοὶ
1629 5268 1686 5321 δὲ
1733 5269 1906 5340 θυμοῦ

320 5357 649 5429 πλησθέντες
666 5356 1057 5412 ἐϐουλεύσαντο
1070 5357 1170 5429 τὴν
1193 5355 1363 5429 θύραν
1382 5358 1644 5423 κατεάξαι
1666 5358 1760 5413 τοῦ
1783 5363 1908 5415 κελ-

318 5451 454 5505 λὶου.
482 5445 578 5515 Εἷς
597 5450 654 5504 δέ
683 5468 767 5513 τις
803 5449 862 5514 ἐξ
878 5442 1056 5504 αὐτῶν
1082 5449 1183 5521 τὴν
1218 5449 1494 5523 μάχαιραν
1527 5451 1781 5517 ἑλκύσας,
1815 5457 1910 5508 καὶ

320 5545 401 5608 εἰς
424 5543 487 5597 τὸ
512 5543 762 5614 κατόχιον
786 5541 887 5612 τῆς
915 5540 1082 5613 θύρας
1108 5541 1315 5613 ταύτην
1333 5545 1672 5609 ἐπεκτείνας,
1696 5545 1908 5615 ἔμεινεν

320 5636 353 5707 ἡ
388 5636 509 5707 χεὶρ
541 5632 709 5689 αὐτοῦ
738 5632 1017 5704 ἀκίνητος,
1043 5635 1135 5687 καὶ
1168 5634 1486 5699 ἀσάλευτος,
1505 5637 1599 5690 καὶ
1621 5637 1906 5709 ἀκαμπὴς,

319 5728 412 5801 ὕλη
444 5726 616 5802 ξηρά·
650 5727 759 5785 τῶν
795 5727 852 5780 δέ
892 5727 1067 5781 ἄλλων
1101 5727 1356 5781 ἀπάντων
1416 5728 1694 5799 ἐπιφόϐων
1739 5746 1898 5802 γενη-

2013 4537 2067 4583 et
2091 4527 2448 4597 Epiphanius.
2477 4527 2580 4594 Qui
2613 4537 2777 4580 noctu
2808 4526 2874 4581 ad
2905 4518 3083 4582 locum
3109 4544 3413 4586 accessere.
3470 4531 3597 4603 Epi-

2012 4621 2245 4692 phanius
2301 4632 2484 4676 autem
2536 4620 2823 4675 emittebat
2883 4620 2995 4675 Deo
3027 4631 3329 4678 nocturnas
3385 4640 3593 4692 preces.

2010 4716 2148 4768 Cum
2176 4712 2455 4767 venissent
2482 4725 2613 4766 vero
2645 4712 2711 4764 ad
2740 4712 2942 4765 ostium
2978 4713 3148 4773 cellae.
3178 4723 3231 4768 et
3260 4714 3596 4783 pulsassent,

2013 4806 2149 4859 nihil
2171 4806 2356 4858 animo
2403 4804 2758 4873 perturbatus
2812 4802 2919 4857 fuit
2950 4802 3321 4874 Epiphanius;
3355 4808 3449 4863 sed
3482 4808 3597 4877 ipse

2011 4897 2104 4952 Dci
2137 4911 2277 4968 opus
2308 4897 2620 4966 peragebat.
2654 4895 2758 4964 Ipsi
2789 4896 3052 4950 autem'in
3077 4898 3263 4952 animo
3290 4898 3595 4953 habuerunt

2012 4993 2261 5063 frangere
2303 4990 2527 5045 ostium.
2553 4990 2690 5044 Cum
2721 5004 2855 5044 vero
2880 5006 3022 5046 unus
3067 5006 3132 5046 ex
3184 4991 3319 5059 ipsis
3341 4992 3594 5046 strinx;s-

2010 5094 2093 5140 set
2121 5100 2331 5148 ensem,
2364 5091 2419 5136 et
2442 5082 2495 5137 in
2521 5097 2699 5137 seram
2754 5082 2880 5137 ostii
2908 5098 3034 5136 eum
3073 5083 3410 5146 intentasset,
3440 5100 3595 5137 man.

2009 5183 2080 5235 sit
2104 5192 2298 5233 manus
2328 5175 2450 5245 ejus
2470 5174 2787 5238 immobilis,
2812 5183 2865 5227 et
2901 5182 3008 5227 tota
3037 5174 3211 5227 arida.
3240 5172 3377 5228 Aliis
3409 5184 3591 5228 autem

2009 5281 2156 5326 metu
2186 5267 2489 5339 perterritis
2511 5307 2526 5331 ,
2574 5283 2669 5335 per
2721 5265 2940 5336 aliquod
2969 5263 3314 5318 intervallum
3352 5279 3593 5321 recesse—

2010 5370 2141 5418 runt
2188 5377 2217 5418 a
2253 5359 2407 5417 cella.
2445 5361 2514 5411 At
2560 5356 2902 5428 Epiphanius
2955 5370 3079 5408 cum
3120 5354 3385 5424 spiritalis
3410 5356 3593 5412 cultus

2008 5468 2225 5509 omnem
2251 5449 2554 5522 peregisset
2585 5446 3063 5517 consequentiam,
3121 5448 3336 5515 aperuit
3388 5448 3590 5501 ostium

2009 5547 2178 5602 cellae.
2202 5542 2339 5599 Cum
2380 5548 2562 5596 autem
2587 5555 2711 5594 eum
2737 5538 3059 5602 vidissetis,
3088 5538 3177 5594 cui
3203 5554 3399 5594 manus
3428 5553 3593 5595 arue-

2009 5648 2117 5703 rat,
2152 5636 2300 5692 humi
2332 5632 2526 5689 cecidit
2572 5634 2625 5687 in
2668 5632 2885 5696 faciem,
2916 5630 3145 5687 dicens:
3181 5630 3436 5687 Miserere
3461 5631 3586 5693 mei,

2010 5746 2166 5788 serve
2193 5729 2287 5785 Dei
2314 5725 2662 5782 immortalis.
2695 5724 2832 5780 Dicit
2858 5723 3194 5796 Epiphanius
3220 5741 3233 5779 :
3269 5721 3409 5789 Quid
3436 5737 3596 5808 quasi
