4058 6440
491 360 561 416 39
1018 348 1023 353 ·
1750 342 1806 396 s.
1850 340 2189 396 EPIPIIANH
2229 338 2405 394 rm.
3676 339 3752 394 ιο

497 474 575 530 ris
614 470 681 526 ab
740 468 962 523 homine
999 461 1330 533 peccatore?
1385 458 1434 514 Is
1482 472 1610 511 vero
1638 457 1810 511 dixit:
1878 459 2061 513 Sanus

2180 458 2386 520 léwwv,
2418 452 2722 523 ἀνεχώρουν
2745 450 2851 504 ἀπὸ
2881 450 3247 520 διαστήματος
3267 447 3361 502 τοῦ
3391 449 3620 504 κελλίου.
3640 450 3753 504 Τοῦ

497 563 621 617 veni
653 563 706 616 in
735 561 881 614 hunc
912 558 1115 618 locum,
1169 564 1222 607 et
1256 566 1383 607 ecce
1416 565 1613 604 manus
1659 564 1778 603 mea
1824 550 2059 603 exaruit.

499 649 836 719 Epiphanius
862 656 1041 701 autem
1077 643 1214 698 dixit
1239 657 1252 692 :
1292 639 1471 694 Sanus
1500 636 1717 702 venisti,
1750 652 1917 693 sanus
1943 638 2063 693 fias.

499 741 747 809 Cumque
784 740 901 807 ipse
951 751 1169 791 manum
1203 734 1323 803 ejus
1374 732 1656 804 tetigisset,
1704 732 1953 787 restituta
1982 741 2068 785 est

496 840 561 886 ut
595 831 721 885 alia.
755 829 1046 898 Postquam
1090 835 1268 880 autem
1297 825 1552 880 viderunt
1604 840 1795 879 omnes
1826 824 2065 895 signum,

499 922 645 991 quod
682 920 881 975 factum
918 918 1115 982 fuerat,
1148 916 1375 971 veniunt
1404 931 1619 978 omnes,
1646 924 1700 970 et
1728 914 2068 985 procidentes

409 1005 420 1014 ’
501 1014 567 1068 ad
606 1012 771 1083 pedes
800 1009 1104 1080 Epiphanii,
1139 1006 1379 1063 confessi
1414 1017 1545 1063 sunt
1570 1023 1818 1070 causam,
1852 1014 2069 1075 propter

498 1116 662 1170 quam
693 1100 760 1153 ad
805 1114 930 1153 eum
965 1106 1248 1152 venerant.
1308 1096 1358 1152 Is
1391 1112 1542 1162 vero,
1589 1097 1657 1151 iis
1704 1096 1924 1159 auditis,
1949 1110 2071 1165 quae

498 1192 754 1247 dixerunt
793 1189 1063 1253 homines,
1100 1189 1355 1260 cognovit
1406 1189 1554 1260 quod
1607 1189 1851 1259 spiritus,
1907 1204 2069 1258 quem

499 1284 614 1341 inse
640 1282 877 1352 eiecerat
898 1298 963 1337 ex
994 1283 1361 1348 adolescente,
1389 1296 1455 1336 eo
1478 1280 1778 1351 profectus,
1804 1280 2073 1349 afﬂigebat

498 1374 754 1444 puellam.
785 1372 931 1427 Dixit
959 1381 1136 1428 autem
1161 1372 1292 1427 mihi
1337 1371 1671 1442 Epiphanius
1701 1388 1713 1423 :
1753 1370 1946 1441 Surge,
1974 1370 2069 1434 fili,

498 1479 795 1535 sequamur
819 1466 917 1520 hos
943 1464 1213 1518 homines.
1243 1462 1345 1530 Qui
1378 1463 1427 1518 ei
1451 1462 1709 1517 dixerunt
1742 1479 1755 1514 :
1803 1461 1950 1546 Missi
1980 1478 2072 1516 su-

391 1541 398 1549 ’
499 1568 646 1616 mus,
671 1568 703 1605 o
730 1551 912 1618 Pater,
937 1567 967 1607 a
993 1567 1118 1622 rege
1135 1552 1202 1606 ad
1233 1561 1283 1606 te
1307 1552 1482 1607 solum
1510 1567 1523 1603 :
1547 1554 1678 1622 quin
1708 1541 1872 1606 etiam
1887 1565 2075 1620 super-

501 1658 731 1698 vacuum
759 1643 964 1697 animal
994 1642 1341 1706 adducimus,
1363 1651 1422 1697 ut
1441 1642 1490 1696 ei
1514 1642 1771 1698 insideas.
1794 1639 1872 1697 Eo
1892 1650 2069 1695 autem

500 1735 715 1790 dicente
746 1750 762 1786 :
796 1734 1028 1789 Pedibus
1048 1735 1297 1789 celeriter
1316 1749 1515 1789 curro:
1545 1750 1733 1789 verum
1774 1734 1863 1788 hie
1892 1749 2070 1788 meum

2165 547 2221 601 δὲ
2252 545 2570 616 Ἐπιφανίου
2622 545 2838 599 άιιασαν
2868 540 3189 596 ἀκολουθίαν
3240 540 3338 610 τῆς
3375 541 3754 612 πνευματικῆς

2166 637 2415 709 λατρείας
2439 634 2822 696 ὲκτελέσαντος
2846 674 2860 697 ,
2908 630 3120 703 ἤνοιξεν
3147 630 3245 701 τὴν
3281 628 3451 701 θύραν
3486 629 3588 702 τῆς
3620 631 3759 683 κέλ-

2166 729 2284 799 λης.
2315 726 2463 781 Ἰδὼν
2500 725 2556 780 δὲ
2584 724 2745 779 αὐτὸν
2774 726 2802 778 ό
2843 724 2941 795 τὴν
2969 725 3126 795 χεῖρα
3174 722 3312 792 ἔχων
3366 722 3754 795 ξηρανθεῖσαν,

2168 820 2362 874 ἔπεσεν
2409 817 2502 871 ἐπὶ
2528 816 2816 890 πρόσωπον
2844 817 2935 868 ἐπὶ
2964 813 3061 885 τὴν
3085 813 3208 884 γῆν,
3246 812 3417 882 λέγων
3437 831 3450 845 ·
3501 814 3757 884 Ἐλέησόν

2173 928 2262 981 με,
2297 909 2473 981 μύστα
2502 906 2811 979 θεραπευτά
2842 906 2949 959 τῶν
2975 904 3278 959 ἀθανάτων.
3323 904 3382 958 Ὀ
3414 905 3471 959 δὲ
3514 905 3757 974 Ἐπιφά-

2171 1002 2283 1065 νιός
2309 1019 2474 1074 φησιν
2501 1018 2515 1033 ο
2547 1000 2612 1052 Τί
2651 999 2820 1061 αἰτεῖς
2854 995 3006 1068 παρὰ
3040 995 3329 1067 ἀνθρώπου
3381 992 3707 1067 άμαρῖωλοῦ
3737 1016 3753 1062 ;

2183 1092 2241 1144 '0
2278 1091 2335 1144 δὲ
2366 1085 2539 1143 εἷπεψ
2586 1086 2777 1159 ’Υγιὴς
2803 1080 2967 1156 ἦλθον
2996 1084 3076 1148 είς
3103 1084 3192 1137 τὸν
3240 1082 3402 1136 τόπον
3428 1081 3633 1143 τοῦτον.
3661 1086 3757 1137 καὶ

2175 1184 2285 1237 ἰδοὺ
2335 1179 2606 1252 ἐξηράνθη
2644 1182 2677 1250 η
2710 1178 2833 1251 χείρ
2865 1195 2991 1248 μου.
3034 1177 3092 1231 ’0
3116 1175 3173 1229 δὲ
3222 1174 3539 1243 Ἐπιφάνιος
3568 1170 3753 1227 εἶπεν·

2183 1273 2372 1344 ’Υγιὴς
2422 1268 2606 1342 ⁴ἦλθες,
2641 1271 2801 1341 ὑγιὴς
2828 1268 3025 1339 γενοῦ·
3089 1266 3181 1321 καὶ
3233 1262 3509 1335 ἁψάμενος
3564 1265 3745 1319 αὑτοῦΔ

2172 1362 2588 1433 ἀπεκατεστάθη
2616 1362 2792 1435 ἠχεὶρ
2818 1359 3003 1423 αὑτοῦ,
3039 1360 3166 1430 ὡςη
3201 1356 3358 1427 άλλη.
3399 1355 3487 1419 Ὠς
3522 1352 3615 1410 οὖν
3647 1356 3719 1408 ἴδε

2171 1457 2221 1509 οἱ
2248 1454 2397 1509 ἄλλοι
2421 1452 2624 1517 πάντες
2649 1453 2710 1505 τὸ
2730 1449 2951 1520 γεγονὸς
2978 1450 3223 1521 σημεῖον,
3250 1447 3499 1520 ἔρχονται
3532 1447 3727 1501 πάντες

2172 1549 2267 1601 καὶ
2289 1544 2688 1619 προσπεσόντες
2715 1541 3040 1613 Ἐπιφανίῳ,
3077 1540 3388 1612 ὡμολόγουν
3418 1537 3517 1611 τὴν
3550 1537 3745 1595 αἰτίαν

2172 1636 2238 1690 δι’
2273 1637 2341 1707 ἢν
2371 1635 2624 1705 πάρεισιν
2656 1632 2793 1704 πρὸς
2820 1632 3004 1685 αὐτόν.
3035 1629 3142 1683 Τοῦ
3172 1629 3229 1683 δὲ
3266 1627 3596 1690 ἀκούσαντος
3624 1626 3752 1687 τοὺς

2174 1729 2364 1797 λόγους
2396 1726 2503 1780 τῶν
2532 1723 2854 1796 ἀνθρώπων,
2889 1721 3050 1791 ἔγνω,
3080 1722 3160 1775 ὅτι
3190 1720 3251 1774 τὸ
3289 1718 3507 1789 πνεῦμα
3543 1717 3603 1771 τὸ
3630 1716 3750 1769 διω-

501 1839 609 1879 nou
634 1825 934 1894 relinquam
960 1824 1312 1895 discipulum.
1331 1825 1436 1894 ipsi
1462 1840 1651 1879 rursus
1672 1824 1928 1879 dixerunt
1948 1837 2072 1877 cum

2180 1820 2301 1891 χθὲν
2336 1818 2426 1871 ὑπ’
2465 1815 2633 1869 αὑτοῦ
2671 1814 2780 1868 ἀπὸ
2805 1813 2899 1866 τοῦ
2926 1811 3210 1865 νεανίσκου
3235 1851 3250 1876 ,
3295 1809 3453 1864 τοῦτο
3491 1807 3753 1880 πορευθὲ»

502 1930 700 1985 magno
732 1925 876 1970 metu
908 1930 922 1965 :
952 1916 1166 1969 Adsunt
1197 1931 1295 1985 pro
1335 1917 1581 1984 utrisque
1603 1916 1797 1971 cameli
1826 1916 2074 1980 ;solum-

503 2006 667 2060 modo
689 2006 935 2060 lubenter
966 2021 1213 2075 sequere.
1243 2006 1476 2072 Quidam
1506 2016 1686 2061 autem
1716 2008 1925 2077 lepidus
1952 2007 2076 2061 ado-

503 2098 712 2152 lescens
741 2097 793 2151 in
822 2096 1015 2153 faciem
1040 2098 1255 2161 cecidit,
1276 2108 1329 2152 et
1354 2098 1620 2164 adoravit,
1652 2099 1839 2154 dicens
1870 2116 1882 2150 :
1918 2098 2076 2169 Igno-

501 2201 592 2241 sce
621 2188 775 2248 mihi,
817 2186 997 2241 Pater.
1029 2186 1095 2241 Et
1125 2186 1462 2257 Epiphanius
1491 2189 1538 2242 ei
1569 2186 1779 2256 placido
1808 2187 1957 2242 vultu
1994 2188 2075 2242 di-

502 2277 580 2331 xit
616 2293 629 2329 :
663 2276 857 2348 Surge,
879 2276 1021 2333 Deus
1051 2287 1103 2332 te
1129 2277 1434 2344 benedicat,
1459 2278 1553 2333 tili.
1571 2277 1726 2334 Tunc
1754 2278 2073 2334 adolescens

503 2381 697 2437 magna
736 2367 960 2422 affectus
992 2367 1159 2421 animi
1195 2368 1611 2438 tranquillitate,
1647 2369 1862 2423 duabus
1893 2369 2073 2423 mani-

504 2455 609 2511 bus
642 2455 915 2525 accipiens
942 2454 1308 2525 Epiphanium
1340 2457 1599 2527 imposuit
1642 2458 2072 2514 dromocatnelo.

504 2547 585 2601 Ad
609 2562 697 2602 me
724 2557 906 2601 autem
932 2547 1181 2612 veniens,
1206 2548 1339 2601 mihi
1364 2563 1583 2618 quoque
1622 2548 1751 2604 fecit
1773 2549 2028 2605 similiter
2058 2567 2071 2603 :

504 2637 730 2707 ipseque
753 2637 994 2692 anteibat
1026 2639 1236 2707 primus
1266 2639 1722 2697 dromocamelos.

2172 1911 2380 1967 έθλιϐεν
2426 1910 2525 1980 τὴν
2584 1907 2770 1961 παῖδα.
2835 1900 3003 1959 Εἶπεν
3041 1902 3097 1957 δὲ
3120 1896 3438 1970 Ἐπιφάνιος
3470 1900 3604 1971 πρὸς
3643 1899 3713 1970 μέ
3740 1916 3755 1930 ·

2186 2002 2439 2065 Ἀνάστα,
2469 1998 2681 2061 τέκνον,
2716 1994 3167 2066 ἀκολουθήσωμεν
3195 1996 3305 2056 τοῖς
3331 1990 3654 2063 ἀνθρώποις.
3689 1990 3756 2040 Ui

2171 2093 2228 2146 δὲ
2258 2091 2393 2162 πρὸς
2426 2089 2588 2144 αὐτόν
2613 2104 2626 2118 ’
2656 2088 2770 2141 υύκ
2795 2086 3199 2156 ἀπεστάλημεν,
3231 2084 3417 2155 φησὶν,
3465 2081 3667 2151 Πάτερ,
3706 2082 3758 2131 εἱ

2178 2185 2252 2255 μὴ
2277 2182 2413 2255 πρὸς
2448 2181 2507 2234 σὲ
2544 2179 2648 2233 ὑπὸ
2684 2177 2779 2231 τοῦ
2810 2174 3090 2248 βασιλέως,
3124 2169 3167 2243 ᾧ
3198 2175 3293 2228 καὶ
3320 2172 3457 2238 ζῶον
3496 2168 3757 2240 περισσὸν

2180 2274 2531 2346 ἐπιφέρομεν,
2561 2273 2709 2335 ὅπως
2737 2270 3027 2341 καθεσθῇς.
3048 2267 3154 2321 Τοῦ
3185 2267 3241 2321 δὲ
3271 2266 3519 2335 λέγοντος
3540 2280 3552 2293 ·
3591 2262 3725 2315 [loci

2180 2366 2344 2433 ὀξέως
2382 2364 2582 2436 τρέχω,
2616 2362 2774 2433 μόνον
2805 2360 2895 2414 τὸν
2922 2359 3051 2430 ἐμὸν
3076 2357 3324 2430 μαθητὴν
3363 2358 3464 2410 οὐκ
3496 2355 3562 2409 ἂν
3610 2355 3757 2409 ἐάσω

2180 2451 2305 2513 ὦδε.
2359 2457 2520 2509 Αύτοὶ
2579 2453 2741 2507 πάλιν
2813 2452 2995 2521 ἔλεγον
3050 2450 3190 2522 μετά
3262 2449 3428 2519 φόϐου
3479 2446 3754 2519 μεγάλου⁸

2185 2549 2438 2601 Ἀπεισιν
2491 2547 2547 2600 αί
2600 2543 2835 2615 κάμηλοι
2893 2543 3002 2597 ἀπὸ
3028 2541 3137 2596 τῶν
3188 2541 3513 2613 ἀμφοτέρων
3537 2554 3551 2568 ⁸
3598 2537 3758 2609 μόνον

2182 2640 2426 2713 εὐμενῶς
2464 2638 2831 2710 ἀκολούθησον
2862 2640 2972 2701 σοῖς
3000 2634 3225 2699 δούλοις.
3262 2628 3357 2697 Εἷς
3395 2632 3451 2685 δέ
3472 2648 3555 2694 τις
3584 2629 3757 2683 νεανί-

505 2743 634 2790 σκος
658 2727 865 2801 χαρίεις
894 2728 1085 2781 ἔπεσεν
1121 2730 1213 2781 ἐπὶ
1266 2730 1573 2801 πρόσωπον,
1607 2733 1701 2784 καὶ
1762 2732 2166 2805 προσεκύνησεν
2227 2730 2397 2804 αὐτῷ,
2425 2729 2628 2799 λέγων*
2659 2728 3018 2801 Συγχώρησόν
3069 2743 3179 2799 μοι,
3225 2725 3427 2796 Πάτερ.
3450 2721 3756 2777 ΤότεἘπι-

506 2819 694 2888 φάνιος
719 2819 938 2887 εὐμενεῖ
962 2818 1038 2890 τῷ
1083 2820 1358 2891 προσώπῳ
1421 2817 1572 2876 εἶπεν
1600 2824 1734 2895 πρὸς
1783 2826 1943 2879 αύτόν
1963 2842 1977 2856 ⁸
2025 2825 2278 2893 Ἀνάστα,
2306 2826 2336 2878 ό
2392 2823 2523 2886 Θεὸς
2565 2823 2847 2893 εύλογήσει
2898 2837 2978 2885 σε,
3005 2818 3213 2873 τέκνον.
3262 2817 3395 2870 Τότε
3423 2817 3451 2869 ό
3478 2815 3758 2878 νεανίσκος

505 2913 563 2965 ὲν
597 2911 763 2982 πολλῇ
820 2912 1171 2978 καταστάσειν
1221 2917 1340 2978 ταῖς
1392 2915 1511 2968 δυσὶ
1559 2916 1835 2987 παλάμαις
1876 2918 2039 2973 αὑτοῦ
2096 2920 2392 2990 λαϐόμενος
2420 2917 2761 2988 Ἐπιφανίου,
2819 2913 3087 2986 ἐπέθηκεν
3144 2913 3305 2968 αὑτὸν
3339 2912 3431 2966 ἐπὶ
3492 2911 3758 2983 δρομικῆς

505 3009 769 3080 καμήλου.
814 3008 1015 3065 Ἐλθὼν
1041 3009 1096 3063 δὲ
1132 3010 1265 3080 πρὸς
1296 3011 1383 3080 μὲ,
1417 3012 1669 3082 ἐποίησεν
1708 3012 1909 3083 ὁμοίως
1932 3026 1950 3044 .

2003 3015 2098 3067 καὶ
2136 3011 2295 3077 αὐτὸς
2321 3010 2566 3075 ἐϐάδιζεν
2600 3009 2815 3082 πρῶτος
2847 3009 2955 3061 τῶν
2990 3006 3444 3078 δρομοκαμήλων.

580 3101 717 3158 XIV.
750 3102 884 3157 Cum
942 3118 1073 3157 vero
1106 3102 1534 3159 confecissemus
1574 3104 1792 3176 triginta
1839 3107 2076 3176 quinque

2255 3102 2347 3159 IA'.
2395 3103 2760 3157 Ὀδευσάντων
2807 3099 2863 3152 δὲ
2892 3098 3047 3169 ἡμῶν
3082 3098 3253 3169 μονάς
3309 3097 3402 3160 λε’,
3444 3096 3758 3168 ἐφθάσαμεν

506 3195 839 3260 mansiones,
870 3195 1220 3265 pervenimus
1253 3195 1316 3248 ad
1354 3196 1581 3265 regiam,
1614 3205 1667 3252 et
1699 3198 2002 3252 mansimus
2026 3197 2077 3250 in

506 3287 647 3352 loco,
684 3287 775 3357 qui
804 3286 1005 3341 dicitur
1030 3284 1219 3341 Urion.
1245 3286 1379 3343 Tres
1411 3296 1591 3343 autem
1622 3303 1687 3343 ex
1715 3289 1795 3342 eis
1825 3288 2078 3357 ingressi,

507 3380 619 3449 regi
661 3378 1065 3432 renuntiarunt.
1094 3376 1340 3448 Cumque
1374 3395 1467 3433 rex
1514 3378 1774 3449 iussisset
1830 3378 1897 3432 ad
1953 3393 2079 3431 eum

508 3469 716 3539 ingredi
751 3469 1137 3537 Epiphanium,
1162 3470 1385 3538 perinde
1412 3469 1513 3523 fuit
1538 3469 1831 3537 tranquillo
1852 3478 1905 3523 et
1931 3484 2082 3523 com-

510 3560 686 3629 posito
719 3559 922 3622 animo,
955 3571 1116 3628 atque
1153 3562 1198 3615 si
1232 3576 1412 3631 regem
1450 3575 1558 3615 non
1587 3570 1732 3615 esset
1780 3571 2080 3616 conventu-

511 3666 625 3706 rus.
658 3650 813 3706 Tunc
834 3667 919 3705 me
942 3667 1065 3706 eum
1085 3662 1403 3722 sequentem
1439 3652 1638 3706 invasit
1661 3666 1889 3722 magnus
1918 3653 2082 3705 timor

507 3750 561 3794 et
596 3751 820 3796 tremor.
881 3738 1018 3795 Nam
1087 3756 1211 3795 cum
1263 3742 1523 3796 vidissem
1582 3742 1809 3794 multam
1865 3741 2079 3796 turbam

509 3836 799 3894 astantem,
833 3829 885 3882 in
919 3829 1101 3884 varias
1133 3838 1314 3899 partes
1340 3830 1621 3885 versabam
1650 3831 1914 3885 animum.
1942 3830 2079 3885 Cum

508 3929 689 3973 autem
718 3920 827 3990 regi
849 3922 1343 3990 appropinquasset
1378 3919 1738 3991 Epiphanius,
1770 3937 1863 3975 rex
1893 3921 2079 3975 statim

509 4013 745 4066 surrexit
775 4027 804 4064 a
835 4013 981 4066 sede.
1018 4011 1145 4081 Regi
1173 4027 1301 4066 vero
1333 4012 1469 4067 dixit
1505 4011 1843 4082 Epiphanius
1870 4030 1883 4067 :
1923 4012 2079 4076 Sede,

512 4103 606 4169 fili,
649 4120 813 4173 super
853 4104 1131 4168 tltronum,
1168 4119 1267 4157 nec
1306 4113 1523 4173 prepter
1553 4112 1702 4157 tuum
1738 4105 1940 4160 luctum
1982 4105 2083 4159 du-

509 4194 645 4249 bites
666 4197 872 4250 animo.
904 4194 1086 4248 Habeo
1108 4195 1251 4249 enim
1288 4194 1479 4258 Deum,
1508 4196 1599 4265 qui
1626 4195 1765 4250 ferat
1794 4196 2080 4259 auxilium,

507 4295 561 4341 et
593 4290 891 4343 daemonem
934 4288 1114 4356 pellat.
1165 4287 1353 4342 Solum
1404 4287 1563 4342 crede
1596 4286 1709 4342 Deo
1762 4288 1997 4356 benigno
2029 4299 2083 4342 et

509 4382 779 4446 clementi,
813 4379 891 4452 [et
927 4380 1135 4434 videbis
1167 4380 1274 4433 cito
1305 4379 1395 4433 Dei
1433 4379 1709 4452 gratiam].
1750 4379 1825 4433 Nc
1860 4381 2081 4434 aberres

2180 3196 2279 3267 τὴν
2321 3193 2583 3264 βασιλίδα,
2614 3192 2909 3263 ἐμείναμεν
2936 3190 2993 3243 δὲ
3030 3191 3087 3244 ὲν
3108 3188 3258 3259 τόπῳ
3301 3188 3616 3260 καλουμένῳ
3655 3191 3759 3242 Οὑ-

2184 3285 2305 3357 ρίῳ.
2336 3285 2498 3357 Τρεῖς
2524 3283 2581 3338 δὲ
2611 3285 2703 3337 ἀπ’
2734 3282 2914 3338 αὐτῶν
2948 3280 3283 3344 εἰσελθόντες
3325 3282 3651 3352 ἀνήγγειλάν
3678 3281 3759 3352 τῷ

2184 3377 2406 3447 βασιλεῖ.
2442 3377 2550 3430 Καὶ
2587 3374 2651 3447 δὴ
2684 3374 3042 3437 κελεύσαντος
3068 3373 3161 3428 τοῦ
3214 3373 3475 3443 βασιλέως
3517 3374 3758 3446 εἰσέρχε-

2185 3467 2307 3521 σοαι
2337 3468 2473 3538 πρὸς
2521 3467 2682 3521 αὑτὸν
2742 3465 2836 3520 τὸν
2868 3466 3205 3535 Ἑπιφάνιον,
3263 3465 3437 3536 εἰσῄει
3489 3466 3548 3519 ὲν
3587 3466 3758 3537 πολλῇ

2183 3559 2536 3622 καταστάσει,
2553 3558 2628 3621 ώς
2655 3556 2729 3629 μὴ
2759 3559 3037 3627 συντυχεῖν
3060 3556 3195 3626 ἔχων
3223 3556 3304 3609 ἐνὶ
3331 3556 3439 3610 τῶν
3472 3556 3759 3627 βασιλέων.

2183 3650 2315 3702 Τότε
2342 3650 2404 3721 δὴ
2432 3649 2542 3718 ἐγὼ
2569 3650 2743 3704 ὀπίσω
2764 3649 2937 3720 τούτῳ
2967 3650 3184 3721 βαίνων,
3213 3649 3377 3719 φόϐος
3419 3651 3514 3704 καὶ
3557 3651 3759 3722 τρόμος

2182 3739 2376 3792 ἔπεσεν
2398 3741 2483 3792 ἐπ’
2509 3739 2630 3811 ἐμέ.
2678 3738 2824 3792 Ἰδὼν
2856 3740 2965 3811 γὰρ
2998 3740 3185 3811 ὄχλους
3208 3739 3579 3812 περιεστῶτας
3610 3740 3760 3810 αὐτῷ

2184 3831 2430 3895 πολλοὺς,
2464 3830 2758 3902 ἐδονούμην
2782 3831 2859 3902 τῷ
2886 3831 3131 3903 λογισμῷ
3152 3849 3273 3902 μου.
3300 3832 3406 3884 Τοῦ
3437 3833 3493 3886 δὲ
3526 3833 3760 3900 Ἐπιφα-

2182 3923 2293 3975 νίου
2329 3923 2644 3991 ἐγγίσαντος
2675 3923 2809 3993 πρὸς
2841 3923 2933 3976 τὸν
2963 3922 3185 3993 βασιλέα
3206 3962 3220 3987 ,
3251 3923 3450 3986 εύθέως
3496 3924 3758 3995 ἐξανέστη

2181 4018 2209 4069 ό
2232 4014 2483 4086 βασιλεὺς
2504 4015 2610 4069 άπὸ
2636 4014 2728 4068 τοῦ
2761 4014 2969 4086 θρόνου.
2997 4008 3167 4069 Εἶπεν
3195 4014 3251 4068 δὲ
3284 4015 3601 4085 Ἐπιφάνιος
3621 4016 3759 4085 πρὸς

2182 4107 2529 4177 τὸνβασιλέα
2554 4123 2569 4138 ο
2609 4105 2871 4169 Κάθισον,
2924 4105 3133 4169 τέκνον,
3191 4106 3283 4158 ἐπὶ
3322 4104 3401 4175 σῷ
3434 4105 3628 4176 θρόνῳ,
3681 4104 3763 4178 μὴ

2182 4199 2395 4265 δίσταζε
2429 4201 2522 4253 ἐπὶ
2548 4199 2626 4271 τῷ
2652 4198 2728 4271 σῷ
2763 4198 2980 4252 πένθει·
3021 4198 3129 4269 ἔχω
3156 4197 3262 4268 γὰρ
3315 4197 3447 4251 Θεὸν
3487 4197 3577 4250 τὸν
3627 4196 3757 4267 βοη-

2183 4290 2400 4353 θοῦντα,
2427 4291 2710 4360 ὲλατήριον
2741 4288 2834 4343 τοῦ
2870 4288 3139 4342 διαϐόλου.
3173 4288 3347 4342 Μόνον
3407 4287 3630 4341 πίστευε
3679 4287 3761 4358 τῷ

2185 4378 2577 4450 φιλανθρώπῳ·
2606 4379 2679 4449 μὴ
2710 4378 2928 4449 ἀστόχει
2954 4376 3062 4430 τῶν
3094 4377 3438 4448 λαλουμένων
3463 4417 3479 4441 ,
3518 4376 3612 4431 καὶ
3651 4376 3765 4450 ὕψη

509 4487 538 4525 a
575 4486 739 4541 scopo
793 4486 981 4524 eorum
1011 4509 1026 4533 ,
1082 4486 1205 4539 quae
1261 4472 1541 4538 dicuntur,
1578 4482 1633 4527 et
1666 4473 1875 4528 videbis
1916 4473 2076 4527 filiam

2189 4470 2286 4540 τὴν
2321 4470 2483 4523 παῖδα
2515 4469 2661 4539 ὑγιῆ.
2710 4470 2767 4522 Ὀ
2800 4468 2908 4539 γάρ
2956 4468 3210 4531 κάκιστος
3262 4468 3471 4538 δαίμων
3516 4467 3758 4539 διωχθεὶς

510 4575 661 4618 tuam
689 4578 878 4617 sanam
911 4562 964 4615 in
991 4562 1190 4617 medio.
1241 4561 1522 4627 l’cssimus
1551 4564 1695 4618 enim
1727 4566 1936 4620 daemon
1994 4566 2048 4619 fu
2068 4595 2081 4606 -

511 4664 670 4726 gatus
702 4669 730 4706 a
759 4654 876 4708 loco
900 4668 1024 4713 suo,
1060 4653 1207 4706 venit
1237 4653 1302 4706 ad
1335 4653 1524 4707 tiliam.
1584 4653 1639 4708 Si
1681 4654 1790 4710 Deo
1819 4656 2082 4711 οι·υοὶίίχο

509 4742 849 4808 credideris,
910 4743 1117 4812 fugabit.
1170 4759 1293 4798 eum
1344 4760 1373 4797 a
1425 4755 1517 4798 tua
1551 4745 1680 4800 filia.
1719 4745 2080 4818 [llluminare,

513 4836 607 4897 fili,
640 4834 823 4898 corde,
844 4843 898 4888 et
931 4834 1141 4887 videbis
1175 4849 1298 4886 eum
1329 4833 1662 4906 expulsum].
1699 4833 1813 4889 Duc
1843 4850 1963 4890 eam
2015 4837 2081 4890 ad

513 4941 611 4981 nos
649 4926 701 4979 in
736 4924 994 4987 medium,
1038 4933 1094 4978 ct
1129 4924 1334 4979 videbis
1368 4926 1593 4991 gratiam
1626 4925 1843 4995 benigni
1886 4935 1940 4981 et
1969 4927 2082 4981 cle-

511 5014 709 5069 mentis
741 5012 851 5067 Dei.
889 5012 1023 5067 Cum
1059 5023 1238 5065 autem
1282 5012 1336 5065 in
1373 5012 1605 5065 medium
1657 5013 1894 5066 venisset
1943 5012 2084 5080 regis

512 5106 642 5167 filia,
676 5106 812 5159 dixit
835 5102 1173 5174 Epiphanius
1210 5103 1389 5158 filiola:
1418 5122 1431 5156 :
1467 5103 1595 5157 Esto
1620 5103 1839 5172 sapiens
1878 5117 1941 5156 ac
1967 5117 2086 5155 mo-

511 5197 684 5260 desta,
712 5208 764 5249 et
791 5199 1017 5251 adorato
1046 5205 1199 5249 tuum
1221 5205 1449 5265 patrem.
1479 5195 1664 5264 Lupus
1694 5196 1837 5249 enim
1864 5195 1941 5248 tui
1976 5210 2083 5248 non

512 5288 879 5341 dominabitur
913 5289 1168 5357 amplius.
1223 5285 1350 5342 llrec
1377 5302 1502 5341 cum
1556 5287 1788 5341 dixisset
1847 5285 2085 5355 Epipha-

514 5377 659 5441 nius,
691 5386 743 5430 et
774 5392 893 5430 eam
923 5389 1005 5433 ter
1048 5380 1341 5449 signasset,
1376 5378 1513 5432 dixit
1558 5378 1797 5442 spiritui,
1834 5378 1928 5446 qui
1962 5390 2080 5431 eam

513 5455 782 5535 afﬂigebat
816 5481 830 5516 :
872 5466 1175 5524 Cucurristi
1221 5469 1363 5523 male
1400 5469 1471 5522 ad
1513 5467 1679 5523 filiam
1730 5468 1919 5537 regis:
1955 5466 2084 5537 fuge

514 5557 584 5611 ab
610 5572 671 5610 ea
707 5557 759 5609 in
786 5557 925 5622 loca,
954 5559 1019 5611 ad
1044 5575 1166 5627 quae
1194 5576 1302 5614 non
1343 5570 1490 5629 patet
1527 5561 1726 5616 aditus.
1789 5559 1854 5613 Et
1901 5561 2084 5615 statim

518 5646 586 5698 ab
621 5660 685 5699 ea
720 5649 964 5700 recessit.
993 5646 1128 5701 Cum
1158 5661 1337 5705 autem
1369 5652 1596 5706 vidisset
1623 5650 1961 5721 Epiphanius
2002 5667 2086 5705 re-

517 5749 633 5799 gem
687 5735 739 5790 in
789 5748 983 5799 magna
1015 5740 1241 5807 exstasi,
1290 5741 1423 5796 dixit
1457 5742 1506 5796 ei
1534 5742 1686 5797 vultu
1746 5740 2082 5801 subridens:

2185 4560 2293 4614 ἀπὸ
2316 4560 2506 4621 τόπου,
2537 4556 2698 4631 ἦλθεν
2733 4559 3028 4632 προθύμως
3050 4560 3143 4611 ἐπὶ
3183 4558 3280 4630 σὴν
3312 4557 3601 4630 θυγατέρα.
3632 4558 3758 4612 Ἐὰν

2186 4652 2446 4723 πιστεύῃς
2475 4652 2553 4724 τῷ
2587 4652 3006 4724 ὲσταυρωμένῳ,
3037 4651 3224 4705 τοῦτον
3276 4651 3462 4705 διώκει
3504 4653 3615 4706 άπὸ
3660 4652 3758 4721 τῆς

2186 4743 2454 4815 θυγατρός
2488 4762 2600 4798 σου.
2620 4744 2879 4809 Φωτίζου,
2906 4744 3114 4808 τέκνον,
3148 4744 3246 4815 τὴν
3268 4742 3364 4813 σὴν
3393 4743 3638 4815 καρδίαν,
3666 4745 3758 4797 καὶ

2188 4835 2350 4905 βλέπε
2374 4835 2561 4888 τοῦτον
2594 4836 2969 4905 ἐλαυνόμενον.
3010 4835 3215 4904 ’Δγαγε
3260 4833 3465 4905 ταύτην
3506 4834 3564 4888 ἐν
3610 4833 3758 4903 μέσῳ

2186 4925 2363 4996 ἡμῶν,
2425 4928 2518 4979 καὶ
2556 4926 2660 4997 ὄψῃ
2699 4927 2855 4996 χάριν
2892 4925 2986 4979 τοῦ
3022 4924 3423 4995 φιλανθρώπου.
3471 4924 3755 4995 Ἐλθούσης

2185 5019 2242 5072 δὲ
2288 5019 2388 5089 τῆς
2420 5017 2687 5090 θυγατρὸς
2726 5016 2820 5071 τοῦ
2879 5015 3143 5087 βασιλέως
3172 5017 3229 5069 ὲν
3253 5015 3332 5086 τῷ
3390 5015 3558 5088 μέσῳ,
3605 5010 3755 5069 εἶπεν

2186 5109 2502 5177 Ἐπιφάνιος
2527 5107 2605 5179 τῷ
2635 5108 2909 5179 θυγατρίῳ
2928 5125 2941 5139 ·
2973 5107 3135 5162 Γενοῦ
3162 5108 3457 5179 φρονοῦσα,
3474 5109 3568 5162 καὶ
3592 5125 3755 5180 προσ-

2187 5197 2420 5269 κύνησον
2453 5198 2543 5250 τὸν
2575 5199 2665 5253 σον
2692 5199 2923 5270 πατέρα.
2953 5200 3128 5263 Λύκος
3145 5200 3251 5272 γὰρ
3282 5200 3361 5253 ἔτι
3396 5201 3457 5254 ού
3481 5202 3755 5273 κυριεύσει

2190 5303 2305 5343 σου.
2341 5287 2527 5341 Ταῦτα
2556 5289 2724 5342 εἰπὼν
2749 5290 3086 5359 Ἐπιφάνιος,
3122 5291 3510 5362 ἐπιλαϐόμενος
3529 5293 3625 5362 τῆς
3647 5312 3757 5363 χει-

2189 5378 2282 5449 ρὸς
2313 5379 2407 5432 τοῦ
2468 5378 2782 5451 θυγατρίου,
2820 5381 2914 5434 καὶ
2970 5381 3276 5451 σφραγίσας
3324 5381 3491 5453 αὐτὴν
3555 5383 3757 5455 τρίτον,

2187 5464 2341 5521 εἶπεν
2380 5470 2516 5539 πρὸς
2559 5471 2622 5523 τὸ
2659 5472 2877 5542 πνεῦμα
2928 5472 2987 5524 τὸ
3022 5472 3201 5525 θλίϐον
3235 5473 3406 5543 αὐτήν
3434 5492 3447 5504 ο
3483 5473 3759 5545 Ἔδραμες

2187 5560 2373 5623 κακῶς
2401 5562 2493 5613 ἐπὶ
2534 5562 2633 5631 τὴν
2686 5562 2959 5634 θυγατέρα
2989 5563 3081 5617 τοῦ
3116 5562 3401 5633 βασιλέως.
3441 5563 3610 5631 Φεῦγε
3663 5563 3760 5615 ἀπ’

2187 5651 2356 5721 αὐτῆς
2384 5653 2442 5704 ἐν
2469 5653 2743 5724 ἀοικήτοις
2789 5656 2993 5719 τόποις.
3019 5656 3203 5709 Ταῦτα
3231 5657 3397 5710 εἰπὼν
3441 5659 3760 5725 Ἐπιφάνιος

2190 5742 2324 5814 πρὸς
2354 5744 2444 5796 τὸν
2470 5743 2718 5814 δαίμονα,
2761 5744 2960 5810 εὐθέως
3010 5744 3231 5815 ἐξῆλθεν
3293 5749 3399 5800 ἀπὸ
3438 5748 3530 5802 τοῦ
3586 5750 3760 5818 θυγα-
