4058 6454
322 324 382 387 ιι
1608 327 1664 383 s.
1707 328 2050 383 EPIPIIANII
2095 329 2279 385 Vin.

3476 302 3599 389 ἰι

323 447 495 519 τρέον.
542 446 700 501 Ἰδὼν
722 444 780 500 δὲ
839 444 1156 515 Ἐπιφάνιος
1220 447 1275 498 ἐν
1309 447 1568 499 ἐκστάσει
1625 449 1789 518 πολλῇ
1825 450 1917 501 τὸν

2025 451 2390 514 Lmtareurex,
2422 450 2489 505 de
2519 460 2608 505 tua
2638 449 2777 516 ﬁlia;
2815 449 2953 522 fugit
2995 450 3156 521 lupus
3186 451 3240 505 in
3288 452 3406 507 loca
3438 453 3600 509 inha-

329 538 573 610 βασιλέα,
609 533 771 592 εἷπεν
805 537 941 610 πρὸς
966 537 1131 590 αὐτόν
1153 556 1164 566 ·
1199 538 1389 608 Χαῖρε,
1425 540 1645 607 βασιλεῦ
1666 581 1679 603 ,
1711 540 1803 592 ἐπὶ
1839 540 1917 610 σῷ

328 630 639 701 Θυγατρίῳ·
702 629 904 698 ἔφυγεν
959 631 988 682 ό
1036 628 1196 692 λύκος
1235 631 1316 692 είς
1348 630 1641 701 ἀοικήτους
1695 632 1913 695 τόπους.

329 720 592 793 Πορεύου,
627 721 888 793 θύγατερ.
940 722 998 774 ὲν
1031 719 1109 789 σῷ
1145 720 1398 791 ταμιείῳ,
1425 723 1517 775 καὶ
1540 722 1629 776 ἔσο
1651 724 1918 796 χαίρουσα

330 815 469 884 μετά
501 813 707 885 μητρὸς
737 813 1051 883 καλλίστης.
1084 812 1326 883 Πρόσεχε
1366 813 1551 867 λοιπὸν
1591 813 1670 884 τῷ
1704 813 1918 886 σώματί

329 924 459 961 σου·
491 907 588 960 καὶ
619 905 804 960 οὐκέτι
837 904 1047 973 ἐγγίσει
1079 904 1217 973 πρὸς
1269 904 1330 957 σὲ
1362 904 1693 974 κακοῦργος.
1731 904 1917 959 Ταῦτα

326 998 609 1053 ἀκούσασα
637 999 671 1068 ὴ
701 997 947 1068 Θυγάτηρ
972 995 1064 1049 τοῦ
1093 995 1357 1066 βασιλέως
1386 996 1538 1065 παρὰ
1569 998 1913 1066 Ἐπιφανίου,

328 1089 606 1161 ἐπορεύθη
632 1089 819 1142 λοιπὸν
848 1089 905 1141 ἐν
950 1086 1027 1158 τῷ
1058 1088 1324 1159 ταμιείῳ,
1379 1087 1508 1141 ἔνθα
1541 1084 1608 1159 ἦν
1663 1091 1697 1159 ἡ
1734 1089 1916 1161 μήτηρ
1944 1090 1945 1093 “

327 1181 503 1251 αὐτῆς
537 1180 941 1251 καταμένουσα.
967 1179 1102 1232 Τότε
1131 1179 1195 1251 δὴ
1230 1182 1259 1233 6
1289 1179 1543 1251 βασιλεὺς
1572 1180 1779 1235 ἔκλινεν
1819 1181 1917 1234 αύ-

329 1271 467 1342 χένα
500 1271 825 1342 Ἐπιφανίῳ.
858 1272 1080 1334 ’ἰδόντες
1123 1270 1179 1324 δὲ
1220 1272 1270 1349 οξ
1305 1272 1505 1335 πάντες
1546 1271 1637 1325 τὸν
1670 1270 1913 1341 βασιλέα,

337 1361 572 1413 ’λίνουσι
604 1361 697 1412 καὶ
725 1360 881 1412 αὐτοὶ
914 1360 1007 1412 ἐπὶ
1054 1359 1181 1429 γῆν.
1216 1359 1468 1427 λέγοντες
1495 1359 1632 1431 πρὸς
1674 1360 1913 1429 Ἐπιφά-

334 1468 472 1506 um’
517 1452 751 1524 Χάριτος
799 1451 934 1505 Θεοῦ
974 1452 1375 1523 κεκοσμημένε,
1425 1452 1707 1524 πρόθυμος
1760 1451 1912 1521 γίνου

2025 543 2289 597 bitabilia.
2334 541 2496 606 Vade,
2531 542 2660 603 ﬁlia.
2701 544 2757 598 in
2811 552 2965 598 tuum
3012 543 3304 606 conclave,
3336 553 3388 599 et
3426 548 3602 616 gaude

2023 650 2148 689 cum
2210 644 2386 690 matre
2425 643 2518 689 tua
2560 635 2789 704 optima,
2843 644 2898 690 et
2948 635 3170 690 attende
3211 635 3467 706 deinceps
3508 646 3601 692 tuo

2023 727 2240 795 corpori
2278 743 2290 777 :
2328 741 2504 796 neque
2549 727 2820 796 malignus
2851 725 2948 780 tibi
2986 725 3450 795 appropinquabit
3486 742 3604 788 am-

2022 818 2187 887 plius.
2226 818 2361 872 Cum
2387 818 2503 872 haec
2542 827 2726 872 autem
2766 818 3034 873 audiissct
3067 817 3173 871 tilia
3207 821 3350 887 regis
3381 818 3451 873 ab
3478 819 3604 888 Epi-

2016 904 2240 972 phanio,
2287 903 2383 958 ivit
2412 905 2465 958 in
2512 905 2718 961 aulam.
2772 904 2929 961 Tunc
2962 921 3057 961 rex
3096 907 3379 961 inclinavit
3402 908 3602 963 collum

2013 992 2339 1065 Epiphanio.
2374 996 2511 1050 Cum
2558 996 2820 1051 vidissent
2849 1012 2980 1053 vero
3002 1013 3197 1054 omnes
3242 1013 3453 1068 regem,
3499 1000 3603 1068 ipsi

2023 1100 2242 1157 quoque
2265 1102 2322 1141 se
2349 1087 2403 1141 in
2438 1097 2637 1141 terram
2665 1088 2950 1153 inclinant,
2983 1088 3226 1143 dicentes
3253 1088 3559 1158 Epiphanio
3586 1107 3601 1142 :

2021 1174 2065 1231 Ο
2095 1177 2325 1246 plurima
2351 1187 2615 1233 exornate
2648 1180 2844 1249 gratia,
2880 1194 3041 1234 mane
3062 1190 3316 1250 prompto
3345 1188 3399 1235 et
3430 1181 3603 1236 alacri

2020 1267 2210 1321 animo
2237 1269 2379 1337 apud
2411 1284 2616 1339 regem.
2676 1267 2807 1323 Esto
2838 1279 2988 1336 pater
3037 1270 3157 1339 ejus
3222 1271 3496 1341 potentiae,
3548 1282 3602 1326 et

2019 1360 2131 1414 eris
2170 1360 2457 1415 nobiscum
2496 1371 2781 1430 perpetuo.
2822 1358 3054 1416 Voxavit
3107 1363 3319 1417 damon
3356 1363 3599 1434 regiam;

2022 1451 2129 1506 huc
2157 1451 2373 1515 venisti,
2404 1466 2530 1506 eum
2556 1450 2776 1521 fugasti.

326 1543 468 1615 πρὸς
506 1544 747 1615 βασιλέα,
785 1543 965 1614 πατὴρ
1020 1542 1107 1595 τοῦ
1146 1544 1382 1614 κράτους
1412 1543 1599 1606 αὑτοῦ,
1659 1543 1752 1595 καὶ
1806 1541 1904 1612 ἔσῃ
1940 1540 2061 1611 μεθ’
2090 1540 2245 1612 ἡμῶν
2312 1541 2692 1604 ἀδιαλείπτως.
2726 1542 2996 1596 Ἐσκυλεν
3062 1543 3270 1613 δαίμων
3309 1545 3409 1614 τὴν
3450 1545 3602 1615 βασι-

328 1634 475 1691 λίδα·
499 1633 659 1708 ἦλθες
690 1634 922 1689 ἐνταῦθα
949 1633 1135 1688 τοῦτον
1157 1634 1366 1700 διῶξαι.

400 1771 502 1825 lE’.
529 1767 623 1835 Εἷς
653 1771 710 1824 δέ
736 1789 818 1836 τις
851 1772 910 1837 ἐξ
928 1771 1106 1826 αὐτῶν
1133 1773 1307 1844 μάγος
1327 1772 1437 1827 τῶν
1465 1772 1700 1846 πρώτων
1725 1772 1910 1841 ἔλεγεν

2084 1767 2201 1821 XV.
2238 1766 2393 1823 Unus
2413 1777 2594 1822 autem
2630 1782 2695 1822 ex
2729 1766 2809 1821 eis
2848 1767 3061 1837 primus
3114 1782 3183 1823 ex
3235 1769 3430 1839 magis,
3467 1768 3604 1824 dixit

329 1864 481 1934 αὐτῷ
507 1864 620 1933 μετ’
659 1863 977 1933 εὐμενείας·
1033 1860 1099 1918 Ὦ
1149 1865 1337 1936 μάκαρ
1387 1865 1713 1934 Ἐπιφάνιε,
1768 1866 1913 1937 μάγε

329 1955 698 2027 πεποθημένε,
721 1951 886 2027 ἦλθες
906 1954 1140 2009 ἐνταῦθα
1166 1953 1261 2008 τοῦ
1295 1955 1660 2028 κατορθῶσαι.
1687 1955 1913 2010 Δίδασκε

329 2047 559 2110 πάντας,
595 2048 793 2110 πάντες
828 2047 878 2100 οἱ
915 2047 1080 2117 μάγοι
1113 2046 1514 2101 ὑπακούσονται
1558 2064 1673 2102 σου.
1727 2045 1917 2099 Ἀκού-

330 2158 431 2204 σας
453 2141 513 2193 δὲ
549 2139 722 2192 ταῦτα
759 2139 1098 2208 Ἐπιφάνιος,
1165 2134 1319 2192 εἶπεν
1375 2138 1515 2213 πρὸς
1564 2139 1655 2192 τὸν
1689 2138 1914 2210 ἀνόητον

330 2231 535 2302 μάγον·
564 2225 634 2282 Ὦ
672 2231 814 2301 μάγε
859 2230 1022 2302 ἐχθρὲ
1052 2230 1152 2301 τῆς
1194 2229 1473 2302 ἀληθείας,
1513 2229 1651 2300 μάθε
1704 2231 1779 2302 μὴ
1813 2231 1912 2284 λα·-

328 2324 439 2375 λεῖν
457 2321 726 2384 ἀτάκτους
772 2320 987 2390 λόγους.
1027 2321 1174 2375 Λάϐε
1205 2323 1457 2392 κατόχιον
1489 2323 1546 2374 ὲν
1577 2320 1655 2392 τῷ
1684 2322 1914 2392 στόματί

329 2431 450 2478 σου,
484 2414 579 2466 καὶ
604 2412 705 2485 ἔσῃ
730 2412 810 2485 μὴ
837 2412 1015 2467 λαλῶν
1068 2414 1448 2478 ἀδιαλείπτως.
1496 2413 1589 2485 Μὴ
1632 2413 1743 2486 γὰρ
1766 2398 1915 2468 ’ὑποο

329 2506 438 2558 νόει
467 2504 603 2558 Θεοῦ
636 2504 821 2560 δοῦλον
855 2506 1027 2577 μάγον
1050 2507 1316 2579 ὑπάρχειν
1344 2507 1444 2578 τῆς
1474 2506 1706 2570 ἀδικίας.
1730 2506 1914 2560 Ταῦτα

327 2594 387 2647 δὲ
412 2593 583 2648 εἰπὼν
611 2595 954 2664 Ἐπιφάνιος,
985 2594 1189 2661 εὐθέως
1214 2595 1428 2668 ἔμεινεν
1484 2599 1512 2651 6
1560 2598 1735 2668 μάγος
1777 2597 1912 2651 ἀλα-

327 2681 440 2747 λος,
467 2683 725 2754 ἀκίνητος
759 2686 853 2739 ἐπὶ
906 2684 985 2757 τῷ
1037 2686 1208 2756 τόπῳ.
1243 2686 1428 2739 Ταῦτα
1481 2686 1538 2740 δὲ
1590 2687 1712 2741 ἰδὼν
1745 2688 1773 2740 ὁ
1808 2686 1907 2758 βα-

329 2773 536 2838 σιλεὺς,
585 2776 681 2829 καὶ
721 2775 783 2829 τὸ
831 2779 1021 2846 στῖφος
1074 2777 1241 2831 αὑτοῦ
1281 2778 1344 2830 τὸ
1389 2778 1714 2849 περιεστὼς,
1765 2779 1914 2848 φόϐῳ

330 2866 570 2930 ἅπαντες
600 2867 947 2939 συνεχόμενοι
968 2868 1168 2924 ἔπεσαν
1195 2871 1288 2924 ἐπὶ
1318 2870 1417 2941 τὴν
1450 2873 1578 2941 γῆν.

404 3004 524 3070 ις’.
560 3001 703 3057 Ἰδὼν
729 3003 787 3057 δὲ
813 3004 1133 3075 Ἐπιφάνιος
1166 3005 1389 3071 τούτους
1418 3012 1708 3074 πεσόντας,
1738 3009 1911 3063 ἐκτεί-

2015 1861 2063 1915 ei
2095 1860 2325 1929 benigne
2348 1870 2401 1913 et
2429 1869 2680 1913 amanter
2706 1875 2719 1910 :
2745 1855 2791 1912 0
2820 1858 2975 1913 beate
3006 1859 3294 1929 Epiphani,
3323 1875 3480 1932 mage
3508 1861 3604 1916 de-

2015 1952 2271 2014 siderate,
2334 1950 2528 2006 venisti
2566 1951 2690 2017 huc,
2748 1958 2807 2003 ut
2864 1965 2964 2005 nos
3005 1948 3247 2005 adiceres
3310 1953 3597 2008 beneﬁcio.

2014 2043 2171 2099 Mane
2222 2044 2331 2110 hic,
2371 2043 2506 2097 doce
2564 2056 2708 2097 nos:
2744 2055 2938 2096 omnes
2973 2042 3115 2111 magi
3171 2042 3268 2097 tibi
3328 2042 3601 2101 obedient.

2015 2132 2151 2190 Cum
2183 2134 2300 2188 haec
2326 2142 2509 2187 autem
2535 2131 2805 2186 audiisset
2834 2130 3175 2200 Epiphanius
3204 2172 3220 2199 ,
3276 2132 3412 2188 dixit
3442 2149 3603 2206 mago

2016 2225 2295 2294 insipienti
2336 2240 2350 2276 :
2384 2222 2428 2278 Ο
2461 2240 2617 2294 mage
2644 2223 2865 2279 inimice
2894 2224 3163 2288 veritatis,
3194 2224 3344 2281 disce
3374 2242 3485 2283 non
3514 2230 3600 2281 lo-

2016 2317 2110 2387 qui
2141 2319 2302 2370 verba
2337 2315 2626 2370 insolentia
2664 2331 2678 2367 :
2733 2316 2815 2370 ori
2851 2325 2947 2371 tuo
2979 2315 3212 2370 immitte
3253 2318 3600 2388 repagulum,

2014 2416 2205 2462 etnon
2262 2406 2503 2475 loqueris
2549 2406 2790 2462 assidue.
2844 2404 2965 2461 Noli
3014 2407 3329 2463 existimare
3380 2425 3599 2466 servum

2014 2496 2109 2552 Dei
2140 2511 2263 2551 esse
2296 2511 2517 2566 magum
2552 2496 2855 2567 injustitize.
2888 2495 3015 2553 litec
3047 2513 3172 2553 cum
3209 2499 3437 2555 dixisset
3470 2500 3601 2572 Epi-

2016 2587 2271 2657 phanius,
2294 2588 2478 2643 statim
2512 2589 2601 2644 ille
2622 2590 2825 2645 mansit
2853 2589 2908 2644 in
2944 2590 3064 2647 loco
3093 2599 3282 2647 mutus
3309 2601 3365 2647 et
3402 2593 3602 2649 immo-

2013 2678 2161 2734 bilis.
2199 2678 2325 2735 Haec
2357 2691 2539 2734 autem
2588 2695 2715 2735 cum
2750 2696 2846 2735 rex
2879 2682 3131 2748 vidisset,
3165 2691 3218 2738 et
3249 2684 3429 2751 turba,
3480 2701 3603 2756 qua:

2014 2784 2139 2824 eum
2193 2770 2609 2836 circumstabat,
2668 2787 2864 2829 omnes
2893 2785 3042 2828 metu
3071 2776 3354 2845 oppressi,
3395 2779 3600 2834 cecide-

2016 2870 2142 2915 runt
2176 2860 2232 2917 in
2261 2870 2485 2916 terram.

2085 2996 2223 3052 XVI.
2252 2997 2391 3052 Cum
2424 3013 2520 3053 eos
2557 3007 2741 3054 autem
2770 2999 2999 3057 vidisset
3049 3003 3308 3060 cadentes
3356 3003 3599 3076 Epipha-

326 3109 430 3157 νας
447 3094 547 3164 τὴν
578 3096 736 3166 χεῖρα
758 3095 896 3166 πρὸς
925 3094 1018 3149 τὸν
1056 3095 1303 3165 βασιλέα,
1360 3096 1545 3166 ἔλεγεν
1594 3097 1744 3170 αὐτῷ
1792 3102 1910 3171 μετ’

2018 3088 2162 3154 nius,
2196 3104 2359 3142 manu
2408 3088 2476 3143 ad
2527 3105 2706 3160 regem
2737 3098 2984 3160 extensa,
3023 3094 3162 3150 dixit
3208 3095 3258 3150 ei
3309 3096 3544 3167 benigne
3580 3116 3596 3153 :

328 3186 620 3256 εὐμενείας
642 3202 655 3216 ’
709 3187 962 3252 Ἀνάστα,
994 3187 1145 3256 γίνου
1179 3189 1238 3241 ὲν
1276 3190 1630 3251 καταστάσει,
1680 3192 1776 3243 καὶ
1826 3189 1917 3243 ἔσο

328 3277 497 3348 ὑγιὴς
530 3279 585 3330 ὲν
631 3277 707 3348 σῷ
741 3280 997 3350 ταμιείῳ.
1040 3280 1224 3334 Ταῦτα
1256 3281 1311 3334 δὲ
1359 3282 1529 3334 εἰπὼν
1577 3282 1916 3351 Ἐπιφάνιος,

328 3372 637 3440 ἀνέστησαν
654 3370 893 3436 ἅπαντες
920 3373 1012 3426 ἐπὶ
1037 3374 1163 3437 τοὺς
1188 3373 1374 3438 πόδας.
1408 3371 1576 3447 Εἶπεν
1596 3375 1651 3428 δὲ
1685 3375 1915 3445 Ἐπιφά-

326 3478 442 3525 νιος
472 3461 550 3531 τῷ
585 3464 935 3535 μαγουσαίῳ⁸
963 3465 1135 3518 Βλέπε
1183 3466 1234 3518 τί
1284 3466 1501 3536 βλέπεις
1528 3468 1622 3520 καί¹
1675 3469 1914 3532 ἀκούεις,

329 3554 429 3606 καὶ
451 3552 550 3626 ἔσῃ
588 3555 871 3625 προσέχων
895 3558 961 3627 τῇ
985 3556 1233 3628 ἀληθείᾳ.
1270 3558 1358 3628 Μή
1404 3574 1494 3628 μοι
1546 3558 1804 3630 πρόσεχε,
1842 3560 1918 3625 ὡς

333 3645 653 3716 μαγουσαίῳ
691 3666 703 3677 σ
746 3645 931 3710 δοῦλος
976 3648 1085 3719 γάρ
1132 3649 1258 3719 εἰμι
1313 3647 1406 3701 τοῦ
1459 3651 1912 3723 ὲσταυρωμένου⁶

325 3735 481 3788 λάλει
517 3739 607 3789 καὶ
630 3736 815 3801 ἄκουε,
844 3737 919 3801 ὡς
951 3739 1011 3790 τὸ
1046 3738 1280 3809 πρῶτον.
1339 3738 1495 3792 Γίνου
1535 3740 1592 3792 δὲ
1633 3741 1785 3809 φίλος
1818 3742 1919 3811 τῆς

329 3825 610 3895 ἀληθείας.
641 3827 774 3879 Τότε
802 3830 829 3881 6
867 3828 1038 3895 μάγος
1068 3828 1406 3896 ἀπελογεῖτο,
1439 3830 1706 3897 ἐσφάλθαι
1737 3830 1913 3898 λέγων

331 3917 473 3987 πρὸς
505 3918 840 3985 Ἐπιφάνιον.
869 3919 1003 3970 Τότε
1035 3919 1064 3971 6
1095 3918 1350 3989 βασιλεὺς
1389 3919 1674 3974 ἐκέλευσεν
1698 3921 1917 3992 ἐνεχθῆ-

331 4025 422 4060 ναι
448 4009 685 4078 χρυσίον.
718 4010 812 4063 καὶ
831 4009 1089 4080 ἄργυρον,
1117 4012 1211 4063 καὶ
1232 4013 1711 4082 μαργαρίτας,·καὶ
1739 4011 1919 4076 λίθους

332 4099 554 4168 τιμίους
606 4099 746 4152 κατὰ
774 4100 1065 4171 πρόσωπον
1095 4102 1357 4166 πάντωνμ
1380 4103 1477 4157 καὶ
1512 4104 1733 4175 τεθῆναι
1767 4103 1941 4176 παρὰ-

332 4191 464 4252 τοὺς
495 4190 657 4254 πόδας
681 4192 1023 4258 Ἐπιφανίου,
1058 4191 1233 4260 λέγων
1268 4192 1407 4264 πρὸς
1433 4193 1597 4247 αὐτόν
1620 4211 1635 4223 υ
1659 4193 1917 4265 Λάμὸανε

330 4280 531 4341 ταῦτα,
550 4282 576 4332 6
599 4281 785 4352 Πατὴρ
808 4282 984 4353 ἡμῶν,
1010 4283 1103 4336 καὶ
1126 4282 1215 4353 ἔχε
1243 4283 1306 4353 δή
1342 4298 1407 4354 με
1431 4283 1573 4337 κατὰ
1594 4284 1770 4354 ψυχήν
1801 4301 1915 4337 σου.

334 4365 511 4424 Εἶπεν
541 4370 596 4423 δὲ
625 4371 945 4440 Ἐπιφάνιος
970 4372 1107 4444 πρὸς
1134 4373 1225 4426 τὸν
1250 4366 1504 4443 βασιλέασ
1543 4374 1732 4443 Ἡμεῖς
1749 4375 1919 4428 ἁπάν-

2018 3180 2214 3251 Surge,
2247 3181 2324 3235 sis
2352 3180 2496 3235 bono
2523 3190 2577 3236 et
2608 3185 2910 3252 tranquillo
2951 3186 3158 3252 animo,
3207 3194 3262 3241 et
3289 3189 3398 3243 eris
3429 3204 3598 3244 sanus

2018 3275 2073 3327 in
2107 3284 2200 3328 tuo
2224 3273 2501 3328 cubiculo.
2533 3273 2647 3330 Hoc
2683 3276 2831 3330 dicto
2887 3277 2956 3331 ab
2992 3276 3316 3348 Epiphanio,
3348 3294 3601 3336 surrexe-

2020 3374 2147 3419 runt
2181 3380 2372 3420 omnes
2424 3381 2588 3435 supra
2617 3365 2803 3436 pedes.
2843 3366 2991 3422 Dixit
3043 3377 3223 3423 autem
3260 3368 3600 3440 Epiphanius

2018 3471 2179 3526 mago
2217 3474 2231 3509 :
2269 3454 2403 3511 Vide
2432 3458 2565 3526 quid
2604 3458 2812 3522 videas,
2843 3469 2895 3513 et
2925 3460 3055 3529 quid
3101 3460 3311 3525 audias,
3339 3472 3392 3516 et
3426 3472 3602 3517 atten-

2018 3549 2114 3603 des
2141 3548 2373 3603 veritati.
2402 3546 2481 3603 Ne
2508 3550 2645 3604 mihi
2679 3552 2928 3607 attendas
2958 3562 3218 3623 tanquam
3242 3569 3399 3624 mago
3429 3574 3443 3608 :
3479 3572 3600 3610 sum

2016 3640 2163 3695 enim
2194 3656 2383 3696 servus
2409 3641 2653 3696 cruciﬁxi
2693 3658 2707 3695 :
2752 3643 2996 3712 loquere,
3029 3653 3084 3698 et
3129 3646 3278 3709 audi,
3326 3647 3602 3715 quomodo

2017 3746 2140 3786 eras
2169 3732 2319 3802 prius
2353 3750 2366 3785 :
2406 3742 2525 3787 esto
2556 3733 2767 3788 amicus
2806 3734 3070 3791 veritatis.
3119 3734 3273 3791 Tunc
3318 3752 3510 3807 magus
3542 3752 3604 3792 se

2018 3824 2318 3887 excusavit,
2351 3824 2539 3879 dicens
2574 3840 2634 3880 se
2686 3840 2808 3880 esse
2840 3827 3052 3896 lapsum
3109 3828 3161 3882 in
3208 3828 3598 3899 Epiphanium.

2019 3913 2134 3968 Rex
2168 3924 2347 3968 autem
2373 3914 2541 3985 jussit
2568 3916 2635 3970 ad
2661 3932 2719 3971 se
2752 3933 2947 3976 aurum
2979 3918 3160 3973 aﬂerri
3198 3929 3250 3974 et
3290 3929 3598 3989 argentum,

2020 4005 2344 4075 margaritas
2395 4015 2449 4061 ct
2483 4022 2727 4078 gemmas
2780 4010 2835 4063 in
2880 4018 3175 4079 conspectu
3228 4010 3502 4077 omnium,
3548 4018 3603 4066 et

2018 4098 2148 4167 poni
2173 4098 2239 4152 ad
2269 4100 2436 4168 pedes
2471 4100 2780 4169 Epiphanii,
2816 4103 2864 4157 ei
2897 4103 3086 4157 dicens
3119 4121 3132 4154 :
3169 4103 3368 4171 Accipe
3398 4105 3534 4167 haec,
3564 4120 3601 4161 ο

2019 4187 2198 4253 Pater,
2245 4199 2300 4243 et
2338 4192 2440 4245 mei
2474 4194 2809 4246 memineris.
2864 4194 2960 4247 Cui
3019 4195 3159 4247 dixit
3212 4195 3597 4264 Epiphanius:

2018 4277 2129 4334 Nos
2159 4282 2339 4334 omnia
2387 4283 2811 4348 contemnimus,
2868 4292 2926 4337 ut
2957 4284 3239 4338 veritatem
3295 4295 3597 4343 teneamus.

2019 4370 2097 4427 Ne
2122 4373 2174 4426 in
2200 4374 2286 4427 his
2321 4374 2451 4426 mihi
2476 4374 2736 4429 exhibeas
2765 4375 3074 4429 molestiam
3108 4392 3120 4426 :
3171 4375 3599 4432 Chrisutsenim

331 4478 446 4512 των
477 4462 943 4533 καταφρονοῦμεν,
970 4464 1118 4527 ὅπως
1150 4463 1443 4535 κρατῶμεν
1472 4465 1571 4535 τῆς
1618 4466 1878 4537 ἀληθείας
1902 4483 1915 4498 ·

2023 4479 2110 4519 me
2135 4463 2320 4519 docuit
2343 4464 2428 4520 his
2464 4482 2570 4521 non
2601 4481 2779 4535 egere.
2816 4465 2940 4521 Haec
2977 4477 3069 4522 tua
3101 4468 3305 4539 accipe,
3346 4469 3513 4540 sepeli
3545 4471 3600 4525 in

338 4553 417 4621 μή
451 4569 541 4622 μοι
571 4553 771 4617 κόπους
827 4556 1033 4625 πάρεχε
1083 4555 1145 4607 ὲν
1188 4558 1300 4618 τοῖς
1329 4556 1557 4621 λοιποῖς.
1627 4558 1761 4629 Ἐμὲ
1808 4558 1918 4627 γὰρ

333 4641 574 4709 Χριστὸς
602 4642 836 4708 ἐδίδαξεν
870 4645 946 4715 μὴ
976 4645 1197 4716 χρῄζειν
1221 4643 1448 4701 τούτων.
1466 4648 1612 4703 Λάϐε
1636 4649 1700 4702 σὺ
1721 4650 1915 4716 ταῦτα,

334 4732 512 4802 θάψον
544 4736 602 4786 ἐν
634 4734 710 4805 σῷ
737 4736 994 4806 ταμιείῳ,
1026 4739 1119 4790 καὶ
1149 4738 1302 4791 ἔσται
1328 4756 1411 4792 σοι
1455 4739 1625 4812 νεκρά
1682 4742 1914 4795 ἀδιαλεί-

545 4826 720 4880 Μόνον
760 4830 1048 4900 προσέχεις
1087 4831 1180 4883 καὶ
1226 4832 1586 4902 περισπάσαι,
1650 4831 1726 4903 μὴ
1756 4832 1911 4887 δυνά-

338 4934 501 4987 μενος
551 4918 896 4991 ὠφεληθῆναι
922 4939 937 4953 ο
986 4920 1129 4992 ἔχεις
1162 4922 1362 4975 κακίαν
1414 4925 1473 4977 ὲν
1517 4925 1765 4996 λογισμῷ
1801 4944 1916 4991 σου,

333 5007 519 5077 ψυχάς
548 5009 793 5063 ἀπόλλων
818 5012 905 5064 διὰ
933 5010 1027 5064 τοῦ
1063 5011 1268 5082 χρυσοῦ
1300 5013 1393 5067 τοῦ
1437 5014 1683 5080 δοθέντος
1707 5035 1787 5070 σοι
1815 5018 1943 5085 ὑπὸ,

335 5099 569 5167 Κυρίου,
621 5100 709 5153 ἵνα
738 5102 981 5174 παρέχῃς
1030 5106 1146 5167 τοῖς
1173 5103 1468 5174 δεομένοις.
1505 5106 1658 5160 Γίνου
1711 5108 1920 5174 δίκαιος

334 5191 488 5261 παρά
505 5190 623 5261 Θεῷ
646 5191 755 5245 τῶν
780 5193 938 5254 ὅλων,
969 5196 1181 5266 μήποτε
1204 5194 1402 5268 κριθῇς
1428 5198 1485 5249 ὲν
1512 5198 1801 5272 καταδίκῃ.
1824 5199 1921 5253 καὶ

332 5281 435 5353 ἔσῃ
469 5283 870 5355 φρουρούμενος
898 5287 955 5339 ὲν
978 5287 1233 5360 ὲξωτέρῳ
1258 5288 1470 5342 σκότεισ
1504 5292 1597 5342 καὶ
1629 5291 1749 5344 τότε
1785 5310 1918 5364 μνη-

334 5373 471 5443 σθῇς
500 5372 611 5427 τῶν
644 5374 793 5444 ἐμῶν
818 5375 1010 5445 λόγων.
1067 5378 1205 5431 Ἀλλ’
1233 5377 1357 5450 άρτι
1402 5377 1551 5444 δέξαι
1604 5381 1727 5443 τοὺς
1755 5381 1923 5450 ἐμοὺς

330 5465 552 5532 λόγους,
575 5466 669 5519 καὶ
697 5467 819 5520 τότε
845 5467 943 5540 ἔσῃ
970 5469 1426 5541 εὐφραινόμενος·
1460 5469 1534 5541 μὴ
1586 5470 1777 5542 χρείαν
1831 5471 1919 5541 ἔχε

332 5557 433 5610 τοῦ
464 5558 670 5628 κόσμου
703 5559 915 5622 τούτου,
944 5562 1037 5614 καὶ
1067 5562 1176 5624 πᾶς
1208 5562 1235 5615 ὁ
1274 5560 1477 5632 κόσμος
1517 5562 1921 5633 ὑποταγήσεταί

339 5665 445 5702 σπι.
475 5650 588 5702 Καὶ
625 5649 859 5723 πρόσεχε
911 5652 1105 5721 μάγοις
1140 5653 1540 5717 ἅκαταστάτοις
1568 5692 1584 5716 ,
1640 5652 1922 5707 άπατῶσὶν

338 5755 399 5791 σε
429 5740 579 5811 νόμῳ
602 5739 881 5795 σκοτώδει.
906 5742 1046 5813 ’Ὥρα
1068 5742 1304 5814 ἔφθασεν
1322 5744 1355 5814 ἡ
1373 5742 1467 5797 τοῦ
1492 5744 1735 5816 ἀρίστου.
1762 5745 1919 5799 Βαῖνε

658 5834 930 5898 Parnm“
978 5835 1093 5897 Gn.
1143 5837 1309 5901 ΧΗ.

2020 4561 2167 4624 aula,
2201 4570 2254 4615 et
2282 4570 2445 4614 erunt
2479 4571 2695 4615 mortua
2735 4570 3023 4631 perpetuo.
3076 4560 3159 4617 Tu
3194 4562 3262 4618 iis
3307 4564 3485 4619 solum
3516 4573 3599 4619 at-

2020 4653 2200 4708 tendis
2233 4663 2287 4709 et
2339 4653 2682 4718 distraheris,
2739 4669 2863 4709 cum
2898 4655 3078 4724 juvari
3116 4669 3378 4724 nequeas.
3422 4653 3602 4711 Habes

2018 4743 2209 4797 vitium
2266 4744 2321 4799 in
2371 4755 2461 4798 tua
2510 4746 2862 4816 cogitatione,
2903 4756 2961 4801 ut
3007 4747 3100 4815 qui
3129 4747 3326 4816 perdas
3357 4749 3598 4803 animam

2019 4849 2116 4902 per
2140 4848 2335 4888 aurum
2388 4834 2484 4888 tibi
2537 4835 2724 4889 datum
2770 4850 2802 4890 a
2836 4834 3092 4901 Domino,
3143 4846 3203 4891 ut
3256 4838 3307 4892 id
3354 4842 3599 4907 praebeas

2018 4923 2324 4992 egentibus.
2389 4923 2521 4979 Esto
2553 4925 2738 4995 justus
2782 4927 2926 4996 apud
2969 4925 3138 4981 Deum
3193 4928 3596 4992 universorum,

2020 5027 2089 5066 ne
2122 5010 2262 5066 forte
2283 5012 2550 5081 judiceris
2578 5015 2630 5067 in
2668 5014 3157 5080 condemnatione,
3189 5023 3241 5069 et
3271 5004 3600 5071 custodiaris

2020 5103 2074 5157 in
2111 5104 2355 5159 tenebris
2378 5105 2763 5169 exterioribus,
2797 5113 2851 5161 et
2883 5114 3015 5161 tunc
3040 5120 3284 5161 meorum
3309 5104 3596 5159 verborum

2020 5195 2343 5249 recorderis.
2373 5194 2479 5249 Sed
2519 5211 2640 5265 quae
2668 5197 2791 5253 dico
2822 5198 3007 5261 modo,
3034 5198 3239 5266 accipe,
3264 5205 3319 5250 et
3350 5204 3480 5251 tunc
3507 5197 3601 5250 Iza-

2020 5284 2243 5339 taberis.
2292 5283 2372 5340 Ne
2409 5287 2613 5342 habeas
2637 5303 2776 5358 opus
2811 5289 2915 5343 hoc
2937 5288 3142 5342 mundo
3167 5296 3221 5342 et
3253 5296 3402 5344 totus
3435 5303 3598 5343 mun-

2021 5377 2124 5432 dus
2157 5377 2254 5433 tibi
2283 5379 2630 5449 subjicietur.
2664 5378 2783 5434 Noli
2836 5380 3116 5435 attendere
3179 5381 3358 5453 magis
3407 5380 3601 5436 incon-

2022 5468 2322 5533 stantibus,
2359 5470 2452 5538 qui
2485 5470 2828 5526 tenebricosa
2861 5479 2910 5525 te
2959 5471 3074 5543 lege
3103 5472 3400 5543 decipiunt.
3440 5470 3601 5526 Venit

2023 5558 2156 5614 hora
2192 5561 2440 5629 prandii,
2498 5564 2633 5617 vade
2685 5562 2942 5618 alacriter
2981 5564 3049 5619 ad
3113 5580 3381 5621 mensam.
3430 5562 3596 5618 Multa

2023 5652 2166 5704 enim
2203 5652 2364 5707 verba
2411 5652 2764 5717 scminarcm,
2821 5656 2916 5710 sed
2968 5671 3076 5710 non
3112 5671 3172 5711 es
3201 5656 3365 5711 ullius
3401 5654 3596 5708 horum

2022 5741 2314 5813 particeps.
2344 5745 2470 5806 Scio
2519 5744 2663 5799 enim
2709 5754 2857 5800 tuam
2913 5746 3297 5819 cogitationem
3349 5760 3378 5801 a
3410 5758 3597 5802 mensa

3197 5844 3239 5902 2
