4058 6480
473 335 546 390 ιε
1222 302 1231 310 ’
1781 330 1837 385 s.
1877 327 2217 384 EPlPllANll
2256 326 2438 383 vm.
3653 333 3730 394 ιι.

472 463 582 504 non
610 446 894 502 absistere.
920 443 1179 508 Comede,
1221 443 1499 499 moderate
1560 441 1745 497 fruere
1788 442 1996 498 deliciis
2033 458 2043 494 :

2153 441 2447 511 προθύμως
2502 443 2594 496 ἐπὶ
2632 440 2931 514 τραπέζης.
2993 442 3227 505 Πολλοὺς
3258 443 3365 515 γάρ
3418 442 3604 513 λόγους
3654 448 3731 501 ἂν

469 553 532 594 es
562 539 707 593 enim
735 538 929 592 horum
960 536 1203 590 omnium
1237 535 1544 590 redditurus
1575 535 1864 589 rationem.

2149 532 2503 602 κατέσπειρα,
2555 532 2669 585 ἀλλ’
2704 532 2764 585 ού
2817 531 3066 602 μετέχεις
3115 528 3219 586 an"
3243 532 3459 597 οὐδενὸς
3501 534 3733 587 τούτων.

482 628 627 697 Ἐγὼ
659 629 765 700 γὰρ
794 626 909 681 οἶδα
944 627 1036 681 τὸν
1062 626 1319 697 λογισμόν
1350 642 1464 691 σου,
1506 626 1587 679 ὅτι
1625 614 1901 697 τραπέζης
1942 626 2042 679 οὐκ
2078 624 2392 693 ἀφίστασαι.
2417 623 2582 691 Φάγε,
2620 622 2894 694 τρύφησον
2941 623 3001 677 ἐν
3040 623 3406 679 καταστάσει·
3437 624 3592 691 λόγον
3615 626 3729 698 γὰρ
3786 606 3799 625 ’

475 724 602 793 ποιῇ
634 721 888 775 ἁπάντων
917 718 1159 795 τούτων.

542 810 706 869 XVII.
780 811 893 865 Rex
935 818 1113 864 autem
1159 809 1296 863 dixit
1342 808 1690 879 Epiphanio:
1746 810 2042 876 Adesdum,

472 901 650 967 Pater,
687 901 850 956 simul
874 899 1278 965 eonsideamus,
1318 908 1369 955 et
1408 900 1561 955 cibos
1593 900 1963 955 comedamus.
1996 901 2047 958 ls

469 1006 601 1045 vero
627 991 763 1045 dixit
796 988 896 1060 ipsi
934 1008 947 1044 :
983 988 1147 1054 Vade,
1189 989 1317 1044 sede
1344 989 1398 1045 in
1438 1004 1646 1051 mensa,
1676 990 1898 1054 comede
1924 1004 2046 1045 om-

471 1081 562 1133 nia
598 1096 741 1150 quaa-
765 1079 930 1135 soles.
966 1077 1199 1135 Tantum
1244 1087 1297 1134 te
1357 1079 1577 1134 contine
1613 1079 1682 1134 ab
1728 1080 2047 1157 immodera-

470 1171 636 1226 tione.
673 1169 806 1224 Nam
842 1170 975 1224 mihi
1014 1170 1169 1238 panis
1206 1168 1575 1234 farfuraceus,
1609 1179 1663 1224 et
1693 1185 1885 1240 parum
1915 1170 2046 1226 salis

468 1269 688 1329 propter
736 1260 945 1321 reditus
978 1259 1292 1314 facilitatem
1351 1260 1613 1330 praebebit
1660 1261 1712 1315 id
1773 1261 1919 1331 quod
1964 1270 2048 1316 est

467 1351 591 1406 usui
633 1351 980 1419 corpusculo.
1040 1348 1168 1406 Haec
1229 1358 1411 1405 autem
1466 1365 1591 1406 cum
1644 1350 1872 1406 dixisset
1934 1350 2043 1420 regi

467 1440 825 1511 Epiphanius,
858 1441 1066 1496 dimisit
1106 1458 1200 1496 rex
1238 1457 1428 1498 omnes
1459 1457 1522 1496 ex
1553 1442 1700 1509 aula,
1726 1452 1778 1496 et
1801 1457 1899 1497 nos
1921 1441 2045 1511 jus-

468 1532 540 1587 sit
566 1531 774 1601 ingredi
804 1532 857 1586 in
892 1533 1225 1588 cubiculum.
1259 1533 1399 1591 Misit
1426 1548 1553 1587 vero
1586 1533 1652 1587 ad
1677 1547 1777 1587 nos
1804 1532 1859 1586 in
1886 1547 2042 1587 men-

2223 806 2319 859 IZ'.
2352 799 2517 857 Εἷπεν
2544 803 2599 856 δὲ
2634 804 2661 855 6
2693 802 2945 872 βασιλεὺς
2972 802 3110 872 πρὸς
3153 802 3464 870 Ἐπιφάνιον
3485 820 3497 832 ·
3534 801 3733 874 Δεῦρο,

2152 898 2363 967 Πάτερ,
2415 893 2914 965 συγκαθεσθῶμεν,
2943 894 3051 949 τῶν
3099 894 3373 965 ἐδωδίμων
3419 895 3728 966 φαγόμεθα.

2150 980 2314 1041 Εἶπεν
2340 986 2397 1040 δὲ
2437 985 2750 1056 Ἐπιφάνιος
2779 985 2915 1056 πρὸς
2939 983 3030 1037 τὸν
3064 984 3309 1056 βασιλέα”
3343 987 3555 1055 Βάδιξε,
3587 988 3727 1043 κάθο

2149 1092 2212 1130 ου
2256 1076 2347 1128 ἐπὶ
2376 1075 2687 1146 τραπέζης,
2735 1072 2879 1127 εσθιε
2918 1073 3094 1128 πάντα
3130 1077 3187 1127 ἐν
3232 1076 3527 1148 συνηθείᾳο
3564 1078 3729 1149 μόνον

2157 1168 2326 1236 ἄπεχε
2359 1166 2458 1237 τῆς
2495 1165 2742 1232 ἀταξίας.
2786 1166 2940 1236 Ἐμοὶ
2970 1166 3078 1236 γάρ
3107 1166 3270 1238 ἄρτος
3316 1167 3426 1220 ἀπὸ
3457 1165 3727 1238 πιτύρων,

2151 1254 2245 1308 καὶ
2289 1254 2421 1317 ἃλας
2465 1253 2658 1325 μικρὸν
2692 1254 2760 1308 δι’
2808 1253 3087 1307 εὖνοστίαν
3129 1253 3351 1326 παρέξει
3391 1254 3488 1326 τὴν
3533 1256 3727 1327 χρείαν

2150 1343 2243 1396 τοῦ
2286 1342 2556 1413 σώματος.
2589 1342 2776 1397 Ταῦτα
2818 1342 2875 1397 δέ
2916 1342 3086 1397 είπὼν
3131 1344 3443 1414 Ἐπιφάνιος
3467 1346 3603 1417 πρὸς
3631 1346 3728 1399 τὸν

2150 1433 2374 1504 βασιλέα
2396 1474 2411 1499 ,
2446 1435 2711 1489 ἀπέλυσεν
2755 1433 2998 1500 ἅπαντας
3027 1435 3055 1487 ὁ
3096 1434 3348 1504 βασιλεὺς
3391 1437 3455 1488 ἐκ
3496 1436 3590 1490 τοῦ
3623 1453 3725 1493 τα-

2152 1527 2326 1601 μείου·
2363 1527 2456 1581 καὶ
2491 1527 2639 1598 ἡμᾶς
2666 1525 2951 1580 ἐκέλευσεν
2996 1526 3254 1579 εἰσελθεῖν
3285 1528 3342 1580 ἐν
3385 1526 3462 1599 τῷ
3494 1527 3724 1581 κουΰου-

461 1628 586 1698 lsam
619 1615 832 1671 diversa
866 1616 1115 1672 ciborum
1145 1633 1364 1688 genera.
1400 1617 1697 1673 Arersatus
1741 1628 1823 1673 est
1862 1627 2042 1671 autem

2147 1620 2312 1690 κλίῳ·
2366 1618 2458 1671 καὶ
2504 1617 2822 1670 ἀπέστειλεν
2872 1619 3005 1687 ἡμῖν
3050 1616 3284 1690 διάφορα
3327 1617 3597 1688 ἐδέσματα
3628 1619 3727 1672 ἐπὶ

469 1705 652 1761 omnia
689 1704 1043 1779 Epiphanius,
1085 1708 1261 1763 solum
1309 1723 1503 1778 panem
1548 1708 1706 1762 nobis
1750 1708 1996 1762 retinens
2031 1726 2043 1760 :

466 1811 578 1865 quo
613 1796 720 1862 usi,
769 1798 952 1853 satiati
1000 1813 1213 1861 sumus,
1261 1801 1462 1877 gratias
1495 1808 1716 1869 agentes
1768 1798 1878 1853 Deo
1933 1799 2048 1852 uni-

469 1902 774 1945 versorum.
802 1886 1076 1944 Postridie
1103 1898 1282 1944 autem
1314 1890 1611 1958 imperator
1648 1891 1893 1945 accersiit
1925 1889 2047 1957 Epi-

470 1977 729 2048 phanium
760 1994 773 2031 :
807 1979 900 2050 qui
933 1980 1180 2034 modeste
1221 1989 1273 2033 et
1299 1981 1602 2049 composite
1632 1978 1907 2042 incedens,
1954 1994 2045 2032 ve-

467 2070 549 2124 nit
580 2070 647 2123 ad
679 2085 879 2140 regem.
912 2069 1031 2139 Ipse
1061 2079 1242 2129 autem
1269 2086 1361 2124 rex
1392 2071 1458 2124 de
1490 2070 1618 2125 sede
1641 2083 1893 2138 surgens,
1931 2084 2047 2123 sce-

469 2167 648 2229 ptrum
689 2158 841 2226 ponit
874 2158 927 2212 in
970 2168 1135 2215 terra.
1175 2157 1514 2229 Epiphanius
1542 2173 1671 2213 vero
1706 2158 1843 2213 dixit
1889 2159 2043 2229 regi:

475 2247 674 2316 Accipe
698 2247 848 2316 regni
877 2247 1216 2317 dignitatem,
1251 2256 1305 2302 et
1335 2247 1411 2302 sis
1444 2256 1599 2317 grato
1634 2247 1686 2301 in
1725 2246 1893 2302 Deum
1933 2250 2050 2303 ani-

467 2352 577 2391 mo.
614 2336 727 2391 Rex
768 2337 945 2392 dixit:
984 2336 1139 2391 Mane
1169 2338 1259 2393 hic
1290 2338 1601 2403 nobiseum,
1637 2349 1810 2407 pater,
1842 2348 1895 2392 et
1930 2354 2049 2393 ser-

465 2428 605 2481 vabo
655 2434 870 2481 vestros
913 2441 1215 2480 sermones.
1264 2424 1600 2495 Epiphanius
1656 2435 1837 2481 autem
1890 2427 2046 2497 regi:

465 2516 524 2572 Si
560 2531 732 2580 meos,
779 2531 811 2571 o
843 2532 957 2581 rex,
1011 2531 1294 2571 sermones
1339 2517 1668 2583 servaveris,
1724 2519 1821 2577 tui.
1856 2521 2049 2574 memi-

471 2624 603 2664 nero
642 2609 950 2678 ubicunque
980 2608 1153 2664 fuero.
1178 2607 1479 2665 Mansimus
1505 2618 1684 2665 autem
1712 2610 1899 2666 decem
1935 2612 2051 2667 dies

469 2692 525 2752 in
553 2698 675 2752 aula
711 2699 878 2769 regis.
932 2697 1145 2764 Quibus
1199 2698 1418 2769 elapsis,
1455 2699 1568 2769 regi
1619 2699 1758 2754 dixit
1807 2698 2051 2770 Epipha~

466 2786 592 2841 nius
640 2804 654 2841 :
715 2786 893 2840 Cursu
920 2802 1136 2841 curram
1195 2787 1250 2841 in
1313 2802 1487 2842 meam
1549 2790 1801 2858 patriam.
1858 2789 2051 2856 Quaero

465 2874 611 2928 enim
633 2888 846 2938 omnes,
888 2876 982 2946 qui
1014 2876 1126 2931 illic
1148 2886 1295 2931 sunt.
1324 2875 1405 2930 Tu
1439 2878 1567 2932 sede
1613 2878 1665 2931 in
1697 2879 1897 2934 throno
1934 2888 2047 2943 tuo,

2147 1708 2446 1782 τραπέζης.
2488 1707 2853 1779 Ἀπέστρεψεν
2896 1707 2953 1760 δὲ
2997 1707 3211 1761 ἅπαντα
3250 1708 3584 1777 Ἑπιφάνιος,
3625 1708 3727 1762 ἕνα

2147 1800 2310 1870 άρτον
2344 1799 2504 1871 μόνον
2543 1800 2822 1871 κρατήσας
2862 1800 3014 1869 ἡμῖν.
3057 1791 3128 1869 ’ᾩ
3156 1799 3492 1871 χρησάμενοι
3532 1799 3714 1870 ἐκορέ-

2150 1891 2388 1960 σθημεν,
2430 1889 2879 1962 εὐχαριστοῦντες
2918 1889 2999 1959 τῷ
3046 1888 3165 1960 Θεῷ
3203 1888 3311 1942 τῶν
3349 1889 3505 1943 ὅλων.
3548 1890 3590 1942 Τ
3593 1893 3626 1961 ᾗ
3665 1889 3723 1944 δέ

2148 1982 2408 2053 ἐπαύριον
2439 1980 2755 2051 μετέστελλε
2787 1984 2815 2034 6
2845 1980 3095 2051 βασιλεὺς
3130 1978 3217 2033 τὸν
3250 1980 3582 2047 Ἐπιφάνιον.
3609 1979 3722 2033 Τοῦ

2150 2073 2207 2126 δὲ
2236 2072 2588 2144 ἐμϐαίνοντος
2619 2074 2678 2126 ἐν
2713 2063 3074 2135 καταστάσει,
3103 2070 3337 2140 ἔφθασεν
3375 2069 3598 2139 ἔγγιστα
3623 2071 3722 2124 τοῦ

2150 2162 2432 2233 βασιλέως
2470 2160 2631 2225 αὐτὸς
2671 2161 2726 2215 δέ
2768 2162 3004 2224 ἀναστὰς
3031 2160 3139 2214 ἀπὸ
3172 2159 3267 2213 τοῦ
3298 2159 3507 2233 θρόνου,
3539 2160 3725 2231 τίθησι

2147 2252 2209 2307 τὸ
2240 2252 2507 2323 βασίλειον
2541 2253 2632 2305 ἐπὶ
2660 2252 2758 2322 τὴν
2789 2252 2913 2322 γῆν.
2945 2248 3111 2305 Εἶπεν
3153 2250 3209 2305 δὲ
3245 2252 3558 2320 Ἐπιφάνιος
3586 2251 3725 2319 πρὸς

2148 2344 2239 2399 τὸν
2296 2345 2548 2417 βασιλέα⁸
2599 2344 2744 2398 Λάῆε
2795 2344 2855 2397 τὺ
2900 2343 3116 2414 ἀξίωμα
3156 2342 3259 2413 τῆς
3293 2342 3595 2413 βασιλείας·
3630 2344 3720 2395 καὶ

2151 2435 2238 2507 ἔχε
2296 2436 2432 2507 πρὸς
2477 2437 2608 2489 Θεὸν
2649 2434 3084 2505 εὐγνωμοσύνην.
3118 2430 3283 2487 Εἶπεν
3312 2435 3369 2486 δέ
3399 2436 3427 2486 6
3473 2432 3721 2503 βασιλεὺς

2151 2525 2286 2596 πρὸς
2348 2526 2658 2595 Ἐπιφάνιον
2680 2541 2692 2555 ·
2739 2525 2883 2579 Μένε
2933 2524 3051 2595 μεθ’
3086 2524 3241 2595 ήμῶν
3269 2524 3475 2586 ἐνθάδε,
3509 2524 3713 2594 Πάτερ,

2151 2617 2245 2670 καὶ
2293 2616 2485 2688 ἔσομαι
2532 2615 2748 2689 κρατῶν
2792 2617 2917 2679 τοὺς
2958 2615 3254 2686 ὑμετέρους
3302 2615 3514 2683 λόγους.
3556 2611 3723 2667 Εἶπεν

2149 2707 2207 2760 δὲ
2264 2708 2575 2779 Ἐπιφάνιος
2626 2708 2761 2780 πρὸς
2810 2708 2900 2760 τὸν
2951 2707 3194 2777 βασιλέα·
3258 2707 3380 2760 Ἐάν
3438 2709 3727 2780 κρατήσῃς

2150 2798 2276 2860 τοὺς
2317 2800 2483 2867 ἐμοὺς
2520 2798 2739 2867 λόγους,
2772 2798 3127 2869 μνημονεύσω
3155 2816 3247 2851 σου
3283 2800 3416 2852 ὅπου
3448 2799 3543 2852 ἐάν
3581 2801 3718 2869 ειμι.

2165 2888 2527 2959 Ἐποίησαμεν
2565 2890 2621 2943 δέ
2668 2889 2698 2943 ι’
2727 2891 2938 2960 ἡμέρας
2975 2891 3032 2942 ἐν
3052 2890 3139 2960 ,τῷ
3167 2890 3400 2961 ταμιείῳ
3426 2890 3521 2942 τοῦ
3564 2890 3720 2961 βασι-

467 2964 602 3018 nihil
628 2966 873 3023 excitans
906 2966 1168 3022 adversus
1192 2965 1493 3033 Romanos.
1535 2965 1591 3021 Si
1634 2955 1781 3022 enim
1814 2969 1892 3024 sis
1933 2968 2038 3023 ini-

2146 2976 2300 3042 λέως.
2337 2955 2504 3030 Εἶπεν
2550 2977 2608 3030 δέ
2651 2955 2966 3046 Ἐπιφάνιος
3002 2955 3136 3050 πρὸς
3176 2955 3267 3032 τὸν
3311 2955 3722 3052 βασιλέαίΔραο

466 3056 644 3120 micus
675 3055 959 3121 Romanis,
997 3056 1108 3111 eris
1158 3057 1412 3112 inimicus
1471 3057 1753 3113 erucitixo.
1797 3056 1952 3125 Quod
1992 3061 2038 3114 si
2087 3076 2093 3081 ο

466 3144 635 3201 fueris
663 3145 919 3202 inimicus
958 3146 1227 3212 cruciﬁxi,
1259 3146 1399 3202 male
1427 3147 1629 3216 peribis
1663 3162 1692 3201 a
1724 3149 1831 3204 tuis
1857 3148 2042 3203 adver-

464 3240 648 3309 sariis.
677 3239 802 3296 ch
826 3256 946 3297 cum
993 3241 1106 3310 regi
1132 3241 1359 3298 dixisset
1391 3240 1751 3314 Epiphanius,
1785 3244 1897 3299 ibat
1946 3259 2037 3299 rex

464 3344 587 3394 cum
619 3345 719 3385 sua
743 3338 983 3397 caterva,
1034 3345 1134 3387 nos
1162 3331 1374 3401 primus
1402 3332 1676 3388 deducens
1711 3334 1764 3388 in
1797 3342 2041 3389 nostram

462 3420 765 3490 regionem.
1058 3455 1070 3469 ι
1362 3426 1365 3427 ⁷

2149 3066 2357 3141 μοῦμαι
2405 3068 2495 3120 ἐπὶ
2537 3068 2675 3140 ἐμὴν
2711 3070 2963 3141 πατρίδα.
3004 3069 3159 3140 Ζητῶ
3210 3070 3314 3141 γὰρ
3360 3071 3568 3134 πάντας
3595 3072 3721 3134 τοὺς

2148 3162 2265 3213 ἐκεῖ
2304 3159 2482 3222 ὄντας.
2537 3161 2631 3213 καὶ
2676 3161 2769 3214 ἔσο
2815 3160 3121 3233 καθήμενος
3162 3161 3255 3214 ἐπὶ
3290 3161 3367 3231 τῷ
3412 3161 3606 3233 θρόνῳ,
3645 3162 3720 3233 μὴ

2150 3249 2566 3320 ἐπεγειρόμενος
2611 3250 2752 3303 κατὰ
2792 3248 3096 3320 Ῥωμαίων.
3140 3247 3265 3302 Ἐὰν
3293 3250 3402 3319 γὰρ
3433 3249 3720 3322 ἐχθραίνῃς

2149 3341 2261 3402 τοῖς
2315 3340 2636 3409 Ῥωμαίοις,
2683 3340 2781 3414 ἔσῃ
2823 3339 3118 3411 ἐχθραίνων
3167 3340 3243 3410 τῷ
3301 3340 3717 3414 ἐσταυρωμένῳ’

2149 3429 2243 3482 ἐὰν
2276 3430 2385 3502 γὰρ
2429 3429 2490 3501 [ί.
2532 3430 2625 3485 ἐὰν
2652 3430 2729 3502 δὲ]
2761 3433 2891 3502 γένῃ
2923 3430 3116 3502 ἐχθρὸς
3157 3431 3251 3485 τοῦ
3289 3430 3717 3502 σταυρωθέντος,

462 3514 674 3586 τακήσῃ
704 3514 890 3576 κακῶς
934 3513 1039 3567 ὑπὸ
1072 3513 1179 3568 τῶν
1212 3514 1516 3569 ἀντιδίκων.
1589 3515 1774 3569 Ταῦτα
1817 3516 1874 3570 δέ
1944 3519 2113 3572 εἰπὼν
2164 3522 2475 3590 Ἐπιφάνιος
2524 3522 2658 3595 πρὸς
2697 3522 2787 3574 τὸν
2828 3522 3069 3592 βασιλέα,
3112 3523 3396 3577 ἐπέϐαινεν
3435 3523 3649 3593 πρῶτος
3689 3526 3720 3576 6

465 3604 717 3674 βασιλεὺς
753 3604 889 3681 μετὰ
922 3604 1012 3657 τοῦ
1041 3605 1260 3674 στίφους
1294 3603 1490 3668 αὐτοῦ,
1517 3605 1859 3677 προπέμπων
1885 3607 2033 3676 ἡμᾶς
2071 3609 2163 3662 ἐπὶ
2196 3609 2294 3680 τὴν
2324 3609 2527 3682 χώραν.

534 3692 723 3748 XVlll.
798 3694 937 3749 Cum
987 3694 1193 3767 egressi
1249 3704 1429 3752 autem
1484 3711 1731 3753 essemus
1777 3713 1844 3751 ex
1896 3699 2044 3763 aula,

464 3800 592 3843 ecce
627 3796 745 3840 erat
773 3785 1091 3841 adolescens
1136 3796 1388 3857 mortuus
1419 3786 1473 3841 in
1513 3786 1761 3858 grabato,
1795 3788 1891 3858 qui
1926 3798 2046 3845 erat

463 3876 611 3937 lilius
641 3876 807 3931 unius
854 3891 929 3931 ex
963 3876 1303 3946 proceribus.
1344 3877 1481 3931 Eum
1529 3892 1660 3933 vero
1692 3876 1939 3937 ferebant
1974 3882 2043 3936 ad

465 3983 652 4033 canes,
687 3977 746 4023 ut
780 3968 1112 4041 projicerent
1139 3968 1499 4025 exedendum.
1534 3968 1681 4024 Dixit
1705 3981 1885 4027 autem
1914 3971 2037 4042 Epi-

464 4060 701 4131 phanius
728 4060 794 4115 iis
821 4061 910 4131 qui
939 4058 1184 4115 ferebant
1213 4070 1489 4115 mortuum
1518 4060 1676 4128 :Quo
1703 4063 1791 4119 itis
1819 4064 1883 4118 ad
1917 4080 2042 4119 eum

466 4150 877 4223 sepeliendum?
917 4151 1119 4207 Dicunt
1160 4151 1511 4222 Epiphanio:
1553 4153 1658 4221 Qui
1688 4156 1799 4211 vita
1852 4171 2044 4215 exeas»

465 4243 557 4309 sit,
588 4242 870 4298 vorabitur
900 4259 930 4297 a
965 4244 1214 4299 canibus.
1245 4242 1585 4316 Epiphanius
1620 4256 1805 4302 autem
1851 4259 2044 4303 tenens

466 4334 772 4409 grabatum,
804 4334 941 4388 dixit
961 4334 1042 4390 eis
1069 4353 1082 4388 :
1109 4332 1154 4388 Ο
1184 4334 1276 4387 lilii
1303 4373 1317 4399 ,
1348 4334 1501 4388 humi
1530 4335 1807 4405 deponite.
1841 4335 2040 4391 Videa-

2165 3766 2173 3774 ρ
2219 3700 2325 3756 IH'.
2376 3700 2562 3772 Ἡμῶν
2590 3699 2645 3752 δὲ
2690 3698 3012 3766 ἐξελθόντων
3056 3701 3121 3754 ἐκ
3158 3700 3252 3753 τοῦ
3285 3701 3563 3770 ταμιείου,
3607 3701 3719 3759 ίδοίι

2145 3791 2422 3855 νεανίσκος
2452 3790 2725 3861 τεθνηκὼς
2766 3787 2835 3861 ἦν
2877 3791 2970 3843 ἐπὶ
3010 3790 3105 3845 τοῦ
3140 3791 3432 3863 κραὸἀτου,
3468 3792 3584 3857 υἱὸς
3616 3793 3718 3846 ὑπο

2146 3882 2328 3953 ἅρχων
2356 3882 2474 3946 ἐνὸς
2513 3882 2620 3934 τῶν
2671 3881 3028 3953 μεγιστάνων.
3077 3880 3279 3935 Τοῦτον
3318 3883 3591 3956 ἀπέφερον
3623 3884 3721 3939 ἐπὶ

2146 3974 2270 4036 τοὺς
2299 3972 2656 4044 ὰστροκύνας,
2688 3973 2833 4035 ὅπως
2865 3973 3092 4043 ρίψωσιν
3124 3974 3215 4026 ἐπὶ
3238 3976 3305 4044 τῇ
3347 3973 3716 4045 κατασρώσει.

2159 4064 2217 4114 '0
2251 4064 2306 4115 δὲ
2352 4063 2662 4132 Ἐπιφάνιος
2703 4065 2814 4126 τοῖς
2844 4064 2919 4135 (a)
2945 4063 3037 4116 τοῦ
3065 4063 3341 4135 κραϐάτου
3379 4064 3561 4134 ἔλεγεν
3595 4068 3713 4136 μετ’

2146 4154 2451 4225 εὐμενείας·
2499 4152 2812 4216 Ἀπόθεσθε,
2844 4153 3031 4217 τέκνα,
3063 4153 3156 4206 ἐπὶ
3196 4154 3292 4225 τὴν
3329 4156 3446 4223 γῆν.
3486 4156 3713 4225 ’Ἱδωμεν

2144 4249 2237 4301 καὶ
2278 4249 2438 4318 ἡμεῖς
2483 4247 2573 4301 τὸν
2615 4245 2902 4301 τεθνεῶτα.
2942 4240 3106 4310 Οὗτος
3138 4246 3195 4299 δέ
3228 4248 3256 4299 6
3297 4250 3424 4310 παῖς
3467 4248 3570 4301 ὑπὸ
3606 4265 3712 4319 μαο

2142 4336 2296 4403 γείας
2337 4334 2525 4388 ἔθανεν
2569 4336 2754 4401 κακῶς
2784 4336 2888 4390 ὑπὸ
2914 4335 3242 4407 κακούργου.
3286 4337 3444 4400 Ἐθος
3473 4337 3529 4390 δέ
3565 4339 3713 4391 ἐστιν

464 4442 589 4481 mus
631 4439 731 4479 nos
762 4439 979 4495 quoque
1008 4433 1305 4479 mortuum.
1341 4423 1441 4481 Hic
1470 4440 1600 4480 vero
1633 4442 1769 4496 puer
1807 4435 2033 4487 necatus

2146 4426 2269 4497 περὶ
2310 4427 2435 4489 τοὺς
2478 4426 2722 4498 Πέρσας,
2771 4431 2898 4490 τοὺς
2940 4427 3365 4497 τελευτήσαντας
3413 4427 3710 4499 βρωθῆναιο

465 4516 646 4572 fuerat
667 4524 783 4577 arte
814 4516 1022 4591 magica
1054 4531 1086 4571 a
1119 4518 1357 4585 quodam
1393 4515 1662 4572 maleﬁco.
1692 4516 1809 4572 Mos
1839 4527 1922 4583 est
1942 4534 2041 4577 au-

465 4621 572 4667 tem
598 4610 739 4678 apud
761 4608 979 4673 Persas,
1010 4618 1069 4667 ut
1098 4609 1191 4680 qui
1228 4616 1355 4665 sunt
1384 4610 1611 4675 mortui,
1650 4610 1979 4664 devorentur
2006 4624 2037 4663 a

466 4704 714 4759 canibus.
741 4701 879 4757 Cum
911 4701 945 4755 ii
982 4715 1113 4772 ergo
1146 4701 1397 4770 protinus
1426 4700 1709 4773 grabatum
1751 4701 2036 4770 deposuis-

464 4802 606 4861 sent,
635 4793 746 4862 regi
776 4792 913 4847 dixit
942 4790 1274 4861 Epiphanius
1309 4809 1323 4847 :
1352 4790 1396 4847 Ο
1430 4806 1544 4856 rex,
1588 4791 1681 4862 qui
1732 4791 1878 4861 regis
1917 4806 2037 4849 ma-

463 4886 547 4942 los
587 4895 638 4941 et
663 4884 878 4954 iniquos
907 4882 1180 4949 homines.
1213 4883 1500 4953 oportebat
1540 4885 1703 4947 hunc,
1745 4883 1836 4953 qui
1866 4898 1896 4937 e
1926 4883 2036 4936 vita

463 4977 716 5045 excessit,
763 4976 818 5043 in
855 4983 998 5045 terra
1036 4975 1271 5045 sepeliri,
1310 4984 1367 5033 ut
1394 4975 1487 5047 qui
1517 4975 1734 5030 coalitus
1779 4975 1905 5030 tuba
1940 4990 2033 5032 ca-

464 5079 576 5135 net,
618 5084 742 5133 eum
776 5068 902 5123 hinc
951 5067 1120 5138 possit
1151 5069 1437 5140 traducere
1476 5068 1543 5122 ad
1586 5067 1765 5136 ipsum
1800 5065 2036 5123 adoran-

464 5161 613 5224 dum.
645 5160 717 5227 Es
753 5170 939 5217 autem
969 5174 1059 5225 rex
1092 5159 1233 5221 adeo.
1259 5158 1630 5228 improborum
1661 5166 1715 5210 et
1745 5156 2035 5213 scelerato-

468 5266 586 5307 rum
636 5251 942 5318 hominum,
1004 5259 1066 5306 ut
1109 5250 1194 5305 vel
1224 5261 1348 5304 autc
1393 5260 1607 5319 tempus
1655 5248 1756 5317 sibi
1803 5260 2033 5309 mortem

466 5339 714 5396 silet-ant.
763 5342 882 5408 Hic,
919 5358 1082 5412 quem
1117 5342 1269 5401 vides
1319 5351 1615 5404 mortuum,
1650 5342 1756 5395 vita
1805 5343 2036 5403 excessit

468 5437 691 5483 necatus
718 5446 747 5483 a
781 5433 1047 5488 malefico.
1081 5432 1186 5486 Sed
1222 5433 1363 5486 Deus
1399 5427 1573 5497 meus,
1603 5432 1694 5501 qui
1726 5431 2034 5488 fuitexten-

538 5602 612 5659 (ai
643 5601 898 5666 Quadam
950 5605 1137 5661 Graeco
1177 5615 1322 5661 textu
1368 5608 1635 5670 excidere,
1672 5618 1731 5662 ut
1771 5624 1833 5662 ex
1868 5609 2034 5664 inter-

468 5671 765 5735 pretatione
798 5671 983 5727 Latina
1016 5674 1211 5742 cuique
1236 5677 1452 5731 obvium
1482 5688 1584 5733 est.
1607 5678 1759 5731 Emr.
1791 5678 2027 5733 Pnaoc.

2139 4519 2246 4572 τῶν
2296 4518 2353 4572 δέ
2396 4518 2748 4589 ἀποθεμένων
2801 4519 3005 4583 εὐθέως
3051 4518 3111 4572 τὺ
3157 4518 3427 4589 κράόατον
3476 4519 3566 4572 ἐπὶ
3612 4518 3714 4591 τὴν

2140 4613 2266 4683 γῆν,
2296 4608 2447 4667 εἶπεν
2489 4612 2800 4682 Ἑπιφάνιος
2838 4610 2917 4682 τῷ
2945 4611 3172 4681 βασιλεῖ-
3205 4606 3274 4664 Ὦ
3306 4609 3523 4680 βασιλεῦ
3554 4609 3709 4680 βτιισι⁶

2138 4703 2292 4769 λέων,
2328 4702 2515 4759 κακῶν
2551 4703 2647 4773 (b),
2694 4702 2908 4773 ἀνόμων
2955 4700 3182 4772 ἀνδρῶν·
3235 4701 3402 4772 ἐχρῆν
3446 4701 3554 4769 γὰρ
3585 4701 3710 4754 τοῦ-

2137 4807 2249 4851 τον,
2280 4790 2370 4842 τὸν
2402 4789 2513 4859 βίον
2538 4789 2837 4854 ἐξελθόντα,
2870 4790 2948 4853 εἰς
2976 4788 3080 4859 γῆν
3106 4791 3342 4859 ταφῆναι
3374 4789 3511 4859 μετὰ
3534 4790 3710 4858 ἀσφα-

2137 4879 2314 4944 λείας,
2356 4880 2420 4932 ῖν’
2459 4879 2751 4950 οὐρανόθεν
2791 4881 2819 4931 6
2856 4878 3131 4948 Δεσπότης
3178 4878 3453 4940 σαλπίζων
3478 4895 3707 4949 μετανα-

2140 4971 2325 5040 στήσει
2356 4970 2539 5023 τοῦτον
2571 4972 2649 5034 εἰς
2683 4969 3069 5040 προσκύνησιν.
3114 4968 3381 5022 Τοιούτων
3409 4969 3466 5022 δέ
3497 4968 3708 5040 ἀνδρῶν

2086 5070 2093 5073 “
2137 5060 2383 5113 ἀτάκτων
2414 5060 2733 5130 βασιλεύεις,
2764 5059 2838 5122 ὥς
2874 5078 2933 5114 τε
2974 5060 3065 5113 καὶ
3098 5058 3202 5132 πρὸ
3237 5059 3430 5130 καιροῦ
3479 5060 3706 5116 θάνατον

2137 5153 2348 5214 ἑαυτοῖς
2388 5152 2742 5223 ποιουμένων.
2779 5153 2884 5206 Ἴδε
2932 5152 3016 5225 δὴ,
3061 5146 3237 5218 οὗτος,
3272 5153 3329 5206 ὃν
3361 5152 3576 5224 βλέπεις
3612 5169 3704 5206 τε·

2136 5242 2366 5307 θνεῶτα,
2403 5243 2509 5296 ὑπὸ
2538 5242 2846 5313 κακούργου
2873 5244 2962 5298 τὸν
2997 5245 3109 5315 βίον
3143 5243 3463 5315 ὑπεξῆλθεν.
3507 5244 3643 5298 Ἀλλ’
3673 5247 3703 5297 ὁ

2134 5333 2265 5397 Θεὸς
2295 5350 2393 5403 μου
2418 5336 2446 5386 6
2474 5332 2757 5397 τανυσθεὶς
2782 5333 2875 5387 ἐπὶ
2903 5333 3080 5401 ξύλου,
3114 5334 3299 5389 τοῦτον
3329 5334 3531 5406 ἐγείρει
3562 5336 3704 5388 κατᾶ

2136 5427 2424 5498 πρόσωπον
2458 5426 2693 5482 πάντων.
2724 5424 2909 5480 Ταῦτα
2939 5426 2996 5480 δέ
3039 5427 3209 5482 εἰπὼν
3237 5426 3580 5499 Ἐπιφάνιος,
3609 5430 3705 5483 καὶ

2211 5603 2278 5673 (b)
2320 5601 2472 5677 Legit
2514 5602 2779 5677 interpres
2821 5622 2834 5658 :
2867 5600 2938 5658 Ὦ
2982 5604 3231 5676 βασιλεῦ,
3266 5601 3562 5677 βασιλεύων
3594 5624 3707 5662 κα·-

2134 5671 2266 5738 κῶν,
2297 5682 2400 5727 etc.
2431 5671 2587 5729 Eon.
2622 5671 2859 5730 ΡΑτειοι..
