4058 6428
452 310 526 365 t5
1670 298 1676 304 '
1762 311 1822 368 s.
1860 308 2035 363 EPlPl

2140 308 2198 362 ill
2240 308 2424 365 VlTA.
3634 323 3699 374 ιο

454 426 571 486 ταῖς
616 422 807 493 χερσὶν
855 422 1016 476 αὑτοῦ
1048 423 1137 475 τὸν
1183 424 1370 495 νεκρὸν
1412 424 1771 496 ψηλαφήσας,
1802 426 2026 495 ἐῦὁησεν

2140 437 2227 477 sus
2255 439 2420 493 supra
2449 425 2678 493 lignum,
2709 440 2831 481 eum
2885 428 3144 482 excitabit
3185 442 3373 482 coram
3423 431 3699 486 omnibus.

454 515 531 584 τῷ
573 513 959 585 φιλανθρώπῳ·
990 517 1081 569 Υἱὲ
1113 517 1247 571 Θεοῦ
1268 558 1283 581 ,
1324 520 1514 588 φησὶν,
1548 520 1577 572 6
1606 520 1695 572 τον
1726 523 2026 590 τετραήμε-

456 622 546 674 ρον
571 604 821 675 Λάζαρον
848 607 912 658 ἐκ
943 606 1148 678 νεκρῶν
1173 610 1512 680 ἀναστήσας,
1547 611 1908 682 ἐξαναστησον
1934 611 2026 666 τὸν

451 697 668 749 νεανίαν
720 696 932 751 τοῦτον.
984 700 1095 753 Καὶ
1144 699 1321 753 λαϐὼν
1384 702 1696 770 Ἐπιφάνιος
1751 703 1841 757 τὸν
1898 703 2027 757 ἴδιον

456 784 751 854 ἐπενδύτην
800 786 1045 842 ἐνέδυσεν
1108 789 1198 842 ’σὺν
1245 790 1515 845 τεθνεῶτα
1538 810 1550 824 ·
1618 793 1736 857 ἔθος
1795 793 1906 865 γάρ
1958 791 2026 865 ἦν

459 874 590 943 περὶ
626 876 751 935 τοὺς
783 875 1019 946 Πέρσας,
1063 881 1302 949 γυμνοὺς
1346 881 1499 950 ἄγειν
1530 884 1657 947 τοὺς
1702 883 2022 949 τεθνεῶτας.

457 964 671 1027 Εὐθέως
721 960 816 1019 οὖν
848 966 1047 1040 ἀνέστη
1092 972 1125 1022 6
1151 972 1462 1039 νεανίσκος,
1498 974 1591 1028 καὶ
1631 974 1906 1045 ἠσπάζετο
1936 977 2027 1030 τὸν

471 1053 803 1124 Ἐπιφάνιον.
835 1054 1004 1111 Εἶπεν
1036 1061 1091 1114 δὲ
1142 1062 1452 1133 Ἐπιφάνιος
1494 1065 1572 1136 τῷ
1606 1066 1889 1138 νεανίσκῳ·
1925 1068 2028 1121 Βά-

455 1143 593 1209 size,
624 1146 835 1211 τέκνον,
859 1149 918 1201 ἐν
949 1149 1024 1220 τῷ
1062 1151 1139 1223 σῷ
1177 1154 1331 1223 οἴκῳ,
1361 1154 1453 1207 καὶ
1482 1156 1710 1227 φόρεσον
1746 1159 1936 1226 ἱμάτια
1962 1161 2028 1214 τὰ

459 1234 687 1306 συνήθη·
712 1236 886 1305 ἄγαγε
915 1237 972 1291 δέ
1006 1256 1095 1310 μοι
1126 1241 1215 1294 τὸν
1256 1243 1570 1315 ἐπενδύτην.
1615 1242 1723 1298 Ἦν
1756 1246 1865 1317 γὰρ
1910 1249 2028 1314 ἔθος

470 1322 769 1396 Ἐπιφανίῳ
816 1331 998 1398 φορεῖν
1038 1330 1273 1401 τρίχινον
1315 1333 1514 1402 χιτῶνα
1561 1336 1654 1389 ἐπὶ
1684 1336 1787 1407 τὴν
1827 1337 2025 1408 σάρκα,

458 1417 554 1470 καὶ
583 1416 780 1482 ἔξωθεν
813 1420 979 1474 αὑτοῦ
1017 1421 1107 1476 τὸν
1149 1424 1462 1498 ἐπενδύτην.
1504 1428 1591 1492 Ὦς
1614 1424 1712 1484 οὖν
1747 1430 1852 1483 ίδεν
1883 1432 1911 1483 6
1934 1429 2029 1500 βα-

460 1505 641 1569 σιλεὺς
673 1506 733 1561 τὸ
759 1509 1046 1579 γενόμενον
1087 1514 1316 1585 πρᾶγμα
1353 1518 1411 1569 ὲν
1448 1518 1767 1590 Ἐπιφανίῳ,
1802 1519 2031 1591 ὑπενόη-

461 1614 556 1650 σεν
599 1597 717 1665 θεὸν
747 1600 906 1653 αὐτὸν
935 1597 1089 1656 εἶναι.
1134 1600 1270 1659 Εἷπε
1307 1606 1363 1660 δὲ
1400 1609 1714 1679 Ἐπιφάνιος
1759 1612 1840 1683 τῷ
1873 1612 2030 1684 βασι-

456 1686 562 1778 λεῖ·
585 1689 679 1778 Μὴ
708 1688 923 1758 λογίζου
948 1692 1027 1755 είς
1052 1695 1149 1764 ἐμὲ
1175 1696 1369 1778 ταῦτα,
1392 1699 1676 1770 ἄνθρωπον
1703 1702 1831 1756 ὄντα
1852 1705 2031 1772 ὁμοιο-

2129 511 2268 567 Cum
2298 514 2413 567 haec
2440 523 2619 569 autem
2656 515 2885 575 dixisset
2913 516 3271 587 Epiphanius,
3311 518 3564 577 manibus
3586 522 3702 575 suis

2133 613 2323 659 tenens
2342 615 2652 672 mortuum,
2686 607 2918 677 benigno
2953 618 3006 663 et
3048 609 3301 665 clementi
3343 609 3451 665 Deo
3500 611 3704 665 clama-

2132 695 2209 748 vit
2238 712 2252 748 :
2284 694 2385 749 Fili
2415 695 2536 761 Dei,
2588 699 2679 767 qui
2710 699 3072 768 quadrianum
3100 700 3370 756 Lazarum
3403 702 3701 766 suseitasti,

2135 788 2280 841 hunc
2307 803 2524 858 quoque
2549 790 2753 845 suscita
2803 792 3225 847 adolescentem.
3252 792 3498 861 Cumque
3543 807 3701 846 suum

2133 880 2431 949 accepisset
2461 880 2837 938 indumentum
2870 883 3229 954 Epiphanius,
3261 901 3327 941 eo
3363 885 3537 940 induit
3567 899 3702 938 mor-

2135 978 2309 1024 tuum.
2341 970 2456 1026 Mos
2481 981 2565 1026 est
2590 974 2735 1028 enim
2764 974 2946 1031 Persis
2974 984 3222 1032 mortuos
3250 977 3427 1031 nudos
3451 975 3699 1030 educere.

2135 1059 2440 1131 Statimque
2490 1064 2728 1118 surrexit
2779 1065 3117 1131 adolescens,
3175 1076 3228 1121 et
3278 1066 3562 1135 amplexus
3623 1073 3705 1119 est

2132 1151 2519 1224 Epiphanium.
2560 1156 2700 1211 Dixit
2730 1166 2911 1212 autem
2951 1157 3287 1229 Epiphanius
3324 1158 3653 1213 adolescenti
3686 1174 3700 1211 :

2135 1242 2317 1309 Vade,
2346 1245 2417 1300 ﬁli
2438 1287 2454 1312 ,
2491 1246 2545 1301 in
2587 1248 2812 1304 domum
2861 1258 3033 1313 tuam,
3062 1260 3117 1304 et
3148 1245 3229 1304 fer
3261 1259 3437 1305 vestes
3467 1263 3706 1305 consue~

2136 1349 2238 1397 tas,
2271 1344 2326 1390 et
2356 1335 2495 1391 refer
2524 1338 2591 1392 ad
2646 1355 2732 1394 me
2788 1355 2971 1395 meum
3026 1340 3425 1395 indumentum.
3486 1336 3709 1393 Solebat

2134 1427 2278 1480 enim
2311 1425 2649 1497 Epiphanius
2696 1428 2839 1485 ferre
2868 1431 3104 1487 cilicium
3150 1446 3315 1501 super
3344 1429 3547 1485 nudam
3586 1443 3707 1485 car—

2135 1531 2259 1570 nem
2285 1526 2338 1572 et
2370 1519 2667 1574 amiculum
2709 1521 3061 1592 superjicere.
3090 1520 3387 1592 Postquam
3416 1531 3596 1577 autem
3628 1522 3709 1575 vi-

2135 1609 2215 1663 dit
2245 1624 2339 1664 rex
2367 1610 2691 1667 miraculum
2720 1612 2866 1683 quod
2902 1612 3107 1668 factum
3160 1622 3244 1669 est
3275 1613 3343 1669 ab
3384 1612 3707 1696 Epiphanio,
3766 1644 3769 1651 ι

2141 1699 2476 1755 existimavit
2508 1716 2631 1757 eum
2661 1718 2785 1759 esse
2818 1708 2998 1759 deum.
3028 1704 3130 1759 Cui
3165 1704 3304 1759 dixit
3331 1703 3666 1775 Epiphanius
3692 1722 3706 1758 :

459 1776 635 1846 παθῆ.
669 1779 725 1831 '0
757 1780 864 1851 γὰρ
892 1780 1025 1846 Θεός
1053 1800 1179 1852 μου,
1271 1774 1585 1854 ἐπίστευσα,
1609 1790 1783 1846 ταῦτα
1804 1794 2035 1866 παρέχει

2140 1792 2290 1858 Noli,
2338 1793 2450 1847 noli
2486 1794 2600 1849 ha-e
2628 1795 2696 1849 de
2743 1810 2828 1849 me
2876 1796 3211 1860 existimare,
3248 1796 3339 1866 qui
3373 1811 3494 1851 sum
3547 1796 3712 1851 homo

459 1869 576 1931 τοῖς
607 1869 780 1936 φίλοις
820 1870 1004 1924 αὑτοῦ.
1050 1872 1231 1928 Ταῦτα
1270 1876 1328 1929 δὲ
1376 1878 1546 1932 εἰπὼν
1584 1882 1898 1951 Ἐπιφάνιος
1943 1888 2036 1941 καὶ

462 1957 682 2011 πλείονα
713 1959 935 2029 τούτων,
968 1958 1119 2017 εἶπεν
1148 1965 1225 2036 τῷ
1260 1966 1497 2037 βασιλεῖ·
1552 1970 1912 2047 ’Υπόστρεφε,
1944 1978 2034 2031 τέ-

459 2064 608 2112 κνον,
637 2051 693 2103 ἐν
729 2050 805 2121 σῷ
834 2054 1082 2124 ταμιείῳ.
1128 2054 1317 2126 Ἡμεῖς
1345 2051 1453 2132 γὰρ
1485 2061 1771 2135 βαδίζομεν
1812 2068 1905 2120 ἐπὶ
1935 2086 2037 2122 πα-

456 2139 634 2209 τρίδα.
660 2137 826 2194 Εἶπεν
856 2142 912 2196 δὲ
937 2146 965 2196 6
1009 2145 1259 2215 βασιλεὺς
1292 2150 1430 2221 πρὸς
1469 2152 1802 2222 Ἐπιφάνιον·
1833 2158 2038 2222 Πόσους

459 2230 709 2301 ξιφήρεις
744 2234 1048 2290 ἀποστείλω
1097 2240 1221 2302 τοὺς
1265 2240 1631 2308 διασώζοντάς
1683 2263 1776 2313 σε,
1825 2249 2034 2321 πάτερ;

461 2318 627 2376 Εἶπεν
651 2324 708 2376 δὲ
754 2327 1067 2395 Ἐπιφάνιος
1104 2331 1239 2401 πρὸς
1278 2331 1368 2387 τὸν
1400 2332 1640 2404 βασιλέα·
1679 2338 1828 2408 Ἔχω
1857 2340 1948 2393 τὸν
1971 2318 2038 2395 ἐν

457 2415 708 2484 οὐρανοῖς
760 2417 1102 2486 φυλάσσοντα
1154 2440 1221 2491 με
1263 2423 1430 2488 Θεὸν,
1480 2429 1574 2481 καὶ
1618 2427 1864 2502 ξιφήρεις
1912 2434 2037 2496 τοὺς

458 2504 650 2573 ἁγίους
682 2506 844 2559 αὐτοῦ
879 2509 1162 2576 ἀγγέλους.
1208 2513 1341 2567 Τότε
1371 2516 1399 2568 6
1435 2515 1686 2587 βασιλεὺς
1711 2521 2037 2592 ἀσπασάμε-

460 2597 670 2659 νος-τὸν
710 2599 1022 2668 Ἐπιφάνιον
1049 2601 1275 2674 ἔκραξεν
1314 2605 1487 2674 λέγων
1522 2611 1730 2683 μεγάλῃ
1763 2615 1827 2682 τῇ
1862 2618 2034 2685 φωνῇ.

462 2687 656 2751 Βάδιζε
696 2691 971 2756 ὑγιαίνων,
1011 2691 1320 2763 Ἐπιφάνιε,
1352 2699 1384 2767 ή
1422 2698 1547 2763 δόξα
1579 2702 1685 2754 τῶν
1729 2703 2033 2774 Ῥωμαίων·

464 2780 684 2849 μνήμην
712 2780 769 2834 δὲ
812 2782 965 2835 ποιοῦ
1000 2784 1157 2854 ήμῶν
1192 2784 1298 2839 τῶν
1335 2790 1393 2840 ἐν
1423 2788 1665 2861 Περσίδι.
1704 2793 2039 2866 Ἀπάραντες

459 2869 519 2923 δὲ
556 2871 662 2924 ἀπὸ
708 2873 985 2944 Περσίδος,
1021 2878 1394 2951 ἐπορεύθημεν
1439 2883 1497 2934 ἐν
1547 2886 1614 2955 τῇ
1659 2886 1907 2959 Φοινίκῃ·
1946 2890 2038 2941 καὶ

460 2962 831 3029 διοδεύσαντες
865 2967 1029 3038 μέρος
1075 2988 1127 3022 τι
1170 2970 1271 3041 τῆξ
1302 2974 1573 3045 Φοινίκης,
1615 2958 2039 3050 εἰσεληλύθαμεν

463 3054 522 3105 ἐν
551 3055 888 3127 Σπανυδρίῳ.
918 3058 1172 3131 Ηῦρομεν
1196 3062 1251 3115 δὲ
1283 3063 1344 3117 τὸ
1377 3064 1586 3119 κελλίον
1612 3066 1686 3130 ὡς
1721 3062 1789 3139 ἦν
1816 3068 1879 3122 τὸ
1907 3070 2039 3140 πρό-

462 3162 639 3217 τερον.
673 3150 780 3202 Καὶ
809 3152 1132 3222 ποιήσαντες
1172 3154 1366 3227 τρίτην
1401 3159 1634 3230 ἡμέραν,
1674 3158 1817 3232 ὕδωρ
1839 3163 1938 3217 οὐκ
1968 3160 2036 3235 ἦν

464 3237 563 3291 τοῦ
593 3243 734 3293 πιεῖν
761 3242 929 3313 ἡμᾶς.
1532 3282 1541 3289 -

538 3406 641 3463 ιθσ.
675 3412 901 3477 Σταθεὶς
943 3412 1036 3469 οὖν
1075 3418 1390 3487 Ἐπιφάνιος
1418 3421 1556 3475 κατὰ
1602 3422 1866 3488 ἀνατολὰς
1918 3423 2040 3493 βλέ-

470 3519 589 3555 πων
617 3505 959 3576 προσηύξατο
982 3507 1060 3578 τῷ
1088 3510 1145 3562 ἐν
1180 3511 1429 3579 οὐρανοῖς
1470 3511 1588 3583 Θεῷ
1617 3513 1808 3583 λέγων·
1854 3517 1911 3570 '0
1940 3520 2041 3593 τὴν

464 3592 771 3682 ἀκράτομω
805 3596 1009 3669 πέτραν
1035 3598 1368 3681 διαχαράξας
1398 3604 1494 3657 καὶ
1527 3604 1636 3658 άπὸ
1667 3606 1871 3679 ταύτης
1896 3608 2040 3682 ὕδωρ

465 3680 867 3756 ἐξαναὸρύσας,
919 3686 1013 3757 καί
1068 3686 1196 3740 λαὸν
1228 3689 1550 3745 ἐκλείποντα
1600 3694 1743 3767 ὕδωρ
1783 3680 2037 3765 ποτίσαςί,

462 3774 830 3846 διασπάραξον
878 3778 971 3831 καὶ
1015 3780 1114 3850 τὴν
1162 3782 1265 3852 γῆν
1295 3783 1529 3856 ταύτην·
1582 3789 1675 3845 καὶ
1716 3790 1940 3861 ποίησον
1982 3791 2041 3857 ἐξ

466 3865 638 3936 αὐτῆς
668 3865 810 3938 ὕδωρ
853 3868 1113 3946 πηγάζων
1159 3874 1250 3925 ἐπὶ
1292 3877 1618 3947 κατοικησίᾳ
1665 3882 1911 3951 πενήτων
1944 3883 2040 3936 ἀν-

468 3955 722 4025 θρώπιον.
755 3958 861 4012 Τοῦ
896 3959 952 4013 δὲ
996 3960 1310 4030 Ἐπιφανίου
1344 3964 1517 4031 ταῦτα
1551 3969 1815 4034 εἰπόντος,
1844 3971 2040 4026 εὐωδία

467 4064 553 4110 τις
598 4048 776 4120 ἀγαθὴ
815 4051 1030 4120 ἐγένετο
1077 4056 1136 4107 ἐν
1180 4054 1258 4125 τῷ
1302 4057 1450 4128 τόπῳ
1481 4060 1707 4131 ἐκείνῳ·
1752 4063 1845 4116 καὶ
1880 4063 2040 4118 πάλιν

462 4137 653 4202 κλίνας
681 4142 859 4211 τρίτον
888 4143 979 4195 ἐπὶ
1016 4144 1115 4213 τὴν
1149 4145 1251 4215 γῆν
1297 4148 1391 4199 καὶ
1433 4151 1871 4221 προσευξάμενος
1893 4193 1907 4215 ,
1944 4155 2040 4208 λα-

462 4226 575 4281 ϐὼν
617 4230 922 4302 ὀρυκτῆρα,
965 4234 1228 4305 ἐχάραξεν
1275 4238 1469 4309 μικρὸν
1512 4241 1606 4293 ἐπὶ
1650 4241 1746 4313 τὴν
1785 4243 1909 4313 γῆν·
1945 4246 2041 4299 καὶ

468 4319 579 4372 ἰδοὺ
613 4318 754 4389 ὕδωρ
795 4323 1069 4389 ὀλιγοστὸν
1120 4325 1435 4399 ἀνέϐρυσεν.
1488 4330 1718 4385 Ἔπειτα
1748 4334 1909 4388 πάλιν
1944 4353 2041 4406 χα-

2136 1884 2406 1941 obnoxius
2436 1885 2627 1940 iisdem
2678 1887 3200 1956 perturbationibus,
3246 1897 3301 1942 et
3338 1887 3588 1943 similiter
3616 1902 3711 1956 pa-

2138 1975 2324 2030 tibilis.
2362 1975 2500 2031 Deus
2528 1991 2704 2039 meus,
2730 1978 2816 2032 cui
2847 1977 3031 2042 credo,
3083 1978 3196 2034 haec
3238 1978 3441 2047 praebet
3479 1978 3593 2031 suis
3626 1974 3710 2029 fa-

2141 2067 2324 2121 mulis.
2360 2066 2496 2121 Cum
2529 2067 2645 2122 haec
2677 2078 2858 2121 autem
2888 2079 2942 2123 et
2980 2069 3066 2124 his
3112 2070 3267 2139 plura
3314 2070 3541 2124 dixisset
3589 2070 3713 2138 Epi-

2143 2155 2402 2223 phanius,
2434 2156 2567 2210 dicit
2595 2157 2706 2226 regi
2744 2175 2756 2210 :
2794 2155 3104 2221 Revertere,
3135 2157 3208 2210 [ili
3230 2198 3245 2223 ,
3282 2157 3335 2210 in
3377 2157 3578 2212 aulam.
3602 2155 3713 2212 Nos

2130 2245 2282 2319 enim
2318 2247 2463 2300 imus
2494 2247 2545 2299 in
2579 2248 2830 2316 patriam.
2868 2244 2979 2300 Rex
3015 2255 3195 2301 autem
3227 2248 3361 2302 dixit
3387 2242 3709 2319 Epiphanio:

2138 2337 2282 2402 Quot
2319 2337 2401 2391 vis
2450 2339 2712 2392 satellites
2767 2349 2943 2393 tecum
2986 2338 3217 2404 mittam,
3281 2339 3374 2408 qui
3427 2349 3480 2393 te
3527 2351 3713 2395 custo-

2141 2427 2337 2481 diant?
2374 2426 2517 2482 Dixit
2546 2427 2593 2480 ei
2639 2427 2977 2497 Epiphanius
3012 2448 3025 2483 :
3082 2426 3265 2483 Habeo
3295 2445 3486 2499 regem.
3523 2424 3710 2492 Deum.

2141 2517 2236 2586 qui
2271 2527 2354 2572 est
2382 2518 2439 2571 in
2467 2518 2643 2581 callis,
2684 2521 2777 2588 qui
2814 2534 2902 2573 me
2945 2519 3202 2586 custodit,
3234 2530 3287 2574 et
3319 2520 3582 2575 satellites
3616 2520 3713 2575 ba-

2142 2609 2243 2663 beo
2271 2618 2488 2663 sanctos
2537 2610 2655 2676 ejus
2704 2614 2948 2682 angelos.
3002 2608 3157 2667 Tune
3204 2628 3295 2667 rex
3349 2610 3713 2683 Epiphaniam

2144 2700 2452 2769 amplexos,
2485 2701 2623 2754 dixit
2655 2717 2785 2757 voce
2826 2718 3020 2773 magna
3050 2722 3061 2758 :
3095 2698 3243 2759 Vade
3285 2704 3338 2758 in
3388 2720 3539 2774 pace,
3583 2704 3712 2776 Epi-

2141 2792 2331 2863 phani,
2380 2792 2550 2863 gloria
2581 2788 2977 2848 Romanorum.
3020 2792 3131 2850 Fac
3169 2808 3384 2858 autem.
3436 2805 3497 2851 ut
3540 2799 3712 2852 nostri

2140 2900 2357 2955 quoque
2398 2886 2734 2949 memineris,
2770 2886 2862 2955 qui
2903 2902 3105 2947 sumus.
3151 2886 3207 2940 in
3251 2885 3493 2943 Perside.
3542 2886 3714 2944 Reee—

2143 2976 2332 3029 dentes
2371 2991 2497 3031 vero
2527 2992 2557 3030 a
2594 2975 2839 3041 Perside,
2864 2978 3118 3057 venimus
3161 2978 3216 3031 in
3258 2977 3628 3046 thnieiam;
3663 2992 3713 3034 et

2142 3081 2268 3118 cum
2304 3075 2511 3135 partem
2551 3065 2847 3121 thniciaz
2882 3068 3293 3125 transiissemus
3318 3108 3332 3134 ,
3366 3071 3619 3127 venimus
3662 3073 3715 3126 in

2143 3156 2887 3229 Spanhydrion.lnvenimus
2948 3170 3130 3216 autem
3195 3161 3429 3230 cellam,
3485 3172 3547 3217 ut
3601 3174 3715 3220 erat

2142 3250 2315 3319 prius.
2350 3247 2419 3302 Et
2455 3264 2581 3303 cum
2619 3250 2731 3305 illic
2775 3249 3075 3307 fuissemus
3115 3261 3230 3307 tres
3274 3251 3412 3321 dies,
3447 3268 3556 3308 non
3599 3264 3715 3312 erat

2141 3356 2283 3411 aqua
2309 3339 2376 3395 ad
2409 3340 2724 3396 bibendum.
3110 3353 3146 3380 -'

2214 3429 2355 3485 XIX.
2429 3430 2593 3486 Stans
2642 3438 2823 3486 autem
2877 3431 3214 3503 Epiphanius
3277 3434 3593 3503 aspiciendo
3648 3437 3714 3492 ad

2143 3521 2433 3586 orientem,
2468 3521 2642 3575 oravit
2687 3521 2881 3586 Deum,
2913 3522 3005 3591 qui
3035 3532 3120 3578 est
3165 3523 3223 3578 in
3271 3524 3447 3592 caelis,
3489 3525 3713 3582 dicens:

2142 3610 2187 3667 Ο
2220 3621 2276 3665 ιιι
2311 3612 2404 3681 qui
2450 3621 2659 3682 petram
2709 3623 3037 3682 praeruptam
3089 3613 3435 3683 impressisti,
3463 3625 3517 3671 et
3548 3632 3613 3671 ex
3652 3633 3715 3673 ea

2142 3719 2338 3773 aquam
2368 3704 2635 3759 scaturire
2671 3702 2869 3769 fecisti,
2908 3713 2966 3760 et
2988 3706 3269 3776 populum,
3294 3710 3384 3777 qui
3414 3709 3715 3773 deﬁciebat,

2141 3809 2282 3862 aqua
2318 3795 2516 3864 potasti
2561 3796 2618 3861 ³,
2652 3795 2794 3849 bane
2841 3812 3060 3866 quoque
3106 3806 3307 3853 terram
3342 3800 3613 3868 imprime,
3664 3816 3717 3857 et

2143 3884 2230 3941 l‘ac
2264 3898 2322 3940 ut
2354 3902 2496 3956 aqua
2535 3903 2599 3941 ex
2649 3902 2711 3941 ea
2739 3889 3003 3944 scaturiat
3028 3894 3247 3959 propter
3277 3891 3514 3947 ﬁdelium
3546 3892 3715 3947 homi-

2142 3991 2273 4030 num
2302 3977 2713 4032 habitationem.
2750 3976 2888 4032 Cum
2936 3979 3053 4035 haec
3084 3980 3313 4043 dixisset
3356 3980 3715 4053 Epiphanius.

2143 4065 2323 4120 bonus
2348 4067 2572 4136 quidam
2598 4067 2737 4122 odor
2760 4066 2863 4123 fuit
2890 4069 2944 4123 in
2973 4070 3067 4124 illo
3099 4068 3494 4141 loco.Cumque
3521 4089 3581 4130 se
3603 4091 3717 4130 rur-

2142 4173 2237 4212 sus
2266 4165 2349 4211 ter
2372 4173 2536 4226 super
2564 4166 2766 4213 terram
2795 4160 3135 4226 inclinasset,
3165 4170 3443 4217 etorasset
3476 4162 3713 4232 Epipha-

2142 4248 2296 4313 nius,
2318 4257 2541 4316 aceepto
2572 4248 2753 4319 ligone
2791 4250 3027 4304 turbavit
3063 4259 3284 4318 terram,
3307 4261 3361 4306 et
3379 4268 3504 4308 ecce
3525 4270 3716 4324 parum

2142 4354 2297 4410 aquae
2316 4341 2584 4394 scaturiit.
2610 4340 2816 4397 Deinde
2836 4357 2961 4397 eum
2990 4358 3183 4398 rursus
3202 4345 3499 4410 turbasset,
3533 4348 3718 4402 uberi-

465 4409 635 4479 ράξας
689 4413 1211 4487 πλουσιοποτάμιτος
1258 4410 1474 4489 ἐγένέτο
1516 4420 1549 4490 ἧ
1598 4422 1811 4494 οἴκησις
1859 4427 2031 4498 ήμῶν.

2146 4409 2247 4486 bus
2265 4431 2411 4486 ﬂuvii
2444 4431 2602 4507 aquis
2631 4441 2816 4488 nostra
2847 4434 3147 4489 abundavit
3174 4435 3457 4492 habitatio.
3487 4409 3718 4493 Eramus

467 4501 687 4571 Ἧμεθα
728 4504 783 4557 δὲ
826 4507 884 4558 ἐν
917 4506 994 4578 τῷ
1038 4507 1188 4579 τόπῳ
1236 4511 1429 4583 ἐκείνῳ
1463 4513 1848 4585 ἡσυχάζοντες,
1876 4519 2040 4583 αὐτὸς

462 4590 562 4644 καὶ
608 4591 737 4660 ἐγώ.
782 4594 839 4647 '0
871 4590 963 4648 οὖν
1006 4596 1137 4662 Θεὸς
1167 4603 1200 4653 ὀ
1223 4601 1647 4664 ἐξανατέλλων
1673 4609 1890 4677 χόρτον
1916 4611 2039 4679 τοῖς

463 4680 744 4748 κτήνεσι,
780 4685 879 4739 καὶ
910 4688 1107 4756 χλόην
1137 4689 1212 4760 τῇ
1252 4691 1497 4762 δουλείᾳ
1537 4696 1656 4750 τῶν
1691 4699 2036 4768 ἀνθρώπων,

465 4771 843 4843 ἐξαρόεύοντος
865 4777 959 4830 τοῦ
990 4777 1178 4844 ὓδατος
1204 4780 1302 4854 τὴν
1325 4785 1426 4855 γῆν
1456 4786 1670 4841 ἃπασαν
1697 4791 1932 4863 ἐκείνην,
1971 4798 2037 4866 τῇ

2145 4532 2324 4577 autem
2356 4524 2409 4576 in
2436 4538 2500 4578 eo
2530 4524 2652 4578 loco
2677 4525 2918 4594 quietem
2957 4535 3200 4596 agentes,
3224 4527 3339 4596 ipse
3361 4536 3545 4597 etego.
3578 4530 3719 4585 Deus

2149 4628 2295 4680 vero,
2326 4613 2417 4683 qui
2456 4614 2700 4682 producit
2742 4613 2922 4683 fenum
2950 4614 3227 4683 jumentis,
3250 4625 3315 4670 .et
3355 4617 3569 4671 herbam
3603 4635 3717 4672 ser-

2145 4704 2300 4757 vituti
2341 4703 2610 4757 hominum
2642 4705 2684 4773 ³,
2735 4705 2999 4776 irrigante
3043 4720 3184 4777 aqua
3215 4714 3381 4763 totam
3424 4708 3573 4763 illam
3618 4718 3719 4763 ter-

2147 4810 2285 4861 ram,
2309 4795 2465 4865 jussu
2497 4795 2637 4865 ejus,
2668 4796 2763 4866 qui
2814 4811 3029 4868 semper
3074 4813 3264 4853 curam
3311 4799 3455 4870 gerit
3493 4800 3716 4856 humani

466 4864 759 4935 προστάξει
786 4868 879 4921 τοῦ
911 4871 997 4923 ἀεὶ
1024 4877 1419 4944 προνοουμένου
1448 4878 1542 4933 τοῦ
1576 4880 1915 4953 ἀνθρωπίνου
1948 4864 2035 4954 γέζ

2142 4887 2380 4955 generis,
2426 4887 2683 4956 produxit
2741 4902 2772 4942 e
2821 4897 2962 4944 terra
3020 4890 3423 4946 multitudinem
3481 4892 3713 4955 olerum.

463 4973 607 5021 νους,
639 4957 895 5028 ἐξέφυσεν
935 4963 967 5031 ἠ
1000 4963 1070 5034 γῆ
1110 4962 1311 5034 πλῆθος
1346 4966 1594 5038 λαχάνων
1637 4973 1717 5035 εἱς
1745 4974 2044 5030 ἀπόλαυσιν

463 5048 560 5101 καὶ
588 5049 879 5123 διατροφὴν
908 5054 1082 5123 ήμῶν.
1114 5054 1287 5111 Τινῶν
1324 5058 1380 5111 δὲ
1414 5058 1618 5131 θηρίων
1659 5065 2044 5137 ἐπερχομένων

462 5138 695 5202 τούτοις.
730 5142 824 5195 καὶ
854 5142 952 5213 τὴν
998 5143 1212 5200 ἅπασαν
1258 5148 1421 5220 χλόην
1460 5152 1848 5222 ἀφανιζόντων,
1891 5156 2040 5211 Ἐπι-

463 5230 654 5299 φάνιος
690 5232 819 5305 ἔστη
868 5235 1052 5288 ἐπάνω
1096 5237 1203 5290 τῶν
1241 5238 1522 5310 λαχάνων,
1558 5242 1650 5294 καὶ
1692 5246 1805 5307 τοῖς
1833 5245 2040 5317 θηρίοις

460 5322 730 5391 διελέγετο
752 5324 828 5391 ὼς
854 5326 1162 5398 ἀνθρώποις
1187 5329 1360 5397 λέγων
1382 5347 1394 5360 ·
1426 5332 1515 5403 Μή
1547 5351 1635 5403 μοι
1669 5334 1871 5401 κόπους
1899 5355 2043 5409 παρ-

384 5397 393 5412 ’
462 5416 616 5483 έχετε
639 5432 652 5445 ·
700 5397 983 5488 ἄνθρωπος
1033 5418 1139 5491 γὰρ
1180 5397 1514 5491 ἁμαρτωλὸς
1543 5397 1636 5477 καὶ
1662 5397 1877 5497 πτωχός
1906 5397 2038 5500 είμι.

459 5507 561 5559 Διά
609 5505 665 5558 τὸ
708 5508 908 5581 πλῆθος
952 5505 1043 5562 οὖν
1089 5511 1196 5563 τῶν
1241 5512 1524 5583 ἁμαρτιῶν
1559 5532 1659 5584 μου
1706 5517 1822 5587 είμὶ
1869 5521 1927 5572 ἐν
1968 5520 2044 5591 τῷ

536 5689 557 5719 ⁸
599 5690 764 5743 Exod.
805 5691 986 5755 xvn,l
1033 5706 1151 5760 sqq.
1230 5692 1250 5722 ⁸
1281 5690 1423 5748 Psal.
1461 5710 1578 5761 cm,
1613 5695 1695 5751 14.

2142 4979 2345 5047 quibus
2384 4993 2486 5033 nos
2524 4978 2833 5035 fruerentur
2860 4990 2915 5036 et
2955 4982 3248 5037 aleremur.
3302 4983 3435 5036 Cum
3468 4982 3714 5053 quaedam

2141 5080 2321 5125 autem
2359 5069 2471 5125 fera
2501 5070 2569 5126 ad
2599 5087 2661 5128 ea
2686 5073 2937 5128 venirent
2959 5074 3237 5140 animalia,
3266 5083 3320 5128 et
3342 5073 3577 5129 virorem
3606 5090 3719 5129 om-

2145 5180 2267 5218 nem
2290 5179 2477 5220 earum
2509 5166 2779 5230 tollerent,
2810 5165 3146 5236 Epiphanius
3172 5168 3322 5223 stetit
3348 5182 3513 5237 supra
3547 5169 3715 5233 olera,

2146 5262 2200 5307 et
2218 5253 2476 5308 disseruit
2498 5270 2623 5308 cum
2649 5253 2796 5318 feris,
2833 5263 3090 5325 tanquam
3121 5270 3246 5310 eum
3274 5256 3605 5322 hominibus,
3626 5259 3717 5313 'di-

2145 5356 2276 5396 cens
2311 5362 2324 5396 :
2355 5340 2535 5396 Nolite
2570 5343 2705 5397 mihi
2741 5342 2999 5398 exhibere
3028 5343 3376 5400 molestiam:
3412 5362 3532 5401 sum
3570 5349 3715 5402 enim

2146 5432 2311 5489 homo
2361 5442 2612 5504 peccator
2659 5442 2713 5487 et
2758 5448 2983 5502 pauper.
3033 5433 3258 5505 Propter
3313 5437 3716 5494 multitudinem

2146 5534 2326 5578 autem
2357 5540 2599 5578 meorum
2630 5535 2974 5595 peccatorum
3004 5541 3125 5582 sum
3155 5528 3343 5598 lugens
3374 5528 3425 5581 in
3445 5528 3547 5583 hoc
3576 5530 3716 5594 loco,
