4058 6458
437 340 500 395 J7
1591 352 1607 371 κ
1726 333 1780 384 S.
1826 328 2168 384 El‘lPllANll
2221 330 2399 384 VII'A.
3613 337 3686 389 53

434 458 480 512 si
511 459 647 510 forte
678 455 812 508 mihi
867 452 1008 506 Deus
1061 467 1182 506 mea
1241 456 1462 521 peccata
1516 450 1807 505 condonet.
1865 448 2003 519 Ipse,

2109 450 2258 520 τόπῳ
2291 451 2465 520 τούτῳ
2513 450 2749 504 πενθῶν·
2792 452 2820 502 ὁ
2858 451 2988 512 θεὸς
3029 449 3085 501 δὲ
3133 449 3406 520 παρέσχεν
3451 468 3541 520 μοι
3586 452 3687 523 τὴν

434 549 527 618 (ιιιί
560 549 663 603 hoc
707 547 841 601 mihi
872 547 1083 601 olerum
1115 546 1349 615 praebuit
1379 545 1636 598 solatium
1680 543 1745 597 ad
1777 544 2009 598 alimen-

436 652 572 705 tum,
606 642 759 696 vobis
815 640 1059 711 praeripit
1108 654 1176 693 ne
1223 638 1457 705 amplius
1486 635 1719 690 veniatis
1762 635 1817 689 in
1864 636 2011 690 hunc

437 734 640 796 locum,
684 747 786 787 nec
822 744 972 787 meas
1008 731 1204 785 herbas
1253 729 1478 783 laedatis.
1537 727 1794 798 Agrestes
1829 736 2009 782 autem

437 823 562 878 ferte
587 838 710 878 cum
744 824 859 877 hmc
906 822 1207 876 audiissent
1234 821 1302 874 ab
1345 818 1672 890 Epiphanio,
1715 818 1862 872 velut
1909 821 2009 871 ho-

432 914 610 969 mines
648 914 943 969 sentientes
992 913 1036 967 si
1070 924 1177 981 qua
1212 910 1264 964 in
1311 926 1371 965 re
1418 910 1615 979 majori
1664 909 1927 970 lmserint,
1956 918 2010 963 et

432 1007 856 1076 reprehensione
886 1002 1183 1073 pudefacti,
1215 1003 1297 1058 sic
1325 1003 1535 1073 pudore
1581 1000 1786 1058 alfecta:
1824 1002 2010 1056 bestiae

434 1099 684 1167 protinus
717 1104 1081 1160 recesserunt,
1109 1104 1164 1150 et
1188 1111 1251 1150 ex
1286 1096 1378 1149 illo
1425 1096 1513 1150 die
1558 1112 1664 1149 non
1713 1096 2009 1166 appropina-

436 1197 677 1256 quarunt
706 1186 940 1259 amplius
972 1186 1094 1240 loco
1123 1186 1328 1241 nostr‘o.
1356 1187 1662 1241 Audierunt
1683 1202 1811 1241 vero
1841 1185 2007 1241 Sara-

432 1275 570 1335 ceni.
606 1275 701 1345 qui
747 1275 943 1331 cellam
976 1276 1139 1332 nobis
1182 1287 1599 1344 exstruxerant,
1630 1278 1845 1333 venisse
1881 1276 2006 1347 Epi-

431 1366 691 1434 phanium
744 1381 809 1421 ex
861 1365 1105 1435 Perside,
1156 1375 1211 1423 et
1266 1376 1639 1433 accesserunt,
1685 1379 1745 1423 ut
1783 1368 2007 1423 benedi-

432 1457 665 1513 clionem
694 1459 762 1513 ab
787 1461 1207 1530 eoacciperent.
1242 1448 1677 1515 IEdifi'caverunt
1696 1468 1887 1515 autem
1912 1475 2007 1515 no-

431 1549 517 1604 bis
550 1557 664 1604 tres
700 1550 835 1605 alias
884 1550 1121 1607 domos:
1174 1550 1375 1621 quippe
1422 1550 1518 1621 qui
1565 1550 1852 1605 nobiscum
1884 1566 2007 1605 νον-ο

434 1641 534 1694 sati
571 1648 700 1694 sunt
725 1650 960 1710 quatuor
984 1655 1220 1706 menses,
1256 1652 1311 1695 et
1336 1649 1682 1696 recesserunt
1710 1641 1768 1696 in
1799 1657 1899 1697 sua
1933 1642 2007 1697 lo-

432 1746 516 1786 ca.
544 1729 804 1786 Auditum
835 1741 918 1787 est
944 1742 1123 1787 autem
1176 1733 1230 1787 in
1267 1742 1383 1787 tota
1414 1731 1716 1799 Phoenicia,
1765 1732 2002 1803 Epipha-

2118 541 2464 611 παραμυθίαν
2486 541 2687 612 ταύτην
2710 541 2818 595 τῶν
2846 540 3091 611 λαχάνων
3126 540 3207 603 είς
3237 539 3559 612 διατροφήνο
3592 543 3686 605 καὶ

2114 632 2274 695 αὐτὸς
2319 634 2446 701 ὑμῖν
2479 632 2847 704 παραγγέλλει
2884 632 3079 703 μηκέτι
3120 630 3294 684 ἐλθεῖν
3322 632 3382 684 ἐν
3408 631 3486 702 τῷ
3512 633 3683 704 τόπῳ.

2113 724 2205 777 καὶ
2233 723 2632 777 καταϐλάπτειν
2665 741 2765 794 μου
2790 724 2888 793 τὴν
2913 722 3094 793 χλόην.
3126 722 3207 776 Τά
3228 724 3286 776 δέ
3321 723 3488 793 ἄγρια
3516 723 3684 777 ἀκού-

2113 832 2281 869 σαντα
2331 816 2502 869 ταῦτα
2560 816 2709 887 παρά
2777 814 3122 883 Ἐπιφανίου,
3172 813 3362 886 ὥσπερ
3410 816 3685 886 ἄνθρωποι

2112 906 2555 977 εύαισθητοῢντες
2598 907 2691 960 ἐάν
2736 906 2979 974 σφαλῶσι
3024 906 3109 974 ἐφ’
3156 906 3235 958 ἐνὶ
3283 904 3389 957 τῶν
3436 905 3687 975 μεγάλων

2112 999 2204 1051 καὶ
2240 998 2582 1068 ἐλεγχόμενοι
2623 996 3020 1068 διατραπῶσιν·
3060 995 3233 1059 οὕτως
3262 996 3331 1050 τά
3362 995 3524 1066 θηρία
3554 1014 3688 1049 κατ-

2108 1089 2453 1162 ῃσχύνθησαν
2478 1089 2586 1142 ἀπὸ
2616 1088 2723 1141 τῶν
2750 1089 2924 1156 λόγων
2969 1087 3285 1157 Ἐπιφανίου
3303 1127 3318 1149 ,
3351 1089 3445 1141 καὶ
3476 1086 3683 1157 ἀνεχώ-

2114 1196 2284 1252 ρησαν
2318 1180 2538 1244 εὐθέως.
2585 1182 2680 1234 καὶ
2718 1180 2827 1234 άπὸ
2862 1180 2962 1249 τῆς
2997 1180 3211 1251 ἡμέρας
3256 1179 3467 1248 ἐκείνης
3500 1179 3682 1232 οὐκέτι

2109 1274 2343 1343 ήγγισαν
2377 1272 2454 1343 τῷ
2490 1273 2640 1343 τόπῳ
2685 1273 2860 1344 ἡμῶν.
2905 1272 3261 1333 Ἀκούσαντες
3301 1271 3358 1325 δέ
3388 1273 3436 1324 οἱ
3468 1271 3684 1340 Σάρρα-

2109 1365 2264 1434 κηνοὶ
2310 1366 2358 1416 οἱ
2400 1363 2851 1434 οἰκοδομήσαντες
2881 1364 3013 1433 ἡμῖν
3050 1362 3112 1415 τὸ
3150 1363 3379 1426 κελλίον,
3410 1362 3492 1416 ὅτι
3521 1358 3683 1433 ἦλθεν

2120 1457 2432 1526 Ἐπιφάνιος
2459 1456 2566 1510 ἀπὸ
2604 1455 2882 1526 Περσίδος,
2921 1454 3279 1526 παρεγένοντο
3307 1454 3398 1506 ἐπὶ
3427 1453 3683 1523 συντυχίᾳ

2109 1547 2273 1602 αὐτοῦ
2299 1588 2314 1612 ,
2366 1547 2507 1601 ὥστε
2553 1548 2910 1619 εὐλογηθῆναι
2942 1547 3072 1618 παρ’
3107 1544 3290 1599 αὐτοῦ·
3326 1545 3681 1617 ᾠκοδόμησαν

2106 1639 2162 1693 δέ
2191 1640 2323 1712 ἡμῖν
2355 1640 2546 1704 ἄλλους
2587 1641 2737 1710 τρεῖς
2764 1639 2977 1704 οἴκους,
3021 1639 3344 1708 ποιήσαντες
3377 1636 3493 1708 μεθ’
3524 1637 3682 1708 ἡμῶν

2112 1732 2304 1802 μῆνας,
2337 1733 2428 1784 καὶ
2459 1732 2609 1785 αὐτοὶ
2642 1729 3015 1802 ἐπορεύθησαν
3041 1729 3101 1781 ἐν
3123 1730 3235 1791 τοῖς
3262 1727 3456 1791 τόποις,
3499 1727 3681 1780 Ἠκού-

433 1823 585 1878 nium
600 1824 845 1880 habitare
875 1826 927 1880 in
955 1824 1317 1897 Spanhydrio.
1345 1825 1806 1897 Congregatisunt
1824 1827 2005 1896 itaque

2115 1824 2214 1894 σθη
2257 1824 2312 1877 δέ
2356 1826 2434 1888 είς
2477 1824 2603 1896 ὃλην
2632 1824 2730 1895 τὴν
2761 1822 2913 1877 πόλιν
2945 1820 3063 1892 (τὴν
3098 1818 3391 1890 Φοινίκην),
3415 1821 3497 1873 ὅτι
3534 1821 3683 1873 Ἐπι-

433 1916 526 1970 alii
569 1932 788 1988 quoque
831 1917 1029 1973 fratres
1075 1918 1131 1972 in
1179 1918 1539 1973 monasterio.
1603 1916 1834 1976 Eramus
1875 1934 2006 1974 vero

433 2024 623 2065 onmes
648 2024 871 2066 numero
894 2011 1287 2082 quinquaginta
1310 2011 1412 2082 (a).

1228 2094 1287 2140 ,ο

503 2191 620 2247 XX.
657 2193 902 2260 Quodam
953 2204 1135 2249 autem
1173 2194 1261 2251 die
1297 2195 1392 2250 ivit
1418 2194 1756 2267 Epiphanius
1792 2196 1846 2250 in
1882 2211 2003 2250 mo-

433 2286 728 2339 nasterium
756 2286 939 2356 magni
984 2282 1281 2339 Hilarionis
1314 2283 1380 2340 ad
1412 2286 1671 2341 visendos
1709 2284 1926 2349 fratres,
1952 2294 2007 2340 et

431 2390 531 2446 rgo
566 2392 685 2431 sum
710 2391 835 2432 cum
857 2391 924 2431 eo
947 2376 1245 2446 profectus.
1281 2376 1735 2447 Exceperuntque
1764 2392 1864 2433 nos
1892 2376 2006 2431 fra-

432 2476 542 2522 tres
572 2483 696 2523 cum
733 2482 932 2538 magno
960 2468 1178 2538 gaudio,
1233 2474 1287 2523 et
1323 2483 1423 2523 nos
1466 2468 1670 2524 multos
1718 2468 1837 2525 dies
1878 2468 2008 2522 reti-

432 2568 688 2613 nuerunt.
749 2556 1009 2613 Diabolus
1060 2566 1265 2624 autem,
1307 2558 1399 2630 qui
1458 2560 1527 2615 ab
1578 2558 1734 2613 initio
1775 2566 1859 2614 est
1912 2556 2003 2613 Dei

432 2664 709 2705 servorum
743 2649 1111 2713 adversarius,
1150 2651 1364 2720 accepit
1403 2648 1650 2706 habitum
1692 2649 2002 2722 Epiphanii,

432 2749 483 2793 rt
536 2738 681 2793 venit
734 2740 787 2793 in
845 2740 1256 2807 monasterium,
1312 2741 1457 2812 quod
1509 2751 1735 2797 vocatur
1755 2742 2007 2814 Spanby-

431 2825 609 2880 drion.
637 2827 737 2881 (iui
783 2827 960 2884 factus
997 2829 1212 2884 obviam
1262 2829 1430 2885 frater
1482 2846 1545 2885 ex
1598 2831 1686 2897 iis,
1727 2830 1820 2900 qui
1850 2839 2007 2885 erant

433 2915 591 2982 paulo
616 2917 1051 2986 negligentiores,
1088 2918 1354 2993 cucurrit,
1381 2915 1447 2973 ad
1482 2932 1607 2973 eum
1632 2916 2002 2972 adorandum:

430 3016 481 3059 et
503 3006 701 3063 cadens
730 3007 782 3060 in
818 3017 1015 3062 terram
1049 3008 1297 3063 adoravit
1344 3009 1642 3079 pessimum
1676 3007 2003 3064 daemonem.

432 3094 494 3150 Et
530 3097 752 3152 intravit
791 3096 845 3151 in
885 3096 1104 3167 ipsum:
1143 3113 1321 3168 neque
1370 3107 1581 3168 poterat
1614 3097 1783 3153 teneri
1814 3112 1844 3152 a
1896 3096 2005 3151 fra-

429 3184 621 3240 tribus.
662 3185 806 3240 Dixit
852 3164 1031 3242 autem
1072 3164 1409 3257 Epiphanius
1451 3202 1649 3259 magno
1700 3186 1959 3242 llilarioni
1991 3204 2003 3240 :
2033 3164 2079 3226 ε

430 3274 606 3342 Pater,
649 3278 811 3348 lupus
860 3278 1140 3349 ingressus
1167 3288 1250 3334 est
1284 3266 1700 3342 monasterium,
1739 3287 1793 3333 et
1821 3279 2009 3334 turba-

429 3368 508 3421 vit
560 3368 776 3424 fratres.
827 3369 965 3423 Cum
1002 3370 1118 3425 haec
1152 3378 1333 3425 autem
1383 3370 1609 3426 dixisset
1647 3371 2006 3440 Epiphanius,

428 3466 483 3510 ct
530 3472 723 3513 omnes
775 3468 923 3514 esset
956 3462 1263 3530 amplexus,
1319 3460 1460 3514 viam
1516 3462 1761 3516 iniimus.
1807 3459 2009 3516 Tribus

431 3549 597 3618 igitur
644 3550 944 3619 aliquando
1000 3552 1222 3607 rusticis
1278 3553 1542 3623 ingressis
1591 3553 2005 3616 monasterium,

428 3641 725 3696 daemonem
759 3642 1099 3697 immundum
1134 3659 1277 3700 unus
1304 3644 1513 3698 hahuit.
1550 3643 1666 3698 Duo
1704 3653 1884 3699 autem
1916 3658 2008 3699 ro-

429 3731 628 3802 gabant
657 3746 757 3802 pro
804 3746 889 3796 eo,
929 3733 1023 3800 qui
1073 3733 1311 3788 habebat
1358 3733 1698 3789 immundum
1731 3734 2003 3803 spiritum,

374 3834 379 3841 '
429 3823 676 3878 dicentes
704 3842 717 3879 :
753 3822 856 3878 Fer
886 3839 1043 3894 opem
1074 3825 1225 3880 fratri
1257 3834 1465 3882 nostro.
1496 3825 1650 3881 Tunc
1671 3827 2007 3897 Epiphanius

433 3914 573 3967 dixit
603 3914 722 3969 eis:
778 3915 1041 3985 Accipite,
1094 3915 1220 3980 ﬁlii,
1261 3924 1506 3971 vestrum
1554 3916 1807 3978 amicum,
1845 3927 1898 3971 et
1936 3918 2007 3972 ite

429 4007 483 4060 in
514 4021 665 4077 pace.
699 4007 756 4061 ln
801 4008 1022 4063 nomine
1050 4008 1193 4063 enim
1242 4006 1371 4064 Jesu
1400 4007 1604 4064 Christt
1656 4010 1790 4064 nihil
1824 4019 1907 4066 est
1949 4011 2004 4065 in

429 4112 493 4151 eo
544 4097 692 4152 mali.
727 4099 885 4152 Cum
919 4096 1021 4167 ipsi
1076 4108 1258 4155 autem
1332 4099 1693 4156 credidissent
1739 4101 1788 4155 ei
1858 4102 2004 4172 quod

428 4190 637 4243 dixerat
685 4188 1060 4259 Epiphanius,
1111 4192 1245 4247 abiit
1297 4192 1462 4248 homo
1493 4206 1661 4248 sanus
1717 4193 1771 4247 in
1823 4193 2002 4248 locum

428 4293 611 4332 suum.

498 4546 636 4601 XXI.
680 4546 813 4601 Cum
859 4556 1003 4601 esset
1032 4553 1215 4600 autem
1261 4545 1553 4617 aliquando
1589 4546 1673 4601 leo
1706 4548 1759 4601 in
1806 4548 1999 4602 solitu-

428 4640 554 4695 dine
586 4640 652 4693 ad
682 4639 1082 4709 sexagesimum
1110 4639 1341 4710 lapidem
1367 4654 1398 4693 a
1421 4647 1609 4695 nostro
1638 4642 1996 4707 monasterio,

430 4731 632 4785 latebat
684 4730 739 4784 in
785 4730 958 4797 silva,
1008 4739 1063 4785 et
1105 4731 1383 4786 occidebat
1426 4731 1628 4788 multos
1676 4746 1743 4787 ex
1796 4733 1862 4789 iis
1906 4733 2000 4804 qui

427 4822 796 4891 praeteribant.
849 4820 1084 4893 Eratque
1134 4823 1222 4879 hic
1266 4824 1420 4879 locus
1466 4833 1628 4895 aptus
1672 4826 1995 4883 viatoribus.

431 4915 615 4971 Coacti
653 4914 818 4985 igitur
870 4928 1089 4974 omnes,
1136 4917 1227 4986 qui
1279 4916 1526 4972 solebant
1582 4933 1675 4987 per
1726 4917 1878 4972 illum
1912 4919 1997 4972 lo-

430 5021 553 5060 cum
588 5005 831 5075 ingredi,
868 5016 1134 5060 venerunt
1172 5006 1237 5061 ad
1272 5004 1631 5076 Epiphanium
1688 5007 1744 5061 in
1802 5024 1992 5064 mona-

430 5097 675 5161 sterium,
704 5097 946 5152 dicentes
977 5096 1026 5150 ei
1052 5097 1119 5153 de
1168 5097 1391 5151 animali
1438 5107 1492 5152 et
1515 5097 1581 5153 de
1612 5099 1732 5168 ejus
1766 5101 1993 5166 smvitia,

428 5194 479 5239 et
516 5188 658 5255 quod
689 5187 842 5243 locus
873 5188 1107 5243 evaserit
1144 5187 1536 5251 inhabitabilis,
1576 5197 1630 5244 et
1660 5189 1805 5260 quod
1835 5206 1996 5246 nemo

432 5291 528 5345 per
562 5293 686 5332 eum
731 5281 906 5348 possit
952 5281 1185 5335 transire
1233 5288 1453 5351 propter
1485 5289 1687 5336 metum
1721 5283 1916 5349 leonis,
1949 5292 2004 5338 et

429 5370 572 5438 quod
608 5384 731 5422 cum
766 5372 879 5438 ipse
920 5373 1122 5427 multos
1155 5374 1401 5430 homines
1447 5375 1762 5444 perdiderit,
1805 5377 2000 5447 reliqui

430 5459 702 5526 perterriti
735 5473 840 5513 non
869 5462 1102 5516 audeant
1127 5465 1360 5534 amplius
1392 5482 1487 5537 per
1529 5466 1707 5521 locum
1742 5470 1999 5527 transire.

508 5711 584 5782 (α)
624 5712 807 5767 Graece
847 5720 984 5766 octo.

2115 1916 2302 1986 φάνιος
2358 1918 2415 1969 ἐν
2472 1915 2790 1987 Σπανυδρίῳ
2856 1914 3118 1967 κατοικεῖ.
3180 1911 3529 1982 Συνήχθησαν
3591 1908 3681 1967 οὖν

2113 2007 2259 2061 ἄλλοι
2292 2006 2510 2077 ἀδελφοὶ
2540 2009 2597 2060 ἐν
2627 2006 2704 2077 τῷ
2738 2003 3104 2077 μοναστηρίῳ.
3138 2000 3356 2073 Ἠμεθα
3386 2003 3443 2057 δὲ
3469 2002 3517 2056 oi
3545 2003 3680 2057 πάν.

2112 2116 2224 2163 τες⁹
2253 2099 2343 2152 τὸν
2369 2099 2597 2169 ἀριθμὸν
2646 2106 2714 2171 η’.

2185 2193 2269 2246 Κ’.
2311 2191 2611 2263 Ἐπορεύθη
2659 2187 2752 2245 οὖν
2807 2186 3121 2262 Ἐπιφάνιος
3162 2196 3221 2249 ἐν
3267 2193 3366 2265 μιᾷ
3398 2188 3580 2260 ἡμέρᾳ
3627 2187 3681 2239 ἐν

2111 2282 2189 2348 τῷ
2228 2282 2571 2354 μοναστηρίῳ
2607 2281 2700 2335 τοῦ
2739 2282 2973 2353 μεγάλου
3015 2280 3317 2356 Ἱλαρίωνος
3346 2284 3425 2345 εἰς
3466 2278 3678 2331 ἐπίσκεε⁹

2111 2372 2205 2442 ψιν
2237 2372 2345 2425 τῶν
2374 2372 2638 2441 ἀδελφῶνο
2676 2374 2769 2426 καὶ
2808 2372 3110 2444 ἐπορεύθην
3139 2371 3294 2443 κάγὼ
3340 2371 3458 2442 μετ’
3495 2364 3680 2422 αὐτοῦ.

2112 2458 2222 2515 Καὶ
2247 2461 2573 2528 ἀπεδέξαντο
2605 2459 2753 2533 ἡμᾶς
2795 2464 2845 2516 oi
2876 2462 3097 2534 ἀδελφοὶ
3142 2463 3280 2536 μετά
3311 2463 3486 2536 χαρᾶς
3516 2457 3685 2530 {sexd-

2111 2552 2229 2623 λης,
2266 2553 2360 2606 καὶ
2387 2556 2637 2624 κατεῖχον
2665 2555 2809 2625 ἡμᾶς
2834 2555 3047 2628 ἡμέρας
3080 2555 3299 2619 πολλάς.
3338 2553 3396 2608 Ὀ
3429 2549 3522 2607 οὖν
3564 2551 3669 2605 διά-

2112 2643 2287 2707 ϐολος,
2332 2645 2361 2697 ὁ
2409 2643 2469 2709 ἐξ
2513 2646 2687 2717 ἀρχῆς
2738 2646 3111 2716 ἀντικείμενος
3169 2649 3281 2710 τοῖς
3329 2645 3535 2709 δούλοις
3586 2639 3680 2695 τοῦ

2112 2733 2269 2800 Θεοῦ,
2304 2735 2493 2789 ἐλαϐεν
2544 2737 2859 2807 Ἐπιφανίου
2904 2737 2966 2790 τδ
3012 2732 3231 2809 σχῆμα,
3265 2738 3359 2791 καὶ
3382 2735 3680 2808 ἀπέρχεται

2112 2827 2170 2879 ἐν
2213 2825 2291 2896 τῷ
2343 2827 2687 2898 μοναστηρίῳ
2743 2826 2823 2898 τῷ
2887 2828 3295 2900 ἐπικαλουμένῳ
3344 2824 3679 2897 Σπανυδρίῳ.

2113 2916 2456 2989 Συναντήσας
2505 2916 2563 2971 δέ
2621 2916 2772 2989 αὐτῷ
2824 2916 3050 2987 ἀδελφὸς
3102 2917 3211 2973 τῶν
3272 2916 3680 2989 ἀμελεστέρων,

2112 3007 2342 3081 ἔδραμεν
2372 3009 2451 3073 είς
2497 3007 2864 3080 προσκύνησιν
2892 3006 3077 3062 αὑτοῦ.
3118 3009 3229 3062 Καὶ
3272 3009 3337 3080 δὴ
3383 3007 3563 3061 πεσὼν
3589 3005 3681 3060 ἐπὶ

2111 3102 2209 3174 τὴν
2235 3099 2340 3172 γῆν
2369 3101 2774 3173 προσεκύνησεν
2802 3100 2880 3172 τῷ
2909 3101 3262 3173 πονηροτάτῳ
3299 3101 3532 3171 δαίμονι.
3570 3098 3681 3153 Καὶ

2110 3194 2354 3265 εἰσῆλθεν
2382 3195 2461 3257 είς
2495 3193 2683 3247 αὐτόν’
2720 3193 2815 3249 καὶ
2856 3189 2923 3265 ἦν
2951 3194 3259 3265 ἀκράτητος
3303 3195 3360 3246 ἐν
3387 3195 3499 3256 τοῖς
3529 3189 3679 3246 άδελ-

2110 3288 2251 3355 εροῐς.
2284 3282 2450 3338 Εἶπεν
2475 3284 2532 3338 δὲ
2574 3284 2888 3354 Ἐπιφάνιος
2927 3285 3061 3351 πρὸς
3101 3284 3190 3339 τὸν
3226 3284 3397 3354 μέγαν
3439 3282 3679 3353 Ἰλαρίω-

2110 3395 2202 3431 να·
2251 3377 2426 3440 Λύκος
2467 3376 2808 3449 ἐπεισῆλθεν,
2853 3376 3066 3448 Πάτερ,
3096 3378 3155 3429 ἐν
3197 3375 3274 3447 τῷ
3313 3372 3679 3446 μοναστηρίῳ,

2109 3467 2390 3540 ἐτάραξεν,
2418 3467 2703 3520 ἐσάλευσεν
2730 3467 2934 3531 πάντας
2959 3468 3079 3530 τοὺς
3108 3464 3389 3535 ἀδελφούς.
3415 3462 3596 3516 Ταῦτα
3623 3462 3680 3515 δὲ

2108 3558 2278 3612 είπὼν
2322 3559 2633 3627 Ἐπιφάνιος
2672 3558 3056 3627 ἀσπασάμενος
3090 3556 3355 3619 ἅπαντας,
3390 3552 3680 3624 ἐξήλθομεν

2106 3651 2207 3722 τὴν
2238 3649 2356 3705 ὁδὸν
2384 3649 2538 3720 ἡμῶν
2590 3648 2728 3703 Ποτέ
2755 3648 2886 3718 γοῦν
2919 3647 3085 3720 τριῶν
3119 3645 3388 3717 ἀγροίκων
3419 3642 3681 3696 εἰσελθόν-

2108 3759 2216 3795 των
2249 3744 2305 3794 ἐν
2334 3742 2411 3812 τῷ
2454 3741 2828 3812 μοναστηρίῳ,
2872 3739 3103 3809 δαίμονα
3136 3735 3443 3807 ἀκάθαρτον
3481 3730 3623 3804 εἶχεν
3651 3733 3680 3785 ὁ

2107 3828 2206 3896 εἷς.
2264 3832 2386 3884 Τῶν
2430 3830 2523 3884 δύο
2573 3826 2666 3885 οὖν
2716 3828 3176 3902 παρακαλούντων
3221 3827 3312 3880 τὸν
3368 3825 3680 3894 Ἐπιφάνιον

2110 3924 2238 3995 περὶ
2270 3923 2362 3977 τοῦ
2392 3923 2453 3976 τὸ
2498 3922 2714 3993 πνεῦμα
2752 3921 2966 3992 ἔχοντος
2998 3920 3058 3973 τὸ
3103 3918 3434 3989 ἀκάθαρτον,
3469 3915 3561 3968 καὶ
3589 3913 3680 3968 λε-

2107 4017 2344 4085 γόντων
2399 4013 2675 4086 Βοήθησον
2725 4012 2803 4084 τῷ
2851 4011 3008 4083 ήμῶν
3068 4010 3302 4080 ἑταίρῳ,
3366 4007 3681 4076 Ἑπιφάνιος

2107 4104 2258 4162 εἶπεν
2303 4109 2505 4171 αὐτοῖς’
2557 4104 2784 4168 Λάϐετε,
2829 4103 3014 4170 τέκνα,
3047 4102 3137 4155 τὸν
3177 4100 3330 4172 ὑμῶν
3373 4099 3555 4169 φίλον,
3586 4098 3680 4151 καὶ

2108 4198 2403 4269 πορεύεσθε
2456 4201 2514 4251 ἐν
2562 4197 2784 4268 εῑρήνῃσ
2835 4195 2894 4249 ἐν
2940 4194 3048 4268 γὰρ
3100 4193 3178 4265 τῷ
3227 4192 3447 4262 ὀνόματι
3504 4188 3679 4260 Ἰησοῦ

2106 4289 2364 4364 Χριστοῦ,
2395 4290 2546 4344 οὐδὲν
2572 4288 2740 4343 κακὸν
2765 4290 2823 4342 ἐν
2851 4286 3017 4358 αὐτῷ,
3054 4284 3464 4339 Πιστευσάντων
3490 4281 3546 4335 δὲ
3580 4280 3679 4334 αύ-

2107 4381 2214 4436 τῶν
2244 4380 2317 4452 τῷ
2348 4381 2492 4451 λόγῳ
2524 4379 2861 4449 Ἐπιφανίου,
2893 4377 3131 4450 ἀπῆλθεν
3155 4378 3182 4429 ὁ
3213 4374 3495 4445 ἄνθρωπος
3521 4372 3678 4443 ὑγιὴς

2034 4495 2085 4555 υ
2108 4475 2165 4527 ἐν
2190 4472 2267 4543 τῷ
2292 4473 2423 4541 οίκῳ
2451 4468 2636 4526 αὑτοῦ.

2176 4565 2306 4617 KA'.
2366 4562 2503 4616 Ποτέ
2563 4559 2654 4615 οὖν
2709 4560 2922 4623 λέοντος
2970 4559 3307 4630 ὑπάρχοντος
3366 4558 3426 4611 ἐν
3486 4557 3678 4628 ἐρήμῳ

2104 4655 2273 4724 τόπῳ,
2302 4652 2375 4716 ὡς
2413 4651 2522 4706 ἀπὸ
2554 4650 2797 4723 σημείων
2834 4644 2874 4715 ξ’
2905 4649 2981 4721 τῷ
3011 4648 3168 4720 ήμῶν
3205 4646 3574 4719 μοναστηρίῳ,
3608 4641 3678 4716 ἦν

2104 4750 2184 4808 εἰς
2216 4745 2349 4816 ’ύλην
2389 4744 2772 4815 κεκρυμμένος
2795 4782 2810 4806 ,
2841 4744 2936 4797 καὶ
2968 4741 3199 4805 πολλοὺς
3228 4739 3339 4793 τῶν
3375 4736 3678 4809 ἀνθρώπων

2103 4837 2212 4890 τῶν
2233 4835 2660 4908 παρερχομένων
2691 4833 2769 4904 τῷ
2800 4832 2948 4903 τόπῳ
2972 4830 3164 4902 ἐκείνῳ
3188 4827 3470 4900 ἠφάνιζεν.
3488 4823 3595 4880 Ἦν
3621 4826 3678 4879 δὲ

2104 4931 2132 4981 ὁ
2166 4928 2328 4991 τόπος
2362 4921 2515 4991 οὗτος
2542 4925 2842 4997 ἐπιτήδειος
2878 4927 2990 4988 τοῖς
3027 4922 3343 4991 ὁδοιπόροις.
3375 4917 3678 4989 Συναχθέν-

2104 5040 2196 5087 τες
2234 5018 2328 5076 οὗν
2363 5022 2600 5085 ἅπαντες
2638 5021 2686 5073 οἱ
2730 5019 2829 5091 τὴν
2864 5019 3152 5091 συνήθειαν
3193 5016 3406 5087 ἔχοντες
3445 5012 3678 5086 βαδίζειν

2102 5113 2191 5167 διὰ
2221 5112 2315 5166 τοῦ
2345 5113 2510 5166 τόπου
2536 5112 2769 5175 ἐκείνου,
2796 5107 2960 5183 ἦλθον
2993 5110 3131 5183 πρὸς
3158 5109 3476 5177 Ἐπιφάνιον
3511 5108 3570 5158 ἐν
3601 5103 3678 5173 τῷ

2108 5204 2452 5277 μοναστηρίῳ
2471 5246 2486 5270 ,
2514 5203 2764 5273 λέγοντες
2791 5202 2940 5273 αὐτῷ
2971 5202 3041 5256 τά
3082 5201 3211 5271 περὶ
3242 5197 3334 5253 τοῦ
3372 5195 3542 5263 ζὼου,
3585 5194 3680 5247 καὶ

2106 5298 2206 5367 τῆς
2235 5295 2462 5362 ἀταξίας
2495 5295 2659 5351 αὐτοῦ
2691 5297 2791 5366 τῆς
2833 5295 3076 5366 πονηρᾶς
3098 5308 3111 5322 ⁸
3141 5291 3234 5346 καὶ
3278 5291 3361 5344 ὅτι
3392 5287 3641 5359 ἀοίκητος
3660 5324 3676 5349 ,

2106 5386 2201 5440 καὶ
2223 5386 2421 5450 ἄϐατος
2448 5389 2475 5440 ὁ
2494 5386 2657 5451 τόπος
2685 5387 2921 5455 ἐγένετο,
2939 5380 2984 5439 ὦ
3005 5384 3207 5456 Πάτερ,
3235 5380 3344 5436 ἀπὸ
3370 5378 3465 5435 τοῦ
3491 5376 3677 5446 φόῆουο

2108 5477 2293 5548 φησὶν,
2315 5477 2408 5531 τοῦ
2430 5478 2660 5545 λέοντος,
2688 5479 2769 5533 ὅτι
2798 5477 3026 5540 πολλοὺς
3056 5472 3376 5547 ἀνθρώπους
3402 5468 3676 5535 διώλεσεν.
