4058 6434
374 413 443 473 ιθ
1682 404 1743 459 S.
1782 403 2128 460 EPIPHAMI
2174 403 2354 458 VITA.
3561 394 3633 451 50

372 529 480 586 Καὶ
503 530 550 582 οἱ
578 523 762 581 λοιποὶ
801 524 1127 596 πτοηθέντες
1171 521 1356 576 οὐκέτι
1403 521 1649 576 θέλουσιν
1680 521 1943 591 παράγειν

2055 520 2159 587 Qui
2199 535 2324 576 cum
2351 518 2418 574 de
2446 516 2617 574 leonis
2648 515 2936 572 insolentia
2972 514 3260 579 audiissct,
3294 511 3430 569 dixit
3454 515 3656 596 omnif

368 621 456 675 τὸν
497 621 654 673 τόπον
690 619 922 671 ἐκεῖνον.
959 615 1227 679 ’Δκούσας
1260 614 1319 668 δὲ
1348 614 1669 682 Ἐπιφάνιος
1694 614 1823 685 περὶ
1849 612 1951 682 τῆς

368 712 588 779 ἀταξίας
624 710 719 765 τοῦ
743 709 979 773 λέοντος,
1011 703 1167 761 εἶπεν
1195 708 1332 779 πρὸς
1368 706 1614 770 ἅπαντας
1648 706 1775 768 τοὺς
1807 721 1951 776 παρ-

366 804 631 868 εστῶτας·
665 804 946 873 Ἄγωμεν,
991 800 1156 873 φησιν
1178 839 1195 865 ,
1225 800 1430 862 τέκνα,
1466 799 1560 852 ἐπὶ
1604 798 1684 870 τῷ
1724 798 1950 869 ὀνόματι

367 896 592 967 Κυρίου,
623 895 718 949 καὶ
744 893 991 966 ὀψόμεθα
1031 893 1125 948 τὸν
1148 892 1343 946 λέοντα
1369 891 1467 945 τὰν
1495 890 1811 963 αἱ-μοϐόρον.
1837 892 1948 944 Δα-

366 984 474 1038 εὼν
508 981 601 1039 οὗν
629 984 731 1054 ἐμὲ
758 982 1101 1052 Ἐπιφάνιος,
1137 979 1518 1053 ἐπορεύθημεν
1554 979 1692 1049 μετὰ
1724 979 1833 1032 τῶν
1860 981 1951 1033 ἀν·-

365 1075 617 1147 θρώπων.
638 1074 943 1131 Ἐλθόντων
965 1073 1022 1127 δὲ
1049 1074 1230 1146 ἡμῶν,
1255 1073 1417 1126 ἔπεσε
1475 1072 1837 1142 φόϐοςμέγας
1858 1073 1951 1126 ἐπὶ

365 1167 571 1232 πάντας
600 1168 729 1231 τοὺς
759 1166 920 1230 ὄντας
949 1164 1067 1236 μεθ’
1106 1163 1286 1235 ἡμῶν.
1321 1160 1490 1218 Εἶπεν
1534 1163 1593 1216 δὲ
1632 1163 1950 1230 Ἐπιφὰνιος

363 1258 498 1329 πρὸς
530 1257 657 1321 τοὺς
685 1255 1008 1329 ἀνθρώπους
1028 1273 1040 1286 ·
1073 1253 1218 1317 Ποῦ,
1252 1254 1449 1324 φησιν,
1500 1252 1665 1306 τέκνα
1690 1293 1704 1313 ,
1737 1252 1882 1305 ἐστιν
1914 1254 1946 1324 ἡ

367 1348 683 1420 κατοίκησις
724 1347 831 1401 τοῦ
866 1347 1109 1412 λέοντος;
1160 1345 1280 1399 Τῶν
1325 1345 1382 1401 δὲ
1425 1344 1816 1410 ὑποδειξάντων
1859 1345 1950 1398 τὸν

362 1442 543 1502 τόπον,
589 1439 803 1493 ἔϐαινεν
832 1439 1155 1508 Ἐπιφάνιος
1196 1437 1414 1508 πρῶτος
1463 1437 1702 1491 πόειτων.
1739 1435 1847 1490 Τοῦ
1892 1437 1950 1491 δὲ

362 1532 573 1598 λέοντος
631 1533 903 1605 μηδέποτε
968 1531 1345 1603 βλεπομένου,
1398 1531 1585 1600 ἔλεγεν
1631 1530 1949 1599 Ἐπιφάνιος

364 1620 578 1694 μεγάλῃ
608 1624 672 1692 τῇ
709 1624 861 1693 φωνῇ
883 1636 895 1650 ’
939 1618 1051 1675 Ποῦ
1098 1618 1247 1673 ἐστιν
1293 1620 1352 1672 τὸ
1402 1620 1821 1691 κατοικητήριον
1853 1617 1947 1671 τοῦ

360 1712 599 1769 ἀτάκτου
627 1712 839 1775 λέοντος
864 1730 879 1779 ;
908 1711 1279 1783 Ἐξεπήδησεν
1329 1711 1386 1768 δὲ
1429 1713 1456 1764 6
1504 1711 1643 1765 λέων
1692 1710 1802 1764 ἀπὸ
1848 1711 1947 1781 τῆς

363 1802 492 1874 ὕλης
528 1805 610 1865 εἰς
638 1803 962 1874 συνάντησιν
982 1802 1324 1871 Ἐπιφανίου.
1359 1797 1527 1866 Οὗτος
1560 1802 1617 1855 δὲ
1656 1800 1778 1856 ἰδὼν
1793 1804 1948 1856 Ἐπι-

2055 612 2158 667 bus
2206 610 2300 681 qui
2349 610 2576 665 aderant
2614 627 2635 663 :-
2672 607 2876 663 Eamus
2938 607 2993 661 in
3036 607 3260 661 nomine
3305 604 3542 669 Domini,
3581 616 3635 661 et

2054 702 2335 758 videamus
2383 701 2617 756 leonem.
2668 698 2754 753 Me
2785 705 2968 753 autem
3010 704 3258 765 accepto,
3302 695 3635 766 Epiphanius

2054 793 2277 865 quidem
2329 790 2610 863 profectus
2641 797 2725 846 est
2753 804 2879 845 eum
2918 787 3257 844 hominibus.
3288 784 3354 840 Et
3389 800 3512 840 cum
3540 800 3634 840 ve-

2053 885 2328 940 nissemus
2359 883 2424 938 ad
2474 882 2654 937 locum
2682 921 2697 947 ,
2730 880 2922 935 incidit
2962 894 3196 949 magnus
3244 878 3406 933 timor
3435 876 3490 930 in
3518 891 3634 930 om-

2052 990 2152 1030 nes
2208 973 2301 1043 qui
2336 980 2494 1027 erant
2527 972 2833 1027 nobiscum.
2868 968 2960 1024 Eis
2987 978 3170 1023 autem
3208 968 3347 1023 dixit
3398 966 3635 1036 Epipha-

2053 1065 2217 1120 nius:
2248 1062 2351 1119 Ubi
2394 1073 2498 1127 est,
2535 1079 2568 1117 0
2595 1062 2712 1127 lilii,
2746 1062 2920 1117 leonis
2953 1059 3256 1115 habitatio?
3282 1057 3529 1128 Cumque
3555 1056 3635 1112 lo-

2053 1172 2180 1213 cum
2206 1156 2599 1219 ostendissent,
2620 1154 2714 1207 ivit
2741 1153 2956 1223 primus
2977 1151 3317 1222 Epiphanius
3338 1149 3406 1203 ad
3431 1149 3629 1205 locum.

2053 1251 2120 1304 Et
2171 1263 2297 1303 cum
2331 1249 2416 1303 leo
2450 1247 2691 1302 nondum
2740 1245 3040 1308 videretur,
3097 1243 3233 1298 dixit
3274 1257 3469 1312 magna
3502 1256 3634 1296 voce

2054 1339 2393 1411 Epiphanius
2423 1356 2437 1391 :
2475 1337 2574 1393 Ubi
2611 1348 2693 1393 est
2721 1337 2894 1393 leonis
2923 1334 3335 1390 habitaculum?
3365 1334 3472 1387 Leo
3506 1346 3634 1385 vero

2050 1433 2184 1487 exiit
2228 1447 2258 1485 e
2289 1431 2448 1495 silva,
2490 1438 2549 1484 ut
2587 1429 2689 1484 iret
2736 1428 2951 1481 obviam
2980 1425 3305 1495 Epiphanio.
3357 1423 3403 1480 ls
3450 1432 3632 1476 autem

2050 1543 2174 1585 cum
2199 1525 2424 1581 vidisset
2447 1523 2838 1596 Epiphanium,
2872 1520 3055 1575 statim
3085 1521 3140 1573 in
3178 1528 3376 1571 terram
3412 1516 3633 1580 cecidit,

2049 1624 2103 1673 et
2137 1615 2341 1672 mansit
2393 1622 2666 1669 mortuus.
2704 1608 2975 1666 Cadaveri
3017 1623 3147 1663 vero
3177 1605 3635 1677 appmpinquavit

2050 1707 2393 1780 Epiphanius
2425 1723 2439 1760 :
2477 1703 2801 1774 sed'reliqui
2836 1715 3030 1757 omnes
3059 1682 3367 1769 eﬂugeiunt
3389 1736 3405 1761 ,
3437 1712 3633 1766 magno

2049 1809 2199 1856 metu
2249 1798 2449 1854 allecti.
2502 1795 2841 1867 Epiphanius
2885 1803 3066 1847 autem
3107 1805 3303 1861 magna
3335 1805 3468 1844 voce
3501 1789 3636 1844 dixit

360 1870 571 1961 φάνιον,
612 1895 815 1959 εὐθέως
845 1870 1037 1949 έπεσεν
1066 1870 1162 1947 ἐπὶ
1190 1893 1289 1965 τὴν
1313 1896 1418 1964 γῆν
1436 1934 1452 1958 ,
1494 1895 1590 1948 καὶ
1620 1895 1835 1965 ἔμεινεν
1863 1912 1942 1948 νε-

2049 1893 2136 1947 ei:
2168 1890 2361 1946 Venite
2394 1904 2613 1954 secure,
2651 1887 2783 1950 lilii,
2836 1896 2889 1940 et
2927 1884 3179 1939 videbitis
3208 1870 3439 1938 cadaver
3484 1880 3630 1936 rem.

360 1985 508 2055 κρός.
536 1985 799 2055 Ἐγγίσας
818 1985 875 2040 δέ
900 1986 1219 2055 Ἐπιφάνιος
1242 1987 1411 2055 ἐγγὺς
1431 1986 1525 2040 τοῦ
1555 1987 1822 2058 στόματος
1846 1985 1945 2058 (a),

2042 1982 2314 2038 Omnibus
2352 1998 2480 2037 vero
2509 1980 2693 2035 statim
2746 1978 3009 2042 collectis,
3043 1977 3290 2032 viderunt
3327 1990 3516 2031 omnes
3549 1989 3635 2030 ca-

360 2076 408 2129 οἰ
442 2076 649 2141 πάντες
681 2077 965 2146 ἀπέφυγον
1001 2077 1151 2149 φόϐῳ
1195 2077 1420 2148 μεγάλῳ
1450 2076 1824 2148 συσχεθέντες,
1859 2077 1943 2131 λο-

2045 2077 2209 2130 daver
2233 2074 2383 2129 ferte.
2414 2072 2554 2127 Tum
2592 2071 2930 2141 Epiphanius
2958 2072 3037 2124 sic
3067 2084 3163 2123 eos
3193 2068 3467 2122 allocutus
3496 2076 3581 2121 est
3613 2084 3627 2120 :

358 2162 667 2234 γιζόμενοι,
709 2167 782 2236 μή
817 2183 934 2230 πως
965 2166 1057 2219 καὶ
1081 2167 1405 2236 Ἐπιφάνιον
1439 2166 1764 2222 θανατώσει.
1802 2169 1860 2220 '0
1892 2166 1949 2220 δὲ

370 2255 684 2325 Ἐπιφάνιος
731 2259 943 2332 μεγάλῃ
992 2262 1058 2332 τῇ
1108 2265 1258 2335 φωνῇ
1308 2263 1492 2331 ἔλεγεν
1553 2261 1687 2331 πρὸς
1742 2262 1950 2331 πάντας

357 2347 585 2412 αὐτούς·
614 2349 801 2415 Δεῦτε,
832 2354 1015 2422 φησὶν,
1050 2355 1290 2424 ἀφόόως,
1321 2354 1509 2419 τέκνα,
1533 2354 1626 2408 καὶ
1650 2352 1849 2424 ὄψεσθε
1881 2353 1941 2405 τὸ
1988 2398 1996 2406 .

358 2439 559 2510 πτῶμα
593 2441 688 2495 τοῦ
733 2443 946 2515 θηρίου.
991 2445 1111 2500 Τῶν
1157 2446 1215 2500 δὲ
1258 2447 1514 2501 ἁπάντων
1568 2446 1772 2509 εὐθέως
1822 2462 1943 2498 συν-

356 2530 652 2599 αχθέντων,
687 2534 791 2589 ἴδον
823 2538 873 2590 οἱ
912 2537 1111 2601 πάντες
1135 2538 1197 2592 τὸ
1226 2538 1429 2610 πτῶμα
1459 2538 1553 2591 τοῦ
1602 2538 1813 2609 θηρίου.
1847 2532 1940 2590 Εἷ-

2048 2163 2105 2219 Si
2157 2165 2319 2220 Iidem
2375 2164 2677 2218 habueritis
2725 2162 2780 2216 in
2819 2159 3160 2214 Salvatorem
3206 2158 3509 2222 Christum,
3555 2158 3636 2212 sic

2047 2259 2242 2313 cadent
2274 2271 2466 2310 omnes
2515 2254 2681 2309 vestri
2731 2251 3098 2307 insidiatores.
3143 2248 3282 2304 Cum
3316 2264 3417 2304 nos
3451 2260 3631 2305 autem

2047 2365 2237 2405 omnes
2266 2348 2604 2416 acet-pissent
2644 2345 2916 2409 homines,
2971 2341 3325 2396 restituerunt
3356 2352 3634 2396 monaste-

2049 2443 2154 2496 rio.
2188 2440 2405 2510 Ipsique
2432 2436 2867 2494 benedictionem
2901 2435 3139 2490 assecuti
3193 2435 3262 2489 ab
3307 2433 3632 2503 Epiphanio,

2048 2531 2280 2602 ingressi
2311 2539 2439 2585 sunt
2463 2529 2606 2582 viam
2637 2542 2815 2582 suam.

358 2639 453 2675 πεν
476 2624 534 2678 δὲ
557 2627 876 2697 Ἐπιφάνιος
899 2632 1034 2701 πρὸς
1066 2634 1192 2698 τοὺς
1220 2633 1573 2705 ἁνθρώπους¹
1605 2632 1737 2687 Ἐὰν
1759 2631 1942 2684 πίστιν
1980 2628 2142 2702 ἔχητε
2191 2625 2328 2697 πρὸς
2369 2624 2462 2677 τὸν
2513 2622 2745 2694 Σωτῆρα
2774 2663 2787 2687 ,
2839 2622 2887 2673 oi
2938 2620 3091 2691 ὑμῶν
3134 2619 3408 2674 ἐπίϐουλοι
3462 2618 3634 2685 οὕτως

357 2717 642 2794 πεσοῦνται
679 2722 898 2786 πάντες.
931 2723 1202 2790 Λαϐόντες
1245 2726 1304 2780 δὲ
1342 2728 1494 2799 ἡμᾶς
1550 2727 1751 2791 πάντες
1794 2727 1844 2780 οἱ
1885 2725 2105 2796 ἄνδρες,
2151 2721 2442 2774 ἀπέσωσαν
2492 2717 2651 2772 πάλιν
2704 2719 2762 2770 έν
2808 2710 2887 2786 τῷ
2925 2715 3295 2787 μοναστηρίῳ,
3334 2713 3427 2766 καὶ
3458 2712 3632 2775 αὐτοὶ,

357 2811 741 2883 εὖλογηθέντες
795 2815 947 2888 παρὰ
1003 2818 1325 2887 Ἐπιφανίου
1349 2858 1364 2884 ,
1412 2819 1790 2891 ἐπορεύθησαν
1842 2818 1941 2888 τὴν
1980 2813 2186 2869 ἑαυτῶν
2216 2812 2354 2866 ὁδόν.

425 2904 556 2958 KB'.
596 2904 890 2978 Ἐδοξὰσθη
934 2908 991 2961 δὲ
1030 2910 1060 2961 ό
1103 2910 1269 2974 τόπος
1315 2911 1344 2964 6
1385 2910 1579 2983 πρώην
1610 2909 1943 2981 καλούμενος

357 2995 709 3068 Σπανύδριον,
731 2997 821 3051 διὰ
842 2998 1181 3069 Ἐπιφανίου.
1200 2998 1310 3055 τΗν
1341 3003 1452 3073 γάρ
1486 3019 1619 3055 ποτε
1658 3001 1935 3072 ἀοίκητος,

357 3086 447 3140 καὶ
473 3086 697 3156 ἄϐατος,
729 3089 823 3142 καὶ
849 3090 1076 3163 ἄνυδρος
1096 3102 1112 3123 ·
1148 3092 1231 3147 διὸ
1263 3095 1359 3148 καὶ
1399 3094 1505 3164 τὴν
1523 3094 1840 3165 ἐπωνυμίαν
1872 3096 1937 3147 ἐκ

358 3176 449 3229 τοῦ
482 3178 558 3249 μὴ
585 3177 729 3249 ἔχειν
762 3178 928 3252 ὕδωρ,
963 3183 1298 3254 ἐπεκέκλητο
1324 3184 1659 3254 Σπανύδριον
1681 3202 1694 3215 ·
1725 3186 1941 3253 ἐγένετο

2045 3193 2185 3248 aqua
2232 3191 2449 3232 carens.

355 3271 411 3326 δέ
449 3274 779 3347 παράδεισος
810 3278 1030 3334 πάντων
1062 3278 1282 3348 ἀγαθῶν
1325 3282 1589 3352 μετέχων,
1641 3281 1851 3335 ὑδάτων
1883 3281 1940 3334 δέ

357 3365 666 3439 πλημμύρα
701 3368 795 3420 καὶ
824 3369 1101 3439 ἐδωδξμων
1132 3371 1426 3442 διαφόρων.
1461 3373 1618 3427 Μετὰ
1648 3370 1742 3427 οὖν
1772 3373 1942 3426 ἁπάν-

357 3456 709 3523 ⁶των-τούτων,
738 3451 815 3512 ὧν
835 3459 1148 3534 κατηξιώθη
1174 3460 1494 3532 Ἐπιφάνιος
1525 3464 1630 3517 ὑπὸ
1656 3463 1751 3517 τοῦ
1782 3462 1940 3528 Θεοῦ,

354 3548 415 3599 τὸ
437 3548 583 3618 μέγα
614 3549 775 3603 τοῦτο
808 3551 904 3606 καὶ
938 3552 1252 3623 θαυμαστὸν
1276 3554 1449 3626 δῶρον
1478 3556 1770 3628 ἐχαρίσατο
1793 3553 1942 3625 αὐτῷ

354 3641 383 3690 6
411 3639 580 3704 Θεὸς,
632 3640 730 3693 τοῦ
783 3642 922 3713 μετὰ
955 3644 1138 3715 πάσης
1180 3645 1439 3716 ἀληθείας
1486 3647 1810 3719 ἑρμηνεύειν
1843 3647 1943 3712 τὰς

356 3727 504 3793 Θείας
538 3730 784 3802 Γραφάς.
837 3729 1146 3805 Λαμῦἀνων
1171 3737 1282 3808 γὰρ
1314 3738 1413 3800 τὰς
1439 3736 1693 3802 θεοειδεῖς
1728 3738 1947 3807 βίϐλους

355 3820 447 3872 καὶ
479 3821 875 3890 ἀναγινώσκων
922 3828 1036 3888 τοῖς
1078 3827 1350 3896 ἀδελφοῖς,
1388 3830 1487 3899 τὴν
1511 3828 1717 3882 τούτων
1761 3830 1942 3883 πᾶσαν

356 3910 584 3983 δύναμιν
608 3914 958 3970 ἐπεδείκνυεν
986 3918 1193 3982 αὐτοῖς.
1216 3920 1487 3983 Ἀκούσας
1514 3920 1571 3974 δὲ
1601 3920 1939 3989 Ἐπιφὰνιος,

352 4007 377 4058 ἑ
407 4004 582 4073 μέγας
611 4006 817 4078 ῥήτωρ,
844 4009 873 4062 6
909 4010 1005 4063 καὶ
1030 4010 1399 4084 φιλοσοφήσας
1426 4012 1525 4084 τῆς
1552 4011 1777 4084 Ἐδέσης
1806 4012 1941 4066 κάτ-

352 4112 501 4160 οικος
524 4098 653 4169 περὶ
686 4097 1028 4168 Ἐπιφανιου,
1057 4103 1138 4155 ὅτι
1169 4102 1347 4171 λόγλιός
1383 4105 1553 4166 ἐστιν,
1593 4104 1941 4174 ἐπεθύμησεν

355 4186 446 4239 ἐπὶ
482 4188 753 4262 συντυχίᾳ·
774 4190 967 4245 τούτου
1005 4192 1201 4247 ἐλθεῖν.
1246 4195 1357 4248 Καὶ
1389 4195 1453 4267 δὴ
1497 4196 1942 4266 παραγενόμενος

354 4278 409 4329 ἐν
437 4278 516 4349 τῷ
549 4297 790 4352 μοναστη
801 4282 921 4353 ρίῳ,
948 4283 1009 4335 τὸ
1039 4284 1243 4356 πλῆθος
1271 4285 1381 4338 τῶν
1410 4286 1653 4354 ἀδελφῶν
1672 4283 1740 4358 ἦν
1769 4285 1941 4350 ἑστὼς

354 4368 445 4425 καὶ
471 4370 574 4433 τὰς
601 4371 877 4443 ὑμνῳδίας
910 4374 1236 4445 ἀναπέμπον
1267 4377 1347 4449 τῷ
1378 4377 1513 4449 Θεῷ.
1545 4374 1654 4431 Ἦν
1683 4378 1744 4432 δὲ
1763 4378 1939 4431 ρἘπιο

356 4462 541 4528 φάνιος
568 4461 688 4516 καθ’
710 4464 904 4518 ἑαυτὸν
927 4465 1028 4528 τὰς
1059 4466 1227 4537 εύχάς
1257 4469 1537 4523 ἐπιτελῶν.
1562 4468 1673 4522 Καὶ
1707 4468 1772 4539 δὴ
1800 4468 1938 4539 μετὰ

2124 2902 2292 2957 XXII.
2323 2902 2721 2958 Gloriaautem
2756 2900 2996 2971 insignis
3013 2898 3114 2953 fuit
3147 2899 3322 2963 locus,
3355 2897 3447 2968 qui
3482 2898 3633 2966 prius

2045 2995 2343 3051 vocabatur
2383 2992 2793 3065 Spanbydrion,
2844 3002 3065 3061 propter
3084 2989 3471 3061 Epiphanium.
3512 2985 3637 3042 Fuit

2043 3088 2195 3143 enim
2234 3085 2532 3156 aliquando
2582 3086 2738 3140 locus
2781 3085 2965 3140 invius
2994 3124 3010 3149 ,
3045 3091 3101 3137 et
3146 3082 3540 3143 inhabitabilis,
3581 3089 3635 3134 ct

2530 3173 2900 3243 Quamobrem
2949 3174 3369 3244 cognominatus
3416 3185 3637 3244 quoque

2044 3269 2150 3323 fuit
2168 3267 2577 3340 Spanhydrion,
2607 3282 2673 3321 eo
2702 3265 2849 3336 quod
2872 3280 3067 3335 aquam
3114 3280 3222 3318 non
3270 3264 3511 3317 haberet.
3540 3260 3634 3315 Ef-

2042 3362 2218 3416 fectus
2244 3369 2329 3416 est
2356 3369 2539 3414 autem
2577 3357 2894 3429 paradisus,
2925 3356 2980 3410 in
3012 3370 3122 3426 quo
3149 3363 3307 3409 erant
3340 3354 3483 3408 bona
3509 3369 3633 3408 om-

2044 3451 2153 3505 nia.
2204 3452 2261 3505 In
2308 3464 2484 3520 eoque
2529 3448 2881 3504 abundabant
2932 3465 3109 3519 aquaa,
3150 3456 3205 3503 et
3235 3448 3510 3503 esculenta
3550 3448 3634 3501 di-

2043 3544 2187 3601 versi
2214 3544 2456 3614 generis.
2492 3544 2631 3598 Cum
2662 3542 2731 3597 iis
2757 3557 2888 3613 ergo
2922 3543 3206 3605 omnibus,
3234 3536 3436 3610 quibus
3466 3556 3495 3594 a
3523 3539 3633 3593 Deo

2041 3636 2241 3707 dignus
2275 3634 2379 3689 fuit
2415 3634 2636 3690 habitus
2685 3634 3044 3704 Epiphanius,
3099 3634 3205 3689 hoc
3253 3648 3472 3703 quoque
3512 3646 3632 3685 ma-

2042 3742 2207 3797 gnum
2259 3735 2313 3781 et
2347 3726 2671 3781 admirabile
2712 3726 2913 3780 donum
2964 3724 3013 3778 ei
3061 3723 3205 3781 Deus
3251 3733 3335 3778 est
3380 3723 3630 3794 largitus,

2042 3819 2190 3886 quod
2237 3834 2363 3874 cum
2414 3819 2563 3872 omni
2619 3818 2853 3872 veritate
2901 3818 3118 3872 divinas
3179 3816 3635 3885 interpretaretur

2045 3910 2357 3980 Scripturas
2403 3927 2417 3965 :
2455 3909 2671 3964 divinos
2696 3909 2844 3963 enim
2878 3908 3048 3962 libros
3087 3921 3330 3971 sumens,
3363 3913 3417 3959 et
3448 3905 3633 3974 legens

2045 4002 2330 4065 fratribus,
2381 4016 2572 4057 eorum
2605 4002 2712 4055 vim
2746 4017 2966 4070 quoque
2994 3998 3325 4055 declarabat.
3357 3996 3495 4050 Cum
3535 4011 3633 4047 au-

2045 4106 2152 4151 tem
2205 4094 2547 4164 Epiphanius
2571 4109 2804 4163 magnus
2829 4104 3017 4146 orator
3044 4101 3099 4145 et
3128 4089 3508 4161 philosophus,
3538 4088 3632 4157 qui

2046 4187 2324 4243 habitabat
2354 4185 2567 4249 Edessa,
2594 4184 2865 4238 audiisset
2891 4182 3255 4252 Epiphaniam
3290 4195 3414 4235 esse
3444 4181 3632 4232 erudi-

2045 4290 2195 4346 tum,
2234 4278 2565 4333 desideravit
2611 4291 2737 4330 eum
2786 4275 3103 4330 convenire.
3154 4272 3291 4327 Cum
3338 4280 3520 4327 autem
3577 4272 3631 4326 iu

2043 4370 2440 4426 monasterium
2474 4368 2796 4424 accessisset
2848 4365 3207 4437 Epiphanius,
3240 4367 3417 4422 stabat
3456 4367 3634 4421 multi-

2044 4458 2175 4513 tudo
2207 4456 2479 4525 fratrum,
2525 4466 2580 4512 et
2629 4456 2736 4511 Deo
2790 4456 3040 4511 mittebat
3087 4455 3462 4527 hymnodiam.
3502 4454 3634 4510 Erat

354 4549 628 4605 τελείωσιν
667 4553 886 4626 ἀπάσης
930 4556 1032 4627 τῆς
1079 4556 1372 4628 λατρείας,
1416 4558 1572 4632 ὤφθη
1617 4559 1939 4629 Ἐπιφάνιος

2045 4566 2174 4607 vero
2225 4549 2563 4635 Epiphanius
2605 4564 2828 4620 quoque
2871 4559 3060 4619 preces
3104 4564 3200 4619 per
3247 4563 3306 4604 se
3345 4564 3628 4619 peragens.

353 4644 462 4705 τοῖς
493 4642 741 4712 ἀδελφοῖς
761 4662 776 4676 ·
811 4641 880 4719 ἦν
911 4648 970 4701 δὲ
1000 4651 1031 4701 6
1071 4651 1258 4721 ῥήτωρ
1288 4650 1459 4715 ἑστὼς
1478 4690 1493 4715 ,
1531 4653 1623 4706 καὶ
1653 4653 1938 4724 προσέχων

353 4733 428 4803 τῷ
462 4734 696 4807 πλήθει,
741 4742 835 4793 καὶ
878 4741 1102 4813 μηδένατ
1131 4744 1538 4813 ἀσπασάμενος.
1579 4747 1667 4809 Ὠς
1699 4742 1795 4800 οὖν
1830 4747 1938 4800 ἴδεν

352 4824 439 4877 τὸν
477 4827 796 4897 Ἐπιφάνιον
844 4832 875 4884 6
921 4834 1213 4904 φιλόσοφος
1239 4876 1253 4900 ,
1292 4838 1538 4905 ἐπέγνω,
1592 4840 1685 4909 καὶ
1713 4839 1938 4911 δραμὼν

352 4920 771 4993 προσεκύνησεν
798 4924 979 4979 αὐτόν.
1031 4923 1195 4982 Εἶπεν
1238 4928 1297 4981 δὲ
1328 4928 1645 4998 Ἐπιφάνιος
1675 4931 1753 5002 τῷ
1786 4932 1938 5002 φιλο-

353 5010 520 5082 σόφφο
555 5011 639 5078 TI,
670 5016 698 5067 6
737 5016 911 5085 μέγας
960 5017 1296 5086 Ἐπιφάνιος,
1341 5023 1370 5074 6
1404 5018 1578 5092 μέγας
1619 5023 1834 5095 ῥήτωρ,
1885 5024 1939 5077 τε

354 5102 653 5170 παρεγένου
697 5104 835 5176 πρὸς
880 5105 973 5167 τὸν
1006 5110 1337 5181 μικρότατον
1361 5112 1458 5165 καὶ
1484 5114 1938 5184 ἀμαρτωλότατον

356 5187 521 5260 ἄνδρα
550 5190 957 5262 Ἑπιφανίδιον;
991 5195 1117 5250 Ἐπὶ
1169 5197 1329 5253 τοῦτό
1370 5218 1430 5255 σε
1465 5202 1752 5273 θαυμάζω,
1785 5205 1938 5273 φιλό-

355 5297 483 5349 σδφε
509 5323 523 5348 ,
566 5285 618 5336 τί
667 5286 803 5358 πρὸς
844 5288 936 5341 τὸν
972 5289 1191 5363 ἰδιώτην
1235 5296 1544 5366 παρεγένου
1568 5297 1668 5349 ’καὶ
1704 5298 1940 5367 μάλιστα

356 5373 439 5427 διὰ
471 5376 736 5449 τοσαύτης
761 5379 883 5433 ὁδοῦ
903 5398 916 5411 ο
946 5382 1037 5435 διὰ
1066 5385 1228 5438 ποίαν
1260 5388 1463 5451 αἰτίαν,
1491 5389 1632 5450 εἰπὲ,
1669 5390 1855 5461 φησὶν,
1892 5386 1936 5446 ὢ

356 5468 642 5539 φιῖι.όσοφε;
685 5472 743 5526 Ὀ
785 5472 842 5525 δὲ
879 5475 1167 5545 φιλόσοφος
1212 5474 1364 5532 εἶπεν
1409 5480 1547 5553 πρὸς
1581 5481 1933 5551 Ἐπιφὰνιοψ

356 5560 443 5630 Μὴ
475 5560 722 5633 θαύμαζε
758 5565 850 5619 ἐπὶ
875 5566 1053 5630 τοῦτο,
1080 5568 1365 5623 διδάσκαλε
1392 5572 1758 5645 πεποθημένε.
1780 5575 1935 5629 Ἔλε-

359 5669 415 5720 γε
444 5657 552 5727 γὰρ
581 5658 855 5725 Διονύσιος
898 5664 927 5715 ό
974 5663 1471 5735 Ἀλικαρνασσεὺς,
1517 5666 1597 5718 ὅτι
1670 5667 1937 5734 πρόσωπα

425 5818 500 5881 Ic)
540 5815 806 5887 lutcrprcs
838 5820 965 5888 legit
996 5822 1307 5885 πτώματος.
1349 5822 1505 5877 Eutr.
1534 5822 1772 5878 PATIWL.

2040 4641 2213 4700 Porro
2238 4653 2420 4698 autem
2457 4657 2582 4698 cum
2612 4656 2707 4696 eas
2736 4638 3114 4711 perfecissent,
3148 4641 3299 4695 visus
3332 4651 3418 4696 est
3450 4640 3633 4694 fratri-

2040 4739 2147 4793 bus
2178 4736 2538 4806 Epiphanius.
2575 4734 2770 4789 Stabat
2808 4735 2995 4804 itaque
3042 4733 3427 4803 philoswbus,
3464 4742 3518 4788 et
3546 4742 3632 4787 at-

2041 4830 2296 4886 tendebat
2353 4828 2795 4895 multitudinem,
2873 4838 2926 4883 et
2981 4828 3253 4883 neminem
3334 4827 3627 4883 salutabat.

2040 4922 2335 4992 Postquam
2382 4930 2562 4976 autem
2593 4920 2731 4974 vidit
2778 4920 3142 4990 Epiphanium
3173 4960 3187 4983 ,
3215 4934 3340 4973 eum
3368 4918 3584 4988 agnovit
3610 4935 3627 4983 ;

2040 5026 2095 5071 et
2127 5030 2358 5070 currens
2401 5029 2527 5069 eum
2578 5012 2850 5067 adoravit.
2902 5012 3047 5067 Dixit
3080 5021 3260 5068 autem
3304 5010 3629 5081 philosopho

2040 5109 2377 5180 Epiphanius
2423 5124 2436 5160 :
2490 5105 2630 5174 Quid
2671 5116 2760 5172 tu,
2811 5108 2903 5176 qui
2953 5121 3014 5161 es
3064 5113 3528 5175 magnusorator
3574 5115 3629 5159 et

2041 5199 2424 5269 philosophus,
2473 5207 2527 5252 et
2555 5198 2768 5252 habitas
2798 5196 3005 5258 Edesae,
3038 5195 3317 5249 acccssisti
3350 5195 3415 5249 ad
3460 5194 3628 5249 mini-

2041 5305 2192 5343 mum
2227 5298 2282 5343 et
2309 5298 2649 5357 peccatorem
2699 5283 3105 5355 Epiphaniam?
3136 5282 3401 5339 Praeterea
3436 5285 3628 5349 miror,

2040 5381 2187 5450 quod
2224 5377 2583 5448 philosophus
2643 5376 2858 5429 veneris
2887 5374 2953 5427 ad
3003 5372 3278 5427 hominem
3321 5373 3480 5443 plane
3536 5389 3629 5427 ru-

2039 5468 2202 5537 dem;
2235 5479 2289 5523 et
2320 5468 2561 5522 maxime
2595 5475 2703 5521 tam
2734 5478 2765 5519 e
2797 5464 3097 5535 longinquo
3125 5481 3136 5518 :
3171 5474 3393 5535 propter
3431 5481 3624 5535 quam-

2040 5576 2166 5615 nam
2209 5573 2432 5616 causam
2467 5598 2481 5623 ,
2531 5573 2565 5612 ο
2607 5557 2967 5627 philosophe?
2991 5555 3361 5626 Philosophus
3394 5569 3623 5610 autem:

2040 5652 2116 5708 Ne
2153 5654 2254 5708 hoc
2288 5650 2525 5717 mireris,
2569 5651 2766 5721 inquit,
2818 5667 2850 5703 ο
2886 5650 3143 5719 magister
3173 5651 3494 5705 desiderate.
3541 5651 3630 5702 lti-
