  <div class='ocr_page' id='page_1' title='image "/cluster/home/n/w/nwhite01/storage/ocr_20150623/41:no.1/coo.31924054869387/033.png"; bbox 0 0 4058 6440; ppageno 0'>
   <div class='ocr_carea' id='block_1_1' title="bbox 450 392 2028 465">
    <p class='ocr_par' dir='ltr' id='par_1_1' title="bbox 450 394 2028 465">
     <span class='ocr_line' id='line_1_1' title="bbox 450 394 2028 465; baseline -0.011 0"><span class='ocrx_word' id='word_1_1' title='bbox 450 406 514 465; x_wconf 68' lang='lat' dir='ltr'><strong>ﬂ</strong></span> <span class='ocrx_word' id='word_1_2' title='bbox 1745 395 1802 451; x_wconf 73' lang='grc' dir='ltr'><strong>ὃ.</strong></span> <span class='ocrx_word' id='word_1_3' title='bbox 1844 394 2028 450; x_wconf 73' lang='grc' dir='ltr'>ΕΡίΡί]</span> 
     </span>
    </p>
   </div>
   <div class='ocr_carea' id='block_1_2' title="bbox 2130 392 3690 465">
    <p class='ocr_par' dir='ltr' id='par_1_2' title="bbox 2130 392 3690 452">
     <span class='ocr_line' id='line_1_2' title="bbox 2130 392 3690 452; baseline 0.003 -5"><span class='ocrx_word' id='word_1_4' title='bbox 2130 392 2185 447; x_wconf 78' lang='lat' dir='ltr'><strong>ill</strong></span> <span class='ocrx_word' id='word_1_5' title='bbox 2226 395 2403 448; x_wconf 63' lang='lat' dir='ltr'><strong>\‘lTA.</strong></span> <span class='ocrx_word' id='word_1_6' title='bbox 3616 394 3690 452; x_wconf 62' lang='grc'><strong>59</strong></span> 
     </span>
    </p>
   </div>
   <div class='ocr_carea' id='block_1_3' title="bbox 445 508 2028 590">
    <p class='ocr_par' dir='ltr' id='par_1_3' title="bbox 445 510 2016 590">
     <span class='ocr_line' id='line_1_3' title="bbox 445 510 2016 590; baseline -0.008 -11"><span class='ocrx_word' id='word_1_7' title='bbox 445 522 607 579; x_wconf 80' lang='lat' dir='ltr'><strong>cebat</strong></span> <span class='ocrx_word' id='word_1_8' title='bbox 650 520 796 576; x_wconf 82' lang='lat' dir='ltr'><strong>enim</strong></span> <span class='ocrx_word' id='word_1_9' title='bbox 826 517 1119 590; x_wconf 80' lang='lat' dir='ltr'><strong>Dionysius</strong></span> <span class='ocrx_word' id='word_1_10' title='bbox 1150 514 1592 570; x_wconf 80' lang='lat' dir='ltr'><strong>Halicarnasseus</strong></span> <span class='ocrx_word' id='word_1_11' title='bbox 1631 528 1642 564; x_wconf 75' lang='grc' dir='ltr'>ι</span> <span class='ocrx_word' id='word_1_12' title='bbox 1677 510 1734 567; x_wconf 87' lang='lat' dir='ltr'><strong>Si</strong></span> <span class='ocrx_word' id='word_1_13' title='bbox 1771 526 2016 582; x_wconf 79' lang='lat' dir='ltr'><strong>personae</strong></span> 
     </span>
    </p>
   </div>
   <div class='ocr_carea' id='block_1_4' title="bbox 2130 508 3694 590">
    <p class='ocr_par' dir='ltr' id='par_1_4' title="bbox 2130 508 3694 584">
     <span class='ocr_line' id='line_1_4' title="bbox 2130 508 3694 584; baseline 0.004 -23"><span class='ocrx_word' id='word_1_14' title='bbox 2130 510 2432 578; x_wconf 78' lang='grc' dir='ltr'><strong>προσώποις</strong></span> <span class='ocrx_word' id='word_1_15' title='bbox 2462 510 2708 581; x_wconf 73' lang='grc' dir='ltr'>ἀλλήλοις</span> <span class='ocrx_word' id='word_1_16' title='bbox 2743 508 3145 584; x_wconf 82' lang='grc' dir='ltr'>θεωρούμεναῆ</span> <span class='ocrx_word' id='word_1_17' title='bbox 3195 511 3561 568; x_wconf 73' lang='grc' dir='ltr'><strong>καλλιστεύειν</strong></span> <span class='ocrx_word' id='word_1_18' title='bbox 3597 512 3694 568; x_wconf 72' lang='grc' dir='ltr'><strong>δύο</strong></span> 
     </span>
    </p>
   </div>
   <div class='ocr_carea' id='block_1_5' title="bbox 448 604 2018 682">
    <p class='ocr_par' dir='ltr' id='par_1_5' title="bbox 448 604 2018 682">
     <span class='ocr_line' id='line_1_5' title="bbox 448 604 2018 682; baseline -0.009 -13"><span class='ocrx_word' id='word_1_19' title='bbox 448 628 573 669; x_wconf 84' lang='lat' dir='ltr'><strong>cum</strong></span> <span class='ocrx_word' id='word_1_20' title='bbox 622 611 877 682; x_wconf 87' lang='lat' dir='ltr'><strong>personis</strong></span> <span class='ocrx_word' id='word_1_21' title='bbox 911 610 1119 665; x_wconf 65' lang='lat' dir='ltr'><strong>collata;</strong></span> <span class='ocrx_word' id='word_1_22' title='bbox 1145 606 1576 668; x_wconf 81' lang='lat' dir='ltr'><strong>considerentur,</strong></span> <span class='ocrx_word' id='word_1_23' title='bbox 1631 611 1862 673; x_wconf 89' lang='lat' dir='ltr'><strong>possunt</strong></span> <span class='ocrx_word' id='word_1_24' title='bbox 1895 604 2018 673; x_wconf 87' lang='lat' dir='ltr'><strong>pul-</strong></span> 
     </span>
    </p>
   </div>
   <div class='ocr_carea' id='block_1_6' title="bbox 449 692 2018 771">
    <p class='ocr_par' dir='ltr' id='par_1_6' title="bbox 449 692 2018 771">
     <span class='ocr_line' id='line_1_6' title="bbox 449 692 2018 771; baseline -0.008 -13"><span class='ocrx_word' id='word_1_25' title='bbox 449 703 697 759; x_wconf 88' lang='lat' dir='ltr'><strong>chriores</strong></span> <span class='ocrx_word' id='word_1_26' title='bbox 723 716 1007 771; x_wconf 80' lang='lat' dir='ltr'><strong>apparere.</strong></span> <span class='ocrx_word' id='word_1_27' title='bbox 1032 698 1164 752; x_wconf 84' lang='lat' dir='ltr'><strong>Boni</strong></span> <span class='ocrx_word' id='word_1_28' title='bbox 1200 713 1322 752; x_wconf 86' lang='lat' dir='ltr'><strong>cum</strong></span> <span class='ocrx_word' id='word_1_29' title='bbox 1355 694 1514 749; x_wconf 88' lang='lat' dir='ltr'><strong>malis</strong></span> <span class='ocrx_word' id='word_1_30' title='bbox 1544 692 1782 756; x_wconf 79' lang='lat' dir='ltr'><strong>confusi,</strong></span> <span class='ocrx_word' id='word_1_31' title='bbox 1817 693 1872 746; x_wconf 91' lang='lat' dir='ltr'><strong>in</strong></span> <span class='ocrx_word' id='word_1_32' title='bbox 1908 707 2018 746; x_wconf 87' lang='lat' dir='ltr'><strong>uno</strong></span> 
     </span>
    </p>
   </div>
   <div class='ocr_carea' id='block_1_7' title="bbox 450 776 2019 865">
    <p class='ocr_par' dir='ltr' id='par_1_7' title="bbox 450 776 2019 865">
     <span class='ocr_line' id='line_1_7' title="bbox 450 776 2019 865; baseline -0.008 -17"><span class='ocrx_word' id='word_1_33' title='bbox 450 796 599 865; x_wconf 76' lang='lat' dir='ltr'><strong>ligno</strong></span> <span class='ocrx_word' id='word_1_34' title='bbox 626 792 1004 849; x_wconf 69' lang='lat' dir='ltr'><strong>eitendentur.</strong></span> <span class='ocrx_word' id='word_1_35' title='bbox 1031 776 1220 843; x_wconf 76' lang='lat' dir='ltr'><strong>Nullus</strong></span> <span class='ocrx_word' id='word_1_36' title='bbox 1260 786 1404 841; x_wconf 82' lang='lat' dir='ltr'><strong>enim</strong></span> <span class='ocrx_word' id='word_1_37' title='bbox 1453 786 1614 840; x_wconf 87' lang='lat' dir='ltr'><strong>homo</strong></span> <span class='ocrx_word' id='word_1_38' title='bbox 1640 799 1803 837; x_wconf 87' lang='lat' dir='ltr'><strong>unam</strong></span> <span class='ocrx_word' id='word_1_39' title='bbox 1838 781 2019 837; x_wconf 71' lang='lat' dir='ltr'><strong>ferens</strong></span> 
     </span>
    </p>
   </div>
   <div class='ocr_carea' id='block_1_8' title="bbox 450 877 2015 949">
    <p class='ocr_par' dir='ltr' id='par_1_8' title="bbox 450 877 2015 949">
     <span class='ocr_line' id='line_1_8' title="bbox 450 877 2015 949; baseline -0.008 -8"><span class='ocrx_word' id='word_1_40' title='bbox 450 887 714 949; x_wconf 82' lang='lat' dir='ltr'><strong>tunicam,</strong></span> <span class='ocrx_word' id='word_1_41' title='bbox 769 886 844 940; x_wconf 90' lang='lat' dir='ltr'><strong>ita</strong></span> <span class='ocrx_word' id='word_1_42' title='bbox 888 880 1124 938; x_wconf 90' lang='lat' dir='ltr'><strong>custodit</strong></span> <span class='ocrx_word' id='word_1_43' title='bbox 1172 894 1411 949; x_wconf 88' lang='lat' dir='ltr'><strong>corpus,</strong></span> <span class='ocrx_word' id='word_1_44' title='bbox 1461 888 1521 933; x_wconf 93' lang='lat' dir='ltr'><strong>ut</strong></span> <span class='ocrx_word' id='word_1_45' title='bbox 1565 892 1672 932; x_wconf 90' lang='lat' dir='ltr'><strong>non</strong></span> <span class='ocrx_word' id='word_1_46' title='bbox 1730 877 2015 930; x_wconf 88' lang='lat' dir='ltr'><strong>laceretur.</strong></span> 
     </span>
    </p>
   </div>
   <div class='ocr_carea' id='block_1_9' title="bbox 450 967 2020 1045">
    <p class='ocr_par' dir='ltr' id='par_1_9' title="bbox 450 967 2020 1045">
     <span class='ocr_line' id='line_1_9' title="bbox 450 967 2020 1045; baseline -0.005 -15"><span class='ocrx_word' id='word_1_47' title='bbox 450 976 692 1032; x_wconf 83' lang='lat' dir='ltr'><strong>Plurima</strong></span> <span class='ocrx_word' id='word_1_48' title='bbox 730 989 963 1045; x_wconf 79' lang='lat' dir='ltr'><strong>namque</strong></span> <span class='ocrx_word' id='word_1_49' title='bbox 990 973 1305 1044; x_wconf 79' lang='lat' dir='ltr'><strong>congressio</strong></span> <span class='ocrx_word' id='word_1_50' title='bbox 1352 971 1619 1042; x_wconf 87' lang='lat' dir='ltr'><strong>plurimos</strong></span> <span class='ocrx_word' id='word_1_51' title='bbox 1662 967 1867 1039; x_wconf 81' lang='lat' dir='ltr'><strong>praebet</strong></span> <span class='ocrx_word' id='word_1_52' title='bbox 1901 983 2020 1023; x_wconf 90' lang='lat' dir='ltr'><strong>ser-</strong></span> 
     </span>
    </p>
   </div>
   <div class='ocr_carea' id='block_1_10' title="bbox 450 1063 2021 1135">
    <p class='ocr_par' dir='ltr' id='par_1_10' title="bbox 450 1063 2021 1135">
     <span class='ocr_line' id='line_1_10' title="bbox 450 1063 2021 1135; baseline -0.005 -12"><span class='ocrx_word' id='word_1_53' title='bbox 450 1083 661 1123; x_wconf 83' lang='lat' dir='ltr'><strong>mones.</strong></span> <span class='ocrx_word' id='word_1_54' title='bbox 695 1066 795 1123; x_wconf 85' lang='lat' dir='ltr'><strong>Ubi</strong></span> <span class='ocrx_word' id='word_1_55' title='bbox 824 1075 1003 1122; x_wconf 87' lang='lat' dir='ltr'><strong>autem</strong></span> <span class='ocrx_word' id='word_1_56' title='bbox 1047 1073 1178 1120; x_wconf 91' lang='lat' dir='ltr'><strong>sunt</strong></span> <span class='ocrx_word' id='word_1_57' title='bbox 1209 1063 1433 1135; x_wconf 89' lang='lat' dir='ltr'><strong>plurimi</strong></span> <span class='ocrx_word' id='word_1_58' title='bbox 1459 1077 1758 1128; x_wconf 78' lang='lat' dir='ltr'><strong>sermones,</strong></span> <span class='ocrx_word' id='word_1_59' title='bbox 1788 1069 1874 1117; x_wconf 89' lang='lat' dir='ltr'><strong>est</strong></span> <span class='ocrx_word' id='word_1_60' title='bbox 1906 1076 2021 1115; x_wconf 80' lang='lat' dir='ltr'><strong>ma-</strong></span> 
     </span>
    </p>
   </div>
   <div class='ocr_carea' id='block_1_11' title="bbox 405 1152 2021 1230">
    <p class='ocr_par' dir='ltr' id='par_1_11' title="bbox 405 1152 2021 1230">
     <span class='ocr_line' id='line_1_11' title="bbox 405 1152 2021 1230; baseline -0.003 -17"><span class='ocrx_word' id='word_1_61' title='bbox 405 1176 555 1230; x_wconf 22' lang='lat' dir='ltr'><strong>,rgna</strong></span> <span class='ocrx_word' id='word_1_62' title='bbox 582 1160 918 1215; x_wconf 85' lang='lat' dir='ltr'><strong>diversarum</strong></span> <span class='ocrx_word' id='word_1_63' title='bbox 948 1164 1131 1213; x_wconf 77' lang='lat' dir='ltr'><strong>rerum</strong></span> <span class='ocrx_word' id='word_1_64' title='bbox 1164 1156 1518 1226; x_wconf 85' lang='lat' dir='ltr'><strong>experientia.</strong></span> <span class='ocrx_word' id='word_1_65' title='bbox 1557 1152 1683 1209; x_wconf 67' lang='lat' dir='ltr'><strong>Haec</strong></span> <span class='ocrx_word' id='word_1_66' title='bbox 1707 1168 1831 1209; x_wconf 94' lang='lat' dir='ltr'><strong>cum</strong></span> <span class='ocrx_word' id='word_1_67' title='bbox 1858 1152 2021 1208; x_wconf 78' lang='lat' dir='ltr'><strong>dixis-</strong></span> 
     </span>
    </p>
   </div>
   <div class='ocr_carea' id='block_1_12' title="bbox 452 1246 1587 1319">
    <p class='ocr_par' dir='ltr' id='par_1_12' title="bbox 452 1246 1587 1319">
     <span class='ocr_line' id='line_1_12' title="bbox 452 1246 1587 1319; baseline -0.004 -14"><span class='ocrx_word' id='word_1_68' title='bbox 452 1258 537 1306; x_wconf 82' lang='lat' dir='ltr'><strong>set</strong></span> <span class='ocrx_word' id='word_1_69' title='bbox 560 1249 936 1319; x_wconf 86' lang='lat' dir='ltr'><strong>philosophus,</strong></span> <span class='ocrx_word' id='word_1_70' title='bbox 971 1258 1025 1305; x_wconf 90' lang='lat' dir='ltr'><strong>et</strong></span> <span class='ocrx_word' id='word_1_71' title='bbox 1049 1249 1207 1319; x_wconf 88' lang='lat' dir='ltr'><strong>plura</strong></span> <span class='ocrx_word' id='word_1_72' title='bbox 1238 1247 1367 1310; x_wconf 85' lang='lat' dir='ltr'><strong>alia,</strong></span> <span class='ocrx_word' id='word_1_73' title='bbox 1399 1246 1587 1302; x_wconf 82' lang='lat' dir='ltr'><strong>tacuit.</strong></span> 
     </span>
    </p>
   </div>
   <div class='ocr_carea' id='block_1_13' title="bbox 524 1334 2017 1410">
    <p class='ocr_par' dir='ltr' id='par_1_13' title="bbox 524 1334 2017 1410">
     <span class='ocr_line' id='line_1_13' title="bbox 524 1334 2017 1410; baseline -0.003 -18"><span class='ocrx_word' id='word_1_74' title='bbox 524 1338 712 1393; x_wconf 74' lang='lat' dir='ltr'><strong>XXIII.</strong></span> <span class='ocrx_word' id='word_1_75' title='bbox 755 1339 1047 1410; x_wconf 82' lang='lat' dir='ltr'><strong>Excipiens</strong></span> <span class='ocrx_word' id='word_1_76' title='bbox 1076 1348 1255 1394; x_wconf 87' lang='lat' dir='ltr'><strong>autem</strong></span> <span class='ocrx_word' id='word_1_77' title='bbox 1290 1337 1645 1408; x_wconf 83' lang='lat' dir='ltr'><strong>Epiphanius,</strong></span> <span class='ocrx_word' id='word_1_78' title='bbox 1675 1335 1910 1405; x_wconf 88' lang='lat' dir='ltr'><strong>primum</strong></span> <span class='ocrx_word' id='word_1_79' title='bbox 1950 1334 2017 1388; x_wconf 82' lang='lat' dir='ltr'><strong>Ii-</strong></span> 
     </span>
    </p>
   </div>
   <div class='ocr_carea' id='block_1_14' title="bbox 453 1424 2019 1497">
    <p class='ocr_par' dir='ltr' id='par_1_14' title="bbox 453 1424 2019 1497">
     <span class='ocr_line' id='line_1_14' title="bbox 453 1424 2019 1497; baseline -0.004 -14"><span class='ocrx_word' id='word_1_80' title='bbox 453 1429 609 1485; x_wconf 86' lang='lat' dir='ltr'><strong>brum</strong></span> <span class='ocrx_word' id='word_1_81' title='bbox 636 1429 703 1485; x_wconf 85' lang='lat' dir='ltr'><strong>de</strong></span> <span class='ocrx_word' id='word_1_82' title='bbox 740 1429 929 1484; x_wconf 88' lang='lat' dir='ltr'><strong>mundi</strong></span> <span class='ocrx_word' id='word_1_83' title='bbox 965 1429 1239 1485; x_wconf 89' lang='lat' dir='ltr'><strong>creatione</strong></span> <span class='ocrx_word' id='word_1_84' title='bbox 1281 1429 1666 1497; x_wconf 78' lang='lat' dir='ltr'><strong>interpretatus</strong></span> <span class='ocrx_word' id='word_1_85' title='bbox 1693 1434 1776 1480; x_wconf 88' lang='lat' dir='ltr'><strong>est</strong></span> <span class='ocrx_word' id='word_1_86' title='bbox 1804 1424 1872 1479; x_wconf 83' lang='lat' dir='ltr'><strong>ad</strong></span> <span class='ocrx_word' id='word_1_87' title='bbox 1896 1438 2019 1478; x_wconf 80' lang='lat' dir='ltr'><strong>ver—</strong></span> 
     </span>
    </p>
   </div>
   <div class='ocr_carea' id='block_1_15' title="bbox 452 1515 2022 1591">
    <p class='ocr_par' dir='ltr' id='par_1_15' title="bbox 452 1515 2022 1591">
     <span class='ocr_line' id='line_1_15' title="bbox 452 1515 2022 1591; baseline -0.003 -17"><span class='ocrx_word' id='word_1_88' title='bbox 452 1521 579 1576; x_wconf 92' lang='lat' dir='ltr'><strong>bum</strong></span> <span class='ocrx_word' id='word_1_89' title='bbox 609 1520 953 1591; x_wconf 88' lang='lat' dir='ltr'><strong>philosopho.</strong></span> <span class='ocrx_word' id='word_1_90' title='bbox 990 1521 1081 1577; x_wconf 86' lang='lat' dir='ltr'><strong>Ille</strong></span> <span class='ocrx_word' id='word_1_91' title='bbox 1109 1535 1237 1575; x_wconf 87' lang='lat' dir='ltr'><strong>vero</strong></span> <span class='ocrx_word' id='word_1_92' title='bbox 1283 1519 1407 1574; x_wconf 88' lang='lat' dir='ltr'><strong>aliis</strong></span> <span class='ocrx_word' id='word_1_93' title='bbox 1434 1517 1652 1588; x_wconf 88' lang='lat' dir='ltr'><strong>quidem</strong></span> <span class='ocrx_word' id='word_1_94' title='bbox 1691 1515 2022 1571; x_wconf 84' lang='lat' dir='ltr'><strong>assentieba-</strong></span> 
     </span>
    </p>
   </div>
   <div class='ocr_carea' id='block_1_16' title="bbox 453 1608 2023 1678">
    <p class='ocr_par' dir='ltr' id='par_1_16' title="bbox 453 1608 2023 1678">
     <span class='ocr_line' id='line_1_16' title="bbox 453 1608 2023 1678; baseline -0.003 -12"><span class='ocrx_word' id='word_1_95' title='bbox 453 1621 560 1678; x_wconf 88' lang='lat' dir='ltr'><strong>tur,</strong></span> <span class='ocrx_word' id='word_1_96' title='bbox 601 1622 791 1668; x_wconf 90' lang='lat' dir='ltr'><strong>contra</strong></span> <span class='ocrx_word' id='word_1_97' title='bbox 838 1613 942 1669; x_wconf 87' lang='lat' dir='ltr'><strong>alia</strong></span> <span class='ocrx_word' id='word_1_98' title='bbox 974 1621 1153 1668; x_wconf 85' lang='lat' dir='ltr'><strong>autem</strong></span> <span class='ocrx_word' id='word_1_99' title='bbox 1189 1612 1423 1668; x_wconf 88' lang='lat' dir='ltr'><strong>dicebat.</strong></span> <span class='ocrx_word' id='word_1_100' title='bbox 1472 1610 1790 1664; x_wconf 71' lang='lat' dir='ltr'><strong>Hanserunt</strong></span> <span class='ocrx_word' id='word_1_101' title='bbox 1837 1608 2023 1678; x_wconf 82' lang='lat' dir='ltr'><strong>itaque</strong></span> 
     </span>
    </p>
   </div>
   <div class='ocr_carea' id='block_1_17' title="bbox 455 1699 2022 1769">
    <p class='ocr_par' dir='ltr' id='par_1_17' title="bbox 455 1699 2022 1769">
     <span class='ocr_line' id='line_1_17' title="bbox 455 1699 2022 1769; baseline -0.001 -13"><span class='ocrx_word' id='word_1_102' title='bbox 455 1712 566 1759; x_wconf 86' lang='lat' dir='ltr'><strong>tres</strong></span> <span class='ocrx_word' id='word_1_103' title='bbox 603 1703 720 1759; x_wconf 88' lang='lat' dir='ltr'><strong>dies</strong></span> <span class='ocrx_word' id='word_1_104' title='bbox 754 1703 895 1759; x_wconf 77' lang='lat' dir='ltr'><strong>inter</strong></span> <span class='ocrx_word' id='word_1_105' title='bbox 930 1719 989 1759; x_wconf 86' lang='lat' dir='ltr'><strong>se</strong></span> <span class='ocrx_word' id='word_1_106' title='bbox 1030 1704 1380 1760; x_wconf 83' lang='lat' dir='ltr'><strong>disserentes.</strong></span> <span class='ocrx_word' id='word_1_107' title='bbox 1427 1700 1560 1769; x_wconf 79' lang='lat' dir='ltr'><strong>Qua:</strong></span> <span class='ocrx_word' id='word_1_108' title='bbox 1610 1700 1680 1755; x_wconf 90' lang='lat' dir='ltr'><strong>ab</strong></span> <span class='ocrx_word' id='word_1_109' title='bbox 1726 1699 1859 1769; x_wconf 83' lang='lat' dir='ltr'><strong>ipsis</strong></span> <span class='ocrx_word' id='word_1_110' title='bbox 1893 1713 2022 1754; x_wconf 82' lang='lat' dir='ltr'><strong>vero</strong></span> 
     </span>
    </p>
   </div>
   <div class='ocr_carea' id='block_1_18' title="bbox 453 1789 2020 1865">
    <p class='ocr_par' dir='ltr' id='par_1_18' title="bbox 453 1789 2020 1865">
     <span class='ocr_line' id='line_1_18' title="bbox 453 1789 2020 1865; baseline -0.003 -19"><span class='ocrx_word' id='word_1_111' title='bbox 453 1793 793 1860; x_wconf 87' lang='lat' dir='ltr'><strong>dicebantur,</strong></span> <span class='ocrx_word' id='word_1_112' title='bbox 826 1810 1168 1865; x_wconf 84' lang='lat' dir='ltr'><strong>nequaquam</strong></span> <span class='ocrx_word' id='word_1_113' title='bbox 1196 1796 1338 1850; x_wconf 87' lang='lat' dir='ltr'><strong>inter</strong></span> <span class='ocrx_word' id='word_1_114' title='bbox 1367 1810 1426 1851; x_wconf 87' lang='lat' dir='ltr'><strong>se</strong></span> <span class='ocrx_word' id='word_1_115' title='bbox 1449 1792 1860 1852; x_wconf 87' lang='lat' dir='ltr'><strong>conveniebant.</strong></span> <span class='ocrx_word' id='word_1_116' title='bbox 1885 1789 2020 1843; x_wconf 88' lang='lat' dir='ltr'><strong>Cum</strong></span> 
     </span>
    </p>
   </div>
   <div class='ocr_carea' id='block_1_19' title="bbox 338 1865 2096 1956">
    <p class='ocr_par' dir='ltr' id='par_1_19' title="bbox 338 1865 2096 1956">
     <span class='ocr_line' id='line_1_19' title="bbox 338 1865 2096 1956; baseline -0.003 -18"><span class='ocrx_word' id='word_1_117' title='bbox 338 1932 346 1938; x_wconf 90' lang='lat'><strong>.</strong></span> <span class='ocrx_word' id='word_1_118' title='bbox 456 1884 680 1940; x_wconf 75' lang='lat' dir='ltr'><strong>vidisset</strong></span> <span class='ocrx_word' id='word_1_119' title='bbox 713 1895 891 1941; x_wconf 91' lang='lat' dir='ltr'><strong>autem</strong></span> <span class='ocrx_word' id='word_1_120' title='bbox 927 1885 1305 1956; x_wconf 88' lang='lat' dir='ltr'><strong>philosophus,</strong></span> <span class='ocrx_word' id='word_1_121' title='bbox 1335 1884 1606 1955; x_wconf 88' lang='lat' dir='ltr'><strong>quomodo</strong></span> <span class='ocrx_word' id='word_1_122' title='bbox 1634 1883 1800 1937; x_wconf 83' lang='lat' dir='ltr'><strong>vitam</strong></span> <span class='ocrx_word' id='word_1_123' title='bbox 1831 1880 2027 1949; x_wconf 82' lang='lat' dir='ltr'><strong>agebat</strong></span> <span class='ocrx_word' id='word_1_124' title='bbox 2056 1865 2096 1921; x_wconf 78' lang='grc' dir='ltr'><strong>Β</strong></span> 
     </span>
    </p>
   </div>
   <div class='ocr_carea' id='block_1_20' title="bbox 458 1968 2026 2044">
    <p class='ocr_par' dir='ltr' id='par_1_20' title="bbox 458 1968 2026 2044">
     <span class='ocr_line' id='line_1_20' title="bbox 458 1968 2026 2044; baseline -0.005 -15"><span class='ocrx_word' id='word_1_125' title='bbox 458 1973 792 2044; x_wconf 79' lang='lat' dir='ltr'><strong>Epiphanius</strong></span> <span class='ocrx_word' id='word_1_126' title='bbox 815 2015 831 2041; x_wconf 92' lang='lat'><strong>,</strong></span> <span class='ocrx_word' id='word_1_127' title='bbox 862 1989 986 2029; x_wconf 83' lang='lat' dir='ltr'><strong>eum</strong></span> <span class='ocrx_word' id='word_1_128' title='bbox 1015 1975 1169 2029; x_wconf 82' lang='lat' dir='ltr'><strong>valde</strong></span> <span class='ocrx_word' id='word_1_129' title='bbox 1196 1974 1417 2041; x_wconf 81' lang='lat' dir='ltr'><strong>dilexit,</strong></span> <span class='ocrx_word' id='word_1_130' title='bbox 1449 1984 1504 2029; x_wconf 89' lang='lat' dir='ltr'><strong>et</strong></span> <span class='ocrx_word' id='word_1_131' title='bbox 1534 1981 1733 2043; x_wconf 88' lang='lat' dir='ltr'><strong>quarto</strong></span> <span class='ocrx_word' id='word_1_132' title='bbox 1764 1971 1852 2025; x_wconf 80' lang='lat' dir='ltr'><strong>die</strong></span> <span class='ocrx_word' id='word_1_133' title='bbox 1888 1968 2026 2023; x_wconf 87' lang='lat' dir='ltr'><strong>dixit</strong></span> 
     </span>
    </p>
   </div>
   <div class='ocr_carea' id='block_1_21' title="bbox 455 2058 2021 2133">
    <p class='ocr_par' dir='ltr' id='par_1_21' title="bbox 455 2058 2021 2133">
     <span class='ocr_line' id='line_1_21' title="bbox 455 2058 2021 2133; baseline -0.004 -17"><span class='ocrx_word' id='word_1_134' title='bbox 455 2063 506 2116; x_wconf 75' lang='lat' dir='ltr'><strong>ri</strong></span> <span class='ocrx_word' id='word_1_135' title='bbox 544 2081 558 2117; x_wconf 87' lang='lat'><strong>:</strong></span> <span class='ocrx_word' id='word_1_136' title='bbox 608 2061 884 2133; x_wconf 74' lang='lat' dir='ltr'><strong>Magister,</strong></span> <span class='ocrx_word' id='word_1_137' title='bbox 938 2064 1163 2133; x_wconf 86' lang='lat' dir='ltr'><strong>pulchra</strong></span> <span class='ocrx_word' id='word_1_138' title='bbox 1205 2072 1290 2119; x_wconf 89' lang='lat' dir='ltr'><strong>est</strong></span> <span class='ocrx_word' id='word_1_139' title='bbox 1337 2063 1501 2133; x_wconf 90' lang='lat' dir='ltr'><strong>hujus</strong></span> <span class='ocrx_word' id='word_1_140' title='bbox 1550 2062 1655 2118; x_wconf 89' lang='lat' dir='ltr'><strong>loci</strong></span> <span class='ocrx_word' id='word_1_141' title='bbox 1708 2058 2021 2114; x_wconf 86' lang='lat' dir='ltr'><strong>habitatio:</strong></span> 
     </span>
    </p>
   </div>
   <div class='ocr_carea' id='block_1_22' title="bbox 461 2154 2022 2226">
    <p class='ocr_par' dir='ltr' id='par_1_22' title="bbox 461 2154 2022 2226">
     <span class='ocr_line' id='line_1_22' title="bbox 461 2154 2022 2226; baseline 0 -18"><span class='ocrx_word' id='word_1_142' title='bbox 461 2154 613 2220; x_wconf 80' lang='lat' dir='ltr'><strong>Volo,</strong></span> <span class='ocrx_word' id='word_1_143' title='bbox 667 2156 715 2211; x_wconf 90' lang='lat' dir='ltr'><strong>si</strong></span> <span class='ocrx_word' id='word_1_144' title='bbox 758 2156 954 2226; x_wconf 87' lang='lat' dir='ltr'><strong>jubes,</strong></span> <span class='ocrx_word' id='word_1_145' title='bbox 998 2158 1083 2211; x_wconf 87' lang='lat' dir='ltr'><strong>hic</strong></span> <span class='ocrx_word' id='word_1_146' title='bbox 1118 2158 1381 2212; x_wconf 85' lang='lat' dir='ltr'><strong>habitare.</strong></span> <span class='ocrx_word' id='word_1_147' title='bbox 1428 2156 1477 2213; x_wconf 88' lang='lat' dir='ltr'><strong>Is</strong></span> <span class='ocrx_word' id='word_1_148' title='bbox 1529 2171 1657 2211; x_wconf 83' lang='lat' dir='ltr'><strong>vero</strong></span> <span class='ocrx_word' id='word_1_149' title='bbox 1691 2155 1829 2211; x_wconf 81' lang='lat' dir='ltr'><strong>dixit</strong></span> <span class='ocrx_word' id='word_1_150' title='bbox 1869 2154 1969 2225; x_wconf 91' lang='lat' dir='ltr'><strong>ipsi</strong></span> <span class='ocrx_word' id='word_1_151' title='bbox 2008 2171 2022 2208; x_wconf 92' lang='lat'><strong>:</strong></span> 
     </span>
    </p>
   </div>
   <div class='ocr_carea' id='block_1_23' title="bbox 457 2245 2023 2317">
    <p class='ocr_par' dir='ltr' id='par_1_23' title="bbox 457 2245 2023 2317">
     <span class='ocr_line' id='line_1_23' title="bbox 457 2245 2023 2317; baseline -0.001 -17"><span class='ocrx_word' id='word_1_152' title='bbox 457 2246 572 2302; x_wconf 83' lang='lat' dir='ltr'><strong>Hoc</strong></span> <span class='ocrx_word' id='word_1_153' title='bbox 617 2246 782 2302; x_wconf 86' lang='lat' dir='ltr'><strong>situm</strong></span> <span class='ocrx_word' id='word_1_154' title='bbox 836 2255 920 2302; x_wconf 87' lang='lat' dir='ltr'><strong>est</strong></span> <span class='ocrx_word' id='word_1_155' title='bbox 964 2247 1018 2302; x_wconf 89' lang='lat' dir='ltr'><strong>in</strong></span> <span class='ocrx_word' id='word_1_156' title='bbox 1079 2246 1251 2303; x_wconf 86' lang='lat' dir='ltr'><strong>libero</strong></span> <span class='ocrx_word' id='word_1_157' title='bbox 1295 2247 1727 2317; x_wconf 85' lang='lat' dir='ltr'><strong>uniuscujusque</strong></span> <span class='ocrx_word' id='word_1_158' title='bbox 1776 2245 2023 2300; x_wconf 81' lang='lat' dir='ltr'><strong>arbitrio.</strong></span> 
     </span>
    </p>
   </div>
   <div class='ocr_carea' id='block_1_24' title="bbox 456 2333 2021 2405">
    <p class='ocr_par' dir='ltr' id='par_1_24' title="bbox 456 2333 2021 2405">
     <span class='ocr_line' id='line_1_24' title="bbox 456 2333 2021 2405; baseline -0.001 -17"><span class='ocrx_word' id='word_1_159' title='bbox 456 2333 820 2405; x_wconf 76' lang='lat' dir='ltr'><strong>Philosophus</strong></span> <span class='ocrx_word' id='word_1_160' title='bbox 863 2342 1043 2390; x_wconf 90' lang='lat' dir='ltr'><strong>autem</strong></span> <span class='ocrx_word' id='word_1_161' title='bbox 1076 2352 1090 2387; x_wconf 84' lang='lat'><strong>:</strong></span> <span class='ocrx_word' id='word_1_162' title='bbox 1134 2335 1274 2402; x_wconf 85' lang='lat' dir='ltr'><strong>Quin</strong></span> <span class='ocrx_word' id='word_1_163' title='bbox 1312 2336 1476 2390; x_wconf 88' lang='lat' dir='ltr'><strong>etiam</strong></span> <span class='ocrx_word' id='word_1_164' title='bbox 1513 2335 1681 2390; x_wconf 89' lang='lat' dir='ltr'><strong>libros</strong></span> <span class='ocrx_word' id='word_1_165' title='bbox 1715 2349 1889 2400; x_wconf 86' lang='lat' dir='ltr'><strong>meos,</strong></span> <span class='ocrx_word' id='word_1_166' title='bbox 1940 2334 2021 2388; x_wconf 83' lang='lat' dir='ltr'><strong>in-</strong></span> 
     </span>
    </p>
   </div>
   <div class='ocr_carea' id='block_1_25' title="bbox 438 2425 2032 2498">
    <p class='ocr_par' dir='ltr' id='par_1_25' title="bbox 438 2425 2032 2498">
     <span class='ocr_line' id='line_1_25' title="bbox 438 2425 2032 2498; baseline 0.002 -17"><span class='ocrx_word' id='word_1_167' title='bbox 438 2428 595 2498; x_wconf 81' lang='lat' dir='ltr'><strong>‘quit,</strong></span> <span class='ocrx_word' id='word_1_168' title='bbox 635 2429 743 2492; x_wconf 84' lang='lat' dir='ltr'><strong>huc</strong></span> <span class='ocrx_word' id='word_1_169' title='bbox 792 2426 929 2483; x_wconf 82' lang='lat' dir='ltr'><strong>fero.</strong></span> <span class='ocrx_word' id='word_1_170' title='bbox 979 2425 1119 2482; x_wconf 87' lang='lat' dir='ltr'><strong>Dicit</strong></span> <span class='ocrx_word' id='word_1_171' title='bbox 1160 2426 1490 2497; x_wconf 84' lang='lat' dir='ltr'><strong>Epiphanius</strong></span> <span class='ocrx_word' id='word_1_172' title='bbox 1522 2442 1535 2479; x_wconf 88' lang='lat'><strong>:</strong></span> <span class='ocrx_word' id='word_1_173' title='bbox 1570 2425 1627 2481; x_wconf 87' lang='lat' dir='ltr'><strong>Si</strong></span> <span class='ocrx_word' id='word_1_174' title='bbox 1654 2429 1784 2498; x_wconf 91' lang='lat' dir='ltr'><strong>quid</strong></span> <span class='ocrx_word' id='word_1_175' title='bbox 1815 2429 1910 2483; x_wconf 88' lang='lat' dir='ltr'><strong>tibi</strong></span> <span class='ocrx_word' id='word_1_176' title='bbox 1942 2444 2032 2484; x_wconf 55' lang='lat' dir='ltr'><strong>vev-</strong></span> 
     </span>
    </p>
   </div>
   <div class='ocr_carea' id='block_1_26' title="bbox 457 2518 2029 2588">
    <p class='ocr_par' dir='ltr' id='par_1_26' title="bbox 457 2518 2029 2588">
     <span class='ocr_line' id='line_1_26' title="bbox 457 2518 2029 2588; baseline 0.001 -15"><span class='ocrx_word' id='word_1_177' title='bbox 457 2519 572 2573; x_wconf 87' lang='lat' dir='ltr'><strong>niat</strong></span> <span class='ocrx_word' id='word_1_178' title='bbox 622 2519 678 2573; x_wconf 91' lang='lat' dir='ltr'><strong>in</strong></span> <span class='ocrx_word' id='word_1_179' title='bbox 744 2529 1023 2582; x_wconf 90' lang='lat' dir='ltr'><strong>mentem,</strong></span> <span class='ocrx_word' id='word_1_180' title='bbox 1077 2533 1293 2588; x_wconf 68' lang='lat' dir='ltr'><strong>aequum</strong></span> <span class='ocrx_word' id='word_1_181' title='bbox 1341 2525 1396 2573; x_wconf 91' lang='lat' dir='ltr'><strong>et</strong></span> <span class='ocrx_word' id='word_1_182' title='bbox 1435 2518 1759 2574; x_wconf 76' lang='lat' dir='ltr'><strong>benevolum</strong></span> <span class='ocrx_word' id='word_1_183' title='bbox 1803 2520 2029 2576; x_wconf 86' lang='lat' dir='ltr'><strong>habebis</strong></span> 
     </span>
    </p>
   </div>
   <div class='ocr_carea' id='block_1_27' title="bbox 459 2607 2031 2679">
    <p class='ocr_par' dir='ltr' id='par_1_27' title="bbox 459 2607 2031 2679">
     <span class='ocr_line' id='line_1_27' title="bbox 459 2607 2031 2679; baseline 0.002 -17"><span class='ocrx_word' id='word_1_184' title='bbox 459 2607 843 2679; x_wconf 89' lang='lat' dir='ltr'><strong>Epiphanium.</strong></span> <span class='ocrx_word' id='word_1_185' title='bbox 898 2608 1044 2665; x_wconf 79' lang='lat' dir='ltr'><strong>Dixit</strong></span> <span class='ocrx_word' id='word_1_186' title='bbox 1094 2617 1274 2664; x_wconf 90' lang='lat' dir='ltr'><strong>autem</strong></span> <span class='ocrx_word' id='word_1_187' title='bbox 1330 2607 1686 2679; x_wconf 81' lang='lat' dir='ltr'><strong>philosophus</strong></span> <span class='ocrx_word' id='word_1_188' title='bbox 1734 2629 1746 2664; x_wconf 90' lang='lat'><strong>:</strong></span> <span class='ocrx_word' id='word_1_189' title='bbox 1795 2609 2031 2665; x_wconf 86' lang='lat' dir='ltr'><strong>Omnino</strong></span> 
     </span>
    </p>
   </div>
   <div class='ocr_carea' id='block_1_28' title="bbox 461 2698 2028 2772">
    <p class='ocr_par' dir='ltr' id='par_1_28' title="bbox 461 2698 2028 2772">
     <span class='ocr_line' id='line_1_28' title="bbox 461 2698 2028 2772; baseline 0.003 -18"><span class='ocrx_word' id='word_1_190' title='bbox 461 2700 559 2756; x_wconf 87' lang='lat' dir='ltr'><strong>ibit</strong></span> <span class='ocrx_word' id='word_1_191' title='bbox 599 2698 856 2756; x_wconf 85' lang='lat' dir='ltr'><strong>Callistus</strong></span> <span class='ocrx_word' id='word_1_192' title='bbox 905 2702 971 2755; x_wconf 92' lang='lat' dir='ltr'><strong>ad</strong></span> <span class='ocrx_word' id='word_1_193' title='bbox 1016 2716 1168 2757; x_wconf 91' lang='lat' dir='ltr'><strong>meos</strong></span> <span class='ocrx_word' id='word_1_194' title='bbox 1221 2701 1412 2756; x_wconf 90' lang='lat' dir='ltr'><strong>libros.</strong></span> <span class='ocrx_word' id='word_1_195' title='bbox 1455 2701 1602 2756; x_wconf 87' lang='lat' dir='ltr'><strong>Dixit</strong></span> <span class='ocrx_word' id='word_1_196' title='bbox 1648 2701 2028 2772; x_wconf 86' lang='lat' dir='ltr'><strong>Epiphanius:</strong></span> 
     </span>
    </p>
   </div>
   <div class='ocr_carea' id='block_1_29' title="bbox 461 2791 2034 2864">
    <p class='ocr_par' dir='ltr' id='par_1_29' title="bbox 461 2791 2034 2864">
     <span class='ocr_line' id='line_1_29' title="bbox 461 2791 2034 2864; baseline 0.003 -19"><span class='ocrx_word' id='word_1_197' title='bbox 461 2795 595 2862; x_wconf 75' lang='lat' dir='ltr'><strong>Age,</strong></span> <span class='ocrx_word' id='word_1_198' title='bbox 616 2793 750 2848; x_wconf 88' lang='lat' dir='ltr'><strong>vade</strong></span> <span class='ocrx_word' id='word_1_199' title='bbox 792 2808 961 2848; x_wconf 88' lang='lat' dir='ltr'><strong>sanus</strong></span> <span class='ocrx_word' id='word_1_200' title='bbox 1008 2808 1129 2849; x_wconf 92' lang='lat' dir='ltr'><strong>cum</strong></span> <span class='ocrx_word' id='word_1_201' title='bbox 1167 2792 1410 2849; x_wconf 87' lang='lat' dir='ltr'><strong>Callisto.</strong></span> <span class='ocrx_word' id='word_1_202' title='bbox 1462 2791 1603 2847; x_wconf 90' lang='lat' dir='ltr'><strong>Dicit</strong></span> <span class='ocrx_word' id='word_1_203' title='bbox 1636 2802 1816 2849; x_wconf 89' lang='lat' dir='ltr'><strong>autem</strong></span> <span class='ocrx_word' id='word_1_204' title='bbox 1855 2795 2034 2864; x_wconf 87' lang='lat' dir='ltr'><strong>philo-</strong></span> 
     </span>
    </p>
   </div>
   <div class='ocr_carea' id='block_1_30' title="bbox 460 2876 2033 2955">
    <p class='ocr_par' dir='ltr' id='par_1_30' title="bbox 460 2876 2033 2955">
     <span class='ocr_line' id='line_1_30' title="bbox 460 2876 2033 2955; baseline 0.002 -17"><span class='ocrx_word' id='word_1_205' title='bbox 460 2884 668 2952; x_wconf 80' lang='lat' dir='ltr'><strong>sophus</strong></span> <span class='ocrx_word' id='word_1_206' title='bbox 706 2903 718 2938; x_wconf 88' lang='lat'><strong>:</strong></span> <span class='ocrx_word' id='word_1_207' title='bbox 752 2882 859 2939; x_wconf 73' lang='lat' dir='ltr'><strong>Res</strong></span> <span class='ocrx_word' id='word_1_208' title='bbox 887 2897 1078 2939; x_wconf 84' lang='lat' dir='ltr'><strong>omnes</strong></span> <span class='ocrx_word' id='word_1_209' title='bbox 1123 2899 1274 2941; x_wconf 82' lang='lat' dir='ltr'><strong>meas</strong></span> <span class='ocrx_word' id='word_1_210' title='bbox 1306 2876 1607 2955; x_wconf 81' lang='lat' dir='ltr'><strong>relinquam</strong></span> <span class='ocrx_word' id='word_1_211' title='bbox 1638 2885 1884 2952; x_wconf 84' lang='lat' dir='ltr'><strong>Callisto,</strong></span> <span class='ocrx_word' id='word_1_212' title='bbox 1933 2901 2033 2941; x_wconf 90' lang='lat' dir='ltr'><strong>nec</strong></span> 
     </span>
    </p>
   </div>
   <div class='ocr_carea' id='block_1_31' title="bbox 461 2973 2032 3045">
    <p class='ocr_par' dir='ltr' id='par_1_31' title="bbox 461 2973 2032 3045">
     <span class='ocr_line' id='line_1_31' title="bbox 461 2973 2032 3045; baseline 0.002 -17"><span class='ocrx_word' id='word_1_213' title='bbox 461 2991 525 3029; x_wconf 83' lang='lat' dir='ltr'><strong>ex</strong></span> <span class='ocrx_word' id='word_1_214' title='bbox 567 2976 671 3031; x_wconf 85' lang='lat' dir='ltr'><strong>hoc</strong></span> <span class='ocrx_word' id='word_1_215' title='bbox 714 2976 833 3031; x_wconf 89' lang='lat' dir='ltr'><strong>loco</strong></span> <span class='ocrx_word' id='word_1_216' title='bbox 871 2976 1052 3045; x_wconf 71' lang='lat' dir='ltr'><strong>exibo.</strong></span> <span class='ocrx_word' id='word_1_217' title='bbox 1101 2973 1234 3030; x_wconf 88' lang='lat' dir='ltr'><strong>Erat</strong></span> <span class='ocrx_word' id='word_1_218' title='bbox 1277 2990 1407 3037; x_wconf 83' lang='lat' dir='ltr'><strong>vero</strong></span> <span class='ocrx_word' id='word_1_219' title='bbox 1451 2977 1540 3032; x_wconf 88' lang='lat' dir='ltr'><strong>hic</strong></span> <span class='ocrx_word' id='word_1_220' title='bbox 1589 2976 1848 3033; x_wconf 82' lang='lat' dir='ltr'><strong>Callistus</strong></span> <span class='ocrx_word' id='word_1_221' title='bbox 1894 2977 2032 3033; x_wconf 82' lang='lat' dir='ltr'><strong>Aetii</strong></span> 
     </span>
    </p>
   </div>
   <div class='ocr_carea' id='block_1_32' title="bbox 465 3063 2030 3138">
    <p class='ocr_par' dir='ltr' id='par_1_32' title="bbox 465 3063 2030 3138">
     <span class='ocr_line' id='line_1_32' title="bbox 465 3063 2030 3138; baseline 0.003 -18"><span class='ocrx_word' id='word_1_222' title='bbox 465 3067 643 3137; x_wconf 73' lang='lat' dir='ltr'><strong>magni</strong></span> <span class='ocrx_word' id='word_1_223' title='bbox 677 3064 867 3124; x_wconf 77' lang='lat' dir='ltr'><strong>Roma:</strong></span> <span class='ocrx_word' id='word_1_224' title='bbox 894 3063 1133 3136; x_wconf 58' lang='lat' dir='ltr'><strong>prafecti</strong></span> <span class='ocrx_word' id='word_1_225' title='bbox 1166 3065 1329 3123; x_wconf 82' lang='lat' dir='ltr'><strong>ﬁlius.</strong></span> <span class='ocrx_word' id='word_1_226' title='bbox 1369 3065 1418 3122; x_wconf 90' lang='lat' dir='ltr'><strong>ls</strong></span> <span class='ocrx_word' id='word_1_227' title='bbox 1444 3082 1570 3125; x_wconf 81' lang='lat' dir='ltr'><strong>eum</strong></span> <span class='ocrx_word' id='word_1_228' title='bbox 1596 3069 1895 3138; x_wconf 80' lang='lat' dir='ltr'><strong>malignum</strong></span> <span class='ocrx_word' id='word_1_229' title='bbox 1930 3070 2030 3125; x_wconf 91' lang='lat' dir='ltr'><strong>ha-</strong></span> 
     </span>
    </p>
   </div>
   <div class='ocr_carea' id='block_1_33' title="bbox 2121 601 3695 676">
    <p class='ocr_par' dir='ltr' id='par_1_33' title="bbox 2121 601 3695 676">
     <span class='ocr_line' id='line_1_33' title="bbox 2121 601 3695 676; baseline 0.003 -23"><span class='ocrx_word' id='word_1_230' title='bbox 2121 617 2328 661; x_wconf 86' lang='grc' dir='ltr'>νανται,</span> <span class='ocrx_word' id='word_1_231' title='bbox 2354 601 2386 669; x_wconf 80' lang='grc' dir='ltr'>ἦ</span> <span class='ocrx_word' id='word_1_232' title='bbox 2415 604 2574 654; x_wconf 74' lang='grc' dir='ltr'>κακοὶ</span> <span class='ocrx_word' id='word_1_233' title='bbox 2607 602 2790 666; x_wconf 82' lang='grc' dir='ltr'>καλοῖς</span> <span class='ocrx_word' id='word_1_234' title='bbox 2822 604 3196 676; x_wconf 80' lang='grc' dir='ltr'>συμφυρέντες</span> <span class='ocrx_word' id='word_1_235' title='bbox 3224 605 3283 658; x_wconf 82' lang='grc' dir='ltr'><strong>ἐν</strong></span> <span class='ocrx_word' id='word_1_236' title='bbox 3313 606 3400 658; x_wconf 68' lang='grc' dir='ltr'>ἐνὶ</span> <span class='ocrx_word' id='word_1_237' title='bbox 3428 603 3569 675; x_wconf 77' lang='grc' dir='ltr'>ξύλῳ</span> <span class='ocrx_word' id='word_1_238' title='bbox 3598 620 3695 657; x_wconf 88' lang='grc' dir='ltr'>τα-</span> 
     </span>
    </p>
   </div>
   <div class='ocr_carea' id='block_1_34' title="bbox 2120 691 3693 765">
    <p class='ocr_par' dir='ltr' id='par_1_34' title="bbox 2120 691 3693 765">
     <span class='ocr_line' id='line_1_34' title="bbox 2120 691 3693 765; baseline 0.003 -22"><span class='ocrx_word' id='word_1_239' title='bbox 2120 691 2494 761; x_wconf 85' lang='grc' dir='ltr'>νυσθήσονται.</span> <span class='ocrx_word' id='word_1_240' title='bbox 2524 692 2710 756; x_wconf 73' lang='grc' dir='ltr'>Οὐδεὶς</span> <span class='ocrx_word' id='word_1_241' title='bbox 2750 694 2860 763; x_wconf 81' lang='grc' dir='ltr'><strong>γὰρ</strong></span> <span class='ocrx_word' id='word_1_242' title='bbox 2894 693 3195 765; x_wconf 83' lang='grc' dir='ltr'>ἀνθρώπων</span> <span class='ocrx_word' id='word_1_243' title='bbox 3229 695 3326 749; x_wconf 84' lang='grc' dir='ltr'>ἒνα</span> <span class='ocrx_word' id='word_1_244' title='bbox 3358 694 3561 765; x_wconf 83' lang='grc' dir='ltr'>χιτῶνα</span> <span class='ocrx_word' id='word_1_245' title='bbox 3592 710 3693 761; x_wconf 65' lang='grc' dir='ltr'>φοι</span> 
     </span>
    </p>
   </div>
   <div class='ocr_carea' id='block_1_35' title="bbox 2125 782 3696 855">
    <p class='ocr_par' dir='ltr' id='par_1_35' title="bbox 2125 782 3696 855">
     <span class='ocr_line' id='line_1_35' title="bbox 2125 782 3696 855; baseline -0.001 -19"><span class='ocrx_word' id='word_1_246' title='bbox 2125 782 2252 853; x_wconf 80' lang='grc' dir='ltr'>ρῶν,</span> <span class='ocrx_word' id='word_1_247' title='bbox 2288 783 2580 849; x_wconf 78' lang='grc' dir='ltr'>ἀνάξαντον</span> <span class='ocrx_word' id='word_1_248' title='bbox 2610 784 2672 837; x_wconf 82' lang='grc' dir='ltr'>τὸ</span> <span class='ocrx_word' id='word_1_249' title='bbox 2715 784 2876 855; x_wconf 75' lang='grc' dir='ltr'>σῶμα</span> <span class='ocrx_word' id='word_1_250' title='bbox 2922 784 3254 854; x_wconf 77' lang='grc' dir='ltr'><strong>διαφυλάξει.</strong></span> <span class='ocrx_word' id='word_1_251' title='bbox 3296 786 3361 841; x_wconf 81' lang='grc' dir='ltr'><strong>Ἠ</strong></span> <span class='ocrx_word' id='word_1_252' title='bbox 3394 785 3503 855; x_wconf 72' lang='grc' dir='ltr'><strong>γὰρ</strong></span> <span class='ocrx_word' id='word_1_253' title='bbox 3546 785 3696 837; x_wconf 81' lang='grc' dir='ltr'>πλεί-</span> 
     </span>
    </p>
   </div>
   <div class='ocr_carea' id='block_1_36' title="bbox 2123 874 3698 947">
    <p class='ocr_par' dir='ltr' id='par_1_36' title="bbox 2123 874 3698 947">
     <span class='ocr_line' id='line_1_36' title="bbox 2123 874 3698 947; baseline 0 -20"><span class='ocrx_word' id='word_1_254' title='bbox 2123 891 2221 945; x_wconf 88' lang='grc' dir='ltr'><strong>στη</strong></span> <span class='ocrx_word' id='word_1_255' title='bbox 2263 875 2518 943; x_wconf 82' lang='grc' dir='ltr'><strong>συντυχία</strong></span> <span class='ocrx_word' id='word_1_256' title='bbox 2566 874 2849 939; x_wconf 83' lang='grc' dir='ltr'><strong>πλείστους</strong></span> <span class='ocrx_word' id='word_1_257' title='bbox 2893 875 3083 946; x_wconf 82' lang='grc' dir='ltr'><strong>λόγους</strong></span> <span class='ocrx_word' id='word_1_258' title='bbox 3127 876 3377 947; x_wconf 75' lang='grc' dir='ltr'><strong>παρέχει.</strong></span> <span class='ocrx_word' id='word_1_259' title='bbox 3427 875 3698 933; x_wconf 64' lang='grc' dir='ltr'>Ὅπου.δέ</span> 
     </span>
    </p>
   </div>
   <div class='ocr_carea' id='block_1_37' title="bbox 2122 965 3694 1039">
    <p class='ocr_par' dir='ltr' id='par_1_37' title="bbox 2122 965 3694 1039">
     <span class='ocr_line' id='line_1_37' title="bbox 2122 965 3694 1039; baseline 0.001 -23"><span class='ocrx_word' id='word_1_260' title='bbox 2122 965 2361 1018; x_wconf 82' lang='grc' dir='ltr'>πλεῖστοι</span> <span class='ocrx_word' id='word_1_261' title='bbox 2414 965 2582 1034; x_wconf 84' lang='grc' dir='ltr'>λόγοι,</span> <span class='ocrx_word' id='word_1_262' title='bbox 2626 967 2956 1039; x_wconf 69' lang='grc' dir='ltr'>πολυπειρία</span> <span class='ocrx_word' id='word_1_263' title='bbox 3009 969 3351 1039; x_wconf 77' lang='grc' dir='ltr'><strong>πραγμάτων</strong></span> <span class='ocrx_word' id='word_1_264' title='bbox 3402 967 3694 1036; x_wconf 80' lang='grc' dir='ltr'>διαφόρων.</span> 
     </span>
    </p>
   </div>
   <div class='ocr_carea' id='block_1_38' title="bbox 2122 1056 3700 1128">
    <p class='ocr_par' dir='ltr' id='par_1_38' title="bbox 2122 1056 3700 1128">
     <span class='ocr_line' id='line_1_38' title="bbox 2122 1056 3700 1128; baseline 0 -19"><span class='ocrx_word' id='word_1_265' title='bbox 2122 1056 2306 1110; x_wconf 76' lang='grc' dir='ltr'>Ταῦτα</span> <span class='ocrx_word' id='word_1_266' title='bbox 2348 1057 2403 1110; x_wconf 83' lang='grc' dir='ltr'><strong>δέ</strong></span> <span class='ocrx_word' id='word_1_267' title='bbox 2442 1057 2609 1111; x_wconf 78' lang='grc' dir='ltr'>εἰπὼν</span> <span class='ocrx_word' id='word_1_268' title='bbox 2654 1062 2683 1112; x_wconf 99' lang='lat'><strong>6</strong></span> <span class='ocrx_word' id='word_1_269' title='bbox 2711 1058 2998 1128; x_wconf 75' lang='grc' dir='ltr'>φιλόσοφος</span> <span class='ocrx_word' id='word_1_270' title='bbox 3044 1060 3181 1128; x_wconf 81' lang='grc' dir='ltr'>πρὸς</span> <span class='ocrx_word' id='word_1_271' title='bbox 3235 1059 3567 1127; x_wconf 79' lang='grc' dir='ltr'>Ἐπιφάνιον,</span> <span class='ocrx_word' id='word_1_272' title='bbox 3601 1058 3700 1111; x_wconf 71' lang='grc' dir='ltr'>καὶ</span> 
     </span>
    </p>
   </div>
   <div class='ocr_carea' id='block_1_39' title="bbox 2122 1147 3696 1221">
    <p class='ocr_par' dir='ltr' id='par_1_39' title="bbox 2122 1147 3696 1221">
     <span class='ocr_line' id='line_1_39' title="bbox 2122 1147 3696 1221; baseline 0 -22"><span class='ocrx_word' id='word_1_273' title='bbox 2122 1147 2345 1202; x_wconf 80' lang='grc' dir='ltr'><strong>πλείονα</strong></span> <span class='ocrx_word' id='word_1_274' title='bbox 2370 1149 2573 1202; x_wconf 84' lang='grc' dir='ltr'>τούτων</span> <span class='ocrx_word' id='word_1_275' title='bbox 2594 1188 2608 1213; x_wconf 87' lang='grc'><em>,</em></span> <span class='ocrx_word' id='word_1_276' title='bbox 2639 1149 3025 1221; x_wconf 72' lang='grc' dir='ltr'><strong>ἀπεσιώπησεν</strong></span> <span class='ocrx_word' id='word_1_277' title='bbox 3061 1149 3260 1221; x_wconf 79' lang='grc' dir='ltr'>μηκέτι</span> <span class='ocrx_word' id='word_1_278' title='bbox 3304 1149 3696 1219; x_wconf 73' lang='grc' dir='ltr'><strong>φθεγγόμενος.</strong></span> 
     </span>
    </p>
   </div>
   <div class='ocr_carea' id='block_1_40' title="bbox 2193 1344 3700 1417">
    <p class='ocr_par' dir='ltr' id='par_1_40' title="bbox 2193 1344 3700 1417">
     <span class='ocr_line' id='line_1_40' title="bbox 2193 1344 3700 1417; baseline -0.003 -16"><span class='ocrx_word' id='word_1_279' title='bbox 2193 1346 2319 1402; x_wconf 79' lang='lat' dir='ltr'><strong>Kl&quot;.</strong></span> <span class='ocrx_word' id='word_1_280' title='bbox 2375 1346 2690 1402; x_wconf 80' lang='grc' dir='ltr'>’Υπολαϐὼν</span> <span class='ocrx_word' id='word_1_281' title='bbox 2732 1347 2790 1401; x_wconf 84' lang='grc' dir='ltr'><strong>δὲ</strong></span> <span class='ocrx_word' id='word_1_282' title='bbox 2835 1346 3148 1416; x_wconf 81' lang='grc' dir='ltr'>Ἐπιφάνιος</span> <span class='ocrx_word' id='word_1_283' title='bbox 3189 1347 3297 1399; x_wconf 75' lang='grc' dir='ltr'>ἀπὸ</span> <span class='ocrx_word' id='word_1_284' title='bbox 3342 1346 3440 1416; x_wconf 84' lang='grc' dir='ltr'>τῆς</span> <span class='ocrx_word' id='word_1_285' title='bbox 3476 1344 3700 1417; x_wconf 75' lang='grc' dir='ltr'>πρώτης</span> 
     </span>
    </p>
   </div>
   <div class='ocr_carea' id='block_1_41' title="bbox 2125 1434 3700 1508">
    <p class='ocr_par' dir='ltr' id='par_1_41' title="bbox 2125 1434 3700 1508">
     <span class='ocr_line' id='line_1_41' title="bbox 2125 1434 3700 1508; baseline -0.003 -18"><span class='ocrx_word' id='word_1_286' title='bbox 2125 1436 2308 1507; x_wconf 88' lang='grc' dir='ltr'>βίϐλου</span> <span class='ocrx_word' id='word_1_287' title='bbox 2336 1437 2434 1507; x_wconf 82' lang='grc' dir='ltr'>τῆς</span> <span class='ocrx_word' id='word_1_288' title='bbox 2481 1438 2836 1507; x_wconf 78' lang='grc' dir='ltr'>κοσμοποιῖας</span> <span class='ocrx_word' id='word_1_289' title='bbox 2865 1437 3253 1508; x_wconf 84' lang='grc' dir='ltr'><strong>διερμήνευσεν</strong></span> <span class='ocrx_word' id='word_1_290' title='bbox 3282 1440 3423 1489; x_wconf 82' lang='grc' dir='ltr'>κατὰ</span> <span class='ocrx_word' id='word_1_291' title='bbox 3456 1436 3584 1499; x_wconf 79' lang='grc' dir='ltr'>ἔπος</span> <span class='ocrx_word' id='word_1_292' title='bbox 3616 1434 3700 1504; x_wconf 79' lang='grc' dir='ltr'><strong>τῷ</strong></span> 
     </span>
    </p>
   </div>
   <div class='ocr_carea' id='block_1_42' title="bbox 2123 1523 3706 1599">
    <p class='ocr_par' dir='ltr' id='par_1_42' title="bbox 2123 1523 3706 1599">
     <span class='ocr_line' id='line_1_42' title="bbox 2123 1523 3706 1599; baseline -0.003 -18"><span class='ocrx_word' id='word_1_293' title='bbox 2123 1529 2414 1599; x_wconf 79' lang='grc' dir='ltr'>φιλοσόφῳ.</span> <span class='ocrx_word' id='word_1_294' title='bbox 2459 1529 2515 1581; x_wconf 87' lang='lat'><strong>&#39;0</strong></span> <span class='ocrx_word' id='word_1_295' title='bbox 2548 1528 2646 1599; x_wconf 78' lang='grc' dir='ltr'>μὲν</span> <span class='ocrx_word' id='word_1_296' title='bbox 2688 1523 2781 1581; x_wconf 83' lang='grc' dir='ltr'>οὖν</span> <span class='ocrx_word' id='word_1_297' title='bbox 2811 1527 3100 1597; x_wconf 83' lang='grc' dir='ltr'>φιλόσοφος</span> <span class='ocrx_word' id='word_1_298' title='bbox 3150 1529 3264 1591; x_wconf 79' lang='grc' dir='ltr'>τοῖς</span> <span class='ocrx_word' id='word_1_299' title='bbox 3296 1527 3396 1597; x_wconf 91' lang='grc' dir='ltr'><strong>μέν</strong></span> <span class='ocrx_word' id='word_1_300' title='bbox 3430 1529 3706 1597; x_wconf 70' lang='grc' dir='ltr'>μετεῖχεν,</span> 
     </span>
    </p>
   </div>
   <div class='ocr_carea' id='block_1_43' title="bbox 2122 1616 3701 1689">
    <p class='ocr_par' dir='ltr' id='par_1_43' title="bbox 2122 1616 3701 1689">
     <span class='ocr_line' id='line_1_43' title="bbox 2122 1616 3701 1689; baseline -0.004 -16"><span class='ocrx_word' id='word_1_301' title='bbox 2122 1623 2237 1684; x_wconf 85' lang='grc' dir='ltr'>τοῖς</span> <span class='ocrx_word' id='word_1_302' title='bbox 2276 1619 2333 1673; x_wconf 85' lang='grc' dir='ltr'><strong>δέ</strong></span> <span class='ocrx_word' id='word_1_303' title='bbox 2388 1618 2695 1689; x_wconf 76' lang='grc' dir='ltr'>ἀντέλεγεν.</span> <span class='ocrx_word' id='word_1_304' title='bbox 2722 1620 3018 1688; x_wconf 86' lang='grc' dir='ltr'>Ἐποίησαν</span> <span class='ocrx_word' id='word_1_305' title='bbox 3064 1617 3121 1671; x_wconf 80' lang='grc' dir='ltr'><strong>δὲ</strong></span> <span class='ocrx_word' id='word_1_306' title='bbox 3156 1620 3304 1689; x_wconf 78' lang='grc' dir='ltr'>τρεῖς</span> <span class='ocrx_word' id='word_1_307' title='bbox 3341 1619 3550 1688; x_wconf 81' lang='grc' dir='ltr'>ἡμέρας</span> <span class='ocrx_word' id='word_1_308' title='bbox 3580 1616 3701 1669; x_wconf 85' lang='grc' dir='ltr'><strong>δια-</strong></span> 
     </span>
    </p>
   </div>
   <div class='ocr_carea' id='block_1_44' title="bbox 2125 1705 3706 1782">
    <p class='ocr_par' dir='ltr' id='par_1_44' title="bbox 2125 1705 3706 1782">
     <span class='ocr_line' id='line_1_44' title="bbox 2125 1705 3706 1782; baseline -0.002 -19"><span class='ocrx_word' id='word_1_309' title='bbox 2125 1711 2404 1782; x_wconf 85' lang='grc' dir='ltr'>λεγόμενοι</span> <span class='ocrx_word' id='word_1_310' title='bbox 2432 1712 2569 1782; x_wconf 74' lang='grc' dir='ltr'>πρὸς</span> <span class='ocrx_word' id='word_1_311' title='bbox 2599 1711 2845 1775; x_wconf 77' lang='grc' dir='ltr'>ἑαυτούς.</span> <span class='ocrx_word' id='word_1_312' title='bbox 2876 1711 3207 1781; x_wconf 80' lang='grc' dir='ltr'>Ἀσύμφωνα</span> <span class='ocrx_word' id='word_1_313' title='bbox 3237 1710 3294 1763; x_wconf 82' lang='grc' dir='ltr'><strong>δέ</strong></span> <span class='ocrx_word' id='word_1_314' title='bbox 3323 1705 3390 1781; x_wconf 80' lang='grc' dir='ltr'>ἦν</span> <span class='ocrx_word' id='word_1_315' title='bbox 3416 1710 3599 1771; x_wconf 73' lang='grc' dir='ltr'>αὐτοῖς</span> <span class='ocrx_word' id='word_1_316' title='bbox 3630 1706 3706 1760; x_wconf 74' lang='grc' dir='ltr'>τὰ</span> 
     </span>
    </p>
   </div>
   <div class='ocr_carea' id='block_1_45' title="bbox 2126 1798 3708 1873">
    <p class='ocr_par' dir='ltr' id='par_1_45' title="bbox 2126 1798 3708 1873">
     <span class='ocr_line' id='line_1_45' title="bbox 2126 1798 3708 1873; baseline -0.004 -19"><span class='ocrx_word' id='word_1_317' title='bbox 2126 1802 2428 1873; x_wconf 79' lang='grc' dir='ltr'><strong>λαλούμενα</strong></span> <span class='ocrx_word' id='word_1_318' title='bbox 2461 1803 2551 1855; x_wconf 80' lang='grc' dir='ltr'><strong>ὑπ’</strong></span> <span class='ocrx_word' id='word_1_319' title='bbox 2585 1802 2785 1855; x_wconf 84' lang='grc' dir='ltr'>αὐτῶν.</span> <span class='ocrx_word' id='word_1_320' title='bbox 2814 1801 2958 1855; x_wconf 85' lang='grc' dir='ltr'>Ἰδὼν</span> <span class='ocrx_word' id='word_1_321' title='bbox 2991 1801 3049 1854; x_wconf 78' lang='grc' dir='ltr'><strong>δὲ</strong></span> <span class='ocrx_word' id='word_1_322' title='bbox 3076 1803 3105 1854; x_wconf 85' lang='grc' dir='ltr'>ὁ</span> <span class='ocrx_word' id='word_1_323' title='bbox 3146 1801 3433 1869; x_wconf 82' lang='grc' dir='ltr'>φιλόσοφος</span> <span class='ocrx_word' id='word_1_324' title='bbox 3460 1800 3556 1869; x_wconf 76' lang='grc' dir='ltr'>τὴν</span> <span class='ocrx_word' id='word_1_325' title='bbox 3584 1798 3708 1850; x_wconf 85' lang='grc' dir='ltr'>δια-</span> 
     </span>
    </p>
   </div>
   <div class='ocr_carea' id='block_1_46' title="bbox 2126 1889 3703 1966">
    <p class='ocr_par' dir='ltr' id='par_1_46' title="bbox 2126 1889 3703 1966">
     <span class='ocr_line' id='line_1_46' title="bbox 2126 1889 3703 1966; baseline -0.004 -19"><span class='ocrx_word' id='word_1_326' title='bbox 2126 1896 2312 1966; x_wconf 77' lang='grc' dir='ltr'>γωγὴν</span> <span class='ocrx_word' id='word_1_327' title='bbox 2336 1895 2427 1949; x_wconf 75' lang='grc' dir='ltr'>καὶ</span> <span class='ocrx_word' id='word_1_328' title='bbox 2449 1893 2519 1947; x_wconf 82' lang='grc' dir='ltr'><strong>τὰ</strong></span> <span class='ocrx_word' id='word_1_329' title='bbox 2539 1894 2643 1965; x_wconf 68' lang='grc' dir='ltr'>ἢθη</span> <span class='ocrx_word' id='word_1_330' title='bbox 2667 1892 3007 1962; x_wconf 79' lang='grc' dir='ltr'>Ἐπιφανίου,</span> <span class='ocrx_word' id='word_1_331' title='bbox 3041 1892 3173 1945; x_wconf 81' lang='grc' dir='ltr'>πολὺ</span> <span class='ocrx_word' id='word_1_332' title='bbox 3200 1892 3485 1961; x_wconf 77' lang='grc' dir='ltr'>ἠγάπησεν</span> <span class='ocrx_word' id='word_1_333' title='bbox 3513 1889 3703 1942; x_wconf 73' lang='grc' dir='ltr'>αὐτόν.</span> 
     </span>
    </p>
   </div>
   <div class='ocr_carea' id='block_1_47' title="bbox 2127 1978 3706 2056">
    <p class='ocr_par' dir='ltr' id='par_1_47' title="bbox 2127 1978 3706 2056">
     <span class='ocr_line' id='line_1_47' title="bbox 2127 1978 3706 2056; baseline -0.006 -19"><span class='ocrx_word' id='word_1_334' title='bbox 2127 1986 2205 2056; x_wconf 82' lang='grc' dir='ltr'>Τῇ</span> <span class='ocrx_word' id='word_1_335' title='bbox 2244 1979 2338 2037; x_wconf 76' lang='grc' dir='ltr'>οὖν</span> <span class='ocrx_word' id='word_1_336' title='bbox 2388 1984 2623 2054; x_wconf 77' lang='grc' dir='ltr'><strong>τετάρτῃ</strong></span> <span class='ocrx_word' id='word_1_337' title='bbox 2668 1984 2850 2055; x_wconf 71' lang='grc' dir='ltr'>ἡμέρα</span> <span class='ocrx_word' id='word_1_338' title='bbox 2878 1978 3031 2035; x_wconf 74' lang='grc' dir='ltr'>εἶπεν</span> <span class='ocrx_word' id='word_1_339' title='bbox 3074 1984 3104 2035; x_wconf 86' lang='grc' dir='ltr'>ὁ</span> <span class='ocrx_word' id='word_1_340' title='bbox 3145 1981 3435 2050; x_wconf 79' lang='grc' dir='ltr'>φιλόσοφος</span> <span class='ocrx_word' id='word_1_341' title='bbox 3473 1979 3706 2047; x_wconf 82' lang='grc' dir='ltr'>Ἐπιφα-</span> 
     </span>
    </p>
   </div>
   <div class='ocr_carea' id='block_1_48' title="bbox 2125 2068 3714 2149">
    <p class='ocr_par' dir='ltr' id='par_1_48' title="bbox 2125 2068 3714 2149">
     <span class='ocr_line' id='line_1_48' title="bbox 2125 2068 3714 2149; baseline -0.008 -18"><span class='ocrx_word' id='word_1_342' title='bbox 2125 2077 2222 2149; x_wconf 82' lang='grc' dir='ltr'><strong>νίῳ</strong></span> <span class='ocrx_word' id='word_1_343' title='bbox 2242 2094 2254 2108; x_wconf 93' lang='grc'><strong>·</strong></span> <span class='ocrx_word' id='word_1_344' title='bbox 2276 2074 2591 2136; x_wconf 81' lang='grc' dir='ltr'>Διδάσκαλε,</span> <span class='ocrx_word' id='word_1_345' title='bbox 2616 2073 2753 2145; x_wconf 82' lang='grc' dir='ltr'>καλὴ</span> <span class='ocrx_word' id='word_1_346' title='bbox 2780 2076 2812 2144; x_wconf 78' lang='grc' dir='ltr'><strong>ἡ</strong></span> <span class='ocrx_word' id='word_1_347' title='bbox 2839 2074 3051 2144; x_wconf 80' lang='grc' dir='ltr'>οἴκησις</span> <span class='ocrx_word' id='word_1_348' title='bbox 3077 2071 3170 2125; x_wconf 79' lang='grc' dir='ltr'>τοῦ</span> <span class='ocrx_word' id='word_1_349' title='bbox 3197 2072 3382 2126; x_wconf 77' lang='grc' dir='ltr'>τόπου.</span> <span class='ocrx_word' id='word_1_350' title='bbox 3411 2068 3714 2139; x_wconf 75' lang='grc' dir='ltr'>Βούλομαι,</span> 
     </span>
    </p>
   </div>
   <div class='ocr_carea' id='block_1_49' title="bbox 2127 2159 3707 2229">
    <p class='ocr_par' dir='ltr' id='par_1_49' title="bbox 2127 2159 3707 2229">
     <span class='ocr_line' id='line_1_49' title="bbox 2127 2159 3707 2229; baseline -0.007 -7"><span class='ocrx_word' id='word_1_351' title='bbox 2127 2170 2175 2221; x_wconf 88' lang='grc' dir='ltr'><strong>εί</strong></span> <span class='ocrx_word' id='word_1_352' title='bbox 2212 2166 2472 2229; x_wconf 82' lang='grc' dir='ltr'>κελεύεις,</span> <span class='ocrx_word' id='word_1_353' title='bbox 2508 2167 2676 2218; x_wconf 83' lang='grc' dir='ltr'>οίκεῖν</span> <span class='ocrx_word' id='word_1_354' title='bbox 2709 2162 2961 2219; x_wconf 78' lang='grc' dir='ltr'>ἐνταῦθα.</span> <span class='ocrx_word' id='word_1_355' title='bbox 2995 2159 3164 2218; x_wconf 72' lang='grc' dir='ltr'>Εἶπεν</span> <span class='ocrx_word' id='word_1_356' title='bbox 3185 2163 3243 2215; x_wconf 75' lang='grc' dir='ltr'><strong>δέ</strong></span> <span class='ocrx_word' id='word_1_357' title='bbox 3272 2160 3588 2229; x_wconf 81' lang='grc' dir='ltr'>Ἐπιφάνιος</span> <span class='ocrx_word' id='word_1_358' title='bbox 3624 2159 3707 2229; x_wconf 84' lang='grc' dir='ltr'>τῷ</span> 
     </span>
    </p>
   </div>
   <div class='ocr_carea' id='block_1_50' title="bbox 2129 2244 3712 2326">
    <p class='ocr_par' dir='ltr' id='par_1_50' title="bbox 2129 2244 3712 2326">
     <span class='ocr_line' id='line_1_50' title="bbox 2129 2244 3712 2326; baseline -0.01 -16"><span class='ocrx_word' id='word_1_359' title='bbox 2129 2254 2402 2326; x_wconf 80' lang='grc' dir='ltr'>φιλοσόφῳ</span> <span class='ocrx_word' id='word_1_360' title='bbox 2420 2269 2433 2282; x_wconf 88' lang='grc'><strong>·</strong></span> <span class='ocrx_word' id='word_1_361' title='bbox 2469 2252 2640 2311; x_wconf 72' lang='grc' dir='ltr'>Τοῦτο</span> <span class='ocrx_word' id='word_1_362' title='bbox 2680 2251 2815 2322; x_wconf 83' lang='grc' dir='ltr'>πρὸς</span> <span class='ocrx_word' id='word_1_363' title='bbox 2841 2249 2940 2320; x_wconf 79' lang='grc' dir='ltr'>τὴν</span> <span class='ocrx_word' id='word_1_364' title='bbox 2977 2249 3297 2321; x_wconf 85' lang='grc' dir='ltr'>προαίρεσιν</span> <span class='ocrx_word' id='word_1_365' title='bbox 3326 2246 3443 2309; x_wconf 76' lang='grc' dir='ltr'>ἐνὸς</span> <span class='ocrx_word' id='word_1_366' title='bbox 3471 2244 3712 2297; x_wconf 75' lang='grc' dir='ltr'><strong>ἑκάστου</strong></span> 
     </span>
    </p>
   </div>
   <div class='ocr_carea' id='block_1_51' title="bbox 2130 2335 3713 2409">
    <p class='ocr_par' dir='ltr' id='par_1_51' title="bbox 2130 2335 3713 2409">
     <span class='ocr_line' id='line_1_51' title="bbox 2130 2335 3713 2409; baseline -0.009 -10"><span class='ocrx_word' id='word_1_367' title='bbox 2130 2346 2297 2400; x_wconf 88' lang='grc' dir='ltr'>ἐστίν.</span> <span class='ocrx_word' id='word_1_368' title='bbox 2342 2342 2509 2403; x_wconf 72' lang='grc' dir='ltr'>Εἶπεν</span> <span class='ocrx_word' id='word_1_369' title='bbox 2540 2342 2597 2398; x_wconf 84' lang='grc' dir='ltr'><strong>δέ</strong></span> <span class='ocrx_word' id='word_1_370' title='bbox 2642 2344 2671 2396; x_wconf 83' lang='grc' dir='ltr'>ὁ</span> <span class='ocrx_word' id='word_1_371' title='bbox 2717 2341 3003 2409; x_wconf 74' lang='grc' dir='ltr'>φιλόσοφος</span> <span class='ocrx_word' id='word_1_372' title='bbox 3044 2339 3351 2408; x_wconf 70' lang='grc' dir='ltr'>Ἐπιφανίῳ</span> <span class='ocrx_word' id='word_1_373' title='bbox 3374 2353 3387 2366; x_wconf 81' lang='lat'><strong>&#39;</strong></span> <span class='ocrx_word' id='word_1_374' title='bbox 3419 2335 3583 2389; x_wconf 73' lang='grc' dir='ltr'>Ἀλλά</span> <span class='ocrx_word' id='word_1_375' title='bbox 3612 2335 3713 2386; x_wconf 75' lang='grc' dir='ltr'>καὶ</span> 
     </span>
    </p>
   </div>
   <div class='ocr_carea' id='block_1_52' title="bbox 2128 2424 3716 2505">
    <p class='ocr_par' dir='ltr' id='par_1_52' title="bbox 2128 2424 3716 2505">
     <span class='ocr_line' id='line_1_52' title="bbox 2128 2424 3716 2505; baseline -0.008 -17"><span class='ocrx_word' id='word_1_376' title='bbox 2128 2436 2227 2498; x_wconf 80' lang='grc' dir='ltr'>τὰς</span> <span class='ocrx_word' id='word_1_377' title='bbox 2258 2434 2472 2505; x_wconf 84' lang='grc' dir='ltr'>βίϐλους</span> <span class='ocrx_word' id='word_1_378' title='bbox 2502 2434 2672 2505; x_wconf 74' lang='grc' dir='ltr'>φέρω.</span> <span class='ocrx_word' id='word_1_379' title='bbox 2726 2426 2892 2484; x_wconf 76' lang='grc' dir='ltr'>Εἶπεν</span> <span class='ocrx_word' id='word_1_380' title='bbox 2922 2430 2978 2482; x_wconf 84' lang='grc' dir='ltr'><strong>δέ</strong></span> <span class='ocrx_word' id='word_1_381' title='bbox 3015 2429 3194 2499; x_wconf 82' lang='grc' dir='ltr'>αύτῷ·</span> <span class='ocrx_word' id='word_1_382' title='bbox 3234 2429 3302 2485; x_wconf 65' lang='grc' dir='ltr'><strong>Εἰ</strong></span> <span class='ocrx_word' id='word_1_383' title='bbox 3326 2445 3379 2480; x_wconf 89' lang='grc' dir='ltr'><strong>τι</strong></span> <span class='ocrx_word' id='word_1_384' title='bbox 3413 2424 3716 2496; x_wconf 76' lang='grc' dir='ltr'>παρεισέρ-</span> 
     </span>
    </p>
   </div>
   <div class='ocr_carea' id='block_1_53' title="bbox 2130 2519 3715 2617">
    <p class='ocr_par' dir='ltr' id='par_1_53' title="bbox 2130 2519 3715 2617">
     <span class='ocr_line' id='line_1_53' title="bbox 2130 2519 3715 2617; baseline -0.008 -36"><span class='ocrx_word' id='word_1_385' title='bbox 2130 2546 2284 2599; x_wconf 82' lang='grc' dir='ltr'>χεται</span> <span class='ocrx_word' id='word_1_386' title='bbox 2313 2527 2390 2597; x_wconf 82' lang='grc' dir='ltr'>τῷ</span> <span class='ocrx_word' id='word_1_387' title='bbox 2423 2524 2670 2617; x_wconf 80' lang='grc' dir='ltr'>λογισμῷ</span> <span class='ocrx_word' id='word_1_388' title='bbox 2699 2541 2815 2589; x_wconf 81' lang='grc' dir='ltr'>σου,</span> <span class='ocrx_word' id='word_1_389' title='bbox 2850 2524 3103 2595; x_wconf 79' lang='grc' dir='ltr'><strong>εὑρήσεις</strong></span> <span class='ocrx_word' id='word_1_390' title='bbox 3145 2519 3463 2588; x_wconf 70' lang='grc' dir='ltr'>Ἐπιφάνιον</span> <span class='ocrx_word' id='word_1_391' title='bbox 3503 2519 3715 2585; x_wconf 75' lang='grc' dir='ltr'>εὐγνωο</span> 
     </span>
    </p>
   </div>
   <div class='ocr_carea' id='block_1_54' title="bbox 2135 2606 3717 2692">
    <p class='ocr_par' dir='ltr' id='par_1_54' title="bbox 2135 2606 3717 2692">
     <span class='ocr_line' id='line_1_54' title="bbox 2135 2606 3717 2692; baseline -0.01 -18"><span class='ocrx_word' id='word_1_392' title='bbox 2135 2619 2417 2692; x_wconf 88' lang='grc' dir='ltr'>μονοῦντα.</span> <span class='ocrx_word' id='word_1_393' title='bbox 2451 2606 2618 2672; x_wconf 74' lang='grc' dir='ltr'>Εἶπεν</span> <span class='ocrx_word' id='word_1_394' title='bbox 2646 2616 2703 2669; x_wconf 73' lang='grc' dir='ltr'><strong>δέ</strong></span> <span class='ocrx_word' id='word_1_395' title='bbox 2741 2618 2770 2668; x_wconf 88' lang='grc' dir='ltr'>ὁ</span> <span class='ocrx_word' id='word_1_396' title='bbox 2810 2614 3097 2683; x_wconf 81' lang='grc' dir='ltr'>φιλόσοφος</span> <span class='ocrx_word' id='word_1_397' title='bbox 3121 2630 3136 2644; x_wconf 78' lang='grc' dir='ltr'><strong>ο</strong></span> <span class='ocrx_word' id='word_1_398' title='bbox 3167 2612 3466 2675; x_wconf 79' lang='grc' dir='ltr'>Κάλλιστος</span> <span class='ocrx_word' id='word_1_399' title='bbox 3499 2606 3717 2677; x_wconf 87' lang='grc' dir='ltr'>πορεύ-</span> 
     </span>
    </p>
   </div>
   <div class='ocr_carea' id='block_1_55' title="bbox 2135 2696 3715 2781">
    <p class='ocr_par' dir='ltr' id='par_1_55' title="bbox 2135 2696 3715 2781">
     <span class='ocr_line' id='line_1_55' title="bbox 2135 2696 3715 2781; baseline -0.008 -18"><span class='ocrx_word' id='word_1_400' title='bbox 2135 2726 2285 2763; x_wconf 79' lang='grc' dir='ltr'>σεται</span> <span class='ocrx_word' id='word_1_401' title='bbox 2316 2710 2452 2781; x_wconf 80' lang='grc' dir='ltr'>πρὸς</span> <span class='ocrx_word' id='word_1_402' title='bbox 2482 2709 2578 2772; x_wconf 74' lang='grc' dir='ltr'><strong>τὰς</strong></span> <span class='ocrx_word' id='word_1_403' title='bbox 2622 2704 2761 2777; x_wconf 81' lang='grc' dir='ltr'>ἐμὰς</span> <span class='ocrx_word' id='word_1_404' title='bbox 2807 2702 3037 2776; x_wconf 83' lang='grc' dir='ltr'>βίϐλους.</span> <span class='ocrx_word' id='word_1_405' title='bbox 3071 2702 3241 2758; x_wconf 72' lang='grc' dir='ltr'>Εἶπεν</span> <span class='ocrx_word' id='word_1_406' title='bbox 3286 2702 3600 2771; x_wconf 74' lang='grc' dir='ltr'>Ἐπιφάνιος</span> <span class='ocrx_word' id='word_1_407' title='bbox 3632 2696 3715 2770; x_wconf 85' lang='grc' dir='ltr'>τῷ</span> 
     </span>
    </p>
   </div>
   <div class='ocr_carea' id='block_1_56' title="bbox 2133 2790 3711 2871">
    <p class='ocr_par' dir='ltr' id='par_1_56' title="bbox 2133 2790 3711 2871">
     <span class='ocr_line' id='line_1_56' title="bbox 2133 2790 3711 2871; baseline -0.008 -18"><span class='ocrx_word' id='word_1_408' title='bbox 2133 2799 2409 2871; x_wconf 78' lang='grc' dir='ltr'>φιλοσόφῳ</span> <span class='ocrx_word' id='word_1_409' title='bbox 2428 2816 2442 2827; x_wconf 84' lang='lat'><strong>&#39;</strong></span> <span class='ocrx_word' id='word_1_410' title='bbox 2484 2799 2714 2863; x_wconf 77' lang='grc' dir='ltr'>’Δγαγε,</span> <span class='ocrx_word' id='word_1_411' title='bbox 2747 2795 2897 2863; x_wconf 79' lang='grc' dir='ltr'>βαῖνε</span> <span class='ocrx_word' id='word_1_412' title='bbox 2925 2794 3183 2862; x_wconf 84' lang='grc' dir='ltr'>ὑγιαίνων</span> <span class='ocrx_word' id='word_1_413' title='bbox 3221 2791 3361 2862; x_wconf 82' lang='grc' dir='ltr'>μετὰ</span> <span class='ocrx_word' id='word_1_414' title='bbox 3385 2790 3711 2845; x_wconf 79' lang='grc' dir='ltr'>Καλλίστου.</span> 
     </span>
    </p>
   </div>
   <div class='ocr_carea' id='block_1_57' title="bbox 2133 2880 3713 2957">
    <p class='ocr_par' dir='ltr' id='par_1_57' title="bbox 2133 2880 3713 2957">
     <span class='ocr_line' id='line_1_57' title="bbox 2133 2880 3713 2957; baseline -0.009 -10"><span class='ocrx_word' id='word_1_415' title='bbox 2133 2889 2305 2948; x_wconf 81' lang='grc' dir='ltr'>Εἶπεν</span> <span class='ocrx_word' id='word_1_416' title='bbox 2333 2891 2390 2944; x_wconf 79' lang='grc' dir='ltr'><strong>δὲ</strong></span> <span class='ocrx_word' id='word_1_417' title='bbox 2434 2890 2461 2942; x_wconf 84' lang='grc' dir='ltr'>ὁ</span> <span class='ocrx_word' id='word_1_418' title='bbox 2509 2888 2798 2957; x_wconf 79' lang='grc' dir='ltr'>φιλόσοφος</span> <span class='ocrx_word' id='word_1_419' title='bbox 2841 2883 3176 2954; x_wconf 77' lang='grc' dir='ltr'>Ἐπιφανίῳ·</span> <span class='ocrx_word' id='word_1_420' title='bbox 3227 2883 3411 2938; x_wconf 83' lang='grc' dir='ltr'>Πάντα</span> <span class='ocrx_word' id='word_1_421' title='bbox 3457 2881 3525 2937; x_wconf 72' lang='grc' dir='ltr'>τὰ</span> <span class='ocrx_word' id='word_1_422' title='bbox 3571 2880 3713 2950; x_wconf 77' lang='grc' dir='ltr'>πρά-</span> 
     </span>
    </p>
   </div>
   <div class='ocr_carea' id='block_1_58' title="bbox 2133 2972 3712 3053">
    <p class='ocr_par' dir='ltr' id='par_1_58' title="bbox 2133 2972 3712 3053">
     <span class='ocr_line' id='line_1_58' title="bbox 2133 2972 3712 3053; baseline -0.018 -2"><span class='ocrx_word' id='word_1_423' title='bbox 2133 2981 2319 3053; x_wconf 83' lang='grc' dir='ltr'>γματά</span> <span class='ocrx_word' id='word_1_424' title='bbox 2352 2997 2451 3047; x_wconf 78' lang='grc' dir='ltr'><strong>μου</strong></span> <span class='ocrx_word' id='word_1_425' title='bbox 2489 2977 2775 3047; x_wconf 79' lang='grc' dir='ltr'>Καλλίστῳ</span> <span class='ocrx_word' id='word_1_426' title='bbox 2802 2976 2978 3042; x_wconf 59' lang='lat' dir='ltr'><strong>dealt-1‘</strong></span> <span class='ocrx_word' id='word_1_427' title='bbox 3006 2973 3116 3041; x_wconf 71' lang='grc' dir='ltr'>ἐγὼ</span> <span class='ocrx_word' id='word_1_428' title='bbox 3144 2974 3253 3044; x_wconf 84' lang='grc' dir='ltr'>γὰρ</span> <span class='ocrx_word' id='word_1_429' title='bbox 3284 2973 3466 3031; x_wconf 77' lang='grc' dir='ltr'>οὐκέτι</span> <span class='ocrx_word' id='word_1_430' title='bbox 3493 2972 3712 3042; x_wconf 76' lang='grc' dir='ltr'><strong>ἐξέρχο-</strong></span> 
     </span>
    </p>
   </div>
   <div class='ocr_carea' id='block_1_59' title="bbox 2138 3062 3711 3145">
    <p class='ocr_par' dir='ltr' id='par_1_59' title="bbox 2138 3062 3711 3145">
     <span class='ocr_line' id='line_1_59' title="bbox 2138 3062 3711 3145; baseline -0.008 -17"><span class='ocrx_word' id='word_1_431' title='bbox 2138 3091 2237 3145; x_wconf 68' lang='grc' dir='ltr'>μεαι</span> <span class='ocrx_word' id='word_1_432' title='bbox 2270 3074 2334 3125; x_wconf 86' lang='grc' dir='ltr'><strong>ἐκ</strong></span> <span class='ocrx_word' id='word_1_433' title='bbox 2353 3072 2446 3126; x_wconf 81' lang='grc' dir='ltr'>τοῦ</span> <span class='ocrx_word' id='word_1_434' title='bbox 2470 3070 2635 3124; x_wconf 83' lang='grc' dir='ltr'>τόπου</span> <span class='ocrx_word' id='word_1_435' title='bbox 2668 3067 2879 3127; x_wconf 71' lang='grc' dir='ltr'>τούτου.</span> <span class='ocrx_word' id='word_1_436' title='bbox 2910 3068 3011 3119; x_wconf 78' lang='grc' dir='ltr'>Ἠν</span> <span class='ocrx_word' id='word_1_437' title='bbox 3035 3067 3092 3121; x_wconf 78' lang='grc' dir='ltr'><strong>δὲ</strong></span> <span class='ocrx_word' id='word_1_438' title='bbox 3120 3068 3149 3115; x_wconf 86' lang='lat'><strong>6</strong></span> <span class='ocrx_word' id='word_1_439' title='bbox 3176 3065 3474 3127; x_wconf 72' lang='grc' dir='ltr'>Κάλλιστος</span> <span class='ocrx_word' id='word_1_440' title='bbox 3499 3062 3711 3119; x_wconf 74' lang='grc' dir='ltr'>Ἀετίου</span> 
     </span>
    </p>
   </div>
   <div class='ocr_carea' id='block_1_60' title="bbox 466 3144 2028 3254">
    <p class='ocr_par' dir='ltr' id='par_1_60' title="bbox 466 3156 2028 3254">
     <span class='ocr_line' id='line_1_60' title="bbox 466 3156 2028 3254; baseline 0.001 -41"><span class='ocrx_word' id='word_1_441' title='bbox 466 3159 617 3254; x_wconf 71' lang='lat' dir='ltr'><strong>heret</strong></span> <span class='ocrx_word' id='word_1_442' title='bbox 664 3156 945 3227; x_wconf 87' lang='lat' dir='ltr'><strong>spiritum,</strong></span> <span class='ocrx_word' id='word_1_443' title='bbox 994 3156 1127 3212; x_wconf 81' lang='lat' dir='ltr'><strong>vidit</strong></span> <span class='ocrx_word' id='word_1_444' title='bbox 1171 3156 1534 3226; x_wconf 86' lang='lat' dir='ltr'><strong>Epiphanium</strong></span> <span class='ocrx_word' id='word_1_445' title='bbox 1585 3159 1851 3214; x_wconf 88' lang='lat' dir='ltr'><strong>dicentem</strong></span> <span class='ocrx_word' id='word_1_446' title='bbox 1894 3160 1942 3214; x_wconf 81' lang='lat' dir='ltr'><strong>ci</strong></span> <span class='ocrx_word' id='word_1_447' title='bbox 1980 3162 2028 3215; x_wconf 90' lang='lat' dir='ltr'><strong>in</strong></span> 
     </span>
    </p>
   </div>
   <div class='ocr_carea' id='block_1_61' title="bbox 2130 3144 3719 3254">
    <p class='ocr_par' dir='ltr' id='par_1_61' title="bbox 2135 3144 3719 3235">
     <span class='ocr_line' id='line_1_61' title="bbox 2135 3144 3719 3235; baseline -0.01 -14"><span class='ocrx_word' id='word_1_448' title='bbox 2135 3144 2231 3221; x_wconf 78' lang='grc' dir='ltr'><strong>τοῦ</strong></span> <span class='ocrx_word' id='word_1_449' title='bbox 2303 3164 2539 3235; x_wconf 79' lang='grc' dir='ltr'>μεγάλου</span> <span class='ocrx_word' id='word_1_450' title='bbox 2610 3144 2850 3233; x_wconf 45' lang='lat' dir='ltr'><strong>incipiet)</strong></span> <span class='ocrx_word' id='word_1_451' title='bbox 2913 3161 3009 3231; x_wconf 84' lang='grc' dir='ltr'>τῆς</span> <span class='ocrx_word' id='word_1_452' title='bbox 3060 3158 3279 3230; x_wconf 84' lang='grc' dir='ltr'><strong>Ῥώμης</strong></span> <span class='ocrx_word' id='word_1_453' title='bbox 3341 3158 3475 3220; x_wconf 77' lang='grc' dir='ltr'>υἱός.</span> <span class='ocrx_word' id='word_1_454' title='bbox 3545 3148 3719 3216; x_wconf 72' lang='grc' dir='ltr'>Οὗτος</span> 
     </span>
    </p>
   </div>
   <div class='ocr_carea' id='block_1_62' title="bbox 459 3244 2028 3327">
    <p class='ocr_par' dir='ltr' id='par_1_62' title="bbox 459 3244 2028 3318">
     <span class='ocr_line' id='line_1_62' title="bbox 459 3244 2028 3318; baseline 0.003 -19"><span class='ocrx_word' id='word_1_455' title='bbox 459 3244 713 3303; x_wconf 72' lang='lat' dir='ltr'><strong>visione:</strong></span> <span class='ocrx_word' id='word_1_456' title='bbox 749 3245 876 3309; x_wconf 82' lang='lat' dir='ltr'><strong>Vis,</strong></span> <span class='ocrx_word' id='word_1_457' title='bbox 930 3244 1188 3309; x_wconf 79' lang='lat' dir='ltr'><strong>Calliste,</strong></span> <span class='ocrx_word' id='word_1_458' title='bbox 1234 3247 1502 3315; x_wconf 82' lang='lat' dir='ltr'><strong>expellam</strong></span> <span class='ocrx_word' id='word_1_459' title='bbox 1550 3262 1583 3302; x_wconf 93' lang='lat' dir='ltr'><strong>a</strong></span> <span class='ocrx_word' id='word_1_460' title='bbox 1630 3257 1683 3304; x_wconf 89' lang='lat' dir='ltr'><strong>te</strong></span> <span class='ocrx_word' id='word_1_461' title='bbox 1736 3249 2028 3318; x_wconf 81' lang='lat' dir='ltr'><strong>spirituini</strong></span> 
     </span>
    </p>
   </div>
   <div class='ocr_carea' id='block_1_63' title="bbox 2130 3244 3722 3327">
    <p class='ocr_par' dir='ltr' id='par_1_63' title="bbox 2140 3246 3722 3327">
     <span class='ocr_line' id='line_1_63' title="bbox 2140 3246 3722 3327; baseline -0.008 -18"><span class='ocrx_word' id='word_1_462' title='bbox 2140 3256 2358 3326; x_wconf 83' lang='grc' dir='ltr'>πνεῦμα</span> <span class='ocrx_word' id='word_1_463' title='bbox 2404 3254 2636 3324; x_wconf 84' lang='grc' dir='ltr'>πονηρὸν</span> <span class='ocrx_word' id='word_1_464' title='bbox 2670 3253 2829 3327; x_wconf 81' lang='grc' dir='ltr'>ἔχων,</span> <span class='ocrx_word' id='word_1_465' title='bbox 2885 3250 3006 3305; x_wconf 77' lang='grc' dir='ltr'><strong>ἰδὼν</strong></span> <span class='ocrx_word' id='word_1_466' title='bbox 3032 3250 3351 3319; x_wconf 76' lang='grc' dir='ltr'>Ἐπιφάνιον</span> <span class='ocrx_word' id='word_1_467' title='bbox 3388 3250 3447 3300; x_wconf 86' lang='grc' dir='ltr'><strong>ἐν</strong></span> <span class='ocrx_word' id='word_1_468' title='bbox 3483 3246 3722 3317; x_wconf 76' lang='grc' dir='ltr'>ὀπτασίᾳ</span> 
     </span>
    </p>
   </div>
   <div class='ocr_carea' id='block_1_64' title="bbox 463 3335 2037 3410">
    <p class='ocr_par' dir='ltr' id='par_1_64' title="bbox 463 3335 2037 3410">
     <span class='ocr_line' id='line_1_64' title="bbox 463 3335 2037 3410; baseline 0.003 -18"><span class='ocrx_word' id='word_1_469' title='bbox 463 3336 609 3395; x_wconf 80' lang='lat' dir='ltr'><strong>Dixit</strong></span> <span class='ocrx_word' id='word_1_470' title='bbox 656 3336 913 3395; x_wconf 85' lang='lat' dir='ltr'><strong>Callistus</strong></span> <span class='ocrx_word' id='word_1_471' title='bbox 948 3335 1058 3392; x_wconf 87' lang='lat' dir='ltr'><strong>:Et</strong></span> <span class='ocrx_word' id='word_1_472' title='bbox 1098 3336 1225 3406; x_wconf 89' lang='lat' dir='ltr'><strong>quis</strong></span> <span class='ocrx_word' id='word_1_473' title='bbox 1271 3343 1328 3393; x_wconf 91' lang='lat' dir='ltr'><strong>tu</strong></span> <span class='ocrx_word' id='word_1_474' title='bbox 1384 3349 1465 3403; x_wconf 83' lang='lat' dir='ltr'><strong>es,</strong></span> <span class='ocrx_word' id='word_1_475' title='bbox 1518 3338 1735 3396; x_wconf 88' lang='lat' dir='ltr'><strong>domine</strong></span> <span class='ocrx_word' id='word_1_476' title='bbox 1767 3341 1862 3404; x_wconf 87' lang='lat' dir='ltr'><strong>ini,</strong></span> <span class='ocrx_word' id='word_1_477' title='bbox 1891 3342 2037 3410; x_wconf 87' lang='lat' dir='ltr'><strong>quod</strong></span> 
     </span>
    </p>
   </div>
   <div class='ocr_carea' id='block_1_65' title="bbox 464 3424 2038 3501">
    <p class='ocr_par' dir='ltr' id='par_1_65' title="bbox 464 3424 2038 3501">
     <span class='ocr_line' id='line_1_65' title="bbox 464 3424 2038 3501; baseline 0.003 -21"><span class='ocrx_word' id='word_1_478' title='bbox 464 3426 643 3494; x_wconf 84' lang='lat' dir='ltr'><strong>possis</strong></span> <span class='ocrx_word' id='word_1_479' title='bbox 668 3440 792 3481; x_wconf 87' lang='lat' dir='ltr'><strong>eum</strong></span> <span class='ocrx_word' id='word_1_480' title='bbox 833 3425 1143 3496; x_wconf 66' lang='lat' dir='ltr'><strong>expellere?</strong></span> <span class='ocrx_word' id='word_1_481' title='bbox 1171 3424 1317 3494; x_wconf 73' lang='lat' dir='ltr'><strong>Dixit</strong></span> <span class='ocrx_word' id='word_1_482' title='bbox 1344 3436 1526 3487; x_wconf 80' lang='lat' dir='ltr'><strong>autem</strong></span> <span class='ocrx_word' id='word_1_483' title='bbox 1555 3427 1888 3501; x_wconf 73' lang='lat' dir='ltr'><strong>Epiphanius</strong></span> <span class='ocrx_word' id='word_1_484' title='bbox 1914 3431 2038 3486; x_wconf 49' lang='lat' dir='ltr'><strong>Cal;</strong></span> 
     </span>
    </p>
   </div>
   <div class='ocr_carea' id='block_1_66' title="bbox 467 3514 2038 3591">
    <p class='ocr_par' dir='ltr' id='par_1_66' title="bbox 467 3514 2038 3591">
     <span class='ocr_line' id='line_1_66' title="bbox 467 3514 2038 3591; baseline 0.005 -22"><span class='ocrx_word' id='word_1_485' title='bbox 467 3516 592 3579; x_wconf 86' lang='lat' dir='ltr'><strong>Iisto</strong></span> <span class='ocrx_word' id='word_1_486' title='bbox 622 3531 636 3569; x_wconf 91' lang='lat'><strong>:</strong></span> <span class='ocrx_word' id='word_1_487' title='bbox 668 3514 781 3587; x_wconf 73' lang='lat' dir='ltr'><strong>Ego</strong></span> <span class='ocrx_word' id='word_1_488' title='bbox 816 3530 962 3585; x_wconf 74' lang='lat' dir='ltr'><strong>sum,</strong></span> <span class='ocrx_word' id='word_1_489' title='bbox 1010 3515 1209 3585; x_wconf 79' lang='lat' dir='ltr'><strong>inquit,</strong></span> <span class='ocrx_word' id='word_1_490' title='bbox 1240 3514 1577 3587; x_wconf 85' lang='lat' dir='ltr'><strong>Epiphanius</strong></span> <span class='ocrx_word' id='word_1_491' title='bbox 1607 3518 2038 3591; x_wconf 68' lang='lat' dir='ltr'><strong>Phoenicopalai-</strong></span> 
     </span>
    </p>
   </div>
   <div class='ocr_carea' id='block_1_67' title="bbox 468 3608 2041 3679">
    <p class='ocr_par' dir='ltr' id='par_1_67' title="bbox 468 3608 2041 3679">
     <span class='ocr_line' id='line_1_67' title="bbox 468 3608 2041 3679; baseline 0.004 -18"><span class='ocrx_word' id='word_1_492' title='bbox 468 3608 666 3672; x_wconf 82' lang='lat' dir='ltr'><strong>stinus,</strong></span> <span class='ocrx_word' id='word_1_493' title='bbox 704 3608 797 3677; x_wconf 89' lang='lat' dir='ltr'><strong>qui</strong></span> <span class='ocrx_word' id='word_1_494' title='bbox 829 3608 884 3669; x_wconf 74' lang='lat' dir='ltr'><strong>in</strong></span> <span class='ocrx_word' id='word_1_495' title='bbox 912 3608 1253 3679; x_wconf 80' lang='lat' dir='ltr'><strong>Spanhydrio</strong></span> <span class='ocrx_word' id='word_1_496' title='bbox 1282 3609 1466 3667; x_wconf 89' lang='lat' dir='ltr'><strong>habito</strong></span> <span class='ocrx_word' id='word_1_497' title='bbox 1498 3611 1551 3669; x_wconf 86' lang='lat' dir='ltr'><strong>in</strong></span> <span class='ocrx_word' id='word_1_498' title='bbox 1586 3613 1940 3672; x_wconf 74' lang='lat' dir='ltr'><strong>monasterio.</strong></span> <span class='ocrx_word' id='word_1_499' title='bbox 1982 3613 2041 3668; x_wconf 86' lang='lat' dir='ltr'><strong>Si</strong></span> 
     </span>
    </p>
   </div>
   <div class='ocr_carea' id='block_1_68' title="bbox 468 3699 2041 3771">
    <p class='ocr_par' dir='ltr' id='par_1_68' title="bbox 468 3699 2041 3771">
     <span class='ocr_line' id='line_1_68' title="bbox 468 3699 2041 3771; baseline 0.003 -17"><span class='ocrx_word' id='word_1_500' title='bbox 468 3714 619 3769; x_wconf 73' lang='lat' dir='ltr'><strong>ergo.</strong></span> <span class='ocrx_word' id='word_1_501' title='bbox 651 3699 846 3767; x_wconf 87' lang='lat' dir='ltr'><strong>inquit,</strong></span> <span class='ocrx_word' id='word_1_502' title='bbox 884 3700 1088 3763; x_wconf 83' lang='lat' dir='ltr'><strong>malum</strong></span> <span class='ocrx_word' id='word_1_503' title='bbox 1120 3710 1227 3755; x_wconf 89' lang='lat' dir='ltr'><strong>ate</strong></span> <span class='ocrx_word' id='word_1_504' title='bbox 1257 3699 1508 3769; x_wconf 86' lang='lat' dir='ltr'><strong>spiritum</strong></span> <span class='ocrx_word' id='word_1_505' title='bbox 1538 3703 1822 3771; x_wconf 74' lang='lat' dir='ltr'><strong>expulere,</strong></span> <span class='ocrx_word' id='word_1_506' title='bbox 1857 3704 2041 3761; x_wconf 81' lang='lat' dir='ltr'><strong>venies</strong></span> 
     </span>
    </p>
   </div>
   <div class='ocr_carea' id='block_1_69' title="bbox 469 3789 2043 3863">
    <p class='ocr_par' dir='ltr' id='par_1_69' title="bbox 469 3789 2043 3863">
     <span class='ocr_line' id='line_1_69' title="bbox 469 3789 2043 3863; baseline 0.003 -18"><span class='ocrx_word' id='word_1_507' title='bbox 469 3790 536 3845; x_wconf 85' lang='lat' dir='ltr'><strong>ad</strong></span> <span class='ocrx_word' id='word_1_508' title='bbox 587 3804 695 3856; x_wconf 85' lang='lat' dir='ltr'><strong>me,</strong></span> <span class='ocrx_word' id='word_1_509' title='bbox 728 3797 782 3844; x_wconf 87' lang='lat' dir='ltr'><strong>et</strong></span> <span class='ocrx_word' id='word_1_510' title='bbox 815 3789 1082 3854; x_wconf 79' lang='lat' dir='ltr'><strong>habitabis</strong></span> <span class='ocrx_word' id='word_1_511' title='bbox 1128 3805 1342 3849; x_wconf 87' lang='lat' dir='ltr'><strong>mecum</strong></span> <span class='ocrx_word' id='word_1_512' title='bbox 1391 3791 1444 3845; x_wconf 88' lang='lat' dir='ltr'><strong>in</strong></span> <span class='ocrx_word' id='word_1_513' title='bbox 1471 3790 1812 3863; x_wconf 84' lang='lat' dir='ltr'><strong>Spanbydrio</strong></span> <span class='ocrx_word' id='word_1_514' title='bbox 1840 3794 1863 3846; x_wconf 90' lang='lat'><strong>?</strong></span> <span class='ocrx_word' id='word_1_515' title='bbox 1900 3793 2043 3849; x_wconf 76' lang='lat' dir='ltr'><strong>Dixit</strong></span> 
     </span>
    </p>
   </div>
   <div class='ocr_carea' id='block_1_70' title="bbox 468 3880 2043 3951">
    <p class='ocr_par' dir='ltr' id='par_1_70' title="bbox 468 3880 2043 3951">
     <span class='ocr_line' id='line_1_70' title="bbox 468 3880 2043 3951; baseline 0 -13"><span class='ocrx_word' id='word_1_516' title='bbox 468 3883 728 3943; x_wconf 84' lang='lat' dir='ltr'><strong>Callistus</strong></span> <span class='ocrx_word' id='word_1_517' title='bbox 778 3882 846 3943; x_wconf 81' lang='lat' dir='ltr'><strong>ad</strong></span> <span class='ocrx_word' id='word_1_518' title='bbox 900 3880 1264 3950; x_wconf 81' lang='lat' dir='ltr'><strong>Epiphanium</strong></span> <span class='ocrx_word' id='word_1_519' title='bbox 1295 3898 1308 3932; x_wconf 90' lang='lat'>:</span> <span class='ocrx_word' id='word_1_520' title='bbox 1343 3880 1590 3943; x_wconf 85' lang='lat' dir='ltr'><strong>Domine,</strong></span> <span class='ocrx_word' id='word_1_521' title='bbox 1636 3884 1844 3951; x_wconf 74' lang='lat' dir='ltr'><strong>expelle</strong></span> <span class='ocrx_word' id='word_1_522' title='bbox 1882 3899 1911 3937; x_wconf 89' lang='lat' dir='ltr'><strong>a</strong></span> <span class='ocrx_word' id='word_1_523' title='bbox 1961 3900 2043 3938; x_wconf 75' lang='lat' dir='ltr'><strong>me</strong></span> 
     </span>
    </p>
   </div>
   <div class='ocr_carea' id='block_1_71' title="bbox 470 3971 2044 4042">
    <p class='ocr_par' dir='ltr' id='par_1_71' title="bbox 470 3971 2044 4042">
     <span class='ocr_line' id='line_1_71' title="bbox 470 3971 2044 4042; baseline 0 -14"><span class='ocrx_word' id='word_1_524' title='bbox 470 3973 812 4034; x_wconf 83' lang='lat' dir='ltr'><strong>immundum</strong></span> <span class='ocrx_word' id='word_1_525' title='bbox 840 3972 1112 4042; x_wconf 83' lang='lat' dir='ltr'><strong>spiritum,</strong></span> <span class='ocrx_word' id='word_1_526' title='bbox 1142 3979 1197 4028; x_wconf 85' lang='lat' dir='ltr'><strong>et</strong></span> <span class='ocrx_word' id='word_1_527' title='bbox 1219 3972 1477 4035; x_wconf 84' lang='lat' dir='ltr'><strong>habitabo</strong></span> <span class='ocrx_word' id='word_1_528' title='bbox 1508 3980 1705 4035; x_wconf 81' lang='lat' dir='ltr'><strong>tecum.</strong></span> <span class='ocrx_word' id='word_1_529' title='bbox 1730 3971 1884 4035; x_wconf 80' lang='lat' dir='ltr'><strong>Tunc</strong></span> <span class='ocrx_word' id='word_1_530' title='bbox 1906 3974 2044 4035; x_wconf 67' lang='lat' dir='ltr'><strong>dixit</strong></span> 
     </span>
    </p>
   </div>
   <div class='ocr_carea' id='block_1_72' title="bbox 2136 3337 3721 3415">
    <p class='ocr_par' dir='ltr' id='par_1_72' title="bbox 2136 3337 3721 3415">
     <span class='ocr_line' id='line_1_72' title="bbox 2136 3337 3721 3415; baseline -0.006 -15"><span class='ocrx_word' id='word_1_531' title='bbox 2136 3348 2362 3415; x_wconf 82' lang='grc' dir='ltr'>λέγοντα</span> <span class='ocrx_word' id='word_1_532' title='bbox 2390 3343 2535 3415; x_wconf 83' lang='grc' dir='ltr'><strong>αὐτῷ</strong></span> <span class='ocrx_word' id='word_1_533' title='bbox 2561 3360 2572 3371; x_wconf 90' lang='grc'><strong>·</strong></span> <span class='ocrx_word' id='word_1_534' title='bbox 2610 3344 2798 3406; x_wconf 83' lang='grc' dir='ltr'>Θέλεις</span> <span class='ocrx_word' id='word_1_535' title='bbox 2819 3381 2833 3405; x_wconf 94' lang='lat'><strong>,</strong></span> <span class='ocrx_word' id='word_1_536' title='bbox 2878 3342 3146 3397; x_wconf 78' lang='grc' dir='ltr'>Κάλλιστε</span> <span class='ocrx_word' id='word_1_537' title='bbox 3166 3381 3181 3406; x_wconf 87' lang='grc'><em>,</em></span> <span class='ocrx_word' id='word_1_538' title='bbox 3209 3339 3384 3405; x_wconf 78' lang='grc' dir='ltr'>διώξω</span> <span class='ocrx_word' id='word_1_539' title='bbox 3410 3339 3472 3392; x_wconf 76' lang='grc' dir='ltr'>τὸ</span> <span class='ocrx_word' id='word_1_540' title='bbox 3500 3337 3721 3406; x_wconf 77' lang='grc' dir='ltr'>πνεῦμα</span> 
     </span>
    </p>
   </div>
   <div class='ocr_carea' id='block_1_73' title="bbox 2139 3428 3716 3503">
    <p class='ocr_par' dir='ltr' id='par_1_73' title="bbox 2139 3428 3716 3503">
     <span class='ocr_line' id='line_1_73' title="bbox 2139 3428 3716 3503; baseline -0.008 -9"><span class='ocrx_word' id='word_1_541' title='bbox 2139 3438 2247 3494; x_wconf 85' lang='grc' dir='ltr'><strong>ἀπὸ</strong></span> <span class='ocrx_word' id='word_1_542' title='bbox 2277 3437 2405 3503; x_wconf 82' lang='grc' dir='ltr'><strong>σοῦ;</strong></span> <span class='ocrx_word' id='word_1_543' title='bbox 2452 3432 2620 3493; x_wconf 78' lang='grc' dir='ltr'>Εἶπεν</span> <span class='ocrx_word' id='word_1_544' title='bbox 2664 3434 2721 3491; x_wconf 80' lang='grc' dir='ltr'><strong>δέ</strong></span> <span class='ocrx_word' id='word_1_545' title='bbox 2763 3435 3098 3499; x_wconf 76' lang='grc' dir='ltr'>Κάλλιστοςο</span> <span class='ocrx_word' id='word_1_546' title='bbox 3147 3433 3258 3491; x_wconf 70' lang='grc' dir='ltr'><strong>Καὶ</strong></span> <span class='ocrx_word' id='word_1_547' title='bbox 3300 3433 3384 3495; x_wconf 85' lang='grc' dir='ltr'><strong>τίς</strong></span> <span class='ocrx_word' id='word_1_548' title='bbox 3430 3428 3514 3495; x_wconf 81' lang='grc' dir='ltr'><strong>εἷ,</strong></span> <span class='ocrx_word' id='word_1_549' title='bbox 3561 3429 3716 3499; x_wconf 82' lang='grc' dir='ltr'>κύριε</span> 
     </span>
    </p>
   </div>
   <div class='ocr_carea' id='block_1_74' title="bbox 2144 3522 3717 3601">
    <p class='ocr_par' dir='ltr' id='par_1_74' title="bbox 2144 3522 3717 3601">
     <span class='ocr_line' id='line_1_74' title="bbox 2144 3522 3717 3601; baseline -0.009 -17"><span class='ocrx_word' id='word_1_550' title='bbox 2144 3547 2268 3601; x_wconf 86' lang='grc' dir='ltr'>μου,</span> <span class='ocrx_word' id='word_1_551' title='bbox 2302 3530 2386 3582; x_wconf 80' lang='grc' dir='ltr'><strong>ὅτι</strong></span> <span class='ocrx_word' id='word_1_552' title='bbox 2413 3527 2637 3585; x_wconf 76' lang='grc' dir='ltr'>δύνασαι</span> <span class='ocrx_word' id='word_1_553' title='bbox 2670 3526 2858 3590; x_wconf 79' lang='grc' dir='ltr'><strong>διῶξαι</strong></span> <span class='ocrx_word' id='word_1_554' title='bbox 2903 3525 3069 3589; x_wconf 69' lang='grc' dir='ltr'>αὐτὸς</span> <span class='ocrx_word' id='word_1_555' title='bbox 3102 3523 3269 3583; x_wconf 69' lang='grc' dir='ltr'>Εἶπεν</span> <span class='ocrx_word' id='word_1_556' title='bbox 3299 3522 3357 3579; x_wconf 74' lang='grc' dir='ltr'><strong>δὲ</strong></span> <span class='ocrx_word' id='word_1_557' title='bbox 3400 3522 3717 3588; x_wconf 74' lang='grc' dir='ltr'>Ἐπιφάνιος</span> 
     </span>
    </p>
   </div>
   <div class='ocr_carea' id='block_1_75' title="bbox 2140 3609 3719 3691">
    <p class='ocr_par' dir='ltr' id='par_1_75' title="bbox 2140 3609 3719 3691">
     <span class='ocr_line' id='line_1_75' title="bbox 2140 3609 3719 3691; baseline -0.009 -16"><span class='ocrx_word' id='word_1_558' title='bbox 2140 3620 2218 3691; x_wconf 83' lang='grc' dir='ltr'>τῷ</span> <span class='ocrx_word' id='word_1_559' title='bbox 2249 3619 2563 3688; x_wconf 79' lang='grc' dir='ltr'>Καλλίστῳ·</span> <span class='ocrx_word' id='word_1_560' title='bbox 2599 3615 2745 3685; x_wconf 85' lang='grc' dir='ltr'><strong>Ἐγώ</strong></span> <span class='ocrx_word' id='word_1_561' title='bbox 2786 3616 2902 3685; x_wconf 78' lang='grc' dir='ltr'>ειμι</span> <span class='ocrx_word' id='word_1_562' title='bbox 2924 3655 2938 3679; x_wconf 86' lang='grc'><em>,</em></span> <span class='ocrx_word' id='word_1_563' title='bbox 2980 3615 3163 3684; x_wconf 65' lang='grc' dir='ltr'>φησιν,</span> <span class='ocrx_word' id='word_1_564' title='bbox 3194 3611 3512 3681; x_wconf 82' lang='grc' dir='ltr'>Ἐπιφάνιος</span> <span class='ocrx_word' id='word_1_565' title='bbox 3536 3612 3565 3663; x_wconf 88' lang='lat'><strong>6</strong></span> <span class='ocrx_word' id='word_1_566' title='bbox 3595 3609 3719 3660; x_wconf 70' lang='grc' dir='ltr'><strong>Φοιρ</strong></span> 
     </span>
    </p>
   </div>
   <div class='ocr_carea' id='block_1_76' title="bbox 2141 3702 3718 3776">
    <p class='ocr_par' dir='ltr' id='par_1_76' title="bbox 2141 3702 3718 3776">
     <span class='ocr_line' id='line_1_76' title="bbox 2141 3702 3718 3776; baseline -0.008 -12"><span class='ocrx_word' id='word_1_567' title='bbox 2141 3710 2630 3772; x_wconf 82' lang='grc' dir='ltr'>νικοπαλαιστινὸς,</span> <span class='ocrx_word' id='word_1_568' title='bbox 2659 3711 2688 3762; x_wconf 91' lang='lat'><strong>6</strong></span> <span class='ocrx_word' id='word_1_569' title='bbox 2719 3709 2777 3761; x_wconf 81' lang='grc' dir='ltr'><strong>ἐν</strong></span> <span class='ocrx_word' id='word_1_570' title='bbox 2804 3706 3125 3776; x_wconf 82' lang='grc' dir='ltr'>Σπανυδρίῳ</span> <span class='ocrx_word' id='word_1_571' title='bbox 3151 3703 3316 3765; x_wconf 67' lang='grc' dir='ltr'>οἰκῶν</span> <span class='ocrx_word' id='word_1_572' title='bbox 3337 3702 3415 3772; x_wconf 83' lang='grc' dir='ltr'>τῷ</span> <span class='ocrx_word' id='word_1_573' title='bbox 3448 3716 3718 3771; x_wconf 80' lang='grc' dir='ltr'>μοναστη-</span> 
     </span>
    </p>
   </div>
   <div class='ocr_carea' id='block_1_77' title="bbox 2144 3791 3720 3876">
    <p class='ocr_par' dir='ltr' id='par_1_77' title="bbox 2144 3791 3720 3876">
     <span class='ocr_line' id='line_1_77' title="bbox 2144 3791 3720 3876; baseline -0.01 -17"><span class='ocrx_word' id='word_1_574' title='bbox 2144 3806 2266 3876; x_wconf 83' lang='grc' dir='ltr'><strong>ρίῳ.</strong></span> <span class='ocrx_word' id='word_1_575' title='bbox 2297 3804 2423 3861; x_wconf 83' lang='grc' dir='ltr'><strong>Ἐὰν</strong></span> <span class='ocrx_word' id='word_1_576' title='bbox 2458 3797 2572 3862; x_wconf 78' lang='grc' dir='ltr'>οὖν.</span> <span class='ocrx_word' id='word_1_577' title='bbox 2608 3803 2793 3872; x_wconf 69' lang='grc' dir='ltr'>φησιν,</span> <span class='ocrx_word' id='word_1_578' title='bbox 2834 3798 3008 3864; x_wconf 77' lang='grc' dir='ltr'><strong>διώξω</strong></span> <span class='ocrx_word' id='word_1_579' title='bbox 3040 3799 3103 3857; x_wconf 78' lang='grc' dir='ltr'>τὸ</span> <span class='ocrx_word' id='word_1_580' title='bbox 3137 3795 3353 3866; x_wconf 78' lang='grc' dir='ltr'>πνεῦμα</span> <span class='ocrx_word' id='word_1_581' title='bbox 3397 3795 3456 3851; x_wconf 77' lang='grc' dir='ltr'>τὸ</span> <span class='ocrx_word' id='word_1_582' title='bbox 3485 3791 3720 3863; x_wconf 74' lang='grc' dir='ltr'>πονηρὸν</span> 
     </span>
    </p>
   </div>
   <div class='ocr_carea' id='block_1_78' title="bbox 2144 3884 3720 3965">
    <p class='ocr_par' dir='ltr' id='par_1_78' title="bbox 2144 3884 3720 3965">
     <span class='ocr_line' id='line_1_78' title="bbox 2144 3884 3720 3965; baseline -0.01 -14"><span class='ocrx_word' id='word_1_583' title='bbox 2144 3897 2255 3951; x_wconf 83' lang='grc' dir='ltr'>άπὸ</span> <span class='ocrx_word' id='word_1_584' title='bbox 2283 3895 2400 3957; x_wconf 84' lang='grc' dir='ltr'>σοῦ,</span> <span class='ocrx_word' id='word_1_585' title='bbox 2436 3893 2631 3965; x_wconf 76' lang='grc' dir='ltr'>ἐλεύσῃ</span> <span class='ocrx_word' id='word_1_586' title='bbox 2659 3892 2752 3945; x_wconf 75' lang='grc' dir='ltr'>καὶ</span> <span class='ocrx_word' id='word_1_587' title='bbox 2782 3891 3131 3960; x_wconf 75' lang='grc' dir='ltr'>κατοικήσεις</span> <span class='ocrx_word' id='word_1_588' title='bbox 3172 3888 3287 3957; x_wconf 83' lang='grc' dir='ltr'>μετ’</span> <span class='ocrx_word' id='word_1_589' title='bbox 3313 3884 3448 3955; x_wconf 76' lang='grc' dir='ltr'>ἐμοῦ</span> <span class='ocrx_word' id='word_1_590' title='bbox 3486 3886 3543 3937; x_wconf 89' lang='grc' dir='ltr'><strong>ἐν</strong></span> <span class='ocrx_word' id='word_1_591' title='bbox 3574 3884 3720 3936; x_wconf 83' lang='grc' dir='ltr'>Σπα-</span> 
     </span>
    </p>
   </div>
   <div class='ocr_carea' id='block_1_79' title="bbox 2144 3973 3722 4057">
    <p class='ocr_par' dir='ltr' id='par_1_79' title="bbox 2144 3973 3722 4057">
     <span class='ocr_line' id='line_1_79' title="bbox 2144 3973 3722 4057; baseline -0.012 -14"><span class='ocrx_word' id='word_1_592' title='bbox 2144 3986 2363 4057; x_wconf 84' lang='grc' dir='ltr'>νυδρίῳ.</span> <span class='ocrx_word' id='word_1_593' title='bbox 2391 3980 2559 4040; x_wconf 78' lang='grc' dir='ltr'>Εῐπεν</span> <span class='ocrx_word' id='word_1_594' title='bbox 2582 3983 2640 4036; x_wconf 77' lang='grc' dir='ltr'><strong>δέ</strong></span> <span class='ocrx_word' id='word_1_595' title='bbox 2670 3981 2967 4043; x_wconf 71' lang='grc' dir='ltr'>Κάλλιστος</span> <span class='ocrx_word' id='word_1_596' title='bbox 3001 3980 3136 4051; x_wconf 78' lang='grc' dir='ltr'>πρὸς</span> <span class='ocrx_word' id='word_1_597' title='bbox 3160 3978 3476 4046; x_wconf 77' lang='grc' dir='ltr'>Ἐπιφάνιον</span> <span class='ocrx_word' id='word_1_598' title='bbox 3492 3991 3505 4004; x_wconf 91' lang='grc'><strong>·</strong></span> <span class='ocrx_word' id='word_1_599' title='bbox 3530 3973 3722 4044; x_wconf 77' lang='grc' dir='ltr'>Κύριε,</span> 
     </span>
    </p>
   </div>
   <div class='ocr_carea' id='block_1_80' title="bbox 472 4063 2028 4147">
    <p class='ocr_par' dir='ltr' id='par_1_80' title="bbox 472 4063 2028 4137">
     <span class='ocr_line' id='line_1_80' title="bbox 472 4063 2028 4137; baseline -0.001 -14"><span class='ocrx_word' id='word_1_600' title='bbox 472 4065 806 4137; x_wconf 78' lang='lat' dir='ltr'><strong>Epiphanius</strong></span> <span class='ocrx_word' id='word_1_601' title='bbox 830 4063 1055 4125; x_wconf 81' lang='lat' dir='ltr'><strong>Callisto</strong></span> <span class='ocrx_word' id='word_1_602' title='bbox 1083 4080 1099 4117; x_wconf 83' lang='lat'><strong>:</strong></span> <span class='ocrx_word' id='word_1_603' title='bbox 1131 4063 1266 4121; x_wconf 77' lang='lat' dir='ltr'><strong>Vide</strong></span> <span class='ocrx_word' id='word_1_604' title='bbox 1312 4079 1379 4119; x_wconf 88' lang='lat' dir='ltr'><strong>ne</strong></span> <span class='ocrx_word' id='word_1_605' title='bbox 1413 4063 1607 4123; x_wconf 78' lang='lat' dir='ltr'><strong>feceris</strong></span> <span class='ocrx_word' id='word_1_606' title='bbox 1629 4065 1815 4131; x_wconf 81' lang='lat' dir='ltr'><strong>aliter;</strong></span> <span class='ocrx_word' id='word_1_607' title='bbox 1854 4082 2028 4129; x_wconf 71' lang='lat' dir='ltr'><strong>rursus</strong></span> 
     </span>
    </p>
   </div>
   <div class='ocr_carea' id='block_1_81' title="bbox 2130 4063 3722 4147">
    <p class='ocr_par' dir='ltr' id='par_1_81' title="bbox 2143 4068 3722 4147">
     <span class='ocr_line' id='line_1_81' title="bbox 2143 4068 3722 4147; baseline -0.01 -15"><span class='ocrx_word' id='word_1_608' title='bbox 2143 4078 2331 4144; x_wconf 79' lang='grc' dir='ltr'>δίωξον</span> <span class='ocrx_word' id='word_1_609' title='bbox 2378 4078 2473 4132; x_wconf 82' lang='grc' dir='ltr'><strong>ἀπ’</strong></span> <span class='ocrx_word' id='word_1_610' title='bbox 2507 4076 2642 4147; x_wconf 80' lang='grc' dir='ltr'>ἐμοῦ</span> <span class='ocrx_word' id='word_1_611' title='bbox 2671 4076 2732 4128; x_wconf 81' lang='grc' dir='ltr'>τὸ</span> <span class='ocrx_word' id='word_1_612' title='bbox 2764 4072 3074 4143; x_wconf 77' lang='grc' dir='ltr'>ἀκάθαρτον</span> <span class='ocrx_word' id='word_1_613' title='bbox 3109 4070 3358 4141; x_wconf 83' lang='grc' dir='ltr'>πνεῦμα,</span> <span class='ocrx_word' id='word_1_614' title='bbox 3397 4068 3491 4125; x_wconf 80' lang='grc' dir='ltr'>καὶ</span> <span class='ocrx_word' id='word_1_615' title='bbox 3539 4083 3722 4120; x_wconf 82' lang='grc' dir='ltr'>κατοι-</span> 
     </span>
    </p>
   </div>
   <div class='ocr_carea' id='block_1_82' title="bbox 469 4155 2028 4240">
    <p class='ocr_par' dir='ltr' id='par_1_82' title="bbox 469 4155 2022 4221">
     <span class='ocr_line' id='line_1_82' title="bbox 469 4155 2022 4221; baseline -0.001 -6"><span class='ocrx_word' id='word_1_616' title='bbox 469 4160 615 4215; x_wconf 87' lang='lat' dir='ltr'><strong>enim</strong></span> <span class='ocrx_word' id='word_1_617' title='bbox 672 4157 768 4213; x_wconf 89' lang='lat' dir='ltr'><strong>tibi</strong></span> <span class='ocrx_word' id='word_1_618' title='bbox 821 4156 1134 4213; x_wconf 63' lang='lat' dir='ltr'><strong>adhaerebit.</strong></span> <span class='ocrx_word' id='word_1_619' title='bbox 1204 4155 1478 4217; x_wconf 84' lang='lat' dir='ltr'><strong>Excitatus</strong></span> <span class='ocrx_word' id='word_1_620' title='bbox 1531 4164 1711 4221; x_wconf 81' lang='lat' dir='ltr'><strong>autem</strong></span> <span class='ocrx_word' id='word_1_621' title='bbox 1762 4156 2022 4221; x_wconf 85' lang='lat' dir='ltr'><strong>Callistus</strong></span> 
     </span>
    </p>
   </div>
   <div class='ocr_carea' id='block_1_83' title="bbox 2130 4155 3723 4240">
    <p class='ocr_par' dir='ltr' id='par_1_83' title="bbox 2146 4157 3723 4240">
     <span class='ocr_line' id='line_1_83' title="bbox 2146 4157 3723 4240; baseline -0.008 -17"><span class='ocrx_word' id='word_1_622' title='bbox 2146 4171 2322 4240; x_wconf 81' lang='grc' dir='ltr'>κήσω,</span> <span class='ocrx_word' id='word_1_623' title='bbox 2347 4168 2500 4239; x_wconf 79' lang='grc' dir='ltr'>φησὶ,</span> <span class='ocrx_word' id='word_1_624' title='bbox 2529 4165 2668 4237; x_wconf 82' lang='grc' dir='ltr'>μετὰ</span> <span class='ocrx_word' id='word_1_625' title='bbox 2697 4166 2811 4220; x_wconf 80' lang='grc' dir='ltr'>σοῦ.</span> <span class='ocrx_word' id='word_1_626' title='bbox 2843 4160 3009 4223; x_wconf 77' lang='grc' dir='ltr'>Εἶπεν</span> <span class='ocrx_word' id='word_1_627' title='bbox 3033 4163 3090 4217; x_wconf 86' lang='grc' dir='ltr'><strong>δέ</strong></span> <span class='ocrx_word' id='word_1_628' title='bbox 3127 4161 3441 4232; x_wconf 77' lang='grc' dir='ltr'>Ἐπιφάνιος</span> <span class='ocrx_word' id='word_1_629' title='bbox 3467 4159 3544 4229; x_wconf 77' lang='grc' dir='ltr'><strong>τῷ</strong></span> <span class='ocrx_word' id='word_1_630' title='bbox 3577 4157 3723 4211; x_wconf 81' lang='grc' dir='ltr'>Καλ-</span> 
     </span>
    </p>
   </div>
   <div class='ocr_carea' id='block_1_84' title="bbox 474 4247 2028 4331">
    <p class='ocr_par' dir='ltr' id='par_1_84' title="bbox 474 4247 2028 4327">
     <span class='ocr_line' id='line_1_84' title="bbox 474 4247 2028 4327; baseline 0 -23"><span class='ocrx_word' id='word_1_631' title='bbox 474 4250 711 4311; x_wconf 80' lang='lat' dir='ltr'><strong>narravit</strong></span> <span class='ocrx_word' id='word_1_632' title='bbox 738 4249 922 4307; x_wconf 91' lang='lat' dir='ltr'><strong>omnia</strong></span> <span class='ocrx_word' id='word_1_633' title='bbox 957 4247 1099 4319; x_wconf 87' lang='lat' dir='ltr'><strong>patri</strong></span> <span class='ocrx_word' id='word_1_634' title='bbox 1129 4263 1232 4309; x_wconf 86' lang='lat' dir='ltr'><strong>suo</strong></span> <span class='ocrx_word' id='word_1_635' title='bbox 1261 4248 1535 4318; x_wconf 71' lang='lat' dir='ltr'><strong>praefecto.</strong></span> <span class='ocrx_word' id='word_1_636' title='bbox 1571 4249 1651 4316; x_wconf 77' lang='lat' dir='ltr'><strong>Ab</strong></span> <span class='ocrx_word' id='word_1_637' title='bbox 1674 4250 1766 4304; x_wconf 91' lang='lat' dir='ltr'><strong>illo</strong></span> <span class='ocrx_word' id='word_1_638' title='bbox 1797 4266 1926 4327; x_wconf 67' lang='lat' dir='ltr'><strong>ergo</strong></span> <span class='ocrx_word' id='word_1_639' title='bbox 1960 4252 2028 4311; x_wconf 74' lang='lat' dir='ltr'><strong>dit</strong></span> 
     </span>
    </p>
   </div>
   <div class='ocr_carea' id='block_1_85' title="bbox 2130 4247 3725 4331">
    <p class='ocr_par' dir='ltr' id='par_1_85' title="bbox 2145 4252 3725 4331">
     <span class='ocr_line' id='line_1_85' title="bbox 2145 4252 3725 4331; baseline -0.006 -19"><span class='ocrx_word' id='word_1_640' title='bbox 2145 4259 2311 4330; x_wconf 83' lang='grc' dir='ltr'>λίστῳ</span> <span class='ocrx_word' id='word_1_641' title='bbox 2332 4277 2345 4290; x_wconf 76' lang='grc' dir='ltr'><strong>ο</strong></span> <span class='ocrx_word' id='word_1_642' title='bbox 2388 4259 2559 4312; x_wconf 81' lang='grc' dir='ltr'>Βλέπε</span> <span class='ocrx_word' id='word_1_643' title='bbox 2604 4258 2679 4329; x_wconf 84' lang='grc' dir='ltr'>μὴ</span> <span class='ocrx_word' id='word_1_644' title='bbox 2719 4258 2952 4331; x_wconf 75' lang='grc' dir='ltr'>ποιήσῃς</span> <span class='ocrx_word' id='word_1_645' title='bbox 2980 4254 3172 4319; x_wconf 79' lang='grc' dir='ltr'>ἄλλως,</span> <span class='ocrx_word' id='word_1_646' title='bbox 3204 4255 3326 4308; x_wconf 76' lang='grc' dir='ltr'>ἐπεὶ</span> <span class='ocrx_word' id='word_1_647' title='bbox 3364 4252 3524 4308; x_wconf 86' lang='grc' dir='ltr'>πάλιν</span> <span class='ocrx_word' id='word_1_648' title='bbox 3554 4266 3725 4322; x_wconf 80' lang='grc' dir='ltr'>προσ-</span> 
     </span>
    </p>
   </div>
   <div class='ocr_carea' id='block_1_86' title="bbox 472 4340 2028 4422">
    <p class='ocr_par' dir='ltr' id='par_1_86' title="bbox 472 4340 2028 4415">
     <span class='ocr_line' id='line_1_86' title="bbox 472 4340 2028 4415; baseline 0.001 -18"><span class='ocrx_word' id='word_1_649' title='bbox 472 4357 582 4403; x_wconf 87' lang='lat' dir='ltr'><strong>non</strong></span> <span class='ocrx_word' id='word_1_650' title='bbox 628 4353 714 4405; x_wconf 85' lang='lat' dir='ltr'><strong>est</strong></span> <span class='ocrx_word' id='word_1_651' title='bbox 760 4340 997 4415; x_wconf 82' lang='lat' dir='ltr'><strong>amplius</strong></span> <span class='ocrx_word' id='word_1_652' title='bbox 1047 4340 1280 4404; x_wconf 68' lang='lat' dir='ltr'><strong>salictus</strong></span> <span class='ocrx_word' id='word_1_653' title='bbox 1329 4340 1588 4405; x_wconf 77' lang='lat' dir='ltr'><strong>Callistus</strong></span> <span class='ocrx_word' id='word_1_654' title='bbox 1640 4344 1709 4405; x_wconf 87' lang='lat' dir='ltr'><strong>ab</strong></span> <span class='ocrx_word' id='word_1_655' title='bbox 1762 4344 2028 4404; x_wconf 71' lang='lat' dir='ltr'><strong>immundi</strong></span> 
     </span>
    </p>
   </div>
   <div class='ocr_carea' id='block_1_87' title="bbox 2130 4340 3729 4422">
    <p class='ocr_par' dir='ltr' id='par_1_87' title="bbox 2149 4340 3729 4422">
     <span class='ocr_line' id='line_1_87' title="bbox 2149 4340 3729 4422; baseline 0.001 -15"><span class='ocrx_word' id='word_1_656' title='bbox 2149 4351 2563 4422; x_wconf 84' lang='grc' dir='ltr'>κολληθήσεται.</span> <span class='ocrx_word' id='word_1_657' title='bbox 2598 4347 2972 4414; x_wconf 80' lang='grc' dir='ltr'>Ἐξυπνισθεὶς</span> <span class='ocrx_word' id='word_1_658' title='bbox 3009 4342 3103 4403; x_wconf 82' lang='grc' dir='ltr'>οὖν</span> <span class='ocrx_word' id='word_1_659' title='bbox 3146 4347 3172 4398; x_wconf 85' lang='grc' dir='ltr'>ὁ</span> <span class='ocrx_word' id='word_1_660' title='bbox 3211 4344 3509 4405; x_wconf 79' lang='grc' dir='ltr'>Κάλλιστος</span> <span class='ocrx_word' id='word_1_661' title='bbox 3535 4340 3729 4409; x_wconf 80' lang='grc' dir='ltr'><strong>διηγή-</strong></span> 
     </span>
    </p>
   </div>
   <div class='ocr_carea' id='block_1_88' title="bbox 473 4432 2028 4515">
    <p class='ocr_par' dir='ltr' id='par_1_88' title="bbox 473 4432 2021 4503">
     <span class='ocr_line' id='line_1_88' title="bbox 473 4432 2021 4503; baseline -0.001 -12"><span class='ocrx_word' id='word_1_662' title='bbox 473 4435 689 4503; x_wconf 83' lang='lat' dir='ltr'><strong>spiritu.</strong></span> <span class='ocrx_word' id='word_1_663' title='bbox 723 4432 855 4503; x_wconf 77' lang='lat' dir='ltr'><strong>Post</strong></span> <span class='ocrx_word' id='word_1_664' title='bbox 885 4441 1099 4502; x_wconf 84' lang='lat' dir='ltr'><strong>tempus</strong></span> <span class='ocrx_word' id='word_1_665' title='bbox 1142 4440 1323 4491; x_wconf 88' lang='lat' dir='ltr'><strong>autem</strong></span> <span class='ocrx_word' id='word_1_666' title='bbox 1369 4434 1536 4491; x_wconf 86' lang='lat' dir='ltr'><strong>trium</strong></span> <span class='ocrx_word' id='word_1_667' title='bbox 1586 4435 1854 4493; x_wconf 83' lang='lat' dir='ltr'><strong>mensium</strong></span> <span class='ocrx_word' id='word_1_668' title='bbox 1907 4436 2021 4491; x_wconf 84' lang='lat' dir='ltr'><strong>dixi</strong></span> 
     </span>
    </p>
   </div>
   <div class='ocr_carea' id='block_1_89' title="bbox 2130 4432 3728 4515">
    <p class='ocr_par' dir='ltr' id='par_1_89' title="bbox 2152 4432 3728 4515">
     <span class='ocr_line' id='line_1_89' title="bbox 2152 4432 3728 4515; baseline -0.009 -17"><span class='ocrx_word' id='word_1_669' title='bbox 2152 4461 2282 4502; x_wconf 81' lang='grc' dir='ltr'>σατο</span> <span class='ocrx_word' id='word_1_670' title='bbox 2314 4442 2390 4514; x_wconf 85' lang='grc' dir='ltr'>τῷ</span> <span class='ocrx_word' id='word_1_671' title='bbox 2419 4443 2587 4515; x_wconf 76' lang='grc' dir='ltr'>πατρὶ</span> <span class='ocrx_word' id='word_1_672' title='bbox 2619 4440 2782 4495; x_wconf 86' lang='grc' dir='ltr'><strong>αὐτοῦ</strong></span> <span class='ocrx_word' id='word_1_673' title='bbox 2810 4440 2922 4494; x_wconf 77' lang='grc' dir='ltr'>ὄντι</span> <span class='ocrx_word' id='word_1_674' title='bbox 2952 4439 3195 4509; x_wconf 83' lang='grc' dir='ltr'>ἐπάρχῳ.</span> <span class='ocrx_word' id='word_1_675' title='bbox 3223 4436 3358 4492; x_wconf 72' lang='grc' dir='ltr'><strong>Ἀπὸ</strong></span> <span class='ocrx_word' id='word_1_676' title='bbox 3382 4434 3482 4506; x_wconf 79' lang='grc' dir='ltr'>τῆς</span> <span class='ocrx_word' id='word_1_677' title='bbox 3514 4432 3728 4504; x_wconf 72' lang='grc' dir='ltr'>ἡμέρας</span> 
     </span>
    </p>
   </div>
   <div class='ocr_carea' id='block_1_90' title="bbox 438 4520 2028 4609">
    <p class='ocr_par' dir='ltr' id='par_1_90' title="bbox 438 4520 2028 4609">
     <span class='ocr_line' id='line_1_90' title="bbox 438 4520 2028 4609; baseline 0.001 -29"><span class='ocrx_word' id='word_1_678' title='bbox 438 4580 443 4585; x_wconf 86' lang='grc'><strong>,</strong></span> <span class='ocrx_word' id='word_1_679' title='bbox 472 4522 730 4580; x_wconf 83' lang='lat' dir='ltr'><strong>Callistus</strong></span> <span class='ocrx_word' id='word_1_680' title='bbox 761 4521 1085 4609; x_wconf 79' lang='lat' dir='ltr'><strong>Aetiopatri</strong></span> <span class='ocrx_word' id='word_1_681' title='bbox 1118 4537 1259 4577; x_wconf 86' lang='lat' dir='ltr'><strong>suo:</strong></span> <span class='ocrx_word' id='word_1_682' title='bbox 1291 4520 1472 4585; x_wconf 85' lang='lat' dir='ltr'><strong>Pater,</strong></span> <span class='ocrx_word' id='word_1_683' title='bbox 1499 4522 1622 4579; x_wconf 86' lang='lat' dir='ltr'><strong>volo</strong></span> <span class='ocrx_word' id='word_1_684' title='bbox 1664 4523 1743 4583; x_wconf 83' lang='lat' dir='ltr'><strong>ire</strong></span> <span class='ocrx_word' id='word_1_685' title='bbox 1788 4524 1840 4583; x_wconf 83' lang='lat' dir='ltr'><strong>in</strong></span> <span class='ocrx_word' id='word_1_686' title='bbox 1872 4525 2028 4593; x_wconf 76' lang='lat' dir='ltr'><strong>regio</strong></span> 
     </span>
    </p>
   </div>
   <div class='ocr_carea' id='block_1_91' title="bbox 2130 4520 3730 4609">
    <p class='ocr_par' dir='ltr' id='par_1_91' title="bbox 2152 4522 3730 4600">
     <span class='ocr_line' id='line_1_91' title="bbox 2152 4522 3730 4600; baseline -0.008 -16"><span class='ocrx_word' id='word_1_687' title='bbox 2152 4527 2245 4585; x_wconf 83' lang='grc' dir='ltr'>οὖν</span> <span class='ocrx_word' id='word_1_688' title='bbox 2271 4532 2485 4600; x_wconf 78' lang='grc' dir='ltr'>ἐκείνης</span> <span class='ocrx_word' id='word_1_689' title='bbox 2520 4529 2705 4585; x_wconf 81' lang='grc' dir='ltr'>οὐκέτι</span> <span class='ocrx_word' id='word_1_690' title='bbox 2745 4530 2774 4582; x_wconf 89' lang='lat'><strong>6</strong></span> <span class='ocrx_word' id='word_1_691' title='bbox 2811 4526 3110 4587; x_wconf 83' lang='grc' dir='ltr'>Κάλλιστος</span> <span class='ocrx_word' id='word_1_692' title='bbox 3145 4524 3248 4578; x_wconf 71' lang='grc' dir='ltr'><strong>ὑπὸ</strong></span> <span class='ocrx_word' id='word_1_693' title='bbox 3297 4523 3386 4579; x_wconf 81' lang='grc' dir='ltr'>τοῦ</span> <span class='ocrx_word' id='word_1_694' title='bbox 3424 4522 3730 4591; x_wconf 81' lang='grc' dir='ltr'>πνεύματος</span> 
     </span>
    </p>
   </div>
   <div class='ocr_carea' id='block_1_92' title="bbox 477 4610 2028 4693">
    <p class='ocr_par' dir='ltr' id='par_1_92' title="bbox 477 4610 2028 4684">
     <span class='ocr_line' id='line_1_92' title="bbox 477 4610 2028 4684; baseline 0.003 -17"><span class='ocrx_word' id='word_1_695' title='bbox 477 4629 599 4677; x_wconf 83' lang='lat' dir='ltr'><strong>nem</strong></span> <span class='ocrx_word' id='word_1_696' title='bbox 634 4610 955 4673; x_wconf 82' lang='lat' dir='ltr'><strong>Phoenicum</strong></span> <span class='ocrx_word' id='word_1_697' title='bbox 976 4653 991 4679; x_wconf 92' lang='lat'><strong>,</strong></span> <span class='ocrx_word' id='word_1_698' title='bbox 1023 4621 1078 4668; x_wconf 87' lang='lat' dir='ltr'><strong>et</strong></span> <span class='ocrx_word' id='word_1_699' title='bbox 1103 4628 1347 4683; x_wconf 66' lang='lat' dir='ltr'><strong>quaerere</strong></span> <span class='ocrx_word' id='word_1_700' title='bbox 1377 4612 1741 4684; x_wconf 89' lang='lat' dir='ltr'><strong>Epiphanium</strong></span> <span class='ocrx_word' id='word_1_701' title='bbox 1760 4656 1776 4680; x_wconf 90' lang='lat'><strong>,</strong></span> <span class='ocrx_word' id='word_1_702' title='bbox 1807 4625 1861 4679; x_wconf 83' lang='lat' dir='ltr'><strong>et</strong></span> <span class='ocrx_word' id='word_1_703' title='bbox 1894 4616 2028 4677; x_wconf 16' lang='lat' dir='ltr'><strong>habit</strong></span> 
     </span>
    </p>
   </div>
   <div class='ocr_carea' id='block_1_93' title="bbox 2130 4610 3727 4693">
    <p class='ocr_par' dir='ltr' id='par_1_93' title="bbox 2153 4615 3727 4693">
     <span class='ocr_line' id='line_1_93' title="bbox 2153 4615 3727 4693; baseline -0.008 -18"><span class='ocrx_word' id='word_1_704' title='bbox 2153 4622 2247 4676; x_wconf 83' lang='grc' dir='ltr'>τοῦ</span> <span class='ocrx_word' id='word_1_705' title='bbox 2286 4622 2595 4693; x_wconf 84' lang='grc' dir='ltr'>ἀκαθάρτου</span> <span class='ocrx_word' id='word_1_706' title='bbox 2633 4620 2840 4691; x_wconf 77' lang='grc' dir='ltr'>ἐθλίϐη.</span> <span class='ocrx_word' id='word_1_707' title='bbox 2873 4618 3030 4679; x_wconf 86' lang='grc' dir='ltr'><strong>Μετὰ</strong></span> <span class='ocrx_word' id='word_1_708' title='bbox 3074 4618 3131 4677; x_wconf 74' lang='grc' dir='ltr'><strong>δὲ</strong></span> <span class='ocrx_word' id='word_1_709' title='bbox 3158 4617 3478 4688; x_wconf 82' lang='grc' dir='ltr'>τριμηναῖον</span> <span class='ocrx_word' id='word_1_710' title='bbox 3515 4615 3727 4684; x_wconf 80' lang='grc' dir='ltr'>χρόνον,</span> 
     </span>
    </p>
   </div>
   <div class='ocr_carea' id='block_1_94' title="bbox 473 4701 2028 4784">
    <p class='ocr_par' dir='ltr' id='par_1_94' title="bbox 473 4701 2028 4776">
     <span class='ocr_line' id='line_1_94' title="bbox 473 4701 2028 4776; baseline 0.003 -18"><span class='ocrx_word' id='word_1_711' title='bbox 473 4713 589 4773; x_wconf 73' lang='lat' dir='ltr'><strong>tare</strong></span> <span class='ocrx_word' id='word_1_712' title='bbox 612 4718 736 4767; x_wconf 82' lang='lat' dir='ltr'><strong>cum</strong></span> <span class='ocrx_word' id='word_1_713' title='bbox 767 4703 885 4773; x_wconf 86' lang='lat' dir='ltr'><strong>ipso</strong></span> <span class='ocrx_word' id='word_1_714' title='bbox 911 4703 967 4759; x_wconf 88' lang='lat' dir='ltr'><strong>in</strong></span> <span class='ocrx_word' id='word_1_715' title='bbox 1000 4701 1366 4776; x_wconf 84' lang='lat' dir='ltr'><strong>Spanhydrio.</strong></span> <span class='ocrx_word' id='word_1_716' title='bbox 1389 4704 1583 4763; x_wconf 87' lang='lat' dir='ltr'><strong>Statim</strong></span> <span class='ocrx_word' id='word_1_717' title='bbox 1598 4717 1751 4775; x_wconf 87' lang='lat' dir='ltr'><strong>pater</strong></span> <span class='ocrx_word' id='word_1_718' title='bbox 1780 4706 1919 4775; x_wconf 84' lang='lat' dir='ltr'><strong>ejus,</strong></span> <span class='ocrx_word' id='word_1_719' title='bbox 1950 4708 2028 4771; x_wconf 22' lang='lat' dir='ltr'><strong>dat</strong></span> 
     </span>
    </p>
   </div>
   <div class='ocr_carea' id='block_1_95' title="bbox 2130 4701 3725 4784">
    <p class='ocr_par' dir='ltr' id='par_1_95' title="bbox 2153 4706 3725 4784">
     <span class='ocr_line' id='line_1_95' title="bbox 2153 4706 3725 4784; baseline -0.005 -16"><span class='ocrx_word' id='word_1_720' title='bbox 2153 4713 2307 4769; x_wconf 83' lang='grc' dir='ltr'>εἶπεν</span> <span class='ocrx_word' id='word_1_721' title='bbox 2356 4714 2552 4784; x_wconf 83' lang='grc' dir='ltr'>Ἀετίῳ</span> <span class='ocrx_word' id='word_1_722' title='bbox 2601 4713 2679 4784; x_wconf 83' lang='grc' dir='ltr'>τῷ</span> <span class='ocrx_word' id='word_1_723' title='bbox 2723 4714 2892 4784; x_wconf 72' lang='grc' dir='ltr'><strong>πατρῖ⁸</strong></span> <span class='ocrx_word' id='word_1_724' title='bbox 2942 4711 3136 4767; x_wconf 78' lang='grc' dir='ltr'>αὐτοῦ’</span> <span class='ocrx_word' id='word_1_725' title='bbox 3188 4709 3475 4780; x_wconf 85' lang='grc' dir='ltr'>Βούλομαι,</span> <span class='ocrx_word' id='word_1_726' title='bbox 3512 4706 3725 4775; x_wconf 70' lang='grc' dir='ltr'><strong>Πάῖιρ,</strong></span> 
     </span>
    </p>
   </div>
   <div class='ocr_carea' id='block_1_96' title="bbox 475 4793 2028 4878">
    <p class='ocr_par' dir='ltr' id='par_1_96' title="bbox 475 4793 2028 4865">
     <span class='ocr_line' id='line_1_96' title="bbox 475 4793 2028 4865; baseline 0 -14"><span class='ocrx_word' id='word_1_727' title='bbox 475 4794 545 4863; x_wconf 87' lang='lat' dir='ltr'><strong>tis</strong></span> <span class='ocrx_word' id='word_1_728' title='bbox 567 4793 619 4863; x_wconf 86' lang='lat' dir='ltr'><strong>ei</strong></span> <span class='ocrx_word' id='word_1_729' title='bbox 647 4793 835 4863; x_wconf 73' lang='lat' dir='ltr'><strong>multis</strong></span> <span class='ocrx_word' id='word_1_730' title='bbox 869 4793 1136 4860; x_wconf 89' lang='lat' dir='ltr'><strong>pecuniis,</strong></span> <span class='ocrx_word' id='word_1_731' title='bbox 1165 4794 1315 4859; x_wconf 83' lang='lat' dir='ltr'><strong>misit</strong></span> <span class='ocrx_word' id='word_1_732' title='bbox 1339 4809 1465 4863; x_wconf 78' lang='lat' dir='ltr'><strong>cum</strong></span> <span class='ocrx_word' id='word_1_733' title='bbox 1494 4795 1768 4864; x_wconf 70' lang='lat' dir='ltr'><strong>praesidio.</strong></span> <span class='ocrx_word' id='word_1_734' title='bbox 1800 4794 2028 4865; x_wconf 73' lang='lat' dir='ltr'><strong>Cumqut</strong></span> 
     </span>
    </p>
   </div>
   <div class='ocr_carea' id='block_1_97' title="bbox 2130 4793 3727 4878">
    <p class='ocr_par' dir='ltr' id='par_1_97' title="bbox 2154 4796 3727 4878">
     <span class='ocr_line' id='line_1_97' title="bbox 2154 4796 3727 4878; baseline -0.008 -18"><span class='ocrx_word' id='word_1_735' title='bbox 2154 4806 2481 4878; x_wconf 83' lang='grc' dir='ltr'>πορευθῆναι</span> <span class='ocrx_word' id='word_1_736' title='bbox 2510 4806 2567 4857; x_wconf 87' lang='grc' dir='ltr'><strong>ἐν</strong></span> <span class='ocrx_word' id='word_1_737' title='bbox 2591 4807 2655 4875; x_wconf 84' lang='grc' dir='ltr'>τῇ</span> <span class='ocrx_word' id='word_1_738' title='bbox 2694 4803 2846 4876; x_wconf 69' lang='grc' dir='ltr'>χώρᾳ</span> <span class='ocrx_word' id='word_1_739' title='bbox 2874 4803 2981 4857; x_wconf 85' lang='grc' dir='ltr'>τῶν</span> <span class='ocrx_word' id='word_1_740' title='bbox 3014 4803 3292 4865; x_wconf 69' lang='grc' dir='ltr'>Φοινίκων,</span> <span class='ocrx_word' id='word_1_741' title='bbox 3328 4800 3422 4853; x_wconf 79' lang='grc' dir='ltr'>καὶ</span> <span class='ocrx_word' id='word_1_742' title='bbox 3452 4796 3727 4866; x_wconf 79' lang='grc' dir='ltr'>ἀναζητῆ-</span> 
     </span>
    </p>
   </div>
   <div class='ocr_carea' id='block_1_98' title="bbox 475 4882 2028 4965">
    <p class='ocr_par' dir='ltr' id='par_1_98' title="bbox 475 4882 2028 4957">
     <span class='ocr_line' id='line_1_98' title="bbox 475 4882 2028 4957; baseline 0.003 -19"><span class='ocrx_word' id='word_1_743' title='bbox 475 4885 714 4957; x_wconf 73' lang='lat' dir='ltr'><strong>veuisset</strong></span> <span class='ocrx_word' id='word_1_744' title='bbox 746 4884 802 4939; x_wconf 89' lang='lat' dir='ltr'><strong>in</strong></span> <span class='ocrx_word' id='word_1_745' title='bbox 841 4882 1207 4952; x_wconf 74' lang='lat' dir='ltr'><strong>Pbmniciam,</strong></span> <span class='ocrx_word' id='word_1_746' title='bbox 1253 4894 1308 4941; x_wconf 87' lang='lat' dir='ltr'><strong>et</strong></span> <span class='ocrx_word' id='word_1_747' title='bbox 1353 4885 1749 4955; x_wconf 82' lang='lat' dir='ltr'><strong>inquisivisset,</strong></span> <span class='ocrx_word' id='word_1_748' title='bbox 1793 4888 1941 4949; x_wconf 85' lang='lat' dir='ltr'><strong>venit</strong></span> <span class='ocrx_word' id='word_1_749' title='bbox 1980 4904 2028 4942; x_wconf 75' lang='lat' dir='ltr'><strong>at</strong></span> 
     </span>
    </p>
   </div>
   <div class='ocr_carea' id='block_1_99' title="bbox 2130 4882 3731 4965">
    <p class='ocr_par' dir='ltr' id='par_1_99' title="bbox 2155 4889 3731 4965">
     <span class='ocr_line' id='line_1_99' title="bbox 2155 4889 3731 4965; baseline -0.008 -14"><span class='ocrx_word' id='word_1_750' title='bbox 2155 4914 2245 4951; x_wconf 88' lang='grc' dir='ltr'><strong>σαι</strong></span> <span class='ocrx_word' id='word_1_751' title='bbox 2270 4896 2362 4949; x_wconf 83' lang='grc' dir='ltr'>τὸν</span> <span class='ocrx_word' id='word_1_752' title='bbox 2390 4895 2728 4964; x_wconf 83' lang='grc' dir='ltr'>Ἐπιφάνιον,</span> <span class='ocrx_word' id='word_1_753' title='bbox 2757 4898 2851 4949; x_wconf 74' lang='grc' dir='ltr'>καὶ</span> <span class='ocrx_word' id='word_1_754' title='bbox 2885 4894 3107 4965; x_wconf 73' lang='grc' dir='ltr'>οἰκῆσαι</span> <span class='ocrx_word' id='word_1_755' title='bbox 3135 4895 3251 4963; x_wconf 76' lang='grc' dir='ltr'>μετ’</span> <span class='ocrx_word' id='word_1_756' title='bbox 3284 4889 3450 4946; x_wconf 76' lang='grc' dir='ltr'>αὐτοῦ</span> <span class='ocrx_word' id='word_1_757' title='bbox 3481 4890 3731 4943; x_wconf 83' lang='grc' dir='ltr'>ἐνΣπαν-</span> 
     </span>
    </p>
   </div>
   <div class='ocr_carea' id='block_1_100' title="bbox 474 4975 2028 5065">
    <p class='ocr_par' dir='ltr' id='par_1_100' title="bbox 474 4975 2020 5065">
     <span class='ocr_line' id='line_1_100' title="bbox 474 4975 2020 5065; baseline 0.004 -35"><span class='ocrx_word' id='word_1_758' title='bbox 474 4975 861 5065; x_wconf 76' lang='lat' dir='ltr'><strong>Epiphanium,</strong></span> <span class='ocrx_word' id='word_1_759' title='bbox 893 4985 948 5047; x_wconf 75' lang='lat' dir='ltr'><strong>et</strong></span> <span class='ocrx_word' id='word_1_760' title='bbox 976 4977 1028 5031; x_wconf 84' lang='lat' dir='ltr'><strong>ei</strong></span> <span class='ocrx_word' id='word_1_761' title='bbox 1063 4978 1316 5047; x_wconf 81' lang='lat' dir='ltr'><strong>exposuit</strong></span> <span class='ocrx_word' id='word_1_762' title='bbox 1340 4979 1546 5049; x_wconf 85' lang='lat' dir='ltr'><strong>omnia,</strong></span> <span class='ocrx_word' id='word_1_763' title='bbox 1580 4989 1634 5034; x_wconf 90' lang='lat' dir='ltr'><strong>et</strong></span> <span class='ocrx_word' id='word_1_764' title='bbox 1659 4979 1921 5039; x_wconf 80' lang='lat' dir='ltr'><strong>habitavit</strong></span> <span class='ocrx_word' id='word_1_765' title='bbox 1950 4995 2020 5037; x_wconf 87' lang='lat' dir='ltr'><strong>no</strong></span> 
     </span>
    </p>
   </div>
   <div class='ocr_carea' id='block_1_101' title="bbox 2130 4975 3733 5065">
    <p class='ocr_par' dir='ltr' id='par_1_101' title="bbox 2160 4980 3733 5062">
     <span class='ocr_line' id='line_1_101' title="bbox 2160 4980 3733 5062; baseline -0.007 -20"><span class='ocrx_word' id='word_1_766' title='bbox 2160 4989 2348 5062; x_wconf 85' lang='grc' dir='ltr'>υδρίῳ.</span> <span class='ocrx_word' id='word_1_767' title='bbox 2376 4987 2591 5051; x_wconf 79' lang='grc' dir='ltr'>Εὐθέως</span> <span class='ocrx_word' id='word_1_768' title='bbox 2639 4983 2731 5041; x_wconf 81' lang='grc' dir='ltr'>οὖν</span> <span class='ocrx_word' id='word_1_769' title='bbox 2758 4990 2787 5041; x_wconf 85' lang='lat'><strong>6</strong></span> <span class='ocrx_word' id='word_1_770' title='bbox 2810 4985 2991 5058; x_wconf 81' lang='grc' dir='ltr'>πατὴρ</span> <span class='ocrx_word' id='word_1_771' title='bbox 3020 4983 3187 5047; x_wconf 79' lang='grc' dir='ltr'>αὐτοῦ</span> <span class='ocrx_word' id='word_1_772' title='bbox 3215 4982 3391 5045; x_wconf 81' lang='grc' dir='ltr'>δώσας</span> <span class='ocrx_word' id='word_1_773' title='bbox 3423 4980 3569 5051; x_wconf 79' lang='grc' dir='ltr'>αὐτῷ</span> <span class='ocrx_word' id='word_1_774' title='bbox 3598 4980 3733 5050; x_wconf 82' lang='grc' dir='ltr'><strong>χρή-</strong></span> 
     </span>
    </p>
   </div>
   <div class='ocr_carea' id='block_1_102' title="bbox 479 5058 2028 5153">
    <p class='ocr_par' dir='ltr' id='par_1_102' title="bbox 479 5060 2028 5153">
     <span class='ocr_line' id='line_1_102' title="bbox 479 5060 2028 5153; baseline 0.002 -30"><span class='ocrx_word' id='word_1_775' title='bbox 479 5060 708 5129; x_wconf 80' lang='lat' dir='ltr'><strong>hiscum.</strong></span> <span class='ocrx_word' id='word_1_776' title='bbox 759 5065 906 5153; x_wconf 70' lang='lat' dir='ltr'><strong>Misit</strong></span> <span class='ocrx_word' id='word_1_777' title='bbox 957 5080 1088 5136; x_wconf 77' lang='lat' dir='ltr'><strong>ergo</strong></span> <span class='ocrx_word' id='word_1_778' title='bbox 1132 5065 1492 5139; x_wconf 83' lang='lat' dir='ltr'><strong>philosophus</strong></span> <span class='ocrx_word' id='word_1_779' title='bbox 1543 5067 1850 5137; x_wconf 87' lang='lat' dir='ltr'><strong>Callistum,</strong></span> <span class='ocrx_word' id='word_1_780' title='bbox 1889 5069 2028 5139; x_wconf 85' lang='lat' dir='ltr'><strong>jusst</strong></span> 
     </span>
    </p>
   </div>
   <div class='ocr_carea' id='block_1_103' title="bbox 2130 5058 3733 5153">
    <p class='ocr_par' dir='ltr' id='par_1_103' title="bbox 2159 5058 3733 5150">
     <span class='ocr_line' id='line_1_103' title="bbox 2159 5058 3733 5150; baseline -0.008 -19"><span class='ocrx_word' id='word_1_781' title='bbox 2159 5058 2309 5150; x_wconf 79' lang='grc' dir='ltr'>ματα</span> <span class='ocrx_word' id='word_1_782' title='bbox 2333 5077 2503 5131; x_wconf 81' lang='grc' dir='ltr'>πολλὰ</span> <span class='ocrx_word' id='word_1_783' title='bbox 2521 5118 2535 5141; x_wconf 94' lang='grc'>,</span> <span class='ocrx_word' id='word_1_784' title='bbox 2569 5075 2886 5141; x_wconf 77' lang='grc' dir='ltr'>ἀπέστειλεν</span> <span class='ocrx_word' id='word_1_785' title='bbox 2920 5075 3082 5130; x_wconf 82' lang='grc' dir='ltr'>αὑτὸν</span> <span class='ocrx_word' id='word_1_786' title='bbox 3127 5074 3266 5145; x_wconf 80' lang='grc' dir='ltr'>μετὰ</span> <span class='ocrx_word' id='word_1_787' title='bbox 3312 5070 3561 5145; x_wconf 75' lang='grc' dir='ltr'>βοηθείας</span> <span class='ocrx_word' id='word_1_788' title='bbox 3622 5068 3733 5121; x_wconf 79' lang='grc' dir='ltr'><strong>Καὶ</strong></span> 
     </span>
    </p>
   </div>
   <div class='ocr_carea' id='block_1_104' title="bbox 442 5156 2028 5238">
    <p class='ocr_par' dir='ltr' id='par_1_104' title="bbox 442 5156 2028 5229">
     <span class='ocr_line' id='line_1_104' title="bbox 442 5156 2028 5229; baseline -0.001 -14"><span class='ocrx_word' id='word_1_789' title='bbox 442 5156 787 5229; x_wconf 68' lang='grc' dir='ltr'><strong>ΔΕἱρὶριιιιιιὶἰ,</strong></span> <span class='ocrx_word' id='word_1_790' title='bbox 834 5172 961 5214; x_wconf 90' lang='lat' dir='ltr'><strong>cum</strong></span> <span class='ocrx_word' id='word_1_791' title='bbox 1007 5157 1223 5215; x_wconf 89' lang='lat' dir='ltr'><strong>duobus</strong></span> <span class='ocrx_word' id='word_1_792' title='bbox 1269 5158 1476 5228; x_wconf 84' lang='lat' dir='ltr'><strong>pueris,</strong></span> <span class='ocrx_word' id='word_1_793' title='bbox 1521 5166 1578 5214; x_wconf 88' lang='lat' dir='ltr'><strong>et</strong></span> <span class='ocrx_word' id='word_1_794' title='bbox 1620 5158 1796 5216; x_wconf 88' lang='lat' dir='ltr'><strong>tribus</strong></span> <span class='ocrx_word' id='word_1_795' title='bbox 1827 5161 2028 5215; x_wconf 82' lang='lat' dir='ltr'><strong>cameli:</strong></span> 
     </span>
    </p>
   </div>
   <div class='ocr_carea' id='block_1_105' title="bbox 2130 5156 3733 5238">
    <p class='ocr_par' dir='ltr' id='par_1_105' title="bbox 2159 5159 3733 5238">
     <span class='ocr_line' id='line_1_105' title="bbox 2159 5159 3733 5238; baseline -0.008 -15"><span class='ocrx_word' id='word_1_796' title='bbox 2159 5167 2330 5223; x_wconf 88' lang='grc' dir='ltr'>ἐλθὼν</span> <span class='ocrx_word' id='word_1_797' title='bbox 2379 5170 2437 5221; x_wconf 88' lang='grc' dir='ltr'><strong>ἐν</strong></span> <span class='ocrx_word' id='word_1_798' title='bbox 2469 5170 2538 5238; x_wconf 77' lang='grc' dir='ltr'>τῇ</span> <span class='ocrx_word' id='word_1_799' title='bbox 2577 5168 2796 5238; x_wconf 75' lang='grc' dir='ltr'>Φοινίκη</span> <span class='ocrx_word' id='word_1_800' title='bbox 2819 5207 2834 5230; x_wconf 89' lang='grc'><em>,</em></span> <span class='ocrx_word' id='word_1_801' title='bbox 2883 5166 3220 5236; x_wconf 72' lang='grc' dir='ltr'>ἐπιζητήσας</span> <span class='ocrx_word' id='word_1_802' title='bbox 3261 5162 3605 5230; x_wconf 77' lang='grc' dir='ltr'>Ἑπιφάνιον,</span> <span class='ocrx_word' id='word_1_803' title='bbox 3641 5159 3733 5212; x_wconf 67' lang='grc' dir='ltr'>καὶ</span> 
     </span>
    </p>
   </div>
   <div class='ocr_carea' id='block_1_106' title="bbox 476 5245 2028 5329">
    <p class='ocr_par' dir='ltr' id='par_1_106' title="bbox 476 5245 2028 5320">
     <span class='ocr_line' id='line_1_106' title="bbox 476 5245 2028 5320; baseline 0.008 -21"><span class='ocrx_word' id='word_1_804' title='bbox 476 5245 708 5303; x_wconf 83' lang='lat' dir='ltr'><strong>Edesam</strong></span> <span class='ocrx_word' id='word_1_805' title='bbox 757 5249 826 5304; x_wconf 91' lang='lat' dir='ltr'><strong>ad</strong></span> <span class='ocrx_word' id='word_1_806' title='bbox 871 5250 1042 5305; x_wconf 82' lang='lat' dir='ltr'><strong>libros</strong></span> <span class='ocrx_word' id='word_1_807' title='bbox 1088 5248 1460 5319; x_wconf 70' lang='lat' dir='ltr'><strong>adducendus.</strong></span> <span class='ocrx_word' id='word_1_808' title='bbox 1522 5250 1771 5320; x_wconf 81' lang='lat' dir='ltr'><strong>Cumque</strong></span> <span class='ocrx_word' id='word_1_809' title='bbox 1814 5251 2028 5311; x_wconf 79' lang='lat' dir='ltr'><strong>venisse</strong></span> 
     </span>
    </p>
   </div>
   <div class='ocr_carea' id='block_1_107' title="bbox 2130 5245 3727 5329">
    <p class='ocr_par' dir='ltr' id='par_1_107' title="bbox 2162 5250 3727 5329">
     <span class='ocr_line' id='line_1_107' title="bbox 2162 5250 3727 5329; baseline -0.008 -16"><span class='ocrx_word' id='word_1_810' title='bbox 2162 5259 2566 5329; x_wconf 70' lang='grc' dir='ltr'>ἐξηγησάμενος</span> <span class='ocrx_word' id='word_1_811' title='bbox 2606 5258 2755 5328; x_wconf 85' lang='grc' dir='ltr'>αὐτῷ</span> <span class='ocrx_word' id='word_1_812' title='bbox 2785 5258 2998 5322; x_wconf 64' lang='grc' dir='ltr'>ἅπαντα</span> <span class='ocrx_word' id='word_1_813' title='bbox 3017 5298 3032 5323; x_wconf 84' lang='grc'><strong><em>,</em></strong></span> <span class='ocrx_word' id='word_1_814' title='bbox 3061 5254 3377 5325; x_wconf 74' lang='grc' dir='ltr'>κατῴκησεν</span> <span class='ocrx_word' id='word_1_815' title='bbox 3410 5252 3525 5323; x_wconf 81' lang='grc' dir='ltr'>μεθ’</span> <span class='ocrx_word' id='word_1_816' title='bbox 3554 5250 3727 5320; x_wconf 79' lang='grc' dir='ltr'>ἡμῶν.</span> 
     </span>
    </p>
   </div>
   <div class='ocr_carea' id='block_1_108' title="bbox 479 5334 2028 5418">
    <p class='ocr_par' dir='ltr' id='par_1_108' title="bbox 479 5334 2025 5414">
     <span class='ocr_line' id='line_1_108' title="bbox 479 5334 2025 5414; baseline 0.005 -22"><span class='ocrx_word' id='word_1_817' title='bbox 479 5334 734 5404; x_wconf 80' lang='lat' dir='ltr'><strong>Edesam,</strong></span> <span class='ocrx_word' id='word_1_818' title='bbox 764 5344 969 5413; x_wconf 85' lang='lat' dir='ltr'><strong>accepit</strong></span> <span class='ocrx_word' id='word_1_819' title='bbox 1013 5342 1184 5401; x_wconf 89' lang='lat' dir='ltr'><strong>libros</strong></span> <span class='ocrx_word' id='word_1_820' title='bbox 1212 5342 1545 5413; x_wconf 81' lang='lat' dir='ltr'><strong>philosophi,</strong></span> <span class='ocrx_word' id='word_1_821' title='bbox 1590 5352 1644 5401; x_wconf 82' lang='lat' dir='ltr'><strong>et</strong></span> <span class='ocrx_word' id='word_1_822' title='bbox 1672 5344 1935 5414; x_wconf 82' lang='lat' dir='ltr'><strong>imposuit</strong></span> <span class='ocrx_word' id='word_1_823' title='bbox 1962 5358 2025 5399; x_wconf 87' lang='lat' dir='ltr'><strong>ca</strong></span> 
     </span>
    </p>
   </div>
   <div class='ocr_carea' id='block_1_109' title="bbox 2130 5334 3737 5418">
    <p class='ocr_par' dir='ltr' id='par_1_109' title="bbox 2173 5339 3737 5418">
     <span class='ocr_line' id='line_1_109' title="bbox 2173 5339 3737 5418; baseline -0.007 -17"><span class='ocrx_word' id='word_1_824' title='bbox 2173 5347 2511 5401; x_wconf 80' lang='grc' dir='ltr'>Ἀπέστειλεν</span> <span class='ocrx_word' id='word_1_825' title='bbox 2538 5344 2630 5401; x_wconf 80' lang='grc' dir='ltr'>οὖν</span> <span class='ocrx_word' id='word_1_826' title='bbox 2651 5351 2678 5402; x_wconf 87' lang='grc' dir='ltr'>ὁ</span> <span class='ocrx_word' id='word_1_827' title='bbox 2701 5347 2987 5418; x_wconf 79' lang='grc' dir='ltr'>φιλόσοφος</span> <span class='ocrx_word' id='word_1_828' title='bbox 3016 5345 3109 5405; x_wconf 83' lang='grc' dir='ltr'>τὸν</span> <span class='ocrx_word' id='word_1_829' title='bbox 3145 5343 3442 5405; x_wconf 77' lang='grc' dir='ltr'>Κάλλιστον</span> <span class='ocrx_word' id='word_1_830' title='bbox 3473 5341 3613 5394; x_wconf 81' lang='grc' dir='ltr'>κατὰ</span> <span class='ocrx_word' id='word_1_831' title='bbox 3644 5339 3737 5391; x_wconf 78' lang='grc' dir='ltr'><strong>κέ-</strong></span> 
     </span>
    </p>
   </div>
   <div class='ocr_carea' id='block_1_110' title="bbox 482 5428 2028 5510">
    <p class='ocr_par' dir='ltr' id='par_1_110' title="bbox 482 5430 1465 5503">
     <span class='ocr_line' id='line_1_110' title="bbox 482 5430 1465 5503; baseline 0.004 -19"><span class='ocrx_word' id='word_1_832' title='bbox 482 5430 659 5499; x_wconf 72' lang='lat' dir='ltr'><strong>melis,</strong></span> <span class='ocrx_word' id='word_1_833' title='bbox 691 5434 917 5486; x_wconf 86' lang='lat' dir='ltr'><strong>etvenit</strong></span> <span class='ocrx_word' id='word_1_834' title='bbox 955 5436 1010 5488; x_wconf 92' lang='lat' dir='ltr'><strong>in</strong></span> <span class='ocrx_word' id='word_1_835' title='bbox 1048 5435 1465 5503; x_wconf 70' lang='lat' dir='ltr'><strong>monasterium.</strong></span> 
     </span>
    </p>
   </div>
   <div class='ocr_carea' id='block_1_111' title="bbox 2130 5428 3735 5510">
    <p class='ocr_par' dir='ltr' id='par_1_111' title="bbox 2158 5428 3735 5510">
     <span class='ocr_line' id='line_1_111' title="bbox 2158 5428 3735 5510; baseline -0.006 -20"><span class='ocrx_word' id='word_1_836' title='bbox 2158 5438 2340 5493; x_wconf 84' lang='grc' dir='ltr'>λευσιν</span> <span class='ocrx_word' id='word_1_837' title='bbox 2383 5440 2730 5510; x_wconf 83' lang='grc' dir='ltr'>Ἐπιφανίου,</span> <span class='ocrx_word' id='word_1_838' title='bbox 2780 5437 2918 5509; x_wconf 80' lang='grc' dir='ltr'><strong>μετᾶ</strong></span> <span class='ocrx_word' id='word_1_839' title='bbox 2967 5435 3061 5489; x_wconf 85' lang='grc' dir='ltr'>δύο</span> <span class='ocrx_word' id='word_1_840' title='bbox 3100 5433 3400 5506; x_wconf 82' lang='grc' dir='ltr'>παιδαρίων</span> <span class='ocrx_word' id='word_1_841' title='bbox 3442 5431 3538 5485; x_wconf 70' lang='grc' dir='ltr'>καὶ</span> <span class='ocrx_word' id='word_1_842' title='bbox 3569 5428 3735 5500; x_wconf 84' lang='grc' dir='ltr'>τριῶν</span> 
     </span>
    </p>
   </div>
   <div class='ocr_carea' id='block_1_112' title="bbox 486 5520 3736 5609">
    <p class='ocr_par' dir='ltr' id='par_1_112' title="bbox 486 5520 3736 5609">
     <span class='ocr_line' id='line_1_112' title="bbox 486 5520 3736 5609; baseline 0 -34"><span class='ocrx_word' id='word_1_843' title='bbox 486 5521 748 5590; x_wconf 69' lang='grc' dir='ltr'>καμήλων</span> <span class='ocrx_word' id='word_1_844' title='bbox 812 5522 870 5575; x_wconf 81' lang='grc' dir='ltr'>ὲν</span> <span class='ocrx_word' id='word_1_845' title='bbox 908 5523 1116 5609; x_wconf 65' lang='grc' dir='ltr'>Ἐδέσῃ,</span> <span class='ocrx_word' id='word_1_846' title='bbox 1163 5525 1258 5579; x_wconf 76' lang='grc' dir='ltr'>ἐπὶ</span> <span class='ocrx_word' id='word_1_847' title='bbox 1291 5524 1352 5579; x_wconf 76' lang='grc' dir='ltr'>τὸ</span> <span class='ocrx_word' id='word_1_848' title='bbox 1378 5527 1604 5595; x_wconf 80' lang='grc' dir='ltr'>ἀγαγεῖν</span> <span class='ocrx_word' id='word_1_849' title='bbox 1665 5522 1763 5589; x_wconf 79' lang='grc' dir='ltr'><strong>τὰς</strong></span> <span class='ocrx_word' id='word_1_850' title='bbox 1831 5523 2045 5593; x_wconf 85' lang='grc' dir='ltr'>βίϐλους</span> <span class='ocrx_word' id='word_1_851' title='bbox 2104 5528 2266 5582; x_wconf 82' lang='grc' dir='ltr'>αὑτοῦ</span> <span class='ocrx_word' id='word_1_852' title='bbox 2296 5532 2353 5603; x_wconf 89' lang='grc' dir='ltr'><strong>ἐν</strong></span> <span class='ocrx_word' id='word_1_853' title='bbox 2379 5530 2456 5602; x_wconf 83' lang='grc' dir='ltr'><strong>τῷ</strong></span> <span class='ocrx_word' id='word_1_854' title='bbox 2485 5530 2849 5601; x_wconf 82' lang='grc' dir='ltr'>μοναστηρίῳ.</span> <span class='ocrx_word' id='word_1_855' title='bbox 2896 5527 3004 5582; x_wconf 69' lang='grc' dir='ltr'><strong>Καὶ</strong></span> <span class='ocrx_word' id='word_1_856' title='bbox 3034 5527 3098 5597; x_wconf 80' lang='grc' dir='ltr'><strong>δὴ</strong></span> <span class='ocrx_word' id='word_1_857' title='bbox 3130 5525 3229 5596; x_wconf 81' lang='grc' dir='ltr'>τὴν</span> <span class='ocrx_word' id='word_1_858' title='bbox 3258 5521 3481 5594; x_wconf 85' lang='grc' dir='ltr'>πορείαν</span> <span class='ocrx_word' id='word_1_859' title='bbox 3512 5520 3736 5591; x_wconf 78' lang='grc' dir='ltr'>ποιησά-</span> 
     </span>
    </p>
   </div>
   <div class='ocr_carea' id='block_1_113' title="bbox 492 5609 3737 5693">
    <p class='ocr_par' dir='ltr' id='par_1_113' title="bbox 492 5609 3737 5693">
     <span class='ocr_line' id='line_1_113' title="bbox 492 5609 3737 5693; baseline 0.006 -33"><span class='ocrx_word' id='word_1_860' title='bbox 492 5625 647 5675; x_wconf 82' lang='grc' dir='ltr'>μενος</span> <span class='ocrx_word' id='word_1_861' title='bbox 675 5609 1019 5678; x_wconf 83' lang='grc' dir='ltr'>ὁΚάλλιστος</span> <span class='ocrx_word' id='word_1_862' title='bbox 1048 5617 1107 5669; x_wconf 85' lang='grc' dir='ltr'><strong>ἐν</strong></span> <span class='ocrx_word' id='word_1_863' title='bbox 1137 5613 1360 5690; x_wconf 78' lang='grc' dir='ltr'><strong>Ἐδέσῃ,</strong></span> <span class='ocrx_word' id='word_1_864' title='bbox 1391 5616 1549 5672; x_wconf 73' lang='grc' dir='ltr'>ἔλαϐε</span> <span class='ocrx_word' id='word_1_865' title='bbox 1613 5616 1712 5680; x_wconf 78' lang='grc' dir='ltr'><strong>τὰς</strong></span> <span class='ocrx_word' id='word_1_866' title='bbox 1778 5615 1991 5685; x_wconf 88' lang='grc' dir='ltr'>βίϐλους</span> <span class='ocrx_word' id='word_1_867' title='bbox 2022 5616 2115 5671; x_wconf 75' lang='grc' dir='ltr'>τοῦ</span> <span class='ocrx_word' id='word_1_868' title='bbox 2184 5621 2502 5693; x_wconf 81' lang='grc' dir='ltr'>φιλοσόφου,</span> <span class='ocrx_word' id='word_1_869' title='bbox 2535 5623 2627 5676; x_wconf 74' lang='grc' dir='ltr'>καὶ</span> <span class='ocrx_word' id='word_1_870' title='bbox 2665 5622 2857 5692; x_wconf 76' lang='grc' dir='ltr'>ἔθηκεν</span> <span class='ocrx_word' id='word_1_871' title='bbox 2923 5621 3016 5672; x_wconf 75' lang='grc' dir='ltr'>ἐπὶ</span> <span class='ocrx_word' id='word_1_872' title='bbox 3071 5618 3171 5679; x_wconf 77' lang='grc' dir='ltr'><strong>τὰς</strong></span> <span class='ocrx_word' id='word_1_873' title='bbox 3238 5618 3388 5687; x_wconf 84' lang='grc' dir='ltr'>τρεῖς</span> <span class='ocrx_word' id='word_1_874' title='bbox 3437 5614 3737 5685; x_wconf 69' lang='grc' dir='ltr'>καμήλους.</span> 
     </span>
    </p>
   </div>
   <div class='ocr_carea' id='block_1_114' title="bbox 488 5697 1523 5778">
    <p class='ocr_par' dir='ltr' id='par_1_114' title="bbox 488 5697 1523 5778">
     <span class='ocr_line' id='line_1_114' title="bbox 488 5697 1523 5778; baseline 0.011 -29"><span class='ocrx_word' id='word_1_875' title='bbox 488 5698 584 5750; x_wconf 69' lang='grc' dir='ltr'>καὶ</span> <span class='ocrx_word' id='word_1_876' title='bbox 613 5697 939 5767; x_wconf 74' lang='grc' dir='ltr'>παρεγένετο</span> <span class='ocrx_word' id='word_1_877' title='bbox 970 5706 1026 5759; x_wconf 80' lang='grc' dir='ltr'><strong>ἐν</strong></span> <span class='ocrx_word' id='word_1_878' title='bbox 1049 5706 1127 5777; x_wconf 79' lang='grc' dir='ltr'><strong>τῷ</strong></span> <span class='ocrx_word' id='word_1_879' title='bbox 1160 5709 1523 5778; x_wconf 84' lang='grc' dir='ltr'>μοναστηρίῳ.</span> 
     </span>
    </p>
   </div>
  </div>
