4058 6430
386 354 461 409 ειδ
1669 328 1739 421 εξ
1772 366 1979 423 erlrn

2078 365 2112 418 ll
2148 364 2325 419 VITA.
3545 356 3616 412 54

414 478 573 536 ".tA’.
614 479 757 537 Καθ’
812 483 1027 555 ἡμέραν
1072 479 1163 535 οὖν
1222 481 1536 550 Ίίπιφάνιος
1595 485 1689 536 καὶ
1730 486 1759 536 6
1807 483 1956 551 φιλό-

2130 479 2316 535 XXIV.
2357 478 2609 546 Quotidie
2643 491 2769 546 ergo
2799 474 3134 544 Epiphanius
3182 480 3237 529 et
3281 473 3636 544 philosophus

386 588 543 655 σοφος
570 573 628 626 ὲν
653 572 828 644 πολλῇ
858 574 1158 645 φιλονεικίᾳ
1183 568 1322 643 ἦσαν
1357 572 1491 644 πρὸς
1517 574 1758 636 ἑαυτούς.
1797 571 1961 627 Εἶπεν

383 662 444 715 δὲ
469 660 785 731 Ἐπιφάνιος
809 663 890 735 τῷ
918 664 1215 735 φιλοσόφῳ·
1243 663 1404 731 Λέγει
1438 664 1656 735 Δανιὴλ,
1686 664 1962 734 φιλόσοφε,

384 756 469 807 ὅτι
499 755 804 823 κριτήριον
833 755 1133 821 ἐκάθισεν,
1165 756 1261 810 καὶ
1299 756 1504 820 ,ϐίϐλοι
1545 755 1961 825 ἠνεῴχθησαν.

387 846 562 918 Δεῦρο
596 847 827 918 πρόθες,
875 849 1042 917 φησὶ,
1096 848 1195 910 :6;
1233 849 1332 912 σὰς
1376 848 1627 918 βίϐλους,
1672 847 1828 916 κάγὼ
1866 847 1965 911 τὰς

389 940 559 1009 ἐμὰς,
587 939 651 1002 ἆς
682 956 772 1009 μοι
803 941 833 993 6
858 939 991 1003 Θεὸς
1018 939 1328 1012 ἐχαρίσατο,
1349 940 1442 994 καὶ
1469 939 1842 1010 καθεσθῶμεν,
1875 941 1967 992 καὶ

387 1029 758 1102 δωκριθῶμεν
789 1030 926 1100 πρὸς
957 1029 1200 1095 ἑαυτούς.
1227 1030 1528 1102 Ἐπέθηκεν
1560 1030 1618 1084 δὲ
1651 1030 1997 1098 Ἐπιφάνιοςξ

389 1123 490 1188 τὰς
523 1121 910 1207 θεοπνεύστους
935 1122 1155 1194 Γραφὰς
1180 1123 1245 1176 ὲκ
1274 1121 1483 1187 δεξιῶν,
1511 1123 1604 1175 καὶ
1630 1123 1658 1173 6
1684 1121 1966 1190 φιλόσοφος

391 1212 456 1278 ἐξ
496 1211 826 1284 ἀριστερῶν·
883 1211 993 1265 τῶν
1037 1211 1095 1265 δὲ
1136 1211 1458 1283 ἀρξαμένων
1504 1213 1599 1266 ἀπ’
1643 1212 1819 1283 ἀρχῆς
1868 1210 1969 1282 τῆς

393 1304 772 1375 κοσμοπιῖας,
801 1305 831 1356 6
856 1304 959 1374 μὲν
983 1302 1299 1373 Ἐπιφάνιος
1329 1304 1437 1357 ἀπὸ
1461 1304 1557 1374 τῆς
1585 1303 1869 1372 γενέσεως,
1903 1298 1969 1373 ἦς

300 1442 309 1453 .
392 1392 634 1466 Μωῢσῆς
664 1395 1059 1466 συνεγράψατο,
1084 1398 1112 1449 6
1138 1395 1196 1449 δὲ
1227 1396 1514 1466 φιλόσοφος
1540 1396 1647 1449 ἀπὸ
1678 1399 1776 1467 τῆς
1803 1396 1970 1466 αὐτῆς

393 1487 693 1555 γενέσεως,
737 1483 806 1558 ἧς
842 1489 872 1541 6
927 1486 1167 1551 Ἡσίοδος
1211 1487 1608 1559 συνεγράψατο.
1654 1487 1810 1544 Κατὰ
1843 1486 1971 1550 ἔπος

392 1574 489 1632 οὖν
531 1578 887 1645 διεξελθόντες
918 1578 989 1632 16
1030 1578 1125 1632 δύο
1170 1578 1383 1649 βιϐλία,
1434 1578 1795 1648 ἐφιλονείκουν
1837 1577 1972 1650 πρὸς

393 1669 640 1734 ἑαυτούς.
670 1666 776 1723 Ἦν
804 1670 862 1723 δὲ
889 1670 951 1723 16
977 1668 1092 1738 φῶς
1146 1670 1261 1739 φῶς
1278 1711 1292 1729 ,
1330 1670 1424 1723 καὶ
1453 1669 1512 1724 :6
1544 1670 1733 1733 σκότος
1763 1667 1968 1730 σκότος.

405 1760 467 1813 ³0
496 1759 605 1830 γὰρ
636 1760 873 1830 Μωῦσῆς
914 1757 1049 1811 Θεοῦ
1080 1761 1529 1831 ’συνεργήσαντος
1565 1757 1938 1829 συνεγράψατο
1956 1774 1968 1787 ·

390 1854 427 1905 ὁ
464 1825 523 1905 δὲ
574 1825 961 1915 Ἡσίοδος-ἀπὸ
1012 1852 1121 1922 μὲν,
1166 1825 1405 1905 Θεούπὸ
1438 1851 1538 1922 ζῇν
1568 1825 1744 1921 εἶχεν,
1784 1825 1893 1904 ἀπὸ
1918 1849 1973 1909 δὲ
2005 1825 2046 1880 Β

392 1943 662 2013 δαιμόνων
704 1945 803 2014 τὴν
845 1945 1076 2017 πλάνην»
1130 1944 1410 2002 Ἐνιαυτδν
1452 1944 1547 1999 οῧν
1596 1946 1715 1998 ὅλον
1763 1945 1975 2015 ἔμεινεν

393 2035 710 2105 Ἐπιφάνιος
742 2037 1122 2109 διαλεγόμενος
1154 2036 1232 2109 τῷ
1260 2037 1556 2109 φιλοσόφῳ,
1592 2038 1685 2092 καὶ
1707 2038 1808 2091 οὐκ
1831 2037 1977 2091 ἔπει-

395 2143 490 2183 σεν
522 2128 703 2182 αὐτόν.
752 2129 890 2183 Ποτὲ
922 2129 1052 2196 γοῦν
1083 2130 1356 2201 ἀγροίκων
1398 2129 1490 2182 τὸν
1536 2128 1767 2201 ἀριθμὸν
1804 2127 1843 2192 ξ’
1883 2127 1979 2197 φέ-

396 2235 583 2296 ρουσιν
613 2219 895 2273 νεανίσκον
937 2220 1061 2274 τινὰ
1106 2220 1209 2274 61:6
1245 2220 1337 2275 106
1384 2219 1698 2290 ἀκαθάρτου
1739 2218 1979 2289 ἐνοχλού-

400 2326 581 2379 μενον.
614 2308 769 2362 Ἐπεὶ
796 2306 889 2363 οὖν
921 2310 1021 2377 οὐκ
1070 2310 1338 2381 ἠδύναντο
1385 2308 1771 2381 περιγενέσθαι
1812 2308 1976 2361 66:06

397 2401 449 2454 οί
496 2400 561 2467 ξ’,
609 2401 860 2455 ἀλύσεσιν
910 2402 1105 2474 ἔδησαν
1151 2401 1355 2467 τοῦτον,
1412 2403 1506 2455 καὶ
1554 2401 1792 2471 ἤνεγκαν
1843 2400 1978 2469 πρὸς

411 2490 726 2560 Ἐπιφάνιον
754 2494 810 2546 ὲν
844 2492 925 2564 τῷ
961 2493 1328 2565 μοναστηρίῳ.
1375 2489 1540 2546 Εἶπεν
1579 2492 1636 2545 δὲ
1664 2492 1979 2561 Ἐπιφάνιος

400 2584 479 2655 τῷ
513 2584 784 2657 φιλοσόφῳ
803 2602 816 2616 ·
853 2587 987 2654 Ἀγε
1033 2586 1126 2657 δὴ,
1169 2586 1444 2656 φιλόσοφε,
1475 2588 1503 2639 6
1525 2584 1625 2649 τὰς
1652 2585 1980 2655 φιλονεικίας

400 2677 723 2747 ποιούμενος
782 2678 919 2749 μετά
958 2679 1051 2732 τοῦ
1100 2678 1424 2751 ἁμαρτω)εοῦ
1471 2679 1821 2748 Ἐπιφανίου,
1862 2680 1982 2731 ἐπι-

400 2766 770 2837 καλεσάμενος
800 2768 860 2821 τὸ
894 2767 1096 2838 πλῆθος
1143 2768 1252 2822 τῶν
1302 2768 1439 2822 θεῶν
1485 2786 1599 2835 σου,
1652 2771 1800 2832 ὅπως
1846 2772 1983 2823 ἁπον-

401 2856 683 2925 διὼξουσιν
710 2860 770 2912 16
798 2859 1013 2931 πνεῦμα
1041 2859 1151 2914 61:6
1175 2860 1270 2914 τοῦ
1301 2841 1607 2915 νεανίσκου.
1646 2862 1705 2915 '0
1741 2861 1797 2914 δὲ
1830 2860 1978 2930 φιλό-

404 2966 567 3018 σοφος
601 2949 789 3022 ὥσπερ
839 2951 1164 3024 ἡττηθέντα,
1204 2953 1298 3006 καὶ
1323 2953 1678 3024 ἀπορήσαντα
1708 2954 1799 3007 16v
1825 2953 1983 3021 λόγον

402 3040 702 3113 ὑπενόησεν
727 3041 818 3096 τὸν
848 3043 1191 3114 Ἐπιφάνιον·
1226 3046 1255 3097 ό
1278 3042 1336 3097 δὲ
1371 3043 1684 3115 Ἐπιφάνιος
1731 3044 1984 3112 ἐπιγνοὺς

2067 572 2362 640 plurimum
2433 569 2573 623 inter
2635 582 2694 622 se
2764 564 3184 620 contendebant.
3253 562 3397 618 Dixit
3450 573 3637 618 autem

2068 661 2403 732 Epiphanius
2432 658 2790 730 philosopho:
2811 657 2951 711 Dicit
2980 655 3189 718 Daniel,
3221 670 3255 710 o
3281 653 3632 724 philosophe:

2065 753 2097 807 .Ι
2107 754 2340 807 udicium
2364 750 2515 815 sedit,
2542 759 2590 805 et
2615 750 2735 803 libri
2760 748 2927 818 aperti
2947 755 3064 800 sunt
3085 745 3127 799 ⁸.
3160 743 3428 815 Agedum,
3456 743 3635 814 profer

2069 860 2191 903 tuos
2225 847 2415 914 libros,
2459 855 2511 900 et
2546 860 2646 915 ego
2695 857 2867 904 meos,
2914 855 3054 911 quos
3089 838 3222 894 mihi
3266 838 3411 894 Deus
3460 837 3636 901 dedit,

2068 940 2462 1008 sedeamusque
2484 946 2538 992 et
2555 936 2891 990 disseramus
2918 933 3060 987 inter
3094 947 3215 987 nos.
3241 929 3433 985 Posuit
3455 939 3637 983 autem

2069 1029 2407 1101 Epiphanius
2437 1016 2469 1083 a
2498 1027 2707 1083 dextris
2757 1025 3068 1094 Scripturas
3107 1022 3369 1077 divinitus
3409 1019 3642 1089 inspira-

2071 1130 2173 1188 tas,
2216 1128 2270 1175 et
2320 1120 2460 1175 alius
2514 1116 2851 1188 Epiphanius
2905 1115 3074 1170 libros
3126 1128 3258 1169 suos
3301 1126 3332 1166 a
3380 1109 3639 1166 sinistris.

2069 1209 2207 1266 Cum
2240 1209 2281 1264 ii
2300 1217 2482 1264 autem
2516 1208 2806 1278 ccepissent
2830 1204 2899 1260 ab
2928 1203 3083 1260 initio
3114 1201 3301 1257 mundi
3328 1198 3642 1265 creationis,
3706 1224 3716 1233 ι

2069 1299 2405 1371 Epiphanius
2437 1299 2655 1370 quidem
2691 1314 2723 1354 a
2750 1296 2969 1363 Genesi,
2996 1295 3051 1350 id
3073 1303 3177 1362 est,
3206 1294 3274 1349 ab
3302 1301 3447 1358 ortu,
3478 1305 3641 1361 quem

2071 1392 2394 1461 conscripsit
2424 1390 2635 1463 Moyses
2669 1409 2683 1446 :
2716 1388 3073 1460 phil050phus
3122 1394 3301 1440 autem
3343 1385 3413 1438 ab
3453 1381 3644 1437 eodem

2071 1492 2217 1550 ortu,
2245 1498 2408 1553 quem
2444 1480 2767 1552 conscripsit
2801 1478 3097 1540 Hesiodus,
3138 1476 3205 1531 ad
3247 1476 3472 1529 verbum
3508 1472 3646 1527 duos

2074 1576 2241 1633 libros
2269 1584 2604 1647 exponentes
2627 1614 2641 1639 ,
2676 1573 2817 1628 inter
2846 1587 2903 1627 se
2934 1568 3353 1623 contendebant.
3396 1564 3524 1619 Erat
3549 1578 3648 1617 au-

2075 1676 2181 1723 tem
2214 1668 2303 1721 lux
2331 1667 2445 1733 lux,
2481 1678 2534 1722 et
2564 1665 2799 1720 tenebrae
2824 1662 3081 1718 tenebrae.
3110 1660 3319 1731 Moyses
3341 1656 3484 1712 enim
3513 1653 3648 1710 scri-

2075 1761 2207 1832 psit,
2262 1759 2371 1815 Deo
2415 1774 2572 1828 opem
2615 1756 2864 1812 ferente:
2896 1753 3163 1811 Hesiodus
3203 1760 3382 1805 autem
3422 1763 3489 1802 ex
3539 1745 3652 1800 Deo

2077 1851 2294 1921 quidem
2325 1849 2493 1905 vitam
2531 1848 2741 1913 habuit,
2770 1861 3010 1902 errorem
3052 1858 3182 1899 vero
3218 1857 3249 1897 a
3290 1838 3651 1896 daemonibus.

2079 1940 2213 1995 Toto
2235 1951 2415 1994 autem
2445 1953 2590 1993 anno
2623 1937 2822 1991 mansit
2851 1933 3188 2005 Epiphanius
3212 1931 3490 1986 disserens
3517 1939 3645 1981 cum

2077 2028 2424 2100 philosopho.
2455 2025 2766 2096 Aliquando
2799 2039 2927 2079 vero
2954 2022 3206 2077 homines
3243 2026 3488 2088 agrestes
3527 2030 3634 2070 nu-

2078 2135 2228 2175 mero
2279 2119 2560 2187 sexaginta
2618 2116 2864 2171 tulerunt
2908 2113 3198 2182 quemdam
3249 2109 3653 2164 adolescentem

2078 2212 2172 2282 qui
2201 2210 2501 2265 vexabatur
2534 2208 2603 2263 ab
2633 2203 3157 2282 immundospiritu.
3190 2199 3363 2266 Quem
3394 2211 3516 2252 cum
3546 2210 3650 2251 ncn

2078 2278 2303 2373 possent
2334 2299 2611 2369 sexaginta
2644 2298 2721 2350 illi
2752 2278 3031 2366 superare,
3077 2307 3202 2346 eum
3248 2290 3538 2373 alligarunt
3567 2302 3652 2342 ca-

2082 2370 2241 2458 tenis,
2270 2403 2323 2447 et
2356 2392 2601 2446 tulerunt
2623 2388 2687 2443 ad
2718 2387 3103 2459 Epiphanium.
3147 2383 3291 2438 Dixit
3320 2370 3498 2437 autem
3530 2379 3654 2450 Epi:

2082 2486 2319 2552 phanius
2363 2482 2693 2555 phiIOSOpho
2723 2480 2902 2550 :.Age,
2931 2476 3275 2548 philosophe,
3312 2475 3404 2545 qui
3434 2480 3655 2529 conten-

2080 2578 2166 2633 dis
2231 2554 2373 2631 cumr
2421 2581 2705 2645 peccatore
2760 2569 3106 2640 Epiphanio;
3176 2569 3367 2621 invoca
3442 2554 3697 2618 tuorum’

2081 2671 2308 2725 deorum
2358 2666 2797 2729 multitudinem,
2855 2673 2914 2716 ut
2966 2658 3242 2731 expeliant
3289 2656 3540 2729 spiritum
3594 2654 3657 2709 ab

2082 2761 2447 2817 adolescente.
2494 2756 2587 2813 llle
2619 2771 2746 2810 vero
2785 2753 3130 2808 existimabat
3170 2746 3531 2820 Epiphanium
3571 2760 3656 2800 su-

2083 2861 2354 2923 peratum,
2377 2859 2431 2905 et
2459 2849 2553 2920 qui
2583 2863 2687 2902 non
2719 2845 2942 2901 haberet
2970 2840 3114 2913 quod
3146 2841 3370 2895 diceret.
3396 2837 3530 2893 Cum
3559 2837 3664 2889 hoc

2084 2953 2266 2999 autem
2319 2941 2665 3012 cognovisset
2715 2937 3076 3007 Epiphanius,
3133 2934 3330 2988 iterum
3378 2928 3515 2985 dixit
3562 2925 3656 2981 ci:

2085 3034 2227 3103 Quid
2275 3033 2434 3100 dicis,
2485 3049 2519 3089 ο
2562 3031 2723 3087 Pater
2775 3026 3114 3101 philosophe,
3166 3024 3233 3080 de
3280 3020 3662 3078 adolescente?

404 3103 605 3196 τοῦτο,
634 3128 782 3187 εἶπεν
812 3135 948 3206 πρὸς
985 3103 1075 3188 τὸν
1105 3134 1394 3205 φιλόσοφον
1419 3152 1432 3165 ·
1465 3103 1530 3188 Τί
1558 3103 1759 3204 λέγεις,
1798 3103 1979 3205 φησιν,

2086 3127 2192 3180 Aut
2217 3139 2353 3179 cura
2375 3131 2748 3194 aegrotantem.
2778 3125 2833 3173 et
2866 3132 2965 3187 ego
2995 3115 3047 3169 in
3084 3114 3192 3168 tuis
3227 3112 3332 3167 diis
3358 3106 3568 3163 habebo
3600 3103 3657 3158 [i-

405 3216 457 3276 ὦ
488 3223 741 3293 φιλόσοφε
762 3264 777 3287 ,
818 3225 947 3295 περὶ
979 3225 1074 3280 τοῦ
1107 3226 1390 3281 νεανίσκου
1418 3243 1433 3293 ;
1464 3226 1495 3296 ἢ
1524 3226 1860 3297 θεράπευσον
1892 3227 1983 3278 τὸν

405 3311 755 3381 ἀσθενοῦντα,
780 3316 873 3368 καὶ
900 3314 1092 3386 ἔσομαι
1130 3317 1311 3370 πίστιν
1341 3317 1482 3387 ἔχων
1508 3317 1644 3386 πρὸς
1676 3318 1802 3381 τοὺς
1828 3316 1985 3380 θεούς

411 3419 509 3456 σου
534 3420 548 3433 ο
579 3403 668 3474 ἢὸ
700 3405 831 3470 Θεός
861 3423 961 3476 μου
995 3406 1175 3474 διώξει
1199 3408 1260 3462 τὸ
1294 3408 1604 3481 ἀκάθαρτον
1636 3410 1851 3480 πνεῦμα
1878 3409 1987 3463 61:6

407 3495 505 3549 τοῦ
537 3497 838 3565 νεανίσκου,
890 3499 984 3553 καὶ
1034 3499 1132 3572 ἔσῃ
1177 3500 1449 3566 πεποιθὼς
1481 3502 1576 3555 ἐπὶ
1607 3502 1685 3573 τῷ
1714 3504 1988 3573 ἐσταυρω-

414 3587 581 3663 μένῳ.
617 3588 743 3642 Ἐπὶ
780 3589 989 3655 τούτοις
1030 3592 1090 3646 δὲ
1119 3592 1320 3647 ἅπασιν
1350 3594 1378 3647 6
1407 3592 1693 3663 φιλόσοφος
1725 3595 1825 3647 οὐκ
1865 3594 1986 3648 ἐπί--

416 3698 637 3734 στευσεν
670 3681 999 3754 Ἐπιφανίῳ·
1048 3683 1164 3737 ἀλλ’
1213 3683 1461 3755 ἐνόμιζεν
1489 3685 1695 3754 γέλοιον
1728 3682 1889 3741 εἶναι.
1929 3686 1989 3739 ὐ

414 3768 509 3826 ὠν
536 3772 847 3844 Ἐπιφάνιος
868 3776 1127 3841 ἀναστὰς,
1148 3777 1244 3831 καὶ
1269 3776 1546 3849 κρατήσας
1573 3778 1665 3832 τὸν
1688 3776 1988 3841 νεανίσκον,

415 3864 601 3933 ἔλεγεν
633 3866 780 3938 αὐτῷ
799 3884 813 3899 ’
848 3868 941 3921 Σοὶ
965 3868 1128 3938 λέγω,
1161 3868 1643 3935 νεανίσκε,θέλεις,
1672 3870 1858 3940 φησὶν,
1876 3869 1999 3941 ἄρω,

416 3957 487 4011 τὰ
517 3957 708 4030 σίδηρα
737 3961 845 4014 61:6
875 3960 985 4014 τῶν
1013 3960 1211 4034 χειρῶν
1244 3979 1371 4028 σου;

491 4051 617 4103 ΚΕ¹.
645 4051 702 4105 '0
730 4051 789 4104 δὲ
820 4051 1127 4121 φιλόσοφος.
1153 4052 1392 4116 ἀκούσας
1419 4052 1616 4117 ταῦτα,
1647 4054 1880 4125 ἔδραμεν
1907 4054 1994 4106 s6-

422 4138 560 4203 θέως
587 4143 644 4194 ἐν
674 4141 753 4212 τῷ
787 4142 1001 4214 κελλίῳ,
1034 4143 1129 4197 καὶ
1163 4143 1502 4212 ἠσφαλίσατο
1522 4143 1598 4213 τῷ
1622 4142 1878 4214 κατοχίῳ,
1910 4140 1995 4194 λέσ

422 4245 536 4297 γων
579 4231 669 4284 καὶ
719 4232 1085 4303 σκεπτόμενος
1115 4234 1173 4285 ὲν
1207 4232 1431 4304 ὑπονοίᾳ
1454 4249 1466 4263 ·
1510 4226 1677 4295 Οὗτος
1695 4231 1725 4283 6
1760 4231 1994 4302 καλόγη-

2087 3219 2253 3273 dem:
2304 3222 2399 3271 aut
2437 3213 2580 3269 Deus
2621 3210 2854 3281 expellet
2908 3203 3250 3261 immundum
3299 3199 3548 3271 spiritum
3596 3195 3659 3249 ab

2087 3311 2452 3371 adolescente,
2485 3313 2539 3361 et
2566 3303 2756 3358 credes
2789 3303 2844 3353 in
2879 3295 3226 3354 cruciﬁxum.
3259 3288 3315 3344 In
3357 3289 3442 3343 his
3481 3295 3660 3341 autem

2088 3400 2342 3471 omnibus
2373 3413 2479 3453 non
2510 3392 2740 3448 credidit
2784 3387 3143 3461 philosophus
3191 3379 3523 3453 Epiphanio,
3572 3374 3661 3431 sed

2088 3470 2421 3547 existimavit
2483 3470 2632 3540 eum‘
2674 3493 2823 3537 esse‘
2861 3477 3174 3533 ridiculum.
3240 3473 3478 3541 Surgens
3539 3481 3661 3521 vero

2090 3580 2466 3655 Epiphanius,
2526 3588 2580 3633 et
2628 3586 2820 3630 tenens
2875 3570 3313 3627 adolescentem,
3370 3559 3507 3618 dixit
3567 3558 3661 3612 ei:

2091 3675 2212 3731 Tibi
2245 3673 2387 3739 dico,
2447 3668 2786 3731 adolescens,
2831 3661 2937 3729 vis,
2990 3659 3188 3732 inquit,
3226 3655 3411 3712 tollam
3446 3662 3661 3705 catenas

2093 3767 2296 3831 ferreas
2328 3779 2395 3820 ex
2434 3760 2686 3816 manibus
2712 3755 2855 3812 tuis?

2167 4040 2334 4099 XXV.
2374 4040 2510 4096 Cum
2547 4047 2726 4093 autem
2773 4033 3036 4089 audiisset
3066 4026 3441 4100 philosophus,
3487 4021 3664 4078 statim

2097 4133 2340 4189 cucurrit
2366 4130 2421 4185 in
2454 4128 2668 4191 cellam,
2697 4133 2752 4181 et
2777 4130 2926 4179 recte
2952 4121 3160 4177 foribus
3191 4116 3434 4173 adhibito
3463 4128 3521 4168 se
3554 4127 3665 4166 mu-

2098 4224 2220 4285 niit,
2256 4222 2465 4285 dicens,
2495 4229 2551 4274 et
2573 4217 2898 4287 suspicando
2932 4214 3005 4268 ita
3033 4209 3174 4280 apud
3204 4224 3262 4265 se
3282 4205 3671 4264 considerans:

427 4338 558 4392 ρως,
586 4322 662 4387 ὡς
698 4297 936 4394 ἰδιώτης,
967 4323 1125 4379 λῦσαι
1150 4297 1510 4396 βούλεταί-δὺν
1537 4325 1878 4395 παράφρονα,
1897 4297 1979 4376 κάγ

2101 4314 2283 4369 Bonus
2318 4310 2407 4365 hic
2437 4324 2624 4374 senex,
2657 4313 2716 4361 ut
2756 4303 2909 4360 rudis
2941 4311 2995 4356 ct
3034 4300 3305 4363 indoctus,
3342 4297 3453 4351 vult
3487 4310 3666 4368 amen-

765 4383 1114 4486 éxep'tivasv,
1271 4415 1461 4485 λόγιοι,
1494 4415 1595 4485 τὴν
1620 4383 1974 4486 ¹προπέτειαν

2105 4417 2209 4462 tem
2246 4403 2475 4466 solvere,
2505 4410 2560 4456 et
2609 4398 2714 4453 nisi
2763 4410 2865 4450 nos
2898 4402 2956 4449 ut
2984 4390 3275 4462 prudentes
3320 4403 3505 4443 casum
3541 4383 3666 4440 etl‘u-

721 4478 1164 4573 κακὼς-πάσχειν
1190 4478 1294 4558 61:6
1318 4478 1412 4557 τοῦ
1438 4478 1766 4576 καταράτου.
1795 4501 1979 4570 Κουφίε

2103 4498 2336 4570 giamus,
2387 4495 2455 4549 ab
2493 4488 2829 4548 exsecranda
2878 4485 2970 4541 illo
3016 4483 3160 4539 male
3201 4496 3393 4537 sumus
3437 4478 3669 4550 passuri.

428 4609 528 4655 σας
552 4588 645 4655 οὖν
678 4594 997 4663 Ἐπιφάνιος
1009 4569 1079 4649 16
1110 4596 1303 4668 σίδηρα
1334 4596 1442 4650 ἀπὺ
1461 4595 1554 4649 106
1580 4569 1884 4659 νεανίσκου,

2098 4569 2235 4646 Cum
2261 4601 2442 4644 autem
2477 4584 2811 4656 Epiphanius
2836 4578 3029 4636 ferreis
3046 4575 3252 4632 catenis
3284 4574 3515 4628 levasset
3544 4569 3668 4625 ado.

427 4685 737 4755 σφραγίσας
768 4662 931 4739 αυτὸν
958 4687 1161 4757 τρίτον,
1195 4662 1348 4745 εἶπεν
1394 4685 1471 4757 τῷ
1516 4685 1811 4756 ἀκαθάρτῳ
1834 4682 1979 4737 πνεύι

2100 4682 2427 4743 lescentem,
2448 4685 2506 4732 et
2533 4690 2659 4730 eum
2690 4681 2768 4729 ter
2796 4671 3084 4742 signasset,
3108 4663 3543 4723 dixitimmundo
3565 4662 3669 4731 spi—

623 4751 1008 4847 Παραγγέλλεί
1030 4795 1112 4831 σοι
1150 4751 1462 4848 Ἐπιφάνιος
1494 4751 1816 4848 ἀμαρτῶλὸς
1840 4779 1869 4829 6
1886 4773 1978 4828 606

2102 4770 2230 4827 ritui
2264 4789 2277 4824 :
2316 4767 2569 4837 Praecipit
2603 4764 2698 4820 tibi
2721 4761 3055 4832 Epiphanius
3086 4766 3338 4830 peccator
3364 4770 3553 4811 servus
3571 4751 3668 4807 Do-

426 4868 520 4932 λος
548 4869 641 4921 τοὺ
666 4870 962 4941 Κυρίου,²εν
990 4871 1215 4942 ὀνόματι
1244 4869 1418 4942 Ἰησοῦ
1440 4869 1677 4942 Χριστοῦ
1693 4868 1785 4922 τοῦ
1810 4869 1973 4920 ἐσταυ

2102 4861 2255 4924 mini,
2291 4859 2343 4914 in
2394 4856 2615 4913 nomine
2665 4852 2795 4910 Jesu
2845 4851 3049 4908 Christi
3103 4847 3349 4906 cruciﬁxi
3393 4845 3513 4901 Filii
3561 4843 3670 4906 Dei,

433 4959 701 5030 ρωμένου,
730 4939 858 5015 Ῠίοῧ
891 4960 985 5015 τοῦ
1014 4939 1172 5028 Θεοῦ,
1199 4939 1380 5028 ἔξελθε
1416 4939 1527 5017 61:6
1567 4960 1661 5015 τοῦ
1691 4958 1976 5032 ἀνθρώπου

2102 4955 2356 5026 egredere
2387 4969 2455 5009 ex
2482 4952 2735 5016 homine,
2757 4958 2812 5005 et
2836 4963 2905 5003 ne
2938 4945 3172 5017 amplius
3205 4945 3258 5000 in
3291 4943 3467 5013 ipsum
3497 4939 3669 5009 ingre-

430 5029 528 5107 καὶ
562 5054 756 5124 μηκέτι
785 5053 1031 5128 εἰσέλθῃς
1062 5057 1142 5118 είς
1173 5054 1354 5109 αὐτόν.
1382 5055 1493 5109 Καὶ
1531 5053 1736 5118 εὐθέως
1779 5029 1979 5123 ἐξῆλθε

2103 5045 2288 5101 diaris.
2320 5043 2389 5099 Et
2415 5059 2669 5114 egressus
2713 5049 2799 5097 est
2850 5039 3032 5095 statim
3067 5034 3383 5091 immundus
3426 5029 3670 5101 spiritus.

429 5144 493 5196 16
536 5119 842 5216 ἀκάθαρτον
1160 5146 1252 5200 καὶ
1293 5141 1362 5217 ἦν
1387 5147 1444 5199 ὲν
1476 5145 1644 5215 πολλῇ
1672 5119 1978 5197 καταστάσε

2104 5134 2345 5206 Eratque
2398 5134 2719 5189 adolescens
2770 5129 2923 5185 valde
2968 5127 3185 5197 quietus
3231 5133 3285 5178 et
3317 5119 3671 5189 compositus.

431 5235 465 5288 6
512 5209 974 5302 νεανίσιίος.’18ὼν
1122 5239 1151 5292 6
1192 5209 1478 5308 φιλόσοφος
1509 5236 1580 5290 16
1612 5209 1708 5307 τῆς
1758 5235 1979 5305 εἰρήνης

2105 5225 2240 5279 Cum
2281 5233 2462 5279 autem
2492 5237 2615 5280 esse
2650 5236 2837 5292 pacem
2864 5217 3088 5274 vidisset
3116 5209 3496 5286 philosophus,
3529 5209 3672 5263 leva-

432 5326 801 5397 ἀπεκούφισεν
824 5329 885 5383 16
905 5329 1174 5400 κατόχιον,
1202 5302 1296 5383 καὶ
1318 5302 1649 5399 ἐξεπήδησεν
1666 5302 1772 5379 ⁷τοῦ
1796 5302 1979 5378 κελλίοπ

2106 5319 2185 5374 vit
2225 5317 2566 5389 repagulum,
2594 5327 2650 5372 et
2686 5331 2717 5371 e
2765 5313 2899 5370 cella
2947 5309 3185 5382 prosiliit
3226 5306 3293 5362 ad
3338 5302 3674 5360 adorandum

434 5421 517 5482 εἰς
550 5419 914 5490 προσκύνησιν
953 5399 1291 5490 Ἐπιφανίου,
1319 5419 1490 5488 λέγων
1523 5418 1659 5489 πρὸς
1691 5415 1979 5486 Ἑπιφάνισ

2109 5412 2490 5483 Epiphanium,
2517 5409 2598 5464 sic
2620 5408 2810 5463 dicens
2838 5422 2851 5459 :
2882 5403 2947 5468 Ο,
2972 5400 3166 5471 inquit,
3193 5399 3284 5471 qui
3314 5403 3496 5469 gestas
3523 5409 3668 5450 coro-

434 5486 708 5574 τοιούτους
730 5486 923 5579 λὸνους
942 5527 956 5541 ·
979 5506 1071 5573 Ὦ,
1094 5486 1283 5582 φησιν,
1301 5486 1582 5580 Ἐπιφάνιε
1612 5507 1979 5578 στεφανηφόρε

2110 5517 2257 5566 nam,
2286 5498 2570 5571 Epiphani,
2600 5497 2783 5556 credo.
2814 5506 2869 5549 et
2896 5491 3102 5547 credidi
3133 5491 3201 5547 iis
3231 5504 3351 5561 quae
3399 5486 3693 5547 dicuntur,

436 5601 679 5657 πιστεύω
706 5603 816 5657 ικαὶ
848 5603 1186 5658 πεπίστευκα
1218 5605 1327 5666 τοῖς
1359 5600 1725 5671 λαλουμένοις,
1760 5598 1845 5653 διὰ
1900 5597 1978 5651 τῶ

2110 5608 2206 5662 per
2252 5607 2315 5647 ca
2360 5605 2482 5661 qua:
2529 5590 2682 5644 iiunt.
2714 5585 2912 5641 V’olant
2955 5582 3100 5640 enim
3132 5582 3296 5638 verba
3327 5580 3443 5635 sine
3476 5576 3693 5641 fructu,

512 5759 536 5790 "
572 5757 706 5814 Dan.
751 5778 843 5819 vn.
895 5762 971 5814 H‘.
