4058 6442
457 364 525 425 55
1766 369 1823 424 S.
1866 368 2208 423 El’lPllA‘Nll
2251 367 2429 424 VITA.
3656 364 3729 425 56

456 497 622 555 Opera
656 494 837 539 autem
885 494 1186 540 cernuntur
1228 485 1427 541 habere
1472 487 1732 547 t'ruetum.
1763 485 1898 543 Volo
1936 504 2035 558 ego

2148 487 2313 557 ἔργων
2345 485 2454 539 τῶν
2488 485 2789 557 γινομένων
2810 501 2821 513 ’
2859 488 2906 537 οἱ
2937 485 3045 555 γὰρ
3069 485 3216 554 λόγοι
3252 482 3510 537 πέτανται
3543 483 3729 556 ἀκαρ-

459 590 679 645 quoque
706 592 829 631 esse
857 592 919 631 ex
954 577 1020 631 iis
1052 578 1144 647 qui
1181 578 1426 633 serviunt
1466 576 1749 633 crucifixo.
1780 570 2030 633 Philoso-

457 668 569 735 pho
616 683 748 727 vero
798 668 929 722 dixit
982 657 1528 737 EpiphaniuszQuid
1577 669 1680 723 hoc
1728 668 1967 733 miraris,
1996 684 2030 723 ο

458 760 803 829 philosophe,
821 771 1075 831 tanquam
1103 762 1154 816 id
1180 778 1279 817 nos
1301 761 1588 817 fecerimus
1602 763 1626 815 ?
1642 760 2026 832 Nequaquam;

459 851 555 905 sed
601 862 682 906 est
717 850 809 906 Dei
845 853 1034 917 Filius,
1069 853 1164 923 qui
1215 853 1329 908 haec
1359 855 1620 924 prwclara
1659 853 1788 909 facit
1817 869 1910 922 per
1935 867 2031 909 eos

456 942 554 1011 qui
590 941 692 1012 ipsi
723 941 967 998 credunt.
995 942 1133 997 Cum
1181 944 1295 999 hrcc
1324 955 1376 999 et
1404 946 1488 1001 his
1528 946 1680 1015 plura
1715 944 2032 1012 philosopho

459 1034 688 1089 dixisset
734 1035 1089 1104 Epiphanius,
1142 1037 1351 1106 rogavit
1393 1053 1518 1090 eum
1564 1036 1940 1107 philosophus,
1974 1042 2034 1087 ut

458 1125 616 1180 daret
637 1126 686 1180 ei
714 1126 788 1191 id,
821 1126 966 1196 quod
996 1138 1081 1183 est
1114 1128 1166 1181 in
1191 1128 1432 1191 Christo,
1466 1127 1821 1199 signaculum.
1848 1125 2029 1195 Ipsum

458 1230 590 1286 ergo
642 1226 697 1271 et
744 1232 830 1272 me
876 1234 953 1274 ac'
973 1220 1085 1289 epit
1111 1218 1468 1289 Epiphanius,
1502 1229 1556 1274 et
1586 1220 1783 1273 ivimus
1815 1218 1879 1271 ad
1918 1232 2033 1272 ma-

459 1324 622 1378 gnum
665 1308 1018 1375 Hilarionem,
1052 1311 1146 1381 qui
1188 1326 1313 1366 eum
1360 1311 1680 1381 baptizavit;
1716 1310 2035 1379 egimusqne

459 1398 649 1468 viginti
676 1399 793 1454 dies
833 1399 886 1453 in
919 1403 1252 1457 monasterio
1291 1403 1469 1472 magni
1498 1400 1792 1457 Hilarionis
1823 1420 1836 1455 :
1871 1415 2032 1470 quem

459 1492 671 1562 rogavit
718 1491 1077 1562 Epiphanius,
1113 1502 1172 1548 ut
1216 1509 1341 1548 cum
1379 1492 1681 1563 Epiphanio
1713 1491 2035 1561 philosopho

460 1582 703 1637 mitteret
734 1598 803 1637 ex
834 1583 1088 1638 fratribus
1120 1599 1290 1637 unum
1323 1582 1807 1653 Eleutheropolim,
1831 1590 1890 1637 ut
1910 1597 2035 1635 eum

459 1677 747 1747 episcopus
799 1677 997 1732 faceret
1038 1678 1435 1750 presbyterum.
1476 1678 1632 1745 Quod
1682 1681 1846 1732 etiam
1888 1676 1920 1731 f.
1941 1677 2031 1731 cit.

462 1765 528 1822 Et
578 1769 987 1825 I'UI‘SIISiVimUS
1034 1768 1431 1841 Spanbydrion.
1474 1769 1812 1841 Epiphanius
1853 1778 2033 1824 autem

2136 597 2229 633 ποι
2271 578 2422 642 ὄντες
2442 596 2455 608 ·
2486 577 2554 630 τὰ
2581 576 2637 629 δέ
2665 576 2801 647 ἔργα
2835 576 3084 645 φαίνεται
3109 576 3366 648 ἔγκαρπα
3397 576 3555 631 ϐντον
3581 576 3729 629 θέλω

2137 670 2293 736 κάγὼ
2320 668 2574 736 γενέσθαι
2603 666 2697 721 τοῦ
2728 667 3167 737 ἐσταυρωμένον.
3204 662 3371 720 Εἶπεν
3401 666 3457 720 δέ
3494 666 3728 735 Ἐπιφά-

2137 776 2247 823 νιος
2278 758 2353 828 τῷ
2388 758 2693 828 φιλοσόφῳ·
2728 757 2794 808 Τί
2827 756 3150 825 θαυμάζεις.
3178 756 3362 826 φησιν,
3389 747 3435 808 ὦ
3466 755 3729 823 φιλόσοεξε

2138 850 2231 902 ἐπὶ
2264 850 2443 912 τοῦτο,
2479 850 2554 913 ὡς
2604 847 2759 918 ἡμῶν
2813 847 3181 919 ποιησάντωνς
3212 844 3321 898 Οῦο
3366 844 3479 897 ἀλλ’
3515 847 3544 897 6
3595 844 3730 906 Υἱὸς

2138 940 2230 993 τοῦ
2278 940 2412 993 Θεοῦ
2461 940 2607 992 ἐστιν
2639 940 2667 990 6
2703 938 2868 991 ποιῶν
2896 937 2986 990 διὰ
3021 936 3130 990 τῶν
3165 936 3527 990 πιστεύοντων
3573 936 3731 1005 αὐτῷ

2138 1033 2211 1085 τά
2238 1032 2378 1085 καλά
2412 1030 2600 1084 ταῦτα.
2658 1030 2766 1082 Καὶ
2817 1027 2991 1082 ταῦτα
3040 1026 3210 1080 είπὼν
3261 1026 3574 1094 Ἐπιφάνιος
3626 1028 3729 1080 καὶ
3787 1024 3797 1040 ’

2141 1122 2361 1175 πλείονα
2405 1121 2609 1174 τούτων
2639 1120 2716 1188 τῷ
2749 1119 3044 1189 φιλοσόφῳ,
3085 1119 3461 1191 παρεκάλεσεν
3499 1117 3664 1170 αὐτὸν
3693 1121 3727 1171 ὁ

2140 1210 2445 1280 φιλόσοφος,
2471 1212 2618 1274 ὅπως
2648 1209 2808 1262 δώσει
2842 1209 2989 1279 αὐτῷ
3021 1208 3117 1280 τὴν
3152 1210 3211 1261 ἐν
3234 1206 3454 1278 Χριστῷ
3494 1210 3730 1278 σφραγῖ-

2139 1304 2222 1357 δα.
2258 1300 2453 1356 Λαϐὼν
2483 1302 2540 1357 δὲ
2570 1301 2734 1356 αὐτὸν
2765 1301 2859 1354 καὶ
2901 1299 3001 1370 ἐμὲ
3039 1299 3374 1369 Ἑπιφάνιος,
3417 1298 3723 1369 ἐπορεύθη-

2144 1411 2242 1464 μεν
2270 1394 2406 1464 πρὸς
2430 1392 2521 1447 τὸν
2550 1392 2724 1464 μέγαν
2754 1390 3056 1461 Ἰλαρίωνα,
3085 1390 3180 1443 καὶ
3211 1389 3506 1443 ἐϐάπτισεν
3536 1389 3726 1444 αὐτόν.

2141 1486 2251 1540 Καὶ
2276 1487 2611 1557 ἐποιήσαμεν
2639 1486 2696 1538 ἐν
2726 1482 2803 1554 τῷ
2826 1481 3183 1563 εμοναστηρίῳ
3208 1481 3299 1534 τοῦ
3328 1482 3560 1552 μεγάλου
3590 1481 3731 1533 Ἱλα-

2144 1577 2335 1648 ρίωνος
2381 1583 2429 1629 κ’
2471 1576 2705 1647 ἡμέρας.
2755 1573 3133 1646 Παρεκάλεσεν
3177 1571 3235 1625 δέ
3273 1571 3587 1641 Ἑπιφάνιος
3633 1564 3730 1623 τὸν

2146 1669 2318 1739 μέγαν
2366 1667 2646 1738 Ἱλαρίωνα
2692 1664 3008 1719 ἀποστεῖλαι
3075 1662 3212 1734 μετά
3266 1664 3583 1734 Ἐπιφανίου
3629 1661 3730 1714 τοῦ

2145 1762 2238 1813 καὶ
2272 1758 2561 1828 φιλοσόφου
2598 1756 2696 1810 ἕνα
2737 1755 2845 1810 τῶν
2891 1753 3135 1824 ἀδελφῶν
3164 1755 3221 1807 ἐν
3262 1754 3728 1825 Ἑλευθεροπόλει,

461 1873 582 1913 cum
637 1875 829 1915 omnes
871 1860 1193 1915 advocasset
1239 1860 1457 1925 fratres,
1490 1861 1568 1916 sic
1595 1861 1676 1916 eis
1701 1862 1837 1915 dixit
1872 1879 1885 1915 :
1916 1859 2034 1922 Hic,

2148 1853 2286 1915 ὅπως
2326 1851 2542 1922 ποιήσει
2590 1849 2754 1901 αὑτὸν
2789 1849 2819 1899 6
2850 1848 3145 1910 ἐπίσκοπος
3183 1846 3572 1917 πρεσϐύτερον.
3616 1845 3731 1898 Καὶ

460 1951 554 2019 qui
601 1951 702 2005 sibi
744 1944 1039 2021 aliquando
1074 1952 1355 2007 videbatur
1384 1966 1505 2007 esse
1534 1951 1759 2022 aliquid,
1792 1968 1916 2006 cum
1949 1952 2033 2005 ni-

2148 1942 2206 2013 δὴ
2233 1945 2260 1996 6
2292 1942 2463 2012 μέγας
2490 1941 2733 2011 Ἱλαρίων
2762 1939 3016 2008 ἐποίησεν
3046 1938 3240 2002 οὕτως.
3272 1939 3381 1991 Καὶ
3413 1936 3574 1990 πάλιν
3602 1938 3732 1989 ἐπο-

462 2040 538 2094 hil
572 2050 735 2106 esset,
768 2042 987 2097 dicebat
1033 2056 1093 2097 se
1142 2057 1265 2097 esse
1311 2043 1729 2112 philosophum;
1766 2057 1912 2097 nunc
1939 2059 2037 2096 au-

2148 2033 2418 2104 ρεύθημεν
2446 2033 2504 2084 ἐν
2537 2031 2613 2102 τῷ
2652 2024 2997 2102 μοναστηρίῳ
3023 2033 3053 2101 ἡ
3064 2030 3180 2101 μῶν
3202 2029 3280 2100 τῷ
3311 2029 3733 2100 ἐπικαλουμένῳ

459 2138 566 2185 tem
597 2130 651 2183 Di
677 2132 691 2185 i
721 2134 895 2201 gratia
931 2147 1092 2187 verus
1125 2141 1209 2187 est
1260 2131 1437 2188 factus
1475 2133 1858 2202 philosophus;
1894 2133 2035 2203 ipse-

2148 2125 2486 2194 Σπανυδρίῳ.
2524 2125 2584 2176 '0
2658 2119 2747 2176 οῦν
2817 2122 3130 2190 Ἐπιφάνιος
3215 2120 3733 2192 προσκαλεσάμενος

458 2232 565 2290 que
609 2222 870 2291 spiritalis
922 2230 1103 2277 vester
1147 2231 1297 2291 pater
1334 2234 1435 2278 est.
1471 2223 1642 2291 Igitur
1695 2223 2034 2293 Epiphanius

2148 2218 2390 2279 ἅπαντας
2446 2218 2572 2280 τοὺς
2621 2216 2903 2284 ἀδελφοὺς,
2936 2210 3088 2267 εἶπεν
3137 2214 3354 2277 αὐτοῖς’
3392 2209 3581 2277 Οὗτος,
3630 2231 3729 2284 φη·

459 2311 813 2382 philnsophus
842 2328 872 2367 a
906 2313 1017 2369 Deo
1050 2314 1283 2385 gratiam
1318 2327 1400 2369 est
1430 2323 1781 2379 consecutus,
1814 2324 1867 2369 ct
1891 2331 2031 2384 prae-

2148 2310 2248 2370 σὶν,
2278 2310 2306 2362 ὃ
2341 2324 2471 2361 ποτε
2509 2307 2682 2360 δοκῶν
2720 2304 2859 2360 εἶναι
2897 2324 2970 2371 τι,
3004 2305 3168 2376 μηδὲν
3198 2303 3291 2366 ὢν,
3326 2305 3510 2373 ἔλεγεν
3533 2305 3725 2358 ἐαυτὸν

458 2412 577 2458 erat
604 2406 702 2459 toti
739 2405 932 2461 choro.

2148 2401 2453 2469 φιλόσοφον.
2488 2399 2601 2452 Νῦν
2646 2399 2703 2452 δὲ
2754 2400 2934 2469 χάριτι
2983 2398 3220 2470 Χριστοῦ
3261 2398 3476 2465 ἐγένετο
3515 2397 3732 2469 ἀληθῶς

458 2498 786 2570 φιλόσοφος,
836 2502 933 2555 καὶ
981 2500 1081 2571 τῆς
1136 2500 1434 2573 ἱερωσύνης
1481 2499 1815 2571 κατηξιώθη.
1873 2492 2042 2563 Οῦτός
2078 2499 2227 2550 ἐστιν
2274 2497 2303 2547 6
2354 2493 2719 2565 πνευματικὸς
2777 2492 2930 2562 ὑμῶν
2970 2495 3171 2562 πατήρ.
3243 2492 3300 2543 '0
3342 2486 3437 2544 οὖν
3504 2490 3733 2559 Ἐπιφά-

458 2611 590 2658 νιος,
616 2596 645 2647 6
679 2595 774 2650 καὶ
799 2597 827 2651 6
856 2596 1164 2667 φιλόσοφος,
1196 2595 1508 2669 κατηξιώθη
1531 2596 1867 2668 χαρίσματος
1889 2593 2041 2667 παρά
2071 2591 2229 2657 Θεοῦ,
2266 2591 2360 2646 καὶ
2381 2587 2448 2662 ἦν
2471 2590 2771 2661 ἡγούμενος
2803 2586 3002 2650 παντὸς
3029 2585 3123 2639 τοῦ
3155 2585 3335 2657 χοροῦ.

528 2679 723 2739 XXVI.
766 2685 1135 2758 lngredientes
1186 2698 1368 2743 autem
1414 2689 1572 2742 multi
1627 2687 2039 2751 monasterium,

2217 2685 2361 2751 Κςῖο.
2405 2680 2621 2736 Πολλῶν
2656 2676 2749 2733 οὖν
2794 2675 3193 2750 είσερχομένων
3228 2676 3288 2728 ἐν
3333 2675 3407 2745 τῷ
3457 2691 3731 2746 μοναστη-

460 2789 570 2829 non
599 2775 853 2831 sinebant
878 2778 1159 2847 quiescere
1188 2778 1572 2848 Epiphanium.
1605 2777 1742 2833 Cum
1776 2779 1957 2849 itaque
1984 2778 2039 2833 in

2148 2775 2265 2848 ρίῳ,
2302 2776 2403 2828 οὐκ
2435 2773 2562 2826 εἴων
2611 2772 2841 2844 ἠρεμεῖν
2873 2770 2964 2823 τὸν
3006 2767 3344 2837 Ἐπιφάνιον.
3379 2766 3490 2819 Καὶ
3515 2765 3580 2835 δὴ
3607 2781 3732 2818 cxs-

460 2865 646 2919 animo
680 2865 904 2921 haberet
948 2867 1125 2922 locum
1158 2868 1482 2937 relinquere,
1518 2867 1787 2938 proficisci
1816 2882 1944 2923 vero
1974 2868 2029 2923 in

2148 2868 2385 2938 ψάμενος
2416 2863 2735 2918 καταλιπεῖν
2762 2862 2853 2915 τὸν
2885 2862 3071 2924 τόπον,
3103 2857 3433 2931 πορεύεσθαι
3462 2858 3519 2910 δὲ
3546 2858 3638 2910 ἐπὶ
3665 2857 3734 2910 τὰ

460 2966 641 3025 partes
688 2955 926 3030 Egypti,
958 2958 1096 3013 dixit
1140 2959 1274 3014 mihi
1310 2978 1324 3014 :
1359 2958 1597 3030 Sequere
1632 2976 1738 3027 me,
1786 2960 1881 3016 lili.
1924 2959 2036 3032 Ego

2148 2958 2282 3030 μέρη
2317 2956 2614 3024 Αἰγύπτου,
2650 2952 2802 3008 εἶπεν
2857 2954 2993 3025 πρὸς
3047 2951 3114 3022 μέ
3146 2966 3160 2979 °
3188 2951 3411 3016 Τέκνον,
3451 2948 3734 3003 ἀκολούθει

461 3061 592 3102 vero
630 3047 741 3103 dixi
800 3051 849 3104 ei
884 3073 896 3104 ε
931 3048 1142 3121 Sequar
1190 3056 1263 3114 te,
1298 3064 1625 3120 quocunque
1670 3049 1821 3115 ieris,
1851 3048 2030 3105 Pater.

2148 3065 2253 3119 μοι.
2303 3043 2470 3101 Εἶπον
2512 3047 2570 3102 δὲ
2616 3046 2754 3119 πρὸς
2798 3044 2992 3099 αὐτόν·
3034 3042 3408 3113 Ἀκολουθήσω
3453 3058 3536 3095 σοι
3597 3042 3734 3094 ὅπου

460 3138 600 3193 Cum
648 3154 839 3196 omnes
875 3150 1057 3195 autem
1102 3138 1298 3196 fratres
1346 3141 1687 3205 advocasset,
1722 3149 1776 3196 οι
1806 3143 1885 3196 εἰς
1922 3142 2041 3197 vale

2148 3138 2212 3193 ἂν
2269 3137 2510 3211 ἀπέρχῃ,
2560 3136 2763 3206 Πάτερ.
2814 3133 3333 3205 Προσκαλεσάμενος
3381 3131 3438 3185 δέ
3488 3130 3734 3194 ἅπαντας

461 3230 717 3293 dixisset,
739 3230 874 3285 dixit
901 3245 915 3284 :
945 3228 1116 3297 Vado,
1145 3245 1178 3287 ο
1224 3231 1341 3296 filii,
1373 3231 1440 3287 ad
1497 3232 1791 3287 videndum
1846 3231 2042 3288 fratres

454 3321 551 3390 ,qui
606 3330 735 3377 sunt
779 3322 834 3376 in
880 3324 1216 3379 monasterio
1259 3323 1443 3394 magni
1485 3322 1796 3381 Hilarionis.
1835 3323 1969 3379 Cum
2003 3325 2040 3380 ii

462 3423 645 3470 autem
695 3415 1092 3473 intellexissent
1141 3433 1267 3473 eum
1319 3417 1783 3483 velle-recedere,
1824 3426 2043 3489 propter

463 3519 714 3573 magnam
757 3505 1061 3561 molestiam
1098 3520 1290 3562 eorum
1347 3490 1439 3578 qui
1471 3505 1819 3572 accedebant,
1851 3522 2041 3563 omnes

463 3593 717 3665 cadentes
752 3594 806 3649 in
831 3593 1050 3657 faciem.
1076 3610 1201 3652 cum
1237 3594 1362 3652 ﬂetu
1391 3604 1447 3651 et
1474 3597 1692 3666 planctu
1718 3610 1842 3651 eum
1875 3612 2040 3669 roga-

464 3684 594 3738 bant
618 3701 683 3739 ne
715 3687 906 3741 exiret.
938 3686 1275 3757 Epiphanius
1318 3703 1450 3742 vero
1485 3688 1601 3757 ipse
1628 3702 1870 3758 quoiue,
1921 3704 2038 3743 ma-

465 3790 570 3843 gna
597 3774 792 3829 ductus
842 3775 1235 3842 misericordia,
1284 3776 1558 3846 persuasit
1605 3776 1706 3842 eis,
1735 3776 1921 3848 dicens
1985 3788 2046 3832 se

467 3878 575 3917 non
623 3878 743 3920 esse
793 3864 1025 3934 amplius
1064 3881 1433 3922 recessurum.
1470 3866 1606 3922 Cum
1639 3866 1826 3922 decem
1862 3875 2044 3921 autem

467 3955 584 4009 dies
617 3956 1023 4027 praeteriissent,
1046 3958 1257 4028 accepit
1283 3973 1370 4013 me
1398 3967 1586 4023 noctu,
1614 3958 1929 4029 egressique
1953 3973 2047 4013 su-

469 4062 613 4108 mns,
644 4054 699 4099 et
732 4046 933 4101 ivimus
976 4046 1430 4121 Hierosolymam,
1463 4058 1819 4118 nostramque
1873 4048 2043 4103 vitam

470 4135 841 4200 adoravimus,
887 4151 1081 4206 nempe
1119 4138 1484 4194 venerandam
1541 4136 1756 4193 Domini
1804 4152 2043 4194 erucem.

471 4225 806 4297 Fuimusque
839 4229 892 4282 in
917 4228 1155 4296 civitate,
1190 4230 1309 4285 loca
1341 4230 1605 4284 obeuntes
1630 4238 1684 4283 et
1712 4236 1932 4283 orantes
1958 4243 2046 4283 se-

469 4317 648 4374 decim
700 4320 837 4376 dies.
871 4318 1121 4392 Cumque
1165 4336 1266 4377 nos
1309 4321 1691 4392 egrederemur
1726 4336 1756 4374 e
1809 4320 2051 4393 civitate,

473 4419 531 4463 ut
556 4408 888 4481 [veniremus
900 4397 1128 4481 Joppen,
1147 4411 1226 4483 et]
1242 4413 1625 4482 navigaremus
1650 4413 1704 4466 in
1728 4410 2021 4483 Egyptum
2033 4454 2047 4476 ,

2146 3231 2273 3293 τοὺς
2323 3229 2608 3298 ἀδελφοὺς,
2638 3228 2731 3280 καί¹
2766 3226 3170 3296 συνταξάμενος
3218 3222 3423 3288 αὐτοῖς,
3454 3221 3551 3293 τὴν
3596 3222 3735 3276 ἀπώ-

2147 3338 2330 3393 κρισιν
2365 3320 2560 3392 ἔφερεν
2604 3320 2787 3382 αὐτοῖς
2829 3317 3004 3387 λέγων
3050 3318 3168 3371 ὅτι·
3212 3315 3544 3387 Πορεύομαι,
3576 3313 3733 3384 φησὶ,

2146 3412 2335 3477 τέκνα,
2355 3413 2434 3475 είς
2461 3410 2749 3480 ἐπίσκεψιν
2775 3409 2884 3463 τῶν
2912 3408 3157 3477 ἀδελφῶν
3187 3408 3244 3460 ἐν
3276 3405 3353 3477 τῷ
3384 3403 3735 3477 μοναστηρίῳ

2146 3505 2240 3558 τοῦ
2272 3503 2505 3575 μεγάλου
2539 3503 2862 3575 Ἰλαρίωνος.
2896 3501 3019 3554 Τῶν
3049 3501 3105 3554 δέ
3130 3499 3438 3571 νοησάντων
3494 3498 3576 3551 ὅτι
3603 3498 3736 3552 ἀνα-

2148 3596 2348 3666 χωρεῖν
2383 3592 2652 3664 βούλεται,
2681 3593 2771 3646 διὰ
2812 3590 2911 3662 τὴν
2942 3589 3139 3661 πολλὴν
3169 3589 3390 3660 ὄχλησιν
3423 3588 3533 3641 τῶν
3556 3604 3737 3658 παρα-

2149 3684 2476 3755 γενομένων,
2509 3685 2558 3736 οἱ
2596 3682 2795 3745 πάντες
2831 3680 3092 3743 πεσόντες
3124 3680 3215 3732 ἐπὶ
3249 3678 3561 3750 πρόσωπον,
3598 3677 3737 3747 μετὰ

2150 3774 2348 3829 πολλοῦ
2374 3772 2656 3846 κλαυθμοῦ
2684 3773 2776 3826 καὶ
2809 3771 3045 3847 ὀδυρμοῦ
3062 3766 3417 3840 παρεκάλουν
3444 3770 3534 3823 τὸν
3581 3768 3736 3821 Ἐπι-

2151 3868 2363 3937 φάνιον,
2394 3866 2534 3919 ὥστε
2591 3866 2666 3937 μὴ
2719 3862 2977 3930 ἐξελθεῖν.
3015 3860 3122 3916 Τοῦ
3174 3861 3230 3914 δὲ
3275 3861 3594 3929 Ἐπιφανίου
3640 3859 3737 3911 καὶ

2151 3957 2316 4012 αὑτοῦ
2346 3959 2426 4021 είς
2460 3957 2627 4010 πολὺν
2649 3952 2832 4009 οἷκτον
2854 3953 3120 4019 ἐλθόντος,
3154 3951 3377 4006 ἔπεισεν
3403 3942 3622 4014 αὖτοὺς,
3650 3947 3739 4002 λέ-

2152 4065 2264 4117 γων
2313 4046 2511 4120 μηκέτι
2561 4046 2885 4117 ἀναχωρεῖν.
2924 4044 3015 4114 Μὴ
3051 4043 3393 4114 ποιησάντων
3429 4042 3483 4095 δὲ
3515 4039 3671 4112 ἡμῶν
3708 4046 3737 4093 ι’

2152 4137 2615 4211 ὴμέρας,έλαϐέν
2662 4153 2729 4208 με
2755 4137 2970 4202 νυκτὸς,
3004 4136 3098 4188 καὶ
3132 4134 3449 4206 ἐξήλθομεν,
3479 4134 3575 4185 καὶ
3605 4134 3737 4184 ἐπο-

2158 4225 2428 4298 ρεύθημεν
2475 4226 2531 4277 ἐν
2567 4224 2983 4297 Ἰεροσολύμοις,
3013 4225 3108 4278 καὶ
3135 4224 3618 4295 προσεκυνήσαμεν
3639 4221 3739 4292 τὴν

2156 4315 2300 4386 ζωὴν
2321 4314 2498 4386 ἡμῶν,
2514 4315 2604 4368 τὸν
2623 4315 2802 4385 τίμιον
2833 4316 3066 4386 σταυρὸν
3092 4314 3185 4368 τοῦ
3211 4315 3483 4375 Δεσπότου
3509 4331 3522 4346 ~
3549 4313 3740 4383 ἐποιή-

2158 4424 2331 4478 σαμεν
2362 4407 2420 4459 δὲ
2468 4410 2525 4460 ἐν
2569 4410 2637 4476 τῇ
2680 4407 2856 4470 πόλει,
2900 4407 3238 4479 διερχόμενοι
3267 4406 3392 4469 τοὺς
3421 4406 3619 4467 τόπους
3645 4405 3741 4457 καὶ

472 4498 717 4552 occurrit
750 4498 909 4553 nobis
950 4500 1194 4569 quaedam
1245 4501 1442 4555 mulier
1472 4502 1686 4562 insana,
1713 4511 1774 4554 ut
1800 4515 1920 4568 qua:
1959 4516 2042 4556 ve-

2154 4499 2453 4569 εὐχόμενοι,
2491 4505 2564 4563 ις’
2607 4500 2858 4570 ἡμέρας·
2911 4500 3006 4552 καὶ
3053 4499 3118 4569 δὴ
3163 4497 3536 4570 ἐξερχόμενων
3582 4495 3741 4566 ήμῶν

473 4599 696 4646 xaretur
740 4608 769 4645 a
817 4593 1011 4662 spiritu
1056 4593 1359 4648 immundo.
1394 4592 1514 4663 Ipsa
1548 4602 1724 4648 autem
1762 4608 1884 4648 cum
1917 4591 2045 4662 Epi-

474 4680 659 4749 phanii
685 4682 985 4750 accepisset
1014 4681 1327 4751 diploidem,
1357 4696 1477 4737 eam
1526 4681 1862 4745 dilaceravit,
1895 4690 1950 4736 et
1982 4698 2050 4737 ex

471 4786 534 4826 ca
563 4771 696 4827 exiit
732 4771 1049 4828 immundus
1095 4773 1342 4843 spiritus.
1374 4772 1508 4839 Quae
1539 4773 1827 4843 procidens
1854 4774 1920 4828 ad
1955 4788 2048 4841 pe-

470 4865 567 4919 des
592 4863 903 4935 Epiphanii,
936 4881 1060 4920 eum
1089 4866 1331 4936 rogabat,
1351 4867 1538 4922 dicens
1565 4884 1578 4919 :
1608 4865 1866 4936 Ignoscas
1891 4865 2046 4932 mihi,

469 4953 649 5021 Pater,
677 4964 731 5010 et
758 4971 827 5012 ne
861 4971 1205 5012 succenseas.
1229 4956 1281 5013 ls
1309 4966 1488 5013 autem
1514 4958 1650 5012 dixit
1672 4962 1728 5013 et
1753 4977 1767 5012 :
1796 4956 2050 5013 Vnde‘sa-

470 5061 539 5100 na
568 5047 623 5101 in
657 5046 881 5102 domum
918 5057 1090 5102 tuam.
1123 5046 1335 5118 Ruptus
1361 5048 1506 5102 enim
1539 5057 1657 5112 est;
1676 5049 1770 5118 qui
1801 5059 1854 5103 te
1892 5064 2069 5119 rupe-'

474 5149 576 5195 rat.
608 5137 674 5193 Et
704 5140 801 5194 ivit
830 5140 1024 5194 mulier
1061 5139 1116 5194 in
1152 5156 1304 5209 pace.
1345 5140 1411 5195 Et
1452 5156 1579 5196 cum
1609 5156 1707 5196 nos
1737 5142 2051 5199 descendis-

472 5243 655 5283 scmus
699 5229 752 5282 in
797 5228 1027 5301 JOppen,
1061 5229 1371 5284 invenimus
1400 5245 1593 5285 navem
1628 5241 1896 5299 paratam,
1927 5247 2049 5300 quae

472 5318 689 5373 volebat
714 5319 794 5373 ire
819 5320 1225 5376 Alexandriam.
1262 5320 1510 5391 Cumque
1541 5323 1955 5392 navigassemus
1982 5325 2051 5378 ab

472 5406 668 5476 Joppe,
698 5416 821 5475 post
846 5420 958 5465 tres
986 5411 1105 5466 dies
1137 5412 1367 5478 ingressi
1410 5427 1607 5467 sumus
1639 5412 2048 5467 Alexandriam.

477 5496 644 5551 Nobis
669 5508 852 5551 autem
895 5516 1033 5556 nave
1059 5505 1317 5571 egressis,
1350 5498 1404 5557 ἁ
1452 5494 1884 5574 ingredientibus
1918 5504 2052 5559 civi-

476 5595 667 5644 tatem,
692 5593 931 5643 occurrit
956 5590 1178 5659 quidam
1210 5590 1452 5660 Judazus,
1485 5595 1711 5648 nomine
1740 5588 1953 5663 Aquila;
1980 5596 2052 5648 ie—

478 5673 772 5743 gisperitus
804 5690 865 5731 ac
888 5680 1165 5748 magister.
1194 5681 1371 5750 Coepit
1401 5700 1529 5739 virro
1559 5683 1896 5755 Epiphanius
1918 5702 2054 5755 quo-

476 5776 581 5832 quc
608 5776 729 5815 cum
760 5778 823 5816 co
852 5769 917 5822 de
947 5770 1062 5836 lege
1083 5770 1350 5823 disserere
1387 5771 1523 5829 Toto
1552 5793 1680 5844 ergo
1709 5775 1800 5831 illo
1823 5776 1907 5831 die
1937 5778 2053 5847 plu,-

2152 4591 2263 4645 ἀπὸ
2308 4592 2408 4661 τῆς
2454 4591 2683 4656 πόλεως,
2712 4592 2861 4655 ὅπως
2889 4590 3323 4661 ἀποπλεύσωμεν
3350 4593 3408 4643 ἐν
3442 4588 3734 4658 Αἰγύπτῳ,

2154 4683 2467 4751 ἀπήντησεν
2496 4684 2629 4752 ἡμῖν
2670 4684 2803 4753 γυνή
2837 4700 2942 4748 τις,
2980 4682 3278 4753 μαινομένη
3309 4681 3416 4733 ὑπὸ
3442 4680 3555 4732 τοῦ·
3577 4680 3742 4732 πνεύ-

2158 4789 2325 4843 ματος
2356 4772 2691 4844 ἀκαθάρτου.
2717 4772 2866 4843 Αὕτη
2888 4772 3160 4844 λαϐομένη
3191 4775 3288 4843 τῆς
3310 4771 3742 4834 διπλοΐδοςίἰπι-

2155 4866 2368 4933 φανίου,
2417 4865 2701 4937 διέρρηξεν
2750 4865 2950 4937 αὑτήν·
3011 4867 3104 4919 καὶ
3152 4864 3357 4927 εὐθέως
3400 4862 3621 4933 ἐξῆλθεν
3678 4862 3743 4916 τὸ

2154 4956 2461 5027 ἀκάθαρτον
2490 4956 2709 5028 πνεῦμα
2739 4958 2833 5011 ἀπ’
2862 4958 3132 5027 αὑτῆς.Ἦ
3151 4956 3207 5010 δὲ
3240 4956 3481 5010 πεσοῦσα
3511 4957 3591 5018 εἰς
3614 4955 3742 5018 τοὺς

2156 5047 2321 5109 πόδας
2367 5047 2703 5116 Ἐπιιρανίου,
2735 5048 3035 5119 παρεκάλει
3066 5048 3300 5115 λέγουσα
3323 5062 3338 5078 ⁸
3373 5045 3739 5116 Συγχώρησόν

2158 5155 2269 5209 μοι,
2314 5139 2517 5211 Πάτερ.
2565 5140 2660 5192 καὶ
2710 5139 2784 5210 μὴ
2835 5136 3076 5210 όργίζου.
3111 5135 3277 5192 Εἶπεν
3322 5139 3378 5192 δέ
3425 5138 3742 5206 Ἐπιφάνιος

2155 5232 2291 5303 πρὸς
2310 5233 2409 5303 τὴν
2436 5234 2667 5300 γυναῖκα
2686 5249 2699 5262 '
2724 5231 2919 5297 Βάδιζε
2947 5233 3264 5302 ὑγιαίνουσα
3289 5233 3346 5284 ἐν
3374 5230 3453 5301 τῷ
3481 5229 3554 5300 σῷ
3582 5230 3737 5298 οἴκῳ·

2153 5324 2182 5374 ὁ
2220 5322 2328 5394 τὰρ
2376 5323 2545 5393 ῥήξας
2588 5323 2834 5395 ἐρράγη.
2888 5325 3002 5377 Καὶ
3047 5322 3316 5393 ἐπορεύθη
3346 5321 3539 5392 ὴγυνὴ
3573 5323 3629 5373 ἐν
3661 5319 3742 5390 τῷ

2154 5414 2287 5485 οίκῳ
2321 5415 2513 5484 αὐτῆς.
2549 5415 2935 5469 Κατελθόντων
2968 5415 3025 5468 δὲ
3055 5414 3212 5485 ἡμῶν
3250 5416 3329 5477 εἰς
3371 5413 3615 5483 Ἰόππην.
3644 5410 3739 5464 εὔ-

2160 5522 2324 5576 ρομεν
2350 5506 2567 5577 ἕτοιμον
2584 5506 2768 5559 πλοῖον
2787 5506 3108 5576 βουλόμενον
3132 5503 3460 5576 πορεύεσθαι
3492 5506 3570 5566 είς
3586 5503 3740 5557 Ἀλε-

2157 5597 2456 5669 ξάνδρειαν.
2476 5597 2832 5663 Ἐξελθόντων
2877 5598 2935 5651 δὲ
2972 5599 3127 5668 ἡμῶν
3166 5597 3274 5650 ἀπὸ
3302 5597 3421 5650 τοῦ
3436 5596 3619 5649 πλοίου
3645 5593 3743 5650 καὶ

2160 5688 2509 5741 εἰσελθόντων
2537 5691 2595 5741 ἐν
2630 5692 2695 5759 τῇ
2746 5689 2919 5750 πόλει,
2958 5689 3270 5759 ἀπήντησεν
3292 5690 3425 5759 ἡμῖν
3467 5685 3737 5750 Ἰουδαῖος,

2156 5778 2372 5846 ὀνόματι
2412 5778 2664 5841 Ἀκύλας,
2698 5778 3168 5847 νομοδιδάσκαλος,
3210 5778 3316 5831 Καὶ
3344 5777 3545 5847 ἤρξατο
3591 5776 3740 5829 Ἐπιο
