  <div class='ocr_page' id='page_1' title='image "/cluster/home/n/w/nwhite01/storage/ocr_20150623/41:no.1/coo.31924054869387/036.png"; bbox 0 0 4058 6436; ppageno 0'>
   <div class='ocr_carea' id='block_1_1' title="bbox 322 367 3585 436">
    <p class='ocr_par' dir='ltr' id='par_1_1' title="bbox 322 367 3585 436">
     <span class='ocr_line' id='line_1_1' title="bbox 322 367 3585 436; baseline 0.005 -18"><span class='ocrx_word' id='word_1_1' title='bbox 322 372 395 432; x_wconf 59' lang='lat' dir='ltr'><strong>m</strong></span> <span class='ocrx_word' id='word_1_2' title='bbox 1626 371 1682 425; x_wconf 89' lang='lat' dir='ltr'><strong>s.</strong></span> <span class='ocrx_word' id='word_1_3' title='bbox 1730 367 2069 426; x_wconf 73' lang='lat' dir='ltr'><strong>EPIPIIANII</strong></span> <span class='ocrx_word' id='word_1_4' title='bbox 2114 369 2295 427; x_wconf 63' lang='lat' dir='ltr'><strong>vna.</strong></span> <span class='ocrx_word' id='word_1_5' title='bbox 3511 374 3585 436; x_wconf 73' lang='grc' dir='ltr'>δε</span> 
     </span>
    </p>
   </div>
   <div class='ocr_carea' id='block_1_2' title="bbox 304 490 1937 565">
    <p class='ocr_par' dir='ltr' id='par_1_2' title="bbox 304 491 1912 565">
     <span class='ocr_line' id='line_1_2' title="bbox 304 491 1912 565; baseline -0.001 -20"><span class='ocrx_word' id='word_1_6' title='bbox 304 495 514 565; x_wconf 76' lang='grc' dir='ltr'>.φάνιος</span> <span class='ocrx_word' id='word_1_7' title='bbox 554 494 651 546; x_wconf 70' lang='grc' dir='ltr'><strong>καὶ</strong></span> <span class='ocrx_word' id='word_1_8' title='bbox 696 493 861 557; x_wconf 74' lang='grc' dir='ltr'>αὐτὸς</span> <span class='ocrx_word' id='word_1_9' title='bbox 909 493 1017 546; x_wconf 67' lang='grc' dir='ltr'><strong>ἀπὸ</strong></span> <span class='ocrx_word' id='word_1_10' title='bbox 1063 492 1158 546; x_wconf 78' lang='grc' dir='ltr'>τοῦ</span> <span class='ocrx_word' id='word_1_11' title='bbox 1206 493 1369 563; x_wconf 77' lang='grc' dir='ltr'>νόμον</span> <span class='ocrx_word' id='word_1_12' title='bbox 1402 492 1744 561; x_wconf 73' lang='grc' dir='ltr'>διαλέγεεθαι</span> <span class='ocrx_word' id='word_1_13' title='bbox 1775 491 1912 564; x_wconf 75' lang='grc' dir='ltr'>πρὸς</span> 
     </span>
    </p>
   </div>
   <div class='ocr_carea' id='block_1_3' title="bbox 2039 490 3588 565">
    <p class='ocr_par' dir='ltr' id='par_1_3' title="bbox 2042 490 3588 564">
     <span class='ocr_line' id='line_1_3' title="bbox 2042 490 3588 564; baseline 0.003 -18"><span class='ocrx_word' id='word_1_14' title='bbox 2042 493 2211 547; x_wconf 87' lang='lat' dir='ltr'><strong>imum</strong></span> <span class='ocrx_word' id='word_1_15' title='bbox 2256 491 2670 548; x_wconf 80' lang='lat' dir='ltr'><strong>contenderunt.</strong></span> <span class='ocrx_word' id='word_1_16' title='bbox 2709 490 3031 563; x_wconf 76' lang='lat' dir='ltr'><strong>Rursusque</strong></span> <span class='ocrx_word' id='word_1_17' title='bbox 3064 492 3151 549; x_wconf 90' lang='lat' dir='ltr'><strong>die</strong></span> <span class='ocrx_word' id='word_1_18' title='bbox 3178 495 3426 564; x_wconf 87' lang='lat' dir='ltr'><strong>sequenti</strong></span> <span class='ocrx_word' id='word_1_19' title='bbox 3462 510 3588 550; x_wconf 88' lang='lat' dir='ltr'><strong>cum</strong></span> 
     </span>
    </p>
   </div>
   <div class='ocr_carea' id='block_1_4' title="bbox 328 579 1914 656">
    <p class='ocr_par' dir='ltr' id='par_1_4' title="bbox 328 579 1914 656">
     <span class='ocr_line' id='line_1_4' title="bbox 328 579 1914 656; baseline -0.002 -18"><span class='ocrx_word' id='word_1_20' title='bbox 328 583 820 656; x_wconf 74' lang='grc' dir='ltr'>αὖτοὺς.Ἐμειναν</span> <span class='ocrx_word' id='word_1_21' title='bbox 850 579 944 639; x_wconf 79' lang='grc' dir='ltr'><strong>οὖν</strong></span> <span class='ocrx_word' id='word_1_22' title='bbox 979 584 1036 636; x_wconf 79' lang='grc' dir='ltr'>ὲν</span> <span class='ocrx_word' id='word_1_23' title='bbox 1065 582 1230 653; x_wconf 82' lang='grc' dir='ltr'>πολλῇ</span> <span class='ocrx_word' id='word_1_24' title='bbox 1267 582 1569 653; x_wconf 77' lang='grc' dir='ltr'>φιλονεικίᾳ</span> <span class='ocrx_word' id='word_1_25' title='bbox 1600 584 1657 635; x_wconf 79' lang='grc' dir='ltr'>ἐν</span> <span class='ocrx_word' id='word_1_26' title='bbox 1685 585 1750 653; x_wconf 80' lang='grc' dir='ltr'>τῇ</span> <span class='ocrx_word' id='word_1_27' title='bbox 1776 583 1914 653; x_wconf 74' lang='grc' dir='ltr'><strong>ἠμέ-</strong></span> 
     </span>
    </p>
   </div>
   <div class='ocr_carea' id='block_1_5' title="bbox 331 673 1914 747">
    <p class='ocr_par' dir='ltr' id='par_1_5' title="bbox 331 673 1914 747">
     <span class='ocr_line' id='line_1_5' title="bbox 331 673 1914 747; baseline -0.002 -18"><span class='ocrx_word' id='word_1_28' title='bbox 331 692 404 747; x_wconf 57' lang='lat' dir='ltr'><strong>pa</strong></span> <span class='ocrx_word' id='word_1_29' title='bbox 430 675 633 747; x_wconf 73' lang='grc' dir='ltr'>ἐκείνῃ.</span> <span class='ocrx_word' id='word_1_30' title='bbox 666 676 776 729; x_wconf 80' lang='lat' dir='ltr'><strong>Kal.</strong></span> <span class='ocrx_word' id='word_1_31' title='bbox 798 678 866 747; x_wconf 74' lang='grc' dir='ltr'>τῇ</span> <span class='ocrx_word' id='word_1_32' title='bbox 895 675 1153 747; x_wconf 72' lang='grc' dir='ltr'>ἐπαύριον</span> <span class='ocrx_word' id='word_1_33' title='bbox 1186 675 1278 728; x_wconf 77' lang='grc' dir='ltr'><strong>ἐπὶ</strong></span> <span class='ocrx_word' id='word_1_34' title='bbox 1322 676 1612 745; x_wconf 70' lang='grc' dir='ltr'><strong>συντυχίαν</strong></span> <span class='ocrx_word' id='word_1_35' title='bbox 1640 673 1802 727; x_wconf 88' lang='grc' dir='ltr'>πάλιν</span> <span class='ocrx_word' id='word_1_36' title='bbox 1827 674 1914 728; x_wconf 75' lang='grc' dir='ltr'><strong>ἐλ-</strong></span> 
     </span>
    </p>
   </div>
   <div class='ocr_carea' id='block_1_6' title="bbox 330 765 1915 837">
    <p class='ocr_par' dir='ltr' id='par_1_6' title="bbox 330 765 1915 837">
     <span class='ocr_line' id='line_1_6' title="bbox 330 765 1915 837; baseline -0.002 -17"><span class='ocrx_word' id='word_1_37' title='bbox 330 766 537 829; x_wconf 79' lang='grc' dir='ltr'>θόντες.</span> <span class='ocrx_word' id='word_1_38' title='bbox 566 767 848 821; x_wconf 85' lang='grc' dir='ltr'>διάλεκτον</span> <span class='ocrx_word' id='word_1_39' title='bbox 899 767 1161 837; x_wconf 74' lang='grc' dir='ltr'>ἐποίησαν</span> <span class='ocrx_word' id='word_1_40' title='bbox 1210 765 1346 837; x_wconf 79' lang='grc' dir='ltr'>πρὸς</span> <span class='ocrx_word' id='word_1_41' title='bbox 1389 765 1645 828; x_wconf 78' lang='grc' dir='ltr'>ἑαυτούς’</span> <span class='ocrx_word' id='word_1_42' title='bbox 1696 766 1770 829; x_wconf 86' lang='grc' dir='ltr'>ὼς</span> <span class='ocrx_word' id='word_1_43' title='bbox 1820 765 1915 818; x_wconf 75' lang='grc' dir='ltr'>καὶ</span> 
     </span>
    </p>
   </div>
   <div class='ocr_carea' id='block_1_7' title="bbox 331 859 1915 932">
    <p class='ocr_par' dir='ltr' id='par_1_7' title="bbox 331 859 1915 932">
     <span class='ocr_line' id='line_1_7' title="bbox 331 859 1915 932; baseline 0.001 -21"><span class='ocrx_word' id='word_1_44' title='bbox 331 860 575 924; x_wconf 71' lang='grc' dir='ltr'>πεισθεὶς</span> <span class='ocrx_word' id='word_1_45' title='bbox 602 862 632 913; x_wconf 82' lang='grc' dir='ltr'>ὁ</span> <span class='ocrx_word' id='word_1_46' title='bbox 674 859 905 924; x_wconf 78' lang='grc' dir='ltr'><strong>Ἀκύλας</strong></span> <span class='ocrx_word' id='word_1_47' title='bbox 929 864 993 931; x_wconf 72' lang='grc' dir='ltr'>τῇ</span> <span class='ocrx_word' id='word_1_48' title='bbox 1024 860 1291 932; x_wconf 68' lang='grc' dir='ltr'><strong>ἑρμηνείᾳ⁵</strong></span> <span class='ocrx_word' id='word_1_49' title='bbox 1331 860 1672 929; x_wconf 80' lang='grc' dir='ltr'>Ἐπιφανίου,</span> <span class='ocrx_word' id='word_1_50' title='bbox 1717 860 1915 930; x_wconf 77' lang='grc' dir='ltr'>ἐπόθη-</span> 
     </span>
    </p>
   </div>
   <div class='ocr_carea' id='block_1_8' title="bbox 332 938 1916 1024">
    <p class='ocr_par' dir='ltr' id='par_1_8' title="bbox 332 938 1916 1024">
     <span class='ocr_line' id='line_1_8' title="bbox 332 938 1916 1024; baseline 0.001 -20"><span class='ocrx_word' id='word_1_51' title='bbox 332 968 426 1005; x_wconf 86' lang='grc' dir='ltr'><strong>σεν</strong></span> <span class='ocrx_word' id='word_1_52' title='bbox 454 951 547 1004; x_wconf 78' lang='grc' dir='ltr'>τοῦ</span> <span class='ocrx_word' id='word_1_53' title='bbox 581 952 832 1021; x_wconf 80' lang='grc' dir='ltr'>γενέσθαι</span> <span class='ocrx_word' id='word_1_54' title='bbox 863 952 1202 1024; x_wconf 85' lang='grc' dir='ltr'>Χριστιανός.</span> <span class='ocrx_word' id='word_1_55' title='bbox 1221 953 1278 1005; x_wconf 85' lang='grc'><strong>’0</strong></span> <span class='ocrx_word' id='word_1_56' title='bbox 1306 949 1398 1007; x_wconf 76' lang='grc' dir='ltr'>οὖν</span> <span class='ocrx_word' id='word_1_57' title='bbox 1441 938 1753 1021; x_wconf 69' lang='grc' dir='ltr'>Ἐπιφάνιος</span> <span class='ocrx_word' id='word_1_58' title='bbox 1781 970 1916 1024; x_wconf 86' lang='grc' dir='ltr'>προ-</span> 
     </span>
    </p>
   </div>
   <div class='ocr_carea' id='block_1_9' title="bbox 330 1043 1917 1116">
    <p class='ocr_par' dir='ltr' id='par_1_9' title="bbox 330 1043 1917 1116">
     <span class='ocr_line' id='line_1_9' title="bbox 330 1043 1917 1116; baseline 0 -19"><span class='ocrx_word' id='word_1_59' title='bbox 330 1043 472 1097; x_wconf 86' lang='grc' dir='ltr'>νοῶν</span> <span class='ocrx_word' id='word_1_60' title='bbox 502 1043 707 1114; x_wconf 73' lang='grc' dir='ltr'>ήγαγεν</span> <span class='ocrx_word' id='word_1_61' title='bbox 732 1045 892 1099; x_wconf 76' lang='grc' dir='ltr'>αὑτὸν</span> <span class='ocrx_word' id='word_1_62' title='bbox 927 1043 1231 1116; x_wconf 82' lang='grc' dir='ltr'>Ἀθανασίῳ</span> <span class='ocrx_word' id='word_1_63' title='bbox 1263 1044 1341 1115; x_wconf 80' lang='grc' dir='ltr'>τῷ</span> <span class='ocrx_word' id='word_1_64' title='bbox 1372 1045 1593 1116; x_wconf 72' lang='grc' dir='ltr'>πάππα,</span> <span class='ocrx_word' id='word_1_65' title='bbox 1622 1047 1714 1099; x_wconf 71' lang='grc' dir='ltr'><strong>καὶ</strong></span> <span class='ocrx_word' id='word_1_66' title='bbox 1758 1047 1917 1115; x_wconf 74' lang='grc' dir='ltr'>ἡμεῖς</span> 
     </span>
    </p>
   </div>
   <div class='ocr_carea' id='block_1_10' title="bbox 332 1120 1917 1209">
    <p class='ocr_par' dir='ltr' id='par_1_10' title="bbox 332 1120 1917 1209">
     <span class='ocr_line' id='line_1_10' title="bbox 332 1120 1917 1209; baseline -0.001 -18"><span class='ocrx_word' id='word_1_67' title='bbox 332 1136 633 1209; x_wconf 73' lang='grc' dir='ltr'>ἐξήλθομεν</span> <span class='ocrx_word' id='word_1_68' title='bbox 678 1135 786 1190; x_wconf 81' lang='grc' dir='ltr'>ἀπὸ</span> <span class='ocrx_word' id='word_1_69' title='bbox 824 1137 920 1207; x_wconf 81' lang='grc' dir='ltr'><strong>τῆς</strong></span> <span class='ocrx_word' id='word_1_70' title='bbox 968 1136 1176 1201; x_wconf 83' lang='grc' dir='ltr'>πόλεως</span> <span class='ocrx_word' id='word_1_71' title='bbox 1217 1136 1641 1208; x_wconf 79' lang='grc' dir='ltr'><strong>Ἀλεξανδρείας.</strong></span> <span class='ocrx_word' id='word_1_72' title='bbox 1683 1120 1917 1208; x_wconf 86' lang='grc' dir='ltr'>Πορευο-</span> 
     </span>
    </p>
   </div>
   <div class='ocr_carea' id='block_1_11' title="bbox 337 1226 1919 1300">
    <p class='ocr_par' dir='ltr' id='par_1_11' title="bbox 337 1226 1919 1300">
     <span class='ocr_line' id='line_1_11' title="bbox 337 1226 1919 1300; baseline -0.001 -20"><span class='ocrx_word' id='word_1_73' title='bbox 337 1228 519 1293; x_wconf 82' lang='grc' dir='ltr'>μένων</span> <span class='ocrx_word' id='word_1_74' title='bbox 543 1228 598 1280; x_wconf 83' lang='grc' dir='ltr'>δὲ</span> <span class='ocrx_word' id='word_1_75' title='bbox 621 1226 778 1298; x_wconf 80' lang='grc' dir='ltr'>ἡμῶν</span> <span class='ocrx_word' id='word_1_76' title='bbox 801 1228 894 1281; x_wconf 73' lang='grc' dir='ltr'><strong>ἐπὶ</strong></span> <span class='ocrx_word' id='word_1_77' title='bbox 920 1228 989 1281; x_wconf 88' lang='grc' dir='ltr'><strong>τά</strong></span> <span class='ocrx_word' id='word_1_78' title='bbox 1025 1228 1166 1300; x_wconf 82' lang='grc' dir='ltr'>μέρη</span> <span class='ocrx_word' id='word_1_79' title='bbox 1194 1231 1292 1300; x_wconf 76' lang='grc' dir='ltr'>τῆς</span> <span class='ocrx_word' id='word_1_80' title='bbox 1319 1229 1430 1283; x_wconf 83' lang='grc' dir='ltr'>ἄνω</span> <span class='ocrx_word' id='word_1_81' title='bbox 1447 1228 1730 1299; x_wconf 79' lang='grc' dir='ltr'>Θηδαῖδος,</span> <span class='ocrx_word' id='word_1_82' title='bbox 1750 1229 1919 1299; x_wconf 75' lang='grc' dir='ltr'>ἀπήν-</span> 
     </span>
    </p>
   </div>
   <div class='ocr_carea' id='block_1_12' title="bbox 335 1316 1918 1390">
    <p class='ocr_par' dir='ltr' id='par_1_12' title="bbox 335 1316 1918 1390">
     <span class='ocr_line' id='line_1_12' title="bbox 335 1316 1918 1390; baseline -0.001 -18"><span class='ocrx_word' id='word_1_83' title='bbox 335 1336 506 1390; x_wconf 79' lang='grc' dir='ltr'>τησεν</span> <span class='ocrx_word' id='word_1_84' title='bbox 534 1320 663 1389; x_wconf 78' lang='grc' dir='ltr'>ἡμῖν</span> <span class='ocrx_word' id='word_1_85' title='bbox 704 1334 790 1379; x_wconf 91' lang='grc' dir='ltr'><strong>τις</strong></span> <span class='ocrx_word' id='word_1_86' title='bbox 833 1316 1064 1388; x_wconf 81' lang='grc' dir='ltr'>μοναχὸς</span> <span class='ocrx_word' id='word_1_87' title='bbox 1111 1318 1356 1390; x_wconf 81' lang='grc' dir='ltr'>μαθητὴς</span> <span class='ocrx_word' id='word_1_88' title='bbox 1382 1319 1476 1371; x_wconf 76' lang='grc' dir='ltr'>τοῦ</span> <span class='ocrx_word' id='word_1_89' title='bbox 1517 1318 1752 1389; x_wconf 78' lang='grc' dir='ltr'><strong>μεγάλου</strong></span> <span class='ocrx_word' id='word_1_90' title='bbox 1800 1318 1918 1371; x_wconf 80' lang='grc' dir='ltr'><strong>Ἀν-</strong></span> 
     </span>
    </p>
   </div>
   <div class='ocr_carea' id='block_1_13' title="bbox 337 1403 1919 1478">
    <p class='ocr_par' dir='ltr' id='par_1_13' title="bbox 337 1403 1919 1478">
     <span class='ocr_line' id='line_1_13' title="bbox 337 1403 1919 1478; baseline -0.001 -18"><span class='ocrx_word' id='word_1_91' title='bbox 337 1408 535 1460; x_wconf 84' lang='grc' dir='ltr'>τωνίου</span> <span class='ocrx_word' id='word_1_92' title='bbox 561 1447 575 1469; x_wconf 89' lang='grc'><em>,</em></span> <span class='ocrx_word' id='word_1_93' title='bbox 619 1406 842 1478; x_wconf 82' lang='grc' dir='ltr'>ὀνόματι</span> <span class='ocrx_word' id='word_1_94' title='bbox 888 1406 1243 1475; x_wconf 80' lang='grc' dir='ltr'>Παφνούτιος.</span> <span class='ocrx_word' id='word_1_95' title='bbox 1293 1403 1459 1460; x_wconf 80' lang='grc' dir='ltr'>Εἶπεν</span> <span class='ocrx_word' id='word_1_96' title='bbox 1510 1407 1565 1460; x_wconf 86' lang='grc' dir='ltr'>δὲ</span> <span class='ocrx_word' id='word_1_97' title='bbox 1604 1406 1919 1475; x_wconf 78' lang='grc' dir='ltr'>Ἐπιφάνιος</span> 
     </span>
    </p>
   </div>
   <div class='ocr_carea' id='block_1_14' title="bbox 338 1495 1919 1570">
    <p class='ocr_par' dir='ltr' id='par_1_14' title="bbox 338 1495 1919 1570">
     <span class='ocr_line' id='line_1_14' title="bbox 338 1495 1919 1570; baseline -0.001 -18"><span class='ocrx_word' id='word_1_98' title='bbox 338 1499 478 1570; x_wconf 82' lang='grc' dir='ltr'>πρὸς</span> <span class='ocrx_word' id='word_1_99' title='bbox 510 1500 670 1553; x_wconf 81' lang='grc' dir='ltr'>αὐτόν</span> <span class='ocrx_word' id='word_1_100' title='bbox 689 1515 703 1528; x_wconf 83' lang='grc'><strong>’</strong></span> <span class='ocrx_word' id='word_1_101' title='bbox 738 1497 1043 1569; x_wconf 81' lang='grc' dir='ltr'>Εὐλόγησον</span> <span class='ocrx_word' id='word_1_102' title='bbox 1070 1497 1129 1551; x_wconf 85' lang='grc' dir='ltr'>δὲ</span> <span class='ocrx_word' id='word_1_103' title='bbox 1159 1500 1325 1569; x_wconf 72' lang='grc' dir='ltr'>ἡμᾶς,</span> <span class='ocrx_word' id='word_1_104' title='bbox 1356 1499 1555 1570; x_wconf 88' lang='grc' dir='ltr'>Πάτερ.</span> <span class='ocrx_word' id='word_1_105' title='bbox 1599 1495 1764 1551; x_wconf 77' lang='grc' dir='ltr'>Εἶπεν</span> <span class='ocrx_word' id='word_1_106' title='bbox 1804 1498 1859 1551; x_wconf 76' lang='grc' dir='ltr'>δὲ</span> <span class='ocrx_word' id='word_1_107' title='bbox 1891 1499 1919 1550; x_wconf 85' lang='grc' dir='ltr'><strong>ό</strong></span> 
     </span>
    </p>
   </div>
   <div class='ocr_carea' id='block_1_15' title="bbox 337 1588 1922 1659">
    <p class='ocr_par' dir='ltr' id='par_1_15' title="bbox 337 1588 1922 1659">
     <span class='ocr_line' id='line_1_15' title="bbox 337 1588 1922 1659; baseline -0.002 -16"><span class='ocrx_word' id='word_1_108' title='bbox 337 1590 697 1659; x_wconf 75' lang='grc' dir='ltr'>Παφνούτιοςο</span> <span class='ocrx_word' id='word_1_109' title='bbox 724 1588 1089 1659; x_wconf 80' lang='grc' dir='ltr'>Εὐλογημένοι</span> <span class='ocrx_word' id='word_1_110' title='bbox 1116 1590 1274 1658; x_wconf 81' lang='grc' dir='ltr'>ὑμεῖς</span> <span class='ocrx_word' id='word_1_111' title='bbox 1295 1588 1373 1658; x_wconf 79' lang='grc' dir='ltr'>τῷ</span> <span class='ocrx_word' id='word_1_112' title='bbox 1404 1590 1590 1658; x_wconf 83' lang='grc' dir='ltr'>Κυοίῳ</span> <span class='ocrx_word' id='word_1_113' title='bbox 1611 1605 1624 1618; x_wconf 73' lang='grc' dir='ltr'><strong>ο</strong></span> <span class='ocrx_word' id='word_1_114' title='bbox 1652 1590 1745 1641; x_wconf 72' lang='grc' dir='ltr'><strong>καὶ</strong></span> <span class='ocrx_word' id='word_1_115' title='bbox 1766 1589 1922 1659; x_wconf 82' lang='grc' dir='ltr'>ποιή-</span> 
     </span>
    </p>
   </div>
   <div class='ocr_carea' id='block_1_16' title="bbox 340 1677 1922 1749">
    <p class='ocr_par' dir='ltr' id='par_1_16' title="bbox 340 1677 1922 1749">
     <span class='ocr_line' id='line_1_16' title="bbox 340 1677 1922 1749; baseline -0.001 -16"><span class='ocrx_word' id='word_1_116' title='bbox 340 1697 534 1743; x_wconf 83' lang='grc' dir='ltr'>σαντος</span> <span class='ocrx_word' id='word_1_117' title='bbox 562 1679 659 1732; x_wconf 76' lang='grc' dir='ltr'><strong>τοῦ</strong></span> <span class='ocrx_word' id='word_1_118' title='bbox 695 1679 1035 1749; x_wconf 76' lang='grc' dir='ltr'>Παφνουτίου</span> <span class='ocrx_word' id='word_1_119' title='bbox 1066 1677 1162 1749; x_wconf 83' lang='grc' dir='ltr'>τὴν</span> <span class='ocrx_word' id='word_1_120' title='bbox 1202 1680 1387 1749; x_wconf 76' lang='grc' dir='ltr'>εὐχὴν,</span> <span class='ocrx_word' id='word_1_121' title='bbox 1420 1678 1787 1749; x_wconf 79' lang='grc' dir='ltr'>ὴσπασάμεθα</span> <span class='ocrx_word' id='word_1_122' title='bbox 1827 1678 1922 1731; x_wconf 85' lang='grc' dir='ltr'><strong>ἁλ-</strong></span> 
     </span>
    </p>
   </div>
   <div class='ocr_carea' id='block_1_17' title="bbox 336 1768 1922 1841">
    <p class='ocr_par' dir='ltr' id='par_1_17' title="bbox 336 1768 1922 1841">
     <span class='ocr_line' id='line_1_17' title="bbox 336 1768 1922 1841; baseline -0.001 -19"><span class='ocrx_word' id='word_1_123' title='bbox 336 1770 557 1841; x_wconf 75' lang='grc' dir='ltr'>λήλους,</span> <span class='ocrx_word' id='word_1_124' title='bbox 588 1770 681 1822; x_wconf 75' lang='grc' dir='ltr'><strong>καὶ</strong></span> <span class='ocrx_word' id='word_1_125' title='bbox 711 1769 1094 1839; x_wconf 74' lang='grc' dir='ltr'>κατεψύξαμεν</span> <span class='ocrx_word' id='word_1_126' title='bbox 1132 1768 1327 1840; x_wconf 73' lang='grc' dir='ltr'>μικρὸν</span> <span class='ocrx_word' id='word_1_127' title='bbox 1362 1772 1419 1823; x_wconf 87' lang='grc' dir='ltr'>ὲν</span> <span class='ocrx_word' id='word_1_128' title='bbox 1463 1771 1542 1840; x_wconf 82' lang='grc' dir='ltr'>τῷ</span> <span class='ocrx_word' id='word_1_129' title='bbox 1585 1770 1734 1840; x_wconf 83' lang='grc' dir='ltr'><strong>τόπῳ</strong></span> <span class='ocrx_word' id='word_1_130' title='bbox 1780 1770 1922 1823; x_wconf 82' lang='grc' dir='ltr'>ὲκεί-</span> 
     </span>
    </p>
   </div>
   <div class='ocr_carea' id='block_1_18' title="bbox 2014 574 3594 651">
    <p class='ocr_par' dir='ltr' id='par_1_18' title="bbox 2014 574 3594 651">
     <span class='ocr_line' id='line_1_18' title="bbox 2014 574 3594 651; baseline 0.004 -17"><span class='ocrx_word' id='word_1_131' title='bbox 2014 580 2292 635; x_wconf 79' lang='lat' dir='ltr'><strong>venissent</strong></span> <span class='ocrx_word' id='word_1_132' title='bbox 2318 580 2385 635; x_wconf 88' lang='lat' dir='ltr'><strong>ad</strong></span> <span class='ocrx_word' id='word_1_133' title='bbox 2419 574 2891 651; x_wconf 67' lang='lat' dir='ltr'><strong>congressionem,</strong></span> <span class='ocrx_word' id='word_1_134' title='bbox 2927 581 3018 636; x_wconf 91' lang='lat' dir='ltr'><strong>diu</strong></span> <span class='ocrx_word' id='word_1_135' title='bbox 3050 580 3594 640; x_wconf 84' lang='lat' dir='ltr'><strong>disseruerunt.Cre-</strong></span> 
     </span>
    </p>
   </div>
   <div class='ocr_carea' id='block_1_19' title="bbox 2013 668 3595 741">
    <p class='ocr_par' dir='ltr' id='par_1_19' title="bbox 2013 668 3595 741">
     <span class='ocr_line' id='line_1_19' title="bbox 2013 668 3595 741; baseline 0.003 -18"><span class='ocrx_word' id='word_1_136' title='bbox 2013 668 2259 739; x_wconf 80' lang='lat' dir='ltr'><strong>deusque</strong></span> <span class='ocrx_word' id='word_1_137' title='bbox 2287 671 2480 739; x_wconf 78' lang='lat' dir='ltr'><strong>Aquila</strong></span> <span class='ocrx_word' id='word_1_138' title='bbox 2511 670 2941 739; x_wconf 71' lang='lat' dir='ltr'><strong>interpretationi</strong></span> <span class='ocrx_word' id='word_1_139' title='bbox 2974 669 3283 741; x_wconf 85' lang='lat' dir='ltr'><strong>Epiphauii,</strong></span> <span class='ocrx_word' id='word_1_140' title='bbox 3316 672 3595 728; x_wconf 87' lang='lat' dir='ltr'><strong>desidera-</strong></span> 
     </span>
    </p>
   </div>
   <div class='ocr_carea' id='block_1_20' title="bbox 2016 761 3592 831">
    <p class='ocr_par' dir='ltr' id='par_1_20' title="bbox 2016 761 3592 831">
     <span class='ocr_line' id='line_1_20' title="bbox 2016 761 3592 831; baseline 0.003 -18"><span class='ocrx_word' id='word_1_141' title='bbox 2016 762 2090 815; x_wconf 71' lang='lat' dir='ltr'><strong>vit</strong></span> <span class='ocrx_word' id='word_1_142' title='bbox 2121 761 2977 831; x_wconf 86' lang='lat' dir='ltr'><strong>ﬁeriChristianus.Epiphanius</strong></span> <span class='ocrx_word' id='word_1_143' title='bbox 3010 772 3191 817; x_wconf 85' lang='lat' dir='ltr'><strong>autem</strong></span> <span class='ocrx_word' id='word_1_144' title='bbox 3220 764 3443 818; x_wconf 77' lang='lat' dir='ltr'><strong>deduxit</strong></span> <span class='ocrx_word' id='word_1_145' title='bbox 3467 778 3592 818; x_wconf 91' lang='lat' dir='ltr'><strong>eum</strong></span> 
     </span>
    </p>
   </div>
   <div class='ocr_carea' id='block_1_21' title="bbox 2015 853 3596 925">
    <p class='ocr_par' dir='ltr' id='par_1_21' title="bbox 2015 853 3596 925">
     <span class='ocr_line' id='line_1_21' title="bbox 2015 853 3596 925; baseline 0.002 -18"><span class='ocrx_word' id='word_1_146' title='bbox 2015 853 2082 907; x_wconf 81' lang='lat' dir='ltr'><strong>ad</strong></span> <span class='ocrx_word' id='word_1_147' title='bbox 2111 853 2467 907; x_wconf 72' lang='lat' dir='ltr'><strong>Athanasium</strong></span> <span class='ocrx_word' id='word_1_148' title='bbox 2519 854 2860 924; x_wconf 88' lang='lat' dir='ltr'><strong>episcopum,</strong></span> <span class='ocrx_word' id='word_1_149' title='bbox 2887 862 2942 908; x_wconf 88' lang='lat' dir='ltr'><strong>et</strong></span> <span class='ocrx_word' id='word_1_150' title='bbox 2988 869 3090 909; x_wconf 91' lang='lat' dir='ltr'><strong>nos</strong></span> <span class='ocrx_word' id='word_1_151' title='bbox 3143 855 3348 925; x_wconf 79' lang='lat' dir='ltr'><strong>egressi</strong></span> <span class='ocrx_word' id='word_1_152' title='bbox 3404 870 3596 910; x_wconf 83' lang='lat' dir='ltr'><strong>smnus</strong></span> 
     </span>
    </p>
   </div>
   <div class='ocr_carea' id='block_1_22' title="bbox 2016 943 3599 1016">
    <p class='ocr_par' dir='ltr' id='par_1_22' title="bbox 2016 943 3599 1016">
     <span class='ocr_line' id='line_1_22' title="bbox 2016 943 3599 1016; baseline 0.002 -19"><span class='ocrx_word' id='word_1_153' title='bbox 2016 943 2367 999; x_wconf 76' lang='lat' dir='ltr'><strong>Alexandria.</strong></span> <span class='ocrx_word' id='word_1_154' title='bbox 2399 943 2536 999; x_wconf 85' lang='lat' dir='ltr'><strong>Cum</strong></span> <span class='ocrx_word' id='word_1_155' title='bbox 2570 945 2774 1000; x_wconf 91' lang='lat' dir='ltr'><strong>iremus</strong></span> <span class='ocrx_word' id='word_1_156' title='bbox 2805 953 2986 999; x_wconf 89' lang='lat' dir='ltr'><strong>autem</strong></span> <span class='ocrx_word' id='word_1_157' title='bbox 3017 959 3119 999; x_wconf 91' lang='lat' dir='ltr'><strong>nos</strong></span> <span class='ocrx_word' id='word_1_158' title='bbox 3150 946 3203 999; x_wconf 92' lang='lat' dir='ltr'><strong>in</strong></span> <span class='ocrx_word' id='word_1_159' title='bbox 3235 955 3414 1015; x_wconf 87' lang='lat' dir='ltr'><strong>partes</strong></span> <span class='ocrx_word' id='word_1_160' title='bbox 3436 961 3599 1016; x_wconf 87' lang='lat' dir='ltr'><strong>supc-</strong></span> 
     </span>
    </p>
   </div>
   <div class='ocr_carea' id='block_1_23' title="bbox 2017 1022 3598 1107">
    <p class='ocr_par' dir='ltr' id='par_1_23' title="bbox 2017 1022 3598 1107">
     <span class='ocr_line' id='line_1_23' title="bbox 2017 1022 3598 1107; baseline 0.001 -17"><span class='ocrx_word' id='word_1_161' title='bbox 2017 1036 2179 1090; x_wconf 87' lang='lat' dir='ltr'><strong>rioris</strong></span> <span class='ocrx_word' id='word_1_162' title='bbox 2211 1022 2523 1101; x_wconf 78' lang='lat' dir='ltr'><strong>The&#39;aidis,</strong></span> <span class='ocrx_word' id='word_1_163' title='bbox 2551 1040 2795 1091; x_wconf 87' lang='lat' dir='ltr'><strong>occurrit</strong></span> <span class='ocrx_word' id='word_1_164' title='bbox 2826 1037 2983 1092; x_wconf 92' lang='lat' dir='ltr'><strong>nobis</strong></span> <span class='ocrx_word' id='word_1_165' title='bbox 3015 1038 3235 1107; x_wconf 87' lang='lat' dir='ltr'><strong>quidam</strong></span> <span class='ocrx_word' id='word_1_166' title='bbox 3272 1037 3598 1101; x_wconf 78' lang='lat' dir='ltr'><strong>monachus,</strong></span> 
     </span>
    </p>
   </div>
   <div class='ocr_carea' id='block_1_24' title="bbox 2018 1128 3599 1199">
    <p class='ocr_par' dir='ltr' id='par_1_24' title="bbox 2018 1128 3599 1199">
     <span class='ocr_line' id='line_1_24' title="bbox 2018 1128 3599 1199; baseline -0.001 -15"><span class='ocrx_word' id='word_1_167' title='bbox 2018 1131 2321 1199; x_wconf 84' lang='lat' dir='ltr'><strong>discipulus</strong></span> <span class='ocrx_word' id='word_1_168' title='bbox 2368 1130 2549 1198; x_wconf 82' lang='lat' dir='ltr'><strong>magni</strong></span> <span class='ocrx_word' id='word_1_169' title='bbox 2585 1130 2829 1194; x_wconf 83' lang='lat' dir='ltr'><strong>Antonii,</strong></span> <span class='ocrx_word' id='word_1_170' title='bbox 2861 1130 3080 1184; x_wconf 88' lang='lat' dir='ltr'><strong>nomine</strong></span> <span class='ocrx_word' id='word_1_171' title='bbox 3104 1128 3463 1199; x_wconf 85' lang='lat' dir='ltr'><strong>Paphnutius.</strong></span> <span class='ocrx_word' id='word_1_172' title='bbox 3495 1128 3599 1184; x_wconf 86' lang='lat' dir='ltr'><strong>Cui</strong></span> 
     </span>
    </p>
   </div>
   <div class='ocr_carea' id='block_1_25' title="bbox 2020 1220 3600 1292">
    <p class='ocr_par' dir='ltr' id='par_1_25' title="bbox 2020 1220 3600 1292">
     <span class='ocr_line' id='line_1_25' title="bbox 2020 1220 3600 1292; baseline 0.001 -18"><span class='ocrx_word' id='word_1_173' title='bbox 2020 1222 2157 1275; x_wconf 82' lang='lat' dir='ltr'><strong>dixit</strong></span> <span class='ocrx_word' id='word_1_174' title='bbox 2192 1240 2205 1275; x_wconf 90' lang='lat'><strong>:</strong></span> <span class='ocrx_word' id='word_1_175' title='bbox 2238 1220 2472 1277; x_wconf 89' lang='lat' dir='ltr'><strong>Benedic</strong></span> <span class='ocrx_word' id='word_1_176' title='bbox 2519 1223 2695 1286; x_wconf 86' lang='lat' dir='ltr'><strong>nobis,</strong></span> <span class='ocrx_word' id='word_1_177' title='bbox 2732 1222 2911 1277; x_wconf 85' lang='lat' dir='ltr'><strong>Pater.</strong></span> <span class='ocrx_word' id='word_1_178' title='bbox 2946 1221 3091 1276; x_wconf 80' lang='lat' dir='ltr'><strong>Dixit</strong></span> <span class='ocrx_word' id='word_1_179' title='bbox 3125 1232 3307 1277; x_wconf 82' lang='lat' dir='ltr'><strong>autem</strong></span> <span class='ocrx_word' id='word_1_180' title='bbox 3341 1221 3600 1292; x_wconf 63' lang='lat' dir='ltr'><strong>Paphnuo</strong></span> 
     </span>
    </p>
   </div>
   <div class='ocr_carea' id='block_1_26' title="bbox 2021 1313 3598 1384">
    <p class='ocr_par' dir='ltr' id='par_1_26' title="bbox 2021 1313 3598 1384">
     <span class='ocr_line' id='line_1_26' title="bbox 2021 1313 3598 1384; baseline -0.003 -15"><span class='ocrx_word' id='word_1_181' title='bbox 2021 1317 2166 1369; x_wconf 89' lang='lat' dir='ltr'><strong>tius:</strong></span> <span class='ocrx_word' id='word_1_182' title='bbox 2199 1314 2475 1369; x_wconf 79' lang='lat' dir='ltr'><strong>Benedicti</strong></span> <span class='ocrx_word' id='word_1_183' title='bbox 2509 1329 2607 1370; x_wconf 92' lang='lat' dir='ltr'><strong>vos</strong></span> <span class='ocrx_word' id='word_1_184' title='bbox 2650 1330 2680 1368; x_wconf 88' lang='lat' dir='ltr'><strong>a</strong></span> <span class='ocrx_word' id='word_1_185' title='bbox 2736 1313 2987 1368; x_wconf 91' lang='lat' dir='ltr'><strong>Domino.</strong></span> <span class='ocrx_word' id='word_1_186' title='bbox 3024 1313 3266 1384; x_wconf 88' lang='lat' dir='ltr'><strong>Cumque</strong></span> <span class='ocrx_word' id='word_1_187' title='bbox 3296 1314 3598 1367; x_wconf 82' lang='lat' dir='ltr'><strong>orationem</strong></span> 
     </span>
    </p>
   </div>
   <div class='ocr_carea' id='block_1_27' title="bbox 2022 1405 3603 1476">
    <p class='ocr_par' dir='ltr' id='par_1_27' title="bbox 2022 1405 3603 1476">
     <span class='ocr_line' id='line_1_27' title="bbox 2022 1405 3603 1476; baseline -0.002 -17"><span class='ocrx_word' id='word_1_188' title='bbox 2022 1408 2239 1462; x_wconf 80' lang='lat' dir='ltr'><strong>fecisset</strong></span> <span class='ocrx_word' id='word_1_189' title='bbox 2288 1405 2649 1476; x_wconf 82' lang='lat' dir='ltr'><strong>Paphnutius,</strong></span> <span class='ocrx_word' id='word_1_190' title='bbox 2693 1420 2795 1459; x_wconf 93' lang='lat' dir='ltr'><strong>nos</strong></span> <span class='ocrx_word' id='word_1_191' title='bbox 2838 1406 3070 1459; x_wconf 79' lang='lat' dir='ltr'><strong>invicem</strong></span> <span class='ocrx_word' id='word_1_192' title='bbox 3118 1406 3497 1465; x_wconf 85' lang='lat' dir='ltr'><strong>salutavimus,</strong></span> <span class='ocrx_word' id='word_1_193' title='bbox 3547 1411 3603 1456; x_wconf 89' lang='lat' dir='ltr'><strong>et</strong></span> 
     </span>
    </p>
   </div>
   <div class='ocr_carea' id='block_1_28' title="bbox 2021 1494 3604 1567">
    <p class='ocr_par' dir='ltr' id='par_1_28' title="bbox 2021 1494 3604 1567">
     <span class='ocr_line' id='line_1_28' title="bbox 2021 1494 3604 1567; baseline -0.003 -15"><span class='ocrx_word' id='word_1_194' title='bbox 2021 1513 2121 1553; x_wconf 92' lang='lat' dir='ltr'><strong>nos</strong></span> <span class='ocrx_word' id='word_1_195' title='bbox 2165 1498 2217 1551; x_wconf 91' lang='lat' dir='ltr'><strong>in</strong></span> <span class='ocrx_word' id='word_1_196' title='bbox 2257 1502 2322 1552; x_wconf 84' lang='lat' dir='ltr'><strong>eo</strong></span> <span class='ocrx_word' id='word_1_197' title='bbox 2368 1497 2489 1552; x_wconf 78' lang='lat' dir='ltr'><strong>loco</strong></span> <span class='ocrx_word' id='word_1_198' title='bbox 2527 1513 2719 1567; x_wconf 89' lang='lat' dir='ltr'><strong>parum</strong></span> <span class='ocrx_word' id='word_1_199' title='bbox 2766 1495 3222 1567; x_wconf 78' lang='lat' dir='ltr'><strong>refrigeravimus.</strong></span> <span class='ocrx_word' id='word_1_200' title='bbox 3270 1494 3604 1565; x_wconf 80' lang='lat' dir='ltr'><strong>Epiphanius</strong></span> 
     </span>
    </p>
   </div>
   <div class='ocr_carea' id='block_1_29' title="bbox 2022 1583 3606 1658">
    <p class='ocr_par' dir='ltr' id='par_1_29' title="bbox 2022 1583 3606 1658">
     <span class='ocr_line' id='line_1_29' title="bbox 2022 1583 3606 1658; baseline -0.001 -20"><span class='ocrx_word' id='word_1_201' title='bbox 2022 1602 2152 1641; x_wconf 83' lang='lat' dir='ltr'><strong>vero</strong></span> <span class='ocrx_word' id='word_1_202' title='bbox 2197 1588 2555 1658; x_wconf 80' lang='lat' dir='ltr'><strong>interrogavit</strong></span> <span class='ocrx_word' id='word_1_203' title='bbox 2582 1587 2949 1658; x_wconf 85' lang='lat' dir='ltr'><strong>Paphnutium</strong></span> <span class='ocrx_word' id='word_1_204' title='bbox 2985 1588 3049 1642; x_wconf 89' lang='lat' dir='ltr'><strong>de</strong></span> <span class='ocrx_word' id='word_1_205' title='bbox 3079 1587 3336 1641; x_wconf 89' lang='lat' dir='ltr'><strong>omnibus</strong></span> <span class='ocrx_word' id='word_1_206' title='bbox 3366 1602 3487 1655; x_wconf 61' lang='lat' dir='ltr'><strong>qum</strong></span> <span class='ocrx_word' id='word_1_207' title='bbox 3525 1583 3606 1638; x_wconf 82' lang='lat' dir='ltr'><strong>fe-</strong></span> 
     </span>
    </p>
   </div>
   <div class='ocr_carea' id='block_1_30' title="bbox 2021 1676 3601 1750">
    <p class='ocr_par' dir='ltr' id='par_1_30' title="bbox 2021 1676 3601 1750">
     <span class='ocr_line' id='line_1_30' title="bbox 2021 1676 3601 1750; baseline -0.003 -16"><span class='ocrx_word' id='word_1_208' title='bbox 2021 1680 2095 1734; x_wconf 90' lang='lat' dir='ltr'><strong>cit</strong></span> <span class='ocrx_word' id='word_1_209' title='bbox 2150 1693 2381 1750; x_wconf 80' lang='lat' dir='ltr'><strong>magnus</strong></span> <span class='ocrx_word' id='word_1_210' title='bbox 2431 1681 2723 1744; x_wconf 80' lang='lat' dir='ltr'><strong>Antonius,</strong></span> <span class='ocrx_word' id='word_1_211' title='bbox 2753 1680 2979 1750; x_wconf 78' lang='lat' dir='ltr'><strong>ipseque</strong></span> <span class='ocrx_word' id='word_1_212' title='bbox 3020 1680 3070 1734; x_wconf 89' lang='lat' dir='ltr'><strong>ei</strong></span> <span class='ocrx_word' id='word_1_213' title='bbox 3115 1679 3359 1733; x_wconf 72' lang='lat' dir='ltr'><strong>narravit</strong></span> <span class='ocrx_word' id='word_1_214' title='bbox 3396 1676 3601 1730; x_wconf 80' lang='lat' dir='ltr'><strong>omnia.</strong></span> 
     </span>
    </p>
   </div>
   <div class='ocr_carea' id='block_1_31' title="bbox 2025 1769 3608 1842">
    <p class='ocr_par' dir='ltr' id='par_1_31' title="bbox 2025 1769 3608 1842">
     <span class='ocr_line' id='line_1_31' title="bbox 2025 1769 3608 1842; baseline -0.003 -17"><span class='ocrx_word' id='word_1_215' title='bbox 2025 1771 2169 1825; x_wconf 79' lang='lat' dir='ltr'><strong>Dixit</strong></span> <span class='ocrx_word' id='word_1_216' title='bbox 2214 1780 2395 1826; x_wconf 89' lang='lat' dir='ltr'><strong>autem</strong></span> <span class='ocrx_word' id='word_1_217' title='bbox 2437 1770 2777 1842; x_wconf 89' lang='lat' dir='ltr'><strong>Epiphanius</strong></span> <span class='ocrx_word' id='word_1_218' title='bbox 2806 1771 3117 1842; x_wconf 88' lang='lat' dir='ltr'><strong>Paphnutio</strong></span> <span class='ocrx_word' id='word_1_219' title='bbox 3149 1790 3161 1826; x_wconf 93' lang='lat'><strong>:</strong></span> <span class='ocrx_word' id='word_1_220' title='bbox 3190 1769 3323 1824; x_wconf 79' lang='lat' dir='ltr'><strong>Volo</strong></span> <span class='ocrx_word' id='word_1_221' title='bbox 3364 1769 3608 1823; x_wconf 85' lang='lat' dir='ltr'><strong>habitare</strong></span> 
     </span>
    </p>
   </div>
   <div class='ocr_carea' id='block_1_32' title="bbox 338 1833 1937 1933">
    <p class='ocr_par' dir='ltr' id='par_1_32' title="bbox 338 1833 1923 1933">
     <span class='ocr_line' id='line_1_32' title="bbox 338 1833 1923 1933; baseline -0.001 -17"><span class='ocrx_word' id='word_1_222' title='bbox 338 1833 526 1933; x_wconf 54' lang='grc' dir='ltr'><strong>νῴκο</strong></span> <span class='ocrx_word' id='word_1_223' title='bbox 565 1857 657 1915; x_wconf 85' lang='grc' dir='ltr'>οὖν</span> <span class='ocrx_word' id='word_1_224' title='bbox 702 1833 1014 1930; x_wconf 73' lang='grc' dir='ltr'>Ἐπιφάνιος</span> <span class='ocrx_word' id='word_1_225' title='bbox 1062 1833 1420 1933; x_wconf 66' lang='grc' dir='ltr'>ἐπηριδτησεν</span> <span class='ocrx_word' id='word_1_226' title='bbox 1452 1833 1544 1915; x_wconf 76' lang='grc' dir='ltr'>τὸν</span> <span class='ocrx_word' id='word_1_227' title='bbox 1589 1833 1923 1931; x_wconf 62' lang='grc' dir='ltr'>Παςρνούτιον</span> 
     </span>
    </p>
   </div>
   <div class='ocr_carea' id='block_1_33' title="bbox 2039 1833 3608 1933">
    <p class='ocr_par' dir='ltr' id='par_1_33' title="bbox 2039 1833 3608 1932">
     <span class='ocr_line' id='line_1_33' title="bbox 2039 1833 3608 1932; baseline -0.003 -17"><span class='ocrx_word' id='word_1_228' title='bbox 2039 1867 2081 1916; x_wconf 63' lang='lat' dir='ltr'><strong>in</strong></span> <span class='ocrx_word' id='word_1_229' title='bbox 2109 1877 2176 1917; x_wconf 91' lang='lat' dir='ltr'><strong>eo</strong></span> <span class='ocrx_word' id='word_1_230' title='bbox 2200 1862 2323 1917; x_wconf 92' lang='lat' dir='ltr'><strong>loco</strong></span> <span class='ocrx_word' id='word_1_231' title='bbox 2351 1862 2443 1932; x_wconf 86' lang='lat' dir='ltr'><strong>qui</strong></span> <span class='ocrx_word' id='word_1_232' title='bbox 2473 1833 2675 1917; x_wconf 77' lang='lat' dir='ltr'><strong>dicitur</strong></span> <span class='ocrx_word' id='word_1_233' title='bbox 2712 1833 2906 1917; x_wconf 53' lang='lat' dir='ltr'><strong>Nili-ia:</strong></span> <span class='ocrx_word' id='word_1_234' title='bbox 2935 1861 3277 1932; x_wconf 83' lang='lat' dir='ltr'><strong>Paphnutius</strong></span> <span class='ocrx_word' id='word_1_235' title='bbox 3308 1875 3437 1915; x_wconf 85' lang='lat' dir='ltr'><strong>vero</strong></span> <span class='ocrx_word' id='word_1_236' title='bbox 3470 1859 3608 1913; x_wconf 75' lang='lat' dir='ltr'><strong>dixit</strong></span> 
     </span>
    </p>
   </div>
   <div class='ocr_carea' id='block_1_34' title="bbox 337 1946 1937 2023">
    <p class='ocr_par' dir='ltr' id='par_1_34' title="bbox 337 1946 1924 2023">
     <span class='ocr_line' id='line_1_34' title="bbox 337 1946 1924 2023; baseline -0.001 -17"><span class='ocrx_word' id='word_1_237' title='bbox 337 1953 471 2023; x_wconf 76' lang='grc' dir='ltr'>περὶ</span> <span class='ocrx_word' id='word_1_238' title='bbox 502 1953 738 2016; x_wconf 87' lang='grc' dir='ltr'>πάντων,</span> <span class='ocrx_word' id='word_1_239' title='bbox 771 1946 847 2004; x_wconf 82' lang='grc' dir='ltr'>ὧν</span> <span class='ocrx_word' id='word_1_240' title='bbox 893 1950 1146 2021; x_wconf 80' lang='grc' dir='ltr'>ἐποίησεν</span> <span class='ocrx_word' id='word_1_241' title='bbox 1195 1954 1224 2004; x_wconf 89' lang='grc' dir='ltr'><strong>ὁ</strong></span> <span class='ocrx_word' id='word_1_242' title='bbox 1275 1952 1449 2022; x_wconf 84' lang='grc' dir='ltr'><strong>μέγας</strong></span> <span class='ocrx_word' id='word_1_243' title='bbox 1494 1952 1795 2017; x_wconf 80' lang='grc' dir='ltr'>’Δντώνιος,</span> <span class='ocrx_word' id='word_1_244' title='bbox 1829 1952 1924 2005; x_wconf 75' lang='grc' dir='ltr'><strong>καὶ</strong></span> 
     </span>
    </p>
   </div>
   <div class='ocr_carea' id='block_1_35' title="bbox 2039 1946 3612 2023">
    <p class='ocr_par' dir='ltr' id='par_1_35' title="bbox 2039 1950 3612 2023">
     <span class='ocr_line' id='line_1_35' title="bbox 2039 1950 3612 2023; baseline -0.003 -16"><span class='ocrx_word' id='word_1_245' title='bbox 2039 1952 2330 2023; x_wconf 84' lang='lat' dir='ltr'><strong>Epiphanio</strong></span> <span class='ocrx_word' id='word_1_246' title='bbox 2363 1972 2376 2009; x_wconf 93' lang='lat'>:</span> <span class='ocrx_word' id='word_1_247' title='bbox 2410 1953 2556 2009; x_wconf 85' lang='lat' dir='ltr'><strong>Vade</strong></span> <span class='ocrx_word' id='word_1_248' title='bbox 2593 1970 2781 2020; x_wconf 88' lang='lat' dir='ltr'><strong>sanus,</strong></span> <span class='ocrx_word' id='word_1_249' title='bbox 2812 1953 2992 2009; x_wconf 79' lang='lat' dir='ltr'><strong>fruere</strong></span> <span class='ocrx_word' id='word_1_250' title='bbox 3025 1953 3292 2023; x_wconf 87' lang='lat' dir='ltr'><strong>patrihus,</strong></span> <span class='ocrx_word' id='word_1_251' title='bbox 3332 1960 3386 2005; x_wconf 90' lang='lat' dir='ltr'><strong>et</strong></span> <span class='ocrx_word' id='word_1_252' title='bbox 3417 1950 3612 2020; x_wconf 78' lang='lat' dir='ltr'><strong>collige</strong></span> 
     </span>
    </p>
   </div>
   <div class='ocr_carea' id='block_1_36' title="bbox 337 2036 1937 2114">
    <p class='ocr_par' dir='ltr' id='par_1_36' title="bbox 337 2036 1923 2112">
     <span class='ocr_line' id='line_1_36' title="bbox 337 2036 1923 2112; baseline 0.001 -19"><span class='ocrx_word' id='word_1_253' title='bbox 337 2040 505 2103; x_wconf 80' lang='grc' dir='ltr'>αὐτὸς</span> <span class='ocrx_word' id='word_1_254' title='bbox 537 2039 843 2112; x_wconf 75' lang='grc' dir='ltr'><strong>ἐξηγήσατο</strong></span> <span class='ocrx_word' id='word_1_255' title='bbox 872 2039 1019 2111; x_wconf 81' lang='grc' dir='ltr'><strong>αὑτῷ</strong></span> <span class='ocrx_word' id='word_1_256' title='bbox 1053 2039 1288 2094; x_wconf 74' lang='grc' dir='ltr'>ἅπαντα.</span> <span class='ocrx_word' id='word_1_257' title='bbox 1321 2036 1485 2093; x_wconf 76' lang='grc' dir='ltr'>Εἶπεν</span> <span class='ocrx_word' id='word_1_258' title='bbox 1517 2041 1574 2094; x_wconf 74' lang='grc' dir='ltr'>δὲ</span> <span class='ocrx_word' id='word_1_259' title='bbox 1613 2042 1923 2110; x_wconf 80' lang='grc' dir='ltr'>Ἐπιφάνιος</span> 
     </span>
    </p>
   </div>
   <div class='ocr_carea' id='block_1_37' title="bbox 2039 2036 3610 2114">
    <p class='ocr_par' dir='ltr' id='par_1_37' title="bbox 2039 2043 3610 2114">
     <span class='ocr_line' id='line_1_37' title="bbox 2039 2043 3610 2114; baseline -0.004 -15"><span class='ocrx_word' id='word_1_260' title='bbox 2039 2044 2211 2099; x_wconf 72' lang='grc' dir='ltr'>Γυιιυιη</span> <span class='ocrx_word' id='word_1_261' title='bbox 2241 2047 2515 2110; x_wconf 65' lang='grc' dir='ltr'>ωεῑίνυιιι,</span> <span class='ocrx_word' id='word_1_262' title='bbox 2551 2055 2606 2100; x_wconf 86' lang='lat' dir='ltr'><strong>et</strong></span> <span class='ocrx_word' id='word_1_263' title='bbox 2631 2045 2765 2101; x_wconf 81' lang='lat' dir='ltr'><strong>vade</strong></span> <span class='ocrx_word' id='word_1_264' title='bbox 2812 2046 2867 2099; x_wconf 91' lang='lat' dir='ltr'><strong>in</strong></span> <span class='ocrx_word' id='word_1_265' title='bbox 2902 2046 3136 2100; x_wconf 82' lang='lat' dir='ltr'><strong>insulam</strong></span> <span class='ocrx_word' id='word_1_266' title='bbox 3169 2043 3519 2114; x_wconf 84' lang='lat' dir='ltr'><strong>Cypriorum,</strong></span> <span class='ocrx_word' id='word_1_267' title='bbox 3555 2049 3610 2093; x_wconf 76' lang='lat' dir='ltr'><strong>t-t</strong></span> 
     </span>
    </p>
   </div>
   <div class='ocr_carea' id='block_1_38' title="bbox 337 2128 1924 2202">
    <p class='ocr_par' dir='ltr' id='par_1_38' title="bbox 337 2128 1924 2202">
     <span class='ocr_line' id='line_1_38' title="bbox 337 2128 1924 2202; baseline 0.001 -18"><span class='ocrx_word' id='word_1_268' title='bbox 337 2128 420 2199; x_wconf 83' lang='grc' dir='ltr'>τῷ</span> <span class='ocrx_word' id='word_1_269' title='bbox 451 2129 772 2202; x_wconf 79' lang='grc' dir='ltr'>Παφνουτίῳ</span> <span class='ocrx_word' id='word_1_270' title='bbox 796 2146 810 2160; x_wconf 76' lang='grc'><em>’</em></span> <span class='ocrx_word' id='word_1_271' title='bbox 839 2130 1005 2195; x_wconf 80' lang='grc' dir='ltr'>Θέλω,</span> <span class='ocrx_word' id='word_1_272' title='bbox 1043 2130 1244 2201; x_wconf 67' lang='grc' dir='ltr'>Πάτερ,</span> <span class='ocrx_word' id='word_1_273' title='bbox 1275 2130 1494 2200; x_wconf 77' lang='grc' dir='ltr'>οἰκῆσαι</span> <span class='ocrx_word' id='word_1_274' title='bbox 1521 2131 1614 2185; x_wconf 75' lang='grc' dir='ltr'><strong>τὸν</strong></span> <span class='ocrx_word' id='word_1_275' title='bbox 1644 2133 1806 2185; x_wconf 83' lang='grc' dir='ltr'>τόπον</span> <span class='ocrx_word' id='word_1_276' title='bbox 1833 2134 1924 2186; x_wconf 80' lang='grc' dir='ltr'>τὸν</span> 
     </span>
    </p>
   </div>
   <div class='ocr_carea' id='block_1_39' title="bbox 341 2217 1924 2294">
    <p class='ocr_par' dir='ltr' id='par_1_39' title="bbox 341 2217 1924 2294">
     <span class='ocr_line' id='line_1_39' title="bbox 341 2217 1924 2294; baseline 0.001 -21"><span class='ocrx_word' id='word_1_277' title='bbox 341 2218 674 2289; x_wconf 77' lang='grc' dir='ltr'>καλούμενον</span> <span class='ocrx_word' id='word_1_278' title='bbox 711 2218 958 2291; x_wconf 79' lang='grc' dir='ltr'>Νιτρίαν.</span> <span class='ocrx_word' id='word_1_279' title='bbox 991 2220 1048 2274; x_wconf 90' lang='grc' dir='ltr'><strong>Ὀ</strong></span> <span class='ocrx_word' id='word_1_280' title='bbox 1092 2220 1151 2274; x_wconf 78' lang='grc' dir='ltr'>δὲ</span> <span class='ocrx_word' id='word_1_281' title='bbox 1192 2220 1531 2289; x_wconf 82' lang='grc' dir='ltr'>Παφνούτιος</span> <span class='ocrx_word' id='word_1_282' title='bbox 1583 2217 1736 2276; x_wconf 81' lang='grc' dir='ltr'>εἶπεν</span> <span class='ocrx_word' id='word_1_283' title='bbox 1788 2224 1924 2294; x_wconf 65' lang='grc' dir='ltr'>πρὸς</span> 
     </span>
    </p>
   </div>
   <div class='ocr_carea' id='block_1_40' title="bbox 352 2309 1920 2381">
    <p class='ocr_par' dir='ltr' id='par_1_40' title="bbox 352 2309 1920 2381">
     <span class='ocr_line' id='line_1_40' title="bbox 352 2309 1920 2381; baseline 0.004 -17"><span class='ocrx_word' id='word_1_284' title='bbox 352 2313 668 2381; x_wconf 80' lang='grc' dir='ltr'>Ἐπιφάνιον</span> <span class='ocrx_word' id='word_1_285' title='bbox 688 2329 702 2343; x_wconf 76' lang='grc' dir='ltr'><strong><em>ο</em></strong></span> <span class='ocrx_word' id='word_1_286' title='bbox 739 2309 931 2375; x_wconf 77' lang='grc' dir='ltr'>Βάδιξε</span> <span class='ocrx_word' id='word_1_287' title='bbox 962 2312 1218 2381; x_wconf 75' lang='grc' dir='ltr'><strong>ὑγιαίνων</strong></span> <span class='ocrx_word' id='word_1_288' title='bbox 1237 2328 1250 2341; x_wconf 78' lang='grc'><strong><em>⁸</em></strong></span> <span class='ocrx_word' id='word_1_289' title='bbox 1282 2312 1588 2367; x_wconf 85' lang='grc' dir='ltr'>ἀπόλαυσον</span> <span class='ocrx_word' id='word_1_290' title='bbox 1619 2315 1726 2368; x_wconf 86' lang='grc' dir='ltr'>τῶν</span> <span class='ocrx_word' id='word_1_291' title='bbox 1755 2318 1920 2370; x_wconf 81' lang='grc' dir='ltr'>πατέ-</span> 
     </span>
    </p>
   </div>
   <div class='ocr_carea' id='block_1_41' title="bbox 2026 2132 3614 2205">
    <p class='ocr_par' dir='ltr' id='par_1_41' title="bbox 2026 2132 3614 2205">
     <span class='ocr_line' id='line_1_41' title="bbox 2026 2132 3614 2205; baseline -0.004 -14"><span class='ocrx_word' id='word_1_292' title='bbox 2026 2137 2110 2191; x_wconf 87' lang='lat' dir='ltr'><strong>ale</strong></span> <span class='ocrx_word' id='word_1_293' title='bbox 2153 2152 2282 2193; x_wconf 83' lang='lat' dir='ltr'><strong>oves</strong></span> <span class='ocrx_word' id='word_1_294' title='bbox 2332 2138 2397 2191; x_wconf 88' lang='lat' dir='ltr'><strong>ad</strong></span> <span class='ocrx_word' id='word_1_295' title='bbox 2442 2138 2791 2204; x_wconf 76' lang='lat' dir='ltr'><strong>vestimenta,</strong></span> <span class='ocrx_word' id='word_1_296' title='bbox 2821 2147 2874 2192; x_wconf 90' lang='lat' dir='ltr'><strong>et</strong></span> <span class='ocrx_word' id='word_1_297' title='bbox 2917 2137 3125 2191; x_wconf 88' lang='lat' dir='ltr'><strong>honora</strong></span> <span class='ocrx_word' id='word_1_298' title='bbox 3157 2134 3389 2205; x_wconf 81' lang='lat' dir='ltr'><strong>puellos,</strong></span> <span class='ocrx_word' id='word_1_299' title='bbox 3426 2142 3485 2187; x_wconf 86' lang='lat' dir='ltr'><strong>ut</strong></span> <span class='ocrx_word' id='word_1_300' title='bbox 3515 2132 3614 2186; x_wconf 86' lang='lat' dir='ltr'><strong>tibi</strong></span> 
     </span>
    </p>
   </div>
   <div class='ocr_carea' id='block_1_42' title="bbox 2028 2221 3614 2300">
    <p class='ocr_par' dir='ltr' id='par_1_42' title="bbox 2028 2221 3614 2300">
     <span class='ocr_line' id='line_1_42' title="bbox 2028 2221 3614 2300; baseline -0.005 -16"><span class='ocrx_word' id='word_1_301' title='bbox 2028 2229 2139 2284; x_wconf 89' lang='lat' dir='ltr'><strong>sint</strong></span> <span class='ocrx_word' id='word_1_302' title='bbox 2170 2231 2316 2300; x_wconf 82' lang='lat' dir='ltr'><strong>agni.</strong></span> <span class='ocrx_word' id='word_1_303' title='bbox 2350 2228 2475 2285; x_wconf 68' lang='lat' dir='ltr'><strong>Haec</strong></span> <span class='ocrx_word' id='word_1_304' title='bbox 2506 2240 2683 2285; x_wconf 77' lang='lat' dir='ltr'><strong>autem</strong></span> <span class='ocrx_word' id='word_1_305' title='bbox 2713 2244 2837 2284; x_wconf 85' lang='lat' dir='ltr'><strong>eum</strong></span> <span class='ocrx_word' id='word_1_306' title='bbox 2868 2228 3100 2282; x_wconf 75' lang='lat' dir='ltr'><strong>dixisset</strong></span> <span class='ocrx_word' id='word_1_307' title='bbox 3132 2225 3496 2297; x_wconf 88' lang='lat' dir='ltr'><strong>Paphnutius,</strong></span> <span class='ocrx_word' id='word_1_308' title='bbox 3532 2221 3614 2277; x_wconf 78' lang='lat' dir='ltr'><strong>fa-</strong></span> 
     </span>
    </p>
   </div>
   <div class='ocr_carea' id='block_1_43' title="bbox 2030 2317 3671 2389">
    <p class='ocr_par' dir='ltr' id='par_1_43' title="bbox 2030 2317 3671 2389">
     <span class='ocr_line' id='line_1_43' title="bbox 2030 2317 3671 2389; baseline -0.004 -12"><span class='ocrx_word' id='word_1_309' title='bbox 2030 2336 2113 2377; x_wconf 90' lang='lat' dir='ltr'><strong>cta</strong></span> <span class='ocrx_word' id='word_1_310' title='bbox 2159 2339 2345 2376; x_wconf 83' lang='lat' dir='ltr'><strong>rursus</strong></span> <span class='ocrx_word' id='word_1_311' title='bbox 2378 2323 2648 2388; x_wconf 83' lang='lat' dir='ltr'><strong>oratione,</strong></span> <span class='ocrx_word' id='word_1_312' title='bbox 2676 2331 2730 2376; x_wconf 77' lang='lat' dir='ltr'><strong>et</strong></span> <span class='ocrx_word' id='word_1_313' title='bbox 2759 2338 2859 2377; x_wconf 87' lang='lat' dir='ltr'><strong>nos</strong></span> <span class='ocrx_word' id='word_1_314' title='bbox 2896 2332 3087 2375; x_wconf 91' lang='lat' dir='ltr'><strong>mutuo</strong></span> <span class='ocrx_word' id='word_1_315' title='bbox 3123 2320 3415 2389; x_wconf 76' lang='lat' dir='ltr'><strong>complexi,</strong></span> <span class='ocrx_word' id='word_1_316' title='bbox 3448 2317 3613 2371; x_wconf 85' lang='lat' dir='ltr'><strong>inivi-</strong></span> <span class='ocrx_word' id='word_1_317' title='bbox 3670 2372 3671 2377; x_wconf 35' lang='grc' dir='ltr'><strong>η</strong></span> 
     </span>
    </p>
   </div>
   <div class='ocr_carea' id='block_1_44' title="bbox 343 2402 1937 2485">
    <p class='ocr_par' dir='ltr' id='par_1_44' title="bbox 343 2402 1913 2482">
     <span class='ocr_line' id='line_1_44' title="bbox 343 2402 1913 2482; baseline 0.006 -29"><span class='ocrx_word' id='word_1_318' title='bbox 343 2419 475 2472; x_wconf 82' lang='grc' dir='ltr'>ρων,</span> <span class='ocrx_word' id='word_1_319' title='bbox 504 2402 597 2455; x_wconf 75' lang='grc' dir='ltr'><strong>καὶ</strong></span> <span class='ocrx_word' id='word_1_320' title='bbox 626 2403 895 2471; x_wconf 70' lang='grc' dir='ltr'>συνάγαγε</span> <span class='ocrx_word' id='word_1_321' title='bbox 921 2402 1110 2477; x_wconf 80' lang='grc' dir='ltr'>χόρτον</span> <span class='ocrx_word' id='word_1_322' title='bbox 1136 2404 1366 2475; x_wconf 87' lang='grc' dir='ltr'>θερινὸν,</span> <span class='ocrx_word' id='word_1_323' title='bbox 1385 2405 1478 2457; x_wconf 72' lang='grc' dir='ltr'><strong>καὶ</strong></span> <span class='ocrx_word' id='word_1_324' title='bbox 1506 2406 1738 2477; x_wconf 78' lang='grc' dir='ltr'>πορεύου</span> <span class='ocrx_word' id='word_1_325' title='bbox 1771 2411 1829 2462; x_wconf 82' lang='grc' dir='ltr'>ὲν</span> <span class='ocrx_word' id='word_1_326' title='bbox 1849 2414 1913 2482; x_wconf 77' lang='grc' dir='ltr'>τῇ</span> 
     </span>
    </p>
   </div>
   <div class='ocr_carea' id='block_1_45' title="bbox 2039 2402 2730 2485">
    <p class='ocr_par' dir='ltr' id='par_1_45' title="bbox 2039 2414 2730 2485">
     <span class='ocr_line' id='line_1_45' title="bbox 2039 2414 2730 2485; baseline -0.001 -16"><span class='ocrx_word' id='word_1_327' title='bbox 2039 2431 2148 2469; x_wconf 76' lang='lat' dir='ltr'><strong>nus</strong></span> <span class='ocrx_word' id='word_1_328' title='bbox 2184 2415 2383 2485; x_wconf 83' lang='lat' dir='ltr'><strong>singuli</strong></span> <span class='ocrx_word' id='word_1_329' title='bbox 2418 2430 2577 2469; x_wconf 88' lang='lat' dir='ltr'><strong>suum</strong></span> <span class='ocrx_word' id='word_1_330' title='bbox 2609 2414 2730 2468; x_wconf 78' lang='lat' dir='ltr'><strong>iter.</strong></span> 
     </span>
    </p>
   </div>
   <div class='ocr_carea' id='block_1_46' title="bbox 341 2497 3618 2579">
    <p class='ocr_par' dir='ltr' id='par_1_46' title="bbox 341 2497 3618 2579">
     <span class='ocr_line' id='line_1_46' title="bbox 341 2497 3618 2579; baseline -0.005 -14"><span class='ocrx_word' id='word_1_331' title='bbox 341 2497 608 2568; x_wconf 74' lang='grc' dir='ltr'>Κυπρίων</span> <span class='ocrx_word' id='word_1_332' title='bbox 639 2499 805 2569; x_wconf 66' lang='grc' dir='ltr'><strong>νήσῳ,</strong></span> <span class='ocrx_word' id='word_1_333' title='bbox 841 2499 932 2551; x_wconf 65' lang='grc' dir='ltr'><strong>καὶ</strong></span> <span class='ocrx_word' id='word_1_334' title='bbox 957 2497 1123 2570; x_wconf 81' lang='grc' dir='ltr'>τρέφε</span> <span class='ocrx_word' id='word_1_335' title='bbox 1170 2497 1419 2570; x_wconf 61' lang='grc' dir='ltr'>πράσατα</span> <span class='ocrx_word' id='word_1_336' title='bbox 1467 2500 1548 2561; x_wconf 64' lang='grc' dir='ltr'><strong>εἷς</strong></span> <span class='ocrx_word' id='word_1_337' title='bbox 1597 2501 1908 2573; x_wconf 80' lang='grc' dir='ltr'>ἱματισμὸν,</span> <span class='ocrx_word' id='word_1_338' title='bbox 1948 2510 2042 2562; x_wconf 74' lang='grc' dir='ltr'><strong>καὶ</strong></span> <span class='ocrx_word' id='word_1_339' title='bbox 2096 2509 2233 2579; x_wconf 75' lang='grc' dir='ltr'>τίμα</span> <span class='ocrx_word' id='word_1_340' title='bbox 2289 2509 2504 2572; x_wconf 79' lang='grc' dir='ltr'>παῖδας,</span> <span class='ocrx_word' id='word_1_341' title='bbox 2568 2508 2656 2561; x_wconf 73' lang='grc' dir='ltr'>ἵνα</span> <span class='ocrx_word' id='word_1_342' title='bbox 2693 2501 2825 2560; x_wconf 81' lang='grc' dir='ltr'>ὦσιν</span> <span class='ocrx_word' id='word_1_343' title='bbox 2853 2507 2902 2559; x_wconf 78' lang='grc' dir='ltr'>οἱ</span> <span class='ocrx_word' id='word_1_344' title='bbox 2934 2506 3116 2578; x_wconf 85' lang='grc' dir='ltr'><strong>ἄρνες.</strong></span> <span class='ocrx_word' id='word_1_345' title='bbox 3148 2502 3333 2557; x_wconf 75' lang='grc' dir='ltr'>Ταῦτα</span> <span class='ocrx_word' id='word_1_346' title='bbox 3362 2502 3417 2555; x_wconf 77' lang='grc' dir='ltr'>δὲ</span> <span class='ocrx_word' id='word_1_347' title='bbox 3450 2500 3618 2555; x_wconf 87' lang='grc' dir='ltr'>εἰπὼν</span> 
     </span>
    </p>
   </div>
   <div class='ocr_carea' id='block_1_47' title="bbox 343 2588 3305 2670">
    <p class='ocr_par' dir='ltr' id='par_1_47' title="bbox 343 2588 3305 2670">
     <span class='ocr_line' id='line_1_47' title="bbox 343 2588 3305 2670; baseline 0.002 -25"><span class='ocrx_word' id='word_1_348' title='bbox 343 2589 700 2657; x_wconf 67' lang='grc' dir='ltr'>Πιφνούτιος,</span> <span class='ocrx_word' id='word_1_349' title='bbox 725 2589 821 2643; x_wconf 69' lang='grc' dir='ltr'><strong>καὶ</strong></span> <span class='ocrx_word' id='word_1_350' title='bbox 851 2588 1008 2644; x_wconf 82' lang='grc' dir='ltr'>πάλιν</span> <span class='ocrx_word' id='word_1_351' title='bbox 1036 2589 1321 2660; x_wconf 76' lang='grc' dir='ltr'>εὐξάμενοι</span> <span class='ocrx_word' id='word_1_352' title='bbox 1354 2590 1725 2661; x_wconf 77' lang='grc' dir='ltr'>ἡσπασάμεθα</span> <span class='ocrx_word' id='word_1_353' title='bbox 1749 2593 2013 2666; x_wconf 80' lang='grc' dir='ltr'><strong>ἀλλήλους</strong></span> <span class='ocrx_word' id='word_1_354' title='bbox 2045 2601 2138 2653; x_wconf 72' lang='grc' dir='ltr'>καὶ</span> <span class='ocrx_word' id='word_1_355' title='bbox 2168 2598 2544 2670; x_wconf 72' lang='grc' dir='ltr'>ἐπορεύθημεν</span> <span class='ocrx_word' id='word_1_356' title='bbox 2571 2598 2802 2661; x_wconf 74' lang='grc' dir='ltr'>ἕκαστος</span> <span class='ocrx_word' id='word_1_357' title='bbox 2843 2598 2940 2668; x_wconf 80' lang='grc' dir='ltr'>τὴν</span> <span class='ocrx_word' id='word_1_358' title='bbox 2972 2594 3091 2649; x_wconf 75' lang='grc' dir='ltr'>ὁδὸν</span> <span class='ocrx_word' id='word_1_359' title='bbox 3120 2592 3305 2648; x_wconf 75' lang='grc' dir='ltr'>αὐτοῦ.</span> 
     </span>
    </p>
   </div>
   <div class='ocr_carea' id='block_1_48' title="bbox 336 2677 1924 2750">
    <p class='ocr_par' dir='ltr' id='par_1_48' title="bbox 336 2677 1924 2750">
     <span class='ocr_line' id='line_1_48' title="bbox 336 2677 1924 2750; baseline 0.003 -17"><span class='ocrx_word' id='word_1_360' title='bbox 336 2716 339 2719; x_wconf 96' lang='grc'><strong>-</strong></span> <span class='ocrx_word' id='word_1_361' title='bbox 417 2681 544 2735; x_wconf 78' lang='grc' dir='ltr'><strong>ΚΖ’.</strong></span> <span class='ocrx_word' id='word_1_362' title='bbox 584 2677 692 2733; x_wconf 86' lang='grc' dir='ltr'>Ἦν</span> <span class='ocrx_word' id='word_1_363' title='bbox 718 2680 774 2733; x_wconf 83' lang='grc' dir='ltr'>δὲ</span> <span class='ocrx_word' id='word_1_364' title='bbox 801 2682 858 2733; x_wconf 80' lang='grc' dir='ltr'>ὲν</span> <span class='ocrx_word' id='word_1_365' title='bbox 887 2682 999 2743; x_wconf 85' lang='grc' dir='ltr'>τοῖς</span> <span class='ocrx_word' id='word_1_366' title='bbox 1034 2679 1218 2743; x_wconf 82' lang='grc' dir='ltr'>τόποις</span> <span class='ocrx_word' id='word_1_367' title='bbox 1250 2682 1364 2743; x_wconf 82' lang='grc' dir='ltr'>τοῖς</span> <span class='ocrx_word' id='word_1_368' title='bbox 1396 2681 1523 2750; x_wconf 80' lang='grc' dir='ltr'>περὶ</span> <span class='ocrx_word' id='word_1_369' title='bbox 1572 2682 1924 2739; x_wconf 81' lang='grc' dir='ltr'>Λεοντόπολιν</span> 
     </span>
    </p>
   </div>
   <div class='ocr_carea' id='block_1_49' title="bbox 344 2770 1930 2847">
    <p class='ocr_par' dir='ltr' id='par_1_49' title="bbox 344 2770 1930 2847">
     <span class='ocr_line' id='line_1_49' title="bbox 344 2770 1930 2847; baseline 0.001 -19"><span class='ocrx_word' id='word_1_370' title='bbox 344 2771 487 2843; x_wconf 71' lang='grc' dir='ltr'>ἀνὴρ</span> <span class='ocrx_word' id='word_1_371' title='bbox 521 2771 671 2842; x_wconf 83' lang='grc' dir='ltr'>παρά</span> <span class='ocrx_word' id='word_1_372' title='bbox 708 2788 819 2824; x_wconf 83' lang='grc' dir='ltr'>τισι</span> <span class='ocrx_word' id='word_1_373' title='bbox 852 2770 1203 2843; x_wconf 73' lang='grc' dir='ltr'>νομιζόμενος</span> <span class='ocrx_word' id='word_1_374' title='bbox 1229 2771 1452 2839; x_wconf 74' lang='grc' dir='ltr'>ἀγαθὸς,</span> <span class='ocrx_word' id='word_1_375' title='bbox 1481 2773 1576 2826; x_wconf 67' lang='grc' dir='ltr'><strong>καὶ</strong></span> <span class='ocrx_word' id='word_1_376' title='bbox 1624 2775 1930 2847; x_wconf 81' lang='grc' dir='ltr'>πρόγνωσιν</span> 
     </span>
    </p>
   </div>
   <div class='ocr_carea' id='block_1_50' title="bbox 344 2863 1927 2937">
    <p class='ocr_par' dir='ltr' id='par_1_50' title="bbox 344 2863 1927 2937">
     <span class='ocr_line' id='line_1_50' title="bbox 344 2863 1927 2937; baseline 0.004 -22"><span class='ocrx_word' id='word_1_377' title='bbox 344 2864 487 2934; x_wconf 70' lang='grc' dir='ltr'>ἔχων</span> <span class='ocrx_word' id='word_1_378' title='bbox 535 2863 706 2917; x_wconf 77' lang='grc' dir='ltr'>Θεοῦ·</span> <span class='ocrx_word' id='word_1_379' title='bbox 751 2863 812 2917; x_wconf 85' lang='grc' dir='ltr'>τὸ</span> <span class='ocrx_word' id='word_1_380' title='bbox 842 2863 900 2917; x_wconf 84' lang='grc' dir='ltr'>δὲ</span> <span class='ocrx_word' id='word_1_381' title='bbox 932 2863 1104 2934; x_wconf 74' lang='grc' dir='ltr'>ὄνομα</span> <span class='ocrx_word' id='word_1_382' title='bbox 1149 2863 1315 2916; x_wconf 81' lang='grc' dir='ltr'>αὑτοῦ</span> <span class='ocrx_word' id='word_1_383' title='bbox 1367 2864 1617 2918; x_wconf 75' lang='grc' dir='ltr'>ἐκαλεῖτο</span> <span class='ocrx_word' id='word_1_384' title='bbox 1655 2867 1927 2937; x_wconf 86' lang='grc' dir='ltr'>Ἱεράκας.</span> 
     </span>
    </p>
   </div>
   <div class='ocr_carea' id='block_1_51' title="bbox 346 2954 1929 3027">
    <p class='ocr_par' dir='ltr' id='par_1_51' title="bbox 346 2954 1929 3027">
     <span class='ocr_line' id='line_1_51' title="bbox 346 2954 1929 3027; baseline 0.005 -22"><span class='ocrx_word' id='word_1_385' title='bbox 346 2954 486 3027; x_wconf 72' lang='grc' dir='ltr'>Περὶ</span> <span class='ocrx_word' id='word_1_386' title='bbox 516 2954 705 3009; x_wconf 76' lang='grc' dir='ltr'>τούτου</span> <span class='ocrx_word' id='word_1_387' title='bbox 734 2956 792 3008; x_wconf 79' lang='grc' dir='ltr'>ὲν</span> <span class='ocrx_word' id='word_1_388' title='bbox 836 2956 904 3025; x_wconf 77' lang='grc' dir='ltr'><strong>τῇ</strong></span> <span class='ocrx_word' id='word_1_389' title='bbox 934 2954 1263 3027; x_wconf 83' lang='grc' dir='ltr'>Παλαιστίνῃ</span> <span class='ocrx_word' id='word_1_390' title='bbox 1315 2956 1548 3026; x_wconf 72' lang='grc' dir='ltr'>ἧκονσεν</span> <span class='ocrx_word' id='word_1_391' title='bbox 1591 2957 1929 3027; x_wconf 81' lang='grc' dir='ltr'>Ἐπιφάνιος,</span> 
     </span>
    </p>
   </div>
   <div class='ocr_carea' id='block_1_52' title="bbox 349 3042 1931 3122">
    <p class='ocr_par' dir='ltr' id='par_1_52' title="bbox 349 3042 1931 3122">
     <span class='ocr_line' id='line_1_52' title="bbox 349 3042 1931 3122; baseline 0.004 -23"><span class='ocrx_word' id='word_1_392' title='bbox 349 3048 447 3105; x_wconf 73' lang='grc' dir='ltr'><strong>καὶ</strong></span> <span class='ocrx_word' id='word_1_393' title='bbox 496 3045 657 3101; x_wconf 79' lang='grc' dir='ltr'>πόθον</span> <span class='ocrx_word' id='word_1_394' title='bbox 702 3042 871 3119; x_wconf 59' lang='grc' dir='ltr'>εἶχεν,</span> <span class='ocrx_word' id='word_1_395' title='bbox 892 3046 1082 3100; x_wconf 83' lang='grc' dir='ltr'>τοῦτον</span> <span class='ocrx_word' id='word_1_396' title='bbox 1114 3047 1260 3101; x_wconf 85' lang='grc' dir='ltr'>ίδείν.</span> <span class='ocrx_word' id='word_1_397' title='bbox 1279 3048 1512 3118; x_wconf 83' lang='grc' dir='ltr'>Ὁμοίως</span> <span class='ocrx_word' id='word_1_398' title='bbox 1544 3050 1639 3102; x_wconf 78' lang='grc' dir='ltr'><strong>καὶ</strong></span> <span class='ocrx_word' id='word_1_399' title='bbox 1682 3050 1931 3122; x_wconf 81' lang='grc' dir='ltr'>Ἰεράκας</span> 
     </span>
    </p>
   </div>
   <div class='ocr_carea' id='block_1_53' title="bbox 2103 2680 3625 2757">
    <p class='ocr_par' dir='ltr' id='par_1_53' title="bbox 2103 2680 3625 2757">
     <span class='ocr_line' id='line_1_53' title="bbox 2103 2680 3625 2757; baseline -0.006 -14"><span class='ocrx_word' id='word_1_400' title='bbox 2103 2688 2317 2743; x_wconf 69' lang='lat' dir='ltr'><strong>XXVII.</strong></span> <span class='ocrx_word' id='word_1_401' title='bbox 2360 2687 2417 2742; x_wconf 86' lang='lat' dir='ltr'><strong>In</strong></span> <span class='ocrx_word' id='word_1_402' title='bbox 2465 2689 2598 2744; x_wconf 88' lang='lat' dir='ltr'><strong>locis</strong></span> <span class='ocrx_word' id='word_1_403' title='bbox 2644 2698 2848 2749; x_wconf 84' lang='lat' dir='ltr'><strong>autem,</strong></span> <span class='ocrx_word' id='word_1_404' title='bbox 2880 2700 3002 2757; x_wconf 68' lang='lat' dir='ltr'><strong>qua:</strong></span> <span class='ocrx_word' id='word_1_405' title='bbox 3047 2686 3176 2739; x_wconf 81' lang='lat' dir='ltr'><strong>sunt</strong></span> <span class='ocrx_word' id='word_1_406' title='bbox 3209 2683 3354 2737; x_wconf 75' lang='lat' dir='ltr'><strong>circa</strong></span> <span class='ocrx_word' id='word_1_407' title='bbox 3387 2680 3625 2735; x_wconf 84' lang='lat' dir='ltr'><strong>Leonto-</strong></span> 
     </span>
    </p>
   </div>
   <div class='ocr_carea' id='block_1_54' title="bbox 2031 2773 3623 2853">
    <p class='ocr_par' dir='ltr' id='par_1_54' title="bbox 2031 2773 3623 2853">
     <span class='ocr_line' id='line_1_54' title="bbox 2031 2773 3623 2853; baseline -0.006 -16"><span class='ocrx_word' id='word_1_408' title='bbox 2031 2784 2217 2853; x_wconf 89' lang='lat' dir='ltr'><strong>polim,</strong></span> <span class='ocrx_word' id='word_1_409' title='bbox 2243 2795 2359 2837; x_wconf 87' lang='lat' dir='ltr'><strong>erat</strong></span> <span class='ocrx_word' id='word_1_410' title='bbox 2393 2784 2476 2836; x_wconf 92' lang='lat' dir='ltr'><strong>vir</strong></span> <span class='ocrx_word' id='word_1_411' title='bbox 2506 2783 2752 2852; x_wconf 81' lang='lat' dir='ltr'><strong>quidam,</strong></span> <span class='ocrx_word' id='word_1_412' title='bbox 2785 2780 2880 2851; x_wconf 88' lang='lat' dir='ltr'><strong>qui</strong></span> <span class='ocrx_word' id='word_1_413' title='bbox 2918 2779 3060 2850; x_wconf 83' lang='lat' dir='ltr'><strong>apud</strong></span> <span class='ocrx_word' id='word_1_414' title='bbox 3100 2778 3312 2847; x_wconf 89' lang='lat' dir='ltr'><strong>aliquos</strong></span> <span class='ocrx_word' id='word_1_415' title='bbox 3347 2773 3623 2829; x_wconf 77' lang='lat' dir='ltr'><strong>existinm-</strong></span> 
     </span>
    </p>
   </div>
   <div class='ocr_carea' id='block_1_55' title="bbox 2032 2865 3623 2941">
    <p class='ocr_par' dir='ltr' id='par_1_55' title="bbox 2032 2865 3623 2941">
     <span class='ocr_line' id='line_1_55' title="bbox 2032 2865 3623 2941; baseline -0.007 -14"><span class='ocrx_word' id='word_1_416' title='bbox 2032 2874 2194 2927; x_wconf 89' lang='lat' dir='ltr'><strong>batur</strong></span> <span class='ocrx_word' id='word_1_417' title='bbox 2214 2873 2411 2939; x_wconf 57' lang='lat' dir='ltr'><strong>bonus,</strong></span> <span class='ocrx_word' id='word_1_418' title='bbox 2433 2882 2486 2927; x_wconf 84' lang='lat' dir='ltr'><strong>et</strong></span> <span class='ocrx_word' id='word_1_419' title='bbox 2504 2872 2597 2926; x_wconf 84' lang='lat' dir='ltr'><strong>Dei</strong></span> <span class='ocrx_word' id='word_1_420' title='bbox 2620 2871 2821 2927; x_wconf 78' lang='lat' dir='ltr'><strong>habere</strong></span> <span class='ocrx_word' id='word_1_421' title='bbox 2848 2868 3245 2941; x_wconf 73' lang='lat' dir='ltr'><strong>praescientiam</strong></span> <span class='ocrx_word' id='word_1_422' title='bbox 3280 2885 3293 2920; x_wconf 93' lang='lat'><strong>:</strong></span> <span class='ocrx_word' id='word_1_423' title='bbox 3326 2865 3623 2920; x_wconf 78' lang='lat' dir='ltr'><strong>vocabatur</strong></span> 
     </span>
    </p>
   </div>
   <div class='ocr_carea' id='block_1_56' title="bbox 2033 2956 3735 3019">
    <p class='ocr_par' dir='ltr' id='par_1_56' title="bbox 2033 2956 3735 3019">
     <span class='ocr_line' id='line_1_56' title="bbox 2033 2956 3735 3019; baseline -0.004 -3"><span class='ocrx_word' id='word_1_424' title='bbox 2033 2980 2162 3019; x_wconf 90' lang='lat' dir='ltr'><strong>vero</strong></span> <span class='ocrx_word' id='word_1_425' title='bbox 2207 2965 2444 3019; x_wconf 78' lang='lat' dir='ltr'><strong>nomine</strong></span> <span class='ocrx_word' id='word_1_426' title='bbox 2473 2963 2694 3018; x_wconf 83' lang='lat' dir='ltr'><strong>llierax.</strong></span> <span class='ocrx_word' id='word_1_427' title='bbox 2739 2961 2817 3017; x_wconf 88' lang='lat' dir='ltr'><strong>De</strong></span> <span class='ocrx_word' id='word_1_428' title='bbox 2859 2977 2926 3016; x_wconf 89' lang='lat' dir='ltr'><strong>eo</strong></span> <span class='ocrx_word' id='word_1_429' title='bbox 2980 2960 3034 3015; x_wconf 90' lang='lat' dir='ltr'><strong>in</strong></span> <span class='ocrx_word' id='word_1_430' title='bbox 3079 2958 3371 3013; x_wconf 69' lang='lat' dir='ltr'><strong>Palaestina</strong></span> <span class='ocrx_word' id='word_1_431' title='bbox 3414 2956 3625 3012; x_wconf 85' lang='lat' dir='ltr'><strong>audivit</strong></span> <span class='ocrx_word' id='word_1_432' title='bbox 3724 2990 3735 2997; x_wconf 93' lang='lat'><strong><em>-</em></strong></span> 
     </span>
    </p>
   </div>
   <div class='ocr_carea' id='block_1_57' title="bbox 2033 3046 3626 3125">
    <p class='ocr_par' dir='ltr' id='par_1_57' title="bbox 2033 3046 3626 3125">
     <span class='ocr_line' id='line_1_57' title="bbox 2033 3046 3626 3125; baseline -0.006 -15"><span class='ocrx_word' id='word_1_433' title='bbox 2033 3056 2386 3125; x_wconf 84' lang='lat' dir='ltr'><strong>Epiphanius,</strong></span> <span class='ocrx_word' id='word_1_434' title='bbox 2426 3063 2481 3110; x_wconf 87' lang='lat' dir='ltr'><strong>et</strong></span> <span class='ocrx_word' id='word_1_435' title='bbox 2526 3071 2653 3110; x_wconf 89' lang='lat' dir='ltr'><strong>eum</strong></span> <span class='ocrx_word' id='word_1_436' title='bbox 2701 3051 3041 3108; x_wconf 85' lang='lat' dir='ltr'><strong>desideravit</strong></span> <span class='ocrx_word' id='word_1_437' title='bbox 3095 3048 3301 3104; x_wconf 89' lang='lat' dir='ltr'><strong>videre.</strong></span> <span class='ocrx_word' id='word_1_438' title='bbox 3358 3046 3626 3102; x_wconf 83' lang='lat' dir='ltr'><strong>Similiter</strong></span> 
     </span>
    </p>
   </div>
   <div class='ocr_carea' id='block_1_58' title="bbox 348 3135 1937 3226">
    <p class='ocr_par' dir='ltr' id='par_1_58' title="bbox 348 3135 1930 3211">
     <span class='ocr_line' id='line_1_58' title="bbox 348 3135 1930 3211; baseline 0.003 -19"><span class='ocrx_word' id='word_1_439' title='bbox 348 3141 582 3211; x_wconf 70' lang='grc' dir='ltr'>ηκουσεν</span> <span class='ocrx_word' id='word_1_440' title='bbox 633 3139 764 3209; x_wconf 76' lang='grc' dir='ltr'>περὶ</span> <span class='ocrx_word' id='word_1_441' title='bbox 802 3135 1254 3209; x_wconf 58' lang='grc' dir='ltr'>ἘπιφανίουῘΗν</span> <span class='ocrx_word' id='word_1_442' title='bbox 1290 3139 1347 3193; x_wconf 88' lang='grc' dir='ltr'>δὲ</span> <span class='ocrx_word' id='word_1_443' title='bbox 1375 3135 1530 3205; x_wconf 76' lang='grc' dir='ltr'>οὗτος</span> <span class='ocrx_word' id='word_1_444' title='bbox 1560 3140 1666 3205; x_wconf 65' lang='grc' dir='ltr'><strong>ἔξω</strong></span> <span class='ocrx_word' id='word_1_445' title='bbox 1702 3143 1930 3197; x_wconf 88' lang='grc' dir='ltr'>Λεοντο-</span> 
     </span>
    </p>
   </div>
   <div class='ocr_carea' id='block_1_59' title="bbox 2039 3135 3623 3226">
    <p class='ocr_par' dir='ltr' id='par_1_59' title="bbox 2039 3137 3623 3217">
     <span class='ocr_line' id='line_1_59' title="bbox 2039 3137 3623 3217; baseline -0.004 -18"><span class='ocrx_word' id='word_1_446' title='bbox 2039 3145 2233 3201; x_wconf 72' lang='lat' dir='ltr'><strong>Hiera:</strong></span> <span class='ocrx_word' id='word_1_447' title='bbox 2281 3160 2528 3217; x_wconf 49' lang='lat' dir='ltr'><strong>quoque.</strong></span> <span class='ocrx_word' id='word_1_448' title='bbox 2555 3145 2764 3200; x_wconf 79' lang='lat' dir='ltr'><strong>audivit</strong></span> <span class='ocrx_word' id='word_1_449' title='bbox 2811 3143 2879 3198; x_wconf 91' lang='lat' dir='ltr'><strong>de</strong></span> <span class='ocrx_word' id='word_1_450' title='bbox 2921 3141 3244 3213; x_wconf 81' lang='lat' dir='ltr'><strong>Epiphanio.</strong></span> <span class='ocrx_word' id='word_1_451' title='bbox 3278 3137 3408 3192; x_wconf 82' lang='lat' dir='ltr'><strong>Erat</strong></span> <span class='ocrx_word' id='word_1_452' title='bbox 3443 3150 3623 3193; x_wconf 79' lang='lat' dir='ltr'><strong>autem</strong></span> 
     </span>
    </p>
   </div>
   <div class='ocr_carea' id='block_1_60' title="bbox 349 3224 1934 3307">
    <p class='ocr_par' dir='ltr' id='par_1_60' title="bbox 349 3224 1934 3307">
     <span class='ocr_line' id='line_1_60' title="bbox 349 3224 1934 3307; baseline 0.001 -21"><span class='ocrx_word' id='word_1_453' title='bbox 349 3232 580 3294; x_wconf 76' lang='grc' dir='ltr'>πόλεως.</span> <span class='ocrx_word' id='word_1_454' title='bbox 606 3231 683 3295; x_wconf 83' lang='grc' dir='ltr'>ὡς</span> <span class='ocrx_word' id='word_1_455' title='bbox 730 3230 839 3285; x_wconf 84' lang='grc' dir='ltr'>ἀπὸ</span> <span class='ocrx_word' id='word_1_456' title='bbox 889 3230 1115 3302; x_wconf 77' lang='grc' dir='ltr'>σημείου</span> <span class='ocrx_word' id='word_1_457' title='bbox 1159 3232 1311 3296; x_wconf 77' lang='grc' dir='ltr'>ἑνός’</span> <span class='ocrx_word' id='word_1_458' title='bbox 1344 3224 1497 3296; x_wconf 79' lang='grc' dir='ltr'>οὗτος</span> <span class='ocrx_word' id='word_1_459' title='bbox 1544 3233 1824 3287; x_wconf 80' lang='grc' dir='ltr'>ἐδίδασκεν</span> <span class='ocrx_word' id='word_1_460' title='bbox 1860 3235 1934 3307; x_wconf 83' lang='grc' dir='ltr'>μὴ</span> 
     </span>
    </p>
   </div>
   <div class='ocr_carea' id='block_1_61' title="bbox 351 3322 1933 3397">
    <p class='ocr_par' dir='ltr' id='par_1_61' title="bbox 351 3322 1933 3397">
     <span class='ocr_line' id='line_1_61' title="bbox 351 3322 1933 3397; baseline 0.001 -19"><span class='ocrx_word' id='word_1_461' title='bbox 351 3322 674 3378; x_wconf 79' lang='grc' dir='ltr'>ἀνίστασθαι</span> <span class='ocrx_word' id='word_1_462' title='bbox 696 3322 899 3395; x_wconf 81' lang='grc' dir='ltr'>ταύτην</span> <span class='ocrx_word' id='word_1_463' title='bbox 919 3322 1018 3394; x_wconf 68' lang='grc' dir='ltr'>τὴν</span> <span class='ocrx_word' id='word_1_464' title='bbox 1049 3323 1246 3394; x_wconf 85' lang='grc' dir='ltr'>σάρκα.</span> <span class='ocrx_word' id='word_1_465' title='bbox 1270 3323 1385 3376; x_wconf 74' lang='grc' dir='ltr'>ἀλλ’</span> <span class='ocrx_word' id='word_1_466' title='bbox 1402 3325 1597 3395; x_wconf 79' lang='grc' dir='ltr'>ἑτέραν</span> <span class='ocrx_word' id='word_1_467' title='bbox 1625 3324 1792 3397; x_wconf 77' lang='grc' dir='ltr'>ἄλλην</span> <span class='ocrx_word' id='word_1_468' title='bbox 1819 3328 1933 3380; x_wconf 87' lang='grc' dir='ltr'>ἀντ’</span> 
     </span>
    </p>
   </div>
   <div class='ocr_carea' id='block_1_62' title="bbox 354 3414 1936 3491">
    <p class='ocr_par' dir='ltr' id='par_1_62' title="bbox 354 3414 1936 3491">
     <span class='ocr_line' id='line_1_62' title="bbox 354 3414 1936 3491; baseline 0.001 -20"><span class='ocrx_word' id='word_1_469' title='bbox 354 3415 547 3485; x_wconf 76' lang='grc' dir='ltr'>αὐτῆς,</span> <span class='ocrx_word' id='word_1_470' title='bbox 576 3416 670 3468; x_wconf 74' lang='grc' dir='ltr'><strong>καὶ</strong></span> <span class='ocrx_word' id='word_1_471' title='bbox 716 3414 921 3485; x_wconf 76' lang='grc' dir='ltr'>ταύτην</span> <span class='ocrx_word' id='word_1_472' title='bbox 966 3417 1047 3478; x_wconf 83' lang='grc' dir='ltr'><strong>είς</strong></span> <span class='ocrx_word' id='word_1_473' title='bbox 1090 3416 1195 3486; x_wconf 77' lang='grc' dir='ltr'>γῆν</span> <span class='ocrx_word' id='word_1_474' title='bbox 1242 3415 1577 3480; x_wconf 79' lang='grc' dir='ltr'>διαλύεσθαι.</span> <span class='ocrx_word' id='word_1_475' title='bbox 1611 3419 1694 3471; x_wconf 88' lang='grc' dir='ltr'>ὃτι</span> <span class='ocrx_word' id='word_1_476' title='bbox 1728 3420 1936 3491; x_wconf 85' lang='grc' dir='ltr'>γέγρα-</span> 
     </span>
    </p>
   </div>
   <div class='ocr_carea' id='block_1_63' title="bbox 354 3503 1939 3577">
    <p class='ocr_par' dir='ltr' id='par_1_63' title="bbox 354 3503 1939 3577">
     <span class='ocr_line' id='line_1_63' title="bbox 354 3503 1939 3577; baseline 0.002 -15"><span class='ocrx_word' id='word_1_477' title='bbox 354 3523 527 3562; x_wconf 83' lang='grc' dir='ltr'>πται’</span> <span class='ocrx_word' id='word_1_478' title='bbox 576 3505 665 3574; x_wconf 84' lang='grc' dir='ltr'><strong>Γῆ</strong></span> <span class='ocrx_word' id='word_1_479' title='bbox 709 3503 784 3570; x_wconf 74' lang='grc' dir='ltr'><strong>εἷ,</strong></span> <span class='ocrx_word' id='word_1_480' title='bbox 813 3506 913 3561; x_wconf 75' lang='grc' dir='ltr'><strong>καὶ</strong></span> <span class='ocrx_word' id='word_1_481' title='bbox 960 3509 1047 3573; x_wconf 78' lang='grc' dir='ltr'>εἰς</span> <span class='ocrx_word' id='word_1_482' title='bbox 1093 3506 1210 3576; x_wconf 77' lang='grc' dir='ltr'><strong>γῆν</strong></span> <span class='ocrx_word' id='word_1_483' title='bbox 1253 3508 1589 3577; x_wconf 74' lang='grc' dir='ltr'>ἀπελεύσῃ.</span> <span class='ocrx_word' id='word_1_484' title='bbox 1634 3511 1743 3563; x_wconf 82' lang='grc' dir='ltr'><strong>Καὶ</strong></span> <span class='ocrx_word' id='word_1_485' title='bbox 1777 3511 1939 3565; x_wconf 87' lang='grc' dir='ltr'>πάλιν</span> 
     </span>
    </p>
   </div>
   <div class='ocr_carea' id='block_1_64' title="bbox 355 3595 1939 3669">
    <p class='ocr_par' dir='ltr' id='par_1_64' title="bbox 355 3595 1939 3669">
     <span class='ocr_line' id='line_1_64' title="bbox 355 3595 1939 3669; baseline 0 -16"><span class='ocrx_word' id='word_1_486' title='bbox 355 3596 565 3665; x_wconf 66' lang='grc' dir='ltr'>ἔλεγεν,</span> <span class='ocrx_word' id='word_1_487' title='bbox 597 3597 678 3650; x_wconf 74' lang='grc' dir='ltr'>ὅτι</span> <span class='ocrx_word' id='word_1_488' title='bbox 725 3596 795 3650; x_wconf 89' lang='grc' dir='ltr'><strong>τά</strong></span> <span class='ocrx_word' id='word_1_489' title='bbox 840 3596 1028 3649; x_wconf 84' lang='grc' dir='ltr'>παιδία</span> <span class='ocrx_word' id='word_1_490' title='bbox 1076 3595 1150 3666; x_wconf 84' lang='grc' dir='ltr'>μὴ</span> <span class='ocrx_word' id='word_1_491' title='bbox 1199 3595 1383 3650; x_wconf 84' lang='grc' dir='ltr'>τέλεια</span> <span class='ocrx_word' id='word_1_492' title='bbox 1418 3598 1687 3669; x_wconf 80' lang='grc' dir='ltr'>ὑπάρχειν</span> <span class='ocrx_word' id='word_1_493' title='bbox 1721 3600 1814 3652; x_wconf 74' lang='grc' dir='ltr'><strong>ἐπὶ</strong></span> <span class='ocrx_word' id='word_1_494' title='bbox 1845 3599 1939 3653; x_wconf 79' lang='grc' dir='ltr'><strong>τοῦ</strong></span> 
     </span>
    </p>
   </div>
   <div class='ocr_carea' id='block_1_65' title="bbox 363 3683 1943 3761">
    <p class='ocr_par' dir='ltr' id='par_1_65' title="bbox 363 3683 1943 3761">
     <span class='ocr_line' id='line_1_65' title="bbox 363 3683 1943 3761; baseline -0.001 -17"><span class='ocrx_word' id='word_1_495' title='bbox 363 3690 646 3761; x_wconf 69' lang='grc' dir='ltr'>μέλλοντος</span> <span class='ocrx_word' id='word_1_496' title='bbox 668 3688 880 3751; x_wconf 85' lang='grc' dir='ltr'>αίῶνος.</span> <span class='ocrx_word' id='word_1_497' title='bbox 924 3686 1283 3743; x_wconf 83' lang='grc' dir='ltr'>Είσελθόντων</span> <span class='ocrx_word' id='word_1_498' title='bbox 1312 3683 1404 3741; x_wconf 82' lang='grc' dir='ltr'>οὖν</span> <span class='ocrx_word' id='word_1_499' title='bbox 1436 3688 1593 3759; x_wconf 82' lang='grc' dir='ltr'>ἡμῶν</span> <span class='ocrx_word' id='word_1_500' title='bbox 1632 3690 1690 3742; x_wconf 84' lang='grc' dir='ltr'>ὲν</span> <span class='ocrx_word' id='word_1_501' title='bbox 1721 3689 1800 3760; x_wconf 83' lang='grc' dir='ltr'>τῷ</span> <span class='ocrx_word' id='word_1_502' title='bbox 1831 3708 1943 3760; x_wconf 80' lang='grc' dir='ltr'>μο-</span> 
     </span>
    </p>
   </div>
   <div class='ocr_carea' id='block_1_66' title="bbox 360 3777 1944 3852">
    <p class='ocr_par' dir='ltr' id='par_1_66' title="bbox 360 3777 1944 3852">
     <span class='ocr_line' id='line_1_66' title="bbox 360 3777 1944 3852; baseline -0.001 -17"><span class='ocrx_word' id='word_1_503' title='bbox 360 3783 635 3852; x_wconf 83' lang='grc' dir='ltr'>ναστηρίῳ</span> <span class='ocrx_word' id='word_1_504' title='bbox 662 3777 825 3833; x_wconf 78' lang='grc' dir='ltr'>αὑτοῦ</span> <span class='ocrx_word' id='word_1_505' title='bbox 855 3777 1144 3850; x_wconf 82' lang='grc' dir='ltr'>ηὑράμεθα</span> <span class='ocrx_word' id='word_1_506' title='bbox 1174 3777 1349 3850; x_wconf 83' lang='grc' dir='ltr'>πλήθη</span> <span class='ocrx_word' id='word_1_507' title='bbox 1386 3779 1553 3832; x_wconf 80' lang='grc' dir='ltr'>πολλά</span> <span class='ocrx_word' id='word_1_508' title='bbox 1578 3779 1944 3851; x_wconf 81' lang='grc' dir='ltr'>διδασκόμενα</span> 
     </span>
    </p>
   </div>
   <div class='ocr_carea' id='block_1_67' title="bbox 363 3867 1941 3943">
    <p class='ocr_par' dir='ltr' id='par_1_67' title="bbox 363 3867 1941 3943">
     <span class='ocr_line' id='line_1_67' title="bbox 363 3867 1941 3943; baseline -0.003 -15"><span class='ocrx_word' id='word_1_509' title='bbox 363 3874 457 3928; x_wconf 80' lang='grc' dir='ltr'><strong>ὑπ’</strong></span> <span class='ocrx_word' id='word_1_510' title='bbox 481 3867 778 3928; x_wconf 53' lang='grc' dir='ltr'><strong>αὐτοῦῙΗν</strong></span> <span class='ocrx_word' id='word_1_511' title='bbox 804 3871 914 3943; x_wconf 85' lang='grc' dir='ltr'><strong>γάρ</strong></span> <span class='ocrx_word' id='word_1_512' title='bbox 944 3870 1281 3940; x_wconf 80' lang='grc' dir='ltr'>ἀπεχόμενος</span> <span class='ocrx_word' id='word_1_513' title='bbox 1309 3868 1566 3941; x_wconf 81' lang='grc' dir='ltr'>βρώσεως</span> <span class='ocrx_word' id='word_1_514' title='bbox 1606 3871 1701 3924; x_wconf 76' lang='grc' dir='ltr'><strong>καὶ</strong></span> <span class='ocrx_word' id='word_1_515' title='bbox 1731 3871 1941 3935; x_wconf 80' lang='grc' dir='ltr'>πόσεως</span> 
     </span>
    </p>
   </div>
   <div class='ocr_carea' id='block_1_68' title="bbox 364 3961 1943 4035">
    <p class='ocr_par' dir='ltr' id='par_1_68' title="bbox 364 3961 1943 4035">
     <span class='ocr_line' id='line_1_68' title="bbox 364 3961 1943 4035; baseline -0.005 -13"><span class='ocrx_word' id='word_1_516' title='bbox 364 3966 585 4030; x_wconf 71' lang='grc' dir='ltr'>ἱκανῶς.</span> <span class='ocrx_word' id='word_1_517' title='bbox 618 3965 755 4020; x_wconf 76' lang='grc' dir='ltr'>Οὔτε</span> <span class='ocrx_word' id='word_1_518' title='bbox 796 3965 907 4035; x_wconf 77' lang='grc' dir='ltr'><strong>γὰρ</strong></span> <span class='ocrx_word' id='word_1_519' title='bbox 953 3962 1135 4016; x_wconf 71' lang='grc' dir='ltr'>ελαίου</span> <span class='ocrx_word' id='word_1_520' title='bbox 1176 3961 1607 4033; x_wconf 75' lang='grc' dir='ltr'>μετελάμϐανεν,</span> <span class='ocrx_word' id='word_1_521' title='bbox 1637 3961 1761 4015; x_wconf 82' lang='grc' dir='ltr'>οὔτε</span> <span class='ocrx_word' id='word_1_522' title='bbox 1802 3963 1943 4015; x_wconf 83' lang='grc' dir='ltr'>οῑνου</span> 
     </span>
    </p>
   </div>
   <div class='ocr_carea' id='block_1_69' title="bbox 363 4051 1945 4124">
    <p class='ocr_par' dir='ltr' id='par_1_69' title="bbox 363 4051 1945 4124">
     <span class='ocr_line' id='line_1_69' title="bbox 363 4051 1945 4124; baseline -0.002 -12"><span class='ocrx_word' id='word_1_523' title='bbox 363 4058 517 4124; x_wconf 72' lang='grc' dir='ltr'>ἐξότε</span> <span class='ocrx_word' id='word_1_524' title='bbox 549 4056 882 4123; x_wconf 82' lang='grc' dir='ltr'><strong>ἀπετάξατο.</strong></span> <span class='ocrx_word' id='word_1_525' title='bbox 904 4057 989 4117; x_wconf 84' lang='grc' dir='ltr'>Ὠς</span> <span class='ocrx_word' id='word_1_526' title='bbox 1032 4051 1125 4108; x_wconf 77' lang='grc' dir='ltr'>οὖν</span> <span class='ocrx_word' id='word_1_527' title='bbox 1176 4054 1288 4108; x_wconf 79' lang='grc' dir='ltr'>ἴδεν</span> <span class='ocrx_word' id='word_1_528' title='bbox 1326 4054 1415 4108; x_wconf 81' lang='grc' dir='ltr'>τὸν</span> <span class='ocrx_word' id='word_1_529' title='bbox 1461 4055 1799 4124; x_wconf 80' lang='grc' dir='ltr'>Ἐπιφάνιον,</span> <span class='ocrx_word' id='word_1_530' title='bbox 1847 4057 1945 4109; x_wconf 80' lang='grc' dir='ltr'><strong>ἐπ-</strong></span> 
     </span>
    </p>
   </div>
   <div class='ocr_carea' id='block_1_70' title="bbox 363 4144 1944 4220">
    <p class='ocr_par' dir='ltr' id='par_1_70' title="bbox 363 4144 1944 4220">
     <span class='ocr_line' id='line_1_70' title="bbox 363 4144 1944 4220; baseline 0 -21"><span class='ocrx_word' id='word_1_531' title='bbox 363 4147 649 4220; x_wconf 81' lang='grc' dir='ltr'>ηρώτησεν</span> <span class='ocrx_word' id='word_1_532' title='bbox 677 4147 842 4201; x_wconf 80' lang='grc' dir='ltr'>πόθεν</span> <span class='ocrx_word' id='word_1_533' title='bbox 887 4146 1054 4200; x_wconf 79' lang='grc' dir='ltr'>ἐστίν.</span> <span class='ocrx_word' id='word_1_534' title='bbox 1089 4147 1199 4198; x_wconf 79' lang='grc' dir='ltr'><strong>Καὶ</strong></span> <span class='ocrx_word' id='word_1_535' title='bbox 1227 4144 1415 4215; x_wconf 86' lang='grc' dir='ltr'>μαθὼν</span> <span class='ocrx_word' id='word_1_536' title='bbox 1444 4147 1526 4198; x_wconf 80' lang='grc' dir='ltr'>ὅτι</span> <span class='ocrx_word' id='word_1_537' title='bbox 1567 4145 1944 4210; x_wconf 82' lang='grc' dir='ltr'>Παλαιστινδς,</span> 
     </span>
    </p>
   </div>
   <div class='ocr_carea' id='block_1_71' title="bbox 362 4237 1948 4311">
    <p class='ocr_par' dir='ltr' id='par_1_71' title="bbox 362 4237 1948 4311">
     <span class='ocr_line' id='line_1_71' title="bbox 362 4237 1948 4311; baseline 0 -19"><span class='ocrx_word' id='word_1_538' title='bbox 362 4239 650 4311; x_wconf 65' lang='grc' dir='ltr'>ἠρώτησεν</span> <span class='ocrx_word' id='word_1_539' title='bbox 682 4240 777 4293; x_wconf 77' lang='grc' dir='ltr'><strong>καὶ</strong></span> <span class='ocrx_word' id='word_1_540' title='bbox 808 4239 871 4291; x_wconf 85' lang='grc' dir='ltr'>τὸ</span> <span class='ocrx_word' id='word_1_541' title='bbox 904 4239 1109 4309; x_wconf 70' lang='grc' dir='ltr'>ὄνομα·</span> <span class='ocrx_word' id='word_1_542' title='bbox 1157 4238 1253 4291; x_wconf 75' lang='grc' dir='ltr'><strong>καὶ</strong></span> <span class='ocrx_word' id='word_1_543' title='bbox 1287 4237 1474 4309; x_wconf 88' lang='grc' dir='ltr'>μαθὼν</span> <span class='ocrx_word' id='word_1_544' title='bbox 1514 4240 1597 4292; x_wconf 83' lang='grc' dir='ltr'>ὅτι</span> <span class='ocrx_word' id='word_1_545' title='bbox 1633 4240 1948 4309; x_wconf 82' lang='grc' dir='ltr'>Ἐπιφάνιος</span> 
     </span>
    </p>
   </div>
   <div class='ocr_carea' id='block_1_72' title="bbox 365 4325 1951 4402">
    <p class='ocr_par' dir='ltr' id='par_1_72' title="bbox 365 4325 1951 4402">
     <span class='ocr_line' id='line_1_72' title="bbox 365 4325 1951 4402; baseline -0.003 -16"><span class='ocrx_word' id='word_1_546' title='bbox 365 4332 631 4395; x_wconf 77' lang='grc' dir='ltr'>καλεῖται,</span> <span class='ocrx_word' id='word_1_547' title='bbox 663 4331 967 4401; x_wconf 79' lang='grc' dir='ltr'>ἠγωνίασεν</span> <span class='ocrx_word' id='word_1_548' title='bbox 1013 4325 1284 4384; x_wconf 84' lang='grc' dir='ltr'>πο).ύ.Ἧν</span> <span class='ocrx_word' id='word_1_549' title='bbox 1327 4330 1438 4402; x_wconf 87' lang='grc' dir='ltr'>γὰρ</span> <span class='ocrx_word' id='word_1_550' title='bbox 1489 4331 1549 4382; x_wconf 81' lang='grc' dir='ltr'>ὲν</span> <span class='ocrx_word' id='word_1_551' title='bbox 1589 4330 1851 4401; x_wconf 75' lang='grc' dir='ltr'>Αἰγύπτῳ</span> <span class='ocrx_word' id='word_1_552' title='bbox 1880 4330 1951 4383; x_wconf 85' lang='grc' dir='ltr'>τὰ</span> 
     </span>
    </p>
   </div>
   <div class='ocr_carea' id='block_1_73' title="bbox 363 4421 1952 4494">
    <p class='ocr_par' dir='ltr' id='par_1_73' title="bbox 363 4421 1952 4494">
     <span class='ocr_line' id='line_1_73' title="bbox 363 4421 1952 4494; baseline -0.001 -17"><span class='ocrx_word' id='word_1_553' title='bbox 363 4424 637 4493; x_wconf 83' lang='grc' dir='ltr'>λεγόμενα</span> <span class='ocrx_word' id='word_1_554' title='bbox 680 4422 810 4494; x_wconf 69' lang='grc' dir='ltr'>περὶ</span> <span class='ocrx_word' id='word_1_555' title='bbox 850 4421 1189 4490; x_wconf 84' lang='grc' dir='ltr'>Ἐπιφανίου,</span> <span class='ocrx_word' id='word_1_556' title='bbox 1223 4421 1306 4475; x_wconf 82' lang='grc' dir='ltr'>ὅτι</span> <span class='ocrx_word' id='word_1_557' title='bbox 1332 4422 1513 4491; x_wconf 85' lang='grc' dir='ltr'>λόγιός</span> <span class='ocrx_word' id='word_1_558' title='bbox 1538 4422 1655 4476; x_wconf 75' lang='grc' dir='ltr'>ἐστι</span> <span class='ocrx_word' id='word_1_559' title='bbox 1685 4421 1782 4475; x_wconf 78' lang='grc' dir='ltr'><strong>καὶ</strong></span> <span class='ocrx_word' id='word_1_560' title='bbox 1817 4422 1952 4492; x_wconf 88' lang='grc' dir='ltr'>πρό-</span> 
     </span>
    </p>
   </div>
   <div class='ocr_carea' id='block_1_74' title="bbox 2037 3228 3622 3307">
    <p class='ocr_par' dir='ltr' id='par_1_74' title="bbox 2037 3228 3622 3307">
     <span class='ocr_line' id='line_1_74' title="bbox 2037 3228 3622 3307; baseline -0.006 -14"><span class='ocrx_word' id='word_1_561' title='bbox 2037 3238 2159 3307; x_wconf 84' lang='lat' dir='ltr'><strong>ejus</strong></span> <span class='ocrx_word' id='word_1_562' title='bbox 2196 3238 2393 3292; x_wconf 82' lang='lat' dir='ltr'><strong>domus</strong></span> <span class='ocrx_word' id='word_1_563' title='bbox 2443 3236 2511 3291; x_wconf 92' lang='lat' dir='ltr'><strong>ad</strong></span> <span class='ocrx_word' id='word_1_564' title='bbox 2555 3251 2724 3291; x_wconf 90' lang='lat' dir='ltr'><strong>unum</strong></span> <span class='ocrx_word' id='word_1_565' title='bbox 2770 3234 3004 3304; x_wconf 76' lang='lat' dir='ltr'><strong>lapidem</strong></span> <span class='ocrx_word' id='word_1_566' title='bbox 3038 3242 3192 3287; x_wconf 81' lang='lat' dir='ltr'><strong>extra</strong></span> <span class='ocrx_word' id='word_1_567' title='bbox 3221 3228 3622 3299; x_wconf 87' lang='lat' dir='ltr'><strong>Leont0polim.</strong></span> 
     </span>
    </p>
   </div>
   <div class='ocr_carea' id='block_1_75' title="bbox 2038 3319 3626 3393">
    <p class='ocr_par' dir='ltr' id='par_1_75' title="bbox 2038 3319 3626 3393">
     <span class='ocr_line' id='line_1_75' title="bbox 2038 3319 3626 3393; baseline -0.006 -10"><span class='ocrx_word' id='word_1_568' title='bbox 2038 3327 2090 3384; x_wconf 92' lang='lat' dir='ltr'><strong>ls</strong></span> <span class='ocrx_word' id='word_1_569' title='bbox 2119 3330 2236 3384; x_wconf 87' lang='lat' dir='ltr'><strong>doc-</strong></span> <span class='ocrx_word' id='word_1_570' title='bbox 2258 3329 2352 3383; x_wconf 89' lang='lat' dir='ltr'><strong>bat</strong></span> <span class='ocrx_word' id='word_1_571' title='bbox 2383 3328 2522 3382; x_wconf 90' lang='lat' dir='ltr'><strong>hanc</strong></span> <span class='ocrx_word' id='word_1_572' title='bbox 2553 3341 2770 3383; x_wconf 88' lang='lat' dir='ltr'><strong>carnem</strong></span> <span class='ocrx_word' id='word_1_573' title='bbox 2807 3340 2916 3379; x_wconf 90' lang='lat' dir='ltr'><strong>non</strong></span> <span class='ocrx_word' id='word_1_574' title='bbox 2957 3337 3263 3393; x_wconf 82' lang='lat' dir='ltr'><strong>resurgere,</strong></span> <span class='ocrx_word' id='word_1_575' title='bbox 3302 3319 3395 3375; x_wconf 89' lang='lat' dir='ltr'><strong>sed</strong></span> <span class='ocrx_word' id='word_1_576' title='bbox 3432 3335 3528 3389; x_wconf 85' lang='lat' dir='ltr'><strong>pro</strong></span> <span class='ocrx_word' id='word_1_577' title='bbox 3560 3333 3626 3373; x_wconf 89' lang='lat' dir='ltr'><strong>ea</strong></span> 
     </span>
    </p>
   </div>
   <div class='ocr_carea' id='block_1_76' title="bbox 2039 3412 3627 3485">
    <p class='ocr_par' dir='ltr' id='par_1_76' title="bbox 2039 3412 3627 3485">
     <span class='ocr_line' id='line_1_76' title="bbox 2039 3412 3627 3485; baseline -0.008 -9"><span class='ocrx_word' id='word_1_578' title='bbox 2039 3421 2305 3485; x_wconf 85' lang='lat' dir='ltr'><strong>aliam,ct</strong></span> <span class='ocrx_word' id='word_1_579' title='bbox 2363 3422 2501 3474; x_wconf 90' lang='lat' dir='ltr'><strong>hanc</strong></span> <span class='ocrx_word' id='word_1_580' title='bbox 2559 3418 2615 3472; x_wconf 91' lang='lat' dir='ltr'><strong>in</strong></span> <span class='ocrx_word' id='word_1_581' title='bbox 2676 3428 2872 3481; x_wconf 81' lang='lat' dir='ltr'><strong>terram</strong></span> <span class='ocrx_word' id='word_1_582' title='bbox 2930 3415 3177 3471; x_wconf 82' lang='lat' dir='ltr'><strong>dissolvi.</strong></span> <span class='ocrx_word' id='word_1_583' title='bbox 3212 3412 3489 3483; x_wconf 86' lang='lat' dir='ltr'><strong>Scriptum</strong></span> <span class='ocrx_word' id='word_1_584' title='bbox 3542 3420 3627 3466; x_wconf 85' lang='lat' dir='ltr'><strong>est</strong></span> 
     </span>
    </p>
   </div>
   <div class='ocr_carea' id='block_1_77' title="bbox 2040 3502 3624 3582">
    <p class='ocr_par' dir='ltr' id='par_1_77' title="bbox 2040 3502 3624 3582">
     <span class='ocr_line' id='line_1_77' title="bbox 2040 3502 3624 3582; baseline -0.008 -13"><span class='ocrx_word' id='word_1_585' title='bbox 2040 3514 2210 3577; x_wconf 88' lang='lat' dir='ltr'><strong>enim,</strong></span> <span class='ocrx_word' id='word_1_586' title='bbox 2243 3513 2438 3582; x_wconf 83' lang='lat' dir='ltr'><strong>inquit,</strong></span> <span class='ocrx_word' id='word_1_587' title='bbox 2474 3509 2636 3565; x_wconf 82' lang='lat' dir='ltr'><strong>Terra</strong></span> <span class='ocrx_word' id='word_1_588' title='bbox 2660 3526 2735 3573; x_wconf 79' lang='lat' dir='ltr'><strong>es,</strong></span> <span class='ocrx_word' id='word_1_589' title='bbox 2758 3517 2809 3563; x_wconf 80' lang='lat' dir='ltr'><strong>et</strong></span> <span class='ocrx_word' id='word_1_590' title='bbox 2840 3509 2895 3562; x_wconf 84' lang='lat' dir='ltr'><strong>in</strong></span> <span class='ocrx_word' id='word_1_591' title='bbox 2917 3518 3113 3562; x_wconf 80' lang='lat' dir='ltr'><strong>terram</strong></span> <span class='ocrx_word' id='word_1_592' title='bbox 3136 3506 3404 3561; x_wconf 83' lang='lat' dir='ltr'><strong>reverteris</strong></span> <span class='ocrx_word' id='word_1_593' title='bbox 3420 3505 3459 3558; x_wconf 86' lang='grc'>⁵.</span> <span class='ocrx_word' id='word_1_594' title='bbox 3481 3502 3624 3557; x_wconf 79' lang='lat' dir='ltr'><strong>Rur-</strong></span> 
     </span>
    </p>
   </div>
   <div class='ocr_carea' id='block_1_78' title="bbox 2042 3594 3624 3674">
    <p class='ocr_par' dir='ltr' id='par_1_78' title="bbox 2042 3594 3624 3674">
     <span class='ocr_line' id='line_1_78' title="bbox 2042 3594 3624 3674; baseline -0.007 -16"><span class='ocrx_word' id='word_1_595' title='bbox 2042 3619 2247 3674; x_wconf 86' lang='lat' dir='ltr'><strong>susque</strong></span> <span class='ocrx_word' id='word_1_596' title='bbox 2276 3602 2510 3664; x_wconf 87' lang='lat' dir='ltr'><strong>diccbat,</strong></span> <span class='ocrx_word' id='word_1_597' title='bbox 2543 3599 2783 3655; x_wconf 79' lang='lat' dir='ltr'><strong>infantes</strong></span> <span class='ocrx_word' id='word_1_598' title='bbox 2831 3613 2943 3652; x_wconf 88' lang='lat' dir='ltr'><strong>non</strong></span> <span class='ocrx_word' id='word_1_599' title='bbox 2992 3596 3204 3652; x_wconf 81' lang='lat' dir='ltr'><strong>futuros</strong></span> <span class='ocrx_word' id='word_1_600' title='bbox 3253 3595 3522 3666; x_wconf 79' lang='lat' dir='ltr'><strong>perfectos</strong></span> <span class='ocrx_word' id='word_1_601' title='bbox 3570 3594 3624 3647; x_wconf 92' lang='lat' dir='ltr'><strong>in</strong></span> 
     </span>
    </p>
   </div>
   <div class='ocr_carea' id='block_1_79' title="bbox 2046 3687 3628 3762">
    <p class='ocr_par' dir='ltr' id='par_1_79' title="bbox 2046 3687 3628 3762">
     <span class='ocr_line' id='line_1_79' title="bbox 2046 3687 3628 3762; baseline -0.008 -13"><span class='ocrx_word' id='word_1_602' title='bbox 2046 3697 2225 3752; x_wconf 80' lang='lat' dir='ltr'><strong>futuro</strong></span> <span class='ocrx_word' id='word_1_603' title='bbox 2257 3694 2479 3751; x_wconf 74' lang='lat' dir='ltr'><strong>szeculo.</strong></span> <span class='ocrx_word' id='word_1_604' title='bbox 2516 3690 2783 3762; x_wconf 79' lang='lat' dir='ltr'><strong>Ingressis</strong></span> <span class='ocrx_word' id='word_1_605' title='bbox 2811 3701 2992 3744; x_wconf 87' lang='lat' dir='ltr'><strong>autem</strong></span> <span class='ocrx_word' id='word_1_606' title='bbox 3017 3689 3177 3743; x_wconf 86' lang='lat' dir='ltr'><strong>nobis</strong></span> <span class='ocrx_word' id='word_1_607' title='bbox 3206 3688 3258 3741; x_wconf 92' lang='lat' dir='ltr'><strong>in</strong></span> <span class='ocrx_word' id='word_1_608' title='bbox 3294 3687 3415 3756; x_wconf 86' lang='lat' dir='ltr'><strong>ejus</strong></span> <span class='ocrx_word' id='word_1_609' title='bbox 3441 3702 3506 3739; x_wconf 64' lang='lat' dir='ltr'><strong>mc</strong></span> <span class='ocrx_word' id='word_1_610' title='bbox 3532 3701 3628 3738; x_wconf 87' lang='lat' dir='ltr'><strong>na-</strong></span> 
     </span>
    </p>
   </div>
   <div class='ocr_carea' id='block_1_80' title="bbox 2045 3774 3631 3852">
    <p class='ocr_par' dir='ltr' id='par_1_80' title="bbox 2045 3774 3631 3852">
     <span class='ocr_line' id='line_1_80' title="bbox 2045 3774 3631 3852; baseline -0.009 -10"><span class='ocrx_word' id='word_1_611' title='bbox 2045 3787 2298 3851; x_wconf 88' lang='lat' dir='ltr'><strong>sterium,</strong></span> <span class='ocrx_word' id='word_1_612' title='bbox 2329 3785 2640 3839; x_wconf 79' lang='lat' dir='ltr'><strong>invenimus</strong></span> <span class='ocrx_word' id='word_1_613' title='bbox 2669 3794 2921 3852; x_wconf 74' lang='lat' dir='ltr'><strong>magnam</strong></span> <span class='ocrx_word' id='word_1_614' title='bbox 2955 3776 3384 3839; x_wconf 88' lang='lat' dir='ltr'><strong>multitudinem,</strong></span> <span class='ocrx_word' id='word_1_615' title='bbox 3412 3791 3534 3846; x_wconf 75' lang='lat' dir='ltr'><strong>qua:</strong></span> <span class='ocrx_word' id='word_1_616' title='bbox 3561 3774 3631 3827; x_wconf 90' lang='lat' dir='ltr'><strong>ab</strong></span> 
     </span>
    </p>
   </div>
   <div class='ocr_carea' id='block_1_81' title="bbox 2045 3865 3632 3941">
    <p class='ocr_par' dir='ltr' id='par_1_81' title="bbox 2045 3865 3632 3941">
     <span class='ocr_line' id='line_1_81' title="bbox 2045 3865 3632 3941; baseline -0.007 -12"><span class='ocrx_word' id='word_1_617' title='bbox 2045 3895 2112 3935; x_wconf 76' lang='lat' dir='ltr'><strong>eo</strong></span> <span class='ocrx_word' id='word_1_618' title='bbox 2139 3878 2459 3933; x_wconf 88' lang='lat' dir='ltr'><strong>docebatur.</strong></span> <span class='ocrx_word' id='word_1_619' title='bbox 2506 3874 2721 3928; x_wconf 84' lang='lat' dir='ltr'><strong>Etenim</strong></span> <span class='ocrx_word' id='word_1_620' title='bbox 2757 3889 2789 3927; x_wconf 86' lang='lat' dir='ltr'><strong>a</strong></span> <span class='ocrx_word' id='word_1_621' title='bbox 2818 3871 2944 3927; x_wconf 84' lang='lat' dir='ltr'><strong>cibo</strong></span> <span class='ocrx_word' id='word_1_622' title='bbox 2974 3885 3194 3941; x_wconf 91' lang='lat' dir='ltr'><strong>quoque</strong></span> <span class='ocrx_word' id='word_1_623' title='bbox 3218 3878 3273 3922; x_wconf 86' lang='lat' dir='ltr'><strong>et</strong></span> <span class='ocrx_word' id='word_1_624' title='bbox 3299 3878 3425 3938; x_wconf 84' lang='lat' dir='ltr'><strong>potu</strong></span> <span class='ocrx_word' id='word_1_625' title='bbox 3459 3865 3632 3921; x_wconf 81' lang='lat' dir='ltr'><strong>absti-</strong></span> 
     </span>
    </p>
   </div>
   <div class='ocr_carea' id='block_1_82' title="bbox 2046 3956 3631 4039">
    <p class='ocr_par' dir='ltr' id='par_1_82' title="bbox 2046 3956 3631 4039">
     <span class='ocr_line' id='line_1_82' title="bbox 2046 3956 3631 4039; baseline -0.011 -14"><span class='ocrx_word' id='word_1_626' title='bbox 2046 3971 2230 4026; x_wconf 86' lang='lat' dir='ltr'><strong>nebat.</strong></span> <span class='ocrx_word' id='word_1_627' title='bbox 2260 3967 2449 4039; x_wconf 78' lang='lat' dir='ltr'><strong>Neque</strong></span> <span class='ocrx_word' id='word_1_628' title='bbox 2477 3966 2624 4021; x_wconf 89' lang='lat' dir='ltr'><strong>enim</strong></span> <span class='ocrx_word' id='word_1_629' title='bbox 2671 3964 2853 4020; x_wconf 87' lang='lat' dir='ltr'><strong>oleum</strong></span> <span class='ocrx_word' id='word_1_630' title='bbox 2899 3962 3158 4031; x_wconf 90' lang='lat' dir='ltr'><strong>sumpsit,</strong></span> <span class='ocrx_word' id='word_1_631' title='bbox 3197 3973 3298 4015; x_wconf 90' lang='lat' dir='ltr'><strong>nec</strong></span> <span class='ocrx_word' id='word_1_632' title='bbox 3328 3958 3511 4012; x_wconf 90' lang='lat' dir='ltr'><strong>viuum</strong></span> <span class='ocrx_word' id='word_1_633' title='bbox 3554 3956 3631 4009; x_wconf 85' lang='lat' dir='ltr'><strong>bi-</strong></span> 
     </span>
    </p>
   </div>
   <div class='ocr_carea' id='block_1_83' title="bbox 2047 4048 3627 4132">
    <p class='ocr_par' dir='ltr' id='par_1_83' title="bbox 2047 4048 3627 4132">
     <span class='ocr_line' id='line_1_83' title="bbox 2047 4048 3627 4132; baseline -0.011 -14"><span class='ocrx_word' id='word_1_634' title='bbox 2047 4064 2146 4130; x_wconf 87' lang='lat' dir='ltr'><strong>bit,</strong></span> <span class='ocrx_word' id='word_1_635' title='bbox 2180 4079 2247 4117; x_wconf 75' lang='lat' dir='ltr'><strong>ex</strong></span> <span class='ocrx_word' id='word_1_636' title='bbox 2283 4078 2393 4132; x_wconf 84' lang='lat' dir='ltr'><strong>quo</strong></span> <span class='ocrx_word' id='word_1_637' title='bbox 2425 4059 2631 4114; x_wconf 87' lang='lat' dir='ltr'><strong>tuundo</strong></span> <span class='ocrx_word' id='word_1_638' title='bbox 2666 4056 3021 4113; x_wconf 79' lang='lat' dir='ltr'><strong>renuntiavit.</strong></span> <span class='ocrx_word' id='word_1_639' title='bbox 3059 4053 3354 4123; x_wconf 83' lang='lat' dir='ltr'><strong>Postquam</strong></span> <span class='ocrx_word' id='word_1_640' title='bbox 3389 4064 3519 4119; x_wconf 78' lang='lat' dir='ltr'><strong>ergo</strong></span> <span class='ocrx_word' id='word_1_641' title='bbox 3545 4048 3627 4101; x_wconf 86' lang='lat' dir='ltr'><strong>vi-</strong></span> 
     </span>
    </p>
   </div>
   <div class='ocr_carea' id='block_1_84' title="bbox 2048 4139 3629 4223">
    <p class='ocr_par' dir='ltr' id='par_1_84' title="bbox 2048 4139 3629 4223">
     <span class='ocr_line' id='line_1_84' title="bbox 2048 4139 3629 4223; baseline -0.011 -13"><span class='ocrx_word' id='word_1_642' title='bbox 2048 4156 2128 4210; x_wconf 89' lang='lat' dir='ltr'><strong>dit</strong></span> <span class='ocrx_word' id='word_1_643' title='bbox 2173 4152 2557 4223; x_wconf 85' lang='lat' dir='ltr'><strong>Epiphauium,</strong></span> <span class='ocrx_word' id='word_1_644' title='bbox 2590 4149 2801 4217; x_wconf 82' lang='lat' dir='ltr'><strong>rogavit</strong></span> <span class='ocrx_word' id='word_1_645' title='bbox 2847 4146 3133 4216; x_wconf 84' lang='lat' dir='ltr'><strong>cujasnatn</strong></span> <span class='ocrx_word' id='word_1_646' title='bbox 3168 4150 3332 4197; x_wconf 85' lang='lat' dir='ltr'><strong>esset.</strong></span> <span class='ocrx_word' id='word_1_647' title='bbox 3380 4139 3629 4207; x_wconf 82' lang='lat' dir='ltr'><strong>Cumque</strong></span> 
     </span>
    </p>
   </div>
   <div class='ocr_carea' id='block_1_85' title="bbox 2050 4222 3630 4304">
    <p class='ocr_par' dir='ltr' id='par_1_85' title="bbox 2050 4222 3630 4304">
     <span class='ocr_line' id='line_1_85' title="bbox 2050 4222 3630 4304; baseline -0.012 0"><span class='ocrx_word' id='word_1_648' title='bbox 2050 4248 2299 4304; x_wconf 88' lang='lat' dir='ltr'><strong>scivisset</strong></span> <span class='ocrx_word' id='word_1_649' title='bbox 2333 4222 2459 4300; x_wconf 85' lang='lat' dir='ltr'><strong>eum</strong></span> <span class='ocrx_word' id='word_1_650' title='bbox 2504 4259 2626 4299; x_wconf 90' lang='lat' dir='ltr'><strong>esse</strong></span> <span class='ocrx_word' id='word_1_651' title='bbox 2651 4241 3025 4304; x_wconf 67' lang='lat' dir='ltr'><strong>Palaestinnm,</strong></span> <span class='ocrx_word' id='word_1_652' title='bbox 3062 4251 3259 4291; x_wconf 90' lang='lat' dir='ltr'><strong>nomen</strong></span> <span class='ocrx_word' id='word_1_653' title='bbox 3300 4248 3517 4304; x_wconf 86' lang='lat' dir='ltr'><strong>quoque</strong></span> <span class='ocrx_word' id='word_1_654' title='bbox 3549 4246 3630 4285; x_wconf 91' lang='lat' dir='ltr'><strong>ro-</strong></span> 
     </span>
    </p>
   </div>
   <div class='ocr_carea' id='block_1_86' title="bbox 2052 4326 3627 4413">
    <p class='ocr_par' dir='ltr' id='par_1_86' title="bbox 2052 4326 3627 4413">
     <span class='ocr_line' id='line_1_86' title="bbox 2052 4326 3627 4413; baseline -0.014 -17"><span class='ocrx_word' id='word_1_655' title='bbox 2052 4338 2365 4413; x_wconf 81' lang='lat' dir='ltr'><strong>gavit.Cum</strong></span> <span class='ocrx_word' id='word_1_656' title='bbox 2396 4347 2573 4393; x_wconf 90' lang='lat' dir='ltr'><strong>autem</strong></span> <span class='ocrx_word' id='word_1_657' title='bbox 2594 4335 2875 4391; x_wconf 89' lang='lat' dir='ltr'><strong>didicisset</strong></span> <span class='ocrx_word' id='word_1_658' title='bbox 2892 4347 3017 4387; x_wconf 90' lang='lat' dir='ltr'><strong>eum</strong></span> <span class='ocrx_word' id='word_1_659' title='bbox 3032 4328 3213 4384; x_wconf 88' lang='lat' dir='ltr'><strong>vocari</strong></span> <span class='ocrx_word' id='word_1_660' title='bbox 3239 4326 3627 4397; x_wconf 87' lang='lat' dir='ltr'><strong>Epiphanium,</strong></span> 
     </span>
    </p>
   </div>
   <div class='ocr_carea' id='block_1_87' title="bbox 2054 4415 3669 4496">
    <p class='ocr_par' dir='ltr' id='par_1_87' title="bbox 2054 4415 3669 4496">
     <span class='ocr_line' id='line_1_87' title="bbox 2054 4415 3669 4496; baseline -0.011 -11"><span class='ocrx_word' id='word_1_661' title='bbox 2054 4432 2155 4485; x_wconf 82' lang='lat' dir='ltr'><strong>fuit</strong></span> <span class='ocrx_word' id='word_1_662' title='bbox 2181 4430 2338 4485; x_wconf 87' lang='lat' dir='ltr'><strong>valde</strong></span> <span class='ocrx_word' id='word_1_663' title='bbox 2368 4428 2588 4483; x_wconf 80' lang='lat' dir='ltr'><strong>anxius.</strong></span> <span class='ocrx_word' id='word_1_664' title='bbox 2623 4425 2681 4479; x_wconf 87' lang='lat' dir='ltr'><strong>In</strong></span> <span class='ocrx_word' id='word_1_665' title='bbox 2732 4423 2965 4496; x_wconf 65' lang='lat' dir='ltr'><strong>Egypto</strong></span> <span class='ocrx_word' id='word_1_666' title='bbox 3003 4422 3152 4477; x_wconf 85' lang='lat' dir='ltr'><strong>enim</strong></span> <span class='ocrx_word' id='word_1_667' title='bbox 3198 4418 3483 4474; x_wconf 86' lang='lat' dir='ltr'><strong>dicebatur</strong></span> <span class='ocrx_word' id='word_1_668' title='bbox 3512 4415 3669 4484; x_wconf 56' lang='lat' dir='ltr'><strong>Eph.</strong></span> 
     </span>
    </p>
   </div>
   <div class='ocr_carea' id='block_1_88' title="bbox 367 4505 1937 4593">
    <p class='ocr_par' dir='ltr' id='par_1_88' title="bbox 367 4508 1937 4585">
     <span class='ocr_line' id='line_1_88' title="bbox 367 4508 1937 4585; baseline -0.002 -17"><span class='ocrx_word' id='word_1_669' title='bbox 367 4532 570 4585; x_wconf 84' lang='grc' dir='ltr'>γνωσιν</span> <span class='ocrx_word' id='word_1_670' title='bbox 614 4515 747 4585; x_wconf 77' lang='grc' dir='ltr'>ἔχει.</span> <span class='ocrx_word' id='word_1_671' title='bbox 792 4512 948 4567; x_wconf 84' lang='grc' dir='ltr'>Μετά</span> <span class='ocrx_word' id='word_1_672' title='bbox 974 4508 1065 4566; x_wconf 79' lang='grc' dir='ltr'>οὖν</span> <span class='ocrx_word' id='word_1_673' title='bbox 1091 4512 1153 4565; x_wconf 86' lang='grc' dir='ltr'>τὸ</span> <span class='ocrx_word' id='word_1_674' title='bbox 1185 4513 1531 4584; x_wconf 81' lang='grc' dir='ltr'>ἐπερωτῆσαι</span> <span class='ocrx_word' id='word_1_675' title='bbox 1578 4511 1669 4565; x_wconf 69' lang='grc' dir='ltr'><strong>τον</strong></span> <span class='ocrx_word' id='word_1_676' title='bbox 1714 4512 1937 4581; x_wconf 75' lang='grc' dir='ltr'>Ἐπιφά-</span> 
     </span>
    </p>
   </div>
   <div class='ocr_carea' id='block_1_89' title="bbox 2039 4505 3630 4593">
    <p class='ocr_par' dir='ltr' id='par_1_89' title="bbox 2053 4505 3630 4593">
     <span class='ocr_line' id='line_1_89' title="bbox 2053 4505 3630 4593; baseline -0.013 -16"><span class='ocrx_word' id='word_1_677' title='bbox 2053 4522 2288 4593; x_wconf 82' lang='lat' dir='ltr'><strong>phanius</strong></span> <span class='ocrx_word' id='word_1_678' title='bbox 2328 4535 2449 4575; x_wconf 87' lang='lat' dir='ltr'><strong>esse</strong></span> <span class='ocrx_word' id='word_1_679' title='bbox 2490 4519 2572 4572; x_wconf 88' lang='lat' dir='ltr'><strong>vir</strong></span> <span class='ocrx_word' id='word_1_680' title='bbox 2615 4516 2829 4579; x_wconf 88' lang='lat' dir='ltr'><strong>doctus,</strong></span> <span class='ocrx_word' id='word_1_681' title='bbox 2861 4523 2915 4567; x_wconf 91' lang='lat' dir='ltr'><strong>et</strong></span> <span class='ocrx_word' id='word_1_682' title='bbox 2962 4511 3161 4566; x_wconf 82' lang='lat' dir='ltr'><strong>habere</strong></span> <span class='ocrx_word' id='word_1_683' title='bbox 3211 4505 3630 4578; x_wconf 76' lang='lat' dir='ltr'><strong>prtescientizun.</strong></span> 
     </span>
    </p>
   </div>
   <div class='ocr_carea' id='block_1_90' title="bbox 366 4597 1945 4669">
    <p class='ocr_par' dir='ltr' id='par_1_90' title="bbox 366 4597 1945 4669">
     <span class='ocr_line' id='line_1_90' title="bbox 366 4597 1945 4669; baseline -0.006 -9"><span class='ocrx_word' id='word_1_684' title='bbox 366 4622 482 4661; x_wconf 91' lang='grc' dir='ltr'>νιον</span> <span class='ocrx_word' id='word_1_685' title='bbox 522 4604 585 4658; x_wconf 85' lang='grc' dir='ltr'>τὸ</span> <span class='ocrx_word' id='word_1_686' title='bbox 631 4603 794 4657; x_wconf 87' lang='grc' dir='ltr'>πόθεν</span> <span class='ocrx_word' id='word_1_687' title='bbox 842 4601 1013 4667; x_wconf 73' lang='grc' dir='ltr'>ἐστὶν,</span> <span class='ocrx_word' id='word_1_688' title='bbox 1044 4599 1140 4654; x_wconf 75' lang='grc' dir='ltr'><strong>καὶ</strong></span> <span class='ocrx_word' id='word_1_689' title='bbox 1172 4601 1256 4664; x_wconf 88' lang='grc' dir='ltr'><strong>τίς</strong></span> <span class='ocrx_word' id='word_1_690' title='bbox 1286 4599 1555 4663; x_wconf 84' lang='grc' dir='ltr'>καλεῖται,</span> <span class='ocrx_word' id='word_1_691' title='bbox 1593 4598 1685 4653; x_wconf 77' lang='grc' dir='ltr'>καὶ</span> <span class='ocrx_word' id='word_1_692' title='bbox 1737 4597 1945 4669; x_wconf 84' lang='grc' dir='ltr'>μαθὼν,</span> 
     </span>
    </p>
   </div>
   <div class='ocr_carea' id='block_1_91' title="bbox 368 4690 1952 4764">
    <p class='ocr_par' dir='ltr' id='par_1_91' title="bbox 368 4690 1952 4764">
     <span class='ocr_line' id='line_1_91' title="bbox 368 4690 1952 4764; baseline -0.005 -12"><span class='ocrx_word' id='word_1_693' title='bbox 368 4699 650 4761; x_wconf 74' lang='grc' dir='ltr'>ἐδίδασκεν</span> <span class='ocrx_word' id='word_1_694' title='bbox 699 4696 861 4749; x_wconf 86' lang='grc' dir='ltr'>πάλιν</span> <span class='ocrx_word' id='word_1_695' title='bbox 905 4694 998 4748; x_wconf 75' lang='grc' dir='ltr'><strong>τὸν</strong></span> <span class='ocrx_word' id='word_1_696' title='bbox 1034 4690 1428 4763; x_wconf 77' lang='grc' dir='ltr'>ὅχλον.Ἐλθὼν</span> <span class='ocrx_word' id='word_1_697' title='bbox 1464 4691 1523 4744; x_wconf 84' lang='grc' dir='ltr'>δὲ</span> <span class='ocrx_word' id='word_1_698' title='bbox 1556 4691 1685 4764; x_wconf 70' lang='grc' dir='ltr'>περὶ</span> <span class='ocrx_word' id='word_1_699' title='bbox 1714 4690 1952 4745; x_wconf 57' lang='lat' dir='ltr'><strong>suam.</strong></span> 
     </span>
    </p>
   </div>
   <div class='ocr_carea' id='block_1_92' title="bbox 370 4782 1953 4858">
    <p class='ocr_par' dir='ltr' id='par_1_92' title="bbox 370 4782 1953 4858">
     <span class='ocr_line' id='line_1_92' title="bbox 370 4782 1953 4858; baseline -0.005 -15"><span class='ocrx_word' id='word_1_700' title='bbox 370 4806 514 4852; x_wconf 86' lang='grc' dir='ltr'>σεως</span> <span class='ocrx_word' id='word_1_701' title='bbox 557 4786 869 4858; x_wconf 80' lang='grc' dir='ltr'>ἐξηγεῖσθαι</span> <span class='ocrx_word' id='word_1_702' title='bbox 917 4785 1103 4853; x_wconf 74' lang='grc' dir='ltr'>ἔλεγεν</span> <span class='ocrx_word' id='word_1_703' title='bbox 1151 4783 1283 4856; x_wconf 58' lang='grc' dir='ltr'><strong>περὶ⁸</strong></span> <span class='ocrx_word' id='word_1_704' title='bbox 1326 4783 1427 4853; x_wconf 85' lang='grc' dir='ltr'>τῆς</span> <span class='ocrx_word' id='word_1_705' title='bbox 1471 4783 1695 4855; x_wconf 82' lang='grc' dir='ltr'>σαρκὸς,</span> <span class='ocrx_word' id='word_1_706' title='bbox 1726 4785 1811 4837; x_wconf 82' lang='grc' dir='ltr'>ὅτι</span> <span class='ocrx_word' id='word_1_707' title='bbox 1851 4782 1953 4836; x_wconf 82' lang='grc' dir='ltr'><strong>οὐκ</strong></span> 
     </span>
    </p>
   </div>
   <div class='ocr_carea' id='block_1_93' title="bbox 369 4871 1955 4949">
    <p class='ocr_par' dir='ltr' id='par_1_93' title="bbox 369 4871 1955 4949">
     <span class='ocr_line' id='line_1_93' title="bbox 369 4871 1955 4949; baseline -0.007 -12"><span class='ocrx_word' id='word_1_708' title='bbox 369 4882 676 4937; x_wconf 84' lang='grc' dir='ltr'>ἀνίσταται.</span> <span class='ocrx_word' id='word_1_709' title='bbox 708 4878 818 4932; x_wconf 81' lang='grc' dir='ltr'><strong>Καὶ</strong></span> <span class='ocrx_word' id='word_1_710' title='bbox 863 4878 1214 4949; x_wconf 81' lang='grc' dir='ltr'>ἀδημονήσας</span> <span class='ocrx_word' id='word_1_711' title='bbox 1256 4875 1571 4943; x_wconf 79' lang='grc' dir='ltr'>Ἐπιφάνιος</span> <span class='ocrx_word' id='word_1_712' title='bbox 1620 4871 1772 4928; x_wconf 77' lang='grc' dir='ltr'>εἶπεν</span> <span class='ocrx_word' id='word_1_713' title='bbox 1818 4874 1955 4946; x_wconf 85' lang='grc' dir='ltr'>πρὸς</span> 
     </span>
    </p>
   </div>
   <div class='ocr_carea' id='block_1_94' title="bbox 384 4966 1951 5045">
    <p class='ocr_par' dir='ltr' id='par_1_94' title="bbox 384 4966 1951 5045">
     <span class='ocr_line' id='line_1_94' title="bbox 384 4966 1951 5045; baseline -0.006 -18"><span class='ocrx_word' id='word_1_714' title='bbox 384 4974 629 5045; x_wconf 76' lang='grc' dir='ltr'>Ἱέρακά·</span> <span class='ocrx_word' id='word_1_715' title='bbox 653 4969 822 5034; x_wconf 82' lang='grc' dir='ltr'>Λάϐε,</span> <span class='ocrx_word' id='word_1_716' title='bbox 853 4970 1006 5040; x_wconf 83' lang='grc' dir='ltr'>φησὶ,</span> <span class='ocrx_word' id='word_1_717' title='bbox 1035 4968 1288 5041; x_wconf 86' lang='grc' dir='ltr'>κατόχιον</span> <span class='ocrx_word' id='word_1_718' title='bbox 1331 4969 1424 5021; x_wconf 69' lang='grc' dir='ltr'><strong>ἐπὶ</strong></span> <span class='ocrx_word' id='word_1_719' title='bbox 1453 4967 1531 5038; x_wconf 81' lang='grc' dir='ltr'>τῷ</span> <span class='ocrx_word' id='word_1_720' title='bbox 1568 4966 1797 5038; x_wconf 85' lang='grc' dir='ltr'>στόματί</span> <span class='ocrx_word' id='word_1_721' title='bbox 1833 4984 1951 5030; x_wconf 88' lang='grc' dir='ltr'>σου,</span> 
     </span>
    </p>
   </div>
   <div class='ocr_carea' id='block_1_95' title="bbox 371 5057 1955 5133">
    <p class='ocr_par' dir='ltr' id='par_1_95' title="bbox 371 5057 1955 5133">
     <span class='ocr_line' id='line_1_95' title="bbox 371 5057 1955 5133; baseline -0.005 -15"><span class='ocrx_word' id='word_1_722' title='bbox 371 5064 471 5118; x_wconf 77' lang='grc' dir='ltr'><strong>καὶ</strong></span> <span class='ocrx_word' id='word_1_723' title='bbox 512 5062 647 5133; x_wconf 85' lang='grc' dir='ltr'>μάθε</span> <span class='ocrx_word' id='word_1_724' title='bbox 681 5062 757 5132; x_wconf 85' lang='grc' dir='ltr'>μὴ</span> <span class='ocrx_word' id='word_1_725' title='bbox 792 5061 1136 5132; x_wconf 78' lang='grc' dir='ltr'>βλασφημεῖν</span> <span class='ocrx_word' id='word_1_726' title='bbox 1164 5061 1419 5133; x_wconf 79' lang='grc' dir='ltr'>περὶτῆς</span> <span class='ocrx_word' id='word_1_727' title='bbox 1452 5059 1687 5123; x_wconf 81' lang='grc' dir='ltr'>ἐλπίδος.</span> <span class='ocrx_word' id='word_1_728' title='bbox 1722 5058 1830 5112; x_wconf 80' lang='grc' dir='ltr'><strong>Καὶ</strong></span> <span class='ocrx_word' id='word_1_729' title='bbox 1861 5057 1955 5111; x_wconf 74' lang='grc' dir='ltr'><strong>ἐπὶ</strong></span> 
     </span>
    </p>
   </div>
   <div class='ocr_carea' id='block_1_96' title="bbox 369 5148 1953 5225">
    <p class='ocr_par' dir='ltr' id='par_1_96' title="bbox 369 5148 1953 5225">
     <span class='ocr_line' id='line_1_96' title="bbox 369 5148 1953 5225; baseline -0.006 -15"><span class='ocrx_word' id='word_1_730' title='bbox 369 5156 453 5225; x_wconf 82' lang='grc' dir='ltr'>τῷ</span> <span class='ocrx_word' id='word_1_731' title='bbox 516 5154 659 5224; x_wconf 87' lang='grc' dir='ltr'>λόγῳ</span> <span class='ocrx_word' id='word_1_732' title='bbox 707 5153 1028 5222; x_wconf 86' lang='grc' dir='ltr'>Ἐπιφανίου</span> <span class='ocrx_word' id='word_1_733' title='bbox 1078 5152 1290 5223; x_wconf 77' lang='grc' dir='ltr'>ἔμεινεν</span> <span class='ocrx_word' id='word_1_734' title='bbox 1342 5153 1370 5204; x_wconf 90' lang='grc' dir='ltr'>ὁ</span> <span class='ocrx_word' id='word_1_735' title='bbox 1416 5150 1669 5222; x_wconf 86' lang='grc' dir='ltr'>Ἱεράκας</span> <span class='ocrx_word' id='word_1_736' title='bbox 1736 5148 1953 5212; x_wconf 79' lang='grc' dir='ltr'>άλαλος,</span> 
     </span>
    </p>
   </div>
   <div class='ocr_carea' id='block_1_97' title="bbox 372 5242 1958 5318">
    <p class='ocr_par' dir='ltr' id='par_1_97' title="bbox 372 5242 1958 5318">
     <span class='ocr_line' id='line_1_97' title="bbox 372 5242 1958 5318; baseline -0.006 -15"><span class='ocrx_word' id='word_1_737' title='bbox 372 5248 630 5317; x_wconf 79' lang='grc' dir='ltr'>ἀκίνητος</span> <span class='ocrx_word' id='word_1_738' title='bbox 676 5248 770 5301; x_wconf 75' lang='grc' dir='ltr'><strong>ἐπὶ</strong></span> <span class='ocrx_word' id='word_1_739' title='bbox 800 5245 879 5318; x_wconf 81' lang='grc' dir='ltr'><strong>τῷ</strong></span> <span class='ocrx_word' id='word_1_740' title='bbox 913 5246 1085 5315; x_wconf 87' lang='grc' dir='ltr'>τόπῳ.</span> <span class='ocrx_word' id='word_1_741' title='bbox 1104 5244 1326 5308; x_wconf 79' lang='grc' dir='ltr'>Ἰδόντες</span> <span class='ocrx_word' id='word_1_742' title='bbox 1366 5242 1424 5297; x_wconf 79' lang='grc' dir='ltr'>δὲ</span> <span class='ocrx_word' id='word_1_743' title='bbox 1458 5244 1697 5306; x_wconf 69' lang='grc' dir='ltr'>ἅπαντες</span> <span class='ocrx_word' id='word_1_744' title='bbox 1729 5243 1779 5295; x_wconf 84' lang='grc' dir='ltr'>οἱ</span> <span class='ocrx_word' id='word_1_745' title='bbox 1812 5242 1958 5295; x_wconf 88' lang='grc' dir='ltr'>διδα-</span> 
     </span>
    </p>
   </div>
   <div class='ocr_carea' id='block_1_98' title="bbox 377 5333 1957 5409">
    <p class='ocr_par' dir='ltr' id='par_1_98' title="bbox 377 5333 1957 5409">
     <span class='ocr_line' id='line_1_98' title="bbox 377 5333 1957 5409; baseline -0.004 -15"><span class='ocrx_word' id='word_1_746' title='bbox 377 5340 632 5409; x_wconf 75' lang='grc' dir='ltr'>σκόμενοι</span> <span class='ocrx_word' id='word_1_747' title='bbox 676 5340 767 5392; x_wconf 81' lang='grc' dir='ltr'><strong>ὑπ’</strong></span> <span class='ocrx_word' id='word_1_748' title='bbox 811 5337 978 5393; x_wconf 75' lang='grc' dir='ltr'>αὑτοῦ</span> <span class='ocrx_word' id='word_1_749' title='bbox 1029 5336 1059 5390; x_wconf 81' lang='grc' dir='ltr'><strong>ὃ</strong></span> <span class='ocrx_word' id='word_1_750' title='bbox 1108 5335 1364 5406; x_wconf 71' lang='grc' dir='ltr'>ἐποίησεν</span> <span class='ocrx_word' id='word_1_751' title='bbox 1404 5334 1722 5404; x_wconf 85' lang='grc' dir='ltr'>Ἐπιφάνιος</span> <span class='ocrx_word' id='word_1_752' title='bbox 1772 5333 1957 5405; x_wconf 78' lang='grc' dir='ltr'>θαῦμα</span> 
     </span>
    </p>
   </div>
   <div class='ocr_carea' id='block_1_99' title="bbox 376 5424 1958 5502">
    <p class='ocr_par' dir='ltr' id='par_1_99' title="bbox 376 5424 1958 5502">
     <span class='ocr_line' id='line_1_99' title="bbox 376 5424 1958 5502; baseline -0.005 -16"><span class='ocrx_word' id='word_1_753' title='bbox 376 5432 471 5486; x_wconf 73' lang='grc' dir='ltr'><strong>ἐπὶ</strong></span> <span class='ocrx_word' id='word_1_754' title='bbox 520 5431 612 5484; x_wconf 84' lang='grc' dir='ltr'>τὸν</span> <span class='ocrx_word' id='word_1_755' title='bbox 649 5431 883 5502; x_wconf 83' lang='grc' dir='ltr'>Ἰέρακα,</span> <span class='ocrx_word' id='word_1_756' title='bbox 919 5429 1217 5498; x_wconf 78' lang='grc' dir='ltr'>ἐξέστησαν</span> <span class='ocrx_word' id='word_1_757' title='bbox 1261 5424 1858 5492; x_wconf 60' lang='grc' dir='ltr'>ἀπαντες.’Υπολα6ὼν</span> <span class='ocrx_word' id='word_1_758' title='bbox 1901 5425 1958 5478; x_wconf 82' lang='grc' dir='ltr'>δὲ</span> 
     </span>
    </p>
   </div>
   <div class='ocr_carea' id='block_1_100' title="bbox 391 5519 2041 5592">
    <p class='ocr_par' dir='ltr' id='par_1_100' title="bbox 391 5519 2041 5592">
     <span class='ocr_line' id='line_1_100' title="bbox 391 5519 2041 5592; baseline -0.004 -16"><span class='ocrx_word' id='word_1_759' title='bbox 391 5522 707 5591; x_wconf 76' lang='grc' dir='ltr'>Ἐπιφάνιος</span> <span class='ocrx_word' id='word_1_760' title='bbox 748 5521 856 5576; x_wconf 79' lang='grc' dir='ltr'>ἀπὸ</span> <span class='ocrx_word' id='word_1_761' title='bbox 887 5521 998 5576; x_wconf 78' lang='grc' dir='ltr'>τῶν</span> <span class='ocrx_word' id='word_1_762' title='bbox 1041 5519 1200 5573; x_wconf 81' lang='grc' dir='ltr'>θείων</span> <span class='ocrx_word' id='word_1_763' title='bbox 1235 5519 1467 5592; x_wconf 80' lang='grc' dir='ltr'>Γραφῶν</span> <span class='ocrx_word' id='word_1_764' title='bbox 1504 5520 1708 5591; x_wconf 72' lang='grc' dir='ltr'>ἤρξατο</span> <span class='ocrx_word' id='word_1_765' title='bbox 1749 5519 1959 5582; x_wconf 82' lang='grc' dir='ltr'>πάντας</span> <span class='ocrx_word' id='word_1_766' title='bbox 2038 5528 2041 5537; x_wconf 93' lang='grc'>·</span> 
     </span>
    </p>
   </div>
   <div class='ocr_carea' id='block_1_101' title="bbox 376 5607 1959 5686">
    <p class='ocr_par' dir='ltr' id='par_1_101' title="bbox 376 5607 1959 5686">
     <span class='ocr_line' id='line_1_101' title="bbox 376 5607 1959 5686; baseline -0.004 -15"><span class='ocrx_word' id='word_1_767' title='bbox 376 5612 650 5671; x_wconf 78' lang='grc' dir='ltr'>διδάσκειν</span> <span class='ocrx_word' id='word_1_768' title='bbox 679 5614 749 5667; x_wconf 73' lang='grc' dir='ltr'>τὰ</span> <span class='ocrx_word' id='word_1_769' title='bbox 778 5614 909 5686; x_wconf 60' lang='grc' dir='ltr'><strong>περὶ⁸</strong></span> <span class='ocrx_word' id='word_1_770' title='bbox 933 5613 1033 5683; x_wconf 80' lang='grc' dir='ltr'>τῆς</span> <span class='ocrx_word' id='word_1_771' title='bbox 1066 5613 1436 5677; x_wconf 76' lang='grc' dir='ltr'>ἀναστάσεως.</span> <span class='ocrx_word' id='word_1_772' title='bbox 1467 5612 1748 5685; x_wconf 77' lang='grc' dir='ltr'>Παρῆὶθεν</span> <span class='ocrx_word' id='word_1_773' title='bbox 1770 5607 1862 5666; x_wconf 81' lang='grc' dir='ltr'>οὖν</span> <span class='ocrx_word' id='word_1_774' title='bbox 1885 5612 1959 5676; x_wconf 81' lang='grc' dir='ltr'>ὡς</span> 
     </span>
    </p>
   </div>
   <div class='ocr_carea' id='block_1_102' title="bbox 450 5789 888 5849">
    <p class='ocr_par' dir='ltr' id='par_1_102' title="bbox 450 5789 888 5849">
     <span class='ocr_line' id='line_1_102' title="bbox 450 5789 888 5849; baseline -0.007 -3"><span class='ocrx_word' id='word_1_775' title='bbox 450 5790 475 5824; x_wconf 82' lang='grc'><strong><em>⁸</em></strong></span> <span class='ocrx_word' id='word_1_776' title='bbox 520 5789 652 5847; x_wconf 83' lang='lat' dir='ltr'><strong>Gen.</strong></span> <span class='ocrx_word' id='word_1_777' title='bbox 694 5808 769 5849; x_wconf 87' lang='lat' dir='ltr'><strong>Ill.</strong></span> <span class='ocrx_word' id='word_1_778' title='bbox 808 5792 888 5847; x_wconf 84' lang='lat' dir='ltr'><strong>l9.</strong></span> 
     </span>
    </p>
   </div>
   <div class='ocr_carea' id='block_1_103' title="bbox 2050 4593 3632 4683">
    <p class='ocr_par' dir='ltr' id='par_1_103' title="bbox 2050 4593 3632 4683">
     <span class='ocr_line' id='line_1_103' title="bbox 2050 4593 3632 4683; baseline -0.014 -15"><span class='ocrx_word' id='word_1_779' title='bbox 2050 4613 2346 4683; x_wconf 83' lang='lat' dir='ltr'><strong>Postquam</strong></span> <span class='ocrx_word' id='word_1_780' title='bbox 2377 4625 2506 4665; x_wconf 90' lang='lat' dir='ltr'><strong>vero</strong></span> <span class='ocrx_word' id='word_1_781' title='bbox 2540 4606 2749 4679; x_wconf 81' lang='lat' dir='ltr'><strong>rogavit</strong></span> <span class='ocrx_word' id='word_1_782' title='bbox 2782 4604 3147 4675; x_wconf 88' lang='lat' dir='ltr'><strong>Epiphanium</strong></span> <span class='ocrx_word' id='word_1_783' title='bbox 3195 4598 3477 4666; x_wconf 84' lang='lat' dir='ltr'><strong>eujasnam</strong></span> <span class='ocrx_word' id='word_1_784' title='bbox 3540 4593 3632 4656; x_wconf 89' lang='lat' dir='ltr'><strong>sit,</strong></span> 
     </span>
    </p>
   </div>
   <div class='ocr_carea' id='block_1_104' title="bbox 2050 4688 3632 4776">
    <p class='ocr_par' dir='ltr' id='par_1_104' title="bbox 2050 4688 3632 4776">
     <span class='ocr_line' id='line_1_104' title="bbox 2050 4688 3632 4776; baseline -0.016 -14"><span class='ocrx_word' id='word_1_785' title='bbox 2050 4718 2107 4762; x_wconf 86' lang='lat' dir='ltr'><strong>et</strong></span> <span class='ocrx_word' id='word_1_786' title='bbox 2132 4705 2224 4776; x_wconf 89' lang='lat' dir='ltr'><strong>qui</strong></span> <span class='ocrx_word' id='word_1_787' title='bbox 2254 4712 2499 4765; x_wconf 89' lang='lat' dir='ltr'><strong>vocetur,</strong></span> <span class='ocrx_word' id='word_1_788' title='bbox 2538 4702 2749 4755; x_wconf 86' lang='lat' dir='ltr'><strong>turbam</strong></span> <span class='ocrx_word' id='word_1_789' title='bbox 2776 4714 2968 4752; x_wconf 89' lang='lat' dir='ltr'><strong>rursus</strong></span> <span class='ocrx_word' id='word_1_790' title='bbox 3001 4694 3251 4750; x_wconf 87' lang='lat' dir='ltr'><strong>docebat.</strong></span> <span class='ocrx_word' id='word_1_791' title='bbox 3283 4688 3418 4745; x_wconf 90' lang='lat' dir='ltr'><strong>Cum</strong></span> <span class='ocrx_word' id='word_1_792' title='bbox 3453 4697 3632 4742; x_wconf 83' lang='lat' dir='ltr'><strong>autem</strong></span> 
     </span>
    </p>
   </div>
   <div class='ocr_carea' id='block_1_105' title="bbox 2051 4781 3636 4864">
    <p class='ocr_par' dir='ltr' id='par_1_105' title="bbox 2051 4781 3636 4864">
     <span class='ocr_line' id='line_1_105' title="bbox 2051 4781 3636 4864; baseline -0.013 -13"><span class='ocrx_word' id='word_1_793' title='bbox 2051 4799 2292 4854; x_wconf 86' lang='lat' dir='ltr'><strong>venisset</strong></span> <span class='ocrx_word' id='word_1_794' title='bbox 2315 4797 2380 4851; x_wconf 89' lang='lat' dir='ltr'><strong>ad</strong></span> <span class='ocrx_word' id='word_1_795' title='bbox 2416 4792 2798 4864; x_wconf 80' lang='lat' dir='ltr'><strong>exponendum</strong></span> <span class='ocrx_word' id='word_1_796' title='bbox 2829 4790 2904 4844; x_wconf 88' lang='lat' dir='ltr'><strong>de.</strong></span> <span class='ocrx_word' id='word_1_797' title='bbox 2925 4786 3341 4847; x_wconf 87' lang='lat' dir='ltr'><strong>resurrectione,</strong></span> <span class='ocrx_word' id='word_1_798' title='bbox 3377 4781 3444 4835; x_wconf 88' lang='lat' dir='ltr'><strong>de</strong></span> <span class='ocrx_word' id='word_1_799' title='bbox 3470 4794 3636 4833; x_wconf 87' lang='lat' dir='ltr'><strong>carne</strong></span> 
     </span>
    </p>
   </div>
   <div class='ocr_carea' id='block_1_106' title="bbox 2053 4869 3636 4955">
    <p class='ocr_par' dir='ltr' id='par_1_106' title="bbox 2053 4869 3636 4955">
     <span class='ocr_line' id='line_1_106' title="bbox 2053 4869 3636 4955; baseline -0.015 -9"><span class='ocrx_word' id='word_1_800' title='bbox 2053 4890 2214 4954; x_wconf 82' lang='lat' dir='ltr'><strong>dixit,</strong></span> <span class='ocrx_word' id='word_1_801' title='bbox 2243 4904 2365 4943; x_wconf 90' lang='lat' dir='ltr'><strong>eam</strong></span> <span class='ocrx_word' id='word_1_802' title='bbox 2396 4903 2504 4942; x_wconf 88' lang='lat' dir='ltr'><strong>non</strong></span> <span class='ocrx_word' id='word_1_803' title='bbox 2533 4899 2843 4955; x_wconf 84' lang='lat' dir='ltr'><strong>resurgere.</strong></span> <span class='ocrx_word' id='word_1_804' title='bbox 2878 4880 3089 4947; x_wconf 85' lang='lat' dir='ltr'><strong>Quibus</strong></span> <span class='ocrx_word' id='word_1_805' title='bbox 3131 4877 3353 4939; x_wconf 87' lang='lat' dir='ltr'><strong>auditis,</strong></span> <span class='ocrx_word' id='word_1_806' title='bbox 3386 4886 3527 4941; x_wconf 68' lang='lat' dir='ltr'><strong>aegre</strong></span> <span class='ocrx_word' id='word_1_807' title='bbox 3558 4869 3636 4923; x_wconf 83' lang='lat' dir='ltr'><strong>fe-</strong></span> 
     </span>
    </p>
   </div>
   <div class='ocr_carea' id='block_1_107' title="bbox 2055 4965 3630 5051">
    <p class='ocr_par' dir='ltr' id='par_1_107' title="bbox 2055 4965 3630 5051">
     <span class='ocr_line' id='line_1_107' title="bbox 2055 4965 3630 5051; baseline -0.016 -14"><span class='ocrx_word' id='word_1_808' title='bbox 2055 4997 2184 5038; x_wconf 84' lang='lat' dir='ltr'><strong>rens</strong></span> <span class='ocrx_word' id='word_1_809' title='bbox 2211 4979 2570 5051; x_wconf 88' lang='lat' dir='ltr'><strong>Epiphanius,</strong></span> <span class='ocrx_word' id='word_1_810' title='bbox 2598 4979 2736 5031; x_wconf 74' lang='lat' dir='ltr'><strong>dixit</strong></span> <span class='ocrx_word' id='word_1_811' title='bbox 2763 4974 2976 5029; x_wconf 84' lang='lat' dir='ltr'><strong>Hieraci</strong></span> <span class='ocrx_word' id='word_1_812' title='bbox 3005 4991 3018 5026; x_wconf 90' lang='lat'><strong>:</strong></span> <span class='ocrx_word' id='word_1_813' title='bbox 3043 4969 3137 5027; x_wconf 91' lang='lat' dir='ltr'><strong>Ori</strong></span> <span class='ocrx_word' id='word_1_814' title='bbox 3173 4978 3266 5023; x_wconf 90' lang='lat' dir='ltr'><strong>tuo</strong></span> <span class='ocrx_word' id='word_1_815' title='bbox 3298 4965 3527 5020; x_wconf 88' lang='lat' dir='ltr'><strong>imtnitte</strong></span> <span class='ocrx_word' id='word_1_816' title='bbox 3550 4978 3630 5014; x_wconf 81' lang='lat' dir='ltr'><strong>rc-</strong></span> 
     </span>
    </p>
   </div>
   <div class='ocr_carea' id='block_1_108' title="bbox 2055 5056 3629 5145">
    <p class='ocr_par' dir='ltr' id='par_1_108' title="bbox 2055 5056 3629 5145">
     <span class='ocr_line' id='line_1_108' title="bbox 2055 5056 3629 5145; baseline -0.015 -16"><span class='ocrx_word' id='word_1_817' title='bbox 2055 5074 2337 5145; x_wconf 78' lang='lat' dir='ltr'><strong>pagulum,</strong></span> <span class='ocrx_word' id='word_1_818' title='bbox 2366 5083 2419 5127; x_wconf 95' lang='lat' dir='ltr'><strong>et</strong></span> <span class='ocrx_word' id='word_1_819' title='bbox 2447 5072 2595 5125; x_wconf 89' lang='lat' dir='ltr'><strong>disce</strong></span> <span class='ocrx_word' id='word_1_820' title='bbox 2620 5084 2768 5138; x_wconf 84' lang='lat' dir='ltr'><strong>spem</strong></span> <span class='ocrx_word' id='word_1_821' title='bbox 2810 5075 3052 5121; x_wconf 89' lang='lat' dir='ltr'><strong>nostram</strong></span> <span class='ocrx_word' id='word_1_822' title='bbox 3083 5077 3191 5116; x_wconf 75' lang='lat' dir='ltr'><strong>non</strong></span> <span class='ocrx_word' id='word_1_823' title='bbox 3235 5056 3629 5125; x_wconf 83' lang='lat' dir='ltr'><strong>blasphemare.</strong></span> 
     </span>
    </p>
   </div>
   <div class='ocr_carea' id='block_1_109' title="bbox 2056 5145 3634 5234">
    <p class='ocr_par' dir='ltr' id='par_1_109' title="bbox 2056 5145 3634 5234">
     <span class='ocr_line' id='line_1_109' title="bbox 2056 5145 3634 5234; baseline -0.016 -12"><span class='ocrx_word' id='word_1_824' title='bbox 2056 5166 2213 5234; x_wconf 84' lang='lat' dir='ltr'><strong>Quod</strong></span> <span class='ocrx_word' id='word_1_825' title='bbox 2264 5180 2387 5219; x_wconf 91' lang='lat' dir='ltr'><strong>cum</strong></span> <span class='ocrx_word' id='word_1_826' title='bbox 2439 5164 2668 5217; x_wconf 77' lang='lat' dir='ltr'><strong>dixisset</strong></span> <span class='ocrx_word' id='word_1_827' title='bbox 2707 5156 3069 5228; x_wconf 78' lang='lat' dir='ltr'><strong>Epiphanius,</strong></span> <span class='ocrx_word' id='word_1_828' title='bbox 3105 5150 3305 5206; x_wconf 87' lang='lat' dir='ltr'><strong>mansit</strong></span> <span class='ocrx_word' id='word_1_829' title='bbox 3332 5146 3530 5201; x_wconf 79' lang='lat' dir='ltr'><strong>llierax</strong></span> <span class='ocrx_word' id='word_1_830' title='bbox 3581 5145 3634 5197; x_wconf 91' lang='lat' dir='ltr'><strong>in</strong></span> 
     </span>
    </p>
   </div>
   <div class='ocr_carea' id='block_1_110' title="bbox 2058 5236 3641 5315">
    <p class='ocr_par' dir='ltr' id='par_1_110' title="bbox 2058 5236 3641 5315">
     <span class='ocr_line' id='line_1_110' title="bbox 2058 5236 3641 5315; baseline -0.016 0"><span class='ocrx_word' id='word_1_831' title='bbox 2058 5261 2178 5315; x_wconf 91' lang='lat' dir='ltr'><strong>loco</strong></span> <span class='ocrx_word' id='word_1_832' title='bbox 2214 5267 2399 5312; x_wconf 90' lang='lat' dir='ltr'><strong>mutus</strong></span> <span class='ocrx_word' id='word_1_833' title='bbox 2427 5267 2479 5310; x_wconf 84' lang='lat' dir='ltr'><strong>et</strong></span> <span class='ocrx_word' id='word_1_834' title='bbox 2511 5252 2829 5308; x_wconf 88' lang='lat' dir='ltr'><strong>immobilis.</strong></span> <span class='ocrx_word' id='word_1_835' title='bbox 2861 5249 2999 5303; x_wconf 91' lang='lat' dir='ltr'><strong>Cum</strong></span> <span class='ocrx_word' id='word_1_836' title='bbox 3042 5247 3174 5299; x_wconf 81' lang='lat' dir='ltr'><strong>vero</strong></span> <span class='ocrx_word' id='word_1_837' title='bbox 3202 5258 3413 5305; x_wconf 90' lang='lat' dir='ltr'><strong>omnes,</strong></span> <span class='ocrx_word' id='word_1_838' title='bbox 3446 5237 3536 5308; x_wconf 90' lang='lat' dir='ltr'><strong>qui</strong></span> <span class='ocrx_word' id='word_1_839' title='bbox 3571 5236 3641 5290; x_wconf 83' lang='lat' dir='ltr'><strong>ab</strong></span> 
     </span>
    </p>
   </div>
   <div class='ocr_carea' id='block_1_111' title="bbox 2060 5332 3636 5423">
    <p class='ocr_par' dir='ltr' id='par_1_111' title="bbox 2060 5332 3636 5423">
     <span class='ocr_line' id='line_1_111' title="bbox 2060 5332 3636 5423; baseline -0.016 -16"><span class='ocrx_word' id='word_1_840' title='bbox 2060 5354 2182 5423; x_wconf 89' lang='lat' dir='ltr'><strong>ipso</strong></span> <span class='ocrx_word' id='word_1_841' title='bbox 2230 5350 2590 5413; x_wconf 87' lang='lat' dir='ltr'><strong>docebantur,</strong></span> <span class='ocrx_word' id='word_1_842' title='bbox 2645 5344 2907 5399; x_wconf 70' lang='lat' dir='ltr'><strong>vidissent</strong></span> <span class='ocrx_word' id='word_1_843' title='bbox 2976 5337 3298 5395; x_wconf 89' lang='lat' dir='ltr'><strong>miraculum</strong></span> <span class='ocrx_word' id='word_1_844' title='bbox 3387 5333 3529 5404; x_wconf 88' lang='lat' dir='ltr'><strong>quod</strong></span> <span class='ocrx_word' id='word_1_845' title='bbox 3583 5332 3636 5384; x_wconf 91' lang='lat' dir='ltr'><strong>in</strong></span> 
     </span>
    </p>
   </div>
   <div class='ocr_carea' id='block_1_112' title="bbox 2056 5423 3639 5515">
    <p class='ocr_par' dir='ltr' id='par_1_112' title="bbox 2056 5423 3639 5515">
     <span class='ocr_line' id='line_1_112' title="bbox 2056 5423 3639 5515; baseline -0.015 -16"><span class='ocrx_word' id='word_1_846' title='bbox 2056 5445 2235 5515; x_wconf 87' lang='lat' dir='ltr'><strong>ipsum</strong></span> <span class='ocrx_word' id='word_1_847' title='bbox 2288 5442 2412 5495; x_wconf 83' lang='lat' dir='ltr'><strong>fecit</strong></span> <span class='ocrx_word' id='word_1_848' title='bbox 2462 5436 2819 5509; x_wconf 79' lang='lat' dir='ltr'><strong>Epiphanius,</strong></span> <span class='ocrx_word' id='word_1_849' title='bbox 2864 5434 3291 5501; x_wconf 78' lang='lat' dir='ltr'><strong>obstupuerunt.</strong></span> <span class='ocrx_word' id='word_1_850' title='bbox 3328 5426 3407 5480; x_wconf 81' lang='lat' dir='ltr'><strong>Ex</strong></span> <span class='ocrx_word' id='word_1_851' title='bbox 3438 5423 3639 5478; x_wconf 78' lang='lat' dir='ltr'><strong>divinis</strong></span> 
     </span>
    </p>
   </div>
   <div class='ocr_carea' id='block_1_113' title="bbox 2058 5518 3678 5602">
    <p class='ocr_par' dir='ltr' id='par_1_113' title="bbox 2058 5518 3678 5602">
     <span class='ocr_line' id='line_1_113' title="bbox 2058 5518 3678 5602; baseline -0.015 -10"><span class='ocrx_word' id='word_1_852' title='bbox 2058 5548 2236 5592; x_wconf 88' lang='lat' dir='ltr'><strong>autem</strong></span> <span class='ocrx_word' id='word_1_853' title='bbox 2271 5532 2569 5602; x_wconf 84' lang='lat' dir='ltr'><strong>Scripturis</strong></span> <span class='ocrx_word' id='word_1_854' title='bbox 2598 5527 2871 5595; x_wconf 86' lang='lat' dir='ltr'><strong>accipiens</strong></span> <span class='ocrx_word' id='word_1_855' title='bbox 2903 5521 3270 5595; x_wconf 83' lang='lat' dir='ltr'><strong>Epiphanius,</strong></span> <span class='ocrx_word' id='word_1_856' title='bbox 3312 5518 3479 5589; x_wconf 66' lang='lat' dir='ltr'><strong>erepit</strong></span> <span class='ocrx_word' id='word_1_857' title='bbox 3518 5530 3640 5571; x_wconf 89' lang='lat' dir='ltr'><strong>om-</strong></span> <span class='ocrx_word' id='word_1_858' title='bbox 3671 5538 3678 5553; x_wconf 66' lang='grc' dir='ltr'><strong>ι</strong></span> 
     </span>
    </p>
   </div>
   <div class='ocr_carea' id='block_1_114' title="bbox 2060 5606 3641 5685">
    <p class='ocr_par' dir='ltr' id='par_1_114' title="bbox 2060 5606 3641 5685">
     <span class='ocr_line' id='line_1_114' title="bbox 2060 5606 3641 5685; baseline -0.015 0"><span class='ocrx_word' id='word_1_859' title='bbox 2060 5644 2157 5685; x_wconf 80' lang='lat' dir='ltr'><strong>nes</strong></span> <span class='ocrx_word' id='word_1_860' title='bbox 2204 5627 2401 5683; x_wconf 83' lang='lat' dir='ltr'><strong>docere</strong></span> <span class='ocrx_word' id='word_1_861' title='bbox 2444 5625 2509 5678; x_wconf 87' lang='lat' dir='ltr'><strong>de</strong></span> <span class='ocrx_word' id='word_1_862' title='bbox 2542 5621 2958 5676; x_wconf 89' lang='lat' dir='ltr'><strong>resurrectione.</strong></span> <span class='ocrx_word' id='word_1_863' title='bbox 3009 5614 3278 5671; x_wconf 63' lang='lat' dir='ltr'><strong>Praeteriit</strong></span> <span class='ocrx_word' id='word_1_864' title='bbox 3326 5609 3492 5683; x_wconf 80' lang='lat' dir='ltr'><strong>igitur</strong></span> <span class='ocrx_word' id='word_1_865' title='bbox 3536 5606 3641 5663; x_wconf 87' lang='lat' dir='ltr'><strong>ali-</strong></span> 
     </span>
    </p>
   </div>
  </div>
