4058 6440
475 342 545 397 5)
1791 350 1848 405 S.
1894 347 2049 402 EPIP

2150 344 2234 399 NII
2279 344 2458 399 VITA.
3665 343 3739 397 60

471 472 602 530 «μιοῑ
629 462 888 516 horarum
923 463 1181 534 spatium,
1221 472 1275 516 et
1310 474 1492 519 mutus
1535 463 1889 533 permanebat
1918 462 2049 532 Ilie-

2150 457 2307 528 ὠρῶν
2340 458 2506 529 τριῶν
2534 458 2809 529 διάστημα
2827 476 2841 491 ·
2876 461 2972 513 καὶ
2997 455 3064 532 ἦν
3101 459 3347 531 Ἰεράκας
3371 459 3595 526 ἄναυδος
3614 464 3737 519 δια-

471 570 591 607 rax.
623 552 755 609 Post
784 556 897 611 [nec
923 565 1102 611 autem
1144 557 1277 610 dixit
1315 558 1362 610 ei
1392 555 1731 626 Epiphanius
1763 575 1777 610 :
1806 555 2049 625 Loquere

472 662 665 701 verum
689 664 1021 711 sermonem,
1043 660 1094 704 et
1121 648 1248 703 audi
1276 648 1485 702 ﬁrmant
1509 664 1573 703 ac
1598 648 1844 704 stabilem
1867 648 2047 703 ﬁdem.

473 737 628 796 Tunc
674 756 734 796 se
761 743 1038 797 excusavit
1078 740 1297 808 Hierax,
1329 741 1521 797 dicens
1548 758 1605 798 se
1637 758 1759 798 esse
1787 742 1997 812 lapsum
2033 757 2045 770 '

475 833 742 900 pmoitere
775 842 957 889 autem
986 845 1250 903 proterva:
1276 834 1424 890 illius
1457 836 1760 891 sententia}.

545 995 778 1062 XXVIII.
820 1009 1169 1067 Discedentes
1219 1028 1347 1066 vero
1400 1011 1742 1084 Leontopoli,
1771 1014 1966 1067 ivimns
1992 1016 2046 1069 in

472 1102 804 1171 superiorem
834 1102 1184 1158 Thebaidem.
1216 1104 1346 1159 Erat
1375 1115 1556 1160 autem
1593 1107 1702 1161 illic
1724 1108 1811 1161 vir.
1846 1109 2047 1178 justus,

467 1178 707 1246 Joannes
743 1192 981 1246 nomine.
1023 1192 1088 1248 Et
1123 1210 1247 1248 eum
1274 1195 1339 1248 ad
1362 1210 1488 1250 eum
1514 1196 1746 1267 ingressi
1778 1213 2046 1265 essemus,

470 1297 569 1336 nos
602 1282 833 1354 benigne
862 1285 1090 1355 accepit.
1121 1284 1369 1342 Fuerunt
1414 1297 1594 1343 autem
1626 1290 1845 1359 quidam
1878 1306 1943 1344 ex
1981 1290 2048 1346 iis

466 1373 560 1442 qui
617 1372 671 1427 in
722 1374 829 1428 illis
859 1374 995 1431 locis
1025 1376 1364 1441 habitabant,
1400 1379 1494 1448 qui
1524 1378 1574 1435 ei
1604 1382 1895 1450 quemdam
1927 1382 2046 1435 alli-

468 1472 663 1532 gat-ant
691 1465 1113 1528 adolescentem,
1145 1476 1201 1522 ut
1226 1478 1490 1525 maneret.
1518 1470 1572 1525 Is
1598 1487 1729 1526 vero
1752 1473 2049 1529 vexabatur

467 1556 537 1609 ab
592 1558 875 1614 immundo
918 1561 1136 1629 spiritu.
1186 1560 1485 1631 Postquam
1537 1572 1715 1618 autem
1751 1564 1883 1618 vidit
1917 1563 2045 1634 Epi-

469 1649 752 1717 phanium,
785 1649 921 1705 dixit
942 1651 993 1705 ei
1026 1668 1220 1723 magna
1248 1668 1383 1709 voce
1414 1672 1429 1708 :
1465 1653 1575 1709 Cur
1608 1654 1715 1710 huc
1742 1657 2045 1723 accessisti,

472 1738 760 1809 Epiphani,
782 1741 875 1797 Dei
903 1743 1093 1799 serve?
1113 1742 1420 1815 Mansitque
1448 1744 1517 1800 ah
1545 1745 1676 1799 hora
1703 1754 1851 1800 sexta
1876 1763 2048 1816 usque

469 1831 535 1885 ad
587 1847 787 1887 nonam
828 1833 908 1889 sic
947 1834 1217 1891 clamans.
1260 1844 1315 1890 et
1350 1845 1571 1907 repente
1613 1847 1775 1907 rupto
1806 1839 2044 1905 vinculo,
2079 1819 2119 1873 Β

466 1924 714 1979 cucurrit
742 1924 811 1979 ad
845 1925 1229 1997 Epiphanium.
1285 1925 1583 1984 Prehensis
1602 1938 1786 1995 autem
1818 1931 2048 1998 pedibus

467 2014 778 2086 Epiphanii,
814 2017 1106 2085 clamabat,
1134 2018 1322 2075 dicens
1353 2038 1365 2074 :
1401 2018 1594 2074 Libera
1640 2037 1747 2087 me,
1776 2038 1910 2093 rogo
1953 2038 2047 2093 per

470 2105 637 2162 Deum
683 2124 846 2179 quem
875 2110 1030 2166 colis.
1061 2110 1280 2166 Dixerat
1302 2126 1432 2167 vero
1454 2110 1789 2183 Epiphanius
1819 2114 2049 2170 immun—

465 2199 537 2255 do
567 2199 803 2270 spiritui,
840 2209 899 2255 ut
929 2201 1029 2275 (α)⁸
1053 2202 1229 2258 exiret
1255 2203 1324 2258 ab
1355 2203 1595 2267 homine,
1630 2206 1705 2261 ita
1730 2215 1789 2260 ut
1815 2222 1920 2261 non
1955 2221 2048 2263 co-

466 2301 756 2363 gnosceret
805 2290 1046 2350 Joannes
1090 2293 1480 2365 Epiphanium.
1528 2296 1675 2351 Dixit
1710 2307 1890 2352 autem
1920 2298 2048 2368 Epi-

466 2381 699 2451 phanius
727 2382 1059 2438 adolescenti
1096 2401 1109 2437 ε
1142 2382 1340 2447 Ilomo,
1366 2400 1526 2455 surge
1560 2403 1573 2439 :
1609 2386 1738 2456 quid
1785 2386 1917 2439 mihi
1948 2402 2045 2442 ex-

467 2472 622 2527 hibes
646 2473 997 2529 molestiam?
1031 2471 1227 2529 Statim
1250 2483 1433 2530 autem
1460 2490 1629 2531 sanus
1656 2477 1891 2532 surrexit
1913 2477 2049 2531 adeo

465 2565 699 2631 Iescens,
733 2581 856 2620 cum
884 2566 1206 2622 immundus
1233 2567 1459 2622 exiisset
1491 2566 1890 2637 spiritus.Tres
1919 2584 2051 2623 vero

466 2652 586 2710 dies
619 2656 1096 2727 mansimus-apud
1124 2655 1415 2722 Joannem,
1442 2657 1619 2713 virum
1648 2659 2044 2723 admirabilem,

465 2757 521 2802 et
545 2748 678 2813 vita,
711 2764 834 2818 quae
882 2765 949 2804 ex
999 2749 1199 2804 virtute
1245 2750 1523 2819 agebatur,
1570 2760 1845 2804 ornatum.
1895 2749 2048 2807 lline

464 2848 646 2894 autem
697 2841 1033 2905 recedentes,
1064 2842 1314 2897 venimus
1361 2842 1429 2896 ad
1479 2840 1721 2902 Bneolia.
1750 2851 1804 2896 et
1841 2855 2043 2912 septeni

464 2946 639 2986 annos
668 2932 778 2986 illic
813 2932 1181 3002 transegimus
1215 2952 1226 2987 :
1265 2948 1631 3004 magnamque
1662 2934 1773 2989 illic
1813 2933 2047 3004 Epipha-

468 3024 559 3078 nio
595 3025 899 3079 molestiam
927 3025 1206 3095 praebuere
1232 3040 1327 3096 per
1363 3027 1827 3097 congressionem.

536 3195 729 3253 XXIX.
769 3197 1077 3267 Aliquando
1125 3196 1349 3269 quidam
1396 3198 1778 3269 phiIOSOphus,
1824 3186 2045 3254 nomine

468 3283 784 3354 Eudzemon,
825 3288 1059 3344 accessit
1094 3289 1165 3343 ad
1217 3286 1609 3359 Epiphanium,
1661 3300 1715 3345 et
1761 3305 2046 3345 sermones

468 3376 610 3431 inter
637 3393 697 3433 se
722 3378 1023 3434 contulere.
1069 3376 1405 3448 Epiphanius
1435 3380 1653 3450 quidem
1688 3396 1755 3436 ex
1800 3382 2050 3452 Scriptu—

468 3469 545 3524 ris
578 3469 840 3526 divinitus
871 3470 1173 3541 inspiratis,
1205 3467 1499 3526 Eudaemon
1539 3481 1720 3527 autem
1751 3488 1847 3542 per
1882 3474 2048 3529 inuti-

468 3562 573 3619 lem
614 3563 1019 3619 contentionem
1048 3563 1355 3618 disserebat
1402 3573 1592 3620 contra
1638 3580 1701 3619 ea
1737 3582 1860 3634 qum
1902 3566 2049 3621 dice-

470 3654 560 3709 bat
598 3653 955 3724 Epiphanius.
1016 3652 1367 3724 Habebatque
1425 3653 1721 3710 Euda'tnen
1778 3671 2044 3726 puerum;

468 3747 695 3815 ejusque
723 3746 918 3801 oculus
941 3756 1061 3802 erat
1078 3746 1322 3803 clausus.
1353 3746 1499 3803 Dixit
1519 3756 1700 3803 autem
1728 3747 2047 3804 Eudaemoni

470 3836 805 3907 Epiphanius
836 3856 850 3892 :
884 3836 1047 3905 Ecce,
1075 3853 1107 3893 ο
1131 3839 1475 3910 philosophe,
1502 3856 1667 3910 supra
1702 3854 1893 3895 omnes
1930 3841 2046 3895 elo-

469 3926 692 3995 quentia
718 3926 890 3997 polles
914 3934 969 3981 et
996 3927 1222 3991 divitiis,
1253 3938 1493 3999 suntque
1521 3929 1663 4001 apud
1698 3938 1749 3984 te
1781 3930 1857 3985 dii
1898 3945 2049 3985 eom-

471 4016 677 4085 plures.
708 4016 821 4072 Cur
855 4016 1013 4088 pueri
1059 4033 1190 4090 ergo
1240 4034 1428 4075 curam
1477 4036 1583 4076 non
1620 4021 1785 4090 geris,
1836 4031 1895 4076 ut
1929 4021 2049 4092 ejus

471 4123 690 4179 quoque
729 4108 840 4163 sint
866 4110 985 4164 sani
1017 4110 1205 4165 oculi?
1236 4109 1317 4167 De
1362 4112 1467 4168 hoc
1513 4112 1635 4168 risit
1665 4112 2046 4186 philosophus,

469 4200 658 4256 dicens
702 4199 1049 4271 Epiphanio:
1085 4201 1143 4258 Si
1188 4202 1293 4259 sub
1343 4204 1483 4260 cmlo
1529 4215 1675 4261 esset
1708 4206 1859 4263 solus
1904 4206 2048 4263 ﬁlius

473 4289 840 4353 Eudannonis,
882 4292 976 4363 qui
1022 4307 1189 4351 unum
1240 4294 1467 4350 haberet
1504 4296 1748 4362 oculum,
1792 4297 1917 4367 jure
1958 4313 2047 4354 es-

472 4394 588 4434 sem
612 4380 679 4434 de
706 4395 772 4435 eo
793 4381 1096 4450 sollicitus;
1130 4384 1397 4439 innumeri
1426 4400 1555 4441 vero
1584 4401 1707 4442 cum
1732 4387 1841 4442 sint
1861 4388 1956 4459 qui
1979 4402 2048 4442 ne

2155 549 2351 618 μένων.
2381 548 2531 602 Μετά
2561 548 2617 602 δὲ
2643 549 2814 602 ταῦτα
2838 545 2992 603 εἶπεν
3028 551 3343 620 Ἑπιφάνιος
3379 551 3516 624 πρὸς
3542 555 3733 608 αὐτόν·

2149 638 2312 693 Λάλει
2361 639 2453 691 τὸν
2496 638 2650 706 λόγον
2698 638 2895 710 ἀληθῆ,
2926 640 3017 692 καὶ
3070 639 3234 693 ἄκουε
3284 640 3379 711 τὴν
3421 642 3602 697 πίστιν
3644 643 3737 712 βι-

2150 730 2328 783 6αίαν.
2362 729 2493 782 Τότε
2539 732 2782 801 Ἰεράκας
2824 730 3220 799 ἀπελογήσατο.
3261 731 3525 801 ἐσφάλθαι
3557 732 3737 801 λέγων

2150 821 2284 891 πρὸς
2320 820 2654 890 Ἐπιφάνιον,
2689 820 2828 875 ἀλλά
2877 823 3158 891 μετανοεῖν
3202 821 3311 874 ἀπὸ
3354 825 3452 894 τῆς
3493 824 3736 878 ἀτάκτου

2149 911 2373 982 γνώμης
2399 912 2632 984 ἐκείνης.

2220 1006 2354 1058 κη’.
2412 1006 2743 1076 Ἀπάραντες
2772 1000 2864 1058 οῦν
2892 1003 3001 1059 ἀπὸ
3040 1004 3470 1071 Λεοντοπόλεως,
3498 1008 3738 1079 ἐπορεύ-

2151 1095 2324 1167 θημεν
2357 1099 2437 1159 είς
2464 1097 2563 1169 τὴν
2591 1098 2703 1151 ἀνω
2737 1091 3113 1167 Θηϐαῖδα.Ἧν
3141 1095 3197 1148 δὲ
3227 1098 3344 1151 ἐκεῖ
3362 1099 3571 1163 δίκαιος
3593 1101 3737 1173 ἀνὴρ

2161 1187 2413 1260 Ἰωάννης
2458 1189 2699 1259 ὀνόματι.
2731 1188 2843 1241 Καὶ
2884 1187 2948 1258 δὴ
2999 1186 3333 1252 εἰσελθόντες
3370 1192 3505 1261 πρὶς
3546 1192 3734 1253 αὐτὸν.

2148 1276 2363 1341 ἐδέξατο
2419 1280 2566 1349 ἡμᾶς
2635 1272 3090 1348 εὐμενῶς.Ἦσαν
3130 1277 3187 1331 δέ
3218 1297 3359 1343 τινες
3392 1281 3499 1334 τῶν
3530 1285 3588 1336 ὲν
3619 1288 3738 1347 τοῖς

2147 1369 2334 1433 τόποις
2384 1370 2613 1434 ἐκείνοις
2656 1369 2936 1424 νεανίσκον
2984 1368 3108 1422 τινὰ
3150 1372 3549 1442 προσδήσαντες
3582 1376 3736 1446 αὐτῷ

2148 1460 2767 1534 προσπαραμένειν.ἾΙν
2809 1465 2866 1518 δὲ
2899 1467 3059 1531 αὐτὸς
3096 1467 3202 1520 ὑπὸ
3236 1465 3544 1535 πνεύματος
3597 1469 3743 1521 dna

2150 1553 2349 1625 θάρτου
2407 1553 2916 1624 ἐνοχλούμενος.Ὦς
2964 1552 3060 1610 οὖν
3112 1557 3218 1609 ἴδεν
3264 1557 3354 1609 τὸν
3394 1556 3730 1625 Ἐπιφάνιον,

2149 1645 2333 1713 ἔλεγεν
2386 1645 2519 1718 πρὸς
2552 1646 2714 1700 αὐτὸν
2751 1647 2962 1719 μεγάλῃ
2992 1651 3056 1718 τῇ
3107 1650 3294 1719 φωνῇ·
3333 1648 3399 1700 Τί
3428 1650 3734 1720 παρεγένου

2150 1736 2727 1806 ὲνταῦθα,Ἐπιφάνιε,
2756 1736 2907 1790 δοῦλε
2942 1738 3034 1790 τοῦ
3054 1737 3224 1805 Θεοῦ;
3258 1739 3512 1808 Ἔμεινεν
3538 1739 3592 1792 δὲ
3624 1740 3734 1795 ἀπὸ

2147 1830 2295 1901 ὥρας
2317 1829 2482 1899 ἕκτης
2507 1829 2610 1893 ἕως
2634 1830 2782 1902 ὥρας
2815 1831 3009 1901 ἐνάτης
3033 1830 3205 1895 οὕτως
3238 1829 3588 1899 ἀποκράζων.
3620 1833 3734 1885 Καὶ

2149 1922 2406 1993 ἐξαίφνης
2433 1922 2729 1994 διαρρήξας
2752 1923 2861 1977 τῶν
2883 1922 3120 1993 δεσμῶν,
3145 1924 3381 1996 ἔδραμεν
3413 1924 3549 1995 πρὸς
3580 1924 3736 1977 Ἐπι-

2149 2014 2358 2084 φάνιον.
2397 2014 2590 2067 Λαϐὼν
2612 2014 2668 2067 δὲ
2700 2013 2807 2067 τῶν
2840 2015 3014 2068 ποδῶν
3045 2015 3232 2078 αὐτοῦ,
3268 2016 3496 2087 ἔκραξεν
3521 2015 3694 2083 λέγων
3714 2032 3728 2046 ο

2160 2104 2455 2161 ’Δπόλυσόν
2491 2121 2579 2174 με,
2611 2104 2697 2158 διὰ
2721 2105 2812 2158 τὸν
2844 2105 2995 2172 Θεὸν,
3025 2105 3083 2158 ὃν
3114 2106 3179 2159 σὺ
3209 2102 3552 2183 σέϐηίἫνκδὲ
3583 2108 3731 2160 Ἐπι-

2149 2197 2337 2266 φάνιος
2382 2195 2552 2249 εἰπὼν
2594 2197 2671 2267 τῷ
2716 2195 3014 2269 ἀκαθάρτῳ
3062 2197 3355 2267 πνεύματι,
3389 2198 3463 2269 μὴ
3497 2197 3732 2263 ἐξελθεῖν

2148 2287 2256 2340 ἀπὸ
2298 2285 2392 2339 τοῦ
2438 2285 2751 2357 ἀνθρώπου,
2783 2267 2931 2351 ὅπως
2964 2287 3037 2357 μὴ
3063 2287 3176 2358 γνῷ
3209 2267 3461 2360 Ἰωάννης
3490 2290 3558 2342 τὰ
3591 2289 3743 2345 κατά
3850 2267 3871 2276 ³

2146 2378 2238 2432 τὸν
2278 2379 2612 2447 Ἐπιφάνιον.
2648 2374 2815 2432 Εἶπεν
2863 2378 2918 2432 δὲ
2964 2379 3278 2448 Ἐπιφάιιος
3321 2381 3459 2451 πρὸς
3489 2381 3582 2434 τὸν
3609 2398 3733 2434 νεα⁹

2148 2470 2349 2523 νίσκον·
2388 2470 2644 2535 Ἀνάστα,
2677 2471 2954 2542 ἄνθρωπε,
2985 2472 3038 2525 τί
3071 2471 3273 2536 κόπους
3307 2490 3396 2543 μοι
3430 2474 3724 2544 παρέχειςς

2148 2562 2364 2628 Εὐθέως
2412 2559 2503 2617 οῦν
2548 2564 2744 2636 ἀνέστη
2774 2565 2803 2617 ὁ
2830 2564 3111 2627 νεανίσκος
3144 2564 3303 2636 ὑγιὴς
3324 2605 3339 2629 ,
3361 2566 3454 2619 τοῦ
3489 2567 3733 2637 ἀκαθάρ-

2146 2672 2240 2707 του
2292 2655 2598 2726 πνεῦμα-τος
2637 2655 2944 2720 ἐξελθόντος
2975 2658 3071 2710 ἀπ’
3098 2656 3286 2710 αὐτοῦ.
3313 2657 3644 2728 Ἐμείναμεν
3672 2658 3732 2713 δὲ

2146 2750 2293 2814 τρεῖς
2322 2746 2532 2820 ἡμέρας
2571 2746 2721 2817 παρά
2752 2745 2831 2816 τῷ
2856 2746 3095 2817 Ἰωάννῃ.
3131 2746 3287 2818 ἀνδρὶ
3316 2746 3613 2827 θαυμαστῴ
3635 2750 3732 2803 καὶ

2148 2840 2392 2911 εὐαρέτῳ
2421 2840 2665 2910 πολιτείᾳ
2689 2828 3107 2910 κεκοσμημένῳ.
3137 2840 3476 2910 ’Δπάραντες
3497 2840 3554 2893 δὲ
3589 2843 3731 2895 ἐκεῖ·

2147 2932 2238 2985 θεν
2284 2930 2624 3003 κατήλθομεν
2673 2931 2767 2984 ἐπὶ
2817 2931 2886 2984 τὰ
2933 2930 3215 2995 Βουκόλια,
3253 2931 3347 2984 καὶ
3395 2933 3743 3004 ἐποιήσαμεν-

2146 3025 2262 3077 ἐκεί
2296 3022 2336 3087 ζ’
2371 3023 2497 3093 ιἐτη·
2543 3023 2643 3077 καίι
2679 3021 2849 3076 πολὺν
2897 3023 3065 3076 κόπον
3091 3022 3255 3094 κάγεῖ
3293 3026 3552 3095 παρεῖχον
3583 3026 3733 3078 Ἐπι-

2148 3115 2324 3186 φανίῳ
2344 3114 2432 3167 διὰ
2465 3113 2565 3182 τῆς
2600 3113 2911 3182 συντυχίας.

2222 3199 2348 3255 KG’.
2385 3198 2520 3251 Ποτὲ
2550 3194 2642 3250 οὖν
2674 3197 2963 3268 φιλόσοφός
3037 3215 3115 3262 τις
3165 3198 3393 3269 ὀνόματι
3447 3198 3755 3269 Εὐδαίμων..

2150 3290 2481 3361 παρεγένετο
2510 3290 2645 3362 πρὸς
2677 3289 3036 3359 Ἐπιφάνιον,
3090 3289 3185 3343 καὶ
3242 3292 3483 3361 συνῇραν
3537 3290 3736 3360 λόγους

2150 3381 2284 3451 πρὸς
2318 3380 2563 3444 ἑαυτούς.
2615 3380 2910 3447 Ἐποίησαν
2948 3380 3004 3434 δὲ
3036 3385 3066 3433 ι’
3095 3380 3307 3453 ἡμέρας
3364 3381 3736 3453 διαλεγόμενοι

2150 3470 2285 3540 πρὸς
2314 3470 2595 3540 ἀλλήλους.
2644 3472 2698 3523 '0
2732 3469 2841 3541 γὰρ
2859 3470 3176 3538 Ἐπιφάνιος
3209 3472 3318 3525 ἀπο
3337 3471 3445 3525 τῶν
3475 3472 3736 3527 θεοπνεύ-

2152 3582 2290 3618 στων
2316 3563 2548 3633 Γραφῶν
2576 3563 2673 3634 τὴν
2720 3563 2978 3633 ἀλήθειαν
3025 3564 3376 3619 ἀπεδείκνυεν
3419 3566 3496 3637 τῷ
3544 3567 3736 3620 Εὐδαίο

2153 3673 2274 3725 μονι
2296 3671 2310 3685 ·
2333 3657 2361 3707 ό
2393 3654 2449 3706 δὲ
2477 3655 2758 3723 Εὐδαίμων
2784 3653 2871 3707 διά
2895 3654 2996 3724 τῆς
3044 3653 3357 3719 ἀνωφελοῦς
3401 3655 3734 3725 φιλονεικίας

2149 3746 2436 3814 ἀντέλεγεν
2455 3748 2565 3808 τοῖς
2593 3745 2945 3816 λαλουμένοις
2968 3745 3057 3799 διὰ
3090 3747 3434 3815 Ἐπιφανίου.
3463 3744 3625 3820 Εἶχεν
3672 3751 3734 3805 δὲ

2150 3839 2437 3909 Εὐδαίμων
2464 3838 2645 3902 παῖδα,
2679 3839 2774 3891 καὶ
2826 3836 3014 3891 τούτου
3057 3840 3086 3891 ό
3113 3838 3391 3910 ὀφθαλμὸς
3416 3838 3486 3912 ἦν
3514 3842 3743 3896 κεκλειακ

2152 3932 2365 4003 σμένος.
2417 3927 2582 3984 Εἶπεν
2611 3930 2668 3984 δὲ
2703 3929 3021 3999 Ἐπιφάνιος
3047 3931 3185 4002 πρὸς
3211 3932 3518 4003 Εὐδαίμονα
3542 3950 3556 3964 ο
3577 3934 3729 3999 Ἰδοὺ,

2151 4024 2429 4095 φιλόσοφε,
2489 4024 2583 4077 ἐπὶ
2618 4024 2783 4076 πᾶσιν
2836 4022 3176 4092 κεκόσμησαι
3227 4023 3323 4078 καὶ
3360 4024 3539 4092 λόγοις
3565 4065 3580 4089 ,
3635 4028 3730 4079 καὶ

2154 4115 2391 4186 πλούτῳ,
2423 4116 2517 4169 καὶ
2555 4116 2803 4186 περισσοὶ
2825 4112 2936 4166 θεοί
2970 4114 3109 4165 εἰσιν
3141 4113 3293 4186 παρὰ
3322 4115 3423 4170 σοί.
3455 4115 3555 4169 Διά
3586 4117 3638 4170 τί
3667 4118 3731 4170 οὐ

2151 4210 2325 4271 ποιεῖς
2379 4206 2636 4277 φροντίδα
2667 4204 2761 4258 τοῦ
2816 4204 2910 4258 σοῦ
2950 4205 3159 4269 παιδὸς,
3217 4206 3368 4269 ὅπως
3420 4207 3515 4260 καὶ
3551 4208 3601 4260 oi
3638 4207 3731 4262 δύο

2149 4298 2418 4370 ὀφθαλμοὶ
2447 4297 2639 4351 τούτου
2662 4292 2805 4367 ἦσαν
2832 4297 3040 4364 ὑγιεῖς;
3081 4296 3205 4350 Ἐπὶ
3236 4296 3398 4350 τοῦτο
3432 4298 3490 4350 δὲ
3527 4300 3555 4352 ὁ
3579 4299 3728 4366 φιλό-

2151 4409 2316 4461 σοφος
2337 4389 2594 4459 ἐγέλασεν
2622 4388 2797 4456 λέγων
2830 4387 3135 4459 Ἐπιφανίῳ
3161 4406 3173 4419 ·
3203 4389 3268 4443 Εἰ
3296 4389 3354 4441 ὲν
3373 4389 3553 4459 τῇιύπ’
3576 4391 3747 4461 οὐρα-ν

476 4485 603 4525 cum
633 4487 741 4527 uno
763 4472 981 4543 quidem
1003 4474 1165 4528 oculo
1184 4484 1387 4529 terram
1414 4478 1555 4532 hanc
1582 4485 1896 4547 peragrant.
1913 4480 2043 4550 quid

2150 4483 2239 4538 νὺν
2269 4482 2344 4550 (b)
2383 4483 2411 4533 ὁ
2470 4483 2597 4543 παῖς
2650 4477 2983 4549 Εὐδαίμονος
3032 4474 3103 4550 ἦν
3129 4478 3405 4550 ὀφθαλμὸν
3431 4480 3530 4533 ἕνα
3569 4480 3729 4550 ἔχων,

476 4576 624 4618 curae
646 4570 732 4617 est
763 4560 1072 4619 Eudaemoni
1091 4563 1161 4619 de
1190 4565 1295 4620 eo?
1320 4564 1655 4636 Epiphanius
1685 4577 1864 4623 autem
1908 4569 2048 4626 dixit

476 4653 792 4709 Εὐθίου]οηί
814 4672 829 4708 :
848 4654 1007 4722 Quod
1023 4656 1067 4711 si
1085 4657 1467 4728 solus,inqnit,
1481 4670 1682 4726 esset,o
1703 4660 2045 4731 philosophe,

476 4743 738 4815 quidnam
786 4760 949 4817 agere
998 4761 1188 4816 posses
1234 4747 1303 4802 ad
1348 4763 1473 4803 eum
1511 4750 1856 4805 curandum?
1904 4750 2045 4807 Nihil

478 4835 649 4899 aliud,
683 4834 863 4906 inquit
890 4834 1212 4903 Eudaemon,
1258 4837 1363 4894 nisi
1406 4839 1723 4897 ratiocinari
1749 4850 1805 4897 et
1841 4842 2047 4908 dicere,

478 4927 689 4983 nullum
725 4943 964 4998 unquam
999 4930 1081 4985 sic
1120 4928 1291 4986 fuisse
1333 4929 1607 4998 affectum,
1654 4943 1713 4989 ut
1747 4942 1830 4988 est
1864 4944 2050 4990 noster

479 5032 629 5087 puer.
671 5015 817 5072 Dixit
838 5016 1177 5088 Epiphanius
1203 5018 1517 5077 Eudaemoni
1549 5039 1562 5076 :
1591 5020 1675 5077 Ne
1696 5038 1779 5088 ea,
1817 5039 1939 5094 qua:
1960 5024 2045 5079 di-

449 5117 700 5177 ,cuntur,
733 5109 985 5167 attendas
1029 5110 1252 5180 perinde
1296 5127 1361 5166 ac
1406 5112 1636 5169 ridicula
1691 5112 1858 5182 (Dens
1903 5115 2048 5170 enim

481 5209 566 5255 est
591 5201 643 5254 in
676 5203 854 5257 medio
882 5201 1449 5270 aniborum);-adduc
1490 5219 1721 5275 puerum
1761 5205 1855 5275 qui
1899 5205 2052 5261 labo-

483 5301 590 5356 rat,
618 5301 671 5347 et
698 5294 816 5349 vide
849 5284 1076 5365 gloriam
1108 5294 1225 5351 Dei.
1256 5295 1382 5353 Hzee
1410 5311 1534 5351 cum
1565 5298 1794 5353 dixisset
1816 5297 2053 5369 Epipha-

484 5387 630 5451 nius,
682 5396 737 5442 et
784 5390 1131 5446 Eudaemonis
1170 5407 1400 5461 puerum
1452 5408 1618 5448 manu
1667 5394 1950 5461 tenuisset,
2000 5401 2055 5449 et

482 5476 602 5547 ejus
630 5478 870 5546 oculum,
900 5482 990 5550 qui
1016 5497 1121 5535 non
1165 5481 1399 5548 videbat,
1439 5492 1519 5539 ter
1547 5485 1834 5556 signasset,
1868 5486 2052 5540 statim

486 5568 742 5637 respexit.
785 5569 920 5625 Cum
970 5579 1148 5628 autem
1190 5575 1413 5630 vidisset
1447 5574 1764 5644 Eudaemon,
1808 5578 1954 5647 quod
1978 5576 2056 5633 fe-

558 5744 633 5814 (a)
673 5747 858 5803 Graeca
895 5749 1232 5819 negationem
1266 5752 1501 5815 addunt.

2148 4569 2295 4644 εἶχον
2320 4571 2385 4625 ἂν
2420 4569 2755 4641 μεριμνῆσαι
2783 4569 2910 4640 περὶ
2942 4567 3107 4623 αὐτοῦ
3128 4584 3141 4598 ·
3186 4570 3237 4622 εί
3264 4568 3322 4622 δὲ
3371 4569 3728 4641 ἀναρίθμητοι

2113 4667 2284 4719 ἐἰσιν
2314 4664 2363 4716 οἱ
2387 4663 2477 4715 ὑπ’
2507 4660 2718 4723 οὐδενὸς
2758 4658 3034 4730 ὀφθαλμοῦ
3093 4661 3449 4731 πορευόμενοι
3491 4662 3584 4714 ἐπὶ
3630 4662 3727 4732 τῆς
3773 4684 3789 4696 .

2146 4758 2250 4826 γῆς
2285 4753 2510 4823 ταύτης.
2535 4751 2588 4806 τί
2615 4750 2693 4821 τῷ
2721 4750 3014 4821 Εὐδαίμονα
3046 4750 3200 4819 μέλει
3236 4752 3365 4822 περὶ
3400 4751 3587 4805 τούτου
3614 4795 3628 4816 ,
3671 4754 3727 4805 '0

2150 4849 2204 4902 δὲ
2231 4846 2551 4916 Ἐπιφάνιος
2584 4840 2737 4899 εἶπεν
2766 4844 2902 4915 πρὸς
2926 4844 3018 4898 τὸν
3044 4843 3385 4915 Εὐδαίμονα·
3425 4846 3491 4900 Et
3533 4846 3590 4900 δὲ
3633 4846 3737 4899 καὶ»

2151 4940 2332 5011 μόνος,
2369 4938 2555 5010 φησὶν,
2579 4931 2625 4991 ὧ
2663 4936 2943 5007 φιλόσοφε,
2980 4935 3299 5006 ἐτύγχανεν,
3350 4936 3405 4989 τί
3438 4931 3582 5007 εἶχες
3609 4939 3730 4990 ὲπι-

2149 5028 2407 5098 τηδεῦσαι
2433 5027 2569 5098 πρὸς
2618 5024 2919 5097 θεραπείαν
2952 5024 3183 5091 τούτους
3231 5025 3290 5079 '0
3328 5026 3387 5079 δὲ
3440 5026 3730 5096 Εὐδαίμων

2151 5123 2346 5195 φησίν·
2378 5121 2543 5176 Οὐδὲν
2582 5120 2616 5192 ἢ
2645 5120 2707 5173 τὸ
2750 5119 3057 5188 λογίζεσθαι
3107 5118 3367 5183 πολλάκις
3403 5120 3498 5173 καὶ
3528 5119 3727 5187 λέγειν,

2150 5217 2233 5269 ὅτι
2266 5213 2439 5277 οὐδείς
2460 5213 2607 5267 ἐστιν
2630 5210 2851 5265 ταῦποτε
2876 5210 3049 5271 οὕτως
3093 5211 3172 5275 ὡς
3212 5213 3241 5265 ὁ
3284 5210 3552 5281 ἡμέτερος
3578 5211 3723 5271 παῖς.

2154 5299 2325 5359 Εἶπεν
2351 5301 2408 5354 δὲ
2440 5300 2759 5380 Ἐπιφάνιος
2787 5299 2924 5372 πρὸς
2954 5299 3144 5355 αὐτόν·
3178 5300 3270 5370 Μὴ
3292 5299 3545 5370 πρόσεχε,
3572 5298 3727 5367 φησι,

2155 5394 2433 5463 φιλόσοφε,
2466 5393 2579 5456 τοῖς
2602 5390 2954 5463 λαλουμένοις
2973 5390 3049 5454 ὡς
3071 5393 3128 5445 ὲν
3146 5391 3340 5461 γελοίῳ
3357 5404 3373 5421 ⁵
3394 5392 3423 5443 ὁ
3456 5389 3587 5452 Θεὸς
3618 5388 3731 5458 γάρ

2155 5482 2259 5537 ἀνά
2294 5482 2457 5553 μέσον
2502 5479 2847 5552 ἀμφοτέρων.
2907 5480 3116 5548 Ἀγαγε
3180 5478 3340 5532 παῖδα
3407 5477 3577 5548 πηρόν
3596 5493 3611 5509 ο
3651 5476 3728 5529 ἴδε

2156 5574 2310 5642 δόξαν
2331 5571 2486 5627 Θεοῦ.
2522 5570 2711 5625 Ταῦτα
2729 5571 2786 5625 δὲ
2816 5569 2985 5625 εἰπὼν
3030 5570 3370 5638 Ἐπιφάνιος,
3412 5569 3505 5624 καὶ
3534 5567 3729 5639 κρατή·

2202 5729 2307 5818 ’(ὸ)
2337 5756 2612 5819 lntcrprcs
2640 5750 2788 5806 addit
2814 5748 2993 5820 μόνος.
