4058 6430
239 360 300 418 Gl

251 497 346 545 σας
364 478 458 534 τὸν
481 479 661 533 παῖδα
694 478 801 532 τοῦ
836 477 1157 546 Εύδαέμονος
1200 477 1305 531 ἀπὸ
1335 477 1431 547 τῆς
1489 478 1670 548 χειρὸς
1703 517 1719 541 ,

263 572 567 647 σφραγὶσας
595 572 695 626 τὸν
727 571 1010 642 ὀφθαλμὸν
1038 569 1224 632 αὑτοῦ,
1248 570 1335 621 τὸν
1369 567 1443 638 μὴ
1475 569 1707 640 ὁρῶντα,
1736 571 1854 639 τρί-

272 683 378 728 τον,
414 662 622 726 εὐθέως
656 663 977 732 ἀνέϐλεψεν.
1022 660 1165 714 Ἰδὼν
1193 661 1250 714 δὲ
1278 661 1563 730 Εὐδαίμων
1600 659 1628 712 ὃ
1670 661 1855 730 ἐποίη-

279 777 367 813 σεν
392 755 738 826 Ἐπιφάνιος,
773 754 1147 824 παρεκάλεσεν
1172 752 1334 806 αὐτὸν
1373 751 1575 820 λέγων·
1610 752 1673 805 Εἰ
1706 751 1856 821 φίλον

276 851 423 904 ἐστὶν
450 849 598 918 ὑμῖν,
629 845 945 912 διδάσκαλε,
985 845 1124 898 θέλω
1158 843 1311 912 κάγὼ
1353 843 1675 915 Χριστιανὸς
1703 843 1856 912 γενέο

279 942 427 993 σθαι.
473 939 531 991 Ὀ
557 938 612 991 δὲ
642 933 799 989 εἶπεν
825 936 1002 1006 αὐτῷ·
1052 937 1336 1002 Ἀκουσον,
1382 937 1544 1006 φησὶν
1565 974 1578 998 ,
1614 929 1659 988 ὦ
1707 936 1858 1003 φιλό-

280 1048 433 1099 σοφε,
457 1028 527 1083 τὰ
549 1029 677 1099 περὶ
707 1027 802 1079 τοῦ
823 1025 1024 1094 ἀγαθοῦ
1068 1026 1163 1080 καὶ
1212 1027 1583 1098 εὐσπλαγχνου
1616 1026 1779 1093 Θεοῦ,

278 1122 328 1171 οἱ
360 1116 674 1201 Χριστιανοὶ
710 1116 1079 1170 πιστεύουσιν.
1110 1115 1249 1168 Ποτὲ
1280 1115 1368 1168 τὸν
1401 1115 1612 1188 Ἰσραὴλ
1653 1119 1710 1170 ὲν
1740 1116 1859 1170 δου-

278 1210 405 1280 λείᾳ
431 1210 747 1279 ὑπάρχοντα
772 1206 851 1277 τῷ
875 1206 1071 1278 Φαραὼ
1100 1206 1310 1278 βασιλεῖ
1335 1207 1610 1277 Αἰγύπτου
1640 1207 1860 1278 ἠλευθέ-

283 1318 482 1372 ρωσεν,
518 1300 614 1354 καὶ
641 1298 949 1371 ἀπήλλαξεν
977 1299 1137 1353 αὐτὸν
1167 1300 1264 1353 ἀπ’
1296 1299 1481 1364 αὐτοῦ,
1513 1300 1607 1354 καὶ
1639 1299 1726 1352 διὰ
1757 1299 1858 1368 τῆς

280 1390 562 1458 θαλάσσης
591 1389 776 1459 διῆγεν
809 1389 970 1441 αὑτὸν
1005 1387 1091 1441 διὰ
1120 1386 1224 1458 τῆς
1245 1389 1472 1460 ἐρήμου,
1505 1390 1598 1441 καὶ
1630 1389 1826 1460 εἰσήγα
1845 1414 1857 1427 ο

277 1497 377 1546 γεν
407 1480 572 1535 αὑτὸν
593 1480 672 1542 εἰς
690 1480 792 1550 γῆν
834 1480 1057 1551 ῥέουσαν
1088 1479 1230 1547 γάλα
1269 1479 1363 1531 καὶ
1404 1479 1546 1548 μέλι.
1581 1481 1689 1533 Καὶ
1729 1479 1859 1533 ποτὲ

277 1566 471 1620 τοῦτον
519 1568 893 1638 ἀπειθήσαντα
929 1568 1020 1620 καὶ
1049 1568 1322 1638 ἀμνησίαν
1377 1568 1568 1637 ἔχοντα
1601 1568 1736 1639 πρὸς
1769 1569 1857 1621 τὸν

275 1656 413 1711 Θεὸν
437 1655 530 1710 διὰ
574 1658 667 1710 τοῦ
706 1658 992 1728 Προφήτου
1024 1657 1210 1711 τοῦτον
1264 1659 1602 1729 παρακαλεῖ,
1644 1661 1854 1728 λέγων’

276 1748 440 1813 Λαός
460 1765 603 1810 μου,
628 1748 687 1807 τί
707 1747 965 1815 ἐποίησά
989 1761 1087 1801 σοι
1104 1765 1124 1813 ;
1156 1748 1195 1816 ἢ
1235 1748 1291 1801 τι
1316 1748 1577 1817 ἠδίκησά
1601 1765 1693 1815 σε,
1722 1750 1760 1819 ἡ
1800 1752 1859 1804 τί

276 1838 720 1907 εταρηνόχλησὰ
740 1854 857 1903 σε;
886 1840 1239 1908 ἀποκρίθητέ
1256 1858 1376 1909 μοι.
1411 1816 1573 1893 Ὥστε
1613 1838 1706 1896 οὖν
1724 1816 1856 1907 ,Ἵλό-
1889 1816 1931 1870 Β

277 1946 363 1996 γιε
389 1929 701 1999 Εὐδαίμων,
723 1929 941 1998 ἕτοιμός
987 1932 1135 1983 ἐστιν
1183 1932 1212 1984 ὀ
1241 1930 1373 1995 Θεὸς
1422 1933 1627 1997 πάντας
1674 1935 1861 2007 τρόπῳ

1560 358 1618 417 S.
1663 358 1998 413 El‘lPllANll
2044 358 2223 413 VITA.
3460 355 3529 413 6'2

1764 479 1858 530 καὶ
1891 488 1929 539 Λ
1962 486 2110 531 errat
2164 477 2533 547 Epiphanius,
2585 474 2795 545 rogavit
2829 489 2952 528 cum
2998 472 3187 527 dicens
3225 488 3238 524 :
3279 469 3334 524 Si
3376 470 3532 525 vobis

1962 570 2157 637 placet,
2196 568 2475 638 magister,
2510 566 2632 620 volo
2662 582 2760 639 ego
2783 580 3003 635 quoque
3028 564 3142 618 fieri
3173 562 3527 617 Christianus.
3614 612 3619 613 ,

1960 660 2298 729 Epiphanius
2334 669 2512 712 autent
2553 658 2691 711 dixit
2732 656 3048 711 Eudmmoni
3083 674 3094 708 :
3134 653 3293 715 Audi,
3337 668 3370 707 θ
3414 653 3536 722 phi-

1961 752 2205 822 los¢iphe,
2242 752 2308 806 de
2345 752 2487 806 bono
2534 765 2585 804 ct
2636 749 2975 805 misericordi
3017 746 3147 813 Deo,
3188 744 3275 801 cui
3306 746 3534 801 credunt

1958 841 2277 897 Christiani.
2337 839 2641 902 lsraclcm,
2718 838 2811 909 qui
2890 835 3186 905 aliquando
3265 834 3534 891 serviebat

1958 934 2232 987 Pharaoni
2263 935 2371 1002 regi
2418 932 2650 1004 (Egypti,
2684 931 2949 995 liberavit,
2978 938 3030 985 et
3055 945 3180 984 eum
3216 927 3438 997 eripuit,
3479 936 3533 981 et

1960 1040 2055 1094 per
2078 1040 2224 1078 mare
2259 1024 2502 1078 Rubrum
2539 1040 2662 1077 cum
2700 1006 2961 1086 traduxit,
2995 1028 3251 1091 tanqua’m
3287 1010 3535 1090 per'tcr-

1960 1131 2077 1168 ram
2108 1115 2316 1169 aridam
2377 1127 2540 1181 atque
2584 1130 2680 1183 per
2726 1114 3097 1177 solitudinem,
3133 1122 3187 1166 et
3233 1109 3534 1165 introduxit

1958 1226 2080 1264 cum
2125 1210 2177 1262 in
2212 1220 2411 1264 terram
2464 1210 2718 1264 liuentem
2769 1208 2907 1262 lacte
2945 1214 2997 1259 et
3045 1205 3251 1260 melle:
3297 1217 3534 1271 eumque

1959 1316 2083 1355 cu-zn
2120 1301 2417 1370 aliquando
2441 1316 2547 1353 non
2582 1301 2875 1369 pavuisset,
2908 1306 2960 1351 ct
2993 1294 3088 1349 Dei
3115 1294 3307 1349 fuisset
3340 1293 3534 1347 imme-

1960 1406 2099 1455 mor,
2145 1405 2243 1460 per
2274 1391 2595 1461 prophetam
2640 1389 2720 1445 sic
2761 1389 3106 1449 adhortatur,
3154 1383 3378 1437 dicens:
3427 1383 3531 1436 Po-

1958 1481 2077 1551 pule
2106 1483 2208 1548 mi,
2263 1482 2390 1552 quid
2422 1482 2522 1551 feci
2563 1482 2693 1543 tibi.
2737 1490 2826 1533 aut
2861 1495 2966 1549 qua
2998 1478 3052 1532 in
3087 1493 3140 1531 re
3182 1476 3276 1529 tibi
3319 1476 3397 1545 fui
3430 1491 3536 1527 mo-

1958 1573 2120 1627 lestus
2153 1576 2176 1627 Ρ
2208 1573 2462 1644 responde
2499 1572 2627 1628 mihi
2672 1572 2712 1625 ⁸.
2748 1569 3140 1637 Quamobrem,
3174 1582 3207 1621 ο
3236 1566 3392 1621 docte
3420 1566 3531 1632 Eu-

1959 1667 2190 1729 daemon,
2237 1676 2460 1739 paratus
2490 1675 2573 1721 est
2620 1663 2762 1720 Deus
2801 1679 2916 1728 eos,
2958 1663 3050 1733 qui
3088 1662 3233 1717 bono
3260 1660 3418 1715 modo
3445 1674 3536 1727 at:-

1959 1756 2182 1819 cedunt,
2227 1757 2478 1827 excipere
2511 1775 2524 1810 :
2558 1765 2612 1811 ct
2639 1757 2684 1809 si
2729 1756 2853 1826 quis
2891 1754 3079 1809 fecerit
3121 1763 3342 1822 peccata
3370 1767 3532 1820 quam

1960 1848 2212 1916 plurima,
2246 1849 2335 1901 illa
2369 1850 2416 1902 ei
2456 1849 2818 1902 remittemur.
2871 1845 3019 1901 Vade
3052 1858 3201 1912 ergo,
3251 1856 3282 1894 ο
3327 1838 3536 1893 erudite

1958 1937 2278 2004 Eudaemon,
2314 1950 2367 1995 ct
2392 1939 2675 2009 ingredere
2705 1938 3004 1998 civitatem,
3038 1943 3092 1989 et
3120 1949 3221 1991 nec
3251 1939 3303 1986 te
3334 1931 3535 2001 pudeat

276 2017 471 2088 ἀγαθῷ
497 2017 911 2088 εἰσερχομένους
950 2017 1321 2088 εἰσδέχεσθαι,
1354 2021 1457 2073 κᾶν
1505 2021 1779 2094 ἁμαρτιας

1961 2033 2217 2088 accedere
2243 2035 2309 2089 ad
2340 2033 2678 2103 episcopum.
2723 2031 2975 2086 Christus
3001 2027 3147 2083 enim
3192 2032 3341 2080 amat
3366 2022 3538 2075 humi-

279 2126 367 2172 τις
391 2110 650 2173 πλείστας
688 2109 1022 2180 πεποιηκὼς,
1064 2111 1396 2183 ἀφεθήσεται
1429 2115 1597 2185 αὐτῷ.
1629 2116 1863 2171 Ἀπελθε

1961 2122 2188 2177 litatem.
2241 2123 2509 2189 Quocirca
2556 2121 2621 2175 ad
2660 2134 2763 2173 nos
2811 2130 3031 2188 quoque
3064 2113 3212 2168 venit
3240 2111 3295 2164 in
3341 2122 3536 2178 magna

276 2198 387 2258 σῧν,
420 2201 569 2268 λόγιε
591 2200 899 2271 Εὐδαίμων,
929 2203 1020 2255 καὶ
1039 2201 1243 2257 εἴσελθε
1266 2205 1323 2256 ἐν
1353 2208 1419 2275 τῇ
1450 2205 1622 2269 πόλει,
1651 2209 1746 2261 καὶ
1780 2209 1855 2281 μή

1963 2215 2291 2270 humilitate.

278 2292 575 2363 αἰσχυνθῇς
601 2295 929 2363 προσπεσεῖν
952 2293 1030 2365 τῷ
1054 2295 1356 2365 ὲπισκόπῳ.
1395 2298 1451 2351 Ὀ
1474 2297 1581 2370 γὰρ
1619 2301 1852 2371 Χριστὸς
1888 2304 1984 2377 τὴν
2033 2309 2359 2362 ταπείνωσιν
2387 2307 2594 2378 ἀγαπᾷ.
2624 2303 2714 2357 Διὸ
2769 2299 2862 2355 καὶ
2888 2301 2944 2352 ὲν
2984 2298 3150 2368 πολλῇ
3214 2290 3535 2349 ταπεινώσει

277 2382 441 2455 ἦλθεν
475 2386 610 2454 πρὸς
638 2386 806 2454 ἡμᾶς.

348 2474 428 2526 Δ¹.
469 2474 736 2525 Ἤκουσεν
757 2472 814 2525 δὲ
842 2471 1129 2542 Εὐδαίμων
1154 2472 1264 2526 τῶν
1300 2473 1474 2543 λόγων
1507 2474 1852 2544 Ἐπιφανίου,

278 2563 377 2617 καὶ
404 2562 651 2632 εἰσῆλθεν
700 2563 761 2615 ὲν
797 2564 865 2633 τῇ
898 2563 1069 2627 πόλει,
1126 2565 1221 2617 καὶ
1255 2565 1593 2636 προσέπεσεν
1615 2566 1693 2638 τῷ
1731 2570 1857 2620 ὲπι-

282 2657 497 2733 σκόπῳ,
528 2656 620 2708 καὶ
643 2656 861 2724 ἐγένετο
888 2656 1233 2726 Χριστιανός.
1252 2657 1543 2730 Διαεόητος
1562 2659 1618 2713 δὲ
1642 2660 1857 2729 ἐγένετο

1961 2663 2127 2734 pedes
2179 2660 2436 2730 episcopi,
2470 2669 2521 2713 et
2555 2656 2733 2711 factus
2777 2662 2863 2709 est
2906 2651 3273 2707 Christianus.
3308 2647 3539 2718 Fuitque

280 2746 603 2813 Ἐπιφάνιος
636 2747 714 2808 εις
747 2745 874 2815 ὅλην
906 2746 1004 2817 τὴν
1050 2745 1345 2816 Αἴγυπτον.
1377 2750 1682 2822 Ἐζήτησαν
1717 2751 1773 2805 δὲ
1807 2752 1857 2804 οι

1961 2754 2296 2826 Epiphanius
2329 2751 2507 2820 magni
2543 2749 2780 2814 nominis
2827 2748 2881 2800 in
2906 2754 3017 2799 tota
3042 2736 3295 2817 Egypto.
3320 2744 3539 2810 Quare-

282 2836 575 2889 ἐπεσκοποι
613 2837 882 2907 κρατῆσαι
926 2833 1088 2891 αὐτὸν
1147 2840 1479 2893 ἐπίσκοπον·
1521 2843 1617 2896 καὶ
1655 2844 1683 2893 ὁ
1712 2842 1859 2912 ἄγων

1961 2850 2086 2904 bant
2135 2846 2279 2900 enim
2329 2841 2569 2912 episcopi
2625 2855 2750 2893 eum
2803 2846 2984 2891 tenere
3022 2846 3076 2890 et
3110 2834 3288 2890 facere
3322 2836 3537 2905 episco-

278 2923 415 2999 ἦγεν
438 2927 530 2981 τὸν
557 2928 895 2996 Ἐπιφάνιον.
944 2930 1126 2998 Ἔγνω
1152 2931 1258 3005 γὰρ
1303 2932 1462 2985 τοῦτο
1501 2933 1819 3002 Ἐπιφάνιος
1842 2951 1857 2966 ·

1961 2952 2083 3008 pum
2117 2956 2130 2992 :
2170 2945 2225 2990 et
2253 2935 2364 3005 jam
2400 2951 2429 2988 a
2465 2934 2702 3003 quodam
2741 2932 3041 2986 ducebatur
3085 2929 3445 3001 Epiphanius.
3477 2925 3537 2981 ω

280 3022 377 3075 καὶ
408 3017 560 3073 εἶπεν
584 3020 722 3091 πρὸς
761 3021 830 3091 μέ
856 3038 871 3053 ’
895 3020 1085 3093 Δεῦρο,
1116 3024 1325 3089 τέκνον,
1355 3024 1709 3096 πορευθῶμεν
1757 3027 1861 3079 πά-

1961 3031 2045 3085 ille
2074 3028 2531 3091 animadvertetis,
2565 3024 2702 3079 dixit
2730 3023 2862 3077 mihi
2894 3039 2908 3075 :
2943 3020 3210 3092 Agedum,
3233 3020 3328 3085 ﬁli,
3357 3034 3540 3074 rever-

279 3109 366 3165 λιν
400 3112 461 3164 ὲν
510 3114 578 3181 τῇ
624 3110 862 3182 πατρίδι.
920 3112 1032 3174 Καὶ
1082 3113 1458 3185 ἐπορεύθημεν
1512 3113 1674 3168 πάλιν
1705 3115 1764 3167 ὲν
1791 3116 1855 3185 τῇ

1961 3130 2142 3175 tamur
2170 3119 2225 3173 in
2270 3118 2529 3186 patriam.
2588 3116 2656 3169 Et
2694 3130 2887 3169 rursus
2949 3115 3003 3168 in
3059 3122 3302 3186 nostram
3348 3126 3538 3166 sumus

280 3201 503 3270 πατρίδι
531 3176 684 3271 ’ήμῶν
704 3218 718 3231 ⁸
735 3176 839 3254 ’καὶ
863 3176 1271 3273 εἰσήλθομεν-ὲν
1303 3176 1382 3274 τέ)
1402 3204 1744 3277 μοναστηρίῳ
1764 3176 1856 3259 «:05

1962 3210 2186 3282 profecti
2222 3210 2519 3278 regionem,
2552 3212 2606 3261 et
2650 3205 2884 3276 ingressi
2925 3182 3121 3259 sumus
3167 3205 3221 3257 in
3263 3210 3540 3257 monaste-

2031 2480 2201 2535 ΧΧΧ.
2245 2478 2466 2533 Audivit
2503 2486 2681 2531 autem
2729 2472 3025 2527 Eudazmon
3091 2469 3253 2523 verba
3300 2466 3540 2538 Epipha—

1962 2572 2075 2633 nii,
2108 2579 2162 2624 et
2207 2569 2486 2638 ingressus
2535 2574 2616 2620 est
2665 2564 2718 2618 in
2761 2563 3056 2627 civitatem,
3107 2567 3161 2613 et
3207 2557 3438 2628 procidit
3469 2556 3537 2610 ad

284 3294 522 3364 μεγάλου
559 3292 877 3364 Ἱλαρίωνος.
947 3289 1053 3346 Ἦν
1085 3294 1141 3347 δὲ
1179 3297 1207 3348 ὁ
1230 3296 1406 3365 μέγας
1459 3297 1701 3367 Ἱλαρίων
1731 3299 1861 3352 ἀνα-

278 3384 541 3453 χωρήσας
565 3384 627 3437 ἑκ
661 3382 756 3436 τοῦ
795 3384 1154 3458 μοναστηρίου
1185 3385 1273 3440 διὰ
1301 3389 1399 3457 τὴν
1416 3387 1615 3459 πολλὴν
1642 3388 1860 3460 ὄχλησιν

279 3473 383 3543 τὴν
402 3473 695 3543 γινομένην
721 3472 888 3542 αὐτῷ,
932 3476 1027 3527 καὶ
1080 3476 1425 3540 ἀποπλεύσας
1481 3478 1589 3530 ἀπὸ
1618 3480 1715 3550 τῆς
1750 3483 1862 3532 Ku—

282 3564 547 3649 πρίῳν“ἑν
571 3566 683 3628 τοῖς
709 3564 896 3627 τόποις
921 3567 1031 3628 τοῖς
1081 3566 1210 3639 περὶ
1252 3567 1351 3637 τὴν
1398 3568 1604 3637 Πάφον.
1647 3569 1862 3632 Εἰδότες

281 3650 376 3707 οὖν
406 3655 455 3706 οἱ
471 3653 690 3721 ἀδελφοὶ
708 3654 799 3707 τδν
822 3657 1140 3723 Ἐπιφάνιον
1183 3657 1458 3728 ἐχάρησαν
1491 3659 1666 3729 χαρὰν
1701 3660 1863 3729 μεγά-

282 3745 402 3814 λην.
427 3739 608 3798 Ἦσαν
638 3745 694 3798 δὲ
726 3745 1043 3811 πενθοῦντες
1068 3746 1158 3802 διὰ
1198 3749 1288 3801 τὸν
1339 3749 1515 3820 μέγαν
1557 3751 1857 3823 Ἱλαρίωνα.

282 3834 654 3905 Ἐποιήσαμεν
690 3835 747 3891 δὲ
789 3838 847 3889 ἐν
898 3837 977 3907 τῷ
1004 3839 1348 3912 μοναστήρίῳ
1378 3841 1595 3912 ἡμέρας
1663 3848 1734 3911 μ’,
1768 3842 1862 3894 καὶ

284 3921 590 3987 ἐξελθόντες
615 3923 990 3996 ἐπορεύθημεν
1029 3929 1087 3979 ὲν
1123 3928 1200 3997 τῷ
1228 3930 1480 4001 ἡμετέρῳ
1516 3931 1863 4003 μοναστηρὶῳ

283 4011 364 4085 τῷ
394 4014 807 4087 ἐπικαλουμένῳ
831 4018 1170 4090 Σπανυδρίῳ,
1198 4022 1261 4075 ὲν.
1278 4015 1321 4088 ᾧ
1349 4017 1418 4092 ἦν
1443 4023 1672 4094 ποιήσας
1706 4022 1867 4093 ἡγούο

288 4123 450 4176 μενον
476 4106 797 4175 Ἐπιφάνιος
837 4109 930 4162 τὸν
985 4110 1268 4183 Ἐδεσηνὸν
1300 4112 1638 4182 Ἐπιφάνιον.
1670 4110 1780 4170 Ἦν
1806 4114 1863 4167 δὲ

282 4188 439 4260 οὗτος
453 4199 945 4270 περιποιησάμενος
967 4202 1025 4254 ἒν
1043 4200 1122 4272 τῷ
1141 4203 1484 4273 μοναστηρίῳ
1505 4203 1707 4273 πλῆθος
1719 4204 1866 4259 ἀδελ-

285 4286 426 4356 φῶν.
455 4289 565 4342 Καὶ
594 4288 705 4360 γὰρ
729 4289 892 4354 αὐτὸς
921 4291 1230 4363 θαυμαστὸς
1258 4295 1419 4367 ἀνήρ.
1446 4293 1659 4360 Εὶδότες
1684 4296 1740 4350 δὲ
1772 4296 1864 4350 τὸν

286 4377 601 4449 Ἐπιφάνιον
636 4382 835 4446 πάντες
881 4382 1159 4456 ἐχάρησαν
1187 4385 1360 4456 χαράν
1392 4387 1649 4458 μεγάλην.
1688 4388 1868 4443 Ἐποι-

283 4560 460 4631 comp,
482 4558 592 4629 ἐγώ
618 4578 676 4615 τε
703 4564 799 4621 καὶ
823 4564 1005 4626 αὑτός.
1025 4565 1135 4617 Καὶ
1158 4569 1224 4637 τῇ
1243 4567 1476 4640 τετάρτῃ
1503 4568 1685 4640 ἡμέρᾳ
1712 4566 1861 4623 εἶπεν

256 4655 426 4726 -πρὸς
457 4657 558 4725 μί’
601 4657 826 4718 Τέκνον,
859 4657 992 4718 λάϐε
1026 4658 1234 4735 κελλίον
1256 4660 1463 4732 ἕτερον,
1500 4663 1594 4714 καὶ
1621 4661 1862 4733 ἡσύχαζε

285 4749 345 4799 ὲν
382 4745 531 4818 αὐτῷ
548 4764 562 4777 ’
598 4749 696 4805 καὶ
723 4749 957 4818 ἐποίησα
984 4749 1177 4815 οὕτως.
1212 4751 1325 4807 Καὶ
1353 4751 1532 4823 ἥμεθα
1560 4754 1862 4824 ἡσυχάζον-

284 4855 377 4903 τες
403 4841 463 4892 ὲν
487 4838 566 4909 τῷ
597 4841 960 4912 μοναστηρίῳ.

356 4930 483 4984 AA'.
519 4932 691 5001 Λιμοῦ
720 4932 776 4985 δὲ
800 4933 1088 5001 γενομένου
1112 4933 1171 4988 ὲν
1211 4935 1289 5007 τῷ
1324 4935 1475 5007 τόπῳ
1531 4937 1723 5006 ἐκείνῳ
1771 4936 1864 4990 ἐπὶ

284 5023 385 5091 τῆς
416 5020 518 5091 γῆς
532 5020 640 5075 τῶν
665 5023 946 5087 Φοινίκων,
976 5024 1320 5095 συνήχθησαν
1344 5025 1520 5097 πλήθη
1535 5025 1704 5085 πολλὰ
1728 5026 1866 5098 πρὸς

286 5111 608 5179 Ἐπιφάνιον
631 5153 644 5177 ,
678 5113 774 5179 καὶ
807 5115 1146 5185 παρεκάλουν
1181 5116 1367 5169 τοῦτον
1405 5117 1654 5187 λέγοντες
1675 5137 1688 5152 ·
1725 5120 1864 5190 Βοή-

286 5203 455 5272 θησον
479 5205 629 5275 ήμῖν,
649 5205 854 5277 Πάτερ,
880 5206 1029 5270 ὅπως
1065 5206 1138 5278 μὴ
1167 5206 1516 5278 ἀπολώμεθα,
1553 5211 1646 5264 καὶ
1686 5228 1866 5281 παρα-

180 5378 183 5381 γ
289 5291 518 5346 κάλεσον
535 5293 622 5348 τὸν
651 5294 805 5359 Θεὸν,
831 5296 979 5358 ὅπως
1011 5295 1172 5349 δώσει
1200 5297 1353 5350 ὑετὸν
1380 5300 1473 5351 ἐπὶ
1498 5298 1595 5370 τὴν
1624 5302 1747 5371 γῆν,
1774 5301 1866 5353 καὶ

286 5386 504 5455 ποιήσει
537 5386 569 5454 ἡ
600 5387 669 5456 γῆ
700 5385 771 5439 τά
791 5387 1023 5459 ἐκφόρια,
1043 5389 1234 5458 αὐτῆς.
1268 5386 1437 5445 Εἶπεν
1469 5390 1526 5443 δὲ
1551 5393 1866 5458 Ἐπιφάνιος

287 5475 427 5548 πρὸς
449 5477 575 5540 τοὺς
600 5476 919 5547 ἀνθρώπους
938 5495 951 5509 ο
986 5479 1051 5532 Τί
1076 5497 1165 5550 μοι
1198 5482 1401 5544 κόπους
1430 5482 1724 5554 παρέχετε;
1772 5484 1865 5547 άν-

288 5567 505 5636 θρωπος
527 5566 636 5638 γὰρ
661 5568 985 5639 ἁμαρτωλός
1004 5573 1139 5640 εἰμι.
1164 5573 1273 5626 Καὶ
1295 5572 1454 5626 πλέον
1477 5592 1530 5628 τι
1559 5575 1719 5628 πάλιν
1770 5577 1867 5629 ἐπ-

286 5658 494 5713 εδέοντο
522 5660 868 5729 Ἐπιφανίου,
896 5663 1042 5728 ὅπως
1066 5664 1230 5730 αὐτὸς
1258 5666 1705 5737 προσεύξεταιτῷ
1756 5669 1868 5722 φιλ-

356 5748 377 5778 ⁶
416 5747 575 5804 Mich.
615 5767 667 5803 vr
696 5790 708 5811 ,
748 5750 800 5803 ὅ.

1960 3305 2104 3360 rium
2135 3301 2315 3373 magni
2351 3298 2665 3354 Hilarionis.
2717 3297 3039 3352 Recesserat
3083 3305 3265 3351 autem
3304 3310 3538 3365 magnus

1962 3396 2200 3449 llilarion
2244 3409 2274 3448 e
2313 3390 2648 3448 monasterio
2668 3397 2891 3461 propter
2918 3402 3171 3458 magnam
3191 3426 3207 3448 ,
3233 3402 3355 3456 quae
3376 3386 3423 3440 ei
3450 3402 3540 3440 ex-

1964 3489 2273 3551 hibebatur,
2319 3484 2645 3541 molestiam.
2679 3483 2928 3552 Cumque
2969 3481 3022 3541 in
3067 3479 3391 3551 Cypriorum
3437 3493 3536 3532 na~

1963 3581 2199 3650 vigasset
2225 3579 2522 3650 regionem,
2558 3575 2880 3632 versabatur
2908 3575 2962 3627 in
2988 3573 3056 3628 iis
3083 3572 3235 3635 locis,
3263 3586 3383 3640 qua:
3412 3578 3540 3625 sunt

1963 3673 2107 3727 circa
2144 3671 2409 3742 Paphum.
2444 3671 2580 3725 Cum
2637 3678 2817 3723 autem
2870 3666 3071 3721 fratres
3103 3664 3369 3718 vidissent
3415 3663 3540 3731 Epi-

1944 3761 2249 3832 phanium,
2274 3773 2471 3830 magno
2493 3766 2622 3813 sunt
2650 3756 2826 3811 allecti
2852 3754 3068 3824 gaudio.
3094 3751 3376 3821 Lugebant
3394 3751 3539 3806 enim

1964 3859 2188 3923 propter
2219 3866 2473 3921 magnum
2502 3848 2856 3903 llilarionem.
2884 3844 3115 3899 Fuimus
3150 3858 3279 3897 vero
3304 3842 3543 3911 quadra-

1965 3938 2111 4009 ginta
2145 3938 2262 3999 dies
2297 3940 2350 3991 in
2377 3936 2731 3991 monasterio.
2759 3935 2884 3989 Inde
2906 3932 3109 4004 egressi
3136 3931 3338 3987 fuimus
3369 3932 3420 3984 in
3441 3945 3542 3984 no-

1964 4041 2138 4089 strum
2175 4030 2550 4103 Spanhydrion
2594 4031 2680 4086 cui
2716 4028 3046 4099 Epiphanius
3072 4028 3378 4082 Edesenum
3420 4024 3545 4095 Epi-

1964 4109 2224 4195 phanium
2243 4120 2575 4191 prmfecerat.
2594 4117 2691 4177 Hic
2713 4127 2891 4172 autem
2913 4116 3177 4186 plurimos
3198 4113 3264 4167 ad
3284 4112 3412 4166 illud
3427 4126 3544 4164 mo-

1964 4212 2266 4269 nasterium
2295 4210 2622 4279 adjunxerat
2660 4206 2877 4260 fratres.
2929 4204 3140 4258 Etenim
3175 4203 3290 4272 ipse
3321 4200 3404 4255 vir
3426 4210 3543 4253 erat

1966 4301 2333 4357 admirandus.
2391 4299 2525 4353 Cum
2582 4307 2760 4351 autem
2823 4293 3093 4348 vidissent
3141 4300 3196 4346 et
3250 4287 3542 4360 praefectus

1918 4416 1931 4427 κ
1969 4394 2268 4453 Edcsenus,
2319 4399 2374 4446 et
2413 4388 2608 4442 fratres
2642 4385 3028 4457 Epiphanium,
3079 4395 3332 4451 magnam
3385 4393 3544 4432 acce-

286 4468 500 4565 ήσαμεν
610 4472 666 4523 έν
694 4470 779 4565 τῷ,
828 4473 1172 4565 μοναστηρίῳ
1199 4475 1385 4546 τρίτην
1416 4476 1629 4548 ἡμέραν
1677 4479 1734 4532 ὲν
1785 4479 1864 4532 ἐνὶ
1896 4506 1940 4565 D

1969 4500 2097 4556 pere
2129 4483 2391 4537 laetitiam.
2426 4478 2561 4533 Tres
2592 4491 2722 4533 vero
2755 4476 2871 4531 dies
2897 4474 3102 4529 fuimus
3132 4472 3241 4526 illic
3269 4471 3324 4526 in
3355 4470 3545 4539 hospi-

1968 4576 2063 4631 tio.
2095 4587 2197 4642 ego
2229 4582 2282 4626 et
2326 4572 2460 4639 ipse.
2494 4567 2704 4634 Quarto
2754 4575 2941 4620 autem
2985 4563 3121 4619 dixit
3168 4563 3299 4617 mihi
3339 4579 3352 4616 :
3416 4559 3539 4621 Fili,

1964 4664 2149 4734 accipe
2165 4663 2325 4717 aliam
2349 4661 2563 4723 cellam,
2584 4671 2631 4713 et
2654 4659 2708 4712 in
2732 4674 2794 4713 ea
2814 4657 3050 4729 quietem
3072 4670 3170 4726 age
3198 4672 3210 4709 :
3237 4662 3290 4709 et
3314 4653 3393 4709 sic
3420 4653 3540 4719 feci,
3616 4645 3622 4651 ’

1963 4738 2274 4826 etquietcm
2305 4754 2599 4822 agebamus
2625 4751 2677 4804 in
2710 4746 3346 4818 inonasterio.[Hospitis
3364 4755 3543 4799 autem

1964 4851 2143 4902 locum
2185 4844 2465 4900 obtinebat
2497 4839 2885 4913 Epiphanius.]
3081 4850 3087 4856 '

2034 4937 2226 4992 XXXI.
2292 4936 2429 4991 Cum
2483 4949 2611 4989 vero
2662 4933 2717 4987 in
2780 4932 3003 5003 regione
3034 4927 3355 4983 thnicum
3401 4934 3546 4978 esset

1964 5030 2138 5086 fames
2191 5031 2245 5083 in
2293 5029 2384 5083 illo
2415 5042 2580 5091 anno,
2631 5040 2826 5096 magna
2886 5021 3175 5081 multitudo
3220 5025 3543 5086 congregata

1963 5123 2139 5177 estad
2171 5120 2560 5190 Epiphanium,
2589 5132 2712 5187 qua:
2741 5130 2866 5171 eum
2902 5112 3148 5183 rogabat,
3186 5109 3410 5162 dicens:
3444 5104 3547 5159 Fer

1965 5214 2124 5269 nobis
2191 5227 2369 5281 opem,
2404 5208 2586 5273 Pater,
2624 5224 2692 5262 ne
2737 5219 3067 5283 pereamus:
3121 5210 3173 5257 et
3217 5215 3344 5270 roga
3373 5198 3543 5252 Deum

1970 5314 2028 5359 ut
2053 5305 2144 5360 det
2173 5303 2328 5358 nobis
2363 5301 2604 5371 pluviam
2641 5314 2808 5368 super
2836 5304 3063 5359 terram,
3088 5303 3142 5347 et
3166 5302 3305 5345 terra
3335 5291 3545 5345 fructus

1967 5396 2250 5466 producat.
2310 5391 2459 5445 Dixit
2508 5400 2693 5445 autem
2760 5386 3075 5442 hominibus
3138 5383 3541 5452 Epiphanius:

1967 5488 2105 5554 Quid
2135 5485 2288 5549 mihi,
2320 5484 2519 5554 inquit,
2549 5480 2819 5537 exhibetis
2846 5477 3197 5535 molestiam?
3223 5479 3354 5531 Sum
3396 5476 3543 5530 enim

1970 5585 2133 5636 homo
2171 5586 2439 5650 peccator.
2497 5574 2712 5629 Rursus
2776 5588 2900 5627 cum
2962 5572 3224 5642 rogabant
3280 5578 3341 5623 ut
3391 5568 3545 5622 beni-

1968 5687 2132 5735 gnum
2174 5678 2228 5725 et
2258 5669 2576 5724 clementem
2612 5663 2779 5720 Deum
2832 5675 3031 5721 oraret.
3080 5665 3126 5720 Is
3163 5671 3345 5718 autem
3400 5662 3542 5716 dixrt
