4058 6460
448 408 522 468 63
1756 403 1816 459 S.
1859 402 2203 459 ΕΡΙΡΙΗΝΙΙ
2255 403 2434 458 \‘l‘l'A.

3673 391 3761 450 61$

449 526 530 582 eis
563 544 577 581 :
606 522 726 579 Dixi
750 522 862 595 jam
893 521 1046 577 vobis
1076 536 1161 576 me
1192 536 1313 577 esse
1349 529 1710 589 precatorem.
1745 518 1817 574 lis
1858 519 2034 591 magis

2148 519 2431 592 ινθρὼπῳ.
2461 513 2632 574 Εἶπεν
2653 518 2710 573 δὲ
2740 518 3058 590 Ἐπιφάνιος
3104 519 3241 590 πρὸς
3293 516 3490 581 αὐτούς
3511 534 3524 547 ο
3572 512 3750 573 Εἶπον

448 617 790 687 rogantibus,
814 614 962 669 venit
1000 614 1133 668 hora
1165 627 1307 667 nona
1339 611 1466 666 diei.
1503 610 1650 665 Dixit
1692 620 1876 667 autem
1910 610 2044 682 Epi-

450 709 685 778 phanius
727 706 984 778 praefecto
1017 724 1029 759 :
1082 704 1363 768 Permitte,
1402 712 1463 758 ut
1499 718 1686 758 mensa
1733 713 2043 773 apponatur

452 800 538 855 his
570 799 908 863 hominibus,
939 797 1356 866 comedantque,
1402 804 1459 850 et
1488 795 1696 860 bibant,
1744 805 1799 849 et
1852 796 2045 850 laeten-

450 900 561 955 tur,
612 903 666 946 et
724 905 917 945 rursus
965 888 1183 943 abeant.
1229 887 1611 959 Apposuitque
1662 902 1942 953 mensam;
1992 893 2048 941 et

450 983 733 1053 ingressus
773 990 857 1037 est
903 981 957 1035 in
989 996 1146 1037 suam
1178 980 1394 1036 cellam.
1448 980 1587 1049 Ipsis
1628 989 1810 1035 autem
1859 993 2044 1035 come-

452 1076 733 1138 dentibus,
792 1073 873 1131 sol
924 1088 1087 1129 suum
1121 1073 1404 1128 emittebat
1450 1073 1818 1143 splendorem,
1875 1083 1934 1126 ut
1986 1071 2042 1125 in

450 1174 681 1230 aestate;
713 1172 768 1220 et
818 1173 1039 1235 repente
1065 1163 1223 1243 factae
1261 1175 1389 1220 sunt
1433 1166 1689 1230 tenebrae,
1745 1162 1961 1235 fulgura
1992 1169 2047 1217 et

451 1256 717 1321 tonitrua,
760 1266 816 1311 et
850 1270 1083 1326 magnus
1115 1255 1292 1311 imber
1338 1258 1536 1311 cecidit
1579 1257 1631 1310 in
1668 1264 1890 1310 terram.
1927 1252 2047 1309 Prae

450 1355 598 1401 metu
648 1362 778 1401 vero
808 1361 1002 1402 omnes
1038 1356 1399 1402 surrexerunt
1432 1362 1463 1401 a
1513 1361 1725 1402 mensa.
1774 1344 1892 1399 Non
1943 1344 2048 1399 fuit

452 1448 637 1493 autem
679 1437 836 1493 locus
866 1437 921 1492 in
950 1447 1066 1493 tota
1124 1437 1430 1506 Phoenicia,
1472 1437 1567 1509 qui
1616 1452 1725 1492 non
1776 1436 2049 1506 acceperit

452 1529 911 1585 benedictionem.
964 1528 1277 1601 Mansitque
1322 1530 1505 1602 pluvia
1556 1537 1668 1583 tres
1701 1527 1816 1583 dies
1863 1527 2040 1582 conti-

452 1638 613 1677 nuos.
641 1623 977 1679 Accedentes
1006 1632 1188 1679 autem
1222 1623 1322 1677 viri
1361 1623 1429 1677 ad
1469 1622 1694 1677 domum
1726 1616 2041 1689 Epiphanii,

452 1711 722 1781 rogabant
749 1728 898 1779 eum,
931 1720 992 1767 ut
1020 1712 1238 1768 sisteret
1264 1710 1524 1782 pluviam,
1559 1723 1681 1781 quae
1708 1708 1937 1764 cadebat
1977 1708 2045 1763 de

450 1803 612 1859 coelo.
662 1801 818 1858 Tunc
867 1802 1003 1858 dixit
1055 1803 1132 1857 eis
1180 1802 1560 1872 Epiphanius:
1604 1799 1745 1866 Quid
1806 1814 1893 1853 me
1921 1814 2044 1854 esse

2152 610 2280 680 ὑμῖν
2329 608 2452 680 ήδη,
2481 608 2564 661 ὅτι
2589 606 2911 679 ἁμαρτωλός
2930 608 3068 684 είμι.
3094 605 3216 659 Τῶν
3243 604 3300 657 δέ
3326 603 3607 656 ἐπιπλεῖον
3638 619 3751 655 πα-

2149 701 2547 774 ρακαλούντων,
2576 699 2811 769 ἔφθασεν
2845 699 2965 771 ὥρα
2988 697 3153 768 ἐνάτη
3181 697 3278 768 τῆς
3299 695 3535 766 ἡμέρας.
3569 692 3749 750 Εἶπεν

2146 793 2204 847 δὲ
2233 793 2557 862 Ἐπιφάνιος
2590 791 2670 862 τῷ
2706 791 3027 863 ἡγουμένῳ·
3078 788 3407 861 Ἐπίτρεψον
3443 790 3556 851 τοῖς
3589 784 3747 841 ἀδελ·

2147 888 2290 956 φοῖς,
2343 885 2758 957 παραθήσουσιν
2788 883 3071 955 τράπεζαν
3117 886 3230 947 τοῖς
3261 880 3571 953 ἀνθρώποις
3619 882 3749 934 cog.

2146 994 2281 1042 τοις,
2311 979 2407 1031 καὶ
2462 977 2746 1046 φάγονται,
2779 976 2874 1030 καὶ
2924 976 3303 1049 εὐφρανθῶσιν
3330 1017 3346 1043 ,
3384 976 3479 1029 καὶ
3511 974 3751 1028 ἀπελεύ-

2148 1087 2333 1124 σονται
2358 1069 2455 1140 τὴν
2481 1068 2598 1123 ὁδὸν
2622 1068 2821 1123 αὐτῶν.
2852 1070 2962 1124 Καὶ
2993 1068 3313 1140 παρέθηκαν
3332 1066 3409 1137 (a)
3435 1064 3747 1138 τράπεζαν,

2146 1162 2242 1215 καὶ
2271 1158 2520 1231 εἰσῆλθεν
2543 1159 2865 1229 Ἐπιφάνιος
2888 1161 2945 1212 ἐν
2974 1161 3038 1230 τῇ
3059 1157 3220 1230 κέλλῃ
3244 1155 3430 1212 αὐτοῦ.
3461 1155 3652 1209 Αὐτῶν
3685 1155 3747 1208 δέ

2145 1252 2466 1315 ἐσθιόντων,
2498 1246 2611 1322 ἦνὸ
2639 1251 2791 1321 ἥλιος
2820 1250 3154 1321 ἐπιπέμπων
3173 1248 3271 1312 τὰς
3299 1248 3522 1310 ἀκτῖνας
3552 1244 3744 1310 αὐτοῦ,

2146 1344 2339 1416 ὥσπερ
2371 1344 2431 1397 τὸ
2457 1343 2647 1415 θέρος·
2681 1343 2775 1395 καὶ
2806 1342 3063 1412 ἐξαίφνης
3110 1341 3300 1403 σκότος
3356 1340 3592 1408 ἐγένετο,
3647 1339 3746 1392 καὶ

2146 1434 2447 1507 ἀστραπαὶ,
2473 1434 2567 1487 καὶ
2610 1432 2851 1504 βρονταὶ,
2878 1433 2973 1486 καὶ
3000 1433 3154 1494 ὑετὸς
3184 1430 3354 1501 μέγας
3390 1428 3626 1500 ἐπῆλθεν
3649 1430 3748 1480 ἐπὶ

2145 1526 2243 1597 τὴν
2270 1526 2396 1596 γῆν.
2433 1525 2571 1579 Ἀπὸ
2595 1525 2650 1579 δέ
2687 1523 2852 1595 φόϐου
2907 1521 3211 1594 ἀνέστησαν
3265 1523 3469 1587 πάντες
3505 1520 3613 1574 ἀπὸ
3643 1521 3747 1590 τῆς

2144 1617 2442 1692 τραπέζης.
2481 1618 2598 1673 Οὐκ
2624 1614 2691 1690 ἦν
2721 1619 2777 1671 δέ
2810 1616 2975 1681 τόπος
3004 1616 3096 1669 ἐπὶ
3153 1614 3333 1686 πάσης
3359 1614 3458 1684 τῆς
3481 1613 3747 1682 Φοινίκης
3776 1610 3783 1617 ’

2144 1711 2255 1776 οἷος
2282 1713 2382 1766 οὐκ
2415 1710 2632 1775 ἐδέξατο
2662 1710 2760 1782 τὴν
2801 1709 3076 1778 εὐλογίαν.
3140 1708 3392 1776 Ἕμεινεν
3425 1705 3482 1758 δὲ
3530 1705 3558 1756 6
3584 1704 3747 1767 ὑετὸς

2145 1804 2239 1856 ἐπὶ
2260 1803 2323 1856 τὺ
2351 1803 2484 1856 αὐτὸ
2518 1805 2667 1871 τρεῖς
2703 1800 2934 1872 ἡμέρας.
2962 1801 3070 1852 Καὶ
3105 1796 3493 1868 προσελθόντες
3535 1796 3585 1847 οἱ
3645 1795 3748 1848 ἂν-

452 1894 803 1963 existimatis,
839 1912 872 1949 ο
922 1895 1058 1963 lilii?
1100 1894 1234 1950 Nam
1303 1910 1405 1966 ego
1444 1908 1663 1964 quoque
1712 1893 1875 1947 homo
1926 1906 2044 1945 sum

2149 1896 2274 1968 δρες
2294 1894 2372 1967 τῷ
2404 1895 2668 1965 οἰκήματι
2717 1892 3040 1961 Ἐπιφανίου
3092 1889 3436 1960 παρεκάλουν
3464 1887 3745 1956 λέγοντες,

453 1983 598 2039 sicut
632 1999 744 2040 vos.
799 1984 912 2039 Scit
961 1994 1142 2040 autem
1183 1984 1517 2048 benefactor,
1572 1983 1833 2054 quidnam
1880 1981 2035 2035 nobis

456 2091 595 2144 opus
640 2076 732 2131 sit.
765 2074 1014 2132 Vultisne
1053 2091 1287 2132 vesuam
1335 2077 1475 2131 viam
1510 2075 1735 2131 redire?
1790 2075 1873 2128 Illi
1905 2087 2036 2129 vero

453 2165 690 2221 dicunt:
737 2167 918 2235 Certe,
970 2167 1151 2223 Pater.
1187 2167 1263 2222 Eo
1304 2177 1486 2224 autem
1539 2184 1569 2222 e
1618 2168 1755 2224 cella
1790 2180 2037 2238 egresso,

452 2273 647 2314 omnes
677 2260 993 2331 congregati
1043 2275 1170 2316 eum
1221 2262 1718 2317 circumsteterunt.
1757 2259 1901 2313 Dixit
1938 2275 2041 2313 au-

453 2358 561 2405 tem
595 2366 786 2406 rursus
809 2350 1063 2424 praefecto
1094 2370 1107 2406 :
1151 2353 1473 2422 Apponatur
1497 2352 1578 2408 eis
1609 2367 1819 2407 mensa.
1878 2350 2045 2405 Cum-

452 2456 561 2511 que
593 2443 993 2506 consedissent,
1030 2443 1098 2496 ab
1127 2442 1432 2515 Epiphanio
1471 2443 1726 2512 petebant
1783 2448 1842 2494 ut
1881 2440 2045 2494 bene-

453 2534 674 2589 diceret.
714 2534 850 2589 Cum
896 2544 1079 2590 autem
1117 2537 1344 2593 dixisset
1377 2538 1718 2607 Epiphanius
1755 2555 1767 2590 :
1813 2533 2041 2589 Benedi-

454 2635 576 2680 ctus
609 2624 785 2693 Deus,
837 2628 1021 2682 statim
1054 2642 1084 2681 a
1110 2636 1253 2683 terra
1302 2645 1551 2700 repressa
1580 2640 1664 2685 est
1709 2629 1912 2700 pluvia.
1948 2627 2039 2681 Vi-

454 2715 536 2767 dit
589 2731 718 2772 vero
765 2717 1102 2787 Epiphanius
1138 2735 1393 2791 magnam
1444 2721 1547 2775 sibi
1602 2721 1656 2774 in
1706 2720 1800 2774 illo
1846 2734 2037 2773 mona-

456 2806 624 2860 sterio
653 2807 770 2862 ﬁeri
793 2809 1281 2879 perturbationem,
1309 2822 1365 2868 et
1392 2828 1586 2867 rursus
1615 2811 1865 2882 quaesivit
1888 2824 2039 2863 rece-

454 2893 604 2952 dere.

2145 1989 2357 2052 Ὅπως,
2388 1988 2579 2059 φασιν,
2602 1986 2691 2040 διὰ
2724 1985 2993 2057 στόματός
3021 2002 3115 2037 σου
3146 1989 3349 2055 στήσῃς
3377 1983 3469 2036 τὸν
3515 1982 3750 2053 οὐρανό-

2145 2079 2238 2134 θεν
2262 2080 2435 2133 ὑετόν.
2473 2076 2642 2133 Εἶπεν
2672 2078 2728 2131 δέ
2763 2078 3081 2146 Ἑπιφάνιος
3111 2076 3248 2148 πρὸς
3277 2075 3475 2139 αύτούς
3499 2092 3512 2105 ·
3543 2074 3629 2139 Τί,
3652 2074 3742 2131 τέ,-

2146 2189 2271 2234 κνα,
2317 2171 2598 2241 λογίζεσθε
2633 2174 2718 2226 ἐπ’
2750 2172 2850 2242 ἐμὲ
2902 2172 3111 2235 ταῦτα;
3165 2171 3452 2244 ἄνθρωπος
3482 2171 3591 2243 γάρ
3622 2171 3748 2240 εἰμι

2145 2260 2334 2333 ὥσπερ
2363 2262 2456 2315 καὶ
2486 2263 2659 2332 ὑμεῖς.
2698 2259 2855 2315 Οἶδεν
2879 2264 2935 2317 δέ
2960 2264 3013 2317 τί
3044 2262 3318 2334 χρῄζομεν
3345 2265 3373 2317 6
3420 2262 3743 2333 εὐεργέτης.

2146 2350 2211 2404 Εἰ
2252 2350 2506 2421 βούλεσθε
2532 2352 2865 2422 πορεύεσθαι
2893 2353 2992 2424 τὴν
3025 2353 3141 2405 ὁδὸν
3169 2352 3354 2422 ύμῶν;
3387 2354 3450 2405 Οἱ
3478 2351 3534 2405 δὲ
3569 2352 3702 2421 φασί
3727 2370 3746 2385 ο

2145 2441 2276 2506 Ναὶ,
2313 2444 2518 2516 Πάτερ.
2544 2445 2717 2510 Λύτὺς
2748 2447 2805 2500 δὲ
2827 2446 3059 2514 ἐξελθὼν
3090 2449 3157 2500 ἐκ
3176 2446 3274 2501 τοῦ
3310 2446 3546 2510 κελλίου,
3575 2448 3751 2501 ᾶπαν-

2147 2549 2239 2596 τες
2273 2534 2641 2606 συνήχθησαν,
2666 2538 2761 2592 καὶ
2788 2537 3053 2592 ἐκύκλουν
3077 2540 3260 2593 αὐτόν.
3296 2535 3466 2594 Εἶπεν
3500 2540 3554 2592 δὲ
3582 2539 3750 2594 πάλιν

2146 2622 2464 2694 Ἐπιφάνιος
2492 2626 2569 2697 τῷ
2590 2628 2878 2700 ἡγουμένῳ
2903 2649 2916 2661 ·
2949 2628 3298 2701 Ἐπίτρεψον,
3328 2630 3748 2700 παραθησουσιν

2143 2714 2423 2784 τράπεζαν
2456 2720 2568 2781 τοῖς
2617 2717 2931 2790 ἀνθρώποις
2953 2760 2968 2786 ,
3005 2721 3100 2774 καὶ
3145 2721 3430 2790 φάγονται,
3474 2720 3567 2775 καὶ
3602 2720 3746 2774 πίω-

2146 2824 2230 2860 σιν
2251 2849 2265 2873 ,
2298 2809 2392 2861 καὶ
2420 2808 2811 2865 ἀπελεύσονται
2841 2812 2940 2884 τὴν
2973 2812 3180 2865 ἑαυτῶν
3206 2813 3345 2867 ὀδόν.
3387 2813 3477 2876 Ὠς
3501 2812 3559 2865 δέ
3579 2811 3749 2866 ἐκαθ-

2142 2898 2381 2971 έσθησαν
2421 2901 2663 2968 ἅπαντες
2728 2904 2824 2957 ἐπὶ
2857 2904 3159 2977 τραπέζης,
3190 2905 3351 2976 ᾔτουν
3383 2907 3475 2960 τὸν
3510 2905 3746 2974 Ἐπιφάο

456 3005 565 3042 vso»
597 2990 692 3045 τοῦ
741 2993 1053 3065 εὐλογῆσαι.
1094 2995 1152 3049 '0
1181 2995 1238 3048 δέ
1275 2994 1592 3065 Ἐπιφάνιος
1637 2994 1712 3059 ὡς
1768 2974 2034 3047 εἶπενπό·
2082 2990 2390 3065 Εὐλογητὸς
2417 2993 2642 3066 Κύριος,
2706 2974 2912 3059 εὐθέως
2941 2997 2971 3048 6
3001 2974 3155 3060 6516;
3199 2974 3445 3051 έστειλεν
3511 2996 3619 3051 ἀπὸ
3641 2998 3745 3057 τῆς

455 3082 579 3153 γῆς.
615 3080 770 3140 Εἷδεν
806 3085 861 3139 δέ
889 3086 1208 3156 Ἐπιφάνιος
1247 3086 1408 3141 πάλιν
1447 3086 1547 3157 τὴν
1580 3085 1784 3157 πολλὴν
1849 3084 2070 3157 ὄχλησιν
2106 3082 2204 3154 τὴν
2264 3084 2557 3156 γινομένην
2577 3084 2728 3158 αύτῷ
2760 3087 2820 3140 ἐν
2866 3085 2945 3159 τῷ
2980 3087 3353 3160 μοναστηρίῳ,
3413 3088 3510 3142 καὶ
3579 3087 3763 3146 πάλιν.

456 3174 723 3246 ἐζήτησεν
754 3177 1208 3251 ύπαναχωρῆσαι.

524 3224 743 3322 ἱρέχιι.
782 3266 920 3322 Cum
940 3224 1134 3324 auiam
1172 3268 1469 3340 aliquando
1514 3269 1903 3326 convenissent
1923 3265 2026 3337 epi-

2214 3261 2341 3316 AB'.
2366 3261 2507 3316 Ποτέ
2530 3261 2662 3333 γοῦν
2690 3264 2740 3317 oi
2766 3263 3056 3318 ἐπίσκοποι
3085 3263 3350 3336 συλλογὴν
3378 3224 3744 3338 ποιησάμενοι

456 3356 607 3428 scopi
637 3371 737 3427 pro
787 3357 1026 3413 creando
1077 3358 1362 3430 episcopo,
1421 3358 1755 3414 mentionem
1792 3356 2042 3413 fecerunt

457 3446 770 3519 Epiphanii.
812 3446 945 3503 Erat
989 3448 1136 3505 enim
1169 3450 1391 3519 quidam
1428 3450 1734 3505 monachus
1758 3449 1812 3502 in
1860 3446 2042 3502 medio

458 3541 866 3610 episcoporum,
897 3540 982 3595 vir
1026 3541 1180 3611 pius,
1211 3549 1371 3597 aetate
1396 3542 1636 3612 juvenis,
1678 3539 1949 3612 perlectus
1983 3539 2039 3593 in

461 3632 820 3700 temperantia
869 3646 934 3686 ac
977 3631 1373 3699 moderatione,
1409 3635 1632 3688 nomine
1669 3632 1947 3704 Polybius.
1995 3632 2043 3688 Is

461 3729 689 3775 noverat
731 3720 1118 3791 Epiphanium.
1152 3720 1213 3774 Ei
1245 3731 1427 3778 autem
1452 3723 1709 3778 dixerunt
1758 3721 1997 3793 episcopi
2026 3740 2039 3777 :

462 3809 660 3880 Accipe
687 3824 913 3880 equum,
947 3820 1001 3865 et
1023 3810 1157 3865 vade
1184 3811 1236 3865 in
1272 3812 1686 3873 monasterium,
1714 3820 1769 3865 et
1804 3810 1923 3865 vide
1973 3826 2047 3889 an

462 3894 536 3948 sit
585 3895 698 3950 illic
748 3894 1111 3965 Epiphanius,
1161 3905 1216 3951 et
1271 3912 1499 3953 currens
1546 3899 1811 3952 annuntia
1863 3897 2041 3951 nobis.

462 3982 679 4041 Nemini
707 4002 835 4041 vero
861 3986 1086 4055 dixeris,
1111 3997 1166 4042 et
1196 4003 1297 4042 nec
1331 3988 1435 4058 ipsi
1469 3989 1688 4059 quidem
1717 3987 2040 4059 Epiphanio.

464 4078 603 4133 Cum
649 4089 831 4135 autem
896 4078 1152 4153 Polybius
1210 4081 1448 4137 venisset
1487 4084 1577 4137 in.
1612 4083 2043 4151 monasterium,

465 4171 722 4227 salutavit
751 4170 1134 4243 Epiphanium.
1166 4174 1265 4229 Cui
1313 4174 1404 4229 ille
1436 4174 1612 4229 dixit:
1664 4174 1797 4243 Cur,
1842 4177 1917 4231 [ili
1949 4175 2047 4231 Po-

465 4263 596 4335 lybi,
639 4263 744 4320 buc
780 4265 1012 4320 venisti?
1043 4265 1184 4322 Dicit
1218 4267 1477 4339 Polybius
1507 4288 1519 4324 :
1564 4268 1701 4340 Ego,
1732 4268 1914 4337 Pater,
1951 4283 2046 4324 vo-

465 4354 520 4409 lo
550 4371 880 4412 concurrere
919 4374 1044 4413 cum
1081 4360 1328 4413 veritate.
1358 4359 1499 4413 Dixit
1533 4359 1872 4430 Epiphanius
1899 4379 1912 4414 :
1940 4364 2045 4416 Ac-

467 4445 712 4510 curristi,
747 4446 1062 4517 venistique
1114 4447 1242 4515 huc,
1288 4464 1321 4502 ο
1374 4448 1450 4503 ﬁli
1494 4448 1719 4520 Polybi,
1767 4450 1971 4505 missus
2017 4467 2046 4504 a

469 4537 676 4592 sanctis
698 4539 1070 4596 sacerdotibus
1097 4541 1163 4595 ad
1188 4536 1614 4612 speculandum;
1648 4544 1761 4598 noli
1786 4544 1983 4610 celare,
2014 4560 2046 4600 ο

469 4628 580 4693 liii,
607 4630 747 4684 mala
782 4647 869 4687 res
897 4640 982 4687 est
1025 4633 1396 4700 mendacium,
1434 4634 1525 4690 die
1556 4636 1861 4691 veritatem.
1904 4636 2047 4693 Deus

468 4728 551 4773 est
581 4719 634 4773 in
666 4720 878 4788 medio;
922 4732 1042 4778 esto
1086 4726 1294 4793 probus
1336 4726 1584 4782 minister
1616 4729 1882 4784 veritatis.
1919 4728 2049 4799 Epi-

467 4811 704 4879 phanius
736 4811 881 4865 enim
928 4808 1078 4868 vadit
1110 4815 1180 4869 de
1210 4816 1330 4871 loco
1377 4817 1445 4871 ad
1496 4818 1701 4881 locum,
1742 4835 1966 4889 gemens
1994 4829 2050 4875 et

468 4910 707 4959 tremens
754 4912 973 4973 propter
1004 4907 1172 4961 multa
1221 4924 1316 4964 sna
1350 4921 1589 4978 peccata.
1638 4910 1742 4967 Sed
1794 4914 2043 4983 agedum,

468 4994 678 5068 Polybi,
719 5011 880 5051 mane
931 4997 1041 5062 hic,
1095 5008 1149 5054 et
1197 5002 1416 5056 remitte
1462 5002 1796 5072 jumentum,
1839 5011 1894 5057 et
1926 5004 2045 5059 sine

470 5088 781 5142 sacerdotes
813 5102 1058 5156 quaerere
1084 5104 1182 5145 eos
1210 5091 1304 5160 qui
1325 5091 1477 5162 digni
1508 5102 1638 5147 sunt
1659 5092 1814 5148 locis.
1859 5092 2049 5147 Paruit

470 5174 776 5247 Epiphanio
802 5173 1102 5249 Polybius;
1149 5189 1204 5235 et
1230 5195 1355 5234 cum
1382 5182 1563 5236 valere
1593 5182 1848 5252 jussisset
1877 5185 2049 5238 comi-

470 5276 604 5335 tem,
646 5270 856 5327 remisit
896 5287 1100 5342 equum
1140 5272 1207 5327 ad
1228 5272 1543 5343 episcopos.
1588 5273 1690 5341 Qui
1734 5284 1919 5329 autem
1959 5276 2055 5331 du-

472 5360 629 5416 cebat
654 5360 1039 5433 Epiphanium,
1071 5379 1198 5419 eum
1226 5364 1383 5419 duxit
1410 5366 1462 5419 in
1495 5368 1773 5437 regionem
1824 5367 2053 5439 Cyprio-

474 5468 621 5507 rum.
656 5451 750 5507 llla
797 5468 927 5523 ergo
958 5464 1119 5512 nocte
1153 5457 1365 5528 accepit
1426 5472 1514 5512 me
1563 5467 1617 5514 et
1647 5458 1961 5531 Polybium,
2002 5469 2057 5516 et

471 5544 679 5613 egressi
706 5559 899 5600 sumus
925 5547 1335 5614 proﬁciscentes
1364 5548 1761 5620 Hierosolyma.
1794 5550 2051 5605 Fuimus-

476 5648 584 5705 que
610 5633 719 5688 illic
742 5643 858 5688 tres
883 5634 1020 5690 dies.
1067 5634 1212 5691 Dixit
1244 5646 1425 5693 autem
1471 5639 1631 5697 nobis
1675 5638 2049 5710 Epiphanius:

549 5786 623 5848 (a)
667 5787 817 5856 Legit
853 5787 1116 5854 interpres
1158 5786 1487 5858 παρέθηκεν.

2146 3353 2276 3427 περὶ
2311 3353 2637 3423 ἐπισκόπου,
2687 3355 3041 3427 ἐμνήσθησαν
3086 3356 3217 3429 περὶ
3251 3357 3598 3427 Ἐπιφανίου.
3631 3354 3757 3419 Ἦν,

2141 3444 2200 3498 δέ
2226 3461 2311 3509 τις
2348 3445 2579 3516 μοναχδς
2608 3448 2667 3499 ἐν
2695 3445 2849 3518 μέσῳ
2868 3446 2976 3501 τῶν
3013 3447 3356 3516 ἐπισκόπων,
3401 3450 3544 3522 ἀνὴρ
3576 3450 3745 3506 εὐλαν

2144 3537 2266 3608 σὴς,
2293 3537 2411 3601 νέος
2441 3538 2726 3610 τυγχάνων
2755 3541 2823 3611 τῇ
2852 3538 3060 3612 ἡλικίᾳ,
3086 3540 3291 3605 τέλειος
3325 3539 3402 3596 ὣν
3429 3543 3488 3595 ἐν
3523 3559 3739 3615 σωφρο-

2146 3629 2299 3703 σύνῃ,
2330 3629 2591 3693 Πολύὸιος
2618 3629 2863 3700 ὀνόματι.
2890 3626 3262 3704 Οὗτοςδέᾔδει
3290 3632 3382 3686 τὸν
3397 3633 3737 3703 Ἐπιφάνιον.

2146 3718 2312 3776 Εἶπον
2332 3721 2389 3774 δὲ
2406 3721 2541 3794 πρὸς
2562 3722 2785 3775 αὑτὸνοὶ
2813 3723 3103 3779 ἐπίσκοποι
3126 3742 3139 3755 ·
3157 3727 3303 3781 Λάϐε
3337 3726 3632 3799 ὑποζύγιον
3647 3729 3742 3795 ὀξὺ

2144 3815 2255 3876 τοῖς
2284 3814 2433 3877 ποσὶ,
2470 3815 2563 3867 καὶ
2600 3813 2802 3868 ἄπελθε
2828 3817 2885 3867 ἐν
2930 3815 3008 3886 τῷ
3040 3818 3409 3889 μοναστηρίῳ,
3444 3820 3538 3873 καὶ
3561 3819 3658 3885 ῑδε,
3692 3822 3744 3874 εἰ

2148 3905 2264 3958 ἐκεῖ
2287 3905 2434 3957 ἐστιν
2458 3905 2803 3975 Ἐπιφάνιος,
2844 3907 2929 3960 καὶ
2966 3906 3191 3978 δραμὼν
3226 3909 3548 3979 ἀνάγγειλον
3573 3914 3742 3982 ἡμῖνοο

2149 3995 2343 4066 μηδενὶ
2366 3995 2425 4048 δὲ
2449 3995 2608 4049 τοῦτο
2620 3996 2983 4070 ἀπαγγείλῃς,
3005 3998 3140 4069 μηδὲ
3165 3999 3313 4071 αύτῷ
3323 4000 3402 4072 τῷ
3416 4002 3742 4074 Ἐπιφανίῳι

2161 4086 2363 4142 Ἐλθὼν
2376 4084 2472 4142 οὖν
2487 4090 2515 4142 6
2535 4087 2797 4153 Πολύϐιος
2811 4090 2867 4142 ἐν
2890 4088 2968 4160 τῷ
2985 4092 3354 4163 μοναστηρίῳ,
3366 4092 3636 4163 εἰσῆλθεν,
3653 4097 3746 4149 καὶ

2147 4179 2435 4251 ἠσπάσατο
2459 4180 2549 4234 τὸν
2579 4181 2915 4249 Ἐπιφάνιον.
2933 4179 3099 4237 Εἶπεν
3125 4182 3515 4253 δὲἘπιφάνιος
3535 4184 3613 4255 τῷ
3638 4187 3746 4239 Πο-

2147 4272 2334 4344 λυϐίῳ·
2358 4273 2443 4340 Τί,
2458 4273 2647 4326 τέκνον
2666 4272 2917 4339 Πολύόιε,
2944 4269 3107 4345 ἦλθες
3128 4274 3390 4342 ἐνταῦθα;
3409 4276 3668 4341 Πολύὸιος
3683 4278 3743 4331 δέ

2149 4360 2301 4419 εἶπεν
2338 4366 2672 4436 Ἐπιφανίῳ’
2698 4364 2845 4435 Ἐγὼ
2866 4365 3147 4437 βούλομαι,
3179 4368 3385 4439 Πάτερ,
3430 4372 3744 4441 συντρέχειν

2148 4461 2214 4531 τῇ
2235 4458 2481 4530 ἀληθεία.
2513 4455 2684 4513 Εἶπεν
2703 4458 2761 4511 δέ
2790 4459 3108 4527 Ἐπιφάνιος
3130 4458 3209 4531 τῷ
3227 4460 3475 4534 Πολυᾶῳ
3491 4480 3505 4493 ο
3546 4463 3745 4536 Ἔδρα-

2156 4568 2273 4623 μες,
2303 4550 2578 4613 ἐϐάδισας,
2606 4549 2795 4602 τέκνον
2815 4546 3068 4614 Πολύὸιε,
3106 4551 3382 4621 πεμφθεὶς
3409 4553 3558 4624 παρὰ
3579 4555 3743 4608 ὁσίων

2154 4642 2364 4713 ἀνδρῶν
2398 4642 2491 4695 ἐπὶ
2524 4642 2969 4712 κατασκοπήσει.,
3010 4643 3103 4713 Μὴ
3132 4642 3366 4714 κρύπτε,
3398 4646 3615 4701 τέκνον·
3644 4665 3743 4701 και-

2152 4736 2248 4788 κὸν
2279 4735 2340 4787 τὺ
2373 4732 2568 4802 ψεῦδος
2591 4748 2603 4760 ·
2643 4732 2769 4801 λέγε
2799 4731 2899 4803 τὴν
2944 4732 3198 4803 ἀλήθειαν
3221 4750 3235 4764 ·
3269 4734 3401 4799 Θεὸς
3440 4739 3498 4789 ἐν
3552 4738 3704 4809 μέσῳ
3724 4756 3738 4769 ·

2151 4830 2304 4897 γίνου
2330 4826 2552 4896 δόκιμος
2578 4824 2824 4887 διάκονος
2847 4824 2949 4893 τῆς
2975 4825 3254 4896 ἀληθείας.
3272 4828 3603 4897 ,Ἐπιφάνιος
3635 4830 3743 4901 γὰρ

2154 4920 2502 4992 περιέρχεται
2539 4917 2699 4971 τόπον
2726 4918 2791 4969 ἐκ
2812 4916 3002 4980 τόπου,
3029 4918 3231 4972 στένων
3264 4920 3359 4972 καὶ
3394 4921 3614 4991 τρέμων
3654 4921 3744 4974 διὰ

2150 5016 2249 5077 τὰς
2276 5009 2571 5082 ἁμαρτίας.
2602 5007 2763 5060 Ἀλλὰ
2776 5007 2937 5077 δεῦρο
2966 5008 3053 5079 δὴ,
3078 5009 3331 5074 Πολύσιε,
3364 5012 3492 5082 μένε
3532 5012 3720 5067 ἐνθάδε

2147 5110 2244 5166 καὶ
2282 5102 2602 5161 ἀπόστειλον
2632 5101 2695 5154 τὸ
2727 5100 3024 5170 ὑποζύγιον
3058 5106 3173 5167 τοῖς
3217 5103 3457 5174 ἱερεῦσι,
3489 5106 3582 5158 καὶ⁵
3605 5077 3743 5175 aqua;

2146 5203 2276 5265 τοὺς
2308 5200 2474 5270 ἱερεῖς
2512 5196 2695 5266 ζητεῖν
2723 5194 2852 5256 τοὺς
2889 5194 3074 5258 ἀξίους
3111 5194 3220 5247 τῶν
3247 5196 3448 5250 τόπων.
3477 5197 3661 5249 Ταῦτα
3683 5196 3742 5248 δὲ

2150 5288 2321 5345 εἰπὼν
2346 5283 2668 5353 Ἐπιφάνιος
2694 5282 2772 5353 τῷ
2802 5281 3072 5353 Πολυδίῳ,
3100 5281 3304 5346 εὐθέως
3330 5283 3548 5349 ἐδέξατο
3573 5284 3602 5334 ὀ
3632 5283 3741 5335 Ποι-

2153 5381 2339 5442 λύδιος
2360 5378 2451 5431 τὸν
2498 5376 2657 5444 λόγον
2681 5371 3007 5443 Ἐπιφανίου
3034 5390 3047 5403 ·
3089 5371 3185 5426 καὶ
3230 5373 3294 5444 δὴ
3338 5373 3743 5443 συνταξάμενος

2157 5471 2236 5543 τῷ
2268 5467 2568 5543 ἀκολούθῳ,
2603 5464 2921 5519 ἀπέστειλεν
2946 5463 3008 5515 τὸ
3041 5462 3333 5531 ὑποξύγιον
3381 5467 3493 5527 τοῖς
3520 5463 3743 5517 ἐπισκό-

2161 5538 2315 5627 ποιςσ
2355 5538 2449 5614 καί
2475 5559 2503 5611 6
2537 5559 2687 5627 άγων
2719 5552 2854 5626 ἦγεν
2880 5555 2970 5609 τὸν
3008 5556 3328 5625 Ἐπιφάνιον
3375 5556 3468 5609 ἐπὶ
3494 5556 3590 5625 τῆς
3623 5556 3740 5608 Κυ-
3828 5584 3833 5593 ι

2164 5655 2357 5726 πρίων.
2394 5653 2472 5723 Τῇ
2500 5646 2593 5705 οὖν
2630 5648 2786 5704 νυκτὶ
2817 5646 2999 5718 ἐκείνῃ
3028 5646 3207 5703 λαϐὼν
3240 5647 3341 5716 ἐμὲ
3393 5647 3486 5703 καὶ
3507 5646 3597 5700 τὸν
3636 5648 3739 5700 Πομ
