4058 6430
214 261 283 317 65
1532 260 1586 314 S.
1631 258 1969 314 EI’II’IIANII
2015 260 2199 315 VITA.
3449 257 3517 314 66

225 378 421 441 λύθιον,
455 375 773 448 ἐξήλθομεν
805 380 871 432 ἐκ
908 379 1002 432 τοῦ
1059 376 1447 448 μοναστηρίου,
1481 383 1575 432 καὶ
1598 378 1814 449 ἐπορεύ·

1933 378 2178 448 Agedum
2198 421 2213 444 ,
2247 378 2341 432 filii
2363 418 2377 443 ,
2419 390 2608 432 camus
2637 385 2690 431 et
2719 377 3054 447 accipiamus
3085 377 3515 431 benedictionem

235 471 395 543 θημεν
446 471 504 522 ἐν
544 470 959 541 Ἱεροσολύμοις
986 469 1077 522 τοῦ
1123 470 1500 541 προσκυνῆσαι
1547 470 1645 540 τὴν
1680 471 1814 541 ζωὴε.

1925 486 1956 525 a
1984 470 2147 526 Patre
2180 481 2369 525 nostro
2409 485 2606 540 magno
2649 469 2943 526 Ililarioue.
2971 469 3149 524 Audio
3194 471 3338 524 enim
3390 486 3517 524 eum

236 561 387 633 ἡμῶν
409 561 497 614 τὸν
524 560 718 631 τίμιον
745 559 1013 632 σταυρόν·
1064 561 1159 614 καὶ
1191 558 1528 621 εἰσελθόντες
1562 560 1827 629 ἐποιήσα-

1930 578 2054 618 esse
2087 564 2142 617 in
2172 562 2372 634 Cypro.
2407 561 2512 629 Qui
2548 571 2731 617 autem
2771 562 3027 626 ducebat,
3060 563 3218 617 duxit
3261 563 3353 617 illo
3393 560 3520 631 Epi-

241 670 341 724 μεν
378 653 513 722 ἐντῇ
537 653 696 706 πόλει
726 655 880 722 τρεῖς
919 653 1150 723 ἡμέρας.
1205 645 1374 706 Εἶπεν
1417 650 1475 703 δὲ
1513 651 1834 719 Ἐπιφάνιος
1934 653 2217 722 phanium.

237 746 375 817 πρὸς
404 747 500 815 ἐμὲ
526 762 587 798 τε
625 745 837 798 καὶτὸν
866 743 1153 797 Πολύ6ιον’
1193 743 1357 795 Δεῦτε
1397 741 1461 814 δὴ
1501 742 1594 794 καὶ
1648 743 2024 815 πορευθῶμεν,
2054 746 2201 808 ὅπως
2229 743 2334 797 ὑπὸ
2358 742 2453 797 τοῦ
2508 743 2723 816 Πατρός
2753 746 2911 817 ἡμῶν
2965 744 3369 816 εὐλογηθῶμεν,
3424 745 3517 799 τοῦ

242 836 474 907 μεγάλου
513 837 817 907 Ἱλαρίωνος
836 852 849 868 ·
891 836 1104 906 ἀκήκοα
1125 834 1234 907 γὰρ
1266 835 1405 888 εἶναι
1432 834 1594 889 αὐτὸν
1623 835 1680 887 ἐν
1709 838 1821 899 τοῖς
1859 826 2145 909 Κυπρίων.
2185 837 2296 891 Καὶ
2321 840 2349 891 ὀ
2377 838 2526 906 ἄγων
2564 834 2699 909 ἦγεν
2722 839 2811 922 τὸν
2835 839 3178 909 Ἐπιφάνιον.

308 932 431 983 ΛΡ.
470 929 860 983 Κατελθόντων
892 927 950 981 δὲ
986 928 1142 999 ήμῶν
1189 929 1248 981 ἐν
1282 930 1624 1002 Καισαρείᾳ,
1660 929 1811 1002 ηὕρο-

240 1041 339 1093 μεν
364 1024 483 1076 ἐκεῖ
515 1023 695 1076 πλοῖον
720 1022 966 1094 Κύπριον
988 1019 1190 1074 ἔσωθεν
1215 1020 1317 1091 τῆς
1360 1022 1566 1086 πόλεως
1596 1022 1783 1091 Πάφου
1805 1037 1820 1052 ⁶

236 1117 332 1168 καὶ
386 1113 746 1187 ἐπηρώτησεν
803 1114 1119 1183 Ἐπιφάνιος
1186 1114 1278 1167 τὸν
1352 1113 1671 1185 κυριεύοντα
1727 1113 1822 1168 τοῦ

237 1207 427 1260 πλοίου
456 1207 587 1278 περὶ
613 1207 706 1259 τοῦ
740 1205 975 1277 μεγάλου
1014 1205 1318 1276 Ἱλαρίωνος
1343 1206 1405 1259 τὸ
1431 1205 1533 1259 ποῦ
1555 1208 1819 1259 κατοικεῖ·

237 1299 333 1351 καὶ
363 1299 526 1362 αὐτὸς
556 1298 908 1369 ἀπήγγειλεν,
944 1299 1025 1351 ὅτι
1073 1297 1132 1349 ἐν
1177 1297 1467 1367 περιοικίδι
1502 1296 1603 1366 τῆς
1632 1298 1819 1366 Πάφου

233 1393 293 1443 ἐν
329 1391 600 1461 σπηλαίῳ,
627 1391 721 1445 καὶ
749 1391 830 1443 ὅτι
853 1391 969 1443 ἐκεῖ
991 1389 1145 1460 ζητεί
1168 1391 1228 1442 ἐν
1257 1392 1324 1460 τῇ
1355 1389 1528 1460 Πάφῳ
1552 1389 1615 1442 τὸ
1642 1389 1824 1443 πλοῖον

234 1481 416 1552 ἡμῶν.
448 1483 492 1533 Τ
495 1485 528 1552 ᾗ
554 1478 646 1535 οὖν
682 1482 837 1535 νυκτὶ
858 1481 1044 1554 ἐκείνῃ
1073 1480 1391 1552 ἀπήλθομεν
1430 1481 1488 1533 ἐν
1520 1481 1595 1550 τῷ
1629 1481 1820 1552 πλοίῳ,

235 1572 327 1624 καὶ
357 1570 779 1641 ἀπεπλεύσαμεν
806 1573 864 1624 ἐν
891 1572 1094 1640 Πάφῳ·
1142 1571 1237 1625 καὶ
1278 1570 1342 1642 δὴ
1368 1568 1676 1635 ἐξελθόντες
1714 1572 1823 1626 ἀπὸ

2003 930 2240 984 XXXIII.
2303 929 2440 985 Cum
2489 944 2619 984 vero
2667 932 3015 985 venissemus
3057 928 3386 995 Caesaream,
3440 929 3525 982 in-

1930 1024 2185 1078 venimus
2214 1023 2327 1077 illic
2360 1038 2553 1077 navem
2588 1022 2844 1093 Cypriam
2881 1038 2948 1077 ex
3004 1022 3249 1077 interiori
3296 1022 3521 1092 regione

1928 1114 2135 1185 Paphi;
2170 1124 2225 1170 et
2252 1117 2470 1186 rogavit
2512 1114 2851 1184 Epiphanius
2904 1114 3240 1169 navarchum
3290 1115 3358 1168 de
3404 1128 3522 1168 ma-

1929 1223 2035 1277 gno
2078 1205 2378 1272 Hilarione,
2431 1206 2522 1262 ubi
2558 1206 2864 1272 habitaret;
2933 1206 3324 1276 responditque
3365 1205 3518 1259 illum

1930 1299 1984 1352 in
2016 1298 2194 1352 vicina
2223 1296 2415 1367 Papho
2458 1297 2681 1367 regione
2725 1297 2780 1351 in
2818 1297 3077 1366 spelunca
3112 1297 3307 1366 degere
3329 1337 3344 1362 ,
3375 1305 3429 1350 et
3463 1288 3517 1349 in

1928 1388 2140 1452 eadem,
2194 1388 2391 1457 inquit,
2445 1386 2617 1458 Paphi
2660 1388 2883 1458 regione
2930 1386 3207 1457 navigium
3265 1396 3515 1441 nostrum

1929 1478 2143 1550 quaerit.
2186 1476 2356 1534 Nocte
2387 1478 2554 1549 igitur
2597 1478 2687 1533 illa
2720 1495 2859 1534 nave
2906 1478 3007 1533 ista
3053 1493 3372 1542 conscensa,
3412 1476 3518 1532 Pa-

1929 1574 2097 1644 phum
2143 1573 2546 1643 navigavimus.
2601 1571 2669 1628 Et
2713 1572 3046 1628 excensione
3097 1570 3237 1626 facta
3293 1570 3521 1625 interro-

230 1662 327 1716 τεῦ
360 1664 546 1715 πλοίου
576 1663 1003 1734 διερωτήσαντες
1036 1663 1460 1733 κατηντήσαμεν
1501 1664 1582 1726 εἰς
1601 1663 1694 1716 τὸν
1734 1663 1814 1735 μέ-

1939 1678 2132 1735 gentes
2182 1668 2532 1739 pervenimus
2566 1668 2634 1722 ad
2684 1683 2943 1737 magnum
2978 1665 3337 1720 Hilarionem.
3393 1665 3519 1720 Fuit

232 1770 338 1819 γαν
375 1753 680 1825 ἰλαρίωνα.
720 1754 830 1806 Καὶ
856 1753 1203 1807 εἰσελθόντων
1237 1753 1393 1824 ἡμῶν
1423 1754 1640 1823 ἐγένετο
1678 1756 1814 1827 χαρὰ

1930 1772 2110 1816 autem
2147 1775 2344 1831 magna
2386 1760 2440 1815 in
2471 1775 2771 1831 congressu
2802 1759 3015 1823 laetitia,
3065 1767 3121 1814 et
3167 1757 3278 1814 illic
3307 1759 3515 1813 mansi-

236 1846 452 1916 μεγὰλη
487 1847 580 1899 ἐπὶ
610 1849 675 1917 τῇ
712 1845 992 1917 συντυχίᾳ,
1024 1846 1117 1899 καὶ
1139 1845 1439 1916 ἐμείναμεν
1472 1848 1531 1898 ἐν
1559 1846 1638 1916 τῷ
1671 1848 1823 1917 τόπῳ

231 1939 431 2007 ἐκείνῳ
461 1938 555 1992 δύο
584 1938 782 2008 μῆνας.
833 1934 995 2008 Εἷχεν
1036 1938 1093 1991 δὲ
1140 1938 1307 1992 πολὺν
1362 1938 1531 1992 κόπον
1578 1938 1822 2010 Ἰλαρίων

230 2028 341 2084 ἀπὸ
366 2029 477 2082 τῶν
506 2031 959 2101 παραγινομένων
988 2030 1123 2102 πρὸς
1159 2029 1343 2084 αὐτόν.
1400 2030 1488 2093 Ὠς
1518 2030 1574 2083 δὲ
1607 2031 1822 2101 ἔκρινεν

229 2121 557 2190 Ἐπιφάνιος
602 2121 696 2174 τοῦ
731 2120 966 2188 ἐξελθεῖν
999 2122 1147 2193 ἡμᾶς
1169 2121 1278 2174 ἀπὸ
1301 2121 1401 2192 τῆς
1428 2122 1638 2191 Πάφου,
1667 2119 1822 2177 εἶπεν

240 2212 488 2283 Ἱλαρίων
509 2212 587 2284 τῷ
614 2212 927 2285 Ἑπιφανίῳ
946 2231 959 2245 ·
988 2213 1099 2268 Ποῦ
1120 2211 1347 2285 πορεύῃ,
1381 2213 1608 2278 τέκνον;
1649 2210 1821 2269 Εἶπεν

228 2306 287 2359 δὲ
321 2307 644 2376 Ἐπιφάνιος
677 2307 814 2379 πρὸς
854 2306 1136 2380 Ἰλαρίωνα
1162 2325 1176 2339 ο
1215 2306 1311 2369 Εἰς
1370 2306 1706 2369 Ἀσκαλῶνα,
1740 2309 1821 2373 είς

228 2398 432 2463 Γάζαν,
457 2400 555 2453 καὶ
582 2398 840 2453 ἐπέκεινα
869 2400 963 2453 ἐπὶ
994 2399 1092 2471 τὴν
1122 2402 1247 2471 γῆν.
1283 2394 1454 2454 Εἶπεν
1479 2399 1536 2452 δέ
1575 2398 1821 2472 Ἱλαρίων

228 2492 369 2563 πρὸς
394 2491 742 2561 Ἐπιφάνιοψ
782 2490 1022 2563 Πορεύου
1055 2490 1150 2545 ἐπὶ
1196 2491 1296 2561 τὴν
1345 2489 1694 2563 Σαλαμήνην,
1728 2491 1819 2545 τέ-

228 2599 377 2645 κνον,
423 2583 521 2637 καὶ
561 2584 816 2655 εὑρήσεις
844 2583 1008 2636 τόπον
1058 2582 1155 2636 τοῦ
1212 2583 1433 2652 οἰκῆσαι
1481 2583 1616 2637 ἐκεῖ.
1655 2585 1713 2637 Ὀ
1761 2583 1819 2638 δὲ

229 2675 553 2745 Ἐπιφάνιος
596 2676 698 2730 οὐκ
762 2674 1014 2729 ἐϐούλετο
1064 2674 1160 2728 τοῦ
1220 2674 1453 2729 ἀκοῦσαι
1504 2674 1613 2727 τῶν
1644 2674 1818 2743 λόγων

241 2769 567 2840 Ἰλαρίωνος.
601 2768 769 2822 Πάλιν
803 2765 899 2821 οὖν
927 2763 1079 2821 εἶπεν
1125 2765 1369 2838 Ίλαρίων
1399 2766 1537 2837 πρὸς
1576 2767 1815 2836 Ἐπιφά-

227 2878 342 2914 νιον
367 2876 383 2889 ·
417 2854 590 2914 Εἰπὸν
619 2876 722 2924 σοι,
745 2859 953 2923 τέκνον,
980 2859 1062 2913 ὅτι
1088 2857 1206 2911 ἐκεῖ
1240 2874 1303 2910 σε
1334 2856 1417 2911 δεῖ
1439 2856 1695 2911 ἀπελθεῖν
1722 2858 1817 2913 καὶ

226 2953 349 3006 ἐκεῖ
371 2950 716 3022 κατοικῆσαι.
749 2950 842 3022 Μὴ
870 2946 965 3004 οὖν
997 2950 1086 3021 ἔχε
1139 2950 1477 3019 φιλονεικίαν
1521 2949 1658 3020 πρὸς
1689 2950 1817 3014 τοὺς

222 3048 421 3117 λόγους
445 3048 625 3119 ἡμῶν,
661 3050 872 3119 μήποτε
912 3048 1004 3101 καὶ
1037 3047 1286 3101 κινδύνου
1337 3046 1664 3100 θαλαττικοῦ
1723 3063 1819 3117 με-

222 3140 488 3211 ταλάϐῃς.
522 3140 928 3211 ’Ᾱσπασάμενοι
958 3134 1072 3203 οὖν,
1093 3141 1190 3194 καὶ
1218 3139 1571 3203 κατελθόντες
1600 3139 1693 3192 ἐπὶ
1717 3138 1817 3210 τῆς

224 3234 525 3304 θαλάσσης,
576 3232 813 3305 εὕρομεν
842 3232 934 3287 δύο
964 3233 1155 3304 πλοῖα·
1208 3231 1269 3285 τὸ
1324 3231 1384 3284 ἒν
1429 3231 1703 3302 διαπερῶν
1736 3232 1816 3295 εἰς

222 3324 567 3389 Ἀσκαλῶνα,
611 3324 707 3378 καὶ
754 3324 816 3377 τὸ
844 3323 974 3377 ἀλλο
1023 3322 1276 3377 διαπλέον
1327 3325 1407 3386 εἰς
1464 3323 1810 3393 Σαλαμήνην.

221 3416 585 3471 Ἀνελθόντων
607 3416 664 3468 δὲ
684 3416 842 3487 ήμῶν
868 3418 926 3468 ἐν
943 3415 1021 3487 τῷ
1047 3415 1219 3487 πλοίῳ
1249 3414 1341 3469 τοῦ
1372 3415 1464 3467 ἐπὶ
1497 3415 1815 3468 Ἀσκάλῶνα

223 3510 444 3580 ἔχοντος
467 3508 785 3574 ἀποπλέειν,
823 3508 1037 3578 ἐγένετο
1069 3507 1268 3578 λαίλαψ
1298 3509 1473 3579 μέγας
1507 3508 1564 3559 ἐν
1596 3509 1661 3577 τῇ
1716 3506 1814 3560 θα-

220 3602 421 3675 λάσσῃ,
461 3602 555 3655 καὶ
589 3602 650 3656 τὸ
680 3602 862 3656 πλοῖον
901 3600 1239 3655 ἐκινδύνευεν
1289 3601 1383 3655 τοῦ
1434 3599 1809 3672 συντριϐῆναι.

223 3682 600 3765 Ἑποιήσαμεν
629 3694 685 3747 δὲ
709 3696 858 3765 τρεῖς
880 3694 1094 3766 ἡμέρας
1130 3694 1188 3748 ἐν
1216 3696 1283 3764 τῇ
1320 3692 1567 3764 θαλάσσῃ
1587 3733 1601 3759 ,
1645 3693 1815 3746 ἀπευ-

222 3786 556 3856 δοκήσαντες
582 3784 790 3839 ἐαυτῶν
810 3804 823 3816 ·
867 3785 961 3839 καὶ
988 3787 1055 3856 τῇ
1084 3784 1324 3856 τετάρτῃ
1369 3784 1554 3857 ἡμέρᾳ
1589 3783 1813 3849 ἐδίωξαν

225 3879 287 3931 τὸ
326 3879 512 3932 πλοῖον
536 3881 615 3942 εἰς
643 3878 711 3933 τὰ
743 3878 1115 3950 ἐπιφερόμενα
1135 3877 1357 3948 κύματα
1379 3894 1391 3907 ·
1424 3878 1520 3930 καὶ
1549 3875 1815 3947 προσεπέο

222 3967 394 4020 λασαν
418 3969 566 4038 ἡμᾶς
593 3969 684 4021 ἐπὶ
708 3967 808 4039 τὴν
839 3967 1205 4039 Σαλαμηνέων
1235 3967 1410 4021 πόλιν.
1437 3967 1549 4019 Καὶ
1578 3967 1641 4036 δὴ
1664 3966 1806 4031 ἐξελ-

224 4059 413 4123 θόντες
447 4058 669 4113 ἀπὸτοῦ
704 4059 897 4112 πλοίου
922 4059 1133 4113 ἔκειντο
1165 4060 1405 4123 ἅπαντες
1433 4060 1528 4112 ἐπὶ
1565 4057 1674 4129 ’τὴν
1706 4057 1810 4127 γῆν

222 4151 409 4221 νεκροὶ
444 4151 552 4204 ἀπὸ
582 4152 679 4222 τῆς
722 4151 923 4221 πολλῆς
975 4151 1204 4221 θλίψεως
1265 4152 1357 4205 καὶ
1408 4151 1508 4221 τῆς
1569 4149 1805 4212 ἀσιτίας.

222 4244 546 4313 Ἐπέμεινεν
578 4244 634 4296 δὲ
672 4243 733 4297 τὸ
768 4243 951 4297 πλοῖον
1010 4244 1103 4298 ἐπί
1141 4243 1218 4315 τῷ
1271 4243 1424 4312 τόπῳ
1491 4240 1813 4312 ἐπιμελείας

1924 1866 2051 1906 mus
2106 1851 2246 1906 duos
2292 1851 2432 1906 dies.
2481 1848 2676 1920 Magna
2726 1866 2857 1905 vero
2912 1866 3107 1905 rursus
3156 1856 3241 1905 est
3274 1849 3514 1904 exhibita

1926 1943 2194 1999 Hilarioni
2229 1944 2479 2000 molestia
2503 1943 2573 1998 ah
2595 1943 2665 1998 iis
2713 1943 2806 2011 qui
2849 1942 2918 1998 ad
2952 1943 3139 2014 ipsum
3161 1943 3514 1999 accedebant.

1926 2035 2065 2090 Cum
2123 2045 2306 2090 autem
2358 2035 2548 2104 Papho
2596 2035 2782 2106 egredi
2827 2035 3129 2091 statuisset-
3154 2035 3515 2105 Epiphanius.

1924 2128 2064 2183 dixit
2100 2126 2346 2182 Hilarion
2396 2126 2748 2197 Epiphanio:
2794 2126 2917 2193 Quo
2963 2127 3140 2192 vadis,
3198 2127 3318 2181 fili?
3369 2127 3518 2181 Dixit

1926 2218 2264 2290 Epiphanius
2297 2236 2311 2273 :
2352 2218 2704 2283 Ascalonem,
2741 2217 2972 2281 Gazam,
3009 2228 3064 2272 et
3095 2217 3329 2271 ulterius
3349 2218 3513 2272 etiam

1925 2313 1980 2367 in
2018 2311 2393 2366 solitudinem.
2451 2309 2599 2364 Dixit
2649 2309 2701 2364 ei
2742 2307 2989 2363 Hilarion
3024 2327 3039 2364 :
3083 2309 3232 2364 Vade
3282 2310 3511 2365 Salami-

1924 2417 2075 2466 nam,
2105 2415 2140 2457 ο
2166 2399 2240 2455 lili
2264 2440 2280 2465 ,
2314 2408 2371 2455 et
2401 2400 2514 2455 illic
2545 2400 2793 2455 invenies
2811 2399 2993 2454 locum
3034 2400 3103 2454 ad
3133 2400 3509 2456 habitandum.

1923 2492 2263 2565 Epiphanius
2303 2503 2485 2549 autem
2519 2494 2738 2549 nolehat
2776 2493 2967 2548 audire
2991 2493 3158 2549 verba
3188 2492 3511 2552 Hilarionis.

1923 2584 2139 2642 Rursus
2185 2600 2318 2658 ergo
2361 2585 2501 2641 dixit
2544 2583 2788 2641 Hilarion
2825 2603 2838 2639 :
2869 2583 3173 2655 Oportette
3219 2600 3286 2641 eo
3329 2586 3429 2650 ire,
3460 2596 3514 2642 et

1922 2678 2034 2734 illic
2055 2678 2318 2734 habitare.
2349 2675 2471 2733 Noli
2511 2692 2643 2749 ergo
2686 2677 2951 2733 adversus
2985 2662 3151 2733 verba
3202 2692 3321 2732 mea
3368 2692 3508 2733 eon-

1924 2769 2168 2837 tendere,
2192 2785 2261 2825 ne
2290 2768 2430 2825 forte
2461 2769 2515 2823 in
2547 2769 2684 2823 mari
2720 2768 2911 2824 venias
2941 2767 2996 2823 in
3038 2767 3366 2838 periculum.
3406 2768 3515 2822 Va-

1923 2863 2035 2919 lere
2083 2865 2270 2935 itaque
2294 2863 2453 2934 iusso
2486 2861 2791 2927 Hilarione,
2826 2875 2953 2916 cum
2996 2859 3064 2913 ad
3096 2873 3248 2913 mare
3279 2860 3512 2914 descen-

1922 2953 2218 3019 dissemns,
2242 2938 2552 3008 inve-nimus
2574 2952 2711 3007 duas
2739 2967 2905 3007 naves
2929 2969 2942 3007 :
2968 2965 3158 3018 unam,
3188 2965 3311 3020 qua:
3338 2959 3518 3005 trans-

1920 3047 2171 3101 mittehat
2199 3046 2562 3112 Ascalonem;
2595 3045 2825 3099 alteram
2864 3057 3014 3110 vero,
3060 3057 3184 3112 quas
3224 3042 3516 3113 navigabat

1921 3138 2277 3194 Salaminam.
2341 3137 2476 3192 Cum
2543 3145 2755 3191 autem.
2808 3135 3256 3191 ascendissemus
3304 3150 3498 3190 navem

1920 3246 2043 3301 qua:
2088 3238 2210 3285 erat
2255 3231 2396 3284 itura
2448 3229 2812 3289 Ascalonem,
2869 3226 2971 3281 fuit
3020 3227 3074 3281 in
3127 3227 3265 3281 mari
3315 3241 3512 3294 magna

1920 3310 2233 3385 tempestas.
2266 3314 2499 3386 Fuitque
2528 3316 2683 3370 navis
2730 3315 2783 3368 in
2816 3314 3060 3384 periculo
3132 3330 3200 3369 ne
3230 3314 3510 3383 frangere-

1919 3416 2009 3461 tur
2054 3423 2085 3461 a
2118 3408 2171 3461 vi
2218 3407 2511 3462 undarum.
2556 3404 2895 3475 Fuimusque
2947 3405 3000 3459 in
3048 3407 3188 3460 mari
3236 3416 3347 3460 tres
3390 3406 3512 3463 dies

1916 3500 2100 3555 animo
2124 3501 2280 3554 valde
2306 3499 2490 3554 anxio.
2521 3497 2728 3565 Quarto
2751 3506 2933 3553 autem
2966 3497 3056 3552 die
3093 3497 3373 3567 superavit
3405 3514 3504 3552 na-

1914 3592 1997 3647 vis
2022 3590 2219 3647 ﬂuetus
2273 3592 2365 3661 qui
2398 3590 2744 3661 ingruebant,
2785 3598 2839 3644 et
2866 3589 2918 3642 in
2952 3586 3374 3642 Salaminiorum
3407 3602 3509 3643 nos

1913 3683 2024 3753 egit
2052 3683 2351 3738 civitatem.
2388 3680 2536 3737 Nave
2563 3697 2695 3737 vero
2729 3680 2935 3751 egressi
2981 3694 3194 3742 omnes,
3226 3679 3378 3733 humi
3416 3680 3507 3749 ja-

1914 3775 2110 3830 cebant
2148 3776 2351 3830 mortui
2381 3776 2453 3830 ob
2484 3776 2592 3828 vim
2640 3773 2929 3837 fluctuum,
2963 3788 3331 3843 magnamque
3368 3772 3506 3826 aIlIi-

1912 3867 2150 3923 ctionem
2191 3876 2245 3922 et
2284 3867 2542 3922 inediam.
2594 3865 2793 3921 Mansit
2821 3874 2999 3921 autem
3036 3865 3090 3919 in
3138 3880 3203 3919 eo
3248 3865 3368 3919 loco
3402 3881 3508 3919 na-

1911 3958 2019 4021 vis,
2063 3966 2124 4013 ut
2162 3958 2496 4013 reﬁceretur.
2534 3955 2665 4011 Erat
2691 3955 2840 4011 enim
2881 3971 2908 4007 a
2954 3954 3008 4008 vi
3060 3953 3325 4008 undarum
3373 3968 3509 4009 con-

1915 4050 2088 4104 vulsa.
2135 4048 2389 4117 Cumque
2420 4058 2530 4104 tres
2553 4049 2671 4103 dies
2700 4047 2812 4101 illic
2844 4038 3166 4111 fuissemus,
3199 4043 3294 4099 Dei
3331 4046 3503 4113 gnatia

1917 4142 1969 4195 in
2022 4143 2312 4210 pristinum
2363 4157 2559 4195 sumus
2590 4149 2792 4195 statum
2850 4139 3114 4194 restituti.
3180 4137 3504 4207 Rursusque

1921 4238 2139 4291 volebat
2166 4233 2507 4304 Epiphanius
2538 4250 2603 4288 ex
2635 4248 2701 4287 eo
2728 4248 2830 4289 nos
2860 4233 2983 4287 loco
3018 4232 3293 4301 navigare.

221 4338 425 4405 τυχεῖν.
446 4332 674 4407 Ἧνγάρ
711 4338 1029 4392 ἀσπάσαντα
1060 4336 1185 4410 [Sir]
1214 4337 1323 4392 ἀπὺ
1347 4337 1445 4406 τῆς
1464 4335 1583 4406 βίας
1622 4332 1903 4403 κυμάτων.
1925 4329 2272 4396 Ποιησάντων
2298 4323 2391 4381 οὖν
2418 4327 2575 4398 ἡμῶν
2605 4330 2753 4398 τρεῖς
2781 4325 2994 4397 ἡμέρας
3028 4323 3108 4377 5ιά
3136 4324 3234 4393 τῆς
3253 4322 3343 4375 τοῦ
3367 4320 3502 4375 Θεοῦ

222 4429 465 4499 χάριτος,
494 4429 726 4501 ῆλθομεν
748 4435 805 4485 ἐν
832 4433 1197 4486 καταστάσει·
1225 4433 1318 4485 καὶ
1351 4431 1512 4486 πάλιν
1547 4427 1797 4482 ἐϐούλετο
1832 4427 2153 4495 Ἐπιφάνιος
2217 4425 2311 4478 τοῦ
2369 4422 2666 4477 ἀποπλέειν
2707 4422 2858 4493 ἡμᾶς
2890 4419 2998 4474 ἀπὸ
3041 4417 3136 4472 τοῦ
3181 4418 3368 4472 τόπου.
3395 4415 3502 4470 Ἦν

223 4520 327 4577 δὲὸ
364 4523 657 4587 ἐπίσκοπος
682 4523 774 4578 τοῦ
810 4524 998 4587 τόπου,
1033 4525 1175 4593 λέγω
1211 4523 1275 4596 δὴ
1314 4524 1414 4593 τῆς
1455 4521 1661 4585 πόλεως
1695 4519 2083 4590 Σαλαμηνέων,
2112 4518 2422 4584 ὑπεξελθὼν
2450 4517 2539 4570 τὸν
2567 4515 2700 4587 βίον.
3208 4568 3215 4575 ,

293 4615 418 4670 AA'.
456 4612 635 4670 Ἦσαν
683 4614 776 4672 οὖν
808 4619 1045 4683 ἅπαντες
1078 4621 1127 4673 οἱ
1157 4619 1444 4672 ἐπίσκοποι
1497 4616 1598 4686 τῆς
1644 4616 1804 4687 νήσου

1983 4613 2225 4669 XXXIV.
2247 4612 2417 4668 Erant
2438 4622 2622 4666 autem
2637 4606 2952 4680 congregati
2978 4603 3377 4661 omnesinsuire
3388 4604 3504 4673 epi-

227 4706 581 4778 συναχθέντες
607 4711 698 4763 ἐπὶ
736 4710 797 4763 τὸ
826 4710 1201 4782 χειροτονῆσαι
1243 4710 1332 4764 τὸν
1360 4708 1654 4779 δυνάμενον
1691 4723 1808 4757 ποι-

229 4797 441 4866 μαίνειν
471 4796 568 4868 τὴν
599 4799 835 4871 ποίμνην
870 4800 966 4854 τοῦ
1000 4796 1442 4872 ΧριστοῦῙΗσαν
1476 4795 1568 4853 οὖν
1593 4797 1809 4868 ἡμέρας

227 4889 317 4940 ἐπὶ
350 4886 411 4939 τὸ
440 4887 571 4941 αὐτὸ
605 4888 834 4960 ἔχοντες,
865 4890 959 4944 καὶ
985 4891 1235 4963 δεόμενοι
1260 4888 1355 4944 τοῦ
1376 4887 1637 4960 Χριστοῦ,
1659 4887 1809 4948 ὅπως

226 4979 563 5050 ἀποκαλύψει
599 4981 778 5046 αὐτοῖς
827 4983 917 5036 τὸν
967 4972 1263 5054 δυνάμενον
1303 4978 1670 5054 χρησιμεῢσαι
1715 4976 1810 5030 ἐπὶ

226 5071 325 5140 τῆς
359 5071 687 5144 ἱερωσύνης·
719 5069 786 5146 ἦν
813 5074 871 5128 δέ
894 5092 979 5139 τις
1007 5074 1116 5128 τῶν
1149 5074 1461 5128 ἐπισκόπων
1493 5072 1640 5136 ὅσιος
1669 5069 1809 5154 ἀνὴρ

225 5166 331 5221 ἀπὺ
356 5168 597 5240 σημείων
624 5176 701 5223 κε’
722 5169 821 5242 τῆς
847 5169 1211 5242 Σαλαμηνέων
1251 5168 1460 5235 πόλεως
1507 5183 1802 5239 χειροτονι-

224 5255 337 5322 Osi;
364 5260 423 5311 ἐν
450 5260 599 5314 πόλει
628 5262 841 5334 οἰκτρᾷ,
878 5260 1095 5334 Κυθρίᾳ
1118 5259 1663 5335 καλουμένῃ.Τοῦτον
1683 5257 1801 5311 ἔλε-

222 5367 316 5419 γον
342 5350 485 5423 ἔχειν
511 5352 570 5408 ἐν
595 5357 662 5425 τῇ
690 5353 965 5426 ἐπισκοπῇ
993 5348 1476 5425 πεντηκονταοκτὼ
1501 5347 1802 5412 ἐνιαυτούς.

227 5438 388 5508 Οὗτος
420 5443 735 5517 κατηξιώθη
776 5445 870 5500 καὶ
890 5444 1206 5521 μαρτυρίου
1231 5460 1244 5475 ο
1289 5443 1386 5498 καὶ
1412 5441 1588 5496 πολλά
1617 5440 1806 5496 παθὼν

224 5528 307 5583 διὰ
334 5531 426 5586 τὸν
452 5532 714 5606 Χριστὸν,
748 5533 993 5606 ἀπελύθη
1029 5534 1121 5587 ἐπὶ
1149 5536 1216 5606 τῇ
1247 5532 1509 5606 ὁμολογίᾳ
1541 5532 1636 5587 τοῦ
1673 5531 1806 5587 Υἱοῦ

223 5619 310 5674 τοῦ
338 5621 493 5678 θεοῦ.
522 5623 730 5678 Τοῦτον
758 5623 943 5694 ἔλεγον
975 5622 1344 5695 κεκρατῆσθαι
1381 5624 1519 5696 μετά
1550 5622 1808 5678 Γελασίου

222 5713 309 5772 τοῦ
337 5717 643 5773 ἐπισκόπου
677 5717 778 5785 τῆς
806 5715 1171 5788 Σαλαμηνέων
1195 5715 1404 5782 πόλεως
1439 5716 1533 5771 ἐπὶ
1571 5716 1633 5771 τὸ
1667 5734 1809 5791 μαρ-

1916 4705 2066 4776 scopi
2091 4706 2155 4760 ad
2173 4704 2534 4759 ordinandum
2557 4717 2706 4766 eum,
2722 4699 2814 4771 qui
2834 4706 3017 4768 posset
3039 4711 3263 4767 pascere
3284 4710 3500 4766 gregem

1913 4798 2143 4854 Christi.
2178 4796 2220 4850 E
2253 4797 2363 4851 vita
2397 4796 2543 4849 enim
2577 4795 2816 4849 humana
2859 4798 3171 4846 excesserat
3211 4788 3359 4842 illius
3396 4787 3495 4841 luci

1915 4890 2226 4961 episcopus,
2273 4886 2535 4952 civitatis,
2565 4884 2816 4954 inquam,
2850 4880 3304 4963 Salaminiorum.
3343 4876 3494 4931 Jam-

1918 4996 2026 5051 que
2066 4980 2277 5050 aliquot
2302 4978 2422 5033 dies
2457 4976 2843 5049 precabantur,
2874 4982 2928 5027 et
2961 4972 3127 5026 Deum
3159 4969 3388 5027 orabant
3438 4976 3499 5021 ut

1916 5071 2076 5127 vellet
2122 5072 2203 5127 eis
2251 5069 2495 5126 revelare
2542 5068 2793 5137 quisnam
2850 5064 2916 5119 ad
2971 5065 3075 5117 hoc
3111 5060 3329 5115 futurus
3355 5066 3501 5113 esset

1910 5164 2081 5221 utilis.
2119 5161 2250 5217 Erat
2296 5175 2361 5215 ex
2414 5157 2689 5229 episcopis
2733 5154 2955 5227 quidam
2995 5153 3078 5207 vir
3118 5158 3362 5213 sanctus,
3395 5148 3489 5218 qui

1916 5259 2097 5315 fuerat
2131 5253 2415 5310 ordinatos
2441 5253 2494 5305 iu
2522 5247 2819 5306 miserahili
2842 5247 3085 5316 quadam
3106 5240 3345 5304 civitate,
3369 5254 3491 5311 quae

1906 5350 2209 5407 vocabatur
2238 5344 2457 5418 Cytria;
2506 5342 2748 5399 distabat
2780 5347 2964 5393 autem
3001 5334 3282 5391 Salamina
3313 5335 3380 5390 ad
3416 5336 3500 5391 vi-

1905 5444 2174 5501 cesimum
2223 5438 2477 5508 quintum
2522 5432 2784 5504 lapidem.
2833 5428 2968 5485 Eum
3018 5428 3281 5483 (licebant
3325 5425 3499 5483 fuisse

1907 5530 2306 5605 quinquaginta
2333 5537 2459 5583 octo
2482 5541 2654 5582 annos
2685 5525 2738 5580 in
2767 5525 3110 5595 episcopatu.
3136 5520 3338 5577 Fuerat
3366 5535 3498 5576 vero

1909 5622 1957 5679 is
1988 5637 2208 5694 quoque
2237 5619 2495 5691 dignatus
2525 5616 2784 5688 martyrio
2815 5634 2829 5671 :
2859 5623 2915 5671 et
2943 5629 3069 5670 cum
3105 5611 3274 5668 multa
3299 5626 3499 5682 passus

1911 5712 2105 5773 fuisset
2140 5722 2364 5784 propter
2396 5709 2702 5774 Christum,
2736 5706 3022 5764 absolutus
3054 5704 3158 5761 fuit
3198 5705 3250 5759 in
3282 5702 3496 5758 contes-
