4058 6426
566 260 636 316 c7
1867 255 1923 308 S.
1959 253 2303 309 EPIPHANII
2346 254 2524 309 VlT.\.
3761 267 3834 320 63

567 383 722 437 sione
765 379 884 433 Filii
938 377 1051 431 Dei.
1090 376 1226 431 Eum
1261 376 1515 430 dicebant
1565 375 1734 429 fuisse
1759 385 1976 445 captum
2011 391 2136 430 cum

2251 372 2608 447 τυρῆσαμἮν
2639 376 2693 428 δὲ
2723 376 2783 429 τὸ
2830 378 2887 428 ὲν
2930 380 3208 447 γεννητοῖς
3241 380 3315 451 (α)
3366 378 3530 434 αὐτοῦ
3558 381 3729 453 ὄνομα
3766 387 3831 438 τὸ

566 473 781 529 Gelasio
815 470 1072 539 episc0po
1106 467 1343 522 civitatis
1373 464 1795 520 Salaminiorum
1823 467 1889 521 ad
1928 467 2052 531 hoc,
2078 474 2138 521 ut

566 569 751 617 essent
781 568 1066 631 martyres.
1094 557 1223 611 Erat
1252 569 1432 610 autem
1457 557 1506 609 ei
1540 571 1738 609 nomen
1765 557 1976 611 ab'ortn
1999 556 2137 626 Pap-

566 668 690 721 pus,
727 650 819 721 qui
855 650 970 718 ipse
998 662 1217 717 quoque
1242 654 1360 700 erat
1385 661 1508 701 cum
1534 646 1826 716 episc0pis.
1863 644 2000 699 Eum
2023 647 2139 715 epi-

566 743 716 810 sc0pi
744 755 936 796 omnes
972 739 1242 793 habebant
1295 747 1355 792 ut
1405 747 1634 807 patrem,
1670 746 1892 808 propter
1926 736 2140 791 confes-

569 836 777 889 sionem
826 833 879 886 in
927 830 1170 895 Christo,
1199 840 1255 884 et
1299 840 1521 899 propter
1551 843 1726 883 annos
1765 829 2136 897 episcopatus.

570 927 738 981 Porro
774 926 821 981 is
852 925 1087 979 habebat
1110 924 1275 978 etiam
1304 921 1397 975 Dei
1425 920 1845 991 prmsi-ientiam.
1882 919 1949 974 Et
1997 934 2144 974 reve-

569 1020 735 1072 latum
768 1017 845 1071 illi
880 1015 1058 1069 fuerat
1103 1014 1171 1070 de
1214 1012 1541 1083 Epiphanio,
1574 1023 1634 1065 ut
1659 1012 2008 1066 ordinaretur
2044 1008 2143 1064 Sa-

569 1108 913 1162 laminiorum
937 1104 1192 1160 Ecclesiae
1222 1104 1530 1173 episcopus.
1560 1101 1689 1156 Erat
1719 1110 1897 1155 autem
1928 1108 2141 1170 tempus

568 1202 837 1266 aestivum,
867 1199 1010 1269 quod
1041 1212 1175 1251 uvas
1209 1205 1456 1250 maturas
1484 1195 1597 1265 jam
1652 1192 1966 1265 perurebat.
2003 1190 2140 1245 Cum

567 1307 698 1362 ergo
736 1291 1019 1347 statuisset
1044 1287 1382 1357 Epiphanius
1406 1286 1661 1354 navigare
1685 1301 1714 1339 a
1738 1284 1955 1340 civitate
1986 1281 2143 1338 Sala~
2175 1292 2203 1303 “
2220 1272 2232 1289 ²

569 1387 887 1449 miniorum,
918 1383 1057 1438 dixit
1094 1382 1229 1437 mihi
1279 1390 1336 1436 et
1377 1380 1609 1452 Polybio
1640 1398 1653 1435 :
1687 1379 1912 1444 Eamus,
1940 1380 2058 1446 ﬁlii,
2088 1380 2143 1435 in

494 1470 503 1479 “
569 1478 771 1540 forum,
804 1484 861 1531 et
908 1489 1156 1529 amamus
1196 1489 1352 1528 uvas.
1382 1472 1685 1543 Cumqnee
1716 1471 1839 1527 navi
1876 1472 1932 1526 in
1963 1470 2144 1527 forum

569 1569 919 1631 abiissemus,
953 1575 1008 1621 et
1048 1566 1386 1621 venditorem
1431 1566 1874 1640 conveniremus,
1907 1563 2145 1634 Epipha-

573 1662 719 1724 nius,
763 1659 1005 1728 acceptis
1053 1659 1270 1714 duobus
1324 1658 1499 1714 botris
1546 1658 1971 1728 pulcherrimis,
2013 1657 2149 1712 dixit

2239 468 2345 521 ὑπὸ
2371 467 2480 520 τῶν
2509 468 2711 536 γονέων
2740 467 3051 539 τεθειμένον
3081 470 3332 537 Πάππος,
3362 473 3421 536 ὃς
3447 470 3515 545 ἦν
3543 474 3638 527 καὶ
3664 475 3832 538 αὐτὸς

2244 559 2381 629 μετὰ
2407 559 2529 611 τῶν
2562 557 2892 611 ἐπισκόπων.
2926 558 3126 614 Τοῦτον
3170 557 3314 632 εἶχον
3359 563 3596 628 ἅπαντες
3624 567 3672 618 οί
3703 565 3830 619 ὲπί·

2242 667 2433 705 σκοποι
2484 652 2561 714 ὡς
2596 652 2826 724 πατέρα,
2860 650 2950 705 διά
2977 668 3035 705 τε
3059 652 3157 725 τὴν
3187 655 3244 706 ὲν
3270 656 3489 726 Χριστῷ
3512 657 3829 728 ὁμολογίαν,

2240 743 2335 796 καὶ
2359 742 2449 796 διὰ
2480 742 2547 795 τὰ
2577 742 2671 812 ἐτη
2704 742 2804 812 τῆς
2835 738 3272 814 ἑπισκοπῆςΪΗν
3308 745 3364 798 δὲ
3397 746 3489 799 καὶ
3516 748 3833 817 πρόγνωσιν

2240 830 2375 885 Θεοῦ
2424 830 2584 902 ἔχων.
2628 831 2814 902 Τούτῳ
2867 830 3225 905 ἀπεκαλύφθη
3286 836 3416 906 ιπερὶ⁹
3455 836 3776 906 Ἐπιφανίου
3812 879 3828 902 ,

2241 923 2389 986 ὅπως
2434 922 2780 994 χειροτονηθῇ
2826 925 2920 977 ἐπὶ
2966 927 3065 995 τῆς
3106 923 3469 998 Σαλαμηνέων
3502 928 3834 999 Ἐκκλησίας

2242 1011 2675 1077 ὲπίσκοποςῘΗν
2697 1014 2752 1066 δὲ
2777 1015 2805 1067 ὁ
2839 1016 3027 1087 καιρὸς
3052 1012 3261 1088 θερὶνὸς
3289 1019 3593 1090 πρόδρομος
3619 1037 3834 1090 σταφυ-

2242 1103 2367 1156 λῶν.
2388 1105 2474 1168 Ὧς
2507 1103 2598 1158 οὖν
2624 1105 2836 1177 ἔκρινεν
2883 1107 3194 1176 Ἐπιφάνιος
3223 1108 3318 1163 τοῦ
3352 1110 3646 1164 ἀποπλέειν
3675 1113 3832 1182 ἡμᾶς

2243 1194 2352 1247 ἀπὸ
2371 1195 2470 1264 τῆς
2489 1196 2631 1249 Σαλα
2638 1196 2850 1266 μηνίων
2870 1195 3098 1263 πόλεως,
3118 1192 3272 1250 εἶπεν
3298 1198 3435 1269 πρὸς
3465 1200 3532 1269 μὲ
3570 1202 3666 1254 καὶ
3688 1201 3833 1271 πρὸς

2253 1285 2333 1339 τὸν
2379 1284 2677 1341 Πολύϐιον⁸
2706 1287 2969 1357 Ἀγομεν,
3014 1286 3225 1351 τέκνον,
3259 1288 3353 1342 ἐπὶ
3395 1289 3489 1343 τοῦ
3534 1290 3831 1361 ἐμπορίου,

2243 1374 2566 1446 ὠνησόμεθα
2610 1375 2883 1444 σταφυλὰς
2920 1377 2977 1428 ὲν
3007 1374 3085 1446 τῷ
3128 1375 3520 1449 πλοίῳ.Ἠμῶν
3556 1378 3613 1432 δὲ
3648 1378 3835 1433 ἐλθόν-

2246 1484 2354 1520 των
2400 1468 2494 1520 ἐπὶ
2541 1464 2638 1521 τοῦ
2681 1466 2969 1538 ἐμπορίου,
3004 1466 3097 1519 καὶ
3145 1469 3576 1537 συμφωνούντων
3617 1471 3711 1523 ἐπὶ
3750 1469 3835 1539 τῷ

2248 1557 2783 1630 πράτῃ,Ἐπιφάνιος
2841 1556 3020 1611 λαϐὼν
3070 1556 3165 1610 δύο
3214 1556 3444 1631 βότρυας
3488 1561 3831 1625 καλλίστους,

2251 1650 2414 1721 φησὶν
2458 1648 2537 1718 τῷ
2581 1650 2791 1721 πράτῃ·
2827 1651 2892 1703 Τί
2931 1654 3291 1724 προστάσσεις
3321 1653 3478 1707 δώσω
3506 1672 3586 1707 σοι
3612 1655 3706 1708 δύο
3738 1653 3836 1723 βο-

569 1770 603 1808 v
623 1753 842 1808 -nditori
869 1772 882 1803 :
908 1751 1048 1819 Quid
1079 1753 1163 1808 vis
1194 1752 1294 1807 tibi
1321 1752 1444 1807 dem
1475 1766 1575 1822 pro
1600 1752 1687 1806 his
1707 1752 1923 1807 duobus
1946 1751 2149 1806 botris?

2251 1740 2467 1811 τρύων;
2497 1735 2606 1794 Ἦν
2655 1739 2710 1793 δὲ
2763 1740 2883 1804 ἔθος
2928 1743 3226 1814 Ἑπιφανίῳ
3259 1743 3333 1815 μὴ
3362 1743 3682 1813 ἀντιλέγειν.
3720 1742 3836 1796 Τοῦ

571 1843 874 1914 Epiphanio
913 1852 1097 1898 autem
1129 1857 1251 1898 mos
1283 1851 1403 1898 erat
1432 1858 1541 1897 non
1576 1843 1973 1898 contradicere.
2010 1840 2147 1897 Cum

570 1949 699 1988 vero
730 1933 981 1988 venditor
1010 1932 1240 1988 dixisset
1264 1934 1499 2003 pretium
1531 1948 1785 1996 uvarum,
1813 1931 2150 2001 Epiphanius

570 2024 779 2093 accepit
809 2022 1119 2093 pecuniam,
1150 2030 1212 2076 ut
1249 2021 1487 2077 solveret
1536 2021 1823 2078 venditori.
1859 2020 2015 2077 Tunc
2058 2036 2151 2076 ac-

569 2113 711 2166 cedit
745 2121 968 2167 sanctus
998 2094 1237 2181 Pappus,
1266 2111 1524 2166 suffultus
1553 2127 1582 2165 a
1615 2112 1833 2167 duobus
1877 2111 2146 2165 diaconis.

569 2202 737 2257 Erant
779 2210 961 2257 autem
1006 2210 1119 2257 tres
1163 2217 1384 2272 quoque
1430 2217 1557 2257 eum
1598 2201 1715 2272 ipso
1745 2202 2008 2272 episcopi.
2044 2200 2149 2269 Qui

567 2300 697 2348 cum
717 2293 1250 2363 appropinquassent
1265 2292 1593 2362 Epiphanio,
1613 2290 1951 2362 Epiphanius
1966 2293 2149 2349 botros

569 2385 804 2439 habebat
855 2384 912 2438 in
956 2383 1230 2447 manibus,
1261 2392 1315 2438 et
1358 2398 1551 2439 eorum
1597 2382 1852 2452 pretium.
1888 2382 2153 2438 Dixerunt

571 2486 750 2530 autem
785 2475 1009 2545 quidam
1036 2490 1104 2530 ex
1132 2475 1445 2529 astantibus
1480 2492 1493 2528 :
1534 2474 1677 2529 Ecce
1704 2474 1794 2530 hic
1821 2474 2152 2545 adsuntcpi—

571 2567 745 2637 scopi.
778 2566 1052 2635 Incipiens
1101 2576 1285 2621 autem
1334 2564 1581 2635 Pappus,
1612 2565 1752 2620 dixit
1795 2564 2105 2635 Epiphanio
2136 2584 2148 2619 :

574 2659 817 2723 Dimitte,
847 2672 882 2712 ο
928 2658 1089 2723 abba,
1131 2658 1320 2712 hotros
1365 2656 1510 2726 apud
1558 2657 1918 2722 venditorem,
1968 2665 2021 2709 et
2069 2670 2155 2710 sc-

572 2765 742 2818 quere
773 2763 874 2803 nos
900 2749 955 2803 in
991 2748 1306 2804 ecclesiam.
1342 2746 1682 2803 Recordatus
1717 2761 1846 2801 vero
1870 2746 2021 2801 verbi
2071 2745 2153 2799 di-

575 2842 683 2896 vini
714 2841 857 2911 quod
881 2840 1015 2895 dicit
1046 2849 1102 2895 et
1134 2839 1411 2909 eloquitur
1437 2856 1453 2894 :
1486 2838 1723 2895 Lanatus
1749 2855 1864 2893 sum
1898 2840 1951 2893 in
1971 2840 2038 2893 iis
2064 2841 2153 2910 qui

574 2939 823 2992 dixerunt
865 2938 996 2993 mihi
1023 2951 1045 2991 :
1076 2933 1144 2991 In
1176 2937 1393 2991 domum
1444 2936 1658 2990 Domini
1690 2928 1882 2990 ibimus
1902 2937 1921 2968 ⁷
1955 2954 1968 2986 :
1998 2950 2155 2990 seru-

576 3043 664 3090 tns
694 3041 777 3089 est
824 3032 877 3086 in
934 3032 1246 3087 ecclesiam.
1278 3030 1495 3101 Pappus
1527 3041 1708 3085 autem
1739 3030 1876 3085 dixit
1907 3028 2149 3105 Epipha-
2178 3065 2219 3120 ο

571 3125 669 3178 nio
704 3144 717 3178 :
752 3120 863 3180 Fac
893 3124 1216 3188 orationem,
1248 3140 1282 3179 o
1305 3123 1486 3179 Pater.
1511 3122 1668 3190 Quod
1698 3122 1910 3178 dicebat
1937 3121 2150 3191 Pappus

575 3214 900 3286 Epiphanio,
940 3226 1001 3269 ut
1051 3230 1109 3271 se
1159 3215 1497 3286 signiﬁcaret
1525 3216 1806 3271 clericum.
1838 3212 2021 3283 Pappo
2048 3228 2150 3266 auo

573 3316 681 3361 tem
728 3306 865 3361 dixit
909 3305 1246 3377 Epiphanius
1279 3324 1292 3361 :
1325 3289 1550 3377 Ignosce
1599 3306 1756 3369 mihi,
1800 3303 1960 3359 Pater
1992 3321 2004 3356 :
2042 3316 2147 3357 non

574 3412 695 3452 sum
727 3397 874 3450 enim
916 3397 971 3450 in
1002 3397 1171 3452 clero.
1200 3395 1350 3451 Dixit
1372 3395 1594 3467 Pappus
1624 3395 1930 3466 Epiphanio
1957 3413 1971 3449 :
1997 3393 2148 3459 Vide,

571 3503 607 3541 ο
632 3486 729 3552 ﬂii,
760 3502 829 3541 ne
860 3501 1026 3558 neges
1070 3503 1255 3542 coram
1294 3495 1373 3544 tot
1400 3488 1606 3543 sanctis
1641 3486 1912 3553 Patribus,
1939 3494 1993 3542 et
2020 3490 2153 3542 con-

564 3580 871 3644 demneris,
898 3587 959 3633 ut
980 3581 1072 3648 qui
1104 3580 1391 3635 abscondit
1417 3581 1699 3635 talentum.
1738 3578 1989 3649 Dixitque
2021 3578 2152 3648 Epi-

574 3669 811 3740 phanius
843 3686 858 3723 :
888 3666 1029 3735 Non,
1063 3667 1243 3734 Pater,
1287 3684 1397 3725 non
1449 3685 1572 3725 sum
1599 3668 1851 3725 clericus.
1886 3668 2010 3724 Hac
2056 3684 2155 3723 au-

576 3769 687 3813 tem
714 3774 837 3814 cum
862 3758 1092 3817 dixisset
1113 3758 1475 3829 Epiphanius,
1502 3758 1721 3830 Pappus
1766 3760 1915 3814 dedit
1941 3773 2150 3828 pacem.

455 3913 459 3916 ,
575 3847 731 3905 linus
753 3865 885 3904 vero
909 3864 979 3905 ex
1006 3850 1278 3917 diaconis,
1320 3850 1496 3920 capite
1541 3851 1882 3921 Ipprehenso
1910 3850 2153 3921 Epipha-

575 3941 686 4006 nio,
722 3956 847 3996 eum
899 3941 953 3995 vi
1000 3941 1161 3996 duxit
1212 3940 1282 3996 ad
1329 3941 1575 4012 Pappum
1610 3942 1678 3997 ad
1713 3942 1900 4006 altare,
1933 3942 2069 3996 adeo
2096 3950 2157 3998 ut

575 4033 733 4086 multi
761 4047 978 4102 quoque
1005 4033 1098 4087 alii
1122 4035 1497 4100 convenerint,
1527 4042 1588 4089 ut
1618 4048 1744 4089 eum
1777 4042 2057 4088 servarent
2086 4034 2154 4089 ad

575 4124 766 4181 altare.
792 4123 929 4178 Eum
958 4123 1143 4194 itaque
1171 4125 1393 4181 ordinat
1419 4125 1742 4193 diaconum;
1770 4134 1826 4181 et
1849 4140 2042 4181 rursus
2063 4125 2157 4181 dat

574 4214 625 4270 ei
657 4229 863 4281 pacem,
895 4225 952 4269 et
978 4216 1156 4285 ipsum
1189 4216 1409 4271 ordinat
1433 4218 1831 4289 presbyterum.
1857 4217 2073 4273 Rursus
2097 4217 2157 4273 iit

576 4305 987 4374 consequentia,
1016 4314 1073 4360 et
1115 4321 1241 4362 eum
1300 4308 1518 4363 ordinat
1546 4309 1884 4379 episcopum.
1912 4306 2045 4364 Post
2072 4308 2156 4364 di-

576 4394 894 4451 missionem
934 4403 1119 4452 autem
1166 4399 1235 4452 ab
1283 4399 1535 4463 ecclesia,
1565 4400 1915 4456 ascendimus
1944 4400 2000 4455 in
2034 4399 2150 4469 epi-
2184 4407 2227 4463 ι)

578 4485 1039 4553 scopatum.Dixit
1062 4496 1243 4541 autem
1271 4485 1489 4556 Pappus
1519 4486 1822 4557 Epiphanio
1852 4504 1866 4542 :
1901 4488 2028 4556 Age,
2053 4486 2152 4551 ﬁli,

577 4576 869 4630 adhortare
920 4575 1128 4642 Patres,
1166 4585 1227 4631 ut
1272 4576 1522 4632 fruamur
1570 4588 1616 4631 et
1673 4578 1920 4634 laetemur
1963 4579 2029 4633 de
2059 4588 2154 4634 tua

576 4667 917 4736 paternitate.
948 4665 1088 4721 Cum
1117 4668 1221 4724 hoc
1257 4668 1494 4738 graviter
1520 4668 1684 4724 ferret
1717 4667 2074 4739 Epiphanius,
2100 4677 2154 4725 et

574 4767 866 4829 angeretur
912 4758 1098 4813 animo
1123 4767 1179 4817 et
1205 4758 1379 4825 ﬂeret,
1406 4752 1545 4813 dixit
1567 4757 1783 4830 Pappus
1814 4776 1828 4815 :
1859 4758 2154 4831 Oportebat

575 4850 795 4918 quidem
824 4863 929 4907 nos
951 4857 1149 4913 tacere,
1179 4864 1214 4906 ο
1239 4849 1315 4905 [ili
1345 4848 1782 4923 Epiphanie.Fio
1804 4861 2006 4917 autem,
2028 4866 2152 4906 cum

574 4956 683 5011 ego
713 4949 763 4997 te
794 4939 912 5009 ipse
936 4941 1270 5010 quaesierim,
1304 4941 1593 5011 insipiens.
1615 4940 1750 4997 Nam
1797 4958 1922 4998 cum
1967 4941 2154 5000 Patres

576 5031 666 5087 hic
702 5041 883 5087 essent
915 5033 1251 5102 congregati,
1288 5031 1382 5087 Dei
1418 5034 1696 5089 voluntate
1732 5034 1863 5089 mihi
1891 5035 2155 5091 dederunt

576 5122 682 5179 hoc
719 5123 1001 5194 negotium
1045 5123 1114 5179 ad
1167 5124 1585 5194 signiﬁcandum
1630 5126 1969 5197 episcopum.
2004 5127 2154 5198 lique

575 5227 766 5271 onlues
819 5214 955 5273 mihi
1002 5213 1337 5271 exhibebant
1381 5217 1685 5287 negotium,
1730 5217 1975 5273 dicentes
2017 5217 2153 5272 mihi

577 5303 892 5369 peccitori:
926 5302 1035 5361 Ora
1063 5315 1325 5376 prompto
1352 5313 1406 5362 et
1434 5305 1602 5364 alacri
1637 5307 1844 5372 animo,
1864 5315 1918 5363 et
1943 5307 2039 5361 tibi
2068 5322 2153 5362 re-

578 5391 866 5448 velabitur.

649 5503 669 5535 τ
710 5501 853 5558 Psal.
885 5519 1035 5572 cui,
1073 5509 1124 5560 i.

656 5635 728 5700 (ιι)
772 5633 951 5701 Forte,
982 5640 1045 5692 ὲκ
1070 5640 1309 5710 γενετῆς.

2248 1832 2305 1885 δὲ
2351 1830 2561 1901 πράτου
2620 1832 2863 1897 εἰπόντος
2904 1834 3004 1903 τὴν
3057 1836 3220 1907 τιμὴν
3256 1835 3335 1907 τῷ
3377 1835 3677 1905 Ἐπιφανίῳ
3719 1835 3837 1888 τῶν

2250 1917 2560 1986 σταφυλῶν,
2597 1917 2785 1972 ἔλαϐεν
2809 1921 2870 1973 τὸ
2896 1921 3156 1994 ἀργύριον
3184 1923 3276 1978 ἐπὶ
3311 1923 3375 1976 τὸ
3407 1924 3731 1994 μεταλαϐεῖν
3754 1924 3838 1995 τῷ

2251 2008 2452 2080 πράτῃ.
2471 2007 2529 2060 ὐ
2561 2003 2653 2061 οὖν
2685 2008 2828 2071 ὅσιος
2858 2010 3089 2074 Πάππος
3136 2011 3494 2082 παραγίνεται
3529 2012 3841 2082 ὑποτηρού-

2253 2116 2411 2169 μενος
2444 2098 2548 2152 ὑπὸ
2578 2099 2671 2152 δύο
2702 2100 2983 2157 διακόνων.
3005 2098 3184 2157 Ἶίσαν
3217 2104 3272 2157 δὲ
3306 2104 3399 2156 καὶ
3429 2105 3578 2174 τρεῖς
3610 2104 3839 2157 ἐπίσκο-

2251 2209 2342 2245 ποι
2381 2194 2493 2250 μετ’
2527 2192 2713 2246 αὑτοῦ.
2732 2193 2818 2258 Ὠς
2845 2190 2938 2248 οὗν
2971 2196 3204 2267 ἤγγισαν
3244 2198 3560 2268 Ἑπιφανίῳ,
3586 2194 3653 2268 ἦν
3683 2198 3839 2252 Ἐπι-

2253 2282 2440 2351 φάνιος
2475 2283 2627 2354 ἔχων
2649 2284 2785 2354 μετὰ
2815 2289 3004 2357 χεῖρας
3034 2288 3160 2351 τοὺς
3190 2288 3444 2360 βότρυας,
3468 2291 3563 2342 καὶ
3587 2288 3646 2342 τὸ
3671 2288 3839 2358 τίμη-

2255 2392 2333 2446 μα
2359 2376 2580 2430 τούτων.
2629 2372 2795 2431 Εἶπον
2841 2379 2899 2433 δέ
2929 2397 3074 2444 τινες
3101 2381 3210 2434 τῶν
3257 2382 3620 2453 παρεστώτων
3642 2397 3658 2414 ⁸
3697 2384 3837 2438 Ἰδοὺ

2251 2468 2299 2520 oi
2347 2467 2633 2522 ἐπίσκοποι
2680 2472 2932 2540 πάρεισιν
2976 2466 3099 2529 ὧδε.
3134 2468 3301 2527 Εἶπεν
3336 2475 3393 2528 δὲ
3437 2476 3668 2538 Πάππος
3696 2477 3840 2548 πρὸς

2267 2558 2605 2627 Ἐπιφάνιονο
2649 2561 3104 2627 Ἀπόθου,⁴Αϐϐἄ,
3147 2565 3274 2629 τοὺς
3323 2565 3554 2635 βότρυας
3582 2565 3660 2636 τῷ
3690 2566 3840 2636 πρά.-

2253 2666 2341 2721 τῃ,
2376 2651 2469 2704 καὶ
2503 2651 2866 2724 ἀκολούθησον
2909 2656 3039 2725 ἡμῖν
3086 2658 3144 2709 ἐν
3190 2658 3255 2727 τῇ
3301 2657 3586 2729 ἐκκλησίᾳ.
3625 2657 3730 2712 Τοῦ
3777 2659 3839 2712 ει

2258 2742 2727 2811 μνημονεύσαντος
2750 2745 2844 2798 τοῦ
2876 2745 3022 2800 θείου
3076 2747 3234 2816 λόγου
3265 2748 3360 2802 τοῦ
3391 2749 3838 2820 προσφωνοῦντα

2255 2832 2348 2884 καὶ
2373 2832 2621 2900 λέγοντος
2642 2851 2659 2863 ·
2691 2835 3055 2904 Ebypdranr
3075 2837 3175 2892 ἐπὶ
3213 2838 3336 2905 τοῖς
3362 2841 3670 2908 εἰρηκόσιν
3692 2858 3795 2910 μοι
3818 2857 3835 2875 ο

2255 2925 2359 2989 Εἰς
2385 2921 2552 2978 οἷκον
2578 2926 2799 2993 Kvpi'ov
2825 2929 3272 2997 πορευσόμεθαο
3295 2929 3661 3001 ἠκολούθησεν
3686 2934 3745 2984 ὲν
3767 2935 3837 3005 τῇ

2255 3015 2540 3087 ἐκκλησίᾳ.
2579 3017 2639 3069 '0
2681 3017 2737 3069 δὲ
2791 3018 3020 3083 nam
3092 3020 3225 3091 φησὶ
3290 3021 3426 3093 πρὸς
3489 3023 3833 3092 Ἐπιφὰνιον·

2253 3106 2484 3176 Ποίησον
2536 3107 2722 3178 εὐχὴν,
2755 3102 2800 3160 ὧ
2831 3109 3032 3180 Πάτερ.
3067 3110 3253 3163 Ταῦτα
3299 3111 3355 3164 δὲ
3392 3111 3578 3182 ἔλεγεν
3608 3113 3838 3177 ntimo;
3942 3130 3943 3133 ‘

2253 3200 2388 3270 πρὸς
2434 3200 2769 3268 Ἐπιφάνιον,
2797 3200 2945 3263 ὅπως
2991 3200 3246 3271 γνωρίσει
3289 3202 3483 3254 ἑαυτὸν
3525 3203 3838 3272 Ἐπιφὼιιος

2251 3289 2328 3361 τῷ
2394 3289 2601 3360 κλήρῳ.
2661 3284 2827 3342 Εἶπεν
2884 3287 2939 3342 δὲ
2989 3285 3301 3359 Ἐ’πιφάνιος
3367 3292 3505 3364 πρὸς
3568 3293 3834 3347 Πάππονο

2251 3378 2613 3450 Συγχώρησόν
2648 3395 2758 3447 μοι,
2799 3377 2981 3450 Πάτερ
3002 3395 3015 3409 ·
3039 3380 3111 3432 ὀὺ
3140 3380 3249 3451 γάρ
3279 3381 3394 3451 εἰμι
3423 3383 3481 3433 ὲν
3506 3381 3708 3453 κλήρῳ.
3742 3378 3838 3435 E7.-

2255 3484 2355 3523 πεν
2408 3467 2468 3521 δὲ
2513 3467 2748 3531 Πάππος
2799 3467 2936 3538 πρὸς
2978 3466 3313 3537 Ἐπιφάνιοψ
3346 3468 3545 3535 Βλέπε,
3572 3470 3754 3541 φησὶν,
3794 3464 3841 3524 ὦ

2252 3560 2463 3623 τέκνον,
2505 3558 2580 3630 μὴ
2609 3558 2750 3612 κατά
2780 3559 3071 3628 πρόσωπον
3099 3559 3301 3614 τούτων
3328 3561 3433 3614 τῶν
3461 3562 3631 3630 ἀγίων
3664 3563 3841 3617 Πατέ-

2254 3668 2365 3720 ρων
2387 3651 2619 3722 ἀρνήσῃ,
2648 3650 2743 3704 καὶ
2780 3635 3117 3723 κατακριθῇς
3147 3651 3223 3715 ὡς
3250 3654 3278 3706 ὀ
3312 3653 3523 3723 κρύψας
3556 3654 3616 3707 τὸ
3642 3655 3841 3709 τάλαν-

2252 3760 2364 3796 τον.
2400 3737 2569 3796 Εἶπεν
2615 3741 2674 3795 δὲ
2715 3741 3031 3811 Ἐπιφάνιος
3061 3742 3197 3813 πρὸς
3241 3742 3331 3796 τὸν
3367 3746 3598 3799 Πάππον
3621 3762 3635 3776 ·
3681 3746 3838 3816 Οὐχὶ,

2254 3833 2456 3904 Πάτερ,
2485 3833 2585 3902 οὐχ
2617 3831 2877 3904 ὑπάρχων
2905 3831 3382 3903 κληρικός.Ταῦτα
3409 3833 3465 3888 δὲ
3491 3834 3657 3889 εἰπὼν
3692 3834 3842 3888 Ἐπιο

2255 3924 2466 3995 φάνιος,
2495 3924 2527 3976 ὁ
2556 3922 2787 3986 Πάππος
2834 3921 3033 3977 ἔδωκεν
3079 3923 3323 3995 εἰρήνην.
3353 3919 3448 3986 Εἷς
3498 3923 3555 3978 δέ
3596 3941 3682 3988 τις
3730 3925 3839 3978 τῶν

2253 4013 2517 4067 διακόνων
2581 4010 2972 4082 ἐπιλαϐόμενος
3025 4013 3123 4083 τῆς
3172 4013 3417 4082 κεφαλῆς
3471 4014 3788 4083 Ἐπιφανίου
3822 4053 3841 4078 ,

2253 4099 2388 4176 ἦγεν
2422 4103 2585 4158 αὑτὸν
2613 4102 2747 4174 πρὸς
2780 4102 3010 4156 Πάππον
3034 4103 3127 4155 ἐπὶ
3155 4103 3248 4156 τοῦ
3281 4103 3665 4176 θυσιαστηρίου
3699 4107 3841 4176 μετὰ

2257 4195 2398 4267 βίας,
2447 4196 2586 4250 ὥστε
2637 4193 2911 4247 συνελθεῖν
2956 4195 3050 4247 καὶ
3096 4193 3289 4259 ἄλλους
3338 4195 3642 4262 πλείστους,
3689 4197 3840 4260 ὅπως

2255 4287 2609 4342 διασώσουσιν
2648 4285 2810 4340 αὑτὸν
2840 4284 2936 4338 ἐπὶ
2977 4284 3057 4356 τῷ
3100 4285 3487 4358 θυσιαστηρίῳ.
3528 4288 3842 4359 Χειροτονεί

2253 4373 2347 4431 οὖν
2393 4376 2555 4431 αὑτὸν
2602 4375 2868 4438 διάκονον,
2896 4373 2991 4426 καὶ
3032 4373 3191 4427 πάλιν
3221 4374 3436 4427 δίδωσιν
3468 4376 3706 4446 εἰρήνην,
3743 4379 3877 4430 καὶι

2256 4469 2551 4539 χειροτονεῖ
2576 4467 2735 4521 αὑτὸν
2765 4463 3157 4538 πρεσϐύτερον,
3185 4464 3278 4517 καὶ
3301 4464 3508 4531 γίνεται
3535 4466 3568 4536 ἠ
3612 4465 3841 4520 ἀκολου-

2256 4557 2368 4619 θία,
2393 4556 2485 4609 καὶ⁸
2532 4559 2829 4628 χειροτονεῖ
2873 4557 3037 4612 αὑτὸν
3091 4554 3407 4609 ἐπίσκοπον.
3436 4557 3589 4609 Μετά
3633 4556 3691 4609 δὲ
3737 4556 3841 4627 τὴν

2253 4647 2515 4701 ἀπόλυσιν
2572 4646 2671 4719 τῆς
2719 4646 3016 4718 ἐκκλησίας
3049 4643 3355 4719 ἀνήλθομεν
3401 4645 3458 4697 ὲν
3499 4643 3576 4716 τῷ
3616 4646 3842 4700 ἐπισκο-

2255 4739 2415 4810 πείῳ.
2450 4735 2615 4793 Εἶπεν
2661 4738 2719 4792 δὲ
2760 4738 2992 4802 Πάππος
3021 4738 3158 4807 πρὸς
3197 4723 3541 4809 Ἐπιφάνιον·
3574 4736 3743 4806 Δεῦρο
3769 4738 3838 4810 δὴ

2256 4830 2555 4903 πρότρεψαι
2582 4831 2711 4893 τοὺς
2762 4829 3059 4902 Πατέρας,
3089 4830 3237 4893 ὅπως
3285 4832 3675 4903 μεταλάϐωμεν
3742 4832 3840 4887 καὶ

2254 4917 2643 4990 εὐφρανθῶμεν
2674 4917 2766 4971 ἐπὶ
2794 4919 2860 4989 σῇ
2890 4917 3240 4991 πατρωσύνῃ.
3276 4918 3382 4973 Τοῦ
3423 4920 3480 4974 δὲ
3518 4921 3836 4991 Ἐπιφανίου

2257 5009 2466 5081 βαρέως
2491 5008 2767 5080 φέροντος,
2796 5008 2888 5062 καὶ
2932 5010 3327 5081 ἀδημονοῦντος
3361 5013 3419 5066 ἐν
3441 5011 3706 5083 λογισμῷ,
3740 5015 3839 5067 καὶ

2255 5100 2553 5166 κλαίοντος,
2598 5096 2753 5153 εἷπεν
2772 5101 2814 5152 ’ὁ
2841 5100 3072 5164 Πάππος
3099 5101 3235 5173 πρὸς
3259 5102 3572 5171 Ἑπιφάνιον
3592 5121 3605 5134 ο
3635 5103 3835 5174 Ἐχρῆν

2259 5190 2356 5260 μὲν
2389 5190 2540 5259 ἡμᾶς
2572 5189 2867 5259 σιωπῆσαι,
2899 5184 2944 5244 ὦ
2971 5190 3162 5244 τέκνον
3191 5193 3496 5261 Ἐπιφάνιε.
3528 5193 3751 5264 Γίνομαι
3777 5193 3837 5249 δὲ

2254 5279 2443 5349 ἄφρων
2472 5281 2634 5343 αὐτός
2669 5297 2758 5350 μοι
2787 5280 2886 5350 τὴν
2919 5281 3146 5352 ζήτησιν
3170 5283 3556 5355 ποιησάμενος.
3574 5284 3697 5338 Τῶν
3722 5284 3835 5356 γὰρ

2255 5370 2515 5442 Πατέρων
2544 5370 2915 5441 συναχθέντων
2944 5365 3067 5436 ὧδε,
3106 5372 3451 5428 ἀπεδώκασιν
3482 5374 3560 5446 τῷ
3591 5373 3713 5447 Θεῷ
3739 5374 3834 5429 ἐπὶ
