4058 6428
324 274 388 329 60
1656 273 1714 327 S.
1762 269 2106 326 EPINIANII
2155 269 2315 323 VITA
3557 276 3626 330 70

329 395 559 468 μηνύσει
587 396 687 449 τοῦ
726 395 1066 449 ὲπισκόπου’
1128 393 1295 463 κάμοὶ
1344 390 1503 445 πόνον
1551 391 1816 461 ἐπέφερον
1882 390 2084 452 πάντες
2127 382 2273 441 οὗτοι
2313 385 2559 454 λέγοντες
2610 384 2745 456 πρὸς
2794 386 2861 455 μὲ
2908 386 2997 439 τὸν
3068 389 3422 460 ἁμαρτωλόν·
3454 390 3629 461 Eii-xeo

330 486 646 561 προθύμως,
674 487 772 540 καὶ
804 483 1321 556 ἀποκαλυφθήσεταί
1360 500 1459 536 σοι.

404 582 525 636 AE'.
565 577 739 650 Ἐμοῦ
786 579 846 631 δὲ
890 576 1082 630 ἑαυτὸν
1133 570 1518 646 καθείρξαντας
1567 575 1625 627 ἐν
1674 571 1924 643 ὀσπιτίῳ,

2100 564 2319 621 XXXV.
2361 563 2498 619 Cum
2531 579 2630 631 ego
2661 572 2843 619 autem
2874 580 2961 620 me
3008 566 3064 621 in
3096 565 3336 637 hospitio
3366 569 3629 626 inclusis-

331 673 682 748 παρεκάλουν
709 671 805 723 τὸν
831 669 1060 741 Σωτῆρα
1088 668 1216 736 περὶ
1240 667 1334 720 τοῦ
1362 666 1634 720 τοιούτου·
1682 664 1936 736 ἀστραπὴ

330 768 391 821 δὲ
426 764 663 835 ἔλαμψεν
700 765 758 816 ὲν
790 760 869 832 τῷ
903 759 1135 831 κελλίῳ·
1171 759 1381 829 ’ήκουσα
1405 757 1462 809 δὲ
1500 756 1595 810 καὶ
1635 757 1821 828 φωνὴν
1853 757 1935 810 δι-

330 857 567 927 δομένην
601 853 740 924 πρὸς
771 852 839 925 μὲ
868 852 960 906 τὸν
987 850 1331 924 ἁμαρτωλὸν·
1351 849 1574 914 Πάππε,
1594 848 1813 911 Πάππε,
1835 865 1938 918 φη-

333 949 445 1015 σὶν,
473 944 817 1014 axem-131376)
845 946 902 998 δὲ
925 943 1163 1015 ἔμφοϐος
1191 943 1483 1013 γενόμενος
1513 937 1664 995 εἷπον
1685 958 1699 971 ·
1730 941 1795 994 Τί
1818 942 1938 994 ἐπι⁶

328 1041 527 1112 τρέπει
555 1042 584 1093 ὁ
613 1037 822 1109 Κύριός
853 1053 986 1108 μους
1020 1030 1187 1089 Εἶπεν
1220 1035 1277 1088 δὲ
1309 1035 1447 1106 πρὸς
1499 1035 1566 1105 μὲ
1620 1034 1739 1105 μετ’
1770 1034 1936 1105 εύμε-

330 1133 505 1196 νείας·
534 1130 794 1194 Ἀνάστα,
827 1127 1113 1201 παράλαϐε
1142 1127 1279 1198 μετὰ
1304 1125 1531 1179 σεαυτοῦ
1562 1124 1657 1181 Eva
1684 1124 1793 1178 τῶν
1822 1124 1937 1179 δια-

331 1226 531 1287 κόνων,
563 1226 658 1283 καὶ
689 1221 1011 1277 ὲπικάτελθε
1058 1223 1114 1273 ὲν
1161 1219 1237 1290 τῷ
1282 1220 1555 1291 ἐμπορίῳ.
1584 1219 1696 1272 Καὶ
1733 1217 1840 1272 ἰδοὺ
1870 1217 1933 1289 δὴ

335 1316 575 1388 μοναχδς
606 1317 722 1370 ἐκεῖ
746 1317 901 1388 παρὰ
924 1314 1000 1385 τῷ
1030 1314 1213 1386 πράτῃ
1248 1312 1469 1366 ὠνεῖται
1499 1310 1806 1381 σταφυλάς·
1824 1302 1936 1365 ’δύο

334 1410 608 1481 μοναχοὺς
642 1408 755 1479 ἔχει
797 1406 918 1477 μεθ’
949 1404 1489 1468 ἑαυτοῦ,Ἐλισσαίου
1533 1404 1634 1474 τὴν
1688 1403 1932 1476 κεφαλὴν

327 1504 396 1556 τὸ
440 1502 784 1572 ὲκτύπωμα·
828 1500 1019 1557 τοῦτον
1054 1499 1440 1571 χειροτόνησον
1485 1499 1566 1562 εἰς
1611 1497 1931 1553 ἐπίσκοπον.

330 1597 497 1650 Ἀλλὰ
525 1596 599 1667 μὴ
626 1593 953 1665 ἁναγγείλῃς
980 1592 1149 1663 αὐτῷ,
1180 1594 1391 1665 μήποτε
1421 1591 1736 1665 ἀποδράσει.
1767 1592 1839 1645 Τὸ
1877 1590 1934 1644 δὲ

330 1688 508 1757 ὄνομα
559 1685 724 1740 αὑτοῦ
784 1686 1031 1741 καλεῖται
1077 1684 1414 1754 Ἐπιφάνιος.
1468 1683 1673 1752 Γέγονα
1721 1682 1931 1753 ἄφρων,

331 1779 555 1831 τέκνον’
596 1777 760 1840 αὐτός
809 1793 879 1846 με
929 1775 1268 1844 ἠνάγκασας.
1300 1774 1477 1828 Βλέπε
1510 1774 1563 1827 τί
1595 1776 1795 1836 ποιεῖς,
1838 1772 1935 1825 καῖ⁹

332 1871 574 1941 πρόσεχε
597 1868 825 1939 σεαυτῷ.
852 1867 996 1936 Ἐγὼ
1018 1867 1128 1939 γὰρ
1151 1866 1483 1936 ἀπεστάλην,
1505 1867 1532 1920 ὃ
1551 1865 1758 1936 ὠφειλα
1779 1864 1935 1936 ποιῆ-

334 1980 431 2017 σαι
459 1960 715 2028 ἐποίησα.
740 1959 944 2024 Ἀθῶός
987 1961 1123 2029 εἰμι.
1151 1961 1224 2015 Σὺ
1252 1958 1358 2030 ὄψῃ
1390 1959 1485 2013 ἐπὶ
1527 1961 1664 2012 πᾶσι
1696 1956 1932 2018 τούτοις.

343 2052 612 2117 Ἀκούσας
658 2052 715 2107 δὲ
762 2051 939 2105 ταῦτα
987 2052 1325 2119 Ἐπιφάνιος,
1382 2051 1577 2105 ἔπεσεν
1626 2049 1719 2102 ἐπὶ
1763 2047 1933 2119 πρόσ-

329 2163 502 2209 ωπον,
533 2145 629 2199 καὶ
661 2142 1070 2216 προσεκύνησεν
1093 2144 1313 2213 Πάππῳ
1339 2141 1510 2196 εἰπών
1530 2160 1543 2172 ·
1574 2140 1665 2212 Μὴ
1689 2139 1930 2210 ὀργίζου,

331 2235 539 2306 Πάτερ.
584 2235 782 2306 φησίν·
819 2233 1143 2309 ἁμαρτωλὸς
1188 2234 1299 2306 γὰρ
1338 2232 1623 2307 ἄνθρωπός
1664 2234 1802 2304 εἰμι,
1840 2233 1935 2286 καὶ

330 2324 434 2376 οὐκ
486 2323 716 2394 ὲπαρκῶ
762 2322 902 2392 πρὸς
954 2321 1016 2375 τὸ
1065 2321 1266 2393 μέτρον
1311 2322 1412 2393 τῆς
1462 2323 1785 2395 ἱερωσύνης,
1836 2321 1932 2375 καὶ

2038 674 2175 721 sem.
2208 666 2263 713 et
2290 657 2356 712 de
2382 672 2447 713 eo
2475 656 2819 712 Salvatorem
2856 673 3130 729 rogarem,
3162 660 3345 730 fulgur
3394 662 3447 715 in
3495 664 3629 718 cella

2037 751 2404 823 resplenduit;
2438 750 2623 805 audivi
2652 765 2784 807 vero
2813 765 3005 807 vocem
3037 752 3311 808 dicentem
3344 755 3475 809 mihi
3500 771 3632 826 pce-

2037 845 2212 902 catori
2243 864 2255 900 :
2287 842 2486 913 Pappe,
2521 841 2727 912 Pappe,
2762 844 2911 898 audi.
2939 842 3055 914 Ego
3088 854 3271 900 autem
3301 848 3411 901 dixi
3433 848 3634 903 timore

2038 938 2365 1009 perterritus
2395 957 2408 991 :
2437 937 2579 1004 Quid
2612 937 2767 1008 jubet
2791 936 3060 993 Dominus
3094 940 3286 994 meus?
3315 940 3463 995 Dixit
3498 941 3630 996 mihi

2037 1032 2269 1102 benigne
2305 1049 2318 1085 :
2359 1028 2552 1100 Surge,
2588 1031 2775 1099 accipe
2830 1045 3002 1103 unum
3038 1044 3105 1084 ex
3139 1029 3411 1097 diaconis,
3438 1041 3493 1088 et
3530 1034 3629 1088 de-

2036 1125 2236 1181 scende
2283 1124 2338 1179 in
2394 1123 2594 1180 fotum.
2627 1122 2767 1180 Ecce
2818 1123 2930 1178 illic
2959 1124 3101 1194 apud
3140 1125 3477 1180 venditOrem
3509 1140 3631 1181 mo-

2037 1219 2249 1275 nachus
2284 1216 2419 1272 emit
2453 1231 2611 1281 uvas,
2639 1216 2735 1286 qui
2786 1216 2927 1272 duos
2975 1231 3163 1272 secum
3216 1216 3377 1273 habet
3435 1233 3631 1274 mona-

2034 1311 2193 1375 chos,
2225 1322 2279 1365 et
2309 1308 2475 1365 Elisei
2508 1318 2674 1380 caput
2703 1310 2854 1366 illius
2880 1310 3043 1366 habet
3079 1310 3330 1382 eliigiem.
3364 1310 3502 1367 Eum
3542 1328 3634 1368 or-

2036 1404 2163 1459 dina
2196 1404 2538 1473 episcopum.
2576 1402 2682 1458 Sed
2720 1417 2789 1458 ne
2822 1404 2870 1458 ei
2905 1405 3297 1470 renunties,ne
3322 1403 3465 1461 forte
3493 1404 3631 1460 eﬂ‘u-

2036 1497 2166 1566 giat.
2203 1495 2297 1551 Est
2326 1505 2510 1550 autem
2540 1496 2592 1551 ei
2621 1511 2822 1552 nomen
2868 1496 3233 1567 Epiphanius.
3267 1497 3465 1553 Factus
3504 1514 3624 1553 sum

2037 1588 2323 1658 insipiens,
2361 1588 2434 1642 ﬁli
2471 1607 2482 1642 :
2519 1587 2636 1658 ipse
2667 1604 2754 1643 me
2801 1588 3051 1658 coegisti.
3087 1587 3222 1643 Vide
3264 1589 3393 1659 quid
3433 1588 3624 1650 facias.

2032 1685 2090 1733 et
2118 1677 2337 1733 attende
2372 1678 2471 1732 tibi
2508 1678 2631 1749 ipsi.
2665 1678 2779 1749 Ego
2814 1680 2959 1734 enim
2991 1680 3195 1737 missus
3241 1696 3385 1745 sum,
3434 1692 3487 1737 ct
3531 1678 3634 1737 feri

2036 1772 2182 1842 quod
2212 1771 2374 1826 debui
2402 1770 2602 1827 facere.
2633 1771 2769 1828 Sum
2801 1774 3015 1839 insons,
3058 1783 3112 1829 et
3143 1783 3269 1845 post
3299 1776 3413 1830 haec
3444 1775 3629 1829 omnia

2034 1864 2264 1918 videbis.
2303 1864 2442 1917 Cum
2486 1864 2602 1918 haec
2629 1875 2811 1920 autem
2842 1866 3110 1922 audiisset
3148 1866 3507 1938 Epiphanius,
3539 1883 3632 1923 ce-

1968 1938 2008 1991 B
2036 1956 2172 2010 cidit
2219 1958 2274 2009 in
2325 1954 2543 2021 faciem,
2579 1965 2635 2012 et
2680 1957 2929 2013 adoravit
2969 1958 3247 2029 Pappum,
3280 1960 3470 2014 dicens
3506 1979 3518 2014 :
3554 1959 3633 2015 Ne

2042 2048 2322 2111 irascaris,
2351 2048 2539 2104 Pater.
2580 2049 2712 2104 Sum
2742 2052 2888 2106 enim
2922 2053 3106 2118 homo,
3140 2069 3240 2108 nec
3271 2052 3480 2109 suilicio
3524 2052 3632 2107 im-

2039 2142 2247 2211 plendas
2278 2157 2550 2197 mensurae
2578 2144 3162 2215 sacerdotii.Cumque
3188 2161 3377 2201 omnes
3408 2147 3631 2201 adoras-

2040 2234 2415 2300 set,invitavit
2438 2248 2534 2290 eos
2564 2236 2630 2290 ad
2655 2237 2971 2306 prandium.
3000 2236 3067 2292 Et
3098 2253 3223 2292 cum
3254 2238 3628 2308 prandisscnt,

2036 2322 2136 2378 ivit
2169 2325 2551 2395 unusquisque
2572 2325 2624 2379 in
2660 2341 2818 2382 suam
2842 2326 3166 2383 Ecclesium.

331 2418 719 2486 προσκυνήσας
768 2416 1015 2479 ἅπαντας
1060 2415 1430 2486 προετρέπετο
1472 2417 1670 2481 αὐτοὺς
1718 2414 1813 2471 ἐπὶ
1857 2414 1920 2470 τὸ
1966 2415 2211 2488 ἄριστον.
2244 2420 2354 2477 Καὶ
2387 2419 2802 2491 ἀριστησάντων
2861 2419 3041 2475 αὐτῶν
3104 2419 3480 2493 ἐπορεύθησαν
3504 2422 3638 2478 ἕκα-

334 2524 459 2572 στος
491 2510 550 2560 ὲν
574 2508 640 2578 τῇ
671 2508 841 2562 αὑτοῦ
874 2508 1190 2581 Ἐκκλησίᾳ.

407 2600 548 2667 ΑΕΓ.
590 2602 746 2655 Μετὰ
779 2602 835 2656 δὲ
877 2606 1029 2675 τρεῖς
1063 2604 1279 2674 ἡμέρας
1313 2604 1453 2673 ἁνήρ
1492 2620 1578 2666 τις
1625 2603 1929 2675 αἰδέσιμος,

331 2693 561 2764 ὀνόματι
595 2693 931 2766 Εύγνὼμων,
976 2697 1081 2749 ὑπό
1102 2713 1247 2762 τινος
1279 2696 1669 2768 λαμπροτάτου
1702 2697 1804 2766 τῆς
1835 2700 1933 2749 πό-

332 2785 473 2849 λεως
504 2785 707 2857 ὲϐλήθη
742 2789 801 2841 ὲν
836 2789 902 2858 τῇ
933 2787 1144 2858 φυλακῇ
1176 2789 1254 2851 είς
1276 2787 1441 2859 ὁλκὴν
1473 2786 1829 2858 νομισμάτων
1856 2793 1921 2857 ρ’.

334 2878 412 2930 Τὸ
432 2877 488 2930 δὲ
522 2878 692 2948 ὄνομα
718 2878 813 2932 τοῦ
848 2878 1102 2949 βαλόντος
1133 2878 1380 2939 ἐκαλεῖτο
1426 2879 1675 2950 Δράκων.
1709 2872 1877 2940 Οὗτος
1902 2878 1931 2931 ὁ

332 2971 670 3041 Εύγνώμων,
688 2972 955 3042 Ῥωμαῖος
974 2970 1081 3045 κῶν,
1114 2972 1215 3029 οὐκ
1245 2967 1389 3041 εἶχεν
1421 2972 1512 3024 τὸν
1543 2970 1807 3040 ῥυόμενον
1830 2970 1930 3023 αὐ-

2107 2597 2349 2657 XXXVI.
2391 2599 2596 2657 Tribus
2639 2611 2820 2657 autem
2865 2610 2992 2672 post
3038 2601 3230 2657 diebus
3282 2602 3367 2657 vir
3409 2602 3629 2674 quidam

2037 2695 2402 2759 venerandus,
2432 2677 2654 2749 nomine
2702 2693 3048 2765 Eugnomon,
3077 2710 3106 2749 a
3155 2694 3392 2765 quodam
3443 2694 3634 2749 claris-

2037 2790 2181 2846 simo
2230 2789 2381 2846 illius
2425 2788 2663 2844 civitatis
2697 2789 2984 2859 coniectus
3026 2787 3207 2843 fuerat
3242 2790 3294 2842 in
3323 2787 3630 2842 cusmdiam

2036 2897 2135 2952 pro
2165 2897 2380 2936 summa
2418 2889 2637 2934 centum
2688 2894 3066 2937 nummorum.
3119 2878 3324 2935 Nomen
3372 2880 3516 2949 ejus,
3539 2877 3633 2951 qui

2037 2973 2215 3042 ipsum
2250 2973 2579 3042 conjeccrat,
2619 2981 2738 3028 erat
2775 2972 2971 3027 Draco.
3007 2973 3055 3027 ls
3088 2988 3210 3026 cum
3248 2980 3394 3026 esset
3425 2970 3629 3026 Roma-

330 3063 429 3115 τὸν
478 3062 587 3116 ἀπ’)
632 3064 733 3132 τῆς
783 3062 1332 3132 φυλακῆς.Ἥκουσεν
1362 3063 1417 3115 δὲ
1448 3061 1788 3130 Ἐπιφάνιος.
1835 3061 1931 3115 καὶ

2037 3082 2163 3131 nus,
2205 3066 2416 3119 nullum
2451 3066 2707 3130 habebat,
2740 3066 2833 3135 qui
2863 3080 2988 3119 eum
3020 3064 3279 3119 liberaret
3307 3080 3333 3117 a
3360 3063 3629 3119 custodia.

333 3154 611 3224 ἐπορεύθη
642 3154 777 3226 πρὸς
818 3156 910 3206 τὸν
955 3155 1258 3225 Δράκοντα,
1293 3152 1389 3211 τοῦ
1421 3153 1800 3226 παρακαλέσαι
1830 3154 1927 3208 αύ-

332 3245 451 3311 τὸν,
481 3246 630 3310 ὅπως
677 3244 943 3299 ἀπολύσει
989 3245 1327 3317 Εὑγνὼμονα
1372 3246 1463 3300 τὸν
1503 3246 1793 3317 Ῥωμαῖον·
1822 3247 1933 3300 ἀπὸ

333 3336 440 3405 τῆς
464 3336 731 3407 φυλακῆς.
768 3333 936 3391 Εἶπεν
959 3337 1015 3391 δὲ
1034 3340 1062 3391 ὁ
1081 3338 1309 3409 Δράκων
1340 3338 1646 3408 Ἐπιφανίῳ
1675 3357 1686 3368 ·
1716 3339 1931 3404 Βάδιζε,

337 3428 497 3497 φησὶ,
523 3429 861 3499 παρείσακτε
904 3428 1004 3498 τῆς
1049 3429 1255 3492 πόλεως
1285 3428 1464 3500 ἡμῶν,
1492 3436 1538 3501 ρ’
1558 3430 1871 3501 νομίσματα
1898 3430 1935 3484 ἃ.

335 3519 752 3590 κεχρεὼστηκὲν
789 3537 879 3591 μοι
927 3522 955 3574 ὁ
990 3520 1080 3582 σὸς
1112 3521 1349 3593 ἑταῖρος,
1390 3521 1477 3584 δός
1517 3539 1606 3593 μοι
1645 3521 1806 3585 αὐτὰ,
1840 3521 1935 3575 καὶ

336 3610 471 3665 λάϐε
504 3608 825 3666 τοῦτονΪΗν
851 3611 909 3666 δὲ
958 3605 1115 3675 οὗτος
1168 3614 1197 3665 ὁ
1247 3613 1474 3685 Δράκων
1505 3613 1758 3679 πλούσιος
1804 3613 1935 3682 σφό-

338 3704 464 3776 δρα,
494 3705 771 3776 ἀνήμερος
820 3706 935 3768 τοῖς
982 3704 1207 3775 τρόποις
1242 3705 1304 3763 Ὀ
1331 3700 1423 3760 οὖν
1452 3706 1768 3774 Ἐπιφάνιος
1811 3707 1937 3758 ὲπορ

342 3797 513 3868 ρεύθη
539 3796 597 3850 ἕν
624 3796 703 3867 τῷ
736 3794 1278 3868 ὲπισκοπείῳῘΗσαν
1302 3798 1359 3852 δὲ
1382 3807 1454 3870 ,ρ’
1478 3800 1795 3870 νομίσματα
1817 3798 1934 3853 κείε.

342 3906 484 3961 μενα
531 3891 588 3944 ὲν
632 3888 710 3959 τῷ
743 3890 1102 3960 timeatur-astu»,
1138 3891 1219 3953 εἰς
1265 3886 1540 3946 διακονίαν
1571 3891 1672 3962 τῆς
1705 3890 1937 3963 Ἐκκληρ

341 3984 563 4045 σίας.’0
609 3979 703 4041 οὖν
729 3982 1053 4050 Ἐπιφάνιος
1098 3982 1281 4039 λαϐὼν
1323 3985 1486 4047 αὐτὰ,
1519 3985 1811 4055 ἐπορεύθη,
1846 3986 1938 4039 καὶ

338 4079 544 4131 ἔδωκεν
587 4077 663 4149 τῷ
705 4076 993 4148 Δράκοντι,
1024 4076 1118 4131 καὶ
1158 4075 1397 4137 ἀπέλυσε
1424 4076 1517 4129 τὸν
1557 4076 1725 4141 ξένον.
1760 4072 1854 4141 Εἷς
1877 4077 1936 4130 δέ

339 4186 427 4233 τις
474 4169 738 4231 διάκονος,
773 4167 997 4239 ὀνόματι
1040 4167 1314 4237 Χαρῖνος·
1358 4159 1515 4231 οὗτος
1575 4168 1680 4220 ὑπὸ
1724 4167 1938 4223 πολλῶν

340 4262 709 4332 ἐμαρτυρεῖτο
754 4260 988 4322 ἄτακτος
1028 4255 1168 4313 εἶναι
1190 4277 1204 4289 ·
1234 4259 1512 4330 διήγειρεν
1539 4260 1788 4327 ἅπαντας
1812 4261 1938 4326 τοὺς

302 4413 314 4423 α
341 4352 642 4423 κληρικοῦς
673 4351 815 4406 κατὰ
842 4352 1186 4421 Ἐπιφανίου,
1218 4350 1393 4419 λέγων
1413 4368 1425 4380 ·
1463 4352 1628 4405 Δεῦτε
1672 4354 1766 4406 καὶ
1814 4352 1938 4406 διώ-

341 4445 511 4515 ξομεν
538 4445 629 4497 τὸν
659 4443 806 4509 ξένον
840 4443 1051 4505 τοῦτον,
1102 4447 1312 4514 μήποτε
1340 4445 1637 4518 καταφάγῃ
1663 4445 1840 4499 πάντα
1868 4446 1936 4501 τὰ
1971 4436 2013 4492 ῐ)

340 4539 444 4606 τῆς
466 4535 813 4606 Ἐκκλησίας,
851 4535 944 4590 καὶ
968 4534 1204 4607 ἐσόμεθα
1235 4536 1396 4606 ἡμεῖς
1426 4535 1598 4606 ἔνοχοι
1626 4536 1725 4607 τῆς
1750 4537 1932 4609 ἀμαρ-

340 4623 598 4692 τίας.Ἷιν
640 4628 696 4681 δὲ
728 4619 883 4692 οὗτος
930 4629 960 4683 ό
1010 4626 1247 4698 Χαρῖνος
1297 4626 1552 4690 πλούσιος
1586 4628 1811 4699 σφόδρα,
1846 4631 1938 4683 καὶ

345 4721 532 4791 ἐζήτει
578 4718 765 4785 διῶξαι
806 4719 897 4773 τὸν
932 4718 1270 4789 Ἐπιφάνιον,
1306 4720 1454 4784 ὅπως
1503 4720 1668 4785 αὐτὸς
1725 4721 1937 4775 καθίσει

343 4811 441 4864 ἐπὶ
473 4808 568 4863 τοῦ
598 4810 808 4882 θρόνου.
845 4809 1187 4880 Ἐπέστησαν
1215 4806 1306 4864 οὖν
1327 4810 1650 4882 Ἐπιφανίῳ,
1687 4810 1939 4879 λέγοντος

343 4904 444 4956 τοῦ
480 4902 715 4973 Χαρίνου
740 4904 868 4967 τοὺς
901 4902 1094 4972 λόγους
1124 4902 1347 4967 τούτους
1371 4921 1384 4935 ·
1418 4903 1799 4977 (λύκὴρκέσθη
1831 4922 1933 4967 σοι,

347 5013 389 5064 φ
410 4996 537 5063 ξσὶν,
566 4988 611 5048 ὦ
641 4994 949 5065 Ἐπιφάνιε,
979 4993 1151 5049 ἐλθὼν
1190 4994 1377 5050 ἐνθάδε
1420 4997 1494 5066 μὴ
1527 4996 1670 5067 ἔχων
1715 4996 1937 5049 ἐπενδύ-

344 5101 471 5154 την,
500 5086 594 5139 καὶ
633 5085 906 5149 ἀπέλαϐες
937 5085 1034 5157 τήν
1068 5084 1433 5155 Ἐκκλησίαν,-
1452 5086 1590 5140 ἀλλὰ
1617 5087 1937 5158 διασκορπί-

346 5177 405 5242 ξε
419 5196 464 5242 ις
491 5178 565 5241 ὡς
592 5177 740 5243 ξένος
770 5178 840 5232 τὰ
865 5180 967 5250 τῆς
996 5178 1356 5249 Ἐκκλησίας·
1391 5179 1485 5233 καὶ
1529 5181 1613 5244 τίς
1653 5180 1825 5245 οὕτως
1851 5180 1939 5251 βα-

348 5275 574 5338 στάσει;
613 5274 685 5325 Ἢ
714 5271 803 5335 δὸς
843 5270 914 5326 τά
962 5278 1004 5344 ρ’
1029 5272 1341 5343 νομίσματα
1386 5272 1485 5341 τῆς
1521 5272 1873 5344 Ἐκκλησίας,
1902 5274 1937 5345 ἢ

345 5362 648 5435 πορεύθητι
689 5362 786 5421 ἐπὶ
826 5364 924 5434 σὴν
976 5362 1234 5434 πατρίδα.
1267 5361 1572 5434 Ἐπορεύθη
1613 5358 1707 5417 οὖν
1734 5364 1763 5417 ὁ
1804 5364 1939 5418 Ῥω-

349 5458 509 5526 μαῖος
545 5457 575 5509 ὁ
604 5454 899 5519 ἀπολυθεὶς
943 5454 1048 5509 ὑπὸ
1071 5454 1393 5523 Ἑπιφάνιου
1436 5454 1531 5508 ἐπὶ
1557 5454 1656 5524 τῆς
1694 5454 1933 5526 Ῥώμης,

346 5546 442 5601 καὶ
472 5545 692 5602 ἅπαντα
717 5545 1117 5617 καταπωλήσας
1152 5543 1222 5598 τὰ
1241 5543 1431 5606 αὑτοῦ,
1456 5544 1687 5615 ἤνεγκεν
1712 5544 1782 5598 τὰ
1804 5548 1935 5617 χρή-

347 5656 493 5707 ματα
520 5639 854 5711 Ἐπιφανίῳ.
890 5637 1083 5692 Λαϐὼν
1132 5632 1225 5690 οὖν
1249 5635 1421 5689 ταῦτα
1447 5635 1785 5705 Ἐπιφάνιος,
1816 5637 1934 5691 δια-

342 5730 572 5787 δέδωκεν
596 5734 713 5796 mi;
745 5732 933 5795 γρεξαν
978 5718 1477 5799 ἕχουσινῖἘμεινεν
1507 5728 1563 5782 δὲ
1591 5729 1620 5781 ὁ
1663 5729 1931 5799 Ῥωμαῖος

2039 3159 2176 3215 Cum
2233 3158 2501 3213 audiisset
2544 3157 2908 3228 Epiphanius,
2946 3165 3001 3211 et
3035 3157 3168 3211 isset
3207 3158 3271 3210 ad
3309 3156 3632 3220 Draconem,

2035 3259 2090 3304 et
2116 3264 2241 3304 eum
2289 3258 2526 3319 rogaret,
2561 3256 2620 3302 ut
2646 3246 3057 3318 Eugnomonem
3088 3246 3396 3299 Romanum
3433 3245 3633 3298 libera-

2036 3351 2120 3397 ret
2150 3358 2179 3396 a
2214 3342 2464 3397 custodia
2497 3363 2508 3399 :
2546 3341 2716 3405 Vade,
2751 3340 2928 3394 Draco
2955 3339 3155 3407 inquit,
3185 3349 3240 3393 tu
3288 3338 3341 3392 in
3379 3339 3519 3392 hanc
3549 3338 3635 3392 in-

2039 3435 2236 3490 troduc
2264 3445 2317 3489 te
2337 3433 2636 3498 civitatem,
2673 3444 2728 3489 et
2769 3432 2904 3488 aﬂ'er
2931 3442 3149 3487 centum
3183 3447 3458 3494 nummos,
3492 3446 3635 3500 quos

2039 3535 2167 3581 tuus
2200 3526 2332 3580 mihi
2370 3528 2527 3581 debet
2562 3525 2794 3586 amicus.
2828 3534 2882 3579 et
2929 3524 2999 3579 da
3048 3525 3183 3578 mihi
3235 3538 3358 3586 eos,
3404 3534 3458 3577 et
3507 3538 3632 3577 eum

2036 3619 2238 3689 recipe.
2273 3617 2402 3672 Erat
2431 3628 2613 3673 autem
2644 3619 2735 3675 hic
2754 3617 2928 3672 Draco
2961 3617 3222 3691 [gentilis,
3252 3615 3330 3687 et]
3358 3616 3462 3669 divo
3483 3630 3509 3669 s
3535 3616 3634 3669 ad-

2037 3711 2284 3775 modum,
2317 3710 2584 3779 saavisque
2617 3708 2883 3763 moribus.
2916 3705 3256 3776 Epiphanius
3301 3715 3484 3758 autem
3536 3702 3634 3756 ivit

2038 3802 2095 3856 in
2146 3803 2545 3873 episcopatum.
2578 3800 2854 3871 Erantque
2888 3808 3106 3855 centum
3149 3797 3357 3852 nummi
3409 3796 3636 3867 repositi

2039 3896 2095 3950 in
2131 3895 2452 3966 episcopatu
2485 3895 2549 3949 ad
2587 3895 2950 3957 ministerium
2974 3891 3253 3948 Ecclesiae.
3288 3890 3354 3944 lis
3375 3889 3633 3957 acceptis,

2039 3987 2137 4043 ivit
2182 3986 2541 4057 Epiphanius.
2572 3995 2628 4041 et
2678 4001 2775 4041 eos
2824 3985 2973 4040 dedit
3002 3982 3262 4050 Draconi,
3294 3992 3346 4036 et
3384 3982 3634 4036 liberavit

2038 4080 2332 4149 hospitem.
2363 4077 2597 4144 Quidam
2635 4086 2816 4132 autem
2863 4077 3149 4141 diaconus,
3174 4075 3398 4128 nomine
3438 4073 3632 4128 Chari-

2041 4186 2144 4225 nus
2178 4170 2353 4240 (multi
2382 4182 2513 4222 vero
2541 4170 2592 4222 in
2624 4184 2751 4223 cum
2783 4167 3156 4222 testimonium
3189 4164 3458 4230 ferebant,
3485 4164 3630 4234 quod

2040 4270 2189 4318 esset
2234 4262 2544 4330 insolens),
2580 4259 2842 4315 incitabat
2865 4273 3058 4314 omnes
3091 4257 3323 4312 clericos
3365 4256 3633 4310 adversus

2042 4352 2432 4423 Epiphaniam,
2465 4351 2655 4407 dicens
2690 4367 2704 4405 :
2738 4349 2895 4420 Agite
2922 4361 3322 4418 persequamur
3356 4345 3501 4400 hunc
3533 4345 3632 4399 ho-

2040 4449 2256 4518 spitem,
2292 4462 2360 4499 ne
2411 4444 2664 4499 comedat
2706 4456 3050 4513 qumcunque
3096 4447 3222 4495 sunt
3274 4437 3549 4497 Ecclesize.
3579 4447 3635 4491 et

2040 4541 2213 4596 simus
2266 4554 2366 4592 nos
2411 4546 2634 4608 peccato
2665 4535 2910 4590 obnoxii.
2941 4532 3070 4586 Erat
3101 4541 3280 4586 autem
3323 4531 3408 4585 hic
3433 4530 3634 4584 Chari-o

2016 4630 2144 4685 ‘uus
2176 4631 2337 4685 valde
2359 4630 2533 4693 dives,
2557 4635 2612 4681 et
2636 4626 2920 4697 qua-rehat
2943 4624 3198 4692 persequi
3236 4620 3630 4690 Epiphanium,

2041 4730 2100 4775 ut
2145 4722 2263 4791 ipse
2315 4720 2528 4776 sederet
2562 4719 2619 4773 iu
2656 4719 2879 4774 throno.
2925 4715 3409 4783 Surrexeruntque
3438 4728 3633 4767 omnes

2039 4813 2223 4867 clerici
2278 4812 2543 4867 adversus
2601 4809 2992 4881 Epiphanium,
3038 4810 3254 4864 dicente
3300 4806 3417 4862 haec
3464 4808 3631 4862 verba

2039 4904 2282 4960 Charino
2327 4922 2340 4958 :
2384 4902 2505 4959 Non
2539 4905 2674 4959 satis
2702 4911 2807 4969 est,
2836 4918 2870 4958 ο
2898 4901 3190 4973 Epiphani,
3224 4903 3368 4971 quod
3404 4901 3510 4954 huc
3541 4915 3631 4954 ve-

2040 4996 2210 5061 neris,
2243 5011 2368 5051 cum
2398 5012 2509 5052 non
2549 4997 2783 5053 haberes
2827 4996 3232 5058 indumentum,
3266 5003 3321 5048 et
3353 4992 3634 5062 acceperis

2040 5087 2374 5157 Ecclesiam;
2426 5089 2523 5146 sed
2576 5089 2743 5145 etiam
2791 5097 3056 5159 tanquam
3107 5087 3332 5156 hospes,
3364 5083 3632 5153 dispergis

2039 5198 2130 5240 res
2155 5182 2447 5249 Ecclesiae;
2468 5190 2521 5239 et
2548 5183 2674 5254 quis
2704 5183 2809 5239 hoc
2835 5179 2982 5238 ferre
3012 5179 3254 5251 poterit?
3278 5177 3388 5253 ᾼυι
3416 5177 3484 5232 da
3511 5192 3624 5233 cen-

2043 5285 2157 5332 tum
2209 5285 2616 5342 nummos,°aut
2649 5276 2787 5331 vade
2833 5275 2887 5329 in
2922 5282 3071 5327 tuam
3105 5270 3358 5341 patriam.
3392 5269 3494 5324 ivit
3531 5285 3599 5324 uu

2042 5375 2148 5421 tem
2199 5365 2430 5421 Romam
2460 5364 2766 5430 Romanus,
2805 5364 3068 5419 liberatus
3100 5363 3168 5416 ab
3194 5358 3502 5431 Epiphanio
3533 5377 3546 5413 :
3579 5370 3633 5414 et
3736 5398 3743 5399 γ

2040 5456 2296 5513 omnibus
2323 5456 2440 5512 suis
2465 5455 2723 5522 venditis,
2743 5454 2795 5510 ei
2820 5452 3003 5508 attulit
3030 5450 3310 5521 pecunias.
3333 5449 3483 5518 Quas
3505 5465 3631 5506 cum

2041 5548 2342 5618 accepisset
2371 5546 2731 5617 Epiphanius,
2759 5545 3042 5602 distribuit
3095 5544 3185 5610 iis,
3216 5544 3308 5615 qui
3363 5558 3498 5614 opus
3529 5542 3629 5597 ha-

2039 5642 2263 5697 bebant.
2286 5641 2483 5697 Mansit
2516 5656 2644 5696 vero
2664 5641 2948 5715 Romanus
2967 5654 3092 5695 cum
3122 5636 3431 5708 Epiphanio
3459 5649 3631 5706 usque

2046 5733 2110 5787 ad
2148 5742 2374 5787 mortem
2429 5747 2607 5787 suam.
2646 5732 2865 5803 Accepit
2912 5740 3092 5787 autem
3136 5726 3474 5799 Epiphanius
3503 5739 3632 5781 cen-
