4058 6466
422 302 479 358 71
1725 291 1782 343 S.
1830 288 2024 342 ICI‘II’II

2135 286 2170 341 ΙΙ
2213 287 2396 343 VITA.
3633 283 3708 337 7".3

421 429 538 472 tum
566 431 845 481 nummos,
871 424 926 471 et
968 414 1114 468 dedit
1158 412 1419 473 Charino,
1454 413 1643 467 dicens
1671 412 1718 466 ei
1753 428 1766 465 τ
1805 411 2003 480 Accipe

2135 406 2250 459 ιετά
2277 404 2601 474 Ἐπιφανίου
2634 404 2737 465 ἕως
2765 401 2976 471 ἡμέρας
3005 400 3234 452 θανάτου
3266 398 3709 453 αὺτοῦΐῐζὶαδεν

419 519 639 566 centum
691 523 965 571 nummos,
992 521 1131 576 quos
1182 506 1304 560 dedi
1358 520 1457 575 pro
1507 504 1742 575 hospite.
1778 504 1830 557 Is
1872 518 2004 558 vero

2137 498 2160 549 ὲ
2192 496 2511 564 Ἐπιφὰνιος
2564 494 2631 547 τὰ
2683 499 2729 564 ρ’
2754 492 3085 563 νομίσματα,
3124 491 3221 544 καὶ
3249 490 3447 544 ἔδωκεν
3480 489 3558 561 τῷ
3589 493 3709 544 Χα-

422 600 618 655 canina
650 598 824 654 fronte
856 599 1135 669 praeditus,
1161 608 1376 652 centum
1411 612 1669 652 nummo~'
1699 595 1909 664 accepit
1937 595 2005 650 ab

2135 593 2260 660 μίνῳ,
2294 589 2467 656 λέγων
2501 587 2635 657 πρὸς
2681 585 2876 640 αὐτόν·
2911 584 3069 652 Δέξαι
3120 584 3190 637 τὰ
3232 591 3275 655 ρ’
3303 583 3639 654 νομίσματα,
3672 582 3712 637 ἃ

426 688 756 761 Epiphanio.
790 690 1058 748 Omnibus
1090 702 1269 746 autem
1303 688 1582 743 accersitis
1606 687 1839 750 clericis,
1869 686 2009 739 Cha-

427 786 585 839 rinus
636 786 770 839 dixit
818 768 947 841 eis:
985 785 1158 855 Agite,
1189 782 1418 851 accipite
1466 789 1686 835 centum
1729 794 2005 842 nummos,

423 891 562 945 quos
593 876 926 945 disperserat
952 874 1325 944 Epiphanius;
1359 888 1454 928 eos
1479 872 1624 926 enim
1655 872 1723 925 ab
1741 886 1809 925 eo
1829 871 2007 940 exegi.

425 968 617 1022 (Z-lerici
651 981 782 1021 vero
816 984 922 1022 non
953 966 1323 1036 approbarunt
1354 965 1555 1019 malum
1587 964 1832 1019 animum
1863 961 2010 1016 Cha-

424 1060 554 1123 rini,
584 1061 677 1115 sed
709 1061 755 1113 ei
788 1062 1040 1115 dixerunt
1075 1079 1089 1116 :
1123 1061 1245 1125 Abi,
1275 1075 1370 1115 eos
1403 1060 1568 1114 redde
1601 1059 1675 1121 ei,
1710 1073 1740 1111 a
1771 1073 1879 1127 quo
1915 1072 2011 1111 ac—

424 1154 634 1222 cepisti.
671 1151 746 1207 Ita
776 1152 820 1207 is
847 1168 942 1207 eos
983 1169 1088 1207 non
1119 1153 1356 1208 reddidit
1402 1151 1729 1221 Epiphanio.
1761 1150 1937 1219 Atque
1967 1149 2014 1203 is

426 1248 644 1317 quidem
680 1247 848 1301 multa
872 1248 1057 1319 gravia
1075 1255 1129 1301 et
1147 1246 1367 1318 indigna
1399 1246 1523 1301 fecit
1548 1242 1871 1316 Epiphanio.
1896 1244 2017 1315 Epi-

426 1340 659 1410 phanius
693 1350 873 1395 autem
905 1356 1186 1412 nunquam
1216 1341 1441 1396 omnino
1484 1340 1734 1395 meminit
1781 1347 2017 1410 acceptae

425 1447 459 1486 a
491 1431 733 1488 Charino
769 1432 1003 1503 injuriae.

500 1685 770 1743 XXXVII.
807 1688 945 1744 Cum
980 1688 1275 1759 aliquando
1308 1690 1532 1761 quidem
1552 1699 1699 1747 esset
1727 1690 2017 1762 prandium

431 1776 487 1832 in
521 1780 859 1851 episc0patn,
888 1780 1122 1836 habebat
1171 1780 1511 1852 Epiphanius
1544 1799 1737 1840 omnes
1786 1784 2016 1840 clericos
2051 1770 2093 1825 Β

431 1870 489 1924 in
519 1885 730 1926 mensa.
769 1871 884 1927 Mos
931 1881 1111 1928 autem
1145 1880 1264 1929 erat
1310 1873 1617 1944 Epiphanio
1665 1885 1823 1931 nocte
1848 1885 1903 1931 et
1929 1876 2018 1932 die

433 1961 635 2018 habere
659 1964 713 2018 in
741 1964 996 2020 manibus
1027 1974 1219 2021 sancta
1245 1964 1562 2036 Evangelia,
1594 1975 1650 2022 et
1681 1966 1877 2023 docere
1900 1982 2021 2022 ver-

432 2053 564 2107 bum
613 2053 881 2109 divinum.
911 2053 1162 2127 Cumque
1188 2059 1243 2113 in
1271 2072 1460 2113 mensa
1494 2058 1714 2114 doceret
1745 2058 2022 2129 pranden-

437 2154 517 2199 tes
562 2144 924 2215 Epiphanius,
957 2149 1094 2213 avis,
1131 2164 1254 2219 qua:
1296 2150 1497 2205 dicitur
1539 2166 1759 2216 corvus,
1808 2151 2023 2209 intense

433 2250 621 2290 vocem
651 2238 853 2293 emisit.
886 2238 1034 2294 Dixit
1062 2251 1243 2297 autem
1271 2240 1547 2297 Charinus
1578 2244 1978 2313 prandentibus
2004 2262 2018 2298 :

435 2326 699 2394 Quisnam
744 2347 811 2386 ex
852 2332 1011 2387 vobis
1059 2333 1214 2389 novit
1258 2334 1389 2403 quid
1438 2335 1655 2392 locutus
1685 2337 1754 2392 sit
1782 2335 2025 2393 corvus!

436 2418 674 2475 Verbum
732 2430 917 2477 autem
973 2422 1222 2479 divinum
1290 2427 1600 2494 exponebat
1660 2425 2021 2497 Epiphanius.

436 2505 695 2566 Eamdem
729 2527 915 2566 vocem
950 2528 1144 2568 rursus
1172 2513 1374 2568 emittit
1410 2528 1629 2571 corvus.
1668 2513 1814 2570 Dixit
1842 2525 2024 2572 autem
2074 2507 2081 2513 ’

437 2617 637 2659 rursus
668 2603 946 2660 Charinus
978 2622 992 2660 :
1028 2604 1166 2672 Quis
1212 2621 1278 2660 ex
1325 2606 1486 2664 vobis
1537 2608 1692 2663 novit
1719 2608 1851 2679 quid
1880 2609 2028 2666 dicat

437 2696 671 2750 corvus?
705 2694 1045 2767 Epiphanius
1088 2711 1219 2753 vero
1247 2713 1442 2754 rursus
1473 2711 1668 2754 omnes
1714 2698 1944 2757 docebat
1972 2699 2030 2756 in

439 2786 695 2857 prandio.
738 2785 912 2843 Porro
945 2798 1129 2844 autem
1160 2803 1359 2844 rursus
1408 2803 1630 2859 quoque
1677 2789 1894 2845 tertiam
1938 2805 2025 2847 vo-

443 2893 565 2934 cem
618 2879 817 2935 emittit
864 2894 1084 2936 corvus.
1121 2879 1379 2950 Dixitque
1410 2895 1607 2936 rursus
1639 2879 1913 2938 Charinus
1939 2881 2028 2949 iis,

441 2972 715 3040 quierant
742 2971 796 3025 in
821 2970 1051 3041 prandio
1081 2988 1095 3025 :
1128 2969 1248 3025 Dixi
1281 2969 1458 3036 vobis,
1489 2970 1754 3037 Quisnam
1786 2979 2031 3026 vestrum

2108 683 2282 736 ἔδωκα
2310 681 2450 753 ὑπὲρ
2462 680 2554 733 τοῦ
2589 679 2760 745 ξένου.
2794 675 2963 741 Οὗτος
2991 678 3070 745 δὲ,
3102 676 3265 741 κυνὸς
3292 677 3516 747 ὄμματα
3542 675 3709 747 ἔχων,

2109 774 2302 828 ἔλαθεν
2351 773 2422 827 τά
2470 774 2783 844 νομίσματα
2829 769 3326 843 παράῈπιφανίου
3352 784 3367 800 ·
3401 768 3497 822 καὶ¹
3537 783 3713 839 προσ-

2109 867 2485 938 καλεσάμενος
2521 866 2767 928 ἅπαντας
2797 865 2924 927 τοὺς
2947 863 3266 934 κληρικοὺς,
3292 861 3479 930 ἔλεγεν
3500 862 3709 922 αὐτοῖς·

2112 961 2296 1027 Δεῦτε,
2330 961 2523 1015 λάϐετε
2575 960 2644 1014 τὰ
2698 966 2743 1023 ρ’
2772 958 3108 1029 νομίσματα,
3139 956 3175 1010 ἀ
3202 951 3271 1028 ἦν
3311 954 3714 1025 διασκορπίσας

2113 1051 2434 1122 Ἐπιφάνιος
2453 1070 2466 1082 ·
2498 1050 2759 1122 ἀπῄτησα
2795 1049 2906 1119 γάρ
2934 1047 3097 1102 αὑτὸν
3126 1047 3327 1100 πάντα.
3366 1047 3427 1099 Οἱ
3456 1042 3716 1116 κληρικοὶ

2113 1140 2207 1199 οὖν
2249 1145 2310 1197 οὐ
2343 1143 2741 1213 συνευδόκησαν
2792 1144 2858 1213 τῆ
2904 1143 3048 1211 κακῇ
3091 1138 3290 1212 γνώμῃ
3335 1138 3415 1207 τῷ
3451 1136 3713 1207 Χαρίνῳ,

2114 1237 2231 1290 ἀλλ’
2265 1231 2420 1289 εἷπον
2473 1234 2611 1308 πρὸς
2658 1235 2846 1288 αὐτόν·
2890 1231 3150 1295 Ἀπελθε,
3202 1232 3335 1302 παρ’
3378 1226 3439 1283 οὖ
3494 1230 3715 1294 ἔλαϐες,

2115 1329 2315 1392 ἀπόδος
2357 1329 2516 1382 αὑτά.
2549 1322 2718 1391 Οὗτος
2759 1326 2817 1380 δὲ
2863 1324 2988 1379 οὔτε
3020 1323 3195 1385 οὕτως
3241 1322 3527 1376 ἀπέδωκεν
3572 1321 3719 1376 αὐτὰ

2118 1419 2443 1490 Ὶῐπιφανίῳ.
2475 1417 2780 1489 Πὰμπολλα
2803 1410 2897 1470 οὖν
2934 1414 3085 1467 δεινά
3117 1414 3391 1485 ἐχρήσατο
3421 1414 3451 1466 6
3480 1413 3719 1482 Χαρῖνος

2074 1538 2091 1545 -
2119 1508 2460 1579 Ἑπιφανίῳ·
2511 1507 2675 1571 αὐτὸς
2727 1506 2785 1559 δὲ
2849 1508 2907 1559 ὲν
2971 1504 3147 1558 οὐδενὶ
3212 1503 3352 1567 ὅλως
3417 1502 3721 1573 ἑμηνίασεν

2119 1619 2293 1656 αυτω.
2362 1636 2373 1649 ι

2191 1694 2312 1751 ΛΖ’.
2355 1693 2494 1746 [loss
2540 1687 2633 1745 οὖν
2684 1691 2909 1763 ἀρίστου
2952 1686 3101 1753 θντος
3152 1691 3210 1743 ἐν
3243 1687 3322 1760 τῷ
3356 1687 3723 1758 ἐπισκοπείῳ,

2121 1781 2268 1855 εἶχεν
2298 1784 2618 1852 Ἐπιίξάνιος
2653 1783 2903 1844 ἅπαντας
2941 1780 3068 1843 τοὺς
3103 1779 3400 1850 κληρικοὺς
3449 1778 3542 1830 ἐπὶ
3585 1794 3710 1849 τρα-

2121 1870 2428 1947 πέζηςῘΗν
2476 1874 2534 1927 δὲ
2569 1873 2689 1935 ἔθος
2723 1871 3030 1943 Ἐπιφανίῳ
3063 1872 3121 1924 ὲν
3152 1872 3274 1933 ταῖς
3317 1868 3507 1940 χερσὶν
3551 1867 3725 1922 αὐτοῦ

2122 1970 2355 2042 κρατεῖν
2370 1969 2439 2021 τά
2469 1966 2603 2035 ἀγια
2631 1963 2966 2033 Εὐαγγέλια,
2993 1962 3188 2026 νυκτὸς
3219 1961 3316 2015 καὶ
3336 1960 3550 2034 ἡμέρας
3575 1958 3720 2013 διδάα

2125 2078 2278 2115 σκειν
2309 2059 2402 2113 τὸν
2435 2058 2578 2112 θεῖον
2624 2056 2803 2125 λόγον.
2835 2054 2943 2109 Τοῦ
2974 2049 3068 2108 οὖν
3093 2052 3416 2123 Ἐπιφανίου
3444 2051 3725 2105 διδάσκον-

2123 2168 2217 2215 τος
2262 2149 2358 2202 ἐπὶ
2386 2147 2667 2220 τραπέζης
2710 2147 2841 2210 τοὺς
2889 2142 3249 2218 ἀριστοῦντας
3291 2142 3480 2212 ὄρνεον
3521 2140 3584 2196 τὸ
3616 2158 3726 2196 κα-

2125 2241 2388 2312 λούμενον
2433 2238 2609 2310 κόραξ
2643 2237 2934 2292 ἀποδίδωσι
2959 2236 3145 2309 φωνὴν
3171 2234 3428 2299 εὐτόνως.
3467 2229 3636 2288 Εἶπεν
3663 2234 3727 2288 δὲ

2126 2334 2363 2405 Χαρῖνος
2412 2334 2527 2395 τοῖς
2578 2328 2897 2402 ἀριστοῦσιν
2916 2348 2930 2361 ·
2965 2328 3062 2393 Τίς
3096 2328 3155 2395 ἐξ
3190 2328 3346 2399 ὑμῶν
3382 2327 3643 2396 γινώσκει
3668 2327 3728 2380 τί

2126 2423 2511 2495 ἀπεφθέγξατο
2551 2424 2581 2477 6
2617 2421 2824 2495 κόραξς
2854 2418 2965 2477 Ἦν
2996 2421 3051 2476 δὲ
3079 2421 3396 2491 Ἐπιφάνιος
3424 2419 3604 2474 λαλῶν
3630 2419 3728 2474 τὸν

2128 2516 2273 2572 θεῖον
2305 2516 2485 2586 λόγον.
2516 2515 2687 2569 Πάλιν
2721 2510 2815 2569 οὖν
2848 2516 2878 2568 6
2905 2512 3077 2586 κόραξ
3100 2512 3394 2567 ἀποδίδωσι
3424 2511 3524 2584 τὴν
3553 2510 3730 2584 αὐτὴν

2131 2609 2319 2681 φωνήν
2344 2623 2358 2639 ·
2387 2602 2544 2661 εἶπεν
2572 2606 2629 2660 δὲ
2662 2606 2823 2660 πάλιν
2843 2607 2871 2660 6
2896 2606 3132 2676 Χαρῖνος
3150 2619 3165 2635 ⁸
3194 2593 3291 2668 Τίς
3312 2605 3371 2671 ἐξ
3394 2603 3550 2674 ὑμῶν
3570 2603 3729 2674 γινώ-

2132 2718 2252 2756 σκει
2281 2700 2336 2754 τί
2360 2700 2512 2769 λέγει
2559 2702 2589 2753 6
2622 2697 2827 2770 κόραξ;
2856 2696 2963 2751 Ἦν
2999 2698 3056 2751 δὲ
3088 2695 3250 2752 πάλιν
3276 2697 3597 2767 Ἐπιφάνιος
3644 2696 3731 2750 δι-

2129 2794 2347 2849 δάσκων
2396 2793 2643 2856 ἅπαντας
2684 2792 2777 2845 ἐπὶ
2808 2791 3066 2863 ἀρίστου·
3117 2789 3279 2844 πάλιν
3309 2786 3405 2844 οὖν
3433 2789 3731 2845 ἀποδίδωσι

2131 2887 2325 2959 τρίτην
2355 2886 2541 2957 φωνὴν
2569 2887 2598 2939 6
2626 2883 2816 2957 κόραξ.
2840 2880 3009 2937 Εἶπεν
3034 2884 3091 2938 δὲ
3119 2883 3282 2938 πάλιν
3310 2885 3338 2937 6
3367 2885 3599 2955 Χαρῖνος
3615 2885 3731 2946 τοῖς

2134 2979 2230 3033 ἐπὶ
2264 2979 2523 3050 ἀρίστου·
2560 2973 2729 3031 Εἶπον
2780 2977 2933 3048 ὑμῖν,
2962 2977 3061 3040 Τίς
3089 2975 3150 3041 ἐξ
3180 2976 3335 3047 ὑμῶν
3383 2972 3526 3030 οἶδεν
3553 2975 3607 3029 τί
3632 2975 3732 3028 λαο

442 3064 596 3118 novit
645 3063 776 3134 quid
823 3062 970 3118 dicat
1002 3063 1238 3119 corvus?
1270 3062 1615 3134 Epiphanius
1657 3063 1794 3118 nihil
1823 3064 2031 3120 sollici-

2135 3070 2217 3125 λεῖ
2255 3072 2283 3124 6
2320 3069 2527 3142 x6915;
2572 3068 2632 3123 '0
2680 3064 2776 3123 οὖν
2803 3066 3124 3138 Ἐπιφάνιος
3154 3068 3323 3139 μηδὲν
3355 3069 3730 3139 ἀδημονήσας,

442 3164 553 3223 tus,
579 3155 672 3210 sed
699 3156 908 3225 placido
939 3156 1088 3211 vultu
1116 3156 1254 3211 dixit
1297 3156 1575 3211 Charino:
1608 3155 1722 3227 Ego
1752 3156 1876 3211 novi
1900 3156 2031 3227 quid

442 3246 590 3302 dicat
633 3263 851 3303 corvus.
881 3247 1018 3302 Tum
1048 3247 1323 3304 Charinus
1368 3247 1675 3318 Epiphanio
1710 3266 1725 3304 :
1754 3247 2028 3304 Annuntia

445 3338 600 3404 mihi,
625 3349 678 3394 et
703 3340 815 3394 eris
841 3340 1085 3395 omnium
1117 3355 1363 3396 meorum
1389 3338 1779 3396 dominus.Cui
1809 3353 2039 3409 respon-

445 3431 525 3485 dit
555 3430 894 3500 Epiphanius
923 3449 938 3486 :
972 3432 1117 3487 Dixit
1144 3448 1363 3496 corvus,
1392 3441 1444 3488 te
1483 3448 1592 3487 non
1627 3431 1873 3488 futurum
1912 3446 2035 3486 am-

446 3522 589 3591 plius
620 3524 933 3577 diaconum.
958 3522 1091 3579 Post
1114 3539 1422 3579 sermonem
1453 3525 1599 3578 hunc
1621 3533 1801 3578 autem
1833 3534 2038 3576 tremor

447 3614 650 3669 invasit
676 3614 1010 3680 Charinum;
1045 3630 1145 3670 nec
1174 3615 1394 3670 locutus
1423 3626 1507 3670 est
1530 3614 1787 3684 amplius,
1819 3622 1914 3668 aut
1945 3628 2038 3668 co-

448 3705 639 3769 medit,
670 3715 765 3760 aut
795 3704 934 3760 bibit
962 3723 976 3760 :
1007 3705 1101 3761 sed
1133 3720 1258 3760 eum
1290 3715 1575 3775 portantes
1618 3704 1738 3775 ejus
1769 3704 1918 3774 pueri
1953 3713 2041 3759 tu-

449 3798 632 3853 lerunt
664 3800 718 3852 in
744 3798 968 3853 domum
997 3813 1178 3864 suam,
1208 3808 1262 3853 et
1286 3806 1594 3865 posuerunt
1621 3797 1674 3850 in
1706 3797 1865 3851 lecto.
1884 3795 2041 3851 Mane

450 3906 581 3946 vero
608 3900 858 3947 mortuus
885 3900 971 3945 est
1001 3892 1055 3946 in
1088 3893 1227 3947 lecto
1254 3907 1376 3946 suo.
1411 3889 1657 3945 Habebat
1692 3900 1875 3944 autem
1906 3903 2042 3943 uxo-

452 3999 568 4038 rem
620 3983 1020 4046 ﬁdelissimam,
1060 3999 1159 4037 nec
1210 3991 1328 4038 erat
1383 3983 1462 4037 eis
1516 3982 1680 4036 ﬁlius.
1722 3980 1799 4036 Ea
1845 3980 2043 4036 obtulit

452 4074 636 4127 oinnia
689 4073 1036 4144 Epiphanio:
1071 4090 1236 4143 quam
1287 4073 1452 4128 etiam
1505 4070 1633 4128 fecit
1674 4070 2042 4127 diaconissam

453 4164 730 4221 Ecclesiae.
764 4165 1134 4221 Laboraverat
1157 4175 1339 4220 autem
1390 4164 1512 4235 ejus
1566 4180 1762 4219 manus
1788 4162 2027 4234 paralysi

452 4265 697 4327 tempore
741 4257 927 4312 decem
979 4272 1272 4312 annorum.
1320 4255 1619 4327 Postquam
1654 4271 1784 4326 ergo
1812 4270 1932 4309 eam
1967 4262 2046 4309 te-

455 4350 576 4404 nuit
602 4348 965 4420 Epiphanius,
999 4360 1057 4405 ut
1086 4364 1210 4405 eam
1235 4349 1499 4419 signaret,
1527 4349 1712 4403 statim
1741 4347 2042 4410 convaluit,

2134 3163 2251 3217 ἀλλ*
2280 3163 2336 3215 ὲν
2386 3160 2556 3230 πολλῇ
2603 3159 2937 3214 καταστάσει
2984 3153 3140 3212 εἶπεν
3180 3158 3259 3230 τῷ
3290 3157 3513 3230 Χαρίνῳ
3532 3174 3546 3188 ·
3582 3156 3733 3226 Ἐγὼ

2134 3254 2389 3324 γινώσκω
2417 3254 2471 3307 τί
2497 3249 2650 3308 εἶπεν
2679 3254 2710 3305 6
2737 3252 2929 3324 κόραξ.
2962 3248 3132 3305 Εἶπεν
3163 3251 3221 3305 δὲ
3245 3253 3503 3323 Χαρῖνος·
3536 3251 3734 3320 Ἀνάγ-

2135 3345 2316 3415 γειλόν
2350 3352 2460 3415 μοι,
2492 3343 2590 3396 καὶ
2633 3342 2734 3415 ἔσῃ
2780 3342 3000 3396 πάντων
3031 3340 3142 3395 τῶν
3168 3340 3302 3411 ἐμοῦ
3328 3341 3531 3412 ἄρχων.
3562 3335 3734 3392 Εἶπεν

2135 3438 2192 3492 δὲ
2217 3436 2538 3506 Ἐπιιράνιος
2560 3434 2696 3506 πρὸς
2717 3434 2811 3487 τὸν
2833 3435 3068 3505 Χαρῖνον
3083 3450 3099 3466 ·
3133 3429 3301 3485 Εἶπεν
3317 3434 3346 3486 6
3374 3430 3565 3503 κόραξ,
3583 3431 3734 3495 ὅπως

2141 3530 2215 3600 μὴ
2243 3526 2311 3603 ᾖς
2334 3528 2602 3591 διάκονος.
2637 3525 2765 3580 Ἐπὶ
2790 3525 2870 3597 τῷ
2899 3525 3043 3597 λόγῳ
3070 3520 3163 3579 οὖν
3189 3523 3511 3594 Ἐπιφανίου
3538 3523 3736 3577 ἔπεσεν

2138 3620 2340 3693 τρόμος
2372 3620 2465 3673 ἐπὶ
2491 3617 2738 3689 Χαρίνῳ,
2765 3618 2861 3671 καὶ
2888 3617 3074 3671 οὐκέτι
3102 3615 3353 3687 ὲλάλησε,
3379 3615 3501 3669 οὐδὲ
3530 3612 3737 3685 ἔφαγεν

2140 3730 2193 3767 τι
2219 3712 2252 3783 ἢ
2284 3711 2438 3766 ἔπιεν
2457 3729 2469 3741 ·
2496 3709 2636 3764 ἀλλά
2657 3709 3030 3780 βαστάσαντες
3055 3707 3217 3762 αὐτὸν
3249 3708 3300 3760 oi
3328 3706 3520 3770 παῖδες
3543 3705 3733 3771 αὐτοῦ,

2141 3803 2445 3875 ἀπήνεικαν
2468 3803 2526 3855 ὲν
2558 3800 2638 3871 τῷ
2664 3800 2797 3871 οῐκῳ
2822 3798 3008 3863 αὑτοῦ,
3040 3798 3136 3852 καὶ
3168 3798 3372 3870 ἔθηκαν
3399 3797 3494 3850 ἐπὶ
3522 3796 3732 3867 κλίνης·

2142 3894 2238 3948 καὶ
2270 3896 2338 3965 τῇ
2366 3892 2536 3947 ἕωθεν
2579 3891 2851 3946 ἀπέθανεν
2880 3892 2975 3944 ἐπὶ
2997 3891 3098 3961 τῆς
3132 3889 3322 3960 κοίτης
3347 3887 3536 3943 αὑτοῦ.
3573 3883 3738 3958 Εἶχεν

2143 3986 2202 4040 δὲ
2253 3987 2489 4055 γυναῖκα
2538 3984 2898 4054 πιστοτάτην·
2946 3983 3139 4037 τέκνον
3193 3981 3251 4035 δὲ
3296 3980 3471 4050 αὐτῆς
3514 3981 3591 4052 (a)
3637 3980 3741 4050 οὐχ

2144 4076 2409 4148 ὑπῆρχεν.
2443 4074 2590 4146 Δῦτη
2643 4074 3018 4146 προσήνεγκεν
3056 4070 3359 4141 Ἐπιφανίῳ
3418 4069 3633 4126 πάντα·
3671 4071 3740 4139 ἢν

2146 4171 2242 4223 καὶ
2267 4168 2522 4238 ἐποίησεν
2548 4166 2794 4222 διάκονον
2822 4165 2922 4236 τῆς
2949 4163 3301 4235 Ἑκκλησίας.
3318 4163 3382 4216 Ἦ
3411 4163 3468 4216 δὲ
3490 4163 3610 4235 χεὶρ
3642 4164 3741 4217 αὑ-

2146 4263 2245 4333 τῆς
2268 4256 2337 4333 ἦν
2377 4258 2685 4332 παρειμένη
2708 4258 2942 4328 δεκαετῆ
2972 4256 3182 4328 χρόνον.
3203 4255 3290 4319 Ὡς
3316 4249 3409 4307 οὖν
3434 4254 3741 4325 ἐκράτησεν

2148 4353 2317 4424 αὐτὴν
2366 4350 2714 4422 Ἐπιφάνιος,
2766 4351 2917 4413 ὅπως
2967 4347 3258 4419 σφραγίσει
3302 4346 3490 4416 αὐτὴν,
3535 4345 3743 4410 εὐθέως

456 4451 512 4496 et
546 4442 775 4496 liberata
810 4442 913 4496 fuit
967 4458 997 4495 a
1048 4442 1353 4496 doloribus.
1381 4441 1464 4494 Ab
1502 4440 1595 4494 illo
1620 4454 1750 4508 ergo
1782 4438 1889 4503 die,
1931 4453 2034 4508 quo

2146 4448 2387 4515 ὑγίανεν,
2421 4446 2517 4500 καὶ
2546 4443 2848 4515 ἐκουφίσθη
2882 4442 2976 4496 τοῦ
3008 4441 3193 4496 πόνου.
3238 4439 3372 4493 Ἀπὸ
3396 4441 3497 4510 τῆς
3526 4437 3743 4508 ἡμέρας

454 4531 696 4587 Charino
723 4547 1032 4587 sermonem
1063 4532 1282 4587 locutus
1327 4540 1412 4586 est
1455 4529 1819 4601 Epiphanius,
1848 4540 1901 4584 rt
1940 4545 2044 4583 una

455 4643 583 4685 cum
634 4641 889 4682 sermone
942 4625 1061 4695 ipse
1097 4624 1309 4695 accepit
1355 4622 1682 4680 sententiam
1732 4620 2043 4685 aDomino,

457 4736 651 4778 omnes
683 4719 868 4777 clerici
898 4718 1095 4773 timore
1117 4727 1171 4771 et
1204 4730 1442 4773 tremore
1469 4716 1700 4787 subjecti
1728 4723 1886 4771 erant
1918 4714 2045 4785 Epi-

459 4809 684 4882 phanio.

530 4901 821 4958 XXXVIII.
861 4901 1035 4957 Porro
1061 4914 1245 4958 autem
1273 4904 1375 4958 hoc
1403 4917 1623 4973 quoque
1649 4901 1901 4957 servabat
1922 4900 2050 4971 Epi-

459 4998 697 5069 phanius
731 5016 744 5052 :
774 4996 1045 5067 Tempore
1077 4996 1373 5061 oblationis,
1416 4996 2052 5068 nunquam,perﬁciebat

461 5090 817 5154 oblationem,
861 5088 1036 5143 donec
1069 5088 1296 5144 vidisset
1336 5089 1626 5145 visionem.
1652 5087 2052 5146 Consueverat-

462 5197 576 5251 que
594 5182 787 5238 beatus
820 5178 1039 5251 praefari
1073 5180 1240 5237 verba
1274 5181 1547 5251 quasdam,
1575 5190 1632 5237 et
1665 5181 1716 5236 ei
1748 5181 1930 5238 statim
1965 5197 2051 5238 re-

461 5271 766 5328 velabatur.
798 5269 938 5326 Cum
996 5270 1181 5342 itaque
1231 5269 1531 5341 aliquando
1566 5279 1651 5325 ter
1679 5270 1908 5326 dixisset
1932 5285 2052 5325 ser-

465 5376 707 5426 monem,
738 5360 887 5418 nulla
917 5362 967 5417 ei
1001 5377 1061 5417 se
1085 5361 1288 5417 obtulit
1317 5362 1477 5417 visio.
1505 5360 1642 5417 Cum
1676 5361 1724 5416 is
1756 5371 1938 5416 autem
1969 5361 2054 5415 Iu-

468 5463 619 5525 gcret
644 5462 699 5508 et
723 5462 926 5516 oraret,
953 5462 1012 5509 ut
1037 5452 1142 5509 sibi
1162 5468 1333 5510 causa
1363 5454 1782 5527 signiﬁcaretur,
1809 5453 2051 5524 primum

467 5547 724 5602 observat
751 5545 1064 5613 diaconum,
1095 5548 1190 5617 qui
1225 5561 1257 5601 a
1289 5547 1534 5603 sinistris
1578 5545 1798 5603 tenebat
1820 5545 2053 5601 ventila-

546 5722 621 5795 (η)
662 5721 934 5793 luterpres
966 5721 1095 5794 legit
1122 5723 1324 5789 αὐτοῖς.

2146 4534 2259 4603 οὖν,
2307 4531 2375 4607 ἧς
2415 4534 2736 4606 Ἐπιφάνιος
2782 4534 3047 4605 ἐλάλησεν
3097 4533 3340 4606 Χαρίνῳ,
3371 4533 3466 4586 καὶ
3515 4534 3613 4586 σὺν
3662 4532 3743 4602 τῷ

2147 4631 2291 4702 λόγῳ
2319 4628 2486 4683 αὑτοῦ
2530 4627 2721 4682 ἐλαϐεν
2748 4627 2847 4699 τὴν
2878 4627 3155 4697 ἀπόφασιν
3183 4626 3292 4680 ἀπὸ
3328 4627 3557 4698 Κυρίου,
3591 4624 3743 4695 φόϐῳ

2150 4723 2246 4778 καὶ
2271 4722 2462 4793 τρόμῳ
2487 4721 2730 4784 ἀπαντες
2752 4720 2802 4773 οἱ
2832 4719 3088 4792 κληρικοὶ
3115 4719 3484 4773 ὑπετάσσοντο
3504 4718 3744 4787 Ἐπιφα-

2149 4830 2263 4886 νιῳ.

2224 4908 2355 4962 ΛΗ’.
2396 4900 2506 4960 Ἦν
2536 4905 2645 4976 γάρ
2675 4904 2770 4959 καὶ
2814 4901 2976 4956 τοῦτο
3017 4901 3432 4975 πεφυλαγμένον
3458 4900 3538 4972 τῷ
3568 4917 3748 4972 μακα-

2154 4997 2256 5069 ρίῳ
2275 5014 2289 5027 ·
2322 4998 2380 5051 ὲν
2408 4996 2519 5068 γὰρ
2549 4998 2615 5067 τῇ
2646 4993 2766 5066 ὥρᾳ.
2793 4994 2891 5065 τῆς
2924 4991 3294 5064 προσενέξεως
3339 4991 3595 5046 οὐδέποτε
3623 4991 3747 5043 ὲτε-

2150 5087 2376 5141 λείωσεν
2403 5087 2504 5155 τὴν
2544 5082 2883 5157 προσεντειν,
2918 5083 3024 5146 ἕως
3073 5076 3135 5135 οὒ
3169 5081 3277 5134 ῖδεν
3303 5081 3401 5163 τῂν
3431 5078 3701 5132 ὀπτασίαν
3728 5093 3742 5109 ·

2152 5178 2334 5232 εἰώθει
2384 5180 2413 5233 6
2466 5176 2735 5249 μακάριος
2778 5174 2958 5243 λέγειν
3006 5174 3135 5238 τοὺς
3175 5172 3386 5243 λόγους,
3419 5172 3516 5225 καὶ
3543 5170 3747 5235 εὐθέως

2153 5270 2574 5325 ἁπεκαλύπτετο
2624 5269 2794 5340 αὐτῷ.
2844 5267 2984 5321 Ποτὲ
3011 5261 3106 5321 οὖν
3132 5264 3302 5319 εἰπὼν
3330 5264 3516 5335 τρίτον
3540 5264 3631 5316 τὸν
3660 5262 3744 5315 λὸο

2153 5380 2271 5433 γον,
2302 5363 2402 5416 οὐκ
2450 5363 2671 5431 ἐγένετο
2711 5362 2783 5414 τά
2831 5359 2931 5430 τῆς
2974 5357 3260 5421 ὀπτασίας,
3292 5356 3495 5409 Τούτου
3524 5352 3583 5406 δὲ
3615 5369 3729 5404 πεν-

2155 5453 2396 5519 θοῦντος,
2425 5454 2521 5508 καὶ
2565 5454 2824 5525 δεομένου
2870 5451 3013 5506 ὥστε
3066 5448 3372 5521 μηνυθῆναι
3419 5447 3520 5516 τὴν
3566 5442 3741 5498 αἰτίαι

2155 5544 2480 5616 Ἐπιφανίῳ,
2507 5546 2725 5618 πρῶτον
2753 5546 2940 5617 ἐπέχει
2981 5543 3060 5616 τῷ
3090 5544 3150 5609 ἐξ
3178 5541 3486 5615 ἀριστερῶν
3514 5537 3752 5610 διακόνῳ
