4058 6422
295 322 359 383 73
649 358 662 367 -
1600 321 1660 381 S.
1704 319 2055 380 EPIPHAN“
2097 320 2277 380 VITA.
3516 325 3585 377 73

299 451 355 504 τὺ
397 446 756 521 ριπιστὴριον
806 446 1187 522 διακρατούντι
1225 448 1285 504 τὸ
1309 447 1704 521 λειτουργικόν.
1724 449 1810 514 Ὠς
1840 448 1896 502 δὲ

2000 446 2159 500 brum
2198 441 2678 499 ministratorium.
2725 440 2901 509 Quem
2932 455 3058 496 cum
3091 440 3428 507 observaret,
3460 456 3585 498 cen-

304 539 526 611 ἐπέσχεν
568 539 781 612 τούτῳ,
813 539 1008 612 θεωρεῖ
1036 539 1373 611 Ἐπιφάνιος,
1418 539 1500 594 δτι
1533 540 1625 593 ἐπὶ
1663 540 1724 593 τὸ
1769 542 1898 612 μέτ-

305 649 452 686 ωπον
478 630 647 686 αὐτοῦ
678 631 912 704 ἐφέρετο
939 632 971 702 ή
999 627 1305 705 λέπραῘΗν
1340 631 1397 686 δὲ
1421 631 1581 686 τοῦτο
1604 631 1900 702 κατάδηλον

308 723 493 787 πᾶσιν,
522 721 607 776 ὅτι
626 716 876 786 ἀναίτιος
898 721 998 775 οὐκ
1018 716 1107 793 ἦν.
1124 721 1183 774 '0
1210 714 1303 774 οὗν
1329 716 1652 791 Ἐπιφάνιος
1696 721 1784 788 ὲξέ
1795 739 1900 775 τει-

309 830 368 867 νε
414 813 512 886 τὴν
544 813 742 885 χεῖραο
798 814 892 868 καὶ
937 812 998 866 τδ
1025 812 1397 883 λείτουργικὺν
1445 811 1639 877 σκεῦος
1678 805 1902 882 ἐκούφι-

310 905 621 974 σεν,λὲγων
655 901 796 976 πρὸς
822 905 985 958 αὑτὸν
1018 904 1135 976 μετ’
1160 903 1451 975 εὐμενείας
1470 921 1485 936 ο
1520 905 1779 974 ’Δπελθε,
1797 923 1901 976 φη-

310 994 629 1060 σὶ,”τέκνον,
655 994 715 1046 ὲν
746 992 825 1064 τῷ
847 992 925 1064 σῷ
946 991 1101 1063 οἴκῳ,
1128 992 1225 1047 καὶ
1254 992 1365 1047 τῶν
1394 992 1555 1050 θείων
1583 996 1899 1069 μυστηρίων

306 1084 391 1157 μὴ
430 1080 743 1159 μεταλάϐῃς
781 1084 926 1157 ἄρτι.
965 1084 1183 1149 Εὐθέως
1229 1086 1288 1140 δὲ
1333 1086 1497 1153 αὐτὸς
1530 1086 1777 1159 ἐξῆλθεν,
1805 1089 1900 1143 καὶ

307 1176 585 1248 ἐπορεύθη
630 1178 690 1232 ὲν
733 1175 815 1247 τῷ
858 1177 992 1247 οἴκῳ
1038 1175 1228 1231 αὐτοῦ.
1270 1177 1464 1231 Δίδωσι
1495 1177 1554 1231 δὲ
1580 1176 1900 1248 Ἐπιφάνιος

309 1267 459 1337 ἄλλῳ
508 1264 740 1338 διακδνῳ
782 1267 845 1320 τὸ
888 1266 1253 1340 ριπιστήριον.
1284 1267 1396 1321 Καὶ
1434 1268 1743 1341 ἀρξάμενος
1788 1268 1899 1322 τῶν

311 1354 473 1411 θείων
508 1357 681 1426 λόγων
717 1358 858 1428 μετὰ
910 1357 1077 1426 φόδου
1108 1358 1204 1412 καὶ
1232 1358 1506 1431 δακρύων,
1542 1360 1618 1424 ὡς
1651 1359 1900 1414 ἐτελείω-

313 1457 428 1509 σεν,
456 1446 662 1512 εὐθέως
705 1448 813 1503 ἴδεν
858 1449 957 1521 τὴν
988 1449 1276 1505 ὀπτασίαν.
1310 1450 1466 1504 Μετὰ
1490 1449 1549 1505 δὲ
1572 1451 1672 1523 τὴν
1697 1451 1900 1505 ἀπόλυ-

315 1550 402 1590 σιν
426 1538 530 1607 τῆς
554 1537 869 1610 ἐκκλησίας,
905 1539 1419 1612 προσκαλεσάμενος
1444 1541 1765 1612 Ἐπιφάνιος
1805 1543 1898 1597 τὸν

308 1621 583 1691 διάκονον,
601 1626 787 1699 ἠρώτα
820 1629 1013 1701 μαθεῖν
1036 1631 1205 1686 θέλων
1234 1631 1333 1703 τὴν
1366 1632 1543 1688 αἰτίαν
1554 1644 1573 1695 ι’
1604 1632 1701 1686 τοῦ
1725 1632 1784 1686 δὲ
1810 1632 1899 1686 λέ-

308 1728 528 1784 γοντος,
560 1718 642 1772 ὅτι
662 1719 765 1792 ’τὴν
793 1718 965 1775 νύκτα
993 1721 1208 1793 ἐκείνην
1230 1721 1372 1794 μετὰ
1395 1725 1496 1795 τῆς
1518 1722 1775 1792 γυναικὸς
1798 1726 1897 1777 αύ-

2003 538 2207 593 siderat
2240 535 2577 607 Epiphanius
2618 534 2673 589 in
2714 535 2835 606 ejus
2863 533 3040 592 fronte
3065 550 3329 605 apparere
3353 534 3583 604 lepram.

2002 628 2605 685 Nuiliautemnonerat
2664 623 3053 694 manifestum,
3115 627 3403 683 diaconum
3443 624 3578 679 vitio

2004 722 2272 777 laborare.
2313 719 2651 791 Epiphanius
2682 718 2869 789 itaque
2887 732 3111 773 manum
3136 718 3401 783 extendit,
3425 726 3481 773 et
3511 716 3590 771 in-

1977 821 2367 867 strumentum
2399 812 2596 866 levavit
2636 808 3125 874 ministratorium,
3154 808 3206 864 ei
3239 808 3473 880 benigne
3503 807 3588 862 di-

1999 920 2133 961 cens
2166 924 2180 960 :
2212 902 2382 968 Vade,
2421 903 2517 971 lili,
2546 903 2602 957 in
2646 901 2870 958 domum
2908 910 3080 968 tuam,
3106 908 3162 959 et
3189 915 3258 956 ne
3294 900 3458 955 modo
3486 915 3583 956 su-

2003 1013 2121 1053 mas
2146 997 2329 1052 divina
2350 994 2628 1068 mysteria.
2650 992 2771 1066 Ipse
2792 1002 2974 1049 autem
3003 992 3187 1049 statim
3207 1007 3463 1064 egressus
3480 1002 3585 1057 est,

1999 1099 2054 1145 et
2081 1090 2260 1169 ivitin
2289 1090 2515 1145 domum
2549 1102 2726 1145 suam.
2759 1086 2969 1157 Datque
2996 1084 3334 1156 Epiphanius
3362 1084 3591 1139 ventila-

2001 1182 2160 1236 brum
2208 1181 2300 1237 alii
2328 1181 2582 1237 diacono.
2609 1179 2859 1252 Cumque
2885 1178 3071 1233 divina
3100 1176 3265 1232 verba
3296 1176 3583 1247 incepisset

1995 1285 2123 1326 cum
2177 1280 2323 1327 metu
2360 1281 2415 1327 et
2454 1271 2733 1343 lacrymis,
2788 1269 2879 1325 ubi
2927 1269 3176 1340 perfecit,
3222 1269 3410 1323 statim
3453 1267 3587 1322 vidit

1999 1365 2286 1420 visionem.
2320 1362 2451 1419 Post
2471 1362 2715 1420 ecclesiae
2744 1371 2928 1418 autem
2967 1360 3270 1416 dimissiom
3290 1375 3368 1425 ιη,
3399 1375 3585 1415 accer-

1997 1456 2105 1511 sito
2133 1456 2385 1523 diacono,
2417 1472 2483 1511 ex
2534 1470 2601 1511 eo
2647 1454 2962 1511 sciscitatur
2991 1467 3235 1507 causam.
3264 1449 3513 1520 Cumque
3540 1450 3587 1506 is

1994 1546 2223 1612 diceret,
2252 1546 2398 1617 quod
2443 1546 2535 1601 illa
2580 1556 2740 1602 nocte
2783 1542 3086 1601 dormierat
3112 1556 3239 1598 cum
3268 1554 3459 1627 uxore,
3492 1555 3587 1595 ae-

1997 1642 2202 1697 cersito
2234 1650 2348 1698 toto
2384 1642 2577 1697 ordine
2623 1648 2863 1707 sacrato,
2896 1640 2978 1695 eis
3026 1638 3260 1709 benigne
3287 1635 3425 1691 dixit
3458 1631 3590 1703 Epi-

1996 1732 2234 1802 phanius
2265 1751 2279 1788 :
2315 1732 2662 1805 Quicunque,
2694 1748 2728 1787 o
2763 1732 2883 1798 ﬁlii,
2912 1731 3061 1786 clero
3089 1728 3240 1800 digni
3269 1728 3403 1783 estis
3431 1725 3589 1780 habi—

312 1807 409 1862 τοῦ
440 1809 730 1886 ἐκοιμήθη,
768 1812 1282 1885 προσκαλεσάμενος
1305 1813 1624 1885 Ἐπιφάνιος
1655 1813 1800 1870 ἆπαν
1834 1817 1896 1871 τδ

2005 1825 2067 1890 ιί,
2103 1825 2297 1882 solvite
2330 1827 2701 1883 calceamenta
2730 1833 2930 1890 vestra,
2964 1829 3025 1877 ut
3047 1835 3156 1876 non
3210 1819 3266 1874 in
3315 1818 3385 1872 iis
3416 1817 3593 1888 ingre-

308 1894 603 1971 ῐερατείον,
632 1896 786 1969 εἶπεν
816 1901 954 1974 πρὸς
980 1900 1176 1969 αὐτοὺς
1209 1905 1326 1975 μετ’
1356 1905 1643 1976 εὐμενείας
1666 1924 1681 1940 ο
1719 1908 1895 1975 Ὅσοι,

311 1990 469 2061 φησι,
519 1991 707 2058 τέκνα,
753 1991 1127 2066 κατηξιώθητε
1177 1992 1274 2048 τοῦ
1325 1994 1549 2068 κλῆρον,
1587 1996 1787 2053 λύσατε
1828 1998 1900 2053 τὰ

306 2076 624 2153 διαδήματα
666 2084 840 2155 ὑμῶν,
872 2085 965 2138 τοῦ
1000 2084 1074 2158 μὴ
1110 2085 1312 2157 βαίνειν
1352 2088 1444 2141 ἐπὶ
1487 2087 1719 2154 τούτοις,
1749 2090 1899 2156 ὅπως

306 2174 686 2246 θεραπεύσητε
724 2175 869 2229 ὅσιον
915 2175 1081 2247 ἄνδρα
1104 2177 1197 2230 τὸν
1220 2176 1308 2230 ἐπ’
1337 2176 1657 2249 ἐκκλησίαις
1687 2178 1895 2252 κηρύτ-

306 2279 491 2321 τοντα.
529 2266 624 2319 καὶ
667 2265 928 2333 λέγονταο
960 2264 1070 2321 Καί
1109 2270 1163 2322 οι
1190 2266 1436 2338 ἔχοντες
1466 2267 1780 2338 γυναῖκας,
1816 2263 1923 2337 ὡς’

306 2353 393 2424 μὴ
413 2355 680 2423 ἔχοντες.
700 2353 797 2410 Ἐκ
821 2357 940 2411 τότε
969 2353 1060 2413 οὖν
1086 2358 1271 2413 οὐκέτι
1308 2359 1633 2430 ἐχειροτόνει
1658 2360 1896 2431 Ἐπιφᾶ-

310 2463 424 2510 νιος
456 2446 647 2517 ἔχοντα
674 2449 926 2517 γυναῖκα,
956 2449 1089 2504 ἀλλὰ
1114 2450 1312 2523 ἄνδρας
1336 2450 1537 2518 ὁσίους,
1562 2452 1653 2506 τδν
1683 2456 1891 2527 μονήρη

312 2533 427 2607 βίον
447 2539 902 2610 μετερχομένους,
931 2540 1026 2593 καὶ
1050 2538 1247 2611 ἄνδρας
1268 2541 1338 2612 χή
1348 2559 1472 2606 οους
1497 2542 1894 2617 δεδοκιμασμέ-

311 2624 571 2693 νουςοἭν
595 2631 706 2704 γὰρ
742 2630 957 2702 ἀληθῶς
990 2631 1116 2685 ίδείν
1146 2630 1245 2703 τὴν
1270 2630 1622 2704 Ἐκκλησίαν,
1651 2633 1729 2697 ὡς
1756 2633 1893 2706 νύμ-

309 2736 420 2792 φην
453 2722 627 2794 καλὴν
655 2723 1204 2796 περικεκοσμημένην
1234 2723 1345 2778 ἀπὸ
1366 2724 1463 2798 τῆς
1496 2726 1821 2800 ἱερωσύνης.

416 2883 439 2915 ³
477 2881 499 2937 l
527 2881 652 2939 Cor.
687 2899 786 2949 m,
813 2883 903 2941 29.

313 3104 3263 3136 mw

2002 1916 2252 1982 diamini,
2277 1925 2332 1972 et
2354 1927 2413 1972 ut
2436 1918 2629 1973 colatis
2662 1916 2840 1970 virum
2874 1921 3148 1976 sanctum,
3182 1911 3277 1981 qui
3316 1909 3370 1965 in
3402 1908 3592 1963 Eccle-

2003 2010 2084 2065 sia
2109 2009 2367 2079 praedicat
2399 2017 2455 2064 et
2493 2008 2627 2064 dicit
2661 2026 2675 2064 :
2707 2007 2779 2062 Et
2806 2006 3051 2061 habentes
3082 2018 3296 2067 uxores,
3331 2010 3588 2071 tanquam

2004 2116 2108 2154 non
2128 2100 2427 2155 habentes".
2459 2098 2535 2153 Ex
2583 2100 2687 2156 hoc
2712 2112 2844 2170 ergo
2890 2112 2999 2152 non
3030 2096 3266 2166 amplius
3299 2093 3592 2149 ordinabat

2003 2187 2340 2259 Epiphanius
2386 2204 2503 2253 eos,
2558 2188 2652 2258 qui
2699 2189 2962 2244 haberent
3000 2200 3251 2250 uxorem,
3297 2183 3393 2238 sed
3438 2183 3590 2237 viros

2003 2287 2243 2341 sanctos,
2274 2279 2370 2351 qui
2415 2278 2584 2335 vitam
2631 2281 2959 2335 exercebant
3008 2273 3398 2338 monasticam,
3433 2271 3591 2328 etvi-

2003 2370 2143 2443 duos
2168 2371 2314 2427 viros
2363 2372 2643 2442 probatos.
2674 2368 2900 2427 Licebat
2929 2368 3074 2423 enim
3107 2380 3234 2423 vere
3264 2366 3445 2421 videre
3483 2363 3589 2419 Ec—

2000 2460 2249 2530 clesiam,
2280 2471 2541 2535 tanquam
2577 2462 2862 2534 pulchram
2907 2474 3168 2533 sponsam
3212 2465 3465 2514 ornatam
3495 2470 3583 2512 sa-

1999 2551 2268 2609 cerdotio.

3298 3125 3553 3140 *ι-

573 3267 1155 3358 ΠΟΛΥΒΙΟΥ
1202 3268 1883 3362 ΕΠΙΣΚΟΠΟΥ
1946 3272 2404 3362 ΠΟΛΕΩΣ
2461 3268 3355 3362 ΡΙΝΟΚΟΡΟΥΡΩΝ

1631 3452 1742 3511 ΕΙΣ
1782 3455 1872 3509 ΤΑ
1921 3450 2269 3511 ΥΠΟΛΟΙΠΑ

304 3606 453 3666 ’1⁷οΥ
503 3608 693 3665 ΒΙΟΥ
734 3607 1139 3681 ΤΟΥᾺΓΙΟΥ
1180 3615 1473 3670 ΠΑΤΡΟΣ
1533 3612 1745 3671 ΗΜΩΝ
1774 3612 2198 3669 ΕΠῙΦΑΝΙΟΥ
2236 3614 2678 3670 ΕΠΙΣΚΟΠΟΥ
2725 3615 3022 3672 ΠΟΛΕΩΣ
3050 3613 3581 3674 ΚΩΝΣΤΛΝΤΙΑΣ.

1923 3795 1987 3811 ὡ

718 3954 1221 4050 POLYBII
1324 3956 1875 4055 EPISCOPI
1953 3957 2683 4055 RHINOCORU
2708 3959 3129 4056 RORUM

1795 4154 2105 4224 RELIQUA

1181 4310 1337 4376 Viue
1376 4314 1438 4374 S.
1480 4311 1821 4394 Epiphauii
1854 4312 2344 4377 Constantiensis
2394 4312 2705 4395 episcopi.

1893 4505 1964 4522 ὡ

371 4632 495 4689 AB’.
519 4628 663 4697 Δόξα
679 4629 759 4698 τῷ
776 4627 1064 4700 παρέχοντι
1085 4630 1219 4702 ἡμῖν
1242 4631 1302 4684 τὸ
1328 4630 1448 4703 ζῇν,
1468 4631 1586 4704 Θεῷ
1606 4634 1717 4688 τῶν
1734 4630 1890 4699 ὅλων,

2066 4627 2309 4687 XXXIX.
2352 4632 2534 4689 Gloria
2580 4631 2729 4696 Deo,
2768 4629 2860 4702 qui
2896 4628 3055 4687 nobis
3092 4633 3294 4700 prazhet
3342 4644 3401 4709 ut
3434 4636 3579 4690 viva-

300 4725 399 4779 xa'i.
431 4724 711 4789 δοξάζοντι
745 4724 871 4787 τοὺς
911 4722 1231 4789 δοξάζοντας
1264 4724 1429 4777 αὐτὸν
1451 4764 1464 4788 ,
1506 4722 1691 4788 καθὼς
1722 4740 1888 4793 φησιν

298 4819 331 4869 ὁ
366 4814 509 4880 θεῖος
537 4816 726 4884 λόγος’
769 4814 922 4869 Ἀλλ’
964 4814 1002 4883 ἢ
1030 4813 1173 4881 τοὺς
1215 4812 1574 4882 δοξάζον-τάς
1605 4834 1684 4886 με
1714 4814 1892 4880 δοξά-

301 4902 396 4960 σω
412 4923 428 4939 ο
451 4907 549 4962 καί
577 4910 611 4961 ὁ
634 4904 970 4971 ὲξουθενῶν
986 4924 1065 4974 με
1083 4905 1578 4975 ἀτιμασθήσεται.
1614 4904 1887 4976 Ἐγένετο,

310 4996 591 5069 Ἰωάννην,
613 4997 704 5051 τὸν
730 4998 876 5050 ὅσιον
897 4995 1139 5068 Πατέρα,
1171 4994 1527 5070 ἀῤῥωστῆσαι
1552 4997 1887 5070 ἀρρωστίαν,

300 5096 370 5148 δι’
401 5090 470 5167 ἦς
502 5095 596 5149 καὶ
624 5093 915 5149 ἀπέθανεν.
962 5094 1073 5148 Καὶ
1104 5091 1168 5165 δὴ
1210 5092 1493 5163 συσχεθεὶς
1523 5093 1617 5148 ἐπὶ
1643 5092 1743 5164 τῆς
1772 5091 1889 5145 κλί·

300 5204 403 5259 νης
445 5184 632 5251 αὐτοῦ,
680 5184 1193 5258 προσκαλεσάμενός
1245 5203 1334 5258 με,
1390 5181 1545 5239 εἶπεν
1586 5185 1725 5257 πρός
1777 5201 1844 5255 με
1870 5201 1884 5215 °

300 5279 505 5333 'Féxvov
537 5276 784 5332 Πολύϐιε.
821 5273 989 5331 Εἶπον
1042 5278 1100 5332 δὲ
1148 5278 1281 5351 πρὸς
1323 5276 1519 5331 αὑτὸν·
1576 5272 1643 5331 Τί
1687 5276 1884 5341 θέλεις,

300 5370 516 5442 Πάτερ;
546 5367 711 5424 Εἶπεν
744 5368 801 5424 δέ
833 5385 951 5440 μοι·
986 5366 1206 5441 Ἐπειδὴ
1232 5367 1550 5437 Ἐπιφάνιος
1595 5365 1886 5422 διακωλύει

295 5463 443 5535 ᾶπερ
469 5466 499 5518 ὁ
522 5462 655 5527 Θεὸς
682 5462 750 5516 δι’
776 5459 943 5515 αὐτοῦ
981 5459 1235 5515 ἀπετέλει
1273 5458 1615 5533 γράφεσθαν
1653 5457 1785 5513 λάϐε
1818 5457 1883 5530 δὴ

292 5558 467 5613 ταῦτα
497 5557 566 5612 τὰ
592 5556 823 5629 χαρτίαο
865 5554 970 5616 ἕως
997 5553 1106 5625 γὰρ
1140 5554 1381 5626 σήμερον
1419 5553 1564 5625 ἅπερ
1596 5552 1703 5607 ἴδον
1731 5550 1886 5605 Ἐπι-

380 5707 440 5770 Ἰ
478 5709 610 5782 Reg.
656 5723 720 5775 ll,
766 5708 856 5764 30.

607 5804 893 5862 Ριιτιιοι.
938 5796 1057 5860 Gn.
1102 5797 1156 5856 Χ
1172 5797 1271 5860 LI.

1998 4742 2140 4791 Inus,
2167 4734 2222 4780 et
2251 4725 2519 4797 gloriﬁcat
2540 4740 2636 4780 eos
2679 4722 2772 4793 qui
2813 4723 2993 4794 ipsum
3040 4722 3365 4794 gloriﬁcant,
3390 4741 3579 4796 quem-

1997 4816 2293 4872 admodum
2325 4815 2458 4871 dicit
2486 4814 2712 4869 vcrbum
2740 4812 2987 4869 divinum
3022 4833 3037 4869 :
3091 4810 3462 4884 Gloriﬁcanles
3500 4832 3580 4870 me

1998 4907 2344 4979 gloriﬁc’aba;
2389 4917 2438 4962 et
2466 4906 2557 4977 qui
2607 4918 2688 4960 me
2745 4905 2965 4976 spernit,
3000 4908 3331 4978 spernetur’.
3367 4907 3579 4961 Accidit

1993 5010 2057 5054 ut
2106 4997 2348 5055 Joannes
2391 5007 2619 5055 sanctus
2670 4996 2835 5053 Pater
2888 4997 3167 5054 laboraret
3206 4999 3423 5063 morbo,
3467 5014 3579 5069 quo

1993 5090 2159 5144 etiam
2208 5098 2295 5144 est
2350 5097 2625 5144 mortuus.
2678 5089 2930 5158 Cumque
2979 5097 3217 5159 aegrotus
3266 5089 3476 5158 jaceret
3523 5090 3576 5143 in

1992 5180 2156 5244 lecto,
2190 5180 2457 5236 accersito
2505 5180 2637 5233 mihi
2690 5180 2829 5234 dixit
2859 5196 2871 5232 :
2905 5177 3007 5233 Fili
3042 5178 3248 5249 Polybi.
3298 5178 3411 5250 Ego
3448 5194 3576 5235 vero

1992 5272 2043 5327 ei
2098 5272 2211 5327 dixi
2252 5270 2440 5339 :Quid
2482 5271 2662 5340 iubes.
2713 5272 2907 5326 Pater?
2957 5270 3104 5324 Dixit
3153 5278 3334 5325 autem
3389 5270 3571 5326 mihi:

1995 5363 2269 5430 Quoniam
2320 5363 2575 5433 prohibet
2609 5358 2967 5433 Epiphanius,
3018 5378 3084 5417 ne
3130 5379 3233 5419 nos
3264 5362 3572 5418 litterarum

1993 5451 2347 5507 monimentis
2380 5452 2726 5517 mandemus,
2764 5469 2886 5522 quae
2912 5449 3057 5507 Dens
3102 5467 3199 5523 per
3232 5435 3412 5523 ipsum
3458 5469 3572 5523 per-

1991 5544 2102 5615 agit
2132 5543 2421 5609 miracula,
2456 5545 2641 5614 accipe
2668 5544 2767 5599 has
2800 5545 3039 5599 chartas.
3081 5542 3215 5599 Nam
3256 5542 3311 5598 in
3356 5542 3580 5597 hodier-

3204 5788 3241 5850 3
