4058 6440
519 358 589 413 75
697 419 721 435 κ
861 328 864 332 ’
1833 357 1889 410 s.
1933 351 2501 411 Ei‘ll’liANllVl'l‘A.
3269 388 3279 397 .
3720 363 3792 419 π

519 496 650 535 num
684 494 858 549 usque
887 477 1054 544 diem,
1103 494 1225 549 quae
1254 478 1433 549 ipsum
1480 479 1587 533 vidi
1635 479 1943 543 facientem,
1977 494 2101 533 cou«

2216 477 2400 544 φάνιον
2447 478 2733 544 ποιοῦντα,
2772 477 3211 552 συνεγραφόμην,
3262 480 3337 551 μὴ
3371 479 3569 545 εἰδότος
3601 482 3788 539 αὐτοῦ·

520 571 737 641 seripsi,
763 586 828 626 eo
858 571 1143 624 insciente.
1179 568 1258 625 Tu
1292 586 1533 641 quoque,
1564 586 1596 625 o
1628 570 1722 636 liii,
1755 587 1875 640 qua:
1902 586 2095 624 consc-

516 672 755 731 quentur
805 661 874 715 ab
928 661 1192 714 hodierno
1242 661 1365 726 die,
1421 660 1616 715 manda
1683 660 1899 715 litteris.
1953 659 2096 711 Deus

515 754 662 809 enim
688 752 784 807 tibi
810 767 984 807 annos
1015 750 1255 818 adjiciat.
1288 759 1345 805 ut
1384 760 1499 807 toto
1534 760 1782 823 tempore
1819 752 1941 805 vine
1977 766 2098 819 per-

515 860 740 900 maneas
784 843 928 913 apud
971 842 1355 915 Epiphanium.
1410 842 1515 898 Sed
1549 843 1690 906 vide,
1722 842 1786 895 ne
1829 842 2088 912 negligas.

513 936 649 990 Nam
680 951 781 1007 ego
809 951 1028 1006 quoque
1060 950 1089 989 a
1119 934 1231 990 Deo
1262 944 1445 991 motus
1470 936 1586 989 haec
1620 934 1943 1003 conscripsi.
1981 932 2093 1003 Ego

514 1029 659 1082 cnim
695 1027 833 1081 vado
861 1042 924 1081 ea
951 1027 1058 1093 via,
1097 1041 1206 1097 qua
1252 1040 1469 1086 omnes.
1497 1026 1592 1096 qui
1621 1037 1748 1080 sunt
1792 1039 1962 1095 super
1992 1033 2100 1078 ter—

516 1134 653 1173 ram.
686 1116 818 1173 Post
861 1116 976 1171 bzec
1026 1126 1207 1171 autem
1260 1116 1398 1170 dixit
1443 1114 1728 1171 Joannes:
1771 1112 1911 1168 Voca
1964 1112 2097 1166 mihi

516 1218 769 1262 sanctum
818 1206 1038 1263 Patrem
1084 1216 1334 1261 nostrum
1367 1206 1733 1277 Epiphanium
1805 1205 2012 1275 lviquc,
2046 1213 2101 1259 et

517 1299 702 1356 vocavi
772 1299 969 1369 ipsum.
1020 1296 1097 1351 Eo
1153 1306 1341 1352 autem
1389 1296 1659 1367 ingresso,
1715 1295 1853 1348 dixit
1901 1294 2097 1349 Joanni

517 1392 855 1464 Epiphanius
898 1407 911 1443 :
974 1389 1095 1445 Non
1146 1403 1329 1454 curas,
1373 1387 1574 1458 inquit,
1625 1402 1658 1441 ο
1700 1385 1881 1451 Pater,
1932 1386 2098 1439 Deum

519 1484 728 1556 precari
758 1499 855 1554 pro
883 1484 1084 1537 misero
1114 1490 1399 1552 peccatore
1427 1478 1732 1550 Epiphanio
1756 1479 1779 1532 ?
1807 1477 1947 1531 Dixit
1973 1492 2101 1532 vero

516 1573 754 1629 Joannes
798 1571 1100 1643 Epiphanio
1136 1588 1148 1625 ;
1180 1569 1289 1624 Fac
1340 1570 1671 1626 orationem.
1716 1584 1749 1625 ο
1790 1566 1985 1632 Pater;
2020 1575 2103 1620 est

516 1666 660 1720 enim
694 1664 839 1734 quod
874 1673 1053 1719 tecum
1091 1663 1302 1731 loquar.
1354 1659 1696 1730 Epiphanius
1750 1659 1933 1729 itaque
1977 1656 2103 1712 fecit

516 1753 841 1807 orationem.
894 1750 1031 1805 Cum
1084 1766 1183 1805 nos
1245 1761 1424 1805 autem
1474 1749 1840 1813 dixissemus,
1904 1747 2100 1809 Amen,

517 1843 654 1897 dixit
687 1839 928 1896 Joannes
976 1839 1280 1911 Epiphanio
1310 1855 1322 1891 :
1358 1840 1569 1895 Accede
1618 1841 1844 1909 propius
1877 1840 1942 1893 ad
1981 1852 2094 1901 me,
2134 1831 2175 1885 Β

405 1956 416 1970 ο
520 1933 697 1988 Pater.
748 1932 814 1987 Et
861 1932 1101 1987 accessit
1125 1931 1370 2002 propius.
1405 1930 1661 2000 Dixitque
1693 1930 1931 1986 Joannes
1964 1929 2094 2000 Epi-

518 2025 718 2095 phanio
750 2042 764 2079 :
798 2022 1018 2094 impone
1063 2038 1260 2078 manus
1302 2032 1423 2077 tuas
1453 2023 1631 2079 oculis
1678 2025 1836 2079 meis.
1888 2021 1952 2078 Et
1979 2023 2097 2077 vale

515 2118 562 2171 ci
588 2117 746 2191 dixit
788 2114 1048 2181 Joannes,
1099 2126 1155 2171 et
1197 2116 1420 2171 tradidit
1469 2116 1745 2186 Spiritum.
1784 2115 1838 2169 In
1867 2114 2097 2170 Joannis

514 2217 692 2264 autem
724 2208 925 2263 collum
962 2206 1164 2262 cadens
1190 2205 1529 2278 Epiphanius
1574 2204 1740 2273 ﬂevit,
1780 2215 1832 2261 et
1863 2221 1986 2261 cum
2014 2214 2100 2260 est

513 2301 813 2363 osculatus,
844 2308 898 2355 et
922 2312 1123 2369 magno
1151 2296 1343 2353 dolore
1380 2296 1613 2354 allectus
1640 2306 1730 2354 est
1758 2295 2098 2367 Epiphanius

518 2401 736 2463 propter
766 2400 998 2447 mortem
1034 2389 1282 2446 Joannis.

585 2667 701 2723 XL.
743 2667 881 2723 Cum
906 2677 1089 2722 autem
1120 2665 1457 2737 Epiphanius
1488 2663 1785 2735 aliquando
1807 2662 2100 2719 cecidisset

518 2763 571 2818 in
605 2760 837 2824 faciem,
891 2767 953 2814 ut
984 2758 1155 2814 Deum
1191 2766 1413 2824 oraret,
1448 2766 1508 2811 ut
1534 2773 1659 2811 eum
1694 2756 1984 2826 adjuvaret
2033 2755 2098 2809 ad

517 2853 898 2909 aediﬁcandum
925 2851 1150 2906 domum
1180 2850 1389 2906 nomini
1420 2850 1540 2921 ejus
1572 2855 1713 2921 (erat
1744 2849 1889 2905 enim
1924 2849 2099 2920 prima

517 2944 744 3001 ecclesia
795 2959 959 3014 parva
1011 2957 1109 3013 pro
1150 2942 1499 2997 multitudine
1533 2957 1724 2997 eorum
1770 2941 1865 3011 qui
1923 2940 2101 3009 ingre-

517 3034 864 3104 diebantur);
890 3048 1013 3087 cum
1045 3047 1272 3102 pronus,
1304 3031 1551 3101 inquam,
1573 3032 1779 3101 jacerct
1815 3031 1869 3085 in
1902 3030 2096 3085 faciem

519 3126 688 3181 Deum
722 3139 905 3189 orans,
940 3140 1042 3179 vox
1079 3123 1147 3179 ad
1197 3139 1319 3179 eum
1362 3121 1501 3178 facta
1531 3133 1636 3190 est,
1701 3121 1991 3194 Epiphaui,
2025 3121 2103 3176 in-

521 3217 737 3286 quiens.
769 3212 900 3271 Eam
943 3223 1123 3270 autem
1153 3229 1341 3269 vocem
1374 3230 1516 3284 saepe
1543 3224 1660 3269 erat
1688 3215 1883 3270 solitus
1912 3213 2102 3269 audire
2129 3188 2171 3245 c

519 3304 875 3376 Epiphanius.
923 3302 1074 3359 Dixit
1118 3304 1302 3374 itaque
1345 3320 1452 3359 non
1501 3303 1912 3359 conturbatus:
1959 3303 2101 3371 Quid

517 3409 622 3462 est,
651 3396 794 3451 Deus
827 3395 944 3450 mi?
975 3393 1302 3469 Rursusque
1328 3394 1468 3449 dixit
1507 3410 1611 3449 vox
1644 3394 1835 3450 eadem
1870 3412 1883 3448 :
1921 3393 2102 3463 incipe

520 3488 789 3544 :rdilieare
813 3488 1006 3543 aedem.
1031 3487 1370 3557 Epiphanius
1396 3494 1579 3541 autem
1616 3487 1865 3557 protinus
1914 3486 1966 3541 id
1992 3501 2100 3542 non

520 3580 799 3651 negligens
846 3578 1000 3642 exiit,
1043 3575 1100 3634 'et
1144 3578 1273 3634 fecit
1321 3579 1645 3641 orationem,
1696 3585 1753 3632 et
1791 3586 1957 3634 totam
1997 3577 2102 3633 loci

519 3671 963 3742 consequentiam
1007 3670 1339 3740 designavit,
1406 3678 1462 3724 et
1525 3670 1776 3724 adhibuit
1837 3670 2097 3725 artiﬁces.

520 3762 678 3819 Edis
731 3777 861 3817 vero
918 3761 1266 3816 :edilicationi
1337 3769 1605 3831 prmerant
1674 3760 1998 3829 sexaginta,
2048 3768 2102 3814 et

523 3868 717 3924 magna
752 3850 1069 3916 multitudo,
1095 3867 1218 3921 qua:
1240 3852 1288 3904 ei
1321 3850 1395 3905 rei
1426 3850 1784 3905 ministraret.
1818 3848 1988 3903 Erant
2010 3865 2104 3903 au-

522 3956 629 3999 tum
667 3956 797 3999 tunc
834 3945 887 3998 in
922 3944 1142 3999 civitate
1185 3943 1415 4014 gentiles
1456 3943 1579 4007 viri,
1617 3942 1812 3997 divites
1842 3950 1898 3997 et
1936 3957 2102 4012 pecu-

523 4038 629 4093 niis
652 4047 706 4093 et
736 4035 1203 4107 possessionibus.

592 4128 730 4185 XLI.
773 4127 902 4184 Erat
944 4136 1125 4183 autem
1154 4125 1401 4197 quidam,
1436 4126 1530 4196 qui
1561 4124 1861 4180 vocabatur
1901 4121 2098 4188 Draco,

517 4222 610 4292 qui
653 4236 684 4276 a
712 4207 982 4291 'plurimis
1016 4219 1300 4274 dicebatur
1342 4217 1570 4287 Magnus
1604 4215 1801 4272 Draco.
1838 4216 1890 4272 is
1935 4216 2100 4270 babe-

520 4316 611 4369 bat
661 4312 855 4369 lilium.
900 4311 1211 4368 Vocabatur
1260 4326 1389 4366 vero
1454 4311 1570 4379 ipse
1616 4324 1839 4381 quoque
1899 4308 2096 4365 Draco.

518 4406 570 4460 ls
607 4405 662 4458 in
701 4404 927 4459 dextero
958 4404 1122 4458 latere
1148 4402 1429 4457 laborabat
1457 4402 1607 4473 gravi
1634 4409 1793 4456 testu.
1849 4400 2099 4470 Cumque

518 4505 672 4568 pater
699 4496 818 4567 ejus
863 4495 1029 4550 multa
1061 4495 1490 4564 consumpsisset
1542 4494 1596 4547 in
1632 4493 1896 4557 medicos,
1938 4491 1990 4545 id
2032 4492 2097 4547 ad

518 4588 810 4643 sanitatem
840 4586 976 4641 nihil
995 4586 1042 4641 ei
1069 4585 1365 4657 profuerat.
1396 4568 1641 4655 Magnus
1659 4599 1789 4654 ergo
1811 4583 1901 4637 ille
1924 4582 2099 4637 Draco

519 4691 579 4730 se
609 4675 751 4730 male
784 4676 1003 4745 gerebat
1050 4677 1105 4730 in
1145 4674 1510 4746 Epiphanium
1544 4683 1599 4730 et
1629 4675 1810 4730 verbis
1836 4682 1891 4730 et
1919 4673 2094 4728 factis.

518 4764 855 4837 Epiphanius
882 4777 1061 4831 autem
1106 4765 1152 4822 si
1183 4769 1403 4836 quando
1448 4781 1573 4835 eum
1620 4766 1856 4832 videbat,
1887 4766 2098 4836 primus

517 4857 811 4913 salutabat.
842 4856 1090 4928 Cumque
1132 4858 1427 4927 aliquando
1474 4860 1732 4915 transiret
1760 4858 2098 4931 Epiphanius

518 4961 613 5021 per
640 4948 842 5012 locum,
878 4949 969 5005 ubi
1003 4950 1056 5003 in
1089 4950 1306 5005 sedibus
1342 4951 1605 5006 sedebant
1646 4965 1840 5008 omnes
1878 4952 2097 5020 divites,

521 5045 635 5091 erat
678 5033 907 5108 Magnus
936 5052 1154 5108 quoque
1200 5035 1409 5105 Draco,
1445 5048 1501 5092 et
1531 5038 1650 5108 ejus
1691 5038 1837 5095 ﬁlius
1862 5049 2099 5107 aegrotus

476 5124 486 5147 ¹
518 5128 572 5183 in
601 5143 667 5183 eo
694 5130 835 5184 loco.
867 5129 1003 5184 Cum
1038 5137 1218 5185 autem
1254 5128 1617 5199 Epiphanium
1650 5129 1936 5199 vidissent,
1968 5148 2096 5188 eum

519 5219 837 5277 irridebant.
869 5220 1008 5277 Cum
1035 5236 1164 5276 vero
1202 5222 1692 5293 appropinquasset
1738 5222 2094 5301 Epiphanius,

518 5321 573 5366 et
596 5327 691 5369 eos
716 5315 1029 5377 salutasset,
1061 5330 1224 5368 manu
1257 5316 1431 5368 tenuit
1456 5324 1718 5385 aegrotum
1768 5315 2094 5381 Dracouem,

519 5421 601 5461 sic
627 5402 812 5459 dicens
841 5420 856 5457 :
889 5401 1084 5465 Draco,
1116 5411 1173 5457 tu
1199 5417 1416 5472 quoque
1442 5413 1560 5459 esto
1595 5418 1784 5459 sanus.
1815 5403 1881 5459 Et
1910 5406 2094 5460 statim

518 5508 647 5549 cum
677 5493 926 5549 oratione
945 5491 1229 5563 Epiphanii
1263 5492 1438 5549 laetus
1468 5503 1551 5551 est
1575 5511 1761 5551 sanus.
1794 5495 1966 5553 Draco
1996 5511 2096 5551 au-

530 5569 668 5645 tem,
700 5589 760 5638 et
788 5582 883 5652 qui
926 5583 1211 5651 viderunt,
1259 5598 1451 5641 omnes
1500 5585 1917 5656 obstupuerunt.
1952 5586 2090 5642 Cum

594 5777 672 5848 (α)
712 5776 877 5833 Deest
904 5775 1122 5843 aliquid.

2204 568 2314 621 Ka‘t
2343 569 2406 621 σὺ
2440 565 2555 634 οῦν,
2603 569 2814 633 τέκνον,
2863 571 2931 625 τά
2962 569 3232 625 ἀκόλουθα
3279 572 3389 625 ἀπ’)
3417 574 3513 643 τῆς
3549 576 3790 644 σήμερον

2204 659 2418 730 ἡμέρας
2464 662 2904 733 ύπομνημάτιζε.
2940 662 3093 733 Ἔχει
3127 664 3234 735 γάρ
3271 680 3354 717 σοι
3383 666 3411 717 6
3445 665 3575 728 Θεὸς
3626 682 3796 736 ’προσ⁸

2208 750 2382 805 θεῖναι
2412 752 2603 823 χρόνον
2633 754 2736 818 τῆς
2760 753 2906 824 ζωῆς
2926 755 3010 825 ’(α)
3052 753 3394 823 Ἐπιφανίου,
3423 754 3582 810 τοῦτο
3628 772 3800 826 προσο

2206 844 2567 915 παραμένεις.
2616 843 2777 898 Ἀλλά
2826 844 2989 915 βλέπε
3025 845 3100 916 μὴ
3147 845 3449 917 ἀμελήσῃς,
3497 845 3651 915 κάγὼ
3680 844 3796 917 γάρ

2204 933 2311 987 ύπδ
2343 932 2478 987 Θεοῦ
2509 932 2827 1005 κινούμενος
2848 933 3020 987 ταῦτα
3043 935 3482 1007 συνεγραφόμην.
3512 934 3659 1004 Ἐγὼ
3688 936 3804 1007 γὰρ

2206 1022 2507 1095 πορεύομαι
2552 1023 2649 1096 τὴν
2695 1023 2843 1090 ὁδὸν,
2892 1023 3071 1089 καθὼς
3105 1027 3198 1079 καὶ
3240 1026 3440 1091 πάντες
3483 1027 3533 1080 oi
3565 1026 3661 1079 ἐπὶ
3696 1029 3803 1098 τῆς

2206 1114 2329 1184 γῆς.
2358 1114 2543 1169 Ταῦτα
2570 1116 2625 1169 δὲ
2651 1114 2820 1168 εἰπὼν
2845 1115 3102 1187 Ἰωάννης
3128 1112 3280 1171 εἴπεν
3316 1109 3454 1189 πρός
3484 1133 3583 1188 μευ
3620 1117 3804 1171 Κάλε-

2208 1206 2299 1259 σόν
2350 1221 2439 1276 μοι
2479 1206 2571 1258 τὸν
2620 1206 2781 1260 ὅσιον.
2816 1207 3035 1281 Πατέρα
3081 1206 3239 1279 ἡμῶν
3290 1206 3630 1278 Ἐπιφάνιον.
3683 1209 3802 1262 Καὶ

2207 1298 2531 1371 ἐπορεύθην,
2572 1299 2667 1353 καὶ
2714 1298 2951 1371 ἐκάλεσα
2992 1301 3174 1355 αὐτόν.
3228 1298 3573 1366 Εἰσελθόντος
3605 1302 3662 1355 δὲ
3694 1300 3801 1355 αύ-

2206 1389 2331 1453 τοῦ,
2362 1370 2514 1443 εἶπεν
2557 1390 2874 1460 Ἐπιφάνιος
2908 1370 3041 1462 πρὸς
3073 1391 3356 1464 Ἰωάννηνο
3388 1391 3656 1463 ’Δμελεῖς,
3688 1409 3800 1464 (pq-

2210 1482 2316 1546 σίν,
2350 1482 2534 1552 Πάτερ
2569 1481 2847 1552 Ἰωάννης,
2893 1481 2986 1535 τοῦ
3029 1481 3282 1553 εὔχεσθαι
3312 1483 3453 1555 ὑπὲρ
3485 1483 3579 1537 τοῦ
3614 1486 3803 1558 ἀμαρ-

2207 1570 2380 1624 τωλοῦ
2410 1571 2752 1641 Ἐπιφανίου.
2806 1566 2970 1623 Εἶπεν
3001 1570 3058 1624 δὲ
3088 1571 3341 1644 Ἰωάννης
3386 1573 3523 1645 πρὸς
3562 1572 3801 1643 Ἐπιφά-

2209 1681 2319 1717 νιον
2341 1681 2354 1695 ο
2388 1663 2619 1736 Ποίησον
2645 1662 2831 1734 εὐχὴν,
2869 1656 2915 1717 ὦ
2956 1662 3157 1733 Πάτερ,
3196 1663 3304 1734 ἔχω
3336 1665 3446 1738 γάρ
3473 1664 3709 1735 λαλῆσαί
3742 1684 3799 1719 τι
3872 1690 3895 1701 -

2211 1754 2347 1825 πρὸς
2375 1754 2453 1808 σέ.
2501 1755 2557 1808 ’0
2589 1750 2681 1808 οῦν
2709 1754 3029 1825 Ἐπιφάνιος
3059 1755 3313 1826 ἐποίησεν
3341 1757 3439 1829 τὴν
3482 1757 3667 1827 εὐχήν.
3700 1756 3798 1811 Ei-

2203 1847 2412 1900 πόντων
2442 1845 2498 1898 δὲ
2542 1846 2758 1900 πάντων
2776 1846 2837 1901 τὸ
2876 1847 3069 1919 Ἀμὴν,
3100 1843 3252 1901 εἶπεν
3280 1848 3533 1917 Ἰωάννης
3557 1847 3795 1918 Ἐπιφα-

2202 1938 2300 2009 νίῳ
2321 1955 2335 1969 ·
2359 1937 2618 2007 Ἐγγισόν
2662 1955 2773 2010 μοι,
2810 1939 3013 2012 Πάτερ.
3043 1938 3148 1994 Καὶ
3173 1939 3398 2011 ἤγγισεν
3426 1938 3591 2010 αύτῷ.
3623 1935 3799 1994 Εἶπεν

2202 2029 2261 2084 δὲ
2277 2029 2532 2101 Ἰωάννης
2553 2029 2687 2101 πρὸς
2715 2028 3037 2099 Ἐπιφάνιον
3060 2045 3075 2060 ·
3108 2030 3326 2095 Ἐπίθες
3347 2030 3444 2094 τὰς
3469 2031 3657 2102 χεῖράς
3691 2048 3793 2084 σου

2203 2122 2297 2178 ἐπὶ
2325 2122 2454 2185 τοὺς
2484 2121 2796 2193 ὀφθαλμούς
2832 2140 2957 2193 μου,
3006 2122 3102 2176 καὶ
3143 2122 3389 2177 ἄσπασαί
3437 2139 3504 2193 με
3523 2161 3540 2186 ,
3569 2122 3757 2193 Πάτερ
3777 2139 3790 2152 ·

2206 2214 2317 2267 ἰδοὺ
2341 2212 2449 2286 γὰρ
2474 2213 2728 2267 ἐκλείπω.
2761 2214 2871 2268 Καὶ
2904 2214 3173 2287 ἐπέθηκεν
3203 2213 3520 2282 Ἐπιφάνιος
3547 2214 3641 2268 ἐπὶ
3665 2216 3795 2279 τοὺς

2203 2304 2515 2375 ὀφθαλμοὺς
2548 2302 2735 2367 αὐτοῦ,
2765 2303 2857 2357 καὶ
2886 2303 3173 2374 ἠσπάσατο
3198 2302 3379 2358 αὐτόν.
3412 2303 3522 2356 Ka‘t
3538 2302 3795 2376 Ἰωάννης

2206 2397 2516 2469 παρέδωκεν
2573 2397 2635 2450 τὸ
2678 2396 2931 2467 πνεῦμα’
2989 2397 3084 2452 καὶ
3153 2395 3429 2451 ἐπιπεσὼν
3471 2394 3796 2464 Ἐπιφάνιος

2204 2488 2298 2541 ἐπὶ
2325 2488 2417 2541 τοῦ
2456 2487 2728 2560 τραχήλου
2753 2488 3001 2542 Ἰωάννου
3033 2487 3295 2542 ἔκλαυσεν
3328 2487 3510 2553 αὑτὸν,
3547 2486 3643 2540 καὶ
3670 2485 3795 2539 ἐλυ-

2207 2580 2354 2651 πήθη
2381 2579 2699 2651 Ἑπιφάνιος
2728 2580 2821 2633 ἐπὶ
2854 2583 2919 2652 τῇ
2956 2579 3178 2650 τελευτῇ
3204 2580 3478 2633 Ἰωάννου.

2276 2673 2365 2726 Μ’.
2423 2672 2561 2725 Ποτὲ
2624 2668 2717 2727 οὖν
2762 2672 3078 2744 Ἐπιφάνιος
3128 2670 3309 2724 πεσὼν
3361 2671 3453 2723 ἐπὶ
3502 2671 3797 2742 πρόσωπον

2206 2757 2298 2812 τοῦ
2326 2758 2709 2831 παρακαλέσαι
2740 2760 2831 2813 τὸν
2861 2761 3013 2825 Θεὸν,
3061 2761 3209 2824 ὅπως
3236 2759 3588 2830 ἀντιλήψεται
3617 2758 3792 2829 αύτῷ,

2205 2848 2555 2919 οἰκοδομῆσαι
2576 2844 2726 2902 οἶκον
2752 2847 2832 2920 τῷ
2858 2851 3083 2921 ὀνόματι
3112 2850 3275 2904 αὑτοῦ
3303 2846 3393 2922 (ἦν
3413 2850 3522 2921 γάρ
3540 2852 3574 2921 ἡ
3598 2850 3793 2922 πρώτη

2207 2940 2471 3012 ἐκκλησία
2505 2941 2680 3013 μικρά
2710 2942 2844 3014 πρὸς
2867 2943 2995 3005 τοὺς
3022 2942 3460 3014 εἰσερχομένους)
3483 2961 3497 2975 ·
3523 2943 3602 3007 ὡς
3630 2943 3687 2996 δὲ
3719 2939 3795 3014 ἦν

2206 3031 2299 3085 ἐπὶ
2331 3031 2622 3103 πρόσωπον
2647 3032 2897 3103 δεόμενος
2922 3031 3015 3087 τοῦ
3041 3032 3177 3086 Θεοῦ
3212 3034 3340 3105 περὶ
3361 3033 3460 3104 τῆς
3482 3033 3671 3104 χρείας
3693 3034 3790 3087 τοῦ

2207 3122 2358 3184 ναοῦ,
2393 3121 2483 3175 τοῦ
2512 3121 2644 3176 Θεοῦ
2679 3123 2829 3196 φωνὴ
2857 3124 3075 3193 ἐγένετο
3100 3125 3235 3196 πρὸς
3260 3125 3421 3178 αὐτόν
3440 3141 3454 3155 ο
3481 3125 3789 3194 Ἐπιφάνιε,

2208 3212 2393 3284 φησίν.
2454 3211 2514 3269 Ὀ
2557 3214 2614 3268 δὲ
2658 3213 2976 3283 Ἐπιςράνιος
3027 3214 3207 3268 εἰώθει
3258 3213 3518 3279 πολλάκις
3568 3214 3795 3271 ἀκούειν

2208 3303 2462 3375 τοιαύτης
2489 3306 2673 3376 φωνῆς
2695 3323 2707 3337 ·
2761 3306 2834 3378 μὴ
2861 3306 3150 3377 ταραχθεὶς
3180 3302 3274 3359 οὖν
3312 3301 3463 3360 εἶπεν
3484 3323 3497 3337 ·
3525 3306 3589 3357 Τί
3619 3307 3792 3370 ἐστιν,

2206 3395 2235 3447 6
2271 3393 2403 3458 Θεός
2450 3410 2588 3465 μου;
2637 3395 2745 3449 Καὶ
2785 3395 2946 3449 πάλιν
2970 3412 2983 3425 ο
3017 3395 3213 3465 Ἀρξαι
3239 3395 3333 3449 τοῦ
3371 3396 3671 3466 οἰκοδομεῖν
3698 3394 3795 3447 τδν

2207 3480 2374 3540 οἶκον.
2417 3487 2475 3540 '0
2503 3486 2559 3540 δὲ
2606 3485 2921 3555 Ἐπιφάνιος
2961 3487 3163 3551 εύοέως
3205 3485 3280 3557 μὴ
3320 3486 3591 3557 μελλήσας
3636 3485 3797 3556 ἐξῆλ-

2209 3578 2321 3645 θεν,
2358 3582 2452 3634 καὶ
2476 3579 2737 3651 ἐποίησεν
2766 3579 2865 3650 τὴν
2893 3579 3080 3650 εὐχὴν,
3106 3577 3202 3633 καὶ
3228 3579 3407 3632 πᾶσαν
3430 3577 3528 3649 τὴν
3559 3577 3792 3631 ἀκολου-

2208 3667 2357 3722 θείαν
2387 3667 2481 3722 τοῦ
2510 3668 2696 3734 τόπου,
2729 3670 2822 3723 καὶ
2847 3669 3190 3740 παρέστησεν
3216 3666 3482 3737 τεχνίτας.
3510 3662 3691 3720 Ἦσαν
3727 3666 3792 3719 δὲ

2206 3761 2255 3814 oi
2300 3761 2557 3831 ἄρχοντες
2587 3761 2686 3832 τῆς
2730 3760 3016 3832 οἰκοδομῆς
3069 3759 3162 3813 τοῦ
3204 3760 3355 3813 οίκου
3389 3757 3453 3822 ξ’,
3485 3759 3579 3811 καὶ
3608 3757 3791 3828 πλήθη

2207 3850 2379 3903 πολ-λά
2425 3852 2506 3914 είς
2551 3850 2648 3923 τὴν
2698 3850 2902 3903 τούτων
2947 3850 3269 3921 ὑπηρεσίαν.
3320 3844 3498 3903 Ἦσαν
3560 3850 3617 3903 δὲ
3664 3850 3790 3903 τότε

2210 3943 2468 4013 Ἕλληνες
2492 3944 2548 3996 ἐν
2575 3946 2640 4015 τῇ
2678 3943 2829 3996 πόλει
2872 3942 3115 3997 πλούσιοι
3146 3942 3354 4014 ἄνδρες,
3386 3943 3477 3996 ἐπὶ
3511 3943 3791 4015 κυριεύσει

2206 4034 2503 4103 χρημάτων
2526 4050 2584 4085 τε
2611 4034 2703 4086 καὶ
2734 4032 3050 4103 κτημάτων.

2277 4126 2415 4179 MA'.
2465 4120 2572 4178 Ἶιν
2613 4123 2670 4177 δέ
2727 4140 2811 4186 τις
2852 4122 3182 4193 καλούμενος
3227 4121 3486 4193 Δράκων·
3539 4119 3686 4190 παρὰ
3726 4120 3787 4172 δὲ

2206 4213 2478 4277 πλείστοις
2503 4212 2719 4281 ἐλέγετο
2747 4212 2775 4265 6
2805 4211 2997 4280 Μέγας
3015 4210 3255 4284 Δράκων.
3280 4204 3448 4273 υῦτος
3480 4205 3623 4280 εἶχεν
3650 4209 3786 4262 υἱόν·

2206 4305 2450 4358 ὲκαλείτο
2476 4304 2532 4359 δὲ
2561 4304 2656 4359 καὶ
2687 4296 2841 4368 οὗτος
2871 4303 3118 4376 Δράκων.
3148 4297 3318 4367 Οὗτος
3359 4302 3467 4356 ἀπὸ
3506 4301 3789 4365 καύσωνος

2205 4397 2380 4452 δεινοῦ
2422 4397 2622 4451 ἔπαθεν
2649 4398 2747 4468 τὴν
2777 4396 2958 4464 δεξιὰν
2990 4395 3247 4468 πλευράν.
3279 4396 3390 4449 Καὶ
3419 4396 3588 4451 πολλά
3619 4398 3647 4450 6
3682 4414 3787 4450 πα-

2205 4490 2311 4560 τὴρ
2359 4490 2524 4544 αύτοῦ
2565 4491 2644 4556 είς
2687 4490 2813 4554 τοὺς
2863 4490 3079 4561 ἰατροὺς
3110 4489 3601 4561 καταδαπανήσας,
3634 4489 3787 4542 οὐδὲν

2206 4579 2452 4651 ὠνήσατο
2502 4581 2601 4652 τῆς
2653 4579 2861 4650 ὑγείας.
2902 4581 2958 4635 '0
2991 4576 3084 4635 οὖν
3135 4580 3326 4649 Μέγας
3356 4580 3581 4651 Δράκων
3616 4581 3791 4634 πολλὰ

2206 4668 2547 4724 ἐπεδείκνυεν
2596 4669 2741 4724 κακά
2788 4670 2924 4742 πρὸς
2977 4669 3294 4740 Ἐπιφάνιον
3349 4669 3436 4723 διὰ
3478 4669 3651 4737 λόγων
3693 4671 3787 4722 καὶ

2205 4760 2400 4833 ἔργων.
2450 4763 2507 4815 '0
2540 4761 2597 4816 δὲ
2622 4761 2939 4832 Ἐπιφάνιος
2966 4762 3021 4815 εῐ
3050 4779 3180 4815 ποτε
3220 4760 3409 4815 τοῦτον
3443 4760 3608 4831 ἐώρα,
3634 4759 3782 4831 πρῶ.

2204 4871 2296 4918 τος
2342 4851 2876 4926 προσεκύνει.“Ποτὲ
2925 4849 3019 4909 οὖν
3064 4854 3384 4923 Ἐπιφάνιος
3436 4851 3648 4926 παριὼν
3696 4852 3790 4907 διὰ

2205 4944 2389 5010 τόπου,
2439 4945 2515 5010 ὡς
2558 4941 2698 5017 ἦσαν
2740 4945 2978 5010 ἅπαντες
3029 4948 3078 4999 oi
3134 4945 3377 5000 πλούσιοι
3421 4947 3480 5000 ἐν
3519 4945 3596 5017 τῷ
3635 4946 3789 5015 τόπῳ

2206 5036 2501 5108 καθήμενοι
2532 5038 2623 5092 ἐπὶ
2654 5037 2893 5090 σελλίωνο.
2921 5033 3028 5090 Ἦν
3056 5037 3112 5091 δὲ
3142 5039 3233 5090 καὶ
3264 5040 3292 5091 ὁ
3317 5038 3505 5106 Μέγας
3535 5037 3785 5107 Δράκων,

2205 5128 2297 5182 καὶ
2347 5130 2374 5182 6
2420 5128 2533 5192 υἱὸς
2575 5127 2736 5183 αὑτοῦ
2775 5130 2804 5182 6
2841 5129 3082 5184 ἀσθενῶν
3136 5131 3195 5183 ἐν
3234 5128 3311 5200 τῷ
3353 5130 3521 5200 τόπῳ.
3566 5130 3653 5191 Ὠς
3690 5127 3788 5183 οὖν

2205 5220 2313 5273 ῐδον
2344 5220 2657 5290 Ἐπιφάνιον
2679 5259 2696 5279 .
2733 5220 3045 5289 κατεγέλων
3085 5219 3250 5273 αὑτοῦ
3273 5238 3285 5249 ·
3317 5222 3345 5274 6
3378 5219 3435 5273 δὲ
3466 5220 3789 5287 Ἐπιφάνιος

2204 5310 2431 5379 ἐγγίσας
2480 5314 2573 5365 καὶ
2620 5313 3001 5384 προσκυνήσας
3048 5311 3269 5375 τούτους
3295 5352 3310 5375 ,
3349 5310 3651 5381 ἐκράτησεν
3691 5311 3785 5364 τὸν

2206 5401 2403 5471 μικρὸν
2422 5402 2697 5471 Δράκοντα
2730 5399 2838 5454 ἀπὸ
2862 5401 2961 5471 τῆς
2986 5401 3169 5473 χειρὸς
3198 5400 3361 5453 αὑτοῦ
3388 5400 3560 5464 οὕτως
3586 5400 3780 5467 λέγων·

2204 5492 2449 5562 Δράκων,
2473 5494 2626 5563 φησὶ,
2648 5492 2805 5561 γενοῦ
2832 5493 2925 5547 καὶ
2954 5494 3116 5556 αὐτὸς
3146 5494 3424 5562 ὑγιαίνων.
3448 5494 3557 5547 Kal
3578 5491 3783 5556 εὐθέως

2206 5579 2302 5633 σὺν
2334 5579 2411 5650 τῷ
2457 5579 2599 5650 λόγῳ
2635 5581 2956 5654 Ἐπιφανίου
2995 5583 3213 5651 ἐγένετο
3253 5581 3412 5655 ὑγιὴς
3458 5584 3486 5635 6
3530 5582 3778 5654 Δράκων.
