4058 6420
280 305 373 362 11
1645 305 1706 361 S.
1751 302 1930 360 EPiPl

2037 300 2103 356 ill
2139 301 2298 358 l'lTA
2311 341 2325 356 .
3549 311 3616 369 78

298 400 426 484 Kal.
450 426 662 493 ἰδόντες
690 429 939 493 ἅπαντες
975 426 1294 500 ἐξέστησαν.
1323 424 1470 481 Ἰδὼν
1497 426 1555 483 δὲ
1577 428 1606 481 6
1639 426 1866 498 Δράκων
1894 425 1922 479 ὃ

2037 430 2210 477 autem
2237 421 2465 477 vidisset
2494 419 2666 478 Draco
2721 420 2864 490 quod
2892 419 3093 479 fecerat
3117 421 3476 494 Epiphanius,
3504 443 3616 499 prae

307 522 576 593 ἐποίησεν
604 520 940 593 Ἐπιφάνιος
959 562 973 585 ,
1014 522 1124 576 ἀπὸ
1157 521 1321 591 φόϐου
1360 520 1457 573 καὶ
1489 520 1692 592 τρόμου
1740 519 1924 573 οὐκέτι

308 610 563 682 ἠδυνήθη
607 612 944 683 περιπατεῖν
983 613 1041 665 ἐν
1085 610 1165 681 τῷ
1212 609 1350 681 οἴκῳ
1391 608 1558 664 αὐτοῦ
1603 611 1715 673 τοῖς
1760 607 1924 662 αὐτοῦ

317 704 487 756 ποσὶν
522 703 601 768 ὡς
648 702 865 758 εἰώθει·
919 702 1054 756 ἀλλά
1102 700 1473 772 βαστάσαντες
1518 700 1682 756 αὐτὸν
1725 698 1926 771 ἔθηκαν

310 792 426 845 ἐπὶ
456 792 674 864 κλίνης.
718 793 832 847 Καὶ
857 793 925 864 τῇ
950 790 1118 845 ἐωθεν
1183 790 1404 863 ἔρχεται
1435 791 1470 862 ή
1495 790 1632 861 γυνὴ
1669 786 1764 843 τοῦ
1795 789 1928 860 Δρά-

314 902 521 948 κοντος
546 925 562 949 ,
608 885 704 939 καὶ
746 884 926 939 δέεται
971 883 1325 955 Ἐπιφανίου,
1376 883 1525 947 ὅπως
1604 880 1774 936 ἐλθὼν
1830 882 1927 935 καὶ

315 977 569 1047 ποιήσας
614 976 781 1049 εὐχὴν
849 975 1038 1031 τοῦτον
1080 974 1307 1047 ἐγείρει.
1360 976 1421 1029 '0
1466 969 1560 1030 οὖν
1612 973 1924 1044 Ἐπιφάνιος

314 1065 608 1138 ἐπορεύθη
641 1068 698 1121 ἐν
722 1065 803 1138 τῷ
816 1065 956 1137 οἴκῳ
980 1064 1076 1120 τοῦ
1112 1065 1418 1137 Δράκοντος
1438 1081 1454 1097 ο
1481 1067 1577 1120 καὶ
1608 1064 1925 1136 εὐξάμενος,

314 1157 540 1221 εὐθέως
586 1159 791 1231 ἀνέστη
816 1160 847 1213 6
874 1159 1101 1231 Δράκων
1133 1158 1243 1213 ἀπὸ
1267 1159 1367 1230 τῆς
1410 1157 1601 1231 κλίνης
1629 1156 1814 1212 αὐτοῦ.
1847 1157 1927 1228 Τῇ

310 1248 428 1306 οὖν
454 1252 626 1307 ἔωθεν
651 1250 832 1305 λαϐὼν
864 1250 1280 1322 πεντακισχίλια
1325 1250 1663 1321 νομίσματα,
1696 1250 1929 1321 ἤνεγκεν

313 1343 664 1415 Ἐπιφανίῳ.
710 1343 770 1397 '0
796 1343 855 1396 δὲ
894 1342 1215 1412 Ἐπιφάνιός
1263 1359 1427 1413 φησιν
1453 1359 1469 1373 °
1501 1340 1678 1413 Ἐμοὶ,
1716 1341 1924 1404 τέκνον,

317 1436 563 1507 ἀρκέσει
584 1429 667 1500 είς
693 1434 1040 1506 χειτωνίσκος
1062 1433 1159 1487 ἐπὶ
1186 1433 1282 1488 τοῦ
1319 1433 1621 1506 σωματίου,
1650 1433 1746 1487 καὶ
1770 1432 1928 1507 ἄρτοι

318 1530 548 1600 χυδαῖον,
581 1527 720 1599 μετά
748 1527 942 1592 ὓδατος
975 1526 1287 1599 πινομένου.
1325 1527 1391 1580 Τί
1425 1544 1536 1599 μοι,
1569 1527 1723 1598 φησὶ,
1754 1544 1928 1599 προσ-

325 1626 494 1694 άγεις
538 1623 702 1695 βάρος
723 1663 738 1688 ,
773 1620 909 1694 ἐμοῦ
947 1621 1021 1694 μὴ
1055 1619 1303 1685 θέλοντός
1340 1637 1402 1674 σε
1437 1620 1756 1692 βαρεῖσθαι;
1786 1621 1927 1675 Ἀλλ’

324 1720 384 1771 εἰ
438 1716 616 1780 θέλεις
665 1715 1024 1787 δοξασθῨλναι,
1077 1712 1281 1768 ἄπελθε
1315 1714 1410 1769 καὶ
1440 1715 1928 1787 προσπαράμεινον

2033 514 2228 569 timore
2275 520 2330 568 et
2364 522 2601 568 tremore
2635 528 2742 568 non
2793 514 2967 583 potuit
3001 514 3256 585 amplius,
3290 526 3349 573 ut
3382 519 3614 590 solebat,

2035 605 2114 659 ire
2160 604 2406 671 domum,
2443 604 2729 660 ambulans
2767 604 2884 660 suis
2926 605 3176 675 pedibus,
3215 608 3310 663 sed
3344 619 3613 678 portatus.

2034 693 2268 764 Fuitque
2288 692 2505 765 positus
2526 710 2692 765 supra
2722 696 2943 752 lectum.
2971 694 3129 752 Mane
3149 711 3280 752 vero
3309 700 3454 754 venit
3479 717 3614 757 uxor

2036 784 2321 848 Draconis,
2359 796 2414 842 et
2445 796 2602 858 rogat
2622 786 3008 857 Epiphanium,
3033 796 3095 843 ut
3124 790 3349 847 veniens
3371 799 3426 846 et
3459 795 3618 848 emit-

2035 886 2155 933 tens
2203 878 2538 955 orationem,
2598 893 2722 934 eum
2763 878 2936 936 l‘aciat
2981 895 3225 952 surgere.
3280 880 3619 953 Epiphanius

2036 969 2219 1040 itaque
2261 968 2361 1025 ivit
2408 970 2463 1024 in
2504 970 2649 1026 aedes
2696 970 2984 1041 Draconis.
3016 972 3267 1042 Cumque
3315 974 3432 1043 ipse
3475 987 3621 1033 esset

2033 1068 2329 1130 precatus,
2387 1058 2563 1116 Draco
2613 1062 2850 1117 surrexit
2912 1063 3183 1133 protinus.
3238 1062 3344 1131 Qui
3409 1068 3620 1138 accepit

2033 1150 2277 1220 quinque
2322 1151 2495 1207 millia
2523 1168 2895 1219 nummorum,
2930 1162 2986 1209 et
3027 1169 3121 1209 eos
3146 1154 3343 1210 obtulit
3386 1156 3620 1227 Epipha-

2035 1243 2146 1298 nio.
2173 1241 2317 1299 Dicit
2337 1253 2520 1300 autem
2549 1244 2888 1316 Epiphanius
2918 1262 2932 1298 :
2965 1247 3116 1313 Mihi,
3148 1247 3244 1312 ﬁli,
3282 1265 3390 1303 una
3420 1232 3625 1305 sullicit

2037 1333 2289 1388 tunicella
2319 1342 2485 1406 ’super
2505 1335 2611 1391 hoc
2641 1336 3052 1406 corpusculum,
3086 1346 3138 1392 et
3168 1352 3337 1406 panes
3368 1339 3621 1408 vulgares

2033 1439 2160 1479 cum
2209 1437 2341 1495 potu
2367 1442 2545 1496 aquae.
2591 1426 2706 1483 Cur
2737 1428 2892 1493 mihi,
2941 1429 3142 1500 inquit,
3191 1446 3331 1486 onus
3361 1430 3615 1500 imponis,

2035 1528 2159 1571 cum
2198 1531 2298 1588 ego
2346 1518 2516 1573 nolim
2560 1528 2612 1575 te
2654 1520 2915 1592 gravari?
2968 1521 3072 1577 Sed
3120 1523 3164 1577 si
3209 1523 3344 1578 velis
3389 1523 3617 1593 gloriam

2034 1608 2320 1678 consequi,
2356 1610 2510 1675 vade,
2558 1619 2611 1666 et
2655 1627 2814 1685 mane
2860 1613 2914 1666 in
2947 1614 3146 1685 templo
3177 1613 3396 1676 Dci,-et
3444 1617 3622 1686 praebe

2036 1698 2161 1753 illos
2185 1699 2582 1758 laborantibus.
2602 1701 2695 1758 Sic
2719 1713 2901 1760 autem
2929 1704 3059 1762 fecit
3081 1705 3278 1772 Draco,
3299 1710 3623 1779 rogavitque

327 1808 418 1879 τῷ
444 1807 558 1879 ναῷ
586 1808 681 1861 τοῦ
708 1807 876 1862 Θεοῦ’
921 1807 1013 1860 καὶ
1060 1807 1268 1878 πάρεχε
1304 1805 1477 1860 ταῦτα
1517 1809 1633 1871 τοῖς
1665 1807 1930 1878 κάμνουσι

2040 1787 2427 1860 Epiphaniam,
2454 1801 2511 1848 et
2540 1793 2837 1864 baptizavit
2869 1796 3071 1867 ipsum,
3112 1808 3167 1854 et
3195 1814 3421 1856 uxorem
3475 1800 3616 1872 ejus,

327 1900 436 1953 καὶ
467 1898 754 1953 κοπιῶσιν.
796 1899 1092 1970 Ἐποίησεν
1143 1896 1201 1951 δὲ
1249 1899 1279 1952 6
1326 1897 1553 1969 Δράκων
1598 1896 1793 1966 οὕτως,
1842 1900 1937 1953 ml

331 1989 721 2060 παρεκάλεσεν
749 1988 1090 2058 Ἐπιφάνιον,
1137 1987 1234 2041 καὶ
1280 1986 1575 2043 ἐϐάπτισεν
1623 1986 1785 2041 αὐτὸν
1840 1989 1937 2042 καὶ

324 2080 439 2151 *τὴν
471 2083 705 2148 γυναῖκα
727 2077 916 2133 αὐτοῦ.

417 2171 547 2225 MB’.
591 2172 784 2236 ’Ἄλλος
828 2171 889 2225 δέ
916 2189 1022 2239 τις,
1057 2172 1309 2237 Συνέσιος
1337 2173 1583 2243 ὀνόματι,
1633 2172 1730 2227 καὶ
1772 2173 1936 2238 αὐτὸς

330 2263 601 2327 πλούσιος
645 2262 743 2329 ὣν,
775 2262 978 2334 Ἕλλην
1021 2263 1078 2316 δέ
1112 2264 1387 2335 ὑπῆρχεν·
1428 2255 1586 2327 οὗτος
1631 2258 1776 2334 εἶχεν
1823 2262 1936 2317 υἱὸν

334 2354 611 2427 μονογενῆ
645 2354 782 2409 ἐτῶν
812 2361 903 2424 ιγ’.
932 2352 1127 2428 Τούτῳ
1157 2356 1334 2420 ’πάθος
1362 2355 1614 2429 ἀνῆλθεν,
1660 2356 1754 2411 καὶ
1780 2373 1934 2430 περιο

333 2446 651 2500 εκύκλωσεν
679 2446 846 2500 αὑτοῦ
888 2446 982 2501 τὸν
1023 2447 1227 2519 αὐχένα
1248 2488 1262 2513 ,
1293 2448 1388 2502 καὶ
1421 2447 1716 2516 ἀπέπνιξεν
1750 2449 1934 2517 αὐτὸν,

330 2539 436 2591 καὶ
461 2536 733 2592 ἀπέθανεν
753 2555 766 2567 ·
797 2537 894 2591 καὶ
918 2533 987 2610 ἦν
1014 2538 1209 2603 πένθος
1236 2539 1332 2593 καὶ
1365 2540 1595 2604 κοπετδς
1621 2544 1680 2594 ἐν
1700 2541 1779 2614 τῷ
1802 2542 1937 2616 οἴκῳ

338 2629 533 2685 αὐτοῦ.
568 2624 665 2695 Εἷς
696 2630 755 2685 δέ
807 2648 915 2698 τις,
957 2631 1220 2703 Ἑρμείας
1257 2632 1524 2704 ὀνόματι,
1574 2634 1935 2705 Χριστιανὸς,

334 2717 500 2775 εἶπεν
536 2725 603 2792 τῇ
642 2721 813 2794 μητρὶ
842 2720 938 2774 τοῦ
968 2721 1156 2786 παιδός
1175 2738 1192 2755 σ
1225 2723 1436 2794 Κυρία,
1473 2723 1795 2796 δυσώπησον
1827 2742 1937 2779 πα-

333 2811 667 2883 ραγενέσθαι
687 2812 781 2865 τὸν
815 2811 987 2883 μέγαν
1014 2813 1354 2883 Ἐπιφάνιον,
1376 2815 1471 2869 καὶ
1500 2814 1723 2887 ἤγειρεν
1754 2816 1820 2872 ἂν
1845 2816 1938 2871 τὸν

341 2904 530 2956 παῖδα.
581 2903 693 2974 Τῆς
739 2902 796 2957 δὲ
842 2904 1232 2976 πιστευσάσης,
1265 2904 1470 2969 εὐθέως
1498 2907 1816 2961 ἀποστέλλει
1845 2909 1936 2963 τὸν

351 2995 616 3066 Ἑρμείαν
646 2995 783 3067 πρὸς
812 2996 1154 3066 Ἐπιφάνιον.
1195 2993 1305 3051 Ἦν
1337 2997 1447 3068 γὰρ
1495 2999 1524 3050 6
1563 2997 1825 3071 Ἑρμείας
1858 3003 1938 3055 υί-

337 3090 490 3152 οοεῖος
516 3087 700 3142 αὐτοῦ.
730 3087 938 3142 Ἐλθὼν
991 3088 1047 3143 δέ
1072 3089 1105 3142 6
1143 3088 1405 3162 Ἑρμείας
1432 3085 1585 3146 εἶπεν
1617 3093 1753 3164 πρὸς
1783 3092 1937 3148 Ἐπι-

340 3176 535 3246 φάνιον
555 3194 568 3206 ·
610 3178 803 3251 Κύριε,
830 3178 860 3229 ὁ
885 3178 1073 3250 κύριός
1104 3196 1204 3251 μου
1237 3180 1491 3245 Συνέσιος
1514 3181 1834 3239 ἀπέστειλέν
1863 3202 1931 3257 με

343 3271 485 3341 πρὸς
524 3271 605 3336 σὲ,
638 3272 787 3337 ὅπως
811 3272 929 3340 ἄγω
963 3289 1023 3328 σε
1047 3273 1140 3326 ἐπὶ
1165 3272 1259 3327 τοῦ
1288 3272 1441 3329 οἴκου
1472 3274 1663 3340 αὐτοῦ,
1692 3277 1787 3330 καὶ
1809 3277 1933 3349 δεη-

336 3362 447 3435 θῇς
497 3362 589 3417 τοῦ
632 3362 766 3418 Θεοῦ
802 3366 929 3439 περὶ
974 3363 1067 3418 τοῦ
1114 3364 1233 3418 υίοῢ
1280 3365 1466 3430 αὑτοῦ,
1513 3367 1594 3421 ὅτι
1639 3368 1929 3435 ἀπέθανεν,

304 3457 493 3523 ,ὅπως
533 3456 758 3529 ἀναστῇ.
805 3457 940 3510 Τότε
985 3456 1044 3510 δέ
1086 3456 1413 3529 Ἒπιφάνιος
1458 3459 1650 3515 ἐλαϐέν
1695 3479 1783 3533 με,
1839 3463 1932 3517 καὶ

341 3547 720 3621 ἐπορεύθημεν
767 3550 827 3602 ἐν
867 3548 946 3621 τῷ
989 3549 1124 3621 οἴκῳ
1165 3550 1440 3605 Συνεσίου.
1489 3553 1600 3607 Καὶ
1648 3554 1725 3620 ὡς
1769 3551 1932 3627 ἦλθεν

344 3638 666 3710 Ἐπιφάνιος
696 3642 754 3694 ἐν
785 3639 862 3712 τῷ
893 3640 1049 3711 οἴκῳ,
1078 3641 1272 3695 ἔπεσεν
1303 3645 1336 3716 ἡ
1380 3644 1515 3716 γυνὴ
1543 3639 1794 3701 Συνεσίου
1840 3649 1933 3702 ἐπὶ

343 3728 444 3800 τὴν
475 3730 596 3801 γῆν,
626 3730 898 3796 τοιούτους
929 3731 1120 3801 λόγους
1148 3733 1380 3802 λέγουσα
1406 3735 1544 3807 πρὸς
1571 3736 1888 3809 Ἐπιφάνιον
1915 3754 1928 3770 ⁸

345 3818 549 3885 Ἦλθες
592 3822 801 3888 ἐνθάδε,
847 3825 876 3877 6
929 3823 1104 3895 μέγας
1159 3825 1353 3897 ἰατρὸς
1392 3827 1501 3881 τῶν
1553 3830 1926 3901 Χριστιανῶνο

344 3911 519 3980 δεῖξον
561 3912 776 3985 τέχνην,
822 3912 1029 3985 ἴδομεν,
1069 3915 1306 3987 λάϐομεν
1357 3916 1433 3991 (a)
1469 3922 1667 3993 πεῖραν
1718 3923 1933 3995 ίατρευ-

347 4004 571 4068 θέντες,
625 4005 721 4057 καὶ
776 4004 918 4059 οὕτω
973 4005 1363 4081 προσέλθωμεν
1411 4009 1489 4081 τῷ
1536 4011 1757 4084 Χριστῷ
1811 4031 1927 4069 σου.

346 4094 533 4151 Ταῦτα
579 4096 637 4150 δὲ
680 4096 941 4168 εἰπούσης
980 4098 1078 4169 τῆς
1119 4101 1397 4168 γυναικὸς,
1434 4098 1585 4156 εἶπεν
1614 4103 1933 4175 Ἐπιφάνιος

344 4187 487 4258 πρὸς
519 4188 716 4260 αὐτὴν
755 4182 885 4243 Ἐὰν
926 4190 1203 4256 πιστεύεις
1244 4192 1323 4263 τῷ
1360 4194 1790 4266 ἐσταυρωμένῳ,
1825 4196 1929 4269 ὄψῃ

347 4278 439 4331 τὸν
468 4278 634 4333 παῖδα
666 4280 1092 4351 περιπατοῦντα.
1118 4278 1287 4337 Εἶπεν
1312 4283 1369 4337 δὲ
1397 4284 1457 4338 τὸ
1484 4284 1706 4355 γύναιον
1723 4303 1737 4317 ·
1769 4288 1932 4342 Ἀλλο

343 4368 501 4421 οὐδὲν
532 4369 840 4441 εὑρίσκεται
869 4372 928 4424 ἐν
954 4371 1200 4445 λογισμῷ
1232 4391 1356 4446 μου,
1407 4375 1439 4447 ἢ
1477 4376 1538 4429 τὸ
1570 4377 1730 4446 μόνον
1762 4395 1934 4452 προσ-

2036 1886 2088 1933 ct
2120 1878 2316 1934 tilium.

2106 2154 2264 2211 XLII.
2308 2156 2542 2225 Quidam
2600 2170 2779 2217 autem
2833 2163 3004 2230 alius,
3056 2166 3281 2222 nomine
3334 2166 3620 2239 Sj‘ncsius,

2038 2248 2132 2317 qui
2173 2248 2291 2318 ipse
2327 2265 2547 2321 quoque
2592 2261 2712 2308 erat
2748 2253 2921 2320 dives,
2976 2256 3069 2311 sed
3105 2258 3343 2327 gentilis,
3387 2261 3623 2318 habebat

2036 2338 2211 2396 lilium
2268 2342 2605 2414 unigenam,
2660 2345 2919 2401 tredecim
2974 2363 3150 2405 annos
3213 2359 3423 2409 natum.
3482 2353 3619 2409 Eum

2039 2433 2263 2489 morbus
2287 2436 2507 2498 invasit.
2533 2446 2587 2492 et
2613 2437 2815 2494 collum
2855 2438 2979 2509 ejus
3008 2440 3391 2511 circumdedit,
3413 2455 3468 2502 et
3495 2461 3620 2502 eum

2039 2523 2349 2591 suﬂocavit,
2384 2534 2445 2581 et
2478 2537 2561 2583 est
2590 2536 2866 2585 mortuus.
2892 2529 3134 2602 Eratque
3173 2549 3406 2605 magnus
3442 2537 3623 2595 luctus

2037 2626 2092 2673 et
2138 2618 2391 2688 planctus
2435 2620 2493 2675 in
2535 2619 2701 2676 domo
2744 2621 2882 2692 ejus.
2927 2623 3160 2689 Quidam
3195 2643 3324 2683 vero
3364 2627 3624 2685 llermcas

2037 2710 2284 2777 nomine,
2326 2710 2699 2778 Christianus,
2744 2714 2887 2793 dixit.
2920 2717 3084 2771 matri
3128 2719 3324 2787 pueri:
3372 2721 3622 2787 Domina,

2040 2802 2249 2860 utinam
2302 2802 2520 2861 adesset
2564 2820 2799 2876 magnus
2858 2806 3235 2878 Epiphanius!
3288 2811 3334 2866 is
3390 2827 3620 2882 puerum

2038 2894 2351 2952 suscitaret.
2386 2896 2461 2952 Ea
2492 2907 2673 2953 autem
2707 2899 2960 2967 credens,
2986 2903 3173 2957 statim
3207 2901 3497 2960 Hermeam
3524 2908 3621 2962 mi-

2037 2987 2106 3041 sit
2141 2988 2209 3043 ad
2250 2987 2641 3060 Epiphaniam.
2675 2990 2808 3046 Erat
2835 2992 2981 3048 enim
3009 2992 3272 3052 Hermeas
3306 2997 3353 3051 ei
3380 2995 3588 3053 familia
3609 3031 3623 3039 -

2041 3079 2137 3134 ris.
2170 3079 2421 3151 Cumque
2463 3082 2707 3139 venisset
2743 3082 3006 3140 Hernieas
3032 3127 3047 3154 ,
3090 3086 3226 3142 dixit
3273 3087 3579 3158 Epiphanio
3609 3111 3621 3145 ε

2044 3170 2276 3228 Domine
2318 3174 2417 3241 mi,
2461 3175 2720 3233 dominus
2751 3193 2907 3233 meus
2944 3178 3206 3251 Synesius
3251 3181 3402 3237 misit
3433 3200 3520 3239 me
3556 3186 3623 3239 ad

2041 3274 2124 3330 te,
2160 3274 2221 3321 ut
2247 3274 2300 3322 te
2327 3267 2524 3323 ducam
2560 3270 2613 3324 in
2659 3271 2883 3324 domum
2935 3286 3127 3338 suam,
3160 3283 3215 3327 et
3248 3290 3405 3344 roges
3452 3275 3621 3333 Deum

2036 3372 2140 3428 pro
2184 3358 2298 3416 tilio
2338 3359 2479 3431 ejus,
2515 3362 2608 3430 qui
2639 3370 2725 3417 est
2766 3370 3042 3430 mortuus,
3082 3373 3141 3419 ut
3171 3376 3438 3437 resurgat.
3471 3366 3626 3423 Tunc

2041 3465 2128 3505 me
2160 3451 2370 3522 accepit
2398 3452 2756 3524 Epiphanius,
2799 3463 2854 3510 et
2896 3455 3096 3513 ivimus
3123 3461 3176 3512 in
3212 3458 3433 3514 domum
3459 3459 3627 3532 Syne-

2038 3541 2131 3598 sii.
2180 3540 2425 3615 Cumque
2462 3545 2689 3601 domum
2740 3554 2887 3601 esset
2935 3547 3217 3618 ingressus
3263 3549 3621 3622 Epiphanius,

2038 3634 2237 3691 cecidit
2264 3635 2420 3691 humi
2463 3653 2604 3693 uxor
2647 3638 2881 3709 Syncsii,
2930 3640 3047 3696 haec
3081 3642 3242 3697 verba
3272 3643 3461 3700 dicens
3493 3644 3623 3716 Epi-

2040 3728 2243 3799 phanio
2272 3748 2285 3784 :
2319 3727 2529 3787 Venisti
2560 3731 2688 3796 huc,
2712 3731 2805 3801 qui
2839 3748 2898 3787 es
2928 3748 3161 3805 magnus
3191 3736 3436 3791 medicus
3460 3738 3624 3792 Chri—

2040 3820 2348 3876 stianorum
2375 3836 2390 3886 ;
2429 3819 2713 3876 videamus
2743 3832 2914 3877 artem
2951 3832 3098 3878 tuam
3132 3824 3187 3878 in
3219 3823 3414 3888 lilium,
3446 3839 3500 3882 et
3530 3845 3623 3884 ac-

2040 3912 2308 3983 cipiamus
2371 3913 2545 3969 curati
2606 3915 3037 3984 experientiam;
3099 3926 3154 3973 et
3205 3916 3285 3972 sic
3336 3920 3403 3973 ad
3468 3928 3622 3976 tuum

2034 4002 2321 4059 Christum
2370 4005 2719 4061 accedamus.
2764 4005 2905 4061 Cum
2965 4008 3081 4064 lucc
3126 4009 3356 4066 dixisset
3408 4013 3621 4077 mulier,

2040 4094 2179 4149 dixit
2201 4094 2250 4149 ei
2278 4094 2616 4165 Epiphanius
2638 4115 2650 4151 :
2673 4095 2729 4151 Si
2758 4098 3059 4155 credideris
3085 4099 3383 4167 Cruciﬁxo,
3413 4104 3623 4161 videbis

2041 4186 2212 4240 lilium
2242 4195 2392 4239 tuum
2430 4188 2824 4243 ambulantem.
2856 4189 3005 4245 Dixit
3031 4200 3217 4247 autem
3251 4176 3572 4252 muliercula
3604 4217 3619 4253 :

2038 4275 2147 4331 Sed
2183 4276 2320 4330 nihil
2347 4277 2493 4332 aliud
2522 4279 2703 4349 cogito
2732 4279 2785 4332 in
2815 4281 3023 4345 animo,
3059 4281 3163 4337 nisi
3197 4294 3430 4339 mentem
3463 4286 3621 4342 adhi-

2040 4370 2169 4425 bere
2194 4369 2493 4426 Cruciﬁxo.
2542 4370 2682 4425 Cum
2726 4370 2911 4441 itaque
2958 4370 3293 4443 Epiphanius
3322 4377 3388 4432 ad
3422 4378 3619 4434 lectum

348 4459 495 4530 ἐχειν
542 4477 609 4531 με
633 4460 709 4533 τῷ
742 4463 1159 4548 ἐσταυρῳμένῳ.
1200 4466 1261 4519 '0
1286 4461 1380 4520 οὖν
1408 4469 1726 4537 Ἐπιφάνιος
1760 4488 1928 4543 προσ-

2043 4462 2389 4526 accessisset,
2435 4469 2491 4516 et
2519 4461 2719 4517 collum
2765 4462 2920 4533 pueri
2964 4474 3377 4533 contrertasset,
3423 4478 3477 4523 et
3504 4472 3623 4540 ejus

351 4552 575 4621 εγγίσας
601 4553 693 4608 ἐπὶ
720 4556 820 4625 τῆς
847 4540 1068 4626 κλίνης,
1096 4558 1193 4612 xal.
1224 4559 1502 4630 ἁψάμενος
1529 4560 1623 4614 τοῦ
1659 4540 1928 4636 τραχηλου

348 4643 443 4697 τοῦ
477 4645 784 4718 παιδαρίου,
831 4648 926 4702 καὶ
952 4648 1240 4720 διατρίψας
1264 4650 1428 4704 αὐτοῦ
1462 4652 1553 4706 τὸν
1580 4654 1806 4724 αὐχένα,
1850 4652 1931 4708 εἶ-

348 4752 449 4789 πεν
485 4738 620 4808 πρὸς
661 4739 822 4791 αὑτὸν
855 4738 1023 4810 ἱλαρῷ
1060 4740 1139 4811 τῷ
1168 4740 1477 4813 προσώπῳ·
1508 4744 1828 4816 Εύστόργιε.
1872 4748 1931 4801 '0

347 4826 405 4879 δὲ
432 4829 562 4891 παῖς
589 4826 791 4892 εὐθέως
819 4828 1055 4898 ἀνέῳξεν
1095 4830 1222 4895 τοὺς
1246 4830 1578 4904 ὀφθαλμοὺς,
1612 4835 1705 4889 καὶ
1726 4836 1932 4895 ,ἀνεκά-

347 4920 499 4974 θισεν
540 4920 632 4973 ἐπὶ
680 4920 779 4991 τῆς
815 4920 1039 4993 κλίνης’
1082 4923 1176 4976 καὶ
1219 4922 1609 4995 ἐθαμϐήθησαν
1656 4929 1808 4982 οίνέν
1853 4929 1932 5001 τῷ

304 5045 325 5053 -
349 5009 504 5080 οἴκῳ.
540 5009 747 5063 Ἰδοῦσα
775 5005 867 5065 οὖν
895 5011 928 5082 ἡ
957 5012 1142 5083 μήτηρ
1170 5012 1499 5085 Εύστοργίου
1537 5014 1600 5068 τὸ
1647 5017 1930 5088 γινόμενον

350 5101 437 5154 διὰ
476 5100 795 5172 Ἐπιφανίου
829 5103 921 5155 ἐπὶ
960 5103 1020 5155 τὸ
1051 5103 1297 5170 παιδίον,
1339 5105 1610 5181 λαϐομένη
1658 5109 1931 5181 τρισχίλια

352 5192 676 5264 νομίσματα,
726 5194 957 5266 ἧνεγκεν
986 5192 1309 5267 Ἐπιφανίῳ.
1338 5191 1505 5250 Εἶπεν
1528 5198 1584 5251 δὲ
1614 5199 1932 5269 Ἐπιφάνιος

349 5284 488 5355 πρὸς
529 5286 735 5356 αὐτήν·
789 5284 1035 5349 Τούτοις,
1084 5288 1270 5356 φησὶν,
1323 5287 1435 5357 ἐγὼ
1487 5291 1548 5342 o6
1598 5292 1839 5362 χρῶμαι,
1886 5286 1931 5345 ὧ

351 5377 626 5450 ἐλευθέρα.
655 5377 817 5432 Ἀλλά
840 5376 1021 5432 λαϐὼν
1048 5379 1210 5441 αὐτὰ,
1239 5382 1374 5450 φησὶ
1392 5422 1406 5445 ,
1439 5381 1691 5446 Συνέσιος
1722 5384 1750 5436 6
1789 5382 1930 5454 σύμ-

354 5470 464 5533 ἅὸς
506 5488 621 5534 σου,
651 5469 1013 5525 ἀπελεύσεται
1040 5471 1133 5524 ἐπὶ
1162 5471 1263 5543 τὸν.
1287 5467 1436 5527 οἷκον
1479 5473 1572 5528 τοῦ
1618 5475 1931 5546 ἐγείραντος

351 5563 438 5616 τὴν
466 5562 577 5620 υἱόν
607 5580 726 5628 σου,
763 5562 860 5615 καὶ
880 5561 1159 5617 ’ἀποδώσει
1187 5566 1301 5629 τοῖς
1327 5564 1610 5620 κοπιῶσιν.
1641 5567 1930 5637 Ἐποίησεν

419 5697 491 5768 (η)
532 5698 788 5768 Ἵδομεν,
836 5681 1118 5765 λάϐωμεν.
1164 5695 1392 5754 Formas
1434 5701 1647 5756 dialecti
1701 5703 1932 5758 Alexan-

349 5767 513 5826 drina;
579 5767 821 5826 libenter
890 5781 1276 5833 agnoscerem,
1345 5770 1450 5826 nisi
1523 5772 1929 5830 rescribendum

2039 4555 2306 4609 cervicem
2345 4553 2620 4622 fricasset,
2672 4555 2811 4611 dixit
2840 4557 2889 4612 ei
2917 4557 3069 4612 vultu
3107 4559 3264 4613 hilari
3294 4577 3308 4612 :
3340 4560 3618 4635 Eustorgi.

2040 4648 2090 4702 ls
2117 4658 2298 4702 autem
2330 4647 2585 4718 protinus
2612 4648 2827 4719 aperuit
2856 4650 3068 4715 oculos,
3102 4661 3158 4707 et
3187 4653 3327 4708 sedit
3350 4670 3513 4726 super
3546 4658 3622 4712 lc-

2037 4748 2186 4793 ctum
2214 4754 2227 4790 :
2258 4747 2313 4794 et
2357 4739 2720 4794 admiratione
2756 4741 2993 4809 perculsi
3025 4751 3175 4805 sunt,
3224 4744 3319 4814 qui
3363 4756 3521 4801 erant
3567 4749 3619 4799 iu

2037 4829 2222 4884 domo.
2262 4829 2406 4884 Cum
2436 4844 2564 4884 vero
2596 4829 2825 4885 vidisset
2861 4838 3032 4886 mater
3058 4830 3332 4904 Eustorgii
3375 4835 3426 4890 id
3470 4839 3614 4905 quoi

2038 4919 2241 4974 factum
2266 4922 2442 4975 fuerat
2468 4934 2564 4990 per
2589 4919 2956 4991 Epiphanium
2986 4921 3041 4976 in
3065 4938 3256 4995 puero,
3284 4927 3486 4998 accepit
3517 4931 3620 4984 tria

2038 5011 2206 5065 millia
2241 5026 2591 5065 nummorum
2623 5019 2677 5065 et
2701 5012 2903 5067 obtulit
2932 5012 3256 5083 Epiphanio.
3279 5015 3616 5075 Dixitautem

2036 5103 2085 5157 ei
2117 5102 2454 5173 hpiphanius
2476 5120 2489 5157 :
2515 5101 2607 5159 Eis
2630 5119 2731 5175 ego
2761 5120 2872 5161 non
2902 5115 3044 5172 utor,
3068 5120 3103 5161 ο
3132 5108 3328 5161 mulier
3350 5109 3616 5181 ingenua;

2039 5196 2131 5251 sed
2174 5195 2404 5249 maritus
2435 5204 2564 5251 tuus
2593 5210 2691 5254 eos
2737 5197 2991 5268 accipiet,
3042 5205 3098 5253 et
3143 5198 3242 5253 ibit
3292 5200 3361 5256 ad
3393 5202 3617 5259 domum

2037 5287 2178 5357 ejus,
2229 5288 2322 5357 qui
2371 5297 2528 5343 tuum
2577 5291 2837 5345 excitavit
2889 5290 3085 5358 ﬁlium,
3120 5288 3179 5346 et
3208 5277 3358 5350 dabit
3409 5295 3478 5352 iis
3520 5301 3615 5368 qui

2037 5379 2305 5434 laborant.
2342 5378 2435 5436 Sic
2457 5389 2637 5436 autem
2670 5380 2797 5436 fecit
2836 5380 3117 5453 Synesius.
3149 5382 3383 5456 Fuitque
3411 5387 3619 5444 illumi-

2040 5480 2200 5526 natus
2237 5472 2373 5541 ipse,
2410 5481 2463 5527 et
2487 5488 2626 5527 uxor
2650 5473 2792 5543 ejus,
2835 5482 2891 5529 et
2932 5473 3099 5543 ﬁlius,
3131 5491 3293 5548 quem
3336 5490 3615 5538 mortuum

2037 5562 2331 5617 suscitarat
2355 5562 2711 5633 Epiphanius.

2036 5696 2418 5780 esse_‘t6mp:v,
2459 5696 2751 5780 λάεξξομεν,
2795 5716 3029 5774 sequens
3078 5704 3464 5780 προσέλθωμεν
3494 5724 3617 5779 per-

2037 5769 2307 5827 suaderet.
2348 5784 2505 5834 ..om,
2537 5769 2645 5825 Pu
2658 5788 2778 5830 ειμι.
