4058 6422
500 306 569 361 79
1784 301 1843 365 S.
1888 308 2232 366 EPIPIIANII
2278 308 2458 367 VITA.
3677 319 3749 377 80

494 424 552 478 δὲ
601 420 851 486 Συνέσιος
882 423 1073 488 οὕτως.
1101 422 1400 493 Ἐφωτίσθη
1453 423 1506 475 δὲ
1558 421 1736 490 αὐτὸς,
1783 424 1875 477 καὶ
1926 427 1957 495 ὴ
2000 425 2133 494 γυνὴ
2173 425 2357 489 αὑτοῦ,
2418 424 2511 479 καὶ
2566 425 2594 478 6
2637 424 2751 489 υίὸς
2800 427 2983 494 αὑτοῦ,
3030 428 3091 484 δν
3140 430 3358 502 ἤγειρεν
3404 429 3675 487 τεθνεῶτα
3716 435 3748 485 6

497 520 833 587 Ἐπιφάνιος.

566 612 745 667 XLIII.
789 612 922 667 Cum
961 612 1256 682 aliquando
1280 624 1527 664 essemus
1562 610 1612 663 in
1645 610 1779 674 inde,
1807 621 1860 664 et
1883 611 2057 664 nnIIns

2240 605 2370 662 Ml".
2414 605 2551 659 Ποτὲ
2582 601 2675 660 οὖν
2705 605 2874 660 ὄντων
2898 605 3053 678 ήμῶν
3078 609 3136 661 ἐν
3163 606 3242 679 τῷ
3268 608 3424 679 οἴκῳ,
3454 608 3547 662 καὶ
3578 606 3747 679 μηδε-

493 717 639 760 655ιί
676 705 845 767 alius,
895 702 1205 780 dixitcmihi
1256 701 1595 772 Epiphanius
1635 716 1649 753 :
1687 700 1788 755 Fili
1840 700 2062 771 Polybi,

493 797 754 865 quoniam
789 809 927 865 opus
967 794 1126 848 habet
1158 792 1397 847 Ectlesia
1426 792 1745 863 presbytero
1791 792 1843 845 in
1885 792 2062 845 locum

496 887 673 943 Patris
703 887 876 943 nostri
905 884 1170 952 Joannis,
1203 884 1359 955 volo,
1405 899 1441 938 ο
1489 884 1562 938 Illi
1583 925 1598 949 ,
1639 893 1697 938 nt
1728 884 1806 939 sis
1834 884 1886 937 in
1922 884 2064 937 illius

493 982 702 1036 ordine.
734 980 868 1033 (tum
901 993 1001 1049 ego
1050 985 1232 1033 autem
1279 991 1344 1032 ea
1393 986 1515 1046 quae
1569 974 1891 1030 dicebantur
1922 988 2065 1043 aegre

494 1071 714 1135 ferrem,
745 1079 801 1126 et
825 1069 1004 1125 verbis
1029 1062 1281 1139 plurimis
1312 1080 1646 1129 recusarem,
1672 1065 1822 1119 venit
1849 1072 2063 1133 tempus

490 1163 765 1228 ecclesiae,
820 1168 879 1216 ut
919 1160 1165 1216 divinum
1208 1157 1514 1214 faceremus
1565 1156 1823 1212 oliicium.
1871 1154 2058 1227 Ingre-

492 1253 765 1309 dientibus
807 1266 940 1308 vero
989 1251 1146 1307 nobis
1191 1251 1444 1306 omnibus
1490 1264 1625 1315 cum.
1662 1248 1967 1320 Epiphanio
2005 1248 2060 1303 in

490 1345 799 1411 ecclesiam,
831 1344 885 1398 in
909 1344 1093 1397 animo
1119 1342 1279 1397 habui
1304 1340 1585 1412 aufugere.
1603 1339 1902 1412 presbyteri
1920 1353 2062 1395 onus

487 1450 653 1506 grave
682 1449 806 1490 esse
848 1432 1189 1488 existimans.
1237 1430 1468 1498 Quando
1499 1440 1682 1487 autem
1716 1430 2061 1500 pervenimus

487 1526 558 1581 ad
588 1521 1309 1597 suggestum,’Epiphanius
1342 1536 1427 1576 me
1458 1536 1623 1576 manu
1667 1533 1889 1588 tenens,
1924 1520 2061 1577 dixit

490 1614 622 1667 mihi
653 1631 666 1668 :
691 1612 848 1667 Mane
876 1614 930 1667 in
964 1612 1068 1667 hoc
1096 1612 1216 1665 loco
1239 1626 1412 1682 usque
1439 1612 1505 1666 ad
1532 1620 1768 1682 tempus.
1792 1610 2059 1665 Admirati

486 1715 635 1773 sunt,
653 1706 749 1777 qui
776 1705 924 1761 hunc
949 1718 1256 1767 semionem
1287 1704 1598 1759 audierunt.
1633 1704 1743 1774 Ego
1776 1713 1921 1760 certe
1949 1718 2057 1759 non

489 1797 639 1868 potui
671 1795 907 1866 amplius
935 1809 1003 1851 ex
1031 1810 1097 1851 eo
1131 1795 1250 1850 loco
1284 1796 1472 1865 pedem
1521 1795 1723 1858 levare,
1779 1794 1870 1849 sed
1908 1809 2056 1849 eram

488 1888 652 1945 veluti
698 1886 892 1943 ferreis
939 1885 1110 1942 clavis
1159 1889 1428 1941 conlisus.
1463 1884 1695 1951 Quando
1736 1893 1917 1941 autem
1956 1886 2058 1941 fuit

2174 697 2262 760 νὸς
2303 696 2456 758 ὄντος
2494 695 2713 767 ἐτέρου,
2745 691 2897 750 εἶπεν
2936 698 3072 769 πρὸς
3109 698 3177 768 μὲ
3206 701 3236 752 6
3265 697 3611 767 Ἐπιφάνιος·
3639 699 3748 752 Tia

2173 803 2296 840 κνον
2324 784 2573 850 noxam,
2603 786 2791 857 ἐπειδὴ
2820 789 3008 857 χρείαν
3039 788 3153 860 ἔχει
3197 789 3231 860 ἡ
3264 788 3563 861 Ἐκκλησία
3608 807 3742 862 πρεο

2173 877 2433 950 σϐυτέρου
2464 880 2544 942 είς
2573 876 2665 931 τὸν
2692 878 2855 932 τόπον
2901 879 2996 934 τοῦ
3038 880 3250 952 Πατρὸς
3286 881 3444 952 ὴμῶν
3471 881 3747 944 Ἰωάννου,

2170 968 2308 1022 θέλω
2339 986 2419 1034 σε,
2454 970 2663 1033 τέκνον,
2694 965 2831 1022 εἶναι
2859 972 2917 1023 ἐν
2951 973 3013 1042 τῇ
3045 971 3197 1037 τάξει
3237 973 3467 1026 ἐκείνου.
3495 970 3663 1043 Ἐμοῦ
3690 974 3750 1027 δὲ

2171 1059 2383 1132 βαρέως
2409 1061 2666 1131 φέροντος
2698 1063 2789 1115 ἐπὶ
2818 1064 2929 1125 τοῖς
2948 1061 3317 1133 λαλουμένοις,
3334 1063 3430 1117 καὶ
3452 1081 3752 1136 παραιτου-

2172 1151 2332 1222 μένου
2371 1151 2464 1203 ἐπὶ
2498 1149 2771 1216 πλείστοις
2815 1152 3013 1221 λόγοις,
3053 1151 3287 1221 ιφθασεν
3333 1155 3363 1206 6
3408 1154 3601 1225 καιρὸς
3645 1153 3753 1222 τῆς

2167 1243 2481 1312 ἐκκλησίας,
2516 1241 2610 1296 τοῦ
2642 1243 2865 1315 ποιῆσαι
2889 1245 2951 1299 τὺ
2986 1244 3146 1316 ἔργον
3175 1245 3271 1298 τοῦ
3296 1245 3522 1316 Κυρίου.
3560 1244 3750 1316 Ἦμῶν

2166 1337 2223 1390 δὲ
2253 1337 2509 1391 ἁπάντων
2551 1338 2947 1410 εἰσερχομένων
2982 1337 3121 1408 μετὰ
3158 1331 3479 1408 Ἐπιῲανίου
3507 1339 3601 1392 ἐπὶ
3643 1338 3751 1408 τῆς

2166 1426 2490 1498 ἐκκλησίας,
2539 1427 2696 1498 ἐσχον
2741 1426 3002 1498 λογισμὸν
3052 1426 3147 1482 τοῦ
3192 1428 3531 1500 ἀποδρᾶσαι,
3581 1427 3751 1499 βάρος

2166 1518 2467 1590 ἡγούμενος
2512 1517 2575 1572 τὸ
2630 1518 2847 1590 φορτίον
2893 1515 2989 1571 τοῦ
3035 1518 3430 1589 πρεσϐυτέρου.
3477 1518 3607 1572 Ὀτε
3651 1514 3750 1572 οὖν

2165 1610 2398 1680 ἔφθασεν
2437 1609 2532 1664 ἐπὶ
2560 1610 2623 1663 τὸ
2665 1609 2849 1680 βῆμα,
2881 1610 3161 1680 κρατήσας
3195 1626 3263 1681 με
3293 1608 3609 1679 Ἐπιφάνιος
3644 1609 3749 1679 τῆς

2164 1701 2374 1774 χειρὸς,
2401 1696 2555 1755 εἶπεν
2595 1701 2732 1774 πρὸς
2759 1701 2863 1772 μέο
2902 1700 3045 1755 Μένε
3077 1701 3171 1754 ἐπὶ
3208 1700 3288 1771 τῷ
3312 1702 3462 1772 τόπῳ
3487 1700 3594 1764 ἓως
3623 1718 3749 1754 και.⁹

2168 1793 2283 1865 ροῦ.
2315 1792 2625 1858 Ἐξίσταντο
2678 1792 2737 1845 δὲ
2788 1791 2990 1856 πάντες
3036 1794 3085 1846 οἱ
3131 1792 3419 1856 ἀκούοντες
3458 1791 3551 1845 τὸν
3585 1791 3748 1859 λόγον

2163 1883 2371 1938 τοῦτον.
2401 1882 2545 1953 Ἐγὼ
2588 1878 2680 1937 οὖν
2705 1882 2887 1937 οὐκέτι
2917 1882 3189 1954 ἠδυνήθην
3223 1883 3481 1953 κουφίσαι
3516 1898 3619 1953 μου
3650 1883 3749 1935 τὸν

485 1979 752 2050 completa
800 1986 912 2033 tota
957 1977 1367 2049 consequentia,
1420 1984 1550 2031 tunc
1602 1975 1752 2031 misit
1785 1992 1955 2032 unum
1993 1994 2057 2033 cx

2163 1975 2299 2030 πόδα
2344 1977 2410 2029 ὲκ
2465 1974 2557 2029 τοῦ
2611 1974 2814 2028 τόπου·
2861 1974 2976 2028 ἀλλ’
3035 1976 3186 2048 ἥμην
3233 1975 3310 2040 ὡς
3357 1975 3748 2047 καθηλωμένος

484 2068 750 2133 diaconis,
775 2076 831 2123 et
870 2083 958 2123 me
981 2068 1134 2123 duxit
1163 2067 1228 2122 ad
1275 2068 1466 2132 altare,
1498 2075 1551 2121 ct
1582 2067 1854 2122 ordinavit
1892 2084 2049 2139 pres-

490 2160 764 2230 byterum.
818 2154 943 2211 Post
1023 2155 1267 2211 ecclesias
1316 2169 1447 2211 vero
1500 2154 1896 2219 dimissionem,
1947 2172 2059 2228 pra:

482 2258 627 2305 metu
677 2245 846 2303 cecidi
876 2246 930 2300 in
965 2246 1197 2314 lectum,
1233 2254 1287 2301 et
1349 2247 1508 2303 valde
1559 2248 1614 2303 in
1657 2248 1882 2320 grabato
1907 2262 2060 2304 com-

483 2338 775 2410 primebar,
795 2338 970 2395 donec
990 2338 1330 2411 Epiphanius
1349 2340 1631 2412 ingressus
1652 2349 1754 2406 est,
1770 2349 1824 2396 et
1846 2341 2019 2395 oravit
2039 2356 2055 2405 ;

480 2437 535 2484 ιιι
563 2427 745 2483 statim
779 2426 1014 2483 surrexi.

556 2704 741 2761 XLIV.
776 2706 1085 2776 Aliquando
1109 2715 1292 2763 autem
1326 2708 1473 2764 venit
1523 2708 1745 2780 quidam
1793 2708 2057 2764 diaconus

488 2796 903 2868 Hierosolymis,
935 2807 989 2852 et
1018 2799 1353 2854 renuntiavit
1397 2800 1701 2870 Epiphanio
1755 2800 1822 2855 de
1847 2798 2058 2854 Joanne

481 2890 740 2961 episc0po
799 2888 1315 2961 llierosolymitano,
1351 2891 1498 2961 quod
1553 2900 1699 2947 esset
1756 2905 1974 2952 avarus,
2003 2898 2058 2945 et

2167 2067 2305 2138 μετὰ
2331 2068 2449 2139 σιδή
2461 2084 2588 2138 ρων.
2614 2069 2743 2121 Ὅτε
2770 2067 2826 2120 δὲ
2857 2066 3145 2139 ἐπληρώθη
3181 2068 3331 2122 πᾶσα
3368 2069 3402 2139 ἡ
3431 2066 3745 2129 ἀκολουθία,

2162 2156 2285 2210 τότε
2313 2155 2628 2210 ἀπέστειλεν
2655 2157 2752 2211 ἕνα
2768 2154 2878 2209 τῶν
2900 2155 3180 2221 διακόνων,
3199 2155 3295 2210 καὶ
3318 2154 3524 2225 ἤγαγέν
3554 2170 3622 2225 με
3652 2154 3750 2207 ἐπὶ

2162 2249 2256 2303 τοῦ
2279 2247 2684 2318 θυσιαστηρίου,
2717 2248 2811 2301 καὶ
2842 2246 3219 2319 ἐχειροτόνησέ
3255 2264 3325 2318 με
3350 2246 3742 2319 πρεσεύτερον·

2164 2339 2258 2393 καὶ
2298 2337 2436 2409 μετὰ
2468 2339 2567 2409 τὴν
2594 2337 2858 2392 ἀπόλυσιν
2897 2338 2996 2408 τῆς
3037 2335 3364 2407 ἐκκλησίας,
3415 2337 3525 2391 ἀπὸ
3576 2336 3748 2407 φόϐου

2164 2428 2333 2482 ἔπεσα
2372 2428 2467 2481 ἐπὶ
2514 2429 2614 2499 τῆς
2665 2427 2873 2497 κλίνης,
2925 2427 3022 2482 καὶ
3066 2427 3214 2497 ήμην
3259 2427 3613 2497 συνεχόμενος
3648 2427 3750 2482 ἐπὶ

2164 2518 2465 2589 κρασάτου,
2497 2517 2602 2581 ἓως
2629 2509 2691 2570 οὗ
2720 2512 2881 2587 ἦλθεν
2914 2515 3253 2585 Ἐπιφάνιος,
3280 2516 3375 2570 καὶ
3406 2514 3626 2586 ηὔξατο,
3650 2516 3749 2569 καὶ

2163 2606 2364 2671 εὐθέως
2395 2605 2649 2674 ἀνέστην.

2234 2699 2364 2753 llA'.
2400 2697 2535 2751 Τότε
2567 2695 2659 2751 οὖν
2693 2696 2770 2767 (a)
2810 2695 3139 2767 παρεγένετό
3164 2712 3248 2759 τις
3280 2695 3391 2749 ἀπὸ
3446 2696 3746 2769 Ἰεροσολύ-

2167 2806 2281 2859 μων
2318 2787 2582 2853 διάκονος,
2640 2787 2735 2840 καὶ
2778 2785 3112 2857 ἀπήγγειλεν
3163 2785 3465 2857 Ἐπιςρανίῳ
3515 2787 3583 2841 τά
3613 2791 3749 2861 περὶ

2162 2879 2410 2933 Ἰωάννου
2441 2875 2535 2932 τοῦ
2568 2876 2874 2931 ἐπισκόπου
2913 2875 3298 2948 Ἰεροσολύμων
3320 2918 3337 2944 ,
3365 2878 3449 2931 ὅτι
3478 2878 3746 2951 φιλάργυ-

484 2984 786 3038 includeret
815 2983 1098 3054 pecunias,
1122 2993 1175 3038 et
1204 2998 1310 3037 non
1361 2984 1730 3054 suppeditaret
1764 2981 2055 3053 indigenti-

2167 2988 2277 3042 ρος,
2309 2971 2494 3041 φησιν,
2527 2968 2697 3034 ἐστὶν,
2726 2968 2820 3021 καὶ
2842 2966 2914 3054 τά
2955 2968 3212 3039 χρήματα
3256 2968 3618 3054 ἐναποκλείων
3653 2973 3747 3024 ἐν-

486 3067 605 3124 bus.
638 3051 986 3123 Habitaverat
1011 3078 1189 3122 autem
1222 3068 1310 3123 hic
1355 3051 1595 3124 Joannes
1639 3068 1704 3147 in.
1723 3051 2056 3124 monasterio

2163 3061 2434 3131 δεομένοις
2464 3060 2525 3112 οὐ
2559 3058 2808 3129 παρέχει.
2841 3053 2950 3112 Ἦν
2970 3059 3027 3112 δὲ
3064 3060 3092 3111 6
3120 3058 3373 3130 Ἰωάννης
3405 3051 3560 3124 οὗτος
3586 3061 3744 3133 οἰκή-

482 3158 664 3228 magni
699 3157 996 3215 llilarionis
1018 3174 1039 3211 ς
1072 3174 1183 3229 quo
1216 3157 1419 3214 factum
1445 3168 1549 3224 est,
1595 3169 1657 3213 ut
1686 3146 1793 3214 una
1836 3172 2055 3228 quoque

2164 3167 2263 3227 σας
2288 3151 2346 3203 ἐν
2384 3149 2461 3220 τῷ
2504 3147 2850 3219 μοναστηρίῳ
2883 3146 2976 3200 τοῦ
3004 3146 3238 3217 μεγάλου
3296 3146 3622 3218 Ὶλαρίωνος,
3666 3148 3747 3208 ὡς

479 3265 603 3305 cum
623 3258 689 3305 eo
712 3249 968 3304 habitarit
988 3249 1345 3319 Epiphanius.
1363 3248 1701 3320 Epiphanius
1723 3251 1906 3321 itaque
1927 3251 2056 3305 scri-

2163 3241 2481 3310 Ἐπιφάνιος
2510 3237 2819 3310 συνῴκησεν
2841 3236 3009 3308 αὐτῷ.
3042 3236 3101 3290 '0
3129 3232 3550 3306 οὖνἘπιφάνιος
3578 3236 3749 3308 ἐγρα-

479 3341 588 3409 psit
613 3341 892 3412 epistolam
922 3340 988 3396 ad
1037 3339 1301 3397 Joannem
1332 3341 1399 3397 de
1432 3342 1807 3397 misericordia
1849 3342 1904 3395 in
1935 3355 2052 3406 eos,

2163 3330 2257 3400 ψεν
2290 3328 2580 3399 ἐπιστολὴν
2593 3326 2673 3398 τῷ
2691 3326 2935 3399 Ἰωάννῃ,
2956 3327 3084 3397 περὶ
3110 3327 3205 3380 τοῦ
3224 3327 3394 3380 ἐλεεῖν
3411 3328 3535 3390 τοὺς
3550 3327 3751 3396 χρείαν

475 3433 570 3504 qui
601 3434 863 3504 indigent.
891 3431 1129 3488 Joannes
1153 3441 1334 3489 autem
1366 3434 1610 3503 epistulae
1636 3435 1840 3489 nullam
1865 3432 2054 3489 habuit

2163 3422 2394 3493 ἔχοντας.
2438 3420 2494 3475 ὐ
2521 3420 2579 3472 δὲ
2608 3419 2862 3491 Ἰωάννης
2890 3419 3044 3472 οὐδὲν
3088 3418 3189 3489 τῆς
3233 3418 3519 3490 ἐπιστολῆς
3551 3420 3744 3489 ὲποῖηο

481 3524 768 3578 rationem.
804 3522 923 3579 Non
956 3524 1030 3578 ita
1077 3524 1248 3579 multo
1296 3534 1426 3595 post
1455 3530 1705 3593 tempore
1743 3524 1881 3578 dixit
1920 3523 2052 3577 mihi

2163 3529 2272 3566 σεν.
2303 3511 2458 3566 Μετὰ
2506 3509 2564 3563 δὲ
2586 3509 2775 3580 χρόνον
2798 3508 2858 3562 οὐ
2886 3508 3050 3563 πολὺν
3079 3505 3230 3563 εἶπεν
3254 3508 3570 3578 Ἑπιφάνιος
3605 3508 3745 3579 πρὸς

479 3613 816 3684 Epiphanius
850 3632 863 3668 :
897 3614 1030 3686 Age,
1064 3615 1165 3679 liii,
1188 3630 1380 3671 eamus
1416 3614 1785 3681 Hierusalem,
1834 3625 1889 3669 et
1925 3629 2049 3671 cum

2163 3606 2257 3676 μέ·
2300 3603 2471 3676 Δεῦρο
2501 3602 2588 3674 δὴ,
2622 3601 2851 3667 τέκνον,
2902 3600 3299 3672 πορευσώμεθα
3344 3603 3422 3664 είς
3473 3602 3747 3673 Ἰερουσαο

478 3703 912 3770 adoraverimus,
967 3713 1327 3759 revertemur.
1382 3704 1519 3759 Cum
1564 3720 1595 3760 e
1641 3704 1818 3776 Cypro
1868 3714 2050 3759 autem

2163 3696 2288 3767 λὴμ.
2315 3696 2412 3750 καὶ
2449 3695 2930 3765 προσκυνήσαντες
2980 3691 3363 3764 ἀναλύσωμεν.
3405 3692 3746 3765 ’Δπάραντες

481 3794 859 3859 solvissemus,
917 3795 1293 3865 navigavimus
1334 3795 1645 3850 Caesaream
1703 3795 1967 3865 Philippi;
2000 3805 2053 3850 et

2163 3788 2210 3841 δὲ
2231 3786 2340 3840 ἀπὸ
2362 3785 2587 3856 Κύπρου
2614 3782 3037 3853 ἀπεπλεύσαμεν
3057 3783 3115 3837 ἐν
3137 3782 3442 3855 Καισαρείᾳ
3464 3786 3530 3854 τῇ
3555 3782 3747 3836 Φιλίπ-

478 3886 631 3941 illinc
646 3886 993 3942 ascendimus
1022 3885 1378 3941 Hierusalem.
1406 3887 1654 3956 Cumque
1674 3887 1879 3957 egressi
1903 3901 2053 3942 esse-

2163 3896 2258 3932 που
2280 3895 2294 3909 ’
2324 3875 2581 3931 κάκεῖθεν
2618 3874 2890 3946 άνέϐημεν
2914 3876 2994 3938 εἰς
3028 3874 3408 3946 Ἰεροσόλυμα·
3439 3877 3531 3928 καὶ
3566 3875 3743 3929 ὲλθόνυ

479 3990 604 4033 mus
630 3985 684 4032 et
715 3991 1049 4042 orassemus,
1079 3977 1429 4032 ascendimus
1452 3977 1504 4031 in
1536 3978 1933 4047 episcopatum.
1965 3975 2055 4032 Vi-

476 4067 664 4138 ditque
694 4065 934 4123 Joannes
964 4065 1353 4137 Epiphanium,
1380 4076 1433 4122 ct
1465 4083 1662 4139 magno
1700 4067 1803 4123 fuit
1826 4067 2052 4125 affectus

476 4159 698 4231 gaudio:
722 4157 922 4214 Joanni
979 4166 1159 4214 autem
1188 4158 1325 4214 dixit
1350 4159 1691 4229 Epiphanius
1728 4176 1741 4213 :
1778 4159 1856 4214 Da
1890 4160 2050 4225 mihi,

476 4248 654 4316 Pater,
680 4250 901 4304 domum
921 4249 986 4304 ad
1012 4250 1358 4305 manendum.
1375 4249 1636 4320 Deditque
1651 4251 1810 4305 nobis
1829 4250 2052 4305 domum

478 4342 919 4412 pulcherrimam.
983 4341 1239 4407 Quotidie
1296 4349 1479 4396 autem
1530 4343 1761 4401 vocabat
1812 4340 2053 4396 Joannes

480 4431 844 4503 Epiphaniam
880 4431 946 4485 ad
997 4445 1271 4493 mensam,
1305 4438 1766 4501 sumptuososque
1819 4432 1969 4485 cibos
2001 4440 2055 4485 et

482 4532 644 4594 potus
678 4522 837 4576 nobis
882 4521 936 4574 in
988 4535 1231 4575 mensam
1282 4519 1491 4576 ferebat
1537 4520 1913 4593 [titullumque
1962 4539 2054 4579 ar-

479 4613 625 4682 genti
646 4611 1032 4667 commutando
1050 4610 1309 4666 aﬂerebat
1337 4611 1388 4664 in
1408 4610 1713 4683 mensam];
1734 4628 1845 4683 quo
1873 4614 2053 4682 ﬁebat,

481 4712 540 4758 ut
577 4716 845 4775 pauperes
880 4716 988 4756 non
1013 4709 1197 4756 essent
1219 4701 1530 4771 participes.
1557 4702 1871 4772 Aliquando
1928 4720 2057 4760 vero

479 4796 618 4851 dixit
663 4793 859 4850 Joanni
892 4793 1230 4865 Epiphanius
1261 4809 1274 4845 :
1309 4792 1386 4847 Da
1426 4794 1581 4861 mihi,
1618 4810 1653 4850 ο
1690 4794 1849 4850 PaL-.r
1880 4794 2053 4861 Joan-

2153 3986 2245 4032 τες
2270 3969 2363 4021 καὶ
2389 3966 2675 4038 εὐξάμενοι
2705 3966 2977 4036 ἀνέὸημεν
3006 3966 3086 4028 εἰς
3137 3963 3199 4017 τὸ
3226 3966 3574 4019 ἐπισκοπεῖσν
3595 3980 3608 3994 ⁸
3644 3965 3745 4019 καὶ

2155 4058 2264 4113 ἴδεν
2290 4057 2541 4125 Ἰωάννης
2566 4057 2657 4111 τὸν
2683 4056 3021 4124 Ἐπιφάνιον,
3057 4054 3148 4109 καὶ
3180 4055 3352 4126 ἐχάρη
3376 4055 3548 4126 χαρὰν
3571 4056 3745 4125 μεγά-

2155 4149 2275 4220 λην.
2309 4144 2479 4203 Εἶπεν
2504 4148 2561 4200 δὲ
2591 4148 2912 4216 Ἐπιφάνιος
2943 4145 3019 4217 τῷ
3058 4146 3283 4221 Ἰωάννῃ
3307 4165 3321 4179 ·
3372 4148 3472 4212 Δός
3494 4165 3606 4218 μοι,
3636 4165 3744 4220 φη-

2157 4238 2263 4303 σὶν,
2290 4235 2458 4304 οἷκον,
2510 4238 2721 4303 τέκνον,
2776 4238 2868 4291 ἐπὶ
2890 4236 2951 4289 τὸ
2980 4240 3179 4308 μεῖναι.
3213 4238 3454 4293 Ἔδωκεν
3510 4239 3566 4292 δὲ
3608 4242 3743 4310 ἡμῖν

2160 4330 2444 4384 κάλλιστον
2470 4323 2636 4383 οἷκον.
2670 4328 2807 4382 Καθ’
2838 4329 3051 4402 ἡμέραν
3081 4325 3172 4384 οὖν
3205 4331 3234 4384 6
3258 4330 3512 4400 Ἰωάννης
3554 4330 3743 4384 ἐκάλει

2157 4422 2251 4475 τὸν
2278 4420 2601 4491 Ἐπιφάνιον
2628 4421 2719 4474 ὲπὶ
2750 4421 3050 4493 τραπέζης,
3073 4421 3169 4474 καὶ
3222 4419 3567 4475 πολυτέλειαν
3593 4416 3742 4493 βρωο

2161 4511 2345 4582 μάτων
2396 4511 2490 4564 καὶ
2515 4511 2774 4581 πομάτων
2798 4511 2989 4583 ἔφερεν
3015 4513 3147 4583 ἡμῖν
3167 4513 3224 4565 ἐν
3246 4513 3315 4582 τῇ
3343 4510 3613 4582 τραπέζῃ,
3630 4511 3743 4565 τῶν

2158 4602 2215 4657 δὲ
2245 4603 2493 4674 πενήτων
2545 4601 2791 4674 άμοίρων
2829 4602 3019 4665 ὄντων,
3051 4602 3147 4656 καὶ
3176 4602 3283 4656 ἀπὸ
3327 4602 3552 4658 τούτων.
3603 4603 3743 4657 Ποτὲ

2161 4686 2252 4745 οὖν
2280 4687 2435 4746 εἶπεν
2462 4690 2782 4761 Ἐπιφάνιος
2813 4691 2948 4763 πρὸς
2976 4693 3259 4763 Ἰωάννην·
3291 4693 3391 4756 Δός
3405 4709 3519 4763 μοι,
3549 4692 3739 4763 φησὶν,

2155 4775 2200 4835 ὧ
2234 4781 2416 4854 Πάτερ
2463 4780 2739 4853 Ἰωάννης,
2799 4782 3038 4854 ἄργυρον
3092 4782 3228 4854 πρὸς
3260 4782 3591 4854 ὑπηρεσίαν·
3633 4782 3743 4853 ἔχω

480 4901 596 4951 nes,
627 4891 913 4955 argentum
967 4885 1035 4937 ad
1066 4898 1227 4937 usum
1278 4897 1484 4936 meum.
1539 4881 1680 4938 Sunt
1708 4884 1840 4938 mihi
1869 4884 2051 4939 alendi

2163 4871 2264 4943 γὰρ
2296 4870 2492 4944 θρέψαι
2517 4871 2799 4944 Κυπρίους
2822 4872 3026 4944 ἄνδρας
3046 4890 3061 4904 ο
3089 4874 3366 4944 φαντάσω,
3420 4873 3555 4944 φησὶ
3577 4913 3592 4938 ,
3620 4874 3744 4927 τού-

477 4974 577 5031 viri
628 4972 848 5046 Cyprii;
895 4973 980 5029 eis
1019 4973 1289 5027 exhibebo
1324 4973 1668 5043 magniﬁcam
1719 4975 1797 5029 tui
1835 4978 2049 5044 argenti

2163 4980 2280 5027 τους
2300 4961 2381 5034 τῷ
2414 4962 2493 5035 σῷ
2508 4962 2780 5034 ἀργυρίῳ.
2811 4964 2891 5017 Τὰ
2907 4963 3015 5034 γὰρ
3042 4963 3457 5018 καλλιστεύοντα
3484 4968 3543 5020 ἐν
3562 4965 3641 5036 τῷ
3663 4966 3742 5038 σῷ

475 5066 733 5135 speciem.
763 5063 949 5119 Praabe
978 5078 1137 5119 servo
1173 5072 1286 5127 tuo,
1337 5080 1459 5134 quae
1510 5074 1639 5119 sunt
1685 5068 2048 5134 pulcherrima

2163 5052 2285 5122 οἴκῳ
2314 5052 2521 5123 πάρεχε
2560 5052 2640 5122 τῷ
2681 5051 2860 5124 δούλῳ
2899 5070 2991 5107 σου
3026 5055 3162 5125 πρὸς
3184 5054 3342 5122 δόξαν
3376 5055 3475 5127 τὴν
3503 5056 3620 5127 σὴν,
3646 5060 3741 5108 καὶ

322 5192 363 5249 ,ι
478 5156 533 5207 in
560 5155 722 5210 domo
767 5164 879 5222 tua,
922 5155 988 5210 ad
1027 5164 1171 5208 tuam
1221 5154 1474 5222 gloriam,
1526 5162 1577 5208 et
1619 5155 1685 5209 de
1732 5156 1839 5210 luis
1887 5154 2047 5213 factis

2163 5142 2346 5212 ἔσομαι
2372 5142 2725 5213 καυχώμενος
2752 5144 2844 5196 ἐπὶ
2875 5147 2988 5207 σοῖς
3040 5145 3221 5216 ἔργοις
3247 5163 3287 5205 ·,
3313 5145 3473 5217 μόνον
3519 5149 3741 5217 μνήμην

478 5244 770 5311 gloriabor,
813 5255 872 5299 ut
917 5244 1012 5314 qui
1058 5244 1161 5300 sim
1210 5254 1471 5315 perpetuo
1524 5247 1911 5302 monstrandus
1965 5248 2047 5302 di-

2163 5231 2325 5301 Ξπεχε
2363 5231 2470 5285 τῶν
2492 5231 2813 5303 διδομένων,
2857 5239 2952 5287 καὶ
3016 5234 3242 5305 ὕστερον
3280 5233 3465 5289 ἀποδῶ
3505 5236 3567 5289 τὸ
3600 5238 3736 5306 πρέ-

478 5336 609 5406 gito.
661 5332 973 5391 Memineris
1028 5344 1237 5390 tantum
1297 5352 1488 5390 eorum
1542 5352 1663 5406 quae
1714 5337 1944 5399 dantur;
1992 5348 2050 5390 ct

2163 5336 2278 5373 πον.
2325 5320 2382 5373 '0
2403 5321 2458 5373 δὲ
2493 5319 2745 5393 Ἰωάννης
2771 5324 3092 5395 παρήγαγεν
3116 5325 3259 5378 κατὰ
3282 5327 3570 5397 πρόσωπον
3586 5325 3737 5379 Ἐπι-

436 5424 625 5495 .quod
710 5430 958 5491 oportet,
1039 5434 1226 5494 postca
1304 5426 1398 5479 tibi
1460 5425 1732 5480 reddetur.
1813 5425 2053 5480 Joannes

2163 5409 2350 5477 φανίου
2392 5410 2558 5465 πολὺν
2605 5411 2864 5483 ἄργυρον.
2913 5411 3084 5469 Εἶπεν
3142 5416 3197 5470 δὲ
3228 5416 3547 5486 Ἐπιεράνιος
3603 5417 3739 5489 πρὸς

481 5523 664 5571 autem
708 5514 964 5584 produxit
1012 5515 1242 5570 multum
1304 5518 1514 5587 argenti
1567 5519 1622 5574 in
1674 5527 2049 5586 conspectum.

2163 5501 2414 5572 Ἰωάννην
2444 5519 2457 5529 ·
2502 5503 2688 5556 Ἔστιν
2714 5521 2816 5570 σοι,
2844 5506 3029 5578 φησιν,
3070 5507 3432 5581 ἀποκείμενος
3462 5510 3557 5565 καὶ
3582 5509 3743 5579 ἄλλος

551 5647 630 5720 (a)
665 5647 859 5718 Interp.
895 5645 1027 5716 Icgit'
1051 5649 1198 5702 ποτέ.
