4058 6470
268 456 335 516 ει
1603 454 1661 509 S.
1706 448 2047 507 EPlPllANll
2089 450 2262 512 VITA.
2700 454 2725 461 ’
3479 451 3549 504 8‘2

280 575 541 644 ἄργυρος,
578 565 629 627 ὦ
659 571 880 642 Πάτερ;
908 567 1075 626 Εἶπεν
1102 569 1157 623 δὲ
1192 569 1442 638 Ἰωάννης
1470 569 1606 641 πρὸς
1632 567 1877 638 Ἐπιφά-

2002 563 2085 632 lui
2142 546 2281 622 utin
2331 565 2380 623 ei

284 677 424 717 νιον·
455 663 655 734 Ἀρκεῖ
682 679 768 716 σοι
793 662 930 727 τέως
952 654 1106 724 οὗτος
1138 661 1273 733 πρὸς
1304 659 1400 733 σήν
1427 658 1875 732 ὑπηρεσίαν,Πά-

288 768 387 824 τερ
437 747 615 806 Εἶπεν
676 752 734 805 δὲ
786 752 1102 821 Ἑπιφάνιος
1150 752 1285 822 πρὸς
1334 750 1589 823 Ἰωάννην
1615 769 1628 783 ο
1667 753 1874 819 Ἀγαγε

291 842 566 907 κάκεῖνον,
597 842 805 912 Πάτερ,
833 844 982 905 ὅπως
1006 841 1358 913 ξενισθῶμεν.
1381 841 1489 896 Τοῦ
1512 840 1570 895 δὲ
1590 840 1878 912 προσενέγ-

292 947 493 994 καντος
514 931 613 984 καὶ
642 930 734 1005 τον
758 931 963 999 λοιπὸν,
987 927 1139 986 εἷπεν
1164 931 1485 1003 Ἐπιφάνιος
1519 932 1656 1005 πρὸς
1690 933 1876 987 Ἰωάν-

294 1038 398 1092 νην
416 1038 431 1053 ·
457 1022 558 1087 Δός
591 1040 681 1095 μοι
709 1023 780 1078 τὰ
812 1025 1150 1094 φαντάζοντα
1177 1026 1305 1089 τοὺς
1341 1025 1677 1098 ἐλευθέρους.
1708 1022 1877 1081 Εἶπεν

294 1113 359 1167 δὲ
388 1113 643 1185 Ἰωάννης
674 1115 811 1185 πρὸς
839 1116 1189 1185 Ἐπιφάνιονο
1225 1110 1475 1173 Ἃπαντα
1515 1117 1585 1173 τὰ
1610 1118 1879 1187 τέρποντα

296 1204 428 1267 τοὺς
465 1203 592 1267 σοὺς
624 1203 942 1276 ἀνθρώπους
972 1205 1143 1274 δέξαι,
1178 1207 1273 1263 καὶ
1297 1207 1615 1281 διακόνησω
1640 1211 1767 1273 τοὺς
1800 1209 1876 1281 (α)

296 1293 389 1343 ἐτῖ
416 1292 663 1362 ἀρίστου.

377 1383 512 1437 ΜΕΥ.
546 1384 741 1439 Λαϐὼν
769 1385 826 1439 δὲ
855 1386 1171 1456 Ἐπιφάνιος
1202 1387 1467 1460 ἀργυρίου
1497 1386 1659 1460 ὁλκὴν
1692 1389 1766 1451 ὡς
1794 1407 1879 1459 χι-

300 1470 435 1525 λίων
456 1474 821 1529 πεντακοσίων
846 1475 1063 1549 λιτρῶν,
1094 1477 1468 1550 ἐπορεύθημεν
1497 1479 1592 1532 ἐπὶ¹
1617 1478 1709 1532 τὸν
1735 1477 1881 1533 οἶκον

300 1560 398 1613 τὸν
425 1561 646 1617 δοθέντα
683 1565 812 1635 ήμῑν
847 1566 998 1638 παρά
1022 1567 1267 1622 Ἰωάννου
1301 1568 1392 1622 ἐπὶ
1438 1568 1499 1622 τὸ
1530 1569 1880 1639 καταμένειν.

301 1647 414 1705 Ἦν
443 1652 503 1706 δέ
534 1671 618 1718 τις
648 1656 1091 1729 ἀργυροπράτης,
1131 1659 1406 1731 Ἀστέριος
1445 1660 1686 1730 ὀνόματι.
1715 1653 1883 1723 Οὗτος

301 1742 365 1795 δὲ
387 1738 457 1813 ἦν
483 1745 589 1798 ἀπὸ
624 1748 722 1817 τῆς
763 1747 980 1819 Ῥώμης
1008 1749 1094 1803 διὰ
1119 1751 1460 1821 πραγμάτων
1497 1753 1578 1816 είς
1620 1753 1885 1823 Ἰερουσα-

303 1833 441 1905 λήμ.
478 1836 675 1891 Τοῦτον
706 1839 1210 1910 προσκαλεσάμενος
1233 1842 1568 1910 Ἐπιφάνιος,
1591 1843 1684 1895 καὶ
1706 1840 1884 1907 δείξας

2444 585 2459 624 :
2538 566 2787 625 Habesne
2856 565 3059 637 aliquid
3130 566 3273 621 aliud
3345 563 3556 635 argenti

1982 658 2306 726 repositum,
2331 674 2364 713 ο
2390 656 2597 714 Pater?
2627 657 2772 714 Dixit
2805 667 2995 714 autem
3041 656 3280 712 Joannes
3320 654 3554 725 Epipha-

1984 748 2083 802 nio
2108 766 2121 804 :
2154 747 2269 804 Hoc
2293 749 2482 820 utique
2506 750 2574 805 ad
2603 759 2756 806 tuum
2788 766 2950 807 usum
2992 749 3087 804 tibi
3112 747 3363 814 sulﬁciet,
3396 764 3428 802 ο
3452 746 3555 801 Pa-

1985 848 2085 894 ter.
2114 839 2365 910 Dixitque
2397 839 2592 896 Joanni
2619 841 2956 912 Epiphanius
2989 859 3003 896 :
3039 841 3231 896 Adduc
3260 839 3391 894 illud
3422 854 3559 907 quo-

1983 944 2110 999 que,
2141 927 2317 997 Pater,
2364 938 2430 985 ut.
2454 930 2741 1001 magniﬁce
2770 931 3129 1001 accipiantur.
3154 929 3290 984 Cum
3310 929 3356 982 is
3378 939 3558 995 autem

1985 1020 2132 1075 aliud
2155 1036 2374 1091 quoque
2407 1022 2700 1091 attulisset,
2734 1022 2871 1077 dixit
2920 1019 3119 1076 Joanni
3172 1019 3509 1090 Epiphanius-
3544 1037 3557 1071 :

1984 1109 2063 1165 Da
2086 1112 2240 1177 mihi,
2274 1113 2669 1184 quaeingenuis
2699 1113 2983 1184 pulchram
3021 1113 3263 1183 prmbent
3300 1112 3559 1181 speciem.

1986 1200 2132 1256 Dixit
2160 1200 2210 1257 ei
2229 1198 2468 1257 Joannes
2497 1216 2511 1255 :
2543 1202 2744 1273 Accipe
2775 1216 3114 1272 quaecunque
3153 1211 3281 1257 sunt
3328 1201 3435 1256 tuis
3467 1201 3567 1253 ho-

1988 1291 2227 1347 minibus
2257 1291 2622 1359 delectationi,
2662 1300 2717 1348 et
2746 1293 2825 1347 eis
2862 1302 3011 1347 utere
3045 1293 3097 1347 in
3135 1292 3384 1363 prandio.

2058 1378 2219 1435 XLV.
2253 1380 2476 1451 Accepit
2514 1380 2701 1451 itaque
2729 1380 3067 1452 Epiphanius
3109 1382 3319 1454 argenti
3354 1380 3566 1452 pondus

1989 1473 2206 1529 circiter
2238 1471 2501 1527 librarum
2531 1471 2679 1527 mille
2711 1473 3161 1544 quingentarum,
3188 1483 3243 1527 et
3282 1473 3480 1528 ivinius
3511 1473 3564 1525 in

1990 1565 2235 1632 domum,
2268 1581 2391 1633 quae
2408 1565 2533 1621 data
2560 1565 2720 1621 nobis
2757 1566 2933 1620 fuerat
2958 1582 2987 1620 a
3017 1564 3227 1621 Joanne
3261 1566 3329 1620 ad
3352 1580 3568 1619 manen-

1991 1658 2141 1712 dum.
2178 1655 2305 1710 Erat
2330 1666 2509 1712 autem
2534 1656 2755 1727 quidam
2780 1657 3145 1728 argentarius,
3176 1655 3395 1710 nomine
3409 1655 3570 1710 Aste-

1991 1750 2127 1805 rius.
2164 1747 2213 1803 ls
2248 1748 2420 1804 Roma
2458 1759 2681 1804 venerat
2709 1747 3048 1803 llierusalem
3091 1747 3292 1818 negotii
3332 1745 3569 1802 obeundi

1991 1840 2186 1911 gratia.
2214 1843 2346 1895 Eum
2375 1856 2500 1895 eum
2531 1840 2910 1896 accersivisset
2942 1839 3297 1911 Epiphanius.
3323 1848 3379 1893 et
3404 1838 3454 1893 ei
3482 1829 3570 1892 os-

304 1926 459 1997 αὗτῷ
491 1927 582 1982 τὸν
606 1927 866 2002 ἄργυρον,
893 1933 1258 2002 συμφωνήσας
1282 1949 1341 1986 τε
1369 1932 1464 1987 καὶ
1507 1936 1736 2005 ποιήσας
1769 1933 1885 2005 μετ’

2002 1933 2573 2005 ιεηάίεειειίηνςοιιιυηι,
2592 1949 2715 1989 cum
2739 1949 2803 1988 eo
2827 1933 3166 1999 convenit,et
3189 1940 3406 2002 pactum
3430 1929 3572 1996 iniit,

303 2018 499 2084 αὑτοῦ,
558 2020 861 2093 ἐπίπρασεν
896 2021 1046 2094 αὐτῷ
1071 2023 1251 2079 λαϐὼν
1303 2026 1437 2098 παρ’
1476 2025 1640 2079 αὑτοῦ
1666 2026 1727 2079 τὸ
1752 2043 1885 2097 χρυ-

303 2110 440 2165 σίον.
476 2112 587 2166 Καὶ
617 2111 680 2184 δὴ
707 2111 885 2168 λαϐὼν
913 2115 1231 2186 Ἐπιφάνιος
1261 2118 1323 2172 τὸ
1366 2118 1608 2191 χρυσίον,
1638 2098 1809 2174 νύκτα
1826 2137 1883 2173 τε

303 2204 403 2255 καὶ
431 2202 649 2275 ήμέραν
677 2205 898 2259 διεδίδου
925 2210 1037 2272 τοῖς
1055 2200 1246 2279 χρείαν
1267 2207 1503 2282 ἔχουσιν.
1549 2210 1801 2284 Ἦμερῶν
1828 2212 1887 2266 δὲ

304 2289 722 2364 διαγενομένων,
749 2288 899 2349 εἶπεν
930 2298 1184 2370 Ἰωάννης
1202 2300 1339 2372 πρὸς
1358 2301 1677 2372 Ἐπιφάνιον
1693 2319 1707 2334 ·
1727 2301 1889 2355 Ἀπό-

305 2384 400 2447 δος
434 2402 525 2455 μοι
552 2384 644 2439 τὸν
669 2384 930 2460 ἄργυρον,
959 2390 1018 2445 ὃν
1050 2390 1258 2465 ἔχρησά
1283 2410 1366 2448 σοι
1396 2394 1534 2466 πρὸς
1560 2394 1886 2467 ὑπηρεσίαν.

307 2468 482 2529 Εἶπεν
508 2476 564 2529 δὲ
600 2477 917 2548 Ἐπιφάνιος
944 2482 1080 2552 πρὸς
1108 2484 1362 2557 Ἰωάννην
1388 2502 1403 2519 ο
1453 2486 1892 2559 Μακροθύμησον

309 2568 400 2619 ἐπ’
420 2567 565 2637 ἐμοὶ,
581 2568 788 2637 τέκνον,
815 2572 895 2626 ὅτι
915 2571 1022 2645 ἔχω
1043 2574 1263 2646 θρέψαι,
1284 2579 1377 2631 καὶ
1399 2578 1579 2634 πάντα
1604 2578 1889 2634 ἀποδώσω.

310 2659 485 2713 Πάλιν
545 2655 640 2715 οὖν
703 2663 925 2734 ήμερῶν
973 2665 1392 2739 διαγενομένων,
1434 2667 1591 2724 εἶπεν
1636 2670 1892 2742 Ἰωάννης

310 2748 452 2819 πρὸς
485 2750 822 2822 Ἐπιφάνιον,
862 2757 1110 2811 ἑστώτων
1138 2759 1293 2829 ήμῶν
1321 2762 1379 2813 ἐν
1404 2760 1482 2832 τῷ
1509 2761 1643 2833 ναῷ,
1670 2763 1804 2815 ὅπου
1831 2762 1894 2816 τὸ

313 2841 583 2911 σωτήριον
619 2841 773 2907 ξύλον
796 2840 1116 2901 ἀπόκειταιέ
1148 2848 1258 2902 Καὶ
1291 2850 1391 2922 ήδη
1423 2845 1578 2904 εἶπόν
1622 2868 1738 2916 σοι,
1786 2852 1892 2916 ὅτι,

312 2931 540 2996 Ἀπόδος
568 2952 657 3004 μοι
679 2935 771 2991 τὸν
799 2937 1055 3010 ἄργυρον,
1083 2939 1141 2993 ὃν
1164 2941 1372 3014 ἔχρησά
1394 2960 1495 2998 σοι.
1528 2943 1587 2999 '0
1611 2940 1705 2999 οὖν
1737 2946 1892 3002 Ἐπι-

312 3023 506 3089 ᾳάνιος
536 3022 688 3081 εἶπεν
716 3028 801 3100 .τῷ
826 3029 1048 3105 Ἰωάννῃ
1103 3035 1242 3105 μετὰ
1283 3036 1511 3107 ἡσυχίας
1530 3053 1544 3067 ·
1594 3034 1769 3093 Εἶπίόν.
1786 3055 1892 3105 σοι,

312 3113 523 3185 Πάτερ,
557 3116 638 3171 ὅτι
682 3119 946 3175 ἀποδώσω
980 3140 1081 3176 σοι.
1148 3125 1204 3179 '0
1263 3122 1357 3181 οὖν
1412 3128 1669 3201 Ἰωάννης
1718 3129 1892 3201 θυμοῦ

313 3203 518 3258 πο).λοῦ
578 3207 837 3280 πλησθεὶς
885 3212 1177 3269 ἐπελάϐετο
1219 3217 1312 3271 καὶ
1343 3219 1646 3293 ἐκράτησεν
1686 3224 1784 3295 τῆς
1810 3224 1892 3277 δι-

316 3296 533 3362 πλοΐδος
554 3300 894 3371 Ἐπιφανίου,
924 3307 1225 3377 συσφίγξας
1276 3312 1450 3365 αὐτὸν.
1485 3316 1544 3368 ἐν
1579 3317 1763 3388 αὐτῇ..
1801 3318 1907 3372 καὶ

314 3387 467 3481 λέγει
504 3391 640 3461 πρὸς
669 3393 833 3481 αύτὸν
852 3412 865 3424 ·
899 3397 1012 3450 Οὐκ
1044 3399 1261 3474 ἐξέρχῃ,
1282 3404 1343 3455 οὑ
1372 3403 1602 3479 καθέζῃ,
1622 3387 1721 3461 οὐκ
1749 3409 1900 3481 εἰρη-

317 3480 524 3573 νεύετε,
553 3482 657 3573 ἕως
679 3479 740 3540 οὗ
774 3486 867 3540 τὸν
913 3489 1152 3564 ἄργυρον
1204 3493 1329 3565 δῷς,
1384 3496 1444 3551 ὃν
1493 3499 1712 3569 ἐχρήσω
1768 3479 1898 3573 παρ’

318 3568 481 3638 ἐμοῦ,
510 3570 730 3625 ἐπιθέτα
782 3573 1100 3646 Ἐπιεράνιε·
1154 3581 1350 3648 ἀπόδος
1380 3568 1789 3660 τῇ,“ιίῖκκ).ησίᾳ
1832 3568 1911 3646 τά

317 3663 422 3731 τῆς
448 3662 794 3735 Ἐκκλησίας.
829 3668 952 3722 Ἐπὶ
994 3671 1125 3726 πᾶσι
1162 3673 1219 3727 δὲ
1244 3674 1463 3745 τούτοις,
1499 3678 1598 3731 οὐκ
1626 3680 1900 3751 ἐταράχθη

322 3752 678 3823 Ἐπιφάνιος,
723 3758 838 3812 ἀλλ’
875 3755 942 3831 ἦν
1000 3765 1034 3835 ή
1088 3764 1242 3838 αὕτη
1264 3768 1595 3834 κατάστασις
1634 3773 1691 3825 ἐν
1729 3773 1898 3844 αὐτῷ.

325 3844 586 3937 Ἐᾉμεινεν
612 3846 669 3902 δὲ
698 3850 953 3925 Ἰωάννης
995 3853 1094 3913 δύο,
1118 3856 1277 3928 ώρῶν
1337 3859 1614 3933 διάστημα
1664 3864 1900 3937 κρατῶν,

324 3935 420 3985 καὶ
452 3935 754 4025 ἐνυϐρίζων
786 3938 878 3992 τὸν
922 3942 1254 4012 Ἐπιφάνιον.
1296 3949 1567 4015 Ἅπαντες
1604 3938 1665 4005 δὲ¹
1688 3935 1738 4006 ei
1765 3970 1907 4025 παρ-

322 4024 561 4091 εστῶτες
587 4029 977 4103 ἐρρᾳθύμησαν
998 4036 1103 4090 ἀπὸ
1132 4038 1223 4092 τοῦ
1251 4040 1519 4105 ἵστασθαι,
1555 4044 1650 4097 καὶ
1687 4024 1905 4100 ἀκούειν

322 4114 437 4167 τῶν
464 4117 712 4192 σκληρῶν
747 4120 921 4191 λόγων
956 4124 1047 4178 τοῦ
1077 4127 1343 4184 Ἰωάννου.
1391 4130 1447 4184 Ὀ
1471 4130 1563 4186 οὖν
1587 4133 1907 4203 Ἐπιφάνιος

330 4208 501 4278 μηδὲν
520 4210 864 4284 ἀδημονήσας
881 4216 1213 4290 ἐνεφύσησεν
1235 4223 1314 4286 εἰς
1341 4222 1401 4276 τὸ
1429 4226 1716 4294 πρόσωπον
1732 4229 1910 4282 Ἰωάν-

326 4315 447 4361 νου,
483 4302 573 4359 xxi
600 4306 936 4378 παραχρῆμα
966 4310 1269 4385 ἐτυφλώθη,
1287 4314 1382 4367 καὶ
1407 4314 1569 4384 φόϐος
1594 4315 1789 4371 ἔπεσεν
1814 4320 1910 4373 ἐπὶ

331 4391 542 4456 πάντας
601 4397 723 4460 τοὺς
780 4400 1159 4475 παρεστῶτας.
1203 4404 1261 4458 '0
1291 4401 1383 4460 οὖν
1412 4407 1666 4481 Ἰωάννης
1716 4409 1910 4467 ἔπεσεν

331 4483 429 4536 ἐπὶ
495 4486 785 4559 πρόσωπον
842 4492 1189 4564 Ἐπιφανίου,
1240 4496 1388 4562 ὅπως
1416 4498 1638 4574 εὔξηται
1666 4502 1752 4556 ἵνα
1780 4504 1906 4560 ἀνα-

1992 2025 2363 2095 vendiditque,
2394 2040 2532 2081 auro
2559 2024 2628 2080 ab
2672 2040 2739 2081 eo
2767 2034 3012 2095 accepto,
3041 2024 3185 2095 quod
3217 2034 3373 2078 nocte
3404 2032 3458 2078 cl
3486 2023 3575 2078 die

1995 2118 2275 2173 distribuit
2299 2118 2610 2188 egentibus.
2639 2115 2947 2186 lnterjcctis
2971 2125 3152 2170 autem
3202 2116 3411 2185 aliquot
3454 2115 3573 2181 die--

1997 2210 2118 2281 bus,
2141 2209 2276 2263 dixit
2308 2207 2550 2264 Joannes
2603 2207 2907 2279 Epiphanio
2942 2227 2955 2262 :
2990 2206 3172 2260 Redde
3225 2206 3355 2260 mihi
3391 2221 3571 2283 meum

1997 2312 2303 2372 argentum,
2340 2300 2493 2370 quod
2529 2299 2623 2355 tibi
2649 2300 2717 2355 ad
2777 2315 2935 2354 usum
3003 2298 3367 2354 commodavi.
3428 2284 3575 2352 Dixit

1995 2391 2193 2448 Jeanni
2225 2391 2564 2463 Epiphanius
2605 2408 2620 2444 ε
2658 2390 2983 2446 Patientiam
3020 2390 3074 2444 in
3115 2405 3202 2445 me
3228 2389 3385 2456 habe,
3415 2404 3447 2443 ο
3474 2387 3576 2444 Pa-

1998 2495 2098 2541 ter.
2131 2480 2269 2539 Sunt
2298 2484 2442 2538 enim
2475 2484 2669 2549 adhuc,
2706 2498 2846 2554 quos
2882 2483 3026 2537 alam
3048 2520 3063 2549 ,
3120 2490 3175 2537 et
3228 2481 3412 2536 omnia
3455 2480 3575 2535 red-

2000 2575 2147 2630 dam.
2184 2574 2321 2630 Cum
2347 2590 2478 2646 ergo
2503 2576 2621 2631 dies
2651 2575 2859 2648 aliquot
2890 2589 3082 2630 rursus
3113 2572 3575 2637 intercessissent,

2000 2667 2137 2722 dixit
2167 2664 2407 2721 Joannes
2442 2665 2771 2737 Epiphanio,
2805 2681 2929 2722 cum
2978 2680 3227 2722 essemus
3253 2666 3307 2720 in
3356 2664 3578 2734 templo,

2002 2760 2092 2813 ubi
2143 2759 2441 2830 repositum
2488 2770 2573 2814 est
2604 2759 2814 2830 lignum
2858 2758 3131 2814 salutare:
3168 2756 3288 2812 Jam
3311 2756 3422 2812 dixi
3460 2756 3578 2823 tibi,

2001 2848 2183 2905 Redde
2207 2851 2339 2904 mihi
2368 2858 2674 2925 argentum,
2698 2850 2843 2920 quod
2873 2850 2970 2904 tibi
3003 2849 3430 2904 accommodavi.
3453 2845 3582 2916 Epi-

2002 2941 2236 3010 phanius
2264 2953 2445 2997 autem
2478 2942 2672 2996 leniter
2702 2950 2756 2996 et
2781 2941 2988 3010 placide
3008 2940 3146 2996 dixit
3176 2938 3374 2995 Joanni
3401 2955 3413 2991 :
3459 2937 3580 2993 Dixi

2002 3033 2120 3099 tibi,
2157 3032 2338 3098 Pater,
2373 3049 2458 3088 me
2481 3049 2603 3088 esse
2632 3033 2992 3088 redditurum.
3048 3031 3286 3087 Joannes
3329 3045 3457 3086 vero
3504 3030 3584 3085 ira

2000 3124 2194 3195 plenus
2228 3124 2604 3193 apprehendit,
2652 3133 2705 3178 et
2755 3123 3239 3194 tcnuitdiploidem
3270 3122 3584 3195 Epiphanii,

2003 3221 2180 3291 ipsum
2212 3220 2266 3274 in
2291 3236 2353 3275 ea
2382 3220 2788 3290 constringens,
2823 3219 2983 3290 eique
3014 3219 3153 3277 dixit
3179 3235 3191 3270 :
3237 3216 3360 3272 Non
3385 3217 3580 3280 exibis,

2005 3327 2112 3367 non
2146 3312 2381 3375 sedebis,
2426 3327 2531 3365 nrm
2570 3327 2699 3380 ages
2734 3311 2786 3363 in
2846 3325 3001 3382 pace,
3055 3310 3231 3366 donec
3277 3308 3582 3364 reddideris

2005 3410 2311 3473 argentum,
2347 3401 2614 3471 impostor
2647 3400 2934 3472 Epiplzani.
2992 3400 3066 3455 Da
3097 3406 3403 3470 argentum,
3435 3396 3581 3470 quod

2005 3510 2036 3548 a
2065 3508 2152 3549 me
2181 3493 2439 3564 accepisti
2465 3493 2857 3559 commodato;
2918 3492 3174 3548 Ecclesiae
3232 3490 3416 3559 redde,
3466 3506 3588 3561 qua:

2007 3596 2150 3645 sunt.
2191 3586 2466 3643 Ecclesiae.
2516 3586 2853 3658 Epiphanius
2903 3603 3027 3643 vero
3058 3595 3182 3659 post
3238 3588 3356 3644 hac
3405 3587 3587 3642 omnia

2008 3681 2364 3751 conturbatus
2394 3694 2501 3735 non
2531 3679 2667 3747 fuit,
2690 3680 2785 3735 sed
2818 3689 2939 3735 erat
2990 3680 3131 3736 idem
3187 3680 3240 3734 in
3276 3695 3343 3735 eo
3390 3686 3586 3753 status.

2009 3773 2207 3829 Mansit
2239 3782 2420 3829 autem
2452 3770 2693 3827 Joannes
2716 3774 2894 3842 spatio
2930 3774 3163 3828 duarum
3199 3773 3460 3828 horarum
3513 3780 3591 3828 tc-

2011 3881 2148 3923 nens
2174 3874 2229 3923 et
2256 3866 2450 3938 injuria
2471 3865 2711 3925 afﬁciens
2733 3865 3124 3936 Epiphanium.
3151 3866 3435 3937 Quotquot
3461 3879 3591 3920 vero

2011 3958 2260 4024 aderant,
2286 3958 2507 4016 tristitia
2539 3968 2669 4015 sunt
2695 3959 2898 4026 aﬂ'eeti,
2934 3975 3001 4014 eo
3030 3957 3177 4028 quod
3220 3959 3493 4021 adessent,
3539 3965 3593 4012 et

2012 4048 2264 4104 audirent
2308 4065 2501 4118 aspera
2538 4049 2712 4105 verba.
2748 4047 3000 4103 Joannis.
3043 4048 3381 4119 Epiphanius
3408 4057 3589 4103 autem

2015 4140 2149 4193 nihil
2171 4149 2502 4203 commotus,
2544 4139 2763 4209 exspuit
2795 4138 2850 4193 in
2893 4138 3012 4209 ejus
3040 4139 3255 4206 l'aciem,
3307 4146 3360 4193 et
3408 4139 3591 4193 statim

2014 4232 2115 4287 fuit
2140 4240 2465 4287 excaecatus.
2502 4230 2818 4301 Ceciditque
2851 4239 3029 4285 metus
3057 4245 3222 4300 super
3250 4245 3462 4297 omnes,
3497 4230 3591 4300 qui

2015 4322 2260 4381 aderant.
2293 4318 2533 4376 Joannes
2555 4333 2685 4374 vero
2714 4333 2922 4389 pronus
2948 4318 3147 4373 cecidit
3173 4318 3239 4373 ad
3274 4316 3445 4388 pedes
3468 4317 3593 4388 Epi-

2012 4396 2226 4483 phanii,
2257 4427 2444 4475 orans,
2474 4420 2533 4466 ut
2562 4410 2741 4465 visum
2777 4409 3064 4480 reciperet.
3088 4407 3168 4464 Eo
3195 4419 3375 4465 autem
3405 4409 3594 4464 dicen-

2017 4512 2113 4560 te:
2147 4502 2314 4571 Vade,
2346 4511 2400 4558 et
2446 4518 2659 4558 erucem
2706 4502 2872 4558 adora
2898 4500 3288 4566 venerandam,
3341 4515 3515 4571 eaque
3542 4501 3594 4555 id

332 4574 527 4647 ϐλέψῃ.
558 4578 662 4685 1:06
696 4580 1052 4685 eéléyov'mc'
1080 4588 1339 4657 ῗΑπελθε,
1373 4593 1527 4664 φησὶ,
1553 4596 1645 4649 καὶ
1668 4597 1895 4668 προσκύ-

2019 4596 2112 4651 tibi
2138 4594 2431 4665 praebebit;
2450 4593 2833 4664 perseverabat
2850 4593 2968 4665 ipse
2984 4607 3187 4663 rogans
3208 4590 3593 4663 Epiphanium.

331 4684 500 4738 νησον
544 4669 636 4724 τὸν
665 4672 845 4744 τίμιον
891 4678 1157 4753 σταυρὸν,
1217 4681 1311 4735 καὶ
1347 4684 1574 4757 παρέξει
1606 4704 1688 4741 σοι
1717 4688 1908 4743 τοῦτο*

329 4760 497 4823 αὐτὸς
520 4762 785 4831 ἐπέμενεν
811 4766 1061 4838 δεόμενος
1090 4771 1432 4842 Ἐπιφανίου.
1476 4776 1534 4830 ’0
1572 4776 1638 4833 δὲ.
1678 4780 1913 4850 Ἐπιφά-

331 4872 447 4918 νιος
473 4857 688 4927 διδάξας
709 4859 919 4926 τοῦτον,
958 4861 1228 4934 ἐπέθηκεν
1261 4865 1412 4938 αὐτῷ
1441 4867 1541 4939 τὴν
1594 4872 1773 4942 χεῖρα,
1816 4873 1913 4927 καὶ

332 4948 582 5022 ήνεῴχθη
631 4950 793 5005 αὐτοῦ
819 4954 849 5007 ὁ
895 4952 1065 5020 δεξιὸς
1091 4955 1386 5029 ὀφθαλμός.
1433 4959 1491 5013 'U
1536 4957 1629 5016 οὗν
1661 4963 1916 5036 Ἰωάννης

332 5044 635 5115 παρεκάλει
654 5045 748 5097 καὶ
774 5046 913 5117 ὑπὲρ
939 5047 1050 5101 τοῦ.
1067 5049 1381 5121 ἀριστεροῦ.
1414 5047 1583 5109 Εἶπεν
1605 5053 1662 5107 δὲ
1686 5056 1917 5126 Ἐπιφάο

331 5152 449 5197 νιος
484 5136 621 5207 πρὸς
650 5138 905 5209 Ἰωάννην
930 5156 944 5171 ·
975 5140 1089 5194 Οὐκ
1141 5141 1272 5212 ἐμὸν
1292 5184 1304 5207 ,
1332 5143 1486 5213 φησὶ,
1536 5145 1746 5212 τέκνον,
1800 5149 1916 5203 ἔστι

328 5227 515 5282 ¹τοῦτο.
559 5229 617 5281 '0
648 5228 756 5300 γὰρ
784 5229 915 5294 Θεὸς
937 5230 1200 5298 ἔκλεισεν,
1235 5234 1264 5286 ὁ
1291 5234 1424 5299 Θεὸς
1439 5236 1671 5308 ἡνέῳξεν
1691 5257 1704 5271 ·
1731 5242 1919 5312 ἐποίη-

2020 4689 2358 4761 Epiphanius
2385 4702 2514 4744 vero
2538 4702 2664 4741 cum
2689 4701 2814 4742 eum
2836 4686 3136 4751 docuisset,
3169 4701 3390 4741 manum
3418 4684 3468 4741 ei
3494 4684 3594 4739 im-
3646 4756 3657 4761 _

2019 4781 2223 4852 posuit,
2255 4790 2308 4835 et
2363 4786 2586 4848 apertus
2636 4777 2737 4832 fuit
2783 4777 2973 4833 dexter
2995 4776 3116 4847 ejus
3165 4776 3377 4832 ocultIs.
3412 4774 3593 4830 Oravit

2022 4887 2202 4931 autem
2235 4872 2473 4933 Joannes
2492 4871 2653 4925 etiam
2679 4886 2777 4940 pro
2801 4870 3048 4925 sinistro.
3074 4867 3327 4939 Dixitque
3360 4868 3591 4939 Epipha-

2024 4968 2149 5023 nius
2172 4965 2365 5020 Joanni
2402 4983 2414 5018 :
2448 4962 2566 5019 Non
2599 4973 2682 5019 est
2708 4979 2914 5029 meum,
2954 4978 2988 5018 ο
3016 4962 3113 5017 ﬁli.
3156 4961 3301 5017 Deus
3336 4962 3480 5016 enim
3505 4975 3593 5017 oc-

2023 5061 2205 5123 elusit,
2240 5058 2382 5112 Deus
2409 5057 2622 5126 aperuit
2650 5072 2665 5122 ;
2704 5055 2851 5121 fecit,
2879 5065 2939 5110 ut
2971 5053 3161 5119 voluit,
3189 5062 3249 5108 ut
3283 5053 3456 5107 simus
3485 5068 3622 5128 mox

2022 5150 2180 5207 desti.
2219 5148 2456 5203 Joannes
2487 5154 2669 5201 autem
2704 5145 3000 5215 castigatus
3026 5153 3081 5199 et
3117 5140 3400 5198 convictus
3425 5158 3456 5196 a
3484 5139 3601 5194 viro

2019 5249 2190 5318 justo,
2221 5241 2320 5295 fuit
2349 5248 2570 5295 sanctus
2604 5238 2658 5292 in
2700 5237 2977 5292 omnibus.

334 5336 428 5376 σεν
451 5321 529 5385 ὡς
561 5321 844 5393 ἠθέλησεν,
872 5321 1022 5388 ὅπως
1075 5326 1553 5399 σωφρονισθῶμεν,
1612 5330 1668 5384 Ὀ
1716 5331 1773 5385 δέ
1812 5336 2065 5410 Ἰωάννης
2118 5331 2427 5395 παιδευθεὶς
2478 5330 2570 5383 καὶ
2598 5319 2896 5398 ’ἐλεγχθεὶς
2944 5325 3050 5379 ὑπὸ
3094 5323 3322 5390 δικαίου,
3386 5323 3608 5394 ἐγένετο

334 5415 483 5478 Esto;
516 5416 576 5467 ἐν
604 5415 786 5468 πᾶσιν.

402 5507 556 5575 Μετ’.
597 5504 996 5577 Ἐξερχομένων
1016 5504 1072 5560 δὲ
1100 5505 1258 5578 ήμῶν
1289 5508 1389 5581 τὴν
1416 5510 1569 5567 πόλιν
1595 5551 1611 5579 ,
1645 5512 1740 5568 τοῦ
1786 5516 1921 5572 ἁπο-

335 5598 568 5653 πλεῦσαι
613 5598 765 5669 ἡμᾶς
816 5596 875 5649 ἐν
924 5595 1156 5668 Κύπρῳ,
1218 5597 1311 5652 δύο
1350 5602 1648 5671 ἐμπαῖκται
1692 5601 1834 5677 ἦσαν
1862 5608 1921 5659 ἐν

2096 5510 2283 5567 XLVI.
2307 5507 2473 5563 Nobis
2507 5521 2634 5561 vero
2656 5503 2947 5574 aliquando
2963 5502 3293 5561 exeuntibus
3313 5517 3344 5559 ο
3363 5501 3606 5564 civitate,

2027 5615 2085 5661 ut
2118 5604 2496 5674 navigaremus
2532 5599 2583 5651 in
2618 5596 2882 5668 Cyprum,
2914 5603 3072 5651 erant
3128 5595 3240 5652 duo
3266 5594 3516 5650 illusores
3553 5591 3614 5641 in

330 5687 506 5758 τόπῳ.
534 5688 643 5743 Τυῦ
666 5688 1070 5761 δὲξΕπιφανίου
1092 5690 1432 5761 παράγοντος
1447 5693 1537 5747 τὸν
1552 5696 1736 5761 τόπον,
1768 5693 1895 5751 εἷπε

2026 5710 2091 5751 eo
2119 5694 2257 5749 loco.
2289 5691 2426 5744 Cum
2457 5696 2634 5742 autem
2688 5702 2785 5761 per
2817 5686 3039 5761 locum”
3062 5685 3319 5740 transiret
3369 5682 3602 5757 Epipha-

405 5754 485 5831 (εἰ)
516 5762 685 5828 Τςύς.
722 5754 1209 5833 Ροιιειιιεεηύυιίι
1238 5754 1440 5828 αὐτοῖς,
1461 5771 1522 5843 ut
1555 5754 1752 5823 sensus
1798 5776 1869 5823 stt

2006 5778 2022 5818 ι
2049 5764 2292 5819 ministra
2318 5760 2426 5816 illis
2458 5761 2508 5812 in
2541 5758 2784 5829 prandio.
2816 5755 2974 5811 Εοιτ.
3005 5754 3247 5813 Ρλτιιοι..
