  <div class='ocr_page' id='page_1' title='image "/cluster/home/n/w/nwhite01/storage/ocr_20150623/41:no.1/coo.31924054869387/049.png"; bbox 0 0 4058 6422; ppageno 0'>
   <div class='ocr_carea' id='block_1_1' title="bbox 550 411 3847 499">
    <p class='ocr_par' dir='ltr' id='par_1_1' title="bbox 550 411 3847 499">
     <span class='ocr_line' id='line_1_1' title="bbox 550 411 3847 499; baseline 0.006 -34"><span class='ocrx_word' id='word_1_1' title='bbox 550 411 620 465; x_wconf 81' lang='grc'><strong>85</strong></span> <span class='ocrx_word' id='word_1_2' title='bbox 706 494 712 499; x_wconf 60' lang='lat'><strong><em>_</em></strong></span> <span class='ocrx_word' id='word_1_3' title='bbox 1856 418 1914 475; x_wconf 83' lang='lat' dir='ltr'><strong>S.</strong></span> <span class='ocrx_word' id='word_1_4' title='bbox 1959 417 2307 474; x_wconf 80' lang='lat' dir='ltr'><strong>EPlPllANll</strong></span> <span class='ocrx_word' id='word_1_5' title='bbox 2348 419 2530 476; x_wconf 77' lang='lat' dir='ltr'><strong>VITA.</strong></span> <span class='ocrx_word' id='word_1_6' title='bbox 3763 430 3847 486; x_wconf 66' lang='grc'><strong>83</strong></span> 
     </span>
    </p>
   </div>
   <div class='ocr_carea' id='block_1_2' title="bbox 557 534 2118 620">
    <p class='ocr_par' dir='ltr' id='par_1_2' title="bbox 557 534 2118 619">
     <span class='ocr_line' id='line_1_2' title="bbox 557 534 2118 619; baseline 0.001 -30"><span class='ocrx_word' id='word_1_7' title='bbox 557 534 702 602; x_wconf 83' lang='lat' dir='ltr'><strong>nius,</strong></span> <span class='ocrx_word' id='word_1_8' title='bbox 755 534 804 588; x_wconf 90' lang='lat' dir='ltr'><strong>ei</strong></span> <span class='ocrx_word' id='word_1_9' title='bbox 834 534 973 590; x_wconf 83' lang='lat' dir='ltr'><strong>dixit</strong></span> <span class='ocrx_word' id='word_1_10' title='bbox 1004 550 1148 591; x_wconf 91' lang='lat' dir='ltr'><strong>unus</strong></span> <span class='ocrx_word' id='word_1_11' title='bbox 1174 550 1238 589; x_wconf 89' lang='lat' dir='ltr'><strong>ex</strong></span> <span class='ocrx_word' id='word_1_12' title='bbox 1279 536 1530 619; x_wconf 82' lang='lat' dir='ltr'><strong>duobus:</strong></span> <span class='ocrx_word' id='word_1_13' title='bbox 1564 534 1763 590; x_wconf 83' lang='lat' dir='ltr'><strong>Sancte</strong></span> <span class='ocrx_word' id='word_1_14' title='bbox 1801 544 1983 606; x_wconf 89' lang='lat' dir='ltr'><strong>pater,</strong></span> <span class='ocrx_word' id='word_1_15' title='bbox 2023 554 2054 592; x_wconf 80' lang='grc' dir='ltr'><strong>ν</strong></span> <span class='ocrx_word' id='word_1_16' title='bbox 2080 553 2118 593; x_wconf 73' lang='grc' dir='ltr'><strong>ει</strong></span> 
     </span>
    </p>
   </div>
   <div class='ocr_carea' id='block_1_3' title="bbox 2230 534 3843 620">
    <p class='ocr_par' dir='ltr' id='par_1_3' title="bbox 2244 537 3843 620">
     <span class='ocr_line' id='line_1_3' title="bbox 2244 537 3843 620; baseline 0.009 -29"><span class='ocrx_word' id='word_1_17' title='bbox 2244 539 2384 610; x_wconf 80' lang='grc' dir='ltr'>πρὸς</span> <span class='ocrx_word' id='word_1_18' title='bbox 2436 540 2597 597; x_wconf 82' lang='grc' dir='ltr'>αὐτὸν</span> <span class='ocrx_word' id='word_1_19' title='bbox 2640 541 2673 594; x_wconf 92' lang='lat'><strong>6</strong></span> <span class='ocrx_word' id='word_1_20' title='bbox 2701 537 2809 607; x_wconf 72' lang='grc' dir='ltr'>εἶς’</span> <span class='ocrx_word' id='word_1_21' title='bbox 2842 541 3021 609; x_wconf 68' lang='lat' dir='ltr'><strong>&quot;Om,</strong></span> <span class='ocrx_word' id='word_1_22' title='bbox 3079 544 3255 615; x_wconf 77' lang='grc' dir='ltr'>φησὶ,</span> <span class='ocrx_word' id='word_1_23' title='bbox 3309 543 3493 617; x_wconf 82' lang='grc' dir='ltr'>Πάτερ</span> <span class='ocrx_word' id='word_1_24' title='bbox 3521 547 3843 620; x_wconf 70' lang='grc' dir='ltr'>Ἐπιφά-ιιε,</span> 
     </span>
    </p>
   </div>
   <div class='ocr_carea' id='block_1_4' title="bbox 557 627 2135 698">
    <p class='ocr_par' dir='ltr' id='par_1_4' title="bbox 557 627 2135 698">
     <span class='ocr_line' id='line_1_4' title="bbox 557 627 2135 698; baseline 0.002 -18"><span class='ocrx_word' id='word_1_25' title='bbox 557 634 856 692; x_wconf 89' lang='lat' dir='ltr'><strong>mortuum,</strong></span> <span class='ocrx_word' id='word_1_26' title='bbox 886 637 941 683; x_wconf 89' lang='lat' dir='ltr'><strong>et</strong></span> <span class='ocrx_word' id='word_1_27' title='bbox 989 641 1156 698; x_wconf 80' lang='lat' dir='ltr'><strong>super</strong></span> <span class='ocrx_word' id='word_1_28' title='bbox 1187 642 1311 682; x_wconf 93' lang='lat' dir='ltr'><strong>eum</strong></span> <span class='ocrx_word' id='word_1_29' title='bbox 1346 627 1510 697; x_wconf 84' lang='lat' dir='ltr'><strong>injice</strong></span> <span class='ocrx_word' id='word_1_30' title='bbox 1557 635 1952 698; x_wconf 78' lang='lat' dir='ltr'><strong>tegumentum.</strong></span> <span class='ocrx_word' id='word_1_31' title='bbox 1998 628 2135 683; x_wconf 91' lang='lat' dir='ltr'><strong>Cum</strong></span> 
     </span>
    </p>
   </div>
   <div class='ocr_carea' id='block_1_5' title="bbox 554 716 2136 791">
    <p class='ocr_par' dir='ltr' id='par_1_5' title="bbox 554 716 2136 791">
     <span class='ocr_line' id='line_1_5' title="bbox 554 716 2136 791; baseline 0.001 -19"><span class='ocrx_word' id='word_1_32' title='bbox 554 716 670 773; x_wconf 66' lang='lat' dir='ltr'><strong>haec</strong></span> <span class='ocrx_word' id='word_1_33' title='bbox 702 732 836 790; x_wconf 85' lang='lat' dir='ltr'><strong>ergo</strong></span> <span class='ocrx_word' id='word_1_34' title='bbox 861 719 1130 776; x_wconf 87' lang='lat' dir='ltr'><strong>audiisset</strong></span> <span class='ocrx_word' id='word_1_35' title='bbox 1151 718 1509 791; x_wconf 83' lang='lat' dir='ltr'><strong>Epiphanius,</strong></span> <span class='ocrx_word' id='word_1_36' title='bbox 1553 722 1701 775; x_wconf 83' lang='lat' dir='ltr'><strong>stetit</strong></span> <span class='ocrx_word' id='word_1_37' title='bbox 1739 720 1804 775; x_wconf 87' lang='lat' dir='ltr'><strong>ad</strong></span> <span class='ocrx_word' id='word_1_38' title='bbox 1847 720 2136 786; x_wconf 82' lang='lat' dir='ltr'><strong>orientem,</strong></span> 
     </span>
    </p>
   </div>
   <div class='ocr_carea' id='block_1_6' title="bbox 550 811 2138 883">
    <p class='ocr_par' dir='ltr' id='par_1_6' title="bbox 550 811 2138 883">
     <span class='ocr_line' id='line_1_6' title="bbox 550 811 2138 883; baseline 0.004 -21"><span class='ocrx_word' id='word_1_39' title='bbox 550 823 653 879; x_wconf 93' lang='lat' dir='ltr'><strong>pro</strong></span> <span class='ocrx_word' id='word_1_40' title='bbox 697 823 915 867; x_wconf 88' lang='lat' dir='ltr'><strong>mortuo</strong></span> <span class='ocrx_word' id='word_1_41' title='bbox 968 811 1203 868; x_wconf 73' lang='lat' dir='ltr'><strong>offerens</strong></span> <span class='ocrx_word' id='word_1_42' title='bbox 1236 812 1566 868; x_wconf 86' lang='lat' dir='ltr'><strong>orationem.</strong></span> <span class='ocrx_word' id='word_1_43' title='bbox 1623 811 1876 883; x_wconf 82' lang='lat' dir='ltr'><strong>Cumque</strong></span> <span class='ocrx_word' id='word_1_44' title='bbox 1930 827 1990 868; x_wconf 90' lang='lat' dir='ltr'><strong>se</strong></span> <span class='ocrx_word' id='word_1_45' title='bbox 2036 829 2138 867; x_wconf 85' lang='lat' dir='ltr'><strong>suo</strong></span> 
     </span>
    </p>
   </div>
   <div class='ocr_carea' id='block_1_7' title="bbox 548 901 2137 975">
    <p class='ocr_par' dir='ltr' id='par_1_7' title="bbox 548 901 2137 975">
     <span class='ocr_line' id='line_1_7' title="bbox 548 901 2137 975; baseline 0.001 -20"><span class='ocrx_word' id='word_1_46' title='bbox 548 901 795 957; x_wconf 77' lang='lat' dir='ltr'><strong>exuisset</strong></span> <span class='ocrx_word' id='word_1_47' title='bbox 823 902 1163 967; x_wconf 90' lang='lat' dir='ltr'><strong>indumento,</strong></span> <span class='ocrx_word' id='word_1_48' title='bbox 1216 903 1469 975; x_wconf 58' lang='lat' dir='ltr'><strong>projecit~</strong></span> <span class='ocrx_word' id='word_1_49' title='bbox 1500 903 1568 959; x_wconf 90' lang='lat' dir='ltr'><strong>ad</strong></span> <span class='ocrx_word' id='word_1_50' title='bbox 1626 902 1962 959; x_wconf 86' lang='lat' dir='ltr'><strong>induendum</strong></span> <span class='ocrx_word' id='word_1_51' title='bbox 1992 918 2137 958; x_wconf 86' lang='lat' dir='ltr'><strong>mor-</strong></span> 
     </span>
    </p>
   </div>
   <div class='ocr_carea' id='block_1_8' title="bbox 551 990 2135 1069">
    <p class='ocr_par' dir='ltr' id='par_1_8' title="bbox 551 990 2135 1069">
     <span class='ocr_line' id='line_1_8' title="bbox 551 990 2135 1069; baseline 0.004 -25"><span class='ocrx_word' id='word_1_52' title='bbox 551 999 727 1047; x_wconf 90' lang='lat' dir='ltr'><strong>tuum.</strong></span> <span class='ocrx_word' id='word_1_53' title='bbox 758 990 867 1049; x_wconf 88' lang='lat' dir='ltr'><strong>Iter</strong></span> <span class='ocrx_word' id='word_1_54' title='bbox 898 1003 1078 1049; x_wconf 88' lang='lat' dir='ltr'><strong>autem</strong></span> <span class='ocrx_word' id='word_1_55' title='bbox 1110 992 1341 1051; x_wconf 77' lang='lat' dir='ltr'><strong>faciente</strong></span> <span class='ocrx_word' id='word_1_56' title='bbox 1372 995 1700 1068; x_wconf 85' lang='lat' dir='ltr'><strong>Epiphanio,</strong></span> <span class='ocrx_word' id='word_1_57' title='bbox 1726 998 1772 1054; x_wconf 92' lang='lat' dir='ltr'><strong>is</strong></span> <span class='ocrx_word' id='word_1_58' title='bbox 1794 997 1891 1069; x_wconf 69' lang='lat' dir='ltr'><strong>qui</strong></span> <span class='ocrx_word' id='word_1_59' title='bbox 1913 1012 1975 1053; x_wconf 90' lang='lat' dir='ltr'><strong>ea</strong></span> <span class='ocrx_word' id='word_1_60' title='bbox 2011 1013 2135 1051; x_wconf 73' lang='lat' dir='ltr'><strong>rer-</strong></span> 
     </span>
    </p>
   </div>
   <div class='ocr_carea' id='block_1_9' title="bbox 550 1083 2131 1158">
    <p class='ocr_par' dir='ltr' id='par_1_9' title="bbox 550 1083 2131 1158">
     <span class='ocr_line' id='line_1_9' title="bbox 550 1083 2131 1158; baseline 0.004 -23"><span class='ocrx_word' id='word_1_61' title='bbox 550 1083 615 1136; x_wconf 87' lang='lat' dir='ltr'><strong>ba</strong></span> <span class='ocrx_word' id='word_1_62' title='bbox 667 1084 876 1140; x_wconf 77' lang='lat' dir='ltr'><strong>dixerat</strong></span> <span class='ocrx_word' id='word_1_63' title='bbox 904 1128 920 1153; x_wconf 92' lang='lat'><strong>,</strong></span> <span class='ocrx_word' id='word_1_64' title='bbox 978 1085 1117 1142; x_wconf 81' lang='lat' dir='ltr'><strong>dixit</strong></span> <span class='ocrx_word' id='word_1_65' title='bbox 1145 1088 1217 1154; x_wconf 92' lang='lat' dir='ltr'><strong>ei,</strong></span> <span class='ocrx_word' id='word_1_66' title='bbox 1247 1088 1340 1158; x_wconf 85' lang='lat' dir='ltr'><strong>qui</strong></span> <span class='ocrx_word' id='word_1_67' title='bbox 1372 1103 1432 1145; x_wconf 87' lang='lat' dir='ltr'><strong>se</strong></span> <span class='ocrx_word' id='word_1_68' title='bbox 1461 1098 1741 1145; x_wconf 86' lang='lat' dir='ltr'><strong>mortuum</strong></span> <span class='ocrx_word' id='word_1_69' title='bbox 1791 1088 2084 1145; x_wconf 78' lang='lat' dir='ltr'><strong>simulabat</strong></span> <span class='ocrx_word' id='word_1_70' title='bbox 2117 1104 2131 1140; x_wconf 88' lang='lat'><strong>:</strong></span> 
     </span>
    </p>
   </div>
   <div class='ocr_carea' id='block_1_10' title="bbox 548 1173 2133 1249">
    <p class='ocr_par' dir='ltr' id='par_1_10' title="bbox 548 1173 2133 1249">
     <span class='ocr_line' id='line_1_10' title="bbox 548 1173 2133 1249; baseline 0.003 -19"><span class='ocrx_word' id='word_1_71' title='bbox 548 1173 740 1247; x_wconf 80' lang='lat' dir='ltr'><strong>Surge,</strong></span> <span class='ocrx_word' id='word_1_72' title='bbox 777 1180 1038 1249; x_wconf 67' lang='lat' dir='ltr'><strong>praeteriit</strong></span> <span class='ocrx_word' id='word_1_73' title='bbox 1072 1182 1155 1237; x_wconf 86' lang='lat' dir='ltr'><strong>vir</strong></span> <span class='ocrx_word' id='word_1_74' title='bbox 1184 1181 1339 1239; x_wconf 84' lang='lat' dir='ltr'><strong>rudis</strong></span> <span class='ocrx_word' id='word_1_75' title='bbox 1375 1192 1429 1237; x_wconf 93' lang='lat' dir='ltr'><strong>et</strong></span> <span class='ocrx_word' id='word_1_76' title='bbox 1463 1183 1737 1239; x_wconf 85' lang='lat' dir='ltr'><strong>indoctus.</strong></span> <span class='ocrx_word' id='word_1_77' title='bbox 1774 1181 1911 1238; x_wconf 90' lang='lat' dir='ltr'><strong>Cum</strong></span> <span class='ocrx_word' id='word_1_78' title='bbox 1950 1182 1998 1237; x_wconf 91' lang='lat' dir='ltr'><strong>is</strong></span> <span class='ocrx_word' id='word_1_79' title='bbox 2032 1195 2133 1235; x_wconf 85' lang='lat' dir='ltr'><strong>au-</strong></span> 
     </span>
    </p>
   </div>
   <div class='ocr_carea' id='block_1_11' title="bbox 546 1274 2133 1344">
    <p class='ocr_par' dir='ltr' id='par_1_11' title="bbox 546 1274 2133 1344">
     <span class='ocr_line' id='line_1_11' title="bbox 546 1274 2133 1344; baseline 0.002 -20"><span class='ocrx_word' id='word_1_80' title='bbox 546 1278 652 1325; x_wconf 90' lang='lat' dir='ltr'><strong>tem</strong></span> <span class='ocrx_word' id='word_1_81' title='bbox 683 1286 790 1327; x_wconf 94' lang='lat' dir='ltr'><strong>non</strong></span> <span class='ocrx_word' id='word_1_82' title='bbox 810 1274 1187 1344; x_wconf 84' lang='lat' dir='ltr'><strong>responderet,</strong></span> <span class='ocrx_word' id='word_1_83' title='bbox 1204 1291 1399 1332; x_wconf 89' lang='lat' dir='ltr'><strong>rursus</strong></span> <span class='ocrx_word' id='word_1_84' title='bbox 1413 1292 1536 1331; x_wconf 90' lang='lat' dir='ltr'><strong>cum</strong></span> <span class='ocrx_word' id='word_1_85' title='bbox 1559 1275 1807 1332; x_wconf 70' lang='lat' dir='ltr'><strong>vocabat.</strong></span> <span class='ocrx_word' id='word_1_86' title='bbox 1835 1274 2133 1344; x_wconf 79' lang='lat' dir='ltr'><strong>Postquam</strong></span> 
     </span>
    </p>
   </div>
   <div class='ocr_carea' id='block_1_12' title="bbox 547 1363 2132 1435">
    <p class='ocr_par' dir='ltr' id='par_1_12' title="bbox 547 1363 2132 1435">
     <span class='ocr_line' id='line_1_12' title="bbox 547 1363 2132 1435; baseline 0.003 -18"><span class='ocrx_word' id='word_1_87' title='bbox 547 1378 676 1419; x_wconf 82' lang='lat' dir='ltr'><strong>vero</strong></span> <span class='ocrx_word' id='word_1_88' title='bbox 706 1367 1093 1424; x_wconf 79' lang='lat' dir='ltr'><strong>animadvertit</strong></span> <span class='ocrx_word' id='word_1_89' title='bbox 1119 1384 1244 1423; x_wconf 88' lang='lat' dir='ltr'><strong>eum</strong></span> <span class='ocrx_word' id='word_1_90' title='bbox 1297 1384 1420 1425; x_wconf 91' lang='lat' dir='ltr'><strong>esse</strong></span> <span class='ocrx_word' id='word_1_91' title='bbox 1469 1379 1771 1431; x_wconf 90' lang='lat' dir='ltr'><strong>mortuum,</strong></span> <span class='ocrx_word' id='word_1_92' title='bbox 1830 1366 1963 1423; x_wconf 83' lang='lat' dir='ltr'><strong>dicit</strong></span> <span class='ocrx_word' id='word_1_93' title='bbox 1988 1363 2132 1435; x_wconf 87' lang='lat' dir='ltr'><strong>apud</strong></span> 
     </span>
    </p>
   </div>
   <div class='ocr_carea' id='block_1_13' title="bbox 545 1459 2135 1535">
    <p class='ocr_par' dir='ltr' id='par_1_13' title="bbox 545 1459 2135 1535">
     <span class='ocr_line' id='line_1_13' title="bbox 545 1459 2135 1535; baseline -0.002 -21"><span class='ocrx_word' id='word_1_94' title='bbox 545 1473 640 1522; x_wconf 88' lang='lat' dir='ltr'><strong>se;</strong></span> <span class='ocrx_word' id='word_1_95' title='bbox 671 1459 926 1526; x_wconf 91' lang='lat' dir='ltr'><strong>Curram,</strong></span> <span class='ocrx_word' id='word_1_96' title='bbox 976 1469 1030 1517; x_wconf 88' lang='lat' dir='ltr'><strong>et</strong></span> <span class='ocrx_word' id='word_1_97' title='bbox 1093 1460 1515 1535; x_wconf 78' lang='lat' dir='ltr'><strong>hospiti&#39;meam</strong></span> <span class='ocrx_word' id='word_1_98' title='bbox 1548 1463 1726 1518; x_wconf 88' lang='lat' dir='ltr'><strong>dicam</strong></span> <span class='ocrx_word' id='word_1_99' title='bbox 1779 1462 2015 1531; x_wconf 81' lang='lat' dir='ltr'><strong>cuipam,</strong></span> <span class='ocrx_word' id='word_1_100' title='bbox 2076 1465 2135 1511; x_wconf 91' lang='lat' dir='ltr'><strong>ut</strong></span> 
     </span>
    </p>
   </div>
   <div class='ocr_carea' id='block_1_14' title="bbox 542 1547 2130 1619">
    <p class='ocr_par' dir='ltr' id='par_1_14' title="bbox 542 1547 2130 1619">
     <span class='ocr_line' id='line_1_14' title="bbox 542 1547 2130 1619; baseline 0.001 -20"><span class='ocrx_word' id='word_1_101' title='bbox 542 1560 670 1601; x_wconf 88' lang='lat' dir='ltr'><strong>eum</strong></span> <span class='ocrx_word' id='word_1_102' title='bbox 716 1549 934 1605; x_wconf 82' lang='lat' dir='ltr'><strong>excitet.</strong></span> <span class='ocrx_word' id='word_1_103' title='bbox 970 1550 1072 1619; x_wconf 86' lang='lat' dir='ltr'><strong>Qui</strong></span> <span class='ocrx_word' id='word_1_104' title='bbox 1106 1569 1208 1609; x_wconf 92' lang='lat' dir='ltr'><strong>nos</strong></span> <span class='ocrx_word' id='word_1_105' title='bbox 1244 1564 1553 1619; x_wconf 86' lang='lat' dir='ltr'><strong>assecutus,</strong></span> <span class='ocrx_word' id='word_1_106' title='bbox 1592 1554 1645 1609; x_wconf 93' lang='lat' dir='ltr'><strong>in</strong></span> <span class='ocrx_word' id='word_1_107' title='bbox 1671 1561 1871 1608; x_wconf 85' lang='lat' dir='ltr'><strong>terram</strong></span> <span class='ocrx_word' id='word_1_108' title='bbox 1912 1547 2130 1611; x_wconf 76' lang='lat' dir='ltr'><strong>cecidit,</strong></span> 
     </span>
    </p>
   </div>
   <div class='ocr_carea' id='block_1_15' title="bbox 546 1640 2128 1715">
    <p class='ocr_par' dir='ltr' id='par_1_15' title="bbox 546 1640 2128 1715">
     <span class='ocr_line' id='line_1_15' title="bbox 546 1640 2128 1715; baseline 0 -22"><span class='ocrx_word' id='word_1_109' title='bbox 546 1651 748 1710; x_wconf 81' lang='lat' dir='ltr'><strong>regans</strong></span> <span class='ocrx_word' id='word_1_110' title='bbox 778 1640 1168 1713; x_wconf 80' lang='lat' dir='ltr'><strong>Epiphaniam,</strong></span> <span class='ocrx_word' id='word_1_111' title='bbox 1203 1655 1257 1701; x_wconf 92' lang='lat' dir='ltr'><strong>et</strong></span> <span class='ocrx_word' id='word_1_112' title='bbox 1279 1648 1330 1703; x_wconf 91' lang='lat' dir='ltr'><strong>ei</strong></span> <span class='ocrx_word' id='word_1_113' title='bbox 1357 1647 1545 1703; x_wconf 87' lang='lat' dir='ltr'><strong>dicens</strong></span> <span class='ocrx_word' id='word_1_114' title='bbox 1570 1647 1734 1701; x_wconf 83' lang='lat' dir='ltr'><strong>verba</strong></span> <span class='ocrx_word' id='word_1_115' title='bbox 1764 1641 2079 1715; x_wconf 81' lang='lat' dir='ltr'><strong>lrujusmodi</strong></span> <span class='ocrx_word' id='word_1_116' title='bbox 2115 1658 2128 1693; x_wconf 88' lang='lat'><strong>:</strong></span> 
     </span>
    </p>
   </div>
   <div class='ocr_carea' id='block_1_16' title="bbox 546 1731 2130 1811">
    <p class='ocr_par' dir='ltr' id='par_1_16' title="bbox 546 1731 2130 1811">
     <span class='ocr_line' id='line_1_16' title="bbox 546 1731 2130 1811; baseline 0.004 -26"><span class='ocrx_word' id='word_1_117' title='bbox 546 1731 722 1805; x_wconf 81' lang='lat' dir='ltr'><strong>Rogo,</strong></span> <span class='ocrx_word' id='word_1_118' title='bbox 760 1744 814 1791; x_wconf 90' lang='lat' dir='ltr'><strong>et</strong></span> <span class='ocrx_word' id='word_1_119' title='bbox 846 1737 1093 1808; x_wconf 86' lang='lat' dir='ltr'><strong>supplico</strong></span> <span class='ocrx_word' id='word_1_120' title='bbox 1146 1747 1257 1794; x_wconf 67' lang='lat' dir='ltr'><strong>tum</strong></span> <span class='ocrx_word' id='word_1_121' title='bbox 1299 1740 1615 1811; x_wconf 87' lang='lat' dir='ltr'><strong>paternitati</strong></span> <span class='ocrx_word' id='word_1_122' title='bbox 1651 1756 1663 1792; x_wconf 89' lang='lat'><strong>:</strong></span> <span class='ocrx_word' id='word_1_123' title='bbox 1702 1737 1783 1794; x_wconf 85' lang='lat' dir='ltr'><strong>fer</strong></span> <span class='ocrx_word' id='word_1_124' title='bbox 1817 1750 1973 1807; x_wconf 89' lang='lat' dir='ltr'><strong>opem</strong></span> <span class='ocrx_word' id='word_1_125' title='bbox 1998 1774 2013 1798; x_wconf 88' lang='lat'><strong>,</strong></span> <span class='ocrx_word' id='word_1_126' title='bbox 2073 1740 2130 1785; x_wconf 70' lang='grc' dir='ltr'>οι</span> 
     </span>
    </p>
   </div>
   <div class='ocr_carea' id='block_1_17' title="bbox 544 1821 2137 1899">
    <p class='ocr_par' dir='ltr' id='par_1_17' title="bbox 544 1821 2137 1899">
     <span class='ocr_line' id='line_1_17' title="bbox 544 1821 2137 1899; baseline -0.002 -21"><span class='ocrx_word' id='word_1_127' title='bbox 544 1839 706 1892; x_wconf 86' lang='lat' dir='ltr'><strong>parce</strong></span> <span class='ocrx_word' id='word_1_128' title='bbox 727 1836 931 1883; x_wconf 59' lang='lat' dir='ltr'><strong>nostra;</strong></span> <span class='ocrx_word' id='word_1_129' title='bbox 957 1829 1305 1899; x_wconf 67' lang='lat' dir='ltr'><strong>insipientire.</strong></span> <span class='ocrx_word' id='word_1_130' title='bbox 1334 1830 1566 1898; x_wconf 87' lang='lat' dir='ltr'><strong>Quando</strong></span> <span class='ocrx_word' id='word_1_131' title='bbox 1591 1829 1737 1887; x_wconf 88' lang='lat' dir='ltr'><strong>enim</strong></span> <span class='ocrx_word' id='word_1_132' title='bbox 1765 1838 1817 1884; x_wconf 91' lang='lat' dir='ltr'><strong>te</strong></span> <span class='ocrx_word' id='word_1_133' title='bbox 1845 1841 1967 1882; x_wconf 89' lang='lat' dir='ltr'><strong>sum</strong></span> <span class='ocrx_word' id='word_1_134' title='bbox 1994 1821 2137 1878; x_wconf 51' lang='lat' dir='ltr'><strong>allo‘</strong></span> 
     </span>
    </p>
   </div>
   <div class='ocr_carea' id='block_1_18' title="bbox 2246 625 3847 713">
    <p class='ocr_par' dir='ltr' id='par_1_18' title="bbox 2246 625 3847 713">
     <span class='ocr_line' id='line_1_18' title="bbox 2246 625 3847 713; baseline 0.01 -35"><span class='ocrx_word' id='word_1_135' title='bbox 2246 625 2541 697; x_wconf 72' lang='grc' dir='ltr'>ἐπίσκεψαι</span> <span class='ocrx_word' id='word_1_136' title='bbox 2568 627 2661 713; x_wconf 71' lang='grc' dir='ltr'><strong>τον</strong></span> <span class='ocrx_word' id='word_1_137' title='bbox 2695 630 2910 702; x_wconf 81' lang='grc' dir='ltr'>νεκρὸν,</span> <span class='ocrx_word' id='word_1_138' title='bbox 2944 632 3040 686; x_wconf 77' lang='grc' dir='ltr'>καὶ</span> <span class='ocrx_word' id='word_1_139' title='bbox 3082 632 3144 686; x_wconf 77' lang='grc' dir='ltr'><strong>τὺ</strong></span> <span class='ocrx_word' id='word_1_140' title='bbox 3175 632 3440 706; x_wconf 77' lang='grc' dir='ltr'><strong>κάλυμμα</strong></span> <span class='ocrx_word' id='word_1_141' title='bbox 3489 636 3646 707; x_wconf 82' lang='grc' dir='ltr'>ρίψον</span> <span class='ocrx_word' id='word_1_142' title='bbox 3701 641 3847 713; x_wconf 75' lang='grc' dir='ltr'>πρὸς</span> 
     </span>
    </p>
   </div>
   <div class='ocr_carea' id='block_1_19' title="bbox 2244 711 3849 797">
    <p class='ocr_par' dir='ltr' id='par_1_19' title="bbox 2244 711 3849 797">
     <span class='ocr_line' id='line_1_19' title="bbox 2244 711 3849 797; baseline 0.009 -31"><span class='ocrx_word' id='word_1_143' title='bbox 2244 713 2452 769; x_wconf 78' lang='grc' dir='ltr'>τοῦτον.</span> <span class='ocrx_word' id='word_1_144' title='bbox 2498 717 2557 770; x_wconf 85' lang='grc' dir='ltr'>Ὀ</span> <span class='ocrx_word' id='word_1_145' title='bbox 2582 711 2675 771; x_wconf 70' lang='grc' dir='ltr'>οὖν</span> <span class='ocrx_word' id='word_1_146' title='bbox 2705 718 3027 788; x_wconf 81' lang='grc' dir='ltr'>Ἐπιφάνιος</span> <span class='ocrx_word' id='word_1_147' title='bbox 3055 719 3298 785; x_wconf 82' lang='grc' dir='ltr'>ἀκούσας</span> <span class='ocrx_word' id='word_1_148' title='bbox 3323 721 3519 787; x_wconf 80' lang='grc' dir='ltr'>ταῦτα,</span> <span class='ocrx_word' id='word_1_149' title='bbox 3549 724 3679 797; x_wconf 69' lang='grc' dir='ltr'>ἔστη</span> <span class='ocrx_word' id='word_1_150' title='bbox 3700 711 3849 797; x_wconf 74' lang='grc' dir='ltr'>πρὸς</span> 
     </span>
    </p>
   </div>
   <div class='ocr_carea' id='block_1_20' title="bbox 2244 807 3846 890">
    <p class='ocr_par' dir='ltr' id='par_1_20' title="bbox 2244 807 3846 890">
     <span class='ocr_line' id='line_1_20' title="bbox 2244 807 3846 890; baseline 0.008 -31"><span class='ocrx_word' id='word_1_151' title='bbox 2244 807 2509 873; x_wconf 77' lang='grc' dir='ltr'>ἀνατολάς</span> <span class='ocrx_word' id='word_1_152' title='bbox 2534 809 2676 882; x_wconf 78' lang='grc' dir='ltr'>ὑπὲρ</span> <span class='ocrx_word' id='word_1_153' title='bbox 2700 810 2896 882; x_wconf 81' lang='grc' dir='ltr'><strong>νεκροῦ</strong></span> <span class='ocrx_word' id='word_1_154' title='bbox 2929 810 3029 883; x_wconf 78' lang='grc' dir='ltr'>τὴν</span> <span class='ocrx_word' id='word_1_155' title='bbox 3045 812 3233 884; x_wconf 81' lang='grc' dir='ltr'>δέησιν</span> <span class='ocrx_word' id='word_1_156' title='bbox 3261 814 3620 887; x_wconf 68' lang='grc' dir='ltr'>προσφέρων*</span> <span class='ocrx_word' id='word_1_157' title='bbox 3652 819 3748 871; x_wconf 60' lang='grc' dir='ltr'><strong>καὶ⁵</strong></span> <span class='ocrx_word' id='word_1_158' title='bbox 3771 819 3846 890; x_wconf 72' lang='grc' dir='ltr'>δὴ</span> 
     </span>
    </p>
   </div>
   <div class='ocr_carea' id='block_1_21' title="bbox 2242 897 3847 976">
    <p class='ocr_par' dir='ltr' id='par_1_21' title="bbox 2242 897 3847 976">
     <span class='ocr_line' id='line_1_21' title="bbox 2242 897 3847 976; baseline 0.007 -26"><span class='ocrx_word' id='word_1_159' title='bbox 2242 897 2653 971; x_wconf 71' lang='grc' dir='ltr'>ἀποδυσάμενος</span> <span class='ocrx_word' id='word_1_160' title='bbox 2691 900 2785 955; x_wconf 82' lang='grc' dir='ltr'><strong>τὸν</strong></span> <span class='ocrx_word' id='word_1_161' title='bbox 2837 901 3159 974; x_wconf 68' lang='grc' dir='ltr'>ἐπενδύτην,</span> <span class='ocrx_word' id='word_1_162' title='bbox 3214 904 3438 976; x_wconf 75' lang='grc' dir='ltr'>ερριψιν</span> <span class='ocrx_word' id='word_1_163' title='bbox 3462 907 3600 976; x_wconf 85' lang='grc' dir='ltr'>πρὸς</span> <span class='ocrx_word' id='word_1_164' title='bbox 3624 906 3847 962; x_wconf 76' lang='grc' dir='ltr'>ἔνδυσιν</span> 
     </span>
    </p>
   </div>
   <div class='ocr_carea' id='block_1_22' title="bbox 2240 988 3835 1071">
    <p class='ocr_par' dir='ltr' id='par_1_22' title="bbox 2240 988 3835 1071">
     <span class='ocr_line' id='line_1_22' title="bbox 2240 988 3835 1071; baseline 0.008 -29"><span class='ocrx_word' id='word_1_165' title='bbox 2240 988 2337 1043; x_wconf 83' lang='grc' dir='ltr'>τοῦ</span> <span class='ocrx_word' id='word_1_166' title='bbox 2362 990 2677 1057; x_wconf 76' lang='grc' dir='ltr'>τεθνεῶτος.</span> <span class='ocrx_word' id='word_1_167' title='bbox 2709 993 2903 1048; x_wconf 59' lang='grc' dir='ltr'><strong>Τοῦκδὲ</strong></span> <span class='ocrx_word' id='word_1_168' title='bbox 2926 995 3251 1066; x_wconf 68' lang='grc' dir='ltr'>Ἐπιφανεου</span> <span class='ocrx_word' id='word_1_169' title='bbox 3275 998 3376 1070; x_wconf 77' lang='grc' dir='ltr'>τὴν</span> <span class='ocrx_word' id='word_1_170' title='bbox 3401 999 3628 1071; x_wconf 81' lang='grc' dir='ltr'>πορείαν</span> <span class='ocrx_word' id='word_1_171' title='bbox 3652 1018 3835 1055; x_wconf 63' lang='grc' dir='ltr'><strong>ποιοῖ.»⁴</strong></span> 
     </span>
    </p>
   </div>
   <div class='ocr_carea' id='block_1_23' title="bbox 2244 1082 3837 1163">
    <p class='ocr_par' dir='ltr' id='par_1_23' title="bbox 2244 1082 3837 1163">
     <span class='ocr_line' id='line_1_23' title="bbox 2244 1082 3837 1163; baseline 0.007 -27"><span class='ocrx_word' id='word_1_172' title='bbox 2244 1082 2430 1153; x_wconf 73' lang='grc' dir='ltr'>μένου,</span> <span class='ocrx_word' id='word_1_173' title='bbox 2462 1087 2629 1158; x_wconf 73' lang='grc' dir='ltr'>φησὶν</span> <span class='ocrx_word' id='word_1_174' title='bbox 2655 1089 2683 1140; x_wconf 97' lang='lat'><strong>6</strong></span> <span class='ocrx_word' id='word_1_175' title='bbox 2710 1087 2838 1151; x_wconf 77' lang='grc' dir='ltr'>τοὺς</span> <span class='ocrx_word' id='word_1_176' title='bbox 2865 1088 3058 1157; x_wconf 85' lang='grc' dir='ltr'>λόγους</span> <span class='ocrx_word' id='word_1_177' title='bbox 3096 1088 3339 1163; x_wconf 80' lang='grc' dir='ltr'><strong>λαλήσας</strong></span> <span class='ocrx_word' id='word_1_178' title='bbox 3376 1092 3514 1163; x_wconf 66' lang='grc' dir='ltr'>πρὸς</span> <span class='ocrx_word' id='word_1_179' title='bbox 3553 1093 3648 1145; x_wconf 79' lang='grc' dir='ltr'>τὸν</span> <span class='ocrx_word' id='word_1_180' title='bbox 3696 1092 3837 1147; x_wconf 85' lang='grc' dir='ltr'>πλα-</span> 
     </span>
    </p>
   </div>
   <div class='ocr_carea' id='block_1_24' title="bbox 2243 1174 3845 1257">
    <p class='ocr_par' dir='ltr' id='par_1_24' title="bbox 2243 1174 3845 1257">
     <span class='ocr_line' id='line_1_24' title="bbox 2243 1174 3845 1257; baseline 0.007 -29"><span class='ocrx_word' id='word_1_181' title='bbox 2243 1174 2438 1231; x_wconf 85' lang='grc' dir='ltr'>σθέντα</span> <span class='ocrx_word' id='word_1_182' title='bbox 2472 1178 2564 1232; x_wconf 77' lang='grc' dir='ltr'>τὸν</span> <span class='ocrx_word' id='word_1_183' title='bbox 2587 1178 2818 1234; x_wconf 85' lang='grc' dir='ltr'>θάνατον</span> <span class='ocrx_word' id='word_1_184' title='bbox 2839 1198 2852 1214; x_wconf 76' lang='grc' dir='ltr'><strong>ο</strong></span> <span class='ocrx_word' id='word_1_185' title='bbox 2874 1183 3132 1249; x_wconf 78' lang='grc' dir='ltr'>’Δνάστα,</span> <span class='ocrx_word' id='word_1_186' title='bbox 3160 1183 3348 1255; x_wconf 77' lang='grc' dir='ltr'>φησὶν,</span> <span class='ocrx_word' id='word_1_187' title='bbox 3375 1183 3780 1257; x_wconf 77' lang='grc' dir='ltr'><strong>ἀντιπαρῆλθεν</strong></span> <span class='ocrx_word' id='word_1_188' title='bbox 3810 1188 3845 1239; x_wconf 87' lang='lat'><strong>6</strong></span> 
     </span>
    </p>
   </div>
   <div class='ocr_carea' id='block_1_25' title="bbox 2245 1266 3844 1349">
    <p class='ocr_par' dir='ltr' id='par_1_25' title="bbox 2245 1266 3844 1349">
     <span class='ocr_line' id='line_1_25' title="bbox 2245 1266 3844 1349; baseline 0.007 -29"><span class='ocrx_word' id='word_1_189' title='bbox 2245 1266 2481 1341; x_wconf 73' lang='grc' dir='ltr'>ἰδιώτης.</span> <span class='ocrx_word' id='word_1_190' title='bbox 2512 1271 2619 1325; x_wconf 82' lang='grc' dir='ltr'>Τοῦ</span> <span class='ocrx_word' id='word_1_191' title='bbox 2652 1273 2709 1326; x_wconf 82' lang='grc' dir='ltr'>δὲ</span> <span class='ocrx_word' id='word_1_192' title='bbox 2737 1274 3033 1342; x_wconf 81' lang='grc' dir='ltr'>ἀπόκρισιν</span> <span class='ocrx_word' id='word_1_193' title='bbox 3066 1275 3142 1348; x_wconf 80' lang='grc' dir='ltr'>μὴ</span> <span class='ocrx_word' id='word_1_194' title='bbox 3165 1275 3405 1341; x_wconf 79' lang='grc' dir='ltr'><strong>διδόντος</strong></span> <span class='ocrx_word' id='word_1_195' title='bbox 3425 1316 3440 1340; x_wconf 92' lang='grc'><strong>,</strong></span> <span class='ocrx_word' id='word_1_196' title='bbox 3474 1277 3637 1330; x_wconf 88' lang='grc' dir='ltr'>πάλιν</span> <span class='ocrx_word' id='word_1_197' title='bbox 3665 1294 3844 1349; x_wconf 85' lang='grc' dir='ltr'>προσ-</span> 
     </span>
    </p>
   </div>
   <div class='ocr_carea' id='block_1_26' title="bbox 2240 1360 3845 1439">
    <p class='ocr_par' dir='ltr' id='par_1_26' title="bbox 2240 1360 3845 1439">
     <span class='ocr_line' id='line_1_26' title="bbox 2240 1360 3845 1439; baseline 0.004 -26"><span class='ocrx_word' id='word_1_198' title='bbox 2240 1360 2508 1418; x_wconf 77' lang='grc' dir='ltr'>εκαλεῖτο.</span> <span class='ocrx_word' id='word_1_199' title='bbox 2580 1361 2664 1429; x_wconf 77' lang='grc' dir='ltr'>Ὠς</span> <span class='ocrx_word' id='word_1_200' title='bbox 2717 1363 2774 1419; x_wconf 86' lang='grc' dir='ltr'>δὲ</span> <span class='ocrx_word' id='word_1_201' title='bbox 2813 1368 3123 1437; x_wconf 78' lang='grc' dir='ltr'>προσέσχεν</span> <span class='ocrx_word' id='word_1_202' title='bbox 3180 1365 3373 1421; x_wconf 82' lang='grc' dir='ltr'>τοῦτον</span> <span class='ocrx_word' id='word_1_203' title='bbox 3417 1366 3631 1438; x_wconf 79' lang='grc' dir='ltr'>νεκρὸν,</span> <span class='ocrx_word' id='word_1_204' title='bbox 3670 1366 3845 1439; x_wconf 74' lang='grc' dir='ltr'>φησὶν</span> 
     </span>
    </p>
   </div>
   <div class='ocr_carea' id='block_1_27' title="bbox 2241 1452 3846 1531">
    <p class='ocr_par' dir='ltr' id='par_1_27' title="bbox 2241 1452 3846 1531">
     <span class='ocr_line' id='line_1_27' title="bbox 2241 1452 3846 1531; baseline 0.006 -27"><span class='ocrx_word' id='word_1_205' title='bbox 2241 1452 2379 1523; x_wconf 80' lang='grc' dir='ltr'>πρὸς</span> <span class='ocrx_word' id='word_1_206' title='bbox 2405 1454 2597 1509; x_wconf 78' lang='grc' dir='ltr'>ἑαυτόν</span> <span class='ocrx_word' id='word_1_207' title='bbox 2621 1473 2634 1486; x_wconf 88' lang='grc'><strong>·</strong></span> <span class='ocrx_word' id='word_1_208' title='bbox 2660 1457 2888 1529; x_wconf 81' lang='grc' dir='ltr'>Δράμω,</span> <span class='ocrx_word' id='word_1_209' title='bbox 2950 1459 3048 1512; x_wconf 80' lang='grc' dir='ltr'>καὶ</span> <span class='ocrx_word' id='word_1_210' title='bbox 3094 1458 3419 1530; x_wconf 88' lang='grc' dir='ltr'>άπαγγείλω</span> <span class='ocrx_word' id='word_1_211' title='bbox 3445 1458 3543 1530; x_wconf 66' lang='grc' dir='ltr'><strong>τῷ,</strong></span> <span class='ocrx_word' id='word_1_212' title='bbox 3570 1458 3707 1531; x_wconf 81' lang='grc' dir='ltr'>ξένῳ</span> <span class='ocrx_word' id='word_1_213' title='bbox 3738 1459 3846 1531; x_wconf 77' lang='grc' dir='ltr'>τὴν</span> 
     </span>
    </p>
   </div>
   <div class='ocr_carea' id='block_1_28' title="bbox 2239 1544 3847 1622">
    <p class='ocr_par' dir='ltr' id='par_1_28' title="bbox 2239 1544 3847 1622">
     <span class='ocr_line' id='line_1_28' title="bbox 2239 1544 3847 1622; baseline 0.005 -26"><span class='ocrx_word' id='word_1_214' title='bbox 2239 1544 2441 1609; x_wconf 70' lang='grc' dir='ltr'>αἰτίαν,</span> <span class='ocrx_word' id='word_1_215' title='bbox 2492 1545 2642 1611; x_wconf 81' lang='grc' dir='ltr'>ὅπως</span> <span class='ocrx_word' id='word_1_216' title='bbox 2691 1546 2881 1602; x_wconf 75' lang='grc' dir='ltr'>τοῦτον</span> <span class='ocrx_word' id='word_1_217' title='bbox 2914 1549 3231 1622; x_wconf 83' lang='grc' dir='ltr'>ἀναστήσει.</span> <span class='ocrx_word' id='word_1_218' title='bbox 3282 1548 3341 1603; x_wconf 87' lang='grc' dir='ltr'><strong>Ὃ</strong></span> <span class='ocrx_word' id='word_1_219' title='bbox 3394 1550 3453 1604; x_wconf 73' lang='grc' dir='ltr'>δὲ</span> <span class='ocrx_word' id='word_1_220' title='bbox 3492 1549 3847 1617; x_wconf 80' lang='grc' dir='ltr'>καταδιώξας</span> 
     </span>
    </p>
   </div>
   <div class='ocr_carea' id='block_1_29' title="bbox 2241 1634 3849 1713">
    <p class='ocr_par' dir='ltr' id='par_1_29' title="bbox 2241 1634 3849 1713">
     <span class='ocr_line' id='line_1_29' title="bbox 2241 1634 3849 1713; baseline 0.006 -26"><span class='ocrx_word' id='word_1_221' title='bbox 2241 1634 2419 1689; x_wconf 85' lang='grc' dir='ltr'>ὀπίσω</span> <span class='ocrx_word' id='word_1_222' title='bbox 2440 1636 2621 1707; x_wconf 78' lang='grc' dir='ltr'>ἡμῶν,</span> <span class='ocrx_word' id='word_1_223' title='bbox 2657 1638 2853 1693; x_wconf 76' lang='grc' dir='ltr'>ἔπεσεν</span> <span class='ocrx_word' id='word_1_224' title='bbox 2889 1641 2981 1694; x_wconf 76' lang='grc' dir='ltr'><strong>ἐπὶ</strong></span> <span class='ocrx_word' id='word_1_225' title='bbox 3026 1639 3127 1713; x_wconf 80' lang='grc' dir='ltr'><strong>τὴν</strong></span> <span class='ocrx_word' id='word_1_226' title='bbox 3155 1642 3263 1713; x_wconf 83' lang='grc' dir='ltr'>γῆν</span> <span class='ocrx_word' id='word_1_227' title='bbox 3313 1640 3570 1713; x_wconf 85' lang='grc' dir='ltr'>δεόμενος</span> <span class='ocrx_word' id='word_1_228' title='bbox 3604 1641 3849 1711; x_wconf 70' lang='grc' dir='ltr'>Ἐπιφαο</span> 
     </span>
    </p>
   </div>
   <div class='ocr_carea' id='block_1_30' title="bbox 2238 1725 3847 1806">
    <p class='ocr_par' dir='ltr' id='par_1_30' title="bbox 2238 1725 3847 1806">
     <span class='ocr_line' id='line_1_30' title="bbox 2238 1725 3847 1806; baseline 0.006 -27"><span class='ocrx_word' id='word_1_229' title='bbox 2238 1725 2375 1793; x_wconf 85' lang='grc' dir='ltr'>νίου,</span> <span class='ocrx_word' id='word_1_230' title='bbox 2405 1727 2611 1797; x_wconf 82' lang='grc' dir='ltr'>λέγων·</span> <span class='ocrx_word' id='word_1_231' title='bbox 2637 1729 2841 1802; x_wconf 80' lang='grc' dir='ltr'>Δέομαι</span> <span class='ocrx_word' id='word_1_232' title='bbox 2868 1731 2963 1785; x_wconf 80' lang='grc' dir='ltr'>καὶ</span> <span class='ocrx_word' id='word_1_233' title='bbox 2997 1731 3228 1787; x_wconf 69' lang='grc' dir='ltr'>ἱκετεύω</span> <span class='ocrx_word' id='word_1_234' title='bbox 3262 1731 3364 1804; x_wconf 78' lang='grc' dir='ltr'>τὴν</span> <span class='ocrx_word' id='word_1_235' title='bbox 3408 1731 3508 1804; x_wconf 79' lang='grc' dir='ltr'>σὴν</span> <span class='ocrx_word' id='word_1_236' title='bbox 3543 1734 3847 1806; x_wconf 82' lang='grc' dir='ltr'>πατρωσύ-</span> 
     </span>
    </p>
   </div>
   <div class='ocr_carea' id='block_1_31' title="bbox 2237 1816 3848 1896">
    <p class='ocr_par' dir='ltr' id='par_1_31' title="bbox 2237 1816 3848 1896">
     <span class='ocr_line' id='line_1_31' title="bbox 2237 1816 3848 1896; baseline 0.006 -27"><span class='ocrx_word' id='word_1_237' title='bbox 2237 1833 2356 1888; x_wconf 89' lang='grc' dir='ltr'>νην,</span> <span class='ocrx_word' id='word_1_238' title='bbox 2385 1816 2672 1890; x_wconf 81' lang='grc' dir='ltr'>βοήθησον,</span> <span class='ocrx_word' id='word_1_239' title='bbox 2700 1821 2795 1874; x_wconf 72' lang='grc' dir='ltr'>καὶ</span> <span class='ocrx_word' id='word_1_240' title='bbox 2821 1824 3005 1890; x_wconf 73' lang='grc' dir='ltr'>φεῖσαι</span> <span class='ocrx_word' id='word_1_241' title='bbox 3026 1824 3124 1894; x_wconf 83' lang='grc' dir='ltr'>τῆς</span> <span class='ocrx_word' id='word_1_242' title='bbox 3152 1821 3309 1895; x_wconf 74' lang='grc' dir='ltr'>ἡμῶν</span> <span class='ocrx_word' id='word_1_243' title='bbox 3337 1823 3672 1896; x_wconf 81' lang='grc' dir='ltr'>ἀφροσύνης.</span> <span class='ocrx_word' id='word_1_244' title='bbox 3707 1825 3848 1880; x_wconf 85' lang='grc' dir='ltr'>Ὅτε</span> 
     </span>
    </p>
   </div>
   <div class='ocr_carea' id='block_1_32' title="bbox 542 1904 2118 1993">
    <p class='ocr_par' dir='ltr' id='par_1_32' title="bbox 542 1916 2118 1993">
     <span class='ocr_line' id='line_1_32' title="bbox 542 1916 2118 1993; baseline 0.001 -24"><span class='ocrx_word' id='word_1_245' title='bbox 542 1922 703 1971; x_wconf 90' lang='lat' dir='ltr'><strong>cutus</strong></span> <span class='ocrx_word' id='word_1_246' title='bbox 719 1916 941 1974; x_wconf 85' lang='lat' dir='ltr'><strong>dicens:</strong></span> <span class='ocrx_word' id='word_1_247' title='bbox 967 1919 1136 1975; x_wconf 91' lang='lat' dir='ltr'><strong>lndue</strong></span> <span class='ocrx_word' id='word_1_248' title='bbox 1160 1929 1461 1988; x_wconf 85' lang='lat' dir='ltr'><strong>mortuum,</strong></span> <span class='ocrx_word' id='word_1_249' title='bbox 1486 1923 1608 1993; x_wconf 76' lang='lat' dir='ltr'><strong>ejus</strong></span> <span class='ocrx_word' id='word_1_250' title='bbox 1631 1937 1903 1978; x_wconf 83' lang='lat' dir='ltr'><strong>consensu</strong></span> <span class='ocrx_word' id='word_1_251' title='bbox 1920 1936 2040 1977; x_wconf 85' lang='lat' dir='ltr'><strong>sum</strong></span> <span class='ocrx_word' id='word_1_252' title='bbox 2060 1918 2118 1971; x_wconf 87' lang='lat' dir='ltr'><strong>Io</strong></span> 
     </span>
    </p>
   </div>
   <div class='ocr_carea' id='block_1_33' title="bbox 2230 1904 3843 1993">
    <p class='ocr_par' dir='ltr' id='par_1_33' title="bbox 2243 1908 3843 1987">
     <span class='ocr_line' id='line_1_33' title="bbox 2243 1908 3843 1987; baseline 0.005 -24"><span class='ocrx_word' id='word_1_253' title='bbox 2243 1908 2353 1982; x_wconf 86' lang='grc' dir='ltr'><strong>γάρ</strong></span> <span class='ocrx_word' id='word_1_254' title='bbox 2380 1910 2731 1985; x_wconf 75' lang='grc' dir='ltr'><strong>ἐφθεγξάμην</strong></span> <span class='ocrx_word' id='word_1_255' title='bbox 2758 1913 2894 1987; x_wconf 78' lang='grc' dir='ltr'>πρὸς</span> <span class='ocrx_word' id='word_1_256' title='bbox 2929 1915 2988 1969; x_wconf 81' lang='grc' dir='ltr'>σὲ</span> <span class='ocrx_word' id='word_1_257' title='bbox 3017 1915 3193 1985; x_wconf 82' lang='grc' dir='ltr'>λέγων</span> <span class='ocrx_word' id='word_1_258' title='bbox 3212 1957 3228 1981; x_wconf 95' lang='grc'><strong>,</strong></span> <span class='ocrx_word' id='word_1_259' title='bbox 3261 1915 3587 1972; x_wconf 85' lang='grc' dir='ltr'>Ἐπένδυσον</span> <span class='ocrx_word' id='word_1_260' title='bbox 3624 1917 3718 1970; x_wconf 84' lang='grc' dir='ltr'>τὸν</span> <span class='ocrx_word' id='word_1_261' title='bbox 3749 1934 3843 1971; x_wconf 89' lang='grc' dir='ltr'>τε-</span> 
     </span>
    </p>
   </div>
   <div class='ocr_carea' id='block_1_34' title="bbox 539 2012 2129 2085">
    <p class='ocr_par' dir='ltr' id='par_1_34' title="bbox 539 2012 2129 2085">
     <span class='ocr_line' id='line_1_34' title="bbox 539 2012 2129 2085; baseline 0.001 -21"><span class='ocrx_word' id='word_1_262' title='bbox 539 2017 700 2064; x_wconf 86' lang='lat' dir='ltr'><strong>cutus</strong></span> <span class='ocrx_word' id='word_1_263' title='bbox 735 2026 749 2063; x_wconf 91' lang='lat'><strong>:</strong></span> <span class='ocrx_word' id='word_1_264' title='bbox 806 2026 1043 2082; x_wconf 84' lang='lat' dir='ltr'><strong>cumque</strong></span> <span class='ocrx_word' id='word_1_265' title='bbox 1073 2021 1131 2068; x_wconf 91' lang='lat' dir='ltr'><strong>tu</strong></span> <span class='ocrx_word' id='word_1_266' title='bbox 1162 2027 1271 2068; x_wconf 89' lang='lat' dir='ltr'><strong>non</strong></span> <span class='ocrx_word' id='word_1_267' title='bbox 1303 2013 1463 2085; x_wconf 77' lang='lat' dir='ltr'><strong>longe</strong></span> <span class='ocrx_word' id='word_1_268' title='bbox 1498 2014 1878 2084; x_wconf 64' lang='lat' dir='ltr'><strong>praeteriisses,</strong></span> <span class='ocrx_word' id='word_1_269' title='bbox 1924 2012 2129 2069; x_wconf 85' lang='lat' dir='ltr'><strong>allocu-</strong></span> 
     </span>
    </p>
   </div>
   <div class='ocr_carea' id='block_1_35' title="bbox 539 2106 2130 2170">
    <p class='ocr_par' dir='ltr' id='par_1_35' title="bbox 539 2106 2130 2170">
     <span class='ocr_line' id='line_1_35' title="bbox 539 2106 2130 2170; baseline 0.003 -14"><span class='ocrx_word' id='word_1_270' title='bbox 539 2110 626 2158; x_wconf 90' lang='lat' dir='ltr'><strong>tus</strong></span> <span class='ocrx_word' id='word_1_271' title='bbox 649 2119 771 2158; x_wconf 93' lang='lat' dir='ltr'><strong>sum</strong></span> <span class='ocrx_word' id='word_1_272' title='bbox 804 2120 985 2162; x_wconf 90' lang='lat' dir='ltr'><strong>meum</strong></span> <span class='ocrx_word' id='word_1_273' title='bbox 1013 2106 1277 2170; x_wconf 90' lang='lat' dir='ltr'><strong>amicum,</strong></span> <span class='ocrx_word' id='word_1_274' title='bbox 1316 2114 1370 2161; x_wconf 92' lang='lat' dir='ltr'><strong>et</strong></span> <span class='ocrx_word' id='word_1_275' title='bbox 1407 2107 1459 2160; x_wconf 93' lang='lat' dir='ltr'><strong>in</strong></span> <span class='ocrx_word' id='word_1_276' title='bbox 1495 2122 1561 2162; x_wconf 91' lang='lat' dir='ltr'><strong>eo</strong></span> <span class='ocrx_word' id='word_1_277' title='bbox 1594 2124 1702 2162; x_wconf 89' lang='lat' dir='ltr'><strong>non</strong></span> <span class='ocrx_word' id='word_1_278' title='bbox 1737 2116 1859 2162; x_wconf 88' lang='lat' dir='ltr'><strong>erat</strong></span> <span class='ocrx_word' id='word_1_279' title='bbox 1883 2122 2130 2170; x_wconf 81' lang='lat' dir='ltr'><strong>vox,nec</strong></span> 
     </span>
    </p>
   </div>
   <div class='ocr_carea' id='block_1_36' title="bbox 535 2195 2125 2270">
    <p class='ocr_par' dir='ltr' id='par_1_36' title="bbox 535 2195 2125 2270">
     <span class='ocr_line' id='line_1_36' title="bbox 535 2195 2125 2270; baseline 0.002 -21"><span class='ocrx_word' id='word_1_280' title='bbox 535 2195 779 2251; x_wconf 86' lang='lat' dir='ltr'><strong>auditus.</strong></span> <span class='ocrx_word' id='word_1_281' title='bbox 817 2195 923 2252; x_wconf 89' lang='lat' dir='ltr'><strong>Sed</strong></span> <span class='ocrx_word' id='word_1_282' title='bbox 973 2212 1096 2269; x_wconf 88' lang='lat' dir='ltr'><strong>age,</strong></span> <span class='ocrx_word' id='word_1_283' title='bbox 1124 2198 1325 2270; x_wconf 85' lang='lat' dir='ltr'><strong>inquit,</strong></span> <span class='ocrx_word' id='word_1_284' title='bbox 1357 2197 1520 2254; x_wconf 81' lang='lat' dir='ltr'><strong>Pater</strong></span> <span class='ocrx_word' id='word_1_285' title='bbox 1541 2241 1556 2265; x_wconf 93' lang='lat'><strong>,</strong></span> <span class='ocrx_word' id='word_1_286' title='bbox 1583 2199 1790 2255; x_wconf 88' lang='lat' dir='ltr'><strong>suscita</strong></span> <span class='ocrx_word' id='word_1_287' title='bbox 1821 2208 2125 2261; x_wconf 90' lang='lat' dir='ltr'><strong>mortuum,</strong></span> 
     </span>
    </p>
   </div>
   <div class='ocr_carea' id='block_1_37' title="bbox 534 2291 2129 2362">
    <p class='ocr_par' dir='ltr' id='par_1_37' title="bbox 534 2291 2129 2362">
     <span class='ocr_line' id='line_1_37' title="bbox 534 2291 2129 2362; baseline 0.004 -21"><span class='ocrx_word' id='word_1_288' title='bbox 534 2295 589 2342; x_wconf 91' lang='lat' dir='ltr'><strong>et</strong></span> <span class='ocrx_word' id='word_1_289' title='bbox 617 2303 782 2357; x_wconf 90' lang='lat' dir='ltr'><strong>quam</strong></span> <span class='ocrx_word' id='word_1_290' title='bbox 814 2297 921 2343; x_wconf 91' lang='lat' dir='ltr'><strong>ate</strong></span> <span class='ocrx_word' id='word_1_291' title='bbox 947 2291 1265 2361; x_wconf 82' lang='lat' dir='ltr'><strong>accepimus</strong></span> <span class='ocrx_word' id='word_1_292' title='bbox 1298 2292 1563 2356; x_wconf 82' lang='lat' dir='ltr'><strong>tunicam,</strong></span> <span class='ocrx_word' id='word_1_293' title='bbox 1595 2308 1715 2346; x_wconf 86' lang='lat' dir='ltr'><strong>eam</strong></span> <span class='ocrx_word' id='word_1_294' title='bbox 1750 2293 1955 2362; x_wconf 89' lang='lat' dir='ltr'><strong>accipe.</strong></span> <span class='ocrx_word' id='word_1_295' title='bbox 1985 2291 2129 2347; x_wconf 73' lang='lat' dir='ltr'><strong>Dixit</strong></span> 
     </span>
    </p>
   </div>
   <div class='ocr_carea' id='block_1_38' title="bbox 535 2362 2124 2451">
    <p class='ocr_par' dir='ltr' id='par_1_38' title="bbox 535 2362 2124 2451">
     <span class='ocr_line' id='line_1_38' title="bbox 535 2362 2124 2451; baseline 0.001 -20"><span class='ocrx_word' id='word_1_296' title='bbox 535 2387 717 2432; x_wconf 87' lang='lat' dir='ltr'><strong>autem</strong></span> <span class='ocrx_word' id='word_1_297' title='bbox 758 2378 1099 2450; x_wconf 84' lang='lat' dir='ltr'><strong>Epiphanius</strong></span> <span class='ocrx_word' id='word_1_298' title='bbox 1134 2380 1209 2444; x_wconf 89' lang='lat' dir='ltr'><strong>ei,</strong></span> <span class='ocrx_word' id='word_1_299' title='bbox 1257 2381 1351 2451; x_wconf 91' lang='lat' dir='ltr'><strong>qui</strong></span> <span class='ocrx_word' id='word_1_300' title='bbox 1400 2362 1770 2451; x_wconf 46' lang='lat' dir='ltr'><strong>loquebatur}</strong></span> <span class='ocrx_word' id='word_1_301' title='bbox 1812 2380 1995 2446; x_wconf 76' lang='lat' dir='ltr'><strong>Vade,</strong></span> <span class='ocrx_word' id='word_1_302' title='bbox 2027 2380 2124 2446; x_wconf 77' lang='lat' dir='ltr'><strong>liii,</strong></span> 
     </span>
    </p>
   </div>
   <div class='ocr_carea' id='block_1_39' title="bbox 531 2471 2127 2541">
    <p class='ocr_par' dir='ltr' id='par_1_39' title="bbox 531 2471 2127 2541">
     <span class='ocr_line' id='line_1_39' title="bbox 531 2471 2127 2541; baseline 0.003 -14"><span class='ocrx_word' id='word_1_303' title='bbox 531 2480 588 2527; x_wconf 88' lang='lat' dir='ltr'><strong>et</strong></span> <span class='ocrx_word' id='word_1_304' title='bbox 612 2471 779 2541; x_wconf 81' lang='lat' dir='ltr'><strong>sepeii</strong></span> <span class='ocrx_word' id='word_1_305' title='bbox 819 2487 966 2527; x_wconf 89' lang='lat' dir='ltr'><strong>eum.</strong></span> <span class='ocrx_word' id='word_1_306' title='bbox 998 2471 1243 2528; x_wconf 88' lang='lat' dir='ltr'><strong>Primum</strong></span> <span class='ocrx_word' id='word_1_307' title='bbox 1280 2474 1427 2529; x_wconf 84' lang='lat' dir='ltr'><strong>enim</strong></span> <span class='ocrx_word' id='word_1_308' title='bbox 1459 2480 1545 2529; x_wconf 84' lang='lat' dir='ltr'><strong>est</strong></span> <span class='ocrx_word' id='word_1_309' title='bbox 1583 2483 1856 2540; x_wconf 85' lang='lat' dir='ltr'><strong>mortuus,</strong></span> <span class='ocrx_word' id='word_1_310' title='bbox 1890 2481 1943 2529; x_wconf 86' lang='lat' dir='ltr'><strong>et</strong></span> <span class='ocrx_word' id='word_1_311' title='bbox 1996 2482 2127 2531; x_wconf 89' lang='lat' dir='ltr'><strong>tunc</strong></span> 
     </span>
    </p>
   </div>
   <div class='ocr_carea' id='block_1_40' title="bbox 535 2566 2125 2637">
    <p class='ocr_par' dir='ltr' id='par_1_40' title="bbox 535 2566 2125 2637">
     <span class='ocr_line' id='line_1_40' title="bbox 535 2566 2125 2637; baseline 0.003 -18"><span class='ocrx_word' id='word_1_312' title='bbox 535 2566 637 2637; x_wconf 89' lang='lat' dir='ltr'><strong>ipsi</strong></span> <span class='ocrx_word' id='word_1_313' title='bbox 697 2566 904 2636; x_wconf 87' lang='lat' dir='ltr'><strong>petiisti</strong></span> <span class='ocrx_word' id='word_1_314' title='bbox 960 2566 1370 2624; x_wconf 85' lang='lat' dir='ltr'><strong>indumentum.</strong></span> <span class='ocrx_word' id='word_1_315' title='bbox 1414 2568 1550 2623; x_wconf 88' lang='lat' dir='ltr'><strong>Cum</strong></span> <span class='ocrx_word' id='word_1_316' title='bbox 1587 2577 1767 2623; x_wconf 85' lang='lat' dir='ltr'><strong>autem</strong></span> <span class='ocrx_word' id='word_1_317' title='bbox 1803 2583 2001 2624; x_wconf 84' lang='lat' dir='ltr'><strong>rursus</strong></span> <span class='ocrx_word' id='word_1_318' title='bbox 2034 2583 2125 2623; x_wconf 79' lang='lat' dir='ltr'><strong>ve-</strong></span> 
     </span>
    </p>
   </div>
   <div class='ocr_carea' id='block_1_41' title="bbox 533 2657 2122 2734">
    <p class='ocr_par' dir='ltr' id='par_1_41' title="bbox 533 2657 2122 2734">
     <span class='ocr_line' id='line_1_41' title="bbox 533 2657 2122 2734; baseline 0.003 -23"><span class='ocrx_word' id='word_1_319' title='bbox 533 2658 816 2715; x_wconf 89' lang='lat' dir='ltr'><strong>nissemus</strong></span> <span class='ocrx_word' id='word_1_320' title='bbox 843 2657 1176 2727; x_wconf 66' lang='lat' dir='ltr'><strong>Caesaream,</strong></span> <span class='ocrx_word' id='word_1_321' title='bbox 1207 2661 1261 2716; x_wconf 92' lang='lat' dir='ltr'><strong>in</strong></span> <span class='ocrx_word' id='word_1_322' title='bbox 1285 2660 1524 2734; x_wconf 88' lang='lat' dir='ltr'><strong>Cyprum</strong></span> <span class='ocrx_word' id='word_1_323' title='bbox 1556 2662 1953 2733; x_wconf 81' lang='lat' dir='ltr'><strong>navigavimus.</strong></span> <span class='ocrx_word' id='word_1_324' title='bbox 1985 2660 2122 2717; x_wconf 78' lang='lat' dir='ltr'><strong>Fra-</strong></span> 
     </span>
    </p>
   </div>
   <div class='ocr_carea' id='block_1_42' title="bbox 535 2752 1951 2824">
    <p class='ocr_par' dir='ltr' id='par_1_42' title="bbox 535 2752 1951 2824">
     <span class='ocr_line' id='line_1_42' title="bbox 535 2752 1951 2824; baseline 0.006 -22"><span class='ocrx_word' id='word_1_325' title='bbox 535 2756 646 2807; x_wconf 85' lang='lat' dir='ltr'><strong>tres</strong></span> <span class='ocrx_word' id='word_1_326' title='bbox 684 2764 815 2808; x_wconf 75' lang='lat' dir='ltr'><strong>vero</strong></span> <span class='ocrx_word' id='word_1_327' title='bbox 844 2766 948 2807; x_wconf 86' lang='lat' dir='ltr'><strong>nos</strong></span> <span class='ocrx_word' id='word_1_328' title='bbox 977 2766 1103 2807; x_wconf 93' lang='lat' dir='ltr'><strong>cum</strong></span> <span class='ocrx_word' id='word_1_329' title='bbox 1130 2766 1335 2822; x_wconf 81' lang='lat' dir='ltr'><strong>magno</strong></span> <span class='ocrx_word' id='word_1_330' title='bbox 1359 2752 1562 2824; x_wconf 87' lang='lat' dir='ltr'><strong>gaudio</strong></span> <span class='ocrx_word' id='word_1_331' title='bbox 1590 2762 1951 2823; x_wconf 72' lang='lat' dir='ltr'><strong>exceperunt.</strong></span> 
     </span>
    </p>
   </div>
   <div class='ocr_carea' id='block_1_43' title="bbox 598 3013 2121 3090">
    <p class='ocr_par' dir='ltr' id='par_1_43' title="bbox 598 3013 2121 3090">
     <span class='ocr_line' id='line_1_43' title="bbox 598 3013 2121 3090; baseline 0.006 -22"><span class='ocrx_word' id='word_1_332' title='bbox 598 3013 809 3071; x_wconf 75' lang='lat' dir='ltr'><strong>XLVII.</strong></span> <span class='ocrx_word' id='word_1_333' title='bbox 842 3016 970 3073; x_wconf 91' lang='lat' dir='ltr'><strong>Erat</strong></span> <span class='ocrx_word' id='word_1_334' title='bbox 1004 3028 1186 3074; x_wconf 79' lang='lat' dir='ltr'><strong>autem</strong></span> <span class='ocrx_word' id='word_1_335' title='bbox 1221 3018 1443 3089; x_wconf 85' lang='lat' dir='ltr'><strong>quidam</strong></span> <span class='ocrx_word' id='word_1_336' title='bbox 1480 3019 1826 3090; x_wconf 81' lang='lat' dir='ltr'><strong>legisperitus</strong></span> <span class='ocrx_word' id='word_1_337' title='bbox 1875 3019 2121 3089; x_wconf 68' lang='lat' dir='ltr'><strong>Iudaeus,</strong></span> 
     </span>
    </p>
   </div>
   <div class='ocr_carea' id='block_1_44' title="bbox 531 3108 2123 3186">
    <p class='ocr_par' dir='ltr' id='par_1_44' title="bbox 531 3108 2123 3186">
     <span class='ocr_line' id='line_1_44' title="bbox 531 3108 2123 3186; baseline 0.005 -23"><span class='ocrx_word' id='word_1_338' title='bbox 531 3108 682 3164; x_wconf 83' lang='lat' dir='ltr'><strong>lsaae</strong></span> <span class='ocrx_word' id='word_1_339' title='bbox 708 3111 953 3179; x_wconf 86' lang='lat' dir='ltr'><strong>nomine,</strong></span> <span class='ocrx_word' id='word_1_340' title='bbox 983 3112 1066 3166; x_wconf 75' lang='lat' dir='ltr'><strong>vir</strong></span> <span class='ocrx_word' id='word_1_341' title='bbox 1102 3113 1245 3182; x_wconf 91' lang='lat' dir='ltr'><strong>pius,</strong></span> <span class='ocrx_word' id='word_1_342' title='bbox 1272 3121 1326 3168; x_wconf 91' lang='lat' dir='ltr'><strong>et</strong></span> <span class='ocrx_word' id='word_1_343' title='bbox 1358 3114 1449 3184; x_wconf 91' lang='lat' dir='ltr'><strong>qui</strong></span> <span class='ocrx_word' id='word_1_344' title='bbox 1500 3124 1756 3169; x_wconf 75' lang='lat' dir='ltr'><strong>accurate</strong></span> <span class='ocrx_word' id='word_1_345' title='bbox 1784 3114 1955 3186; x_wconf 82' lang='lat' dir='ltr'><strong>legem</strong></span> <span class='ocrx_word' id='word_1_346' title='bbox 2004 3131 2123 3171; x_wconf 88' lang='lat' dir='ltr'><strong>ser-</strong></span> 
     </span>
    </p>
   </div>
   <div class='ocr_carea' id='block_1_45' title="bbox 529 3204 2117 3278">
    <p class='ocr_par' dir='ltr' id='par_1_45' title="bbox 529 3204 2117 3278">
     <span class='ocr_line' id='line_1_45' title="bbox 529 3204 2117 3278; baseline 0.003 -19"><span class='ocrx_word' id='word_1_347' title='bbox 529 3204 690 3259; x_wconf 79' lang='lat' dir='ltr'><strong>vabat</strong></span> <span class='ocrx_word' id='word_1_348' title='bbox 719 3204 1037 3260; x_wconf 79' lang='lat' dir='ltr'><strong>Mosaicam.</strong></span> <span class='ocrx_word' id='word_1_349' title='bbox 1065 3206 1113 3261; x_wconf 89' lang='lat' dir='ltr'><strong>ls</strong></span> <span class='ocrx_word' id='word_1_350' title='bbox 1138 3222 1267 3271; x_wconf 83' lang='lat' dir='ltr'><strong>cum</strong></span> <span class='ocrx_word' id='word_1_351' title='bbox 1294 3217 1536 3264; x_wconf 81' lang='lat' dir='ltr'><strong>sectatus</strong></span> <span class='ocrx_word' id='word_1_352' title='bbox 1557 3217 1703 3264; x_wconf 89' lang='lat' dir='ltr'><strong>esset</strong></span> <span class='ocrx_word' id='word_1_353' title='bbox 1728 3207 2117 3278; x_wconf 75' lang='lat' dir='ltr'><strong>Epiphaniam,</strong></span> 
     </span>
    </p>
   </div>
   <div class='ocr_carea' id='block_1_46' title="bbox 526 3298 2119 3365">
    <p class='ocr_par' dir='ltr' id='par_1_46' title="bbox 526 3298 2119 3365">
     <span class='ocr_line' id='line_1_46' title="bbox 526 3298 2119 3365; baseline 0.001 -10"><span class='ocrx_word' id='word_1_354' title='bbox 526 3307 581 3355; x_wconf 81' lang='lat' dir='ltr'><strong>et</strong></span> <span class='ocrx_word' id='word_1_355' title='bbox 606 3299 879 3353; x_wconf 83' lang='lat' dir='ltr'><strong>eatcehesi</strong></span> <span class='ocrx_word' id='word_1_356' title='bbox 917 3298 1112 3354; x_wconf 69' lang='lat' dir='ltr'><strong>fuisset</strong></span> <span class='ocrx_word' id='word_1_357' title='bbox 1161 3299 1468 3365; x_wconf 70' lang='lat' dir='ltr'><strong>institutus,</strong></span> <span class='ocrx_word' id='word_1_358' title='bbox 1522 3309 1606 3356; x_wconf 87' lang='lat' dir='ltr'><strong>est</strong></span> <span class='ocrx_word' id='word_1_359' title='bbox 1640 3302 1709 3355; x_wconf 91' lang='lat' dir='ltr'><strong>ah</strong></span> <span class='ocrx_word' id='word_1_360' title='bbox 1740 3316 1805 3356; x_wconf 86' lang='lat' dir='ltr'><strong>eo</strong></span> <span class='ocrx_word' id='word_1_361' title='bbox 1839 3300 2119 3357; x_wconf 88' lang='lat' dir='ltr'><strong>illumina-</strong></span> 
     </span>
    </p>
   </div>
   <div class='ocr_carea' id='block_1_47' title="bbox 527 3392 1770 3449">
    <p class='ocr_par' dir='ltr' id='par_1_47' title="bbox 527 3392 1770 3449">
     <span class='ocr_line' id='line_1_47' title="bbox 527 3392 1770 3449; baseline 0 0"><span class='ocrx_word' id='word_1_362' title='bbox 527 3403 639 3449; x_wconf 78' lang='lat' dir='ltr'><strong>tus.</strong></span> <span class='ocrx_word' id='word_1_363' title='bbox 675 3392 907 3448; x_wconf 79' lang='lat' dir='ltr'><strong>Eramus</strong></span> <span class='ocrx_word' id='word_1_364' title='bbox 932 3403 1113 3447; x_wconf 86' lang='lat' dir='ltr'><strong>autem</strong></span> <span class='ocrx_word' id='word_1_365' title='bbox 1144 3403 1252 3448; x_wconf 90' lang='lat' dir='ltr'><strong>tres</strong></span> <span class='ocrx_word' id='word_1_366' title='bbox 1280 3393 1427 3448; x_wconf 91' lang='lat' dir='ltr'><strong>domi</strong></span> <span class='ocrx_word' id='word_1_367' title='bbox 1463 3401 1770 3449; x_wconf 87' lang='lat' dir='ltr'><strong>manentes.</strong></span> 
     </span>
    </p>
   </div>
   <div class='ocr_carea' id='block_1_48' title="bbox 595 3483 2115 3555">
    <p class='ocr_par' dir='ltr' id='par_1_48' title="bbox 595 3483 2115 3555">
     <span class='ocr_line' id='line_1_48' title="bbox 595 3483 2115 3555; baseline -0.001 -15"><span class='ocrx_word' id='word_1_368' title='bbox 595 3484 809 3540; x_wconf 75' lang='lat' dir='ltr'><strong>XLV&#39;lil</strong></span> <span class='ocrx_word' id='word_1_369' title='bbox 855 3483 1165 3555; x_wconf 81' lang='lat' dir='ltr'><strong>Aliquando</strong></span> <span class='ocrx_word' id='word_1_370' title='bbox 1225 3501 1357 3540; x_wconf 82' lang='lat' dir='ltr'><strong>vero</strong></span> <span class='ocrx_word' id='word_1_371' title='bbox 1408 3501 1534 3541; x_wconf 91' lang='lat' dir='ltr'><strong>cum</strong></span> <span class='ocrx_word' id='word_1_372' title='bbox 1592 3501 1752 3540; x_wconf 90' lang='lat' dir='ltr'><strong>soror</strong></span> <span class='ocrx_word' id='word_1_373' title='bbox 1812 3484 2028 3538; x_wconf 77' lang='lat' dir='ltr'><strong>Arcadii</strong></span> <span class='ocrx_word' id='word_1_374' title='bbox 2060 3494 2115 3539; x_wconf 88' lang='lat' dir='ltr'><strong>et</strong></span> 
     </span>
    </p>
   </div>
   <div class='ocr_carea' id='block_1_49' title="bbox 526 3577 2113 3647">
    <p class='ocr_par' dir='ltr' id='par_1_49' title="bbox 526 3577 2113 3647">
     <span class='ocr_line' id='line_1_49' title="bbox 526 3577 2113 3647; baseline -0.003 -12"><span class='ocrx_word' id='word_1_375' title='bbox 526 3580 751 3635; x_wconf 81' lang='lat' dir='ltr'><strong>llonorii</strong></span> <span class='ocrx_word' id='word_1_376' title='bbox 778 3580 1171 3647; x_wconf 82' lang='lat' dir='ltr'><strong>imperatorum</strong></span> <span class='ocrx_word' id='word_1_377' title='bbox 1196 3587 1507 3646; x_wconf 58' lang='lat' dir='ltr'><strong>aegrotaret,</strong></span> <span class='ocrx_word' id='word_1_378' title='bbox 1525 3587 1670 3634; x_wconf 88' lang='lat' dir='ltr'><strong>esset</strong></span> <span class='ocrx_word' id='word_1_379' title='bbox 1688 3587 1870 3634; x_wconf 86' lang='lat' dir='ltr'><strong>autem</strong></span> <span class='ocrx_word' id='word_1_380' title='bbox 1904 3577 2113 3641; x_wconf 74' lang='lat' dir='ltr'><strong>Rerum,</strong></span> 
     </span>
    </p>
   </div>
   <div class='ocr_carea' id='block_1_50' title="bbox 526 3667 2116 3739">
    <p class='ocr_par' dir='ltr' id='par_1_50' title="bbox 526 3667 2116 3739">
     <span class='ocr_line' id='line_1_50' title="bbox 526 3667 2116 3739; baseline -0.001 -14"><span class='ocrx_word' id='word_1_381' title='bbox 526 3668 697 3725; x_wconf 83' lang='lat' dir='ltr'><strong>audiit</strong></span> <span class='ocrx_word' id='word_1_382' title='bbox 724 3670 791 3724; x_wconf 91' lang='lat' dir='ltr'><strong>de</strong></span> <span class='ocrx_word' id='word_1_383' title='bbox 826 3667 1153 3739; x_wconf 85' lang='lat' dir='ltr'><strong>Epiphanio.</strong></span> <span class='ocrx_word' id='word_1_384' title='bbox 1209 3669 1353 3738; x_wconf 91' lang='lat' dir='ltr'><strong>quod</strong></span> <span class='ocrx_word' id='word_1_385' title='bbox 1385 3667 1532 3723; x_wconf 89' lang='lat' dir='ltr'><strong>Deus</strong></span> <span class='ocrx_word' id='word_1_386' title='bbox 1567 3684 1665 3739; x_wconf 89' lang='lat' dir='ltr'><strong>per</strong></span> <span class='ocrx_word' id='word_1_387' title='bbox 1712 3685 1837 3723; x_wconf 91' lang='lat' dir='ltr'><strong>eum</strong></span> <span class='ocrx_word' id='word_1_388' title='bbox 1895 3680 2116 3725; x_wconf 88' lang='lat' dir='ltr'><strong>sanaret</strong></span> 
     </span>
    </p>
   </div>
   <div class='ocr_carea' id='block_1_51' title="bbox 527 3761 2113 3837">
    <p class='ocr_par' dir='ltr' id='par_1_51' title="bbox 527 3761 2113 3837">
     <span class='ocr_line' id='line_1_51' title="bbox 527 3761 2113 3837; baseline -0.001 -17"><span class='ocrx_word' id='word_1_389' title='bbox 527 3773 780 3837; x_wconf 68' lang='lat' dir='ltr'><strong>aegrotos.</strong></span> <span class='ocrx_word' id='word_1_390' title='bbox 812 3762 886 3817; x_wconf 83' lang='lat' dir='ltr'><strong>Ea</strong></span> <span class='ocrx_word' id='word_1_391' title='bbox 915 3779 1047 3833; x_wconf 82' lang='lat' dir='ltr'><strong>ergo</strong></span> <span class='ocrx_word' id='word_1_392' title='bbox 1076 3762 1226 3818; x_wconf 86' lang='lat' dir='ltr'><strong>misit</strong></span> <span class='ocrx_word' id='word_1_393' title='bbox 1261 3763 1315 3817; x_wconf 93' lang='lat' dir='ltr'><strong>in</strong></span> <span class='ocrx_word' id='word_1_394' title='bbox 1344 3761 1608 3834; x_wconf 80' lang='lat' dir='ltr'><strong>Cyprum,</strong></span> <span class='ocrx_word' id='word_1_395' title='bbox 1635 3763 1727 3833; x_wconf 86' lang='lat' dir='ltr'><strong>qui</strong></span> <span class='ocrx_word' id='word_1_396' title='bbox 1761 3761 1993 3818; x_wconf 83' lang='lat' dir='ltr'><strong>Romam</strong></span> <span class='ocrx_word' id='word_1_397' title='bbox 2016 3764 2113 3818; x_wconf 88' lang='lat' dir='ltr'><strong>ad-</strong></span> 
     </span>
    </p>
   </div>
   <div class='ocr_carea' id='block_1_52' title="bbox 524 3856 2111 3928">
    <p class='ocr_par' dir='ltr' id='par_1_52' title="bbox 524 3856 2111 3928">
     <span class='ocr_line' id='line_1_52' title="bbox 524 3856 2111 3928; baseline 0.002 -17"><span class='ocrx_word' id='word_1_398' title='bbox 524 3859 789 3914; x_wconf 84' lang='lat' dir='ltr'><strong>ducerent</strong></span> <span class='ocrx_word' id='word_1_399' title='bbox 833 3857 1222 3928; x_wconf 86' lang='lat' dir='ltr'><strong>Epiphanium.</strong></span> <span class='ocrx_word' id='word_1_400' title='bbox 1276 3856 1381 3924; x_wconf 82' lang='lat' dir='ltr'><strong>Qui</strong></span> <span class='ocrx_word' id='word_1_401' title='bbox 1440 3866 1622 3912; x_wconf 88' lang='lat' dir='ltr'><strong>autem</strong></span> <span class='ocrx_word' id='word_1_402' title='bbox 1680 3857 1836 3913; x_wconf 84' lang='lat' dir='ltr'><strong>missi</strong></span> <span class='ocrx_word' id='word_1_403' title='bbox 1874 3857 2111 3922; x_wconf 85' lang='lat' dir='ltr'><strong>fuerant,</strong></span> 
     </span>
    </p>
   </div>
   <div class='ocr_carea' id='block_1_53' title="bbox 524 3950 2112 4024">
    <p class='ocr_par' dir='ltr' id='par_1_53' title="bbox 524 3950 2112 4024">
     <span class='ocr_line' id='line_1_53' title="bbox 524 3950 2112 4024; baseline -0.001 -16"><span class='ocrx_word' id='word_1_404' title='bbox 524 3968 649 4008; x_wconf 87' lang='lat' dir='ltr'><strong>cum</strong></span> <span class='ocrx_word' id='word_1_405' title='bbox 696 3952 751 4005; x_wconf 90' lang='lat' dir='ltr'><strong>in</strong></span> <span class='ocrx_word' id='word_1_406' title='bbox 791 3951 1031 4024; x_wconf 78' lang='lat' dir='ltr'><strong>Cyprum</strong></span> <span class='ocrx_word' id='word_1_407' title='bbox 1076 3950 1477 4021; x_wconf 84' lang='lat' dir='ltr'><strong>pervenissent,</strong></span> <span class='ocrx_word' id='word_1_408' title='bbox 1512 3950 1875 4005; x_wconf 88' lang='lat' dir='ltr'><strong>ostenderunt</strong></span> <span class='ocrx_word' id='word_1_409' title='bbox 1898 3950 2112 4006; x_wconf 86' lang='lat' dir='ltr'><strong>litteras</strong></span> 
     </span>
    </p>
   </div>
   <div class='ocr_carea' id='block_1_54' title="bbox 523 4042 2109 4115">
    <p class='ocr_par' dir='ltr' id='par_1_54' title="bbox 523 4042 2109 4115">
     <span class='ocr_line' id='line_1_54' title="bbox 523 4042 2109 4115; baseline 0.001 -18"><span class='ocrx_word' id='word_1_410' title='bbox 523 4043 854 4115; x_wconf 77' lang='lat' dir='ltr'><strong>Epiphanio.</strong></span> <span class='ocrx_word' id='word_1_411' title='bbox 924 4042 1055 4098; x_wconf 87' lang='lat' dir='ltr'><strong>Erat</strong></span> <span class='ocrx_word' id='word_1_412' title='bbox 1097 4059 1228 4099; x_wconf 84' lang='lat' dir='ltr'><strong>vero</strong></span> <span class='ocrx_word' id='word_1_413' title='bbox 1256 4043 1478 4114; x_wconf 88' lang='lat' dir='ltr'><strong>quidam</strong></span> <span class='ocrx_word' id='word_1_414' title='bbox 1539 4042 1759 4114; x_wconf 72' lang='lat' dir='ltr'><strong>gentilis</strong></span> <span class='ocrx_word' id='word_1_415' title='bbox 1797 4043 1879 4098; x_wconf 75' lang='lat' dir='ltr'><strong>vir</strong></span> <span class='ocrx_word' id='word_1_416' title='bbox 1934 4042 2109 4110; x_wconf 85' lang='lat' dir='ltr'><strong>dives,</strong></span> 
     </span>
    </p>
   </div>
   <div class='ocr_carea' id='block_1_55' title="bbox 524 4134 2108 4208">
    <p class='ocr_par' dir='ltr' id='par_1_55' title="bbox 524 4134 2108 4208">
     <span class='ocr_line' id='line_1_55' title="bbox 524 4134 2108 4208; baseline 0.001 -18"><span class='ocrx_word' id='word_1_417' title='bbox 524 4138 720 4208; x_wconf 73' lang='lat' dir='ltr'><strong>linguae</strong></span> <span class='ocrx_word' id='word_1_418' title='bbox 750 4137 1045 4191; x_wconf 86' lang='lat' dir='ltr'><strong>admodum</strong></span> <span class='ocrx_word' id='word_1_419' title='bbox 1082 4135 1375 4205; x_wconf 67' lang='lat' dir='ltr'><strong>impeditae,</strong></span> <span class='ocrx_word' id='word_1_420' title='bbox 1429 4136 1651 4191; x_wconf 89' lang='lat' dir='ltr'><strong>nomine</strong></span> <span class='ocrx_word' id='word_1_421' title='bbox 1696 4134 2108 4192; x_wconf 85' lang='lat' dir='ltr'><strong>Faustiniauus.</strong></span> 
     </span>
    </p>
   </div>
   <div class='ocr_carea' id='block_1_56' title="bbox 523 4226 2111 4299">
    <p class='ocr_par' dir='ltr' id='par_1_56' title="bbox 523 4226 2111 4299">
     <span class='ocr_line' id='line_1_56' title="bbox 523 4226 2111 4299; baseline 0.001 -18"><span class='ocrx_word' id='word_1_422' title='bbox 523 4227 571 4284; x_wconf 87' lang='lat' dir='ltr'><strong>Is</strong></span> <span class='ocrx_word' id='word_1_423' title='bbox 604 4238 895 4298; x_wconf 79' lang='lat' dir='ltr'><strong>exceperat</strong></span> <span class='ocrx_word' id='word_1_424' title='bbox 926 4230 1073 4283; x_wconf 79' lang='lat' dir='ltr'><strong>viros</strong></span> <span class='ocrx_word' id='word_1_425' title='bbox 1100 4227 1300 4284; x_wconf 91' lang='lat' dir='ltr'><strong>missos</strong></span> <span class='ocrx_word' id='word_1_426' title='bbox 1333 4228 1400 4281; x_wconf 86' lang='lat' dir='ltr'><strong>ad</strong></span> <span class='ocrx_word' id='word_1_427' title='bbox 1442 4226 1806 4299; x_wconf 88' lang='lat' dir='ltr'><strong>Epiphanium</strong></span> <span class='ocrx_word' id='word_1_428' title='bbox 1836 4268 1850 4291; x_wconf 93' lang='lat'><strong>,</strong></span> <span class='ocrx_word' id='word_1_429' title='bbox 1892 4227 1986 4298; x_wconf 86' lang='lat' dir='ltr'><strong>qui</strong></span> <span class='ocrx_word' id='word_1_430' title='bbox 2014 4228 2111 4282; x_wconf 83' lang='lat' dir='ltr'><strong>ad-</strong></span> 
     </span>
    </p>
   </div>
   <div class='ocr_carea' id='block_1_57' title="bbox 520 4318 2107 4381">
    <p class='ocr_par' dir='ltr' id='par_1_57' title="bbox 520 4318 2107 4381">
     <span class='ocr_line' id='line_1_57' title="bbox 520 4318 2107 4381; baseline 0 -7"><span class='ocrx_word' id='word_1_431' title='bbox 520 4321 846 4376; x_wconf 76' lang='lat' dir='ltr'><strong>versabatur</strong></span> <span class='ocrx_word' id='word_1_432' title='bbox 874 4319 1166 4381; x_wconf 81' lang='lat' dir='ltr'><strong>admodum</strong></span> <span class='ocrx_word' id='word_1_433' title='bbox 1222 4319 1320 4375; x_wconf 90' lang='lat' dir='ltr'><strong>illi.</strong></span> <span class='ocrx_word' id='word_1_434' title='bbox 1352 4318 1450 4376; x_wconf 91' lang='lat' dir='ltr'><strong>llis</strong></span> <span class='ocrx_word' id='word_1_435' title='bbox 1494 4328 1677 4375; x_wconf 91' lang='lat' dir='ltr'><strong>autem</strong></span> <span class='ocrx_word' id='word_1_436' title='bbox 1713 4320 1926 4376; x_wconf 88' lang='lat' dir='ltr'><strong>dicebat</strong></span> <span class='ocrx_word' id='word_1_437' title='bbox 1959 4318 2107 4375; x_wconf 87' lang='lat' dir='ltr'><strong>Fau-</strong></span> 
     </span>
    </p>
   </div>
   <div class='ocr_carea' id='block_1_58' title="bbox 521 4410 2108 4482">
    <p class='ocr_par' dir='ltr' id='par_1_58' title="bbox 521 4410 2108 4482">
     <span class='ocr_line' id='line_1_58' title="bbox 521 4410 2108 4482; baseline -0.001 -15"><span class='ocrx_word' id='word_1_438' title='bbox 521 4411 829 4467; x_wconf 88' lang='lat' dir='ltr'><strong>stinianus:</strong></span> <span class='ocrx_word' id='word_1_439' title='bbox 859 4410 1001 4478; x_wconf 84' lang='lat' dir='ltr'><strong>Quid</strong></span> <span class='ocrx_word' id='word_1_440' title='bbox 1020 4411 1150 4466; x_wconf 88' lang='lat' dir='ltr'><strong>huic</strong></span> <span class='ocrx_word' id='word_1_441' title='bbox 1169 4411 1477 4482; x_wconf 85' lang='lat' dir='ltr'><strong>impostori,</strong></span> <span class='ocrx_word' id='word_1_442' title='bbox 1498 4421 1756 4482; x_wconf 89' lang='lat' dir='ltr'><strong>tauquam</strong></span> <span class='ocrx_word' id='word_1_443' title='bbox 1791 4411 1924 4477; x_wconf 88' lang='lat' dir='ltr'><strong>Deo,</strong></span> <span class='ocrx_word' id='word_1_444' title='bbox 1952 4412 2108 4467; x_wconf 88' lang='lat' dir='ltr'><strong>adhi-</strong></span> 
     </span>
    </p>
   </div>
   <div class='ocr_carea' id='block_1_59' title="bbox 520 4502 2103 4575">
    <p class='ocr_par' dir='ltr' id='par_1_59' title="bbox 520 4502 2103 4575">
     <span class='ocr_line' id='line_1_59' title="bbox 520 4502 2103 4575; baseline -0.001 -15"><span class='ocrx_word' id='word_1_445' title='bbox 520 4504 664 4560; x_wconf 79' lang='lat' dir='ltr'><strong>hetis</strong></span> <span class='ocrx_word' id='word_1_446' title='bbox 707 4504 992 4558; x_wconf 85' lang='lat' dir='ltr'><strong>animum?</strong></span> <span class='ocrx_word' id='word_1_447' title='bbox 1036 4503 1254 4575; x_wconf 83' lang='lat' dir='ltr'><strong>Frigida</strong></span> <span class='ocrx_word' id='word_1_448' title='bbox 1306 4502 1453 4558; x_wconf 91' lang='lat' dir='ltr'><strong>enim</strong></span> <span class='ocrx_word' id='word_1_449' title='bbox 1518 4504 1685 4558; x_wconf 81' lang='lat' dir='ltr'><strong>verba</strong></span> <span class='ocrx_word' id='word_1_450' title='bbox 1735 4504 2019 4575; x_wconf 91' lang='lat' dir='ltr'><strong>loquitur,</strong></span> <span class='ocrx_word' id='word_1_451' title='bbox 2049 4514 2103 4559; x_wconf 85' lang='lat' dir='ltr'><strong>et</strong></span> 
     </span>
    </p>
   </div>
   <div class='ocr_carea' id='block_1_60' title="bbox 2239 2000 3847 2080">
    <p class='ocr_par' dir='ltr' id='par_1_60' title="bbox 2239 2000 3847 2080">
     <span class='ocr_line' id='line_1_60' title="bbox 2239 2000 3847 2080; baseline 0.006 -25"><span class='ocrx_word' id='word_1_452' title='bbox 2239 2000 2468 2068; x_wconf 80' lang='grc' dir='ltr'>θνεῶτα,</span> <span class='ocrx_word' id='word_1_453' title='bbox 2501 2005 2644 2059; x_wconf 86' lang='grc' dir='ltr'><strong>κατά</strong></span> <span class='ocrx_word' id='word_1_454' title='bbox 2674 2004 2891 2060; x_wconf 88' lang='grc' dir='ltr'>σύνεσιν</span> <span class='ocrx_word' id='word_1_455' title='bbox 2916 2008 3126 2062; x_wconf 77' lang='grc' dir='ltr'>ἐκείνου</span> <span class='ocrx_word' id='word_1_456' title='bbox 3176 2007 3534 2080; x_wconf 67' lang='grc' dir='ltr'>ἐφθεγξάμην</span> <span class='ocrx_word' id='word_1_457' title='bbox 3586 2008 3717 2073; x_wconf 75' lang='grc' dir='ltr'>τοὺς</span> <span class='ocrx_word' id='word_1_458' title='bbox 3750 2008 3847 2064; x_wconf 86' lang='grc' dir='ltr'>λό-</span> 
     </span>
    </p>
   </div>
   <div class='ocr_carea' id='block_1_61' title="bbox 2236 2094 3840 2174">
    <p class='ocr_par' dir='ltr' id='par_1_61' title="bbox 2236 2094 3840 2174">
     <span class='ocr_line' id='line_1_61' title="bbox 2236 2094 3840 2174; baseline 0.005 -26"><span class='ocrx_word' id='word_1_459' title='bbox 2236 2111 2389 2164; x_wconf 85' lang='grc' dir='ltr'>γους,</span> <span class='ocrx_word' id='word_1_460' title='bbox 2449 2096 2545 2151; x_wconf 71' lang='lat' dir='ltr'><strong>mi.</strong></span> <span class='ocrx_word' id='word_1_461' title='bbox 2577 2097 2981 2171; x_wconf 81' lang='grc' dir='ltr'>ἀντιπαρῆλθες</span> <span class='ocrx_word' id='word_1_462' title='bbox 3007 2102 3178 2171; x_wconf 79' lang='grc' dir='ltr'>ἡμᾶς,</span> <span class='ocrx_word' id='word_1_463' title='bbox 3206 2094 3252 2154; x_wconf 79' lang='grc' dir='ltr'>ὦ</span> <span class='ocrx_word' id='word_1_464' title='bbox 3293 2099 3499 2174; x_wconf 86' lang='grc' dir='ltr'>Πάτερ,</span> <span class='ocrx_word' id='word_1_465' title='bbox 3551 2101 3613 2156; x_wconf 75' lang='grc' dir='ltr'>οὔ</span> <span class='ocrx_word' id='word_1_466' title='bbox 3671 2101 3840 2166; x_wconf 83' lang='grc' dir='ltr'>πολὺ,</span> 
     </span>
    </p>
   </div>
   <div class='ocr_carea' id='block_1_62' title="bbox 2240 2186 3849 2265">
    <p class='ocr_par' dir='ltr' id='par_1_62' title="bbox 2240 2186 3849 2265">
     <span class='ocr_line' id='line_1_62' title="bbox 2240 2186 3849 2265; baseline 0.004 -24"><span class='ocrx_word' id='word_1_467' title='bbox 2240 2186 2397 2258; x_wconf 87' lang='grc' dir='ltr'>κάγὼ</span> <span class='ocrx_word' id='word_1_468' title='bbox 2422 2188 2617 2259; x_wconf 88' lang='grc' dir='ltr'>λόγους</span> <span class='ocrx_word' id='word_1_469' title='bbox 2645 2190 2885 2263; x_wconf 82' lang='grc' dir='ltr'>ὲλάλησα</span> <span class='ocrx_word' id='word_1_470' title='bbox 2910 2192 3050 2265; x_wconf 81' lang='grc' dir='ltr'>πρὸς</span> <span class='ocrx_word' id='word_1_471' title='bbox 3078 2192 3211 2263; x_wconf 78' lang='grc' dir='ltr'>ὲμδν</span> <span class='ocrx_word' id='word_1_472' title='bbox 3240 2194 3456 2264; x_wconf 82' lang='grc' dir='ltr'>ἑταῖρον</span> <span class='ocrx_word' id='word_1_473' title='bbox 3473 2211 3487 2225; x_wconf 78' lang='grc' dir='ltr'><strong><em>ο</em></strong></span> <span class='ocrx_word' id='word_1_474' title='bbox 3525 2193 3620 2248; x_wconf 71' lang='grc' dir='ltr'>καὶ</span> <span class='ocrx_word' id='word_1_475' title='bbox 3633 2194 3737 2248; x_wconf 83' lang='grc' dir='ltr'>οὐκ</span> <span class='ocrx_word' id='word_1_476' title='bbox 3769 2191 3849 2265; x_wconf 82' lang='grc' dir='ltr'>ἦν</span> 
     </span>
    </p>
   </div>
   <div class='ocr_carea' id='block_1_63' title="bbox 2241 2278 3844 2357">
    <p class='ocr_par' dir='ltr' id='par_1_63' title="bbox 2241 2278 3844 2357">
     <span class='ocr_line' id='line_1_63' title="bbox 2241 2278 3844 2357; baseline 0.004 -23"><span class='ocrx_word' id='word_1_477' title='bbox 2241 2281 2415 2352; x_wconf 75' lang='grc' dir='ltr'>φωνὴ,</span> <span class='ocrx_word' id='word_1_478' title='bbox 2444 2282 2541 2336; x_wconf 73' lang='grc' dir='ltr'>καὶ</span> <span class='ocrx_word' id='word_1_479' title='bbox 2572 2283 2673 2337; x_wconf 81' lang='grc' dir='ltr'>οὐκ</span> <span class='ocrx_word' id='word_1_480' title='bbox 2692 2278 2762 2356; x_wconf 78' lang='grc' dir='ltr'>ἦν</span> <span class='ocrx_word' id='word_1_481' title='bbox 2783 2285 3065 2357; x_wconf 86' lang='grc' dir='ltr'>ἀκρόασις.</span> <span class='ocrx_word' id='word_1_482' title='bbox 3097 2284 3259 2338; x_wconf 72' lang='grc' dir='ltr'>Ἀλλὰ</span> <span class='ocrx_word' id='word_1_483' title='bbox 3281 2285 3459 2357; x_wconf 80' lang='grc' dir='ltr'>δεῦρο,</span> <span class='ocrx_word' id='word_1_484' title='bbox 3485 2285 3689 2357; x_wconf 85' lang='grc' dir='ltr'>Πάτερ,</span> <span class='ocrx_word' id='word_1_485' title='bbox 3706 2287 3844 2341; x_wconf 82' lang='grc' dir='ltr'>ἀνά-</span> 
     </span>
    </p>
   </div>
   <div class='ocr_carea' id='block_1_64' title="bbox 2241 2374 3847 2447">
    <p class='ocr_par' dir='ltr' id='par_1_64' title="bbox 2241 2374 3847 2447">
     <span class='ocr_line' id='line_1_64' title="bbox 2241 2374 3847 2447; baseline 0.003 -22"><span class='ocrx_word' id='word_1_486' title='bbox 2241 2389 2444 2444; x_wconf 86' lang='grc' dir='ltr'>στησον</span> <span class='ocrx_word' id='word_1_487' title='bbox 2470 2375 2564 2427; x_wconf 77' lang='grc' dir='ltr'><strong>τὸν</strong></span> <span class='ocrx_word' id='word_1_488' title='bbox 2592 2374 2918 2447; x_wconf 69' lang='grc' dir='ltr'>τεθνηκθια,</span> <span class='ocrx_word' id='word_1_489' title='bbox 2949 2376 3044 2432; x_wconf 78' lang='grc' dir='ltr'>καὶ</span> <span class='ocrx_word' id='word_1_490' title='bbox 3072 2375 3164 2430; x_wconf 74' lang='grc' dir='ltr'>τὸν</span> <span class='ocrx_word' id='word_1_491' title='bbox 3194 2375 3423 2446; x_wconf 82' lang='grc' dir='ltr'>χιτῶνα,</span> <span class='ocrx_word' id='word_1_492' title='bbox 3446 2375 3507 2430; x_wconf 81' lang='grc' dir='ltr'><strong>δν</strong></span> <span class='ocrx_word' id='word_1_493' title='bbox 3531 2375 3847 2447; x_wconf 75' lang='grc' dir='ltr'>εἰλήφαμεν</span> 
     </span>
    </p>
   </div>
   <div class='ocr_carea' id='block_1_65' title="bbox 2235 2461 3845 2539">
    <p class='ocr_par' dir='ltr' id='par_1_65' title="bbox 2235 2461 3845 2539">
     <span class='ocr_line' id='line_1_65' title="bbox 2235 2461 3845 2539; baseline 0.002 -22"><span class='ocrx_word' id='word_1_494' title='bbox 2235 2464 2390 2535; x_wconf 86' lang='grc' dir='ltr'><strong>παρά</strong></span> <span class='ocrx_word' id='word_1_495' title='bbox 2422 2463 2542 2531; x_wconf 82' lang='grc' dir='ltr'>σοῦ,</span> <span class='ocrx_word' id='word_1_496' title='bbox 2573 2464 2727 2521; x_wconf 74' lang='grc' dir='ltr'>λάϐε.</span> <span class='ocrx_word' id='word_1_497' title='bbox 2761 2461 2935 2523; x_wconf 77' lang='grc' dir='ltr'>Εἶπεν</span> <span class='ocrx_word' id='word_1_498' title='bbox 2962 2467 3017 2521; x_wconf 86' lang='grc' dir='ltr'>δὲ</span> <span class='ocrx_word' id='word_1_499' title='bbox 3051 2466 3372 2535; x_wconf 73' lang='grc' dir='ltr'>Ἐπιφάνιος</span> <span class='ocrx_word' id='word_1_500' title='bbox 3425 2466 3564 2539; x_wconf 77' lang='grc' dir='ltr'>πρὸς</span> <span class='ocrx_word' id='word_1_501' title='bbox 3609 2466 3703 2520; x_wconf 81' lang='grc' dir='ltr'>τὸν</span> <span class='ocrx_word' id='word_1_502' title='bbox 3742 2467 3845 2521; x_wconf 87' lang='grc' dir='ltr'>λα-</span> 
     </span>
    </p>
   </div>
   <div class='ocr_carea' id='block_1_66' title="bbox 2231 2554 3849 2627">
    <p class='ocr_par' dir='ltr' id='par_1_66' title="bbox 2231 2554 3849 2627">
     <span class='ocr_line' id='line_1_66' title="bbox 2231 2554 3849 2627; baseline 0.001 -18"><span class='ocrx_word' id='word_1_503' title='bbox 2231 2554 2429 2611; x_wconf 79' lang='grc' dir='ltr'>λοῦντα</span> <span class='ocrx_word' id='word_1_504' title='bbox 2452 2574 2467 2588; x_wconf 87' lang='grc'><strong>·</strong></span> <span class='ocrx_word' id='word_1_505' title='bbox 2505 2556 2768 2623; x_wconf 79' lang='grc' dir='ltr'>’Δπελθε,</span> <span class='ocrx_word' id='word_1_506' title='bbox 2801 2557 3013 2623; x_wconf 83' lang='grc' dir='ltr'>τέκνον,</span> <span class='ocrx_word' id='word_1_507' title='bbox 3033 2557 3130 2612; x_wconf 78' lang='grc' dir='ltr'>καὶ</span> <span class='ocrx_word' id='word_1_508' title='bbox 3160 2556 3330 2625; x_wconf 66' lang='grc' dir='ltr'>θάψον</span> <span class='ocrx_word' id='word_1_509' title='bbox 3353 2556 3546 2611; x_wconf 76' lang='grc' dir='ltr'>τοῦτον</span> <span class='ocrx_word' id='word_1_510' title='bbox 3571 2573 3585 2588; x_wconf 78' lang='grc'><em>’</em></span> <span class='ocrx_word' id='word_1_511' title='bbox 3616 2556 3849 2627; x_wconf 82' lang='grc' dir='ltr'>πρῶτον</span> 
     </span>
    </p>
   </div>
   <div class='ocr_carea' id='block_1_67' title="bbox 2228 2648 3841 2721">
    <p class='ocr_par' dir='ltr' id='par_1_67' title="bbox 2228 2648 3841 2721">
     <span class='ocr_line' id='line_1_67' title="bbox 2228 2648 3841 2721; baseline -0.001 -18"><span class='ocrx_word' id='word_1_512' title='bbox 2228 2648 2340 2721; x_wconf 68' lang='grc' dir='ltr'>γὰρ</span> <span class='ocrx_word' id='word_1_513' title='bbox 2364 2648 2658 2714; x_wconf 75' lang='grc' dir='ltr'>ἀπέθανεν,</span> <span class='ocrx_word' id='word_1_514' title='bbox 2685 2649 2782 2704; x_wconf 76' lang='grc' dir='ltr'>καὶ</span> <span class='ocrx_word' id='word_1_515' title='bbox 2809 2650 2927 2704; x_wconf 85' lang='grc' dir='ltr'>τότε</span> <span class='ocrx_word' id='word_1_516' title='bbox 2945 2650 3153 2721; x_wconf 69' lang='grc' dir='ltr'>ᾔτησας</span> <span class='ocrx_word' id='word_1_517' title='bbox 3166 2649 3257 2703; x_wconf 71' lang='grc' dir='ltr'>τὸν</span> <span class='ocrx_word' id='word_1_518' title='bbox 3278 2648 3597 2720; x_wconf 75' lang='grc' dir='ltr'>ἐπενδύτην.</span> <span class='ocrx_word' id='word_1_519' title='bbox 3624 2649 3841 2702; x_wconf 82' lang='grc' dir='ltr'>Κατελ-</span> 
     </span>
    </p>
   </div>
   <div class='ocr_carea' id='block_1_68' title="bbox 2231 2739 3846 2815">
    <p class='ocr_par' dir='ltr' id='par_1_68' title="bbox 2231 2739 3846 2815">
     <span class='ocr_line' id='line_1_68' title="bbox 2231 2739 3846 2815; baseline 0.001 -21"><span class='ocrx_word' id='word_1_520' title='bbox 2231 2739 2514 2796; x_wconf 77' lang='grc' dir='ltr'>θόντωνδὲ</span> <span class='ocrx_word' id='word_1_521' title='bbox 2550 2742 2708 2815; x_wconf 74' lang='grc' dir='ltr'>ἡμῶν</span> <span class='ocrx_word' id='word_1_522' title='bbox 2742 2742 2905 2797; x_wconf 85' lang='grc' dir='ltr'>πάλιν</span> <span class='ocrx_word' id='word_1_523' title='bbox 2949 2743 3009 2795; x_wconf 80' lang='grc' dir='ltr'>ὲν</span> <span class='ocrx_word' id='word_1_524' title='bbox 3057 2740 3369 2813; x_wconf 74' lang='grc' dir='ltr'>Καισαρείᾳ</span> <span class='ocrx_word' id='word_1_525' title='bbox 3403 2740 3846 2812; x_wconf 81' lang='grc' dir='ltr'>ἀπεπλεύσαμεν</span> 
     </span>
    </p>
   </div>
   <div class='ocr_carea' id='block_1_69' title="bbox 2229 2831 3838 2906">
    <p class='ocr_par' dir='ltr' id='par_1_69' title="bbox 2229 2831 3838 2906">
     <span class='ocr_line' id='line_1_69' title="bbox 2229 2831 3838 2906; baseline 0.001 -22"><span class='ocrx_word' id='word_1_526' title='bbox 2229 2832 2288 2885; x_wconf 82' lang='grc' dir='ltr'>ὲν</span> <span class='ocrx_word' id='word_1_527' title='bbox 2319 2831 2566 2906; x_wconf 81' lang='grc' dir='ltr'>Κύπρῳ,</span> <span class='ocrx_word' id='word_1_528' title='bbox 2614 2835 2710 2888; x_wconf 72' lang='grc' dir='ltr'>καὶ</span> <span class='ocrx_word' id='word_1_529' title='bbox 2760 2833 3095 2901; x_wconf 80' lang='grc' dir='ltr'>ἀπεδέξαντο</span> <span class='ocrx_word' id='word_1_530' title='bbox 3144 2834 3295 2905; x_wconf 71' lang='grc' dir='ltr'>ἡμᾶς</span> <span class='ocrx_word' id='word_1_531' title='bbox 3321 2834 3373 2888; x_wconf 79' lang='lat' dir='ltr'><strong>oi</strong></span> <span class='ocrx_word' id='word_1_532' title='bbox 3423 2833 3646 2905; x_wconf 75' lang='grc' dir='ltr'>ἀδελφοὶ</span> <span class='ocrx_word' id='word_1_533' title='bbox 3692 2833 3838 2905; x_wconf 80' lang='grc' dir='ltr'><strong>μετά</strong></span> 
     </span>
    </p>
   </div>
   <div class='ocr_carea' id='block_1_70' title="bbox 2229 2926 2707 2998">
    <p class='ocr_par' dir='ltr' id='par_1_70' title="bbox 2229 2926 2707 2998">
     <span class='ocr_line' id='line_1_70' title="bbox 2229 2926 2707 2998; baseline -0.008 -3"><span class='ocrx_word' id='word_1_534' title='bbox 2229 2926 2402 2995; x_wconf 78' lang='grc' dir='ltr'>χαρᾶς</span> <span class='ocrx_word' id='word_1_535' title='bbox 2441 2926 2707 2998; x_wconf 83' lang='grc' dir='ltr'>μεγάλης.</span> 
     </span>
    </p>
   </div>
   <div class='ocr_carea' id='block_1_71' title="bbox 2300 3016 3834 3093">
    <p class='ocr_par' dir='ltr' id='par_1_71' title="bbox 2300 3016 3834 3093">
     <span class='ocr_line' id='line_1_71' title="bbox 2300 3016 3834 3093; baseline 0.002 -19"><span class='ocrx_word' id='word_1_536' title='bbox 2300 3020 2432 3075; x_wconf 83' lang='lat' dir='ltr'><strong>MZ&#39;.</strong></span> <span class='ocrx_word' id='word_1_537' title='bbox 2453 3016 2575 3075; x_wconf 61' lang='grc' dir='ltr'><strong>*Ην</strong></span> <span class='ocrx_word' id='word_1_538' title='bbox 2602 3021 2659 3076; x_wconf 80' lang='grc' dir='ltr'><strong>δέ</strong></span> <span class='ocrx_word' id='word_1_539' title='bbox 2692 3040 2776 3086; x_wconf 88' lang='grc' dir='ltr'><strong>τις</strong></span> <span class='ocrx_word' id='word_1_540' title='bbox 2799 3023 3021 3093; x_wconf 64' lang='grc' dir='ltr'>νομικὸς</span> <span class='ocrx_word' id='word_1_541' title='bbox 3048 3023 3305 3086; x_wconf 74' lang='grc' dir='ltr'>Ἰουδαῖος</span> <span class='ocrx_word' id='word_1_542' title='bbox 3323 3066 3338 3089; x_wconf 89' lang='grc'><strong>,</strong></span> <span class='ocrx_word' id='word_1_543' title='bbox 3361 3021 3552 3078; x_wconf 81' lang='grc' dir='ltr'>Ἰσαὰκ</span> <span class='ocrx_word' id='word_1_544' title='bbox 3578 3022 3834 3093; x_wconf 79' lang='grc' dir='ltr'>ὀνόματι,</span> 
     </span>
    </p>
   </div>
   <div class='ocr_carea' id='block_1_72' title="bbox 2228 3115 3836 3188">
    <p class='ocr_par' dir='ltr' id='par_1_72' title="bbox 2228 3115 3836 3188">
     <span class='ocr_line' id='line_1_72' title="bbox 2228 3115 3836 3188; baseline 0.001 -18"><span class='ocrx_word' id='word_1_545' title='bbox 2228 3116 2372 3188; x_wconf 74' lang='grc' dir='ltr'>ἀνὴρ</span> <span class='ocrx_word' id='word_1_546' title='bbox 2397 3115 2653 3187; x_wconf 77' lang='grc' dir='ltr'>εὐλαϐὴς,</span> <span class='ocrx_word' id='word_1_547' title='bbox 2676 3116 2772 3170; x_wconf 78' lang='grc' dir='ltr'>καὶ</span> <span class='ocrx_word' id='word_1_548' title='bbox 2800 3116 3085 3184; x_wconf 79' lang='grc' dir='ltr'>φυλάττων</span> <span class='ocrx_word' id='word_1_549' title='bbox 3114 3117 3205 3170; x_wconf 77' lang='grc' dir='ltr'>τὸν</span> <span class='ocrx_word' id='word_1_550' title='bbox 3227 3117 3391 3186; x_wconf 85' lang='grc' dir='ltr'>νόμον</span> <span class='ocrx_word' id='word_1_551' title='bbox 3414 3115 3508 3170; x_wconf 80' lang='grc' dir='ltr'><strong>τὸν</strong></span> <span class='ocrx_word' id='word_1_552' title='bbox 3534 3116 3836 3171; x_wconf 78' lang='grc' dir='ltr'>Μωσαῖκὸν</span> 
     </span>
    </p>
   </div>
   <div class='ocr_carea' id='block_1_73' title="bbox 2231 3201 3834 3287">
    <p class='ocr_par' dir='ltr' id='par_1_73' title="bbox 2231 3201 3834 3287">
     <span class='ocr_line' id='line_1_73' title="bbox 2231 3201 3834 3287; baseline -0.001 -26"><span class='ocrx_word' id='word_1_553' title='bbox 2231 3208 2368 3279; x_wconf 86' lang='grc' dir='ltr'><strong>μετά</strong></span> <span class='ocrx_word' id='word_1_554' title='bbox 2416 3205 2726 3277; x_wconf 82' lang='grc' dir='ltr'>ἀκριϐείας.</span> <span class='ocrx_word' id='word_1_555' title='bbox 2784 3201 2954 3272; x_wconf 72' lang='grc' dir='ltr'>Οὗτος</span> <span class='ocrx_word' id='word_1_556' title='bbox 3007 3206 3451 3287; x_wconf 31' lang='grc' dir='ltr'>προσκολληθεὶς.</span> <span class='ocrx_word' id='word_1_557' title='bbox 3496 3206 3834 3278; x_wconf 76' lang='grc' dir='ltr'>Ἐπιφανίῳ,</span> 
     </span>
    </p>
   </div>
   <div class='ocr_carea' id='block_1_74' title="bbox 2228 3292 3833 3373">
    <p class='ocr_par' dir='ltr' id='par_1_74' title="bbox 2228 3292 3833 3373">
     <span class='ocr_line' id='line_1_74' title="bbox 2228 3292 3833 3373; baseline -0.002 -19"><span class='ocrx_word' id='word_1_558' title='bbox 2228 3302 2323 3355; x_wconf 71' lang='grc' dir='ltr'>καὶ</span> <span class='ocrx_word' id='word_1_559' title='bbox 2353 3300 2689 3373; x_wconf 75' lang='grc' dir='ltr'>κατηχηθεὶς</span> <span class='ocrx_word' id='word_1_560' title='bbox 2722 3299 2816 3354; x_wconf 85' lang='grc' dir='ltr'>ὑπ’</span> <span class='ocrx_word' id='word_1_561' title='bbox 2838 3297 3027 3366; x_wconf 76' lang='grc' dir='ltr'>αὐτοῦ,</span> <span class='ocrx_word' id='word_1_562' title='bbox 3067 3298 3367 3372; x_wconf 77' lang='grc' dir='ltr'>ἐφωτίσθη.</span> <span class='ocrx_word' id='word_1_563' title='bbox 3403 3297 3624 3370; x_wconf 80' lang='grc' dir='ltr'>Ἧμεθα</span> <span class='ocrx_word' id='word_1_564' title='bbox 3651 3292 3748 3352; x_wconf 76' lang='grc' dir='ltr'>οὖν</span> <span class='ocrx_word' id='word_1_565' title='bbox 3779 3300 3833 3352; x_wconf 82' lang='lat' dir='ltr'><strong>oi</strong></span> 
     </span>
    </p>
   </div>
   <div class='ocr_carea' id='block_1_75' title="bbox 2223 3392 3039 3466">
    <p class='ocr_par' dir='ltr' id='par_1_75' title="bbox 2223 3392 3039 3466">
     <span class='ocr_line' id='line_1_75' title="bbox 2223 3392 3039 3466; baseline -0.001 -19"><span class='ocrx_word' id='word_1_566' title='bbox 2223 3396 2376 3466; x_wconf 77' lang='grc' dir='ltr'>τρεῖς</span> <span class='ocrx_word' id='word_1_567' title='bbox 2411 3393 2667 3464; x_wconf 83' lang='grc' dir='ltr'>μένοντες</span> <span class='ocrx_word' id='word_1_568' title='bbox 2698 3394 2756 3446; x_wconf 82' lang='grc' dir='ltr'>ὲν</span> <span class='ocrx_word' id='word_1_569' title='bbox 2778 3392 2911 3461; x_wconf 81' lang='grc' dir='ltr'>οίκῳ</span> <span class='ocrx_word' id='word_1_570' title='bbox 2936 3392 3039 3446; x_wconf 78' lang='grc' dir='ltr'>ἑνί.</span> 
     </span>
    </p>
   </div>
   <div class='ocr_carea' id='block_1_76' title="bbox 2295 3477 3831 3554">
    <p class='ocr_par' dir='ltr' id='par_1_76' title="bbox 2295 3477 3831 3554">
     <span class='ocr_line' id='line_1_76' title="bbox 2295 3477 3831 3554; baseline -0.003 -17"><span class='ocrx_word' id='word_1_571' title='bbox 2295 3485 2433 3537; x_wconf 82' lang='grc' dir='ltr'><strong>ΜΗ’.</strong></span> <span class='ocrx_word' id='word_1_572' title='bbox 2470 3483 2609 3536; x_wconf 79' lang='grc' dir='ltr'>Ποτὲ</span> <span class='ocrx_word' id='word_1_573' title='bbox 2641 3477 2734 3537; x_wconf 80' lang='grc' dir='ltr'>οὖν</span> <span class='ocrx_word' id='word_1_574' title='bbox 2759 3484 2793 3554; x_wconf 75' lang='grc' dir='ltr'><strong>η</strong></span> <span class='ocrx_word' id='word_1_575' title='bbox 2818 3481 3022 3553; x_wconf 83' lang='grc' dir='ltr'>ἀδελφὴ</span> <span class='ocrx_word' id='word_1_576' title='bbox 3069 3481 3359 3554; x_wconf 80' lang='grc' dir='ltr'>Ἀρκαδίου</span> <span class='ocrx_word' id='word_1_577' title='bbox 3416 3481 3510 3535; x_wconf 75' lang='grc' dir='ltr'>καὶ</span> <span class='ocrx_word' id='word_1_578' title='bbox 3563 3479 3831 3552; x_wconf 83' lang='grc' dir='ltr'>ὐνωρίου</span> 
     </span>
    </p>
   </div>
   <div class='ocr_carea' id='block_1_77' title="bbox 2223 3567 3828 3644">
    <p class='ocr_par' dir='ltr' id='par_1_77' title="bbox 2223 3567 3828 3644">
     <span class='ocr_line' id='line_1_77' title="bbox 2223 3567 3828 3644; baseline -0.001 -18"><span class='ocrx_word' id='word_1_579' title='bbox 2223 3573 2333 3627; x_wconf 83' lang='grc' dir='ltr'><strong>τῶν</strong></span> <span class='ocrx_word' id='word_1_580' title='bbox 2363 3572 2625 3643; x_wconf 85' lang='grc' dir='ltr'>βασιλέων</span> <span class='ocrx_word' id='word_1_581' title='bbox 2679 3572 2851 3636; x_wconf 86' lang='grc' dir='ltr'>πάθος</span> <span class='ocrx_word' id='word_1_582' title='bbox 2912 3571 3112 3644; x_wconf 74' lang='grc' dir='ltr'>ἔχουσα</span> <span class='ocrx_word' id='word_1_583' title='bbox 3138 3567 3247 3643; x_wconf 82' lang='grc' dir='ltr'><strong>(ἦν</strong></span> <span class='ocrx_word' id='word_1_584' title='bbox 3300 3571 3358 3625; x_wconf 85' lang='grc' dir='ltr'>δὲ</span> <span class='ocrx_word' id='word_1_585' title='bbox 3412 3570 3553 3641; x_wconf 78' lang='grc' dir='ltr'>αὕτη</span> <span class='ocrx_word' id='word_1_586' title='bbox 3587 3570 3683 3624; x_wconf 79' lang='grc' dir='ltr'><strong>ἐπὶ</strong></span> <span class='ocrx_word' id='word_1_587' title='bbox 3716 3571 3828 3641; x_wconf 85' lang='grc' dir='ltr'>τῆς</span> 
     </span>
    </p>
   </div>
   <div class='ocr_carea' id='block_1_78' title="bbox 2234 3660 3829 3737">
    <p class='ocr_par' dir='ltr' id='par_1_78' title="bbox 2234 3660 3829 3737">
     <span class='ocr_line' id='line_1_78' title="bbox 2234 3660 3829 3737; baseline -0.001 -19"><span class='ocrx_word' id='word_1_588' title='bbox 2234 3664 2495 3737; x_wconf 85' lang='grc' dir='ltr'>Ῥώμης)</span> <span class='ocrx_word' id='word_1_589' title='bbox 2535 3660 2767 3737; x_wconf 68' lang='grc' dir='ltr'>ἤκουσεν</span> <span class='ocrx_word' id='word_1_590' title='bbox 2812 3664 2942 3734; x_wconf 57' lang='grc' dir='ltr'><strong>περὶ⁵</strong></span> <span class='ocrx_word' id='word_1_591' title='bbox 2985 3663 3309 3734; x_wconf 86' lang='grc' dir='ltr'>Ἐπιφανίου</span> <span class='ocrx_word' id='word_1_592' title='bbox 3337 3702 3352 3727; x_wconf 96' lang='grc'><strong>,</strong></span> <span class='ocrx_word' id='word_1_593' title='bbox 3385 3664 3468 3716; x_wconf 85' lang='grc' dir='ltr'>ὅτι</span> <span class='ocrx_word' id='word_1_594' title='bbox 3523 3662 3829 3734; x_wconf 83' lang='grc' dir='ltr'>θεραπεύει</span> 
     </span>
    </p>
   </div>
   <div class='ocr_carea' id='block_1_79' title="bbox 2221 3746 3829 3824">
    <p class='ocr_par' dir='ltr' id='par_1_79' title="bbox 2221 3746 3829 3824">
     <span class='ocr_line' id='line_1_79' title="bbox 2221 3746 3829 3824; baseline -0.001 -16"><span class='ocrx_word' id='word_1_595' title='bbox 2221 3756 2250 3807; x_wconf 90' lang='lat'><strong>6</strong></span> <span class='ocrx_word' id='word_1_596' title='bbox 2281 3754 2413 3819; x_wconf 81' lang='grc' dir='ltr'>θεὸς</span> <span class='ocrx_word' id='word_1_597' title='bbox 2445 3754 2512 3807; x_wconf 82' lang='grc' dir='ltr'><strong>δι’</strong></span> <span class='ocrx_word' id='word_1_598' title='bbox 2550 3753 2716 3809; x_wconf 76' lang='grc' dir='ltr'>αὐτοῦ</span> <span class='ocrx_word' id='word_1_599' title='bbox 2755 3755 2882 3818; x_wconf 76' lang='grc' dir='ltr'>τοὺς</span> <span class='ocrx_word' id='word_1_600' title='bbox 2908 3752 3291 3818; x_wconf 83' lang='grc' dir='ltr'>ἀσθενοῦντας.</span> <span class='ocrx_word' id='word_1_601' title='bbox 3338 3752 3490 3824; x_wconf 76' lang='grc' dir='ltr'>Αὕτη</span> <span class='ocrx_word' id='word_1_602' title='bbox 3552 3746 3647 3806; x_wconf 76' lang='grc' dir='ltr'>οὖν</span> <span class='ocrx_word' id='word_1_603' title='bbox 3707 3753 3829 3807; x_wconf 84' lang='grc' dir='ltr'>ἀπ-</span> 
     </span>
    </p>
   </div>
   <div class='ocr_carea' id='block_1_80' title="bbox 2224 3843 3828 3918">
    <p class='ocr_par' dir='ltr' id='par_1_80' title="bbox 2224 3843 3828 3918">
     <span class='ocr_line' id='line_1_80' title="bbox 2224 3843 3828 3918; baseline 0 -19"><span class='ocrx_word' id='word_1_604' title='bbox 2224 3845 2466 3899; x_wconf 87' lang='grc' dir='ltr'>έστειλεν</span> <span class='ocrx_word' id='word_1_605' title='bbox 2498 3846 2556 3899; x_wconf 75' lang='grc' dir='ltr'>ἐν</span> <span class='ocrx_word' id='word_1_606' title='bbox 2572 3849 2639 3918; x_wconf 80' lang='grc' dir='ltr'><strong>τῇ</strong></span> <span class='ocrx_word' id='word_1_607' title='bbox 2661 3845 2950 3918; x_wconf 84' lang='grc' dir='ltr'>Κυπρίων,</span> <span class='ocrx_word' id='word_1_608' title='bbox 2975 3846 3203 3915; x_wconf 86' lang='grc' dir='ltr'>ἀγαγεῖν</span> <span class='ocrx_word' id='word_1_609' title='bbox 3233 3844 3553 3913; x_wconf 75' lang='grc' dir='ltr'>Ἐπιφάνιον</span> <span class='ocrx_word' id='word_1_610' title='bbox 3580 3843 3676 3898; x_wconf 73' lang='grc' dir='ltr'><strong>ἐπὶ</strong></span> <span class='ocrx_word' id='word_1_611' title='bbox 3719 3844 3828 3915; x_wconf 75' lang='grc' dir='ltr'>τῆς</span> 
     </span>
    </p>
   </div>
   <div class='ocr_carea' id='block_1_81' title="bbox 2232 3935 3827 4009">
    <p class='ocr_par' dir='ltr' id='par_1_81' title="bbox 2232 3935 3827 4009">
     <span class='ocr_line' id='line_1_81' title="bbox 2232 3935 3827 4009; baseline -0.001 -19"><span class='ocrx_word' id='word_1_612' title='bbox 2232 3936 2472 4009; x_wconf 85' lang='grc' dir='ltr'>Ῥώμης.</span> <span class='ocrx_word' id='word_1_613' title='bbox 2499 3935 2621 3991; x_wconf 87' lang='grc' dir='ltr'><strong>Τῶν</strong></span> <span class='ocrx_word' id='word_1_614' title='bbox 2661 3936 2719 3990; x_wconf 87' lang='grc' dir='ltr'>δὲ</span> <span class='ocrx_word' id='word_1_615' title='bbox 2751 3936 3180 4007; x_wconf 83' lang='grc' dir='ltr'>ἀπεσταλμένων</span> <span class='ocrx_word' id='word_1_616' title='bbox 3216 3935 3675 4006; x_wconf 79' lang='grc' dir='ltr'>καταντησάντων</span> <span class='ocrx_word' id='word_1_617' title='bbox 3722 3935 3827 3989; x_wconf 71' lang='grc' dir='ltr'><strong>ἐπὶ</strong></span> 
     </span>
    </p>
   </div>
   <div class='ocr_carea' id='block_1_82' title="bbox 2218 4019 3877 4095">
    <p class='ocr_par' dir='ltr' id='par_1_82' title="bbox 2218 4019 3877 4095">
     <span class='ocr_line' id='line_1_82' title="bbox 2218 4019 3877 4095; baseline 0.002 -19"><span class='ocrx_word' id='word_1_618' title='bbox 2218 4021 2455 4094; x_wconf 78' lang='grc' dir='ltr'>Κύπρῳ,</span> <span class='ocrx_word' id='word_1_619' title='bbox 2483 4022 2773 4088; x_wconf 79' lang='grc' dir='ltr'>ἀπέδειξαν</span> <span class='ocrx_word' id='word_1_620' title='bbox 2797 4024 2863 4077; x_wconf 80' lang='grc' dir='ltr'><strong>τὰ</strong></span> <span class='ocrx_word' id='word_1_621' title='bbox 2889 4024 3194 4095; x_wconf 79' lang='grc' dir='ltr'>γράμματα</span> <span class='ocrx_word' id='word_1_622' title='bbox 3219 4024 3561 4095; x_wconf 84' lang='grc' dir='ltr'>ὲπισκοπείῳ</span> <span class='ocrx_word' id='word_1_623' title='bbox 3589 4026 3688 4095; x_wconf 84' lang='grc' dir='ltr'>(α).</span> <span class='ocrx_word' id='word_1_624' title='bbox 3708 4019 3826 4079; x_wconf 83' lang='grc' dir='ltr'>Ἦν</span> <span class='ocrx_word' id='word_1_625' title='bbox 3870 4056 3877 4063; x_wconf 70' lang='grc' dir='ltr'><em>ι</em></span> 
     </span>
    </p>
   </div>
   <div class='ocr_carea' id='block_1_83' title="bbox 2219 4114 3824 4188">
    <p class='ocr_par' dir='ltr' id='par_1_83' title="bbox 2219 4114 3824 4188">
     <span class='ocr_line' id='line_1_83' title="bbox 2219 4114 3824 4188; baseline 0 -19"><span class='ocrx_word' id='word_1_626' title='bbox 2219 4114 2275 4169; x_wconf 84' lang='grc' dir='ltr'><strong>δέ</strong></span> <span class='ocrx_word' id='word_1_627' title='bbox 2306 4132 2391 4180; x_wconf 79' lang='grc' dir='ltr'><strong>τις</strong></span> <span class='ocrx_word' id='word_1_628' title='bbox 2418 4115 2560 4187; x_wconf 84' lang='grc' dir='ltr'>ἀνὴρ</span> <span class='ocrx_word' id='word_1_629' title='bbox 2592 4115 2793 4187; x_wconf 82' lang='grc' dir='ltr'>Ἕλλην</span> <span class='ocrx_word' id='word_1_630' title='bbox 2835 4116 3115 4179; x_wconf 77' lang='grc' dir='ltr'>πλούσιος,</span> <span class='ocrx_word' id='word_1_631' title='bbox 3143 4116 3348 4188; x_wconf 84' lang='grc' dir='ltr'>σφόδρα</span> <span class='ocrx_word' id='word_1_632' title='bbox 3372 4114 3682 4188; x_wconf 87' lang='grc' dir='ltr'>μογιλάλος,</span> <span class='ocrx_word' id='word_1_633' title='bbox 3721 4119 3824 4169; x_wconf 75' lang='grc' dir='ltr'>καὶ</span> 
     </span>
    </p>
   </div>
   <div class='ocr_carea' id='block_1_84' title="bbox 2217 4202 3822 4278">
    <p class='ocr_par' dir='ltr' id='par_1_84' title="bbox 2217 4202 3822 4278">
     <span class='ocr_line' id='line_1_84' title="bbox 2217 4202 3822 4278; baseline -0.001 -18"><span class='ocrx_word' id='word_1_634' title='bbox 2217 4206 2388 4278; x_wconf 72' lang='grc' dir='ltr'>ὄνομα</span> <span class='ocrx_word' id='word_1_635' title='bbox 2449 4207 2614 4260; x_wconf 77' lang='grc' dir='ltr'>αὑτοῦ</span> <span class='ocrx_word' id='word_1_636' title='bbox 2666 4207 3072 4265; x_wconf 77' lang='grc' dir='ltr'>Φαυστινιανός.</span> <span class='ocrx_word' id='word_1_637' title='bbox 3118 4202 3288 4271; x_wconf 74' lang='grc' dir='ltr'>Οὗτος</span> <span class='ocrx_word' id='word_1_638' title='bbox 3339 4204 3662 4271; x_wconf 76' lang='grc' dir='ltr'>ἐδεξιώσατο</span> <span class='ocrx_word' id='word_1_639' title='bbox 3686 4208 3822 4271; x_wconf 74' lang='grc' dir='ltr'>τοὺς</span> 
     </span>
    </p>
   </div>
   <div class='ocr_carea' id='block_1_85' title="bbox 2218 4294 3822 4371">
    <p class='ocr_par' dir='ltr' id='par_1_85' title="bbox 2218 4294 3822 4371">
     <span class='ocr_line' id='line_1_85' title="bbox 2218 4294 3822 4371; baseline 0.001 -20"><span class='ocrx_word' id='word_1_640' title='bbox 2218 4297 2415 4369; x_wconf 79' lang='grc' dir='ltr'>ἄνδρας</span> <span class='ocrx_word' id='word_1_641' title='bbox 2445 4300 2572 4364; x_wconf 76' lang='grc' dir='ltr'>τοὺς</span> <span class='ocrx_word' id='word_1_642' title='bbox 2592 4298 2944 4370; x_wconf 76' lang='grc' dir='ltr'>πεμφθέντας</span> <span class='ocrx_word' id='word_1_643' title='bbox 2974 4300 3111 4371; x_wconf 84' lang='grc' dir='ltr'>πρὸς</span> <span class='ocrx_word' id='word_1_644' title='bbox 3138 4300 3487 4369; x_wconf 75' lang='grc' dir='ltr'>Ἐπιφάνιον·</span> <span class='ocrx_word' id='word_1_645' title='bbox 3521 4294 3589 4371; x_wconf 81' lang='grc' dir='ltr'>ἦν</span> <span class='ocrx_word' id='word_1_646' title='bbox 3627 4299 3685 4353; x_wconf 80' lang='grc' dir='ltr'>δὲ</span> <span class='ocrx_word' id='word_1_647' title='bbox 3718 4300 3822 4353; x_wconf 80' lang='grc' dir='ltr'>καὶ</span> 
     </span>
    </p>
   </div>
   <div class='ocr_carea' id='block_1_86' title="bbox 2220 4390 3820 4464">
    <p class='ocr_par' dir='ltr' id='par_1_86' title="bbox 2220 4390 3820 4464">
     <span class='ocr_line' id='line_1_86' title="bbox 2220 4390 3820 4464; baseline 0 -19"><span class='ocrx_word' id='word_1_648' title='bbox 2220 4392 2427 4463; x_wconf 85' lang='grc' dir='ltr'>σφόδρα</span> <span class='ocrx_word' id='word_1_649' title='bbox 2478 4390 2857 4463; x_wconf 79' lang='grc' dir='ltr'>ἀντικείμενος</span> <span class='ocrx_word' id='word_1_650' title='bbox 2907 4393 3237 4464; x_wconf 80' lang='grc' dir='ltr'>Ἐπιφανίῳ.</span> <span class='ocrx_word' id='word_1_651' title='bbox 3286 4392 3512 4455; x_wconf 90' lang='grc' dir='ltr'>Τούτοις</span> <span class='ocrx_word' id='word_1_652' title='bbox 3568 4390 3757 4459; x_wconf 79' lang='grc' dir='ltr'>ἔλεγεν</span> <span class='ocrx_word' id='word_1_653' title='bbox 3790 4394 3820 4445; x_wconf 92' lang='lat'><strong>6</strong></span> 
     </span>
    </p>
   </div>
   <div class='ocr_carea' id='block_1_87' title="bbox 2215 4482 3818 4556">
    <p class='ocr_par' dir='ltr' id='par_1_87' title="bbox 2215 4482 3818 4556">
     <span class='ocr_line' id='line_1_87' title="bbox 2215 4482 3818 4556; baseline -0.001 -19"><span class='ocrx_word' id='word_1_654' title='bbox 2215 4484 2631 4549; x_wconf 66' lang='grc' dir='ltr'>Φαυστινιανόςο</span> <span class='ocrx_word' id='word_1_655' title='bbox 2694 4484 2781 4551; x_wconf 85' lang='grc' dir='ltr'><strong>Τί,</strong></span> <span class='ocrx_word' id='word_1_656' title='bbox 2843 4485 3029 4554; x_wconf 75' lang='grc' dir='ltr'>φησὶν,</span> <span class='ocrx_word' id='word_1_657' title='bbox 3076 4483 3395 4556; x_wconf 87' lang='grc' dir='ltr'>προσέχετε,</span> <span class='ocrx_word' id='word_1_658' title='bbox 3448 4483 3526 4548; x_wconf 83' lang='grc' dir='ltr'>ὡς</span> <span class='ocrx_word' id='word_1_659' title='bbox 3551 4482 3691 4554; x_wconf 79' lang='grc' dir='ltr'>Θεῷ,</span> <span class='ocrx_word' id='word_1_660' title='bbox 3734 4484 3818 4556; x_wconf 81' lang='grc' dir='ltr'><strong>τῷ</strong></span> 
     </span>
    </p>
   </div>
   <div class='ocr_carea' id='block_1_88' title="bbox 522 4576 2118 4684">
    <p class='ocr_par' dir='ltr' id='par_1_88' title="bbox 522 4596 2103 4667">
     <span class='ocr_line' id='line_1_88' title="bbox 522 4596 2103 4667; baseline 0 -15"><span class='ocrx_word' id='word_1_661' title='bbox 522 4596 659 4652; x_wconf 90' lang='lat' dir='ltr'><strong>nihil</strong></span> <span class='ocrx_word' id='word_1_662' title='bbox 693 4596 840 4653; x_wconf 89' lang='lat' dir='ltr'><strong>aliud</strong></span> <span class='ocrx_word' id='word_1_663' title='bbox 874 4615 887 4652; x_wconf 90' lang='lat'><strong>:</strong></span> <span class='ocrx_word' id='word_1_664' title='bbox 917 4607 1001 4653; x_wconf 89' lang='lat' dir='ltr'><strong>est</strong></span> <span class='ocrx_word' id='word_1_665' title='bbox 1030 4606 1212 4652; x_wconf 89' lang='lat' dir='ltr'><strong>autem</strong></span> <span class='ocrx_word' id='word_1_666' title='bbox 1244 4596 1501 4667; x_wconf 81' lang='lat' dir='ltr'><strong>pessimis</strong></span> <span class='ocrx_word' id='word_1_667' title='bbox 1527 4597 1792 4653; x_wconf 86' lang='lat' dir='ltr'><strong>moribus.</strong></span> <span class='ocrx_word' id='word_1_668' title='bbox 1854 4596 2103 4664; x_wconf 83' lang='lat' dir='ltr'><strong>Quodam</strong></span> 
     </span>
    </p>
   </div>
   <div class='ocr_carea' id='block_1_89' title="bbox 2230 4576 3817 4684">
    <p class='ocr_par' dir='ltr' id='par_1_89' title="bbox 2230 4576 3817 4652">
     <span class='ocr_line' id='line_1_89' title="bbox 2230 4576 3817 4652; baseline 0.002 -23"><span class='ocrx_word' id='word_1_669' title='bbox 2230 4577 2473 4652; x_wconf 60' lang='lat' dir='ltr'><strong>metm;</strong></span> <span class='ocrx_word' id='word_1_670' title='bbox 2508 4578 2715 4647; x_wconf 87' lang='grc' dir='ltr'>Λόγους</span> <span class='ocrx_word' id='word_1_671' title='bbox 2747 4577 2855 4650; x_wconf 79' lang='grc' dir='ltr'>γὰρ</span> <span class='ocrx_word' id='word_1_672' title='bbox 2898 4578 3141 4649; x_wconf 74' lang='grc' dir='ltr'>ψυχροὺς</span> <span class='ocrx_word' id='word_1_673' title='bbox 3170 4576 3343 4643; x_wconf 80' lang='grc' dir='ltr'>λαλεῖ,</span> <span class='ocrx_word' id='word_1_674' title='bbox 3385 4577 3479 4630; x_wconf 72' lang='grc' dir='ltr'>καὶ</span> <span class='ocrx_word' id='word_1_675' title='bbox 3518 4576 3671 4630; x_wconf 83' lang='grc' dir='ltr'>οὐδὲν</span> <span class='ocrx_word' id='word_1_676' title='bbox 3693 4578 3817 4632; x_wconf 73' lang='grc' dir='ltr'>ἓτε-</span> 
     </span>
    </p>
   </div>
   <div class='ocr_carea' id='block_1_90' title="bbox 520 4668 2118 4760">
    <p class='ocr_par' dir='ltr' id='par_1_90' title="bbox 520 4688 2109 4760">
     <span class='ocr_line' id='line_1_90' title="bbox 520 4688 2109 4760; baseline 0.001 -18"><span class='ocrx_word' id='word_1_677' title='bbox 520 4703 649 4745; x_wconf 84' lang='lat' dir='ltr'><strong>vero</strong></span> <span class='ocrx_word' id='word_1_678' title='bbox 674 4689 761 4743; x_wconf 91' lang='lat' dir='ltr'><strong>die</strong></span> <span class='ocrx_word' id='word_1_679' title='bbox 783 4703 907 4744; x_wconf 91' lang='lat' dir='ltr'><strong>cum</strong></span> <span class='ocrx_word' id='word_1_680' title='bbox 932 4690 1148 4745; x_wconf 87' lang='lat' dir='ltr'><strong>adesset</strong></span> <span class='ocrx_word' id='word_1_681' title='bbox 1172 4688 1536 4760; x_wconf 85' lang='lat' dir='ltr'><strong>Epiphanius,</strong></span> <span class='ocrx_word' id='word_1_682' title='bbox 1563 4700 1856 4758; x_wconf 84' lang='lat' dir='ltr'><strong>essentque</strong></span> <span class='ocrx_word' id='word_1_683' title='bbox 1883 4689 2109 4758; x_wconf 89' lang='lat' dir='ltr'><strong>opilices</strong></span> 
     </span>
    </p>
   </div>
   <div class='ocr_carea' id='block_1_91' title="bbox 2230 4668 3816 4760">
    <p class='ocr_par' dir='ltr' id='par_1_91' title="bbox 2230 4668 3816 4742">
     <span class='ocr_line' id='line_1_91' title="bbox 2230 4668 3816 4742; baseline 0.002 -19"><span class='ocrx_word' id='word_1_684' title='bbox 2230 4687 2310 4723; x_wconf 63' lang='grc' dir='ltr'><strong>σον</strong></span> <span class='ocrx_word' id='word_1_685' title='bbox 2337 4687 2350 4703; x_wconf 90' lang='grc'><strong>·</strong></span> <span class='ocrx_word' id='word_1_686' title='bbox 2381 4670 2643 4736; x_wconf 82' lang='grc' dir='ltr'>κάκιστός</span> <span class='ocrx_word' id='word_1_687' title='bbox 2685 4673 2803 4724; x_wconf 79' lang='grc' dir='ltr'>ἐστι</span> <span class='ocrx_word' id='word_1_688' title='bbox 2852 4670 2981 4741; x_wconf 77' lang='grc' dir='ltr'>περὶ</span> <span class='ocrx_word' id='word_1_689' title='bbox 3013 4671 3139 4734; x_wconf 79' lang='grc' dir='ltr'>τοὺς</span> <span class='ocrx_word' id='word_1_690' title='bbox 3166 4669 3382 4738; x_wconf 86' lang='grc' dir='ltr'>λόγους.</span> <span class='ocrx_word' id='word_1_691' title='bbox 3435 4670 3529 4725; x_wconf 86' lang='grc' dir='ltr'><strong>Ἐν</strong></span> <span class='ocrx_word' id='word_1_692' title='bbox 3589 4673 3687 4742; x_wconf 82' lang='grc' dir='ltr'><strong>μιᾷ</strong></span> <span class='ocrx_word' id='word_1_693' title='bbox 3717 4668 3816 4726; x_wconf 76' lang='grc' dir='ltr'>οὖν</span> 
     </span>
    </p>
   </div>
   <div class='ocr_carea' id='block_1_92' title="bbox 518 4780 2102 4851">
    <p class='ocr_par' dir='ltr' id='par_1_92' title="bbox 518 4780 2102 4851">
     <span class='ocr_line' id='line_1_92' title="bbox 518 4780 2102 4851; baseline -0.001 -14"><span class='ocrx_word' id='word_1_694' title='bbox 518 4790 810 4851; x_wconf 89' lang='lat' dir='ltr'><strong>operantes</strong></span> <span class='ocrx_word' id='word_1_695' title='bbox 855 4781 910 4835; x_wconf 92' lang='lat' dir='ltr'><strong>in</strong></span> <span class='ocrx_word' id='word_1_696' title='bbox 965 4782 1221 4846; x_wconf 84' lang='lat' dir='ltr'><strong>ecclesia,</strong></span> <span class='ocrx_word' id='word_1_697' title='bbox 1253 4791 1412 4837; x_wconf 87' lang='lat' dir='ltr'><strong>erant</strong></span> <span class='ocrx_word' id='word_1_698' title='bbox 1445 4782 1609 4836; x_wconf 85' lang='lat' dir='ltr'><strong>etiam</strong></span> <span class='ocrx_word' id='word_1_699' title='bbox 1666 4781 1778 4836; x_wconf 89' lang='lat' dir='ltr'><strong>illic</strong></span> <span class='ocrx_word' id='word_1_700' title='bbox 1828 4780 1952 4849; x_wconf 84' lang='lat' dir='ltr'><strong>viri,</strong></span> <span class='ocrx_word' id='word_1_701' title='bbox 2010 4782 2102 4851; x_wconf 90' lang='lat' dir='ltr'><strong>qui</strong></span> 
     </span>
    </p>
   </div>
   <div class='ocr_carea' id='block_1_93' title="bbox 516 4870 2106 4943">
    <p class='ocr_par' dir='ltr' id='par_1_93' title="bbox 516 4870 2106 4943">
     <span class='ocr_line' id='line_1_93' title="bbox 516 4870 2106 4943; baseline -0.003 -14"><span class='ocrx_word' id='word_1_702' title='bbox 516 4872 672 4929; x_wconf 89' lang='lat' dir='ltr'><strong>missi</strong></span> <span class='ocrx_word' id='word_1_703' title='bbox 703 4870 940 4934; x_wconf 83' lang='lat' dir='ltr'><strong>fuerant,</strong></span> <span class='ocrx_word' id='word_1_704' title='bbox 966 4887 1135 4943; x_wconf 86' lang='lat' dir='ltr'><strong>prope</strong></span> <span class='ocrx_word' id='word_1_705' title='bbox 1153 4870 1543 4943; x_wconf 90' lang='lat' dir='ltr'><strong>Epiphanium.</strong></span> <span class='ocrx_word' id='word_1_706' title='bbox 1579 4870 1709 4927; x_wconf 86' lang='lat' dir='ltr'><strong>Erat</strong></span> <span class='ocrx_word' id='word_1_707' title='bbox 1750 4882 1930 4926; x_wconf 89' lang='lat' dir='ltr'><strong>autem</strong></span> <span class='ocrx_word' id='word_1_708' title='bbox 1962 4870 2106 4925; x_wconf 86' lang='lat' dir='ltr'><strong>Fau-</strong></span> 
     </span>
    </p>
   </div>
   <div class='ocr_carea' id='block_1_94' title="bbox 515 4961 2105 5034">
    <p class='ocr_par' dir='ltr' id='par_1_94' title="bbox 515 4961 2105 5034">
     <span class='ocr_line' id='line_1_94' title="bbox 515 4961 2105 5034; baseline -0.004 -13"><span class='ocrx_word' id='word_1_709' title='bbox 515 4964 792 5021; x_wconf 87' lang='lat' dir='ltr'><strong>stinianus</strong></span> <span class='ocrx_word' id='word_1_710' title='bbox 827 4978 1050 5034; x_wconf 90' lang='lat' dir='ltr'><strong>quoque</strong></span> <span class='ocrx_word' id='word_1_711' title='bbox 1099 4972 1254 5018; x_wconf 87' lang='lat' dir='ltr'><strong>stans</strong></span> <span class='ocrx_word' id='word_1_712' title='bbox 1305 4963 1359 5017; x_wconf 92' lang='lat' dir='ltr'><strong>in</strong></span> <span class='ocrx_word' id='word_1_713' title='bbox 1409 4979 1475 5019; x_wconf 90' lang='lat' dir='ltr'><strong>eo</strong></span> <span class='ocrx_word' id='word_1_714' title='bbox 1530 4963 1667 5018; x_wconf 91' lang='lat' dir='ltr'><strong>loco.</strong></span> <span class='ocrx_word' id='word_1_715' title='bbox 1720 4961 1857 5016; x_wconf 88' lang='lat' dir='ltr'><strong>Cum</strong></span> <span class='ocrx_word' id='word_1_716' title='bbox 1889 4978 1954 5018; x_wconf 75' lang='lat' dir='ltr'><strong>ex</strong></span> <span class='ocrx_word' id='word_1_717' title='bbox 1992 4961 2105 5015; x_wconf 88' lang='lat' dir='ltr'><strong>alto</strong></span> 
     </span>
    </p>
   </div>
   <div class='ocr_carea' id='block_1_95' title="bbox 512 5051 2102 5126">
    <p class='ocr_par' dir='ltr' id='par_1_95' title="bbox 512 5051 2102 5126">
     <span class='ocr_line' id='line_1_95' title="bbox 512 5051 2102 5126; baseline -0.003 -17"><span class='ocrx_word' id='word_1_718' title='bbox 512 5068 643 5126; x_wconf 87' lang='lat' dir='ltr'><strong>ergo</strong></span> <span class='ocrx_word' id='word_1_719' title='bbox 681 5053 1139 5110; x_wconf 83' lang='lat' dir='ltr'><strong>cecidissetunus</strong></span> <span class='ocrx_word' id='word_1_720' title='bbox 1189 5068 1255 5107; x_wconf 86' lang='lat' dir='ltr'><strong>ex</strong></span> <span class='ocrx_word' id='word_1_721' title='bbox 1284 5051 1726 5121; x_wconf 77' lang='lat' dir='ltr'><strong>aediﬁcatoribus,</strong></span> <span class='ocrx_word' id='word_1_722' title='bbox 1768 5061 1821 5107; x_wconf 89' lang='lat' dir='ltr'><strong>et</strong></span> <span class='ocrx_word' id='word_1_723' title='bbox 1872 5053 2102 5108; x_wconf 88' lang='lat' dir='ltr'><strong>descen-</strong></span> 
     </span>
    </p>
   </div>
   <div class='ocr_carea' id='block_1_96' title="bbox 513 5142 2100 5217">
    <p class='ocr_par' dir='ltr' id='par_1_96' title="bbox 513 5142 2100 5217">
     <span class='ocr_line' id='line_1_96' title="bbox 513 5142 2100 5217; baseline 0.001 -16"><span class='ocrx_word' id='word_1_724' title='bbox 513 5146 682 5202; x_wconf 87' lang='lat' dir='ltr'><strong>disset</strong></span> <span class='ocrx_word' id='word_1_725' title='bbox 709 5162 876 5216; x_wconf 89' lang='lat' dir='ltr'><strong>supra</strong></span> <span class='ocrx_word' id='word_1_726' title='bbox 899 5154 1065 5215; x_wconf 90' lang='lat' dir='ltr'><strong>caput</strong></span> <span class='ocrx_word' id='word_1_727' title='bbox 1090 5142 1432 5200; x_wconf 88' lang='lat' dir='ltr'><strong>Faustiniaui</strong></span> <span class='ocrx_word' id='word_1_728' title='bbox 1466 5168 1476 5202; x_wconf 95' lang='lat'>:</span> <span class='ocrx_word' id='word_1_729' title='bbox 1524 5147 1618 5217; x_wconf 91' lang='lat' dir='ltr'><strong>qui</strong></span> <span class='ocrx_word' id='word_1_730' title='bbox 1649 5146 1921 5202; x_wconf 89' lang='lat' dir='ltr'><strong>ceciderat</strong></span> <span class='ocrx_word' id='word_1_731' title='bbox 1971 5147 2100 5217; x_wconf 88' lang='lat' dir='ltr'><strong>qui-</strong></span> 
     </span>
    </p>
   </div>
   <div class='ocr_carea' id='block_1_97' title="bbox 513 5236 2097 5307">
    <p class='ocr_par' dir='ltr' id='par_1_97' title="bbox 513 5236 2097 5307">
     <span class='ocr_line' id='line_1_97' title="bbox 513 5236 2097 5307; baseline 0.003 -19"><span class='ocrx_word' id='word_1_732' title='bbox 513 5237 658 5301; x_wconf 81' lang='lat' dir='ltr'><strong>dem,</strong></span> <span class='ocrx_word' id='word_1_733' title='bbox 690 5236 828 5291; x_wconf 92' lang='lat' dir='ltr'><strong>nihil</strong></span> <span class='ocrx_word' id='word_1_734' title='bbox 854 5236 985 5292; x_wconf 89' lang='lat' dir='ltr'><strong>mali</strong></span> <span class='ocrx_word' id='word_1_735' title='bbox 1025 5242 1110 5292; x_wconf 91' lang='lat' dir='ltr'><strong>est</strong></span> <span class='ocrx_word' id='word_1_736' title='bbox 1158 5250 1394 5307; x_wconf 86' lang='lat' dir='ltr'><strong>passus:</strong></span> <span class='ocrx_word' id='word_1_737' title='bbox 1454 5237 1846 5294; x_wconf 86' lang='lat' dir='ltr'><strong>Faustinianus</strong></span> <span class='ocrx_word' id='word_1_738' title='bbox 1872 5254 2001 5295; x_wconf 84' lang='lat' dir='ltr'><strong>vero</strong></span> <span class='ocrx_word' id='word_1_739' title='bbox 2043 5239 2097 5293; x_wconf 92' lang='lat' dir='ltr'><strong>in</strong></span> 
     </span>
    </p>
   </div>
   <div class='ocr_carea' id='block_1_98' title="bbox 515 5324 2099 5400">
    <p class='ocr_par' dir='ltr' id='par_1_98' title="bbox 515 5324 2099 5400">
     <span class='ocr_line' id='line_1_98' title="bbox 515 5324 2099 5400; baseline 0.004 -22"><span class='ocrx_word' id='word_1_740' title='bbox 515 5324 709 5379; x_wconf 85' lang='lat' dir='ltr'><strong>faciem</strong></span> <span class='ocrx_word' id='word_1_741' title='bbox 778 5327 1010 5394; x_wconf 88' lang='lat' dir='ltr'><strong>cecidit,</strong></span> <span class='ocrx_word' id='word_1_742' title='bbox 1049 5336 1106 5383; x_wconf 90' lang='lat' dir='ltr'><strong>et</strong></span> <span class='ocrx_word' id='word_1_743' title='bbox 1156 5329 1362 5384; x_wconf 89' lang='lat' dir='ltr'><strong>mansit</strong></span> <span class='ocrx_word' id='word_1_744' title='bbox 1421 5337 1697 5385; x_wconf 90' lang='lat' dir='ltr'><strong>mortuus.</strong></span> <span class='ocrx_word' id='word_1_745' title='bbox 1760 5327 2099 5400; x_wconf 88' lang='lat' dir='ltr'><strong>Epiphanius</strong></span> 
     </span>
    </p>
   </div>
   <div class='ocr_carea' id='block_1_99' title="bbox 512 5419 2099 5491">
    <p class='ocr_par' dir='ltr' id='par_1_99' title="bbox 512 5419 2099 5491">
     <span class='ocr_line' id='line_1_99' title="bbox 512 5419 2099 5491; baseline 0.001 -18"><span class='ocrx_word' id='word_1_746' title='bbox 512 5426 699 5473; x_wconf 85' lang='lat' dir='ltr'><strong>autem</strong></span> <span class='ocrx_word' id='word_1_747' title='bbox 731 5419 1178 5491; x_wconf 85' lang='lat' dir='ltr'><strong>appropinquans</strong></span> <span class='ocrx_word' id='word_1_748' title='bbox 1207 5419 1591 5485; x_wconf 88' lang='lat' dir='ltr'><strong>Faustiniano,</strong></span> <span class='ocrx_word' id='word_1_749' title='bbox 1613 5436 1739 5476; x_wconf 90' lang='lat' dir='ltr'><strong>eum</strong></span> <span class='ocrx_word' id='word_1_750' title='bbox 1774 5421 1950 5476; x_wconf 89' lang='lat' dir='ltr'><strong>tenuit</strong></span> <span class='ocrx_word' id='word_1_751' title='bbox 1985 5436 2099 5475; x_wconf 88' lang='lat' dir='ltr'><strong>ma-</strong></span> 
     </span>
    </p>
   </div>
   <div class='ocr_carea' id='block_1_100' title="bbox 513 5507 2099 5584">
    <p class='ocr_par' dir='ltr' id='par_1_100' title="bbox 513 5507 2099 5584">
     <span class='ocr_line' id='line_1_100' title="bbox 513 5507 2099 5584; baseline 0.001 -18"><span class='ocrx_word' id='word_1_752' title='bbox 513 5526 607 5577; x_wconf 87' lang='lat' dir='ltr'><strong>nu,</strong></span> <span class='ocrx_word' id='word_1_753' title='bbox 643 5507 832 5567; x_wconf 89' lang='lat' dir='ltr'><strong>dicens</strong></span> <span class='ocrx_word' id='word_1_754' title='bbox 863 5529 877 5566; x_wconf 89' lang='lat'><strong>:</strong></span> <span class='ocrx_word' id='word_1_755' title='bbox 916 5508 1112 5584; x_wconf 85' lang='lat' dir='ltr'><strong>Surge,</strong></span> <span class='ocrx_word' id='word_1_756' title='bbox 1147 5512 1245 5578; x_wconf 83' lang='lat' dir='ltr'><strong>ﬁli,</strong></span> <span class='ocrx_word' id='word_1_757' title='bbox 1301 5515 1354 5567; x_wconf 91' lang='lat' dir='ltr'><strong>in</strong></span> <span class='ocrx_word' id='word_1_758' title='bbox 1403 5513 1628 5568; x_wconf 91' lang='lat' dir='ltr'><strong>nomine</strong></span> <span class='ocrx_word' id='word_1_759' title='bbox 1665 5511 1907 5579; x_wconf 88' lang='lat' dir='ltr'><strong>Domini,</strong></span> <span class='ocrx_word' id='word_1_760' title='bbox 1959 5512 2099 5568; x_wconf 79' lang='lat' dir='ltr'><strong>vade</strong></span> 
     </span>
    </p>
   </div>
   <div class='ocr_carea' id='block_1_101' title="bbox 512 5597 2098 5668">
    <p class='ocr_par' dir='ltr' id='par_1_101' title="bbox 512 5597 2098 5668">
     <span class='ocr_line' id='line_1_101' title="bbox 512 5597 2098 5668; baseline 0.002 -13"><span class='ocrx_word' id='word_1_761' title='bbox 512 5612 682 5657; x_wconf 81' lang='lat' dir='ltr'><strong>sanus</strong></span> <span class='ocrx_word' id='word_1_762' title='bbox 706 5597 763 5655; x_wconf 93' lang='lat' dir='ltr'><strong>in</strong></span> <span class='ocrx_word' id='word_1_763' title='bbox 789 5600 1015 5657; x_wconf 90' lang='lat' dir='ltr'><strong>domum</strong></span> <span class='ocrx_word' id='word_1_764' title='bbox 1054 5611 1227 5658; x_wconf 90' lang='lat' dir='ltr'><strong>tuam.</strong></span> <span class='ocrx_word' id='word_1_765' title='bbox 1287 5602 1482 5658; x_wconf 79' lang='lat' dir='ltr'><strong>Statim</strong></span> <span class='ocrx_word' id='word_1_766' title='bbox 1518 5610 1702 5659; x_wconf 87' lang='lat' dir='ltr'><strong>autem</strong></span> <span class='ocrx_word' id='word_1_767' title='bbox 1752 5603 2012 5668; x_wconf 82' lang='lat' dir='ltr'><strong>surrexit,</strong></span> <span class='ocrx_word' id='word_1_768' title='bbox 2044 5614 2098 5658; x_wconf 91' lang='lat' dir='ltr'><strong>et</strong></span> 
     </span>
    </p>
   </div>
   <div class='ocr_carea' id='block_1_102' title="bbox 510 5688 2097 5750">
    <p class='ocr_par' dir='ltr' id='par_1_102' title="bbox 510 5688 2097 5750">
     <span class='ocr_line' id='line_1_102' title="bbox 510 5688 2097 5750; baseline 0.002 -6"><span class='ocrx_word' id='word_1_769' title='bbox 510 5689 611 5745; x_wconf 80' lang='lat' dir='ltr'><strong>ivit</strong></span> <span class='ocrx_word' id='word_1_770' title='bbox 646 5689 701 5746; x_wconf 91' lang='lat' dir='ltr'><strong>in</strong></span> <span class='ocrx_word' id='word_1_771' title='bbox 735 5688 962 5747; x_wconf 88' lang='lat' dir='ltr'><strong>domum</strong></span> <span class='ocrx_word' id='word_1_772' title='bbox 993 5689 1174 5746; x_wconf 86' lang='lat' dir='ltr'><strong>suam.</strong></span> <span class='ocrx_word' id='word_1_773' title='bbox 1210 5691 1347 5747; x_wconf 92' lang='lat' dir='ltr'><strong>Cum</strong></span> <span class='ocrx_word' id='word_1_774' title='bbox 1377 5702 1560 5749; x_wconf 88' lang='lat' dir='ltr'><strong>autem</strong></span> <span class='ocrx_word' id='word_1_775' title='bbox 1616 5692 1919 5750; x_wconf 73' lang='lat' dir='ltr'><strong>audivisset</strong></span> <span class='ocrx_word' id='word_1_776' title='bbox 1959 5709 2097 5750; x_wconf 79' lang='lat' dir='ltr'><strong>uxor</strong></span> 
     </span>
    </p>
   </div>
   <div class='ocr_carea' id='block_1_103' title="bbox 582 5891 1521 5971">
    <p class='ocr_par' dir='ltr' id='par_1_103' title="bbox 582 5891 1521 5971">
     <span class='ocr_line' id='line_1_103' title="bbox 582 5891 1521 5971; baseline -0.006 -18"><span class='ocrx_word' id='word_1_777' title='bbox 582 5896 659 5971; x_wconf 67' lang='lat' dir='ltr'><strong>ia}</strong></span> <span class='ocrx_word' id='word_1_778' title='bbox 709 5891 865 5966; x_wconf 80' lang='lat' dir='ltr'><strong>Legit</strong></span> <span class='ocrx_word' id='word_1_779' title='bbox 897 5894 1170 5965; x_wconf 86' lang='lat' dir='ltr'><strong>interpres</strong></span> <span class='ocrx_word' id='word_1_780' title='bbox 1194 5892 1521 5965; x_wconf 77' lang='grc' dir='ltr'>Ἐπιφανίῳ.</span> 
     </span>
    </p>
   </div>
   <div class='ocr_carea' id='block_1_104' title="bbox 2214 4756 3815 4832">
    <p class='ocr_par' dir='ltr' id='par_1_104' title="bbox 2214 4756 3815 4832">
     <span class='ocr_line' id='line_1_104' title="bbox 2214 4756 3815 4832; baseline 0.002 -21"><span class='ocrx_word' id='word_1_781' title='bbox 2214 4757 2399 4831; x_wconf 76' lang='grc' dir='ltr'>ἡμέρᾳ</span> <span class='ocrx_word' id='word_1_782' title='bbox 2428 4761 2819 4831; x_wconf 82' lang='grc' dir='ltr'>ὲπιστήκοντος</span> <span class='ocrx_word' id='word_1_783' title='bbox 2838 4759 3182 4828; x_wconf 85' lang='grc' dir='ltr'>Ἐπιφανίου,</span> <span class='ocrx_word' id='word_1_784' title='bbox 3204 4759 3280 4823; x_wconf 85' lang='grc' dir='ltr'>ὠς</span> <span class='ocrx_word' id='word_1_785' title='bbox 3307 4756 3451 4832; x_wconf 81' lang='grc' dir='ltr'>ἦσαν</span> <span class='ocrx_word' id='word_1_786' title='bbox 3477 4762 3527 4814; x_wconf 90' lang='grc' dir='ltr'>οἱ</span> <span class='ocrx_word' id='word_1_787' title='bbox 3564 4764 3815 4832; x_wconf 86' lang='grc' dir='ltr'>τεχνῖται</span> 
     </span>
    </p>
   </div>
   <div class='ocr_carea' id='block_1_105' title="bbox 2212 4847 3813 4924">
    <p class='ocr_par' dir='ltr' id='par_1_105' title="bbox 2212 4847 3813 4924">
     <span class='ocr_line' id='line_1_105' title="bbox 2212 4847 3813 4924; baseline 0.002 -21"><span class='ocrx_word' id='word_1_788' title='bbox 2212 4851 2569 4922; x_wconf 73' lang='grc' dir='ltr'>ἐργαζόμενοι</span> <span class='ocrx_word' id='word_1_789' title='bbox 2603 4852 2696 4905; x_wconf 75' lang='grc' dir='ltr'><strong>ἐπὶ</strong></span> <span class='ocrx_word' id='word_1_790' title='bbox 2735 4852 2836 4922; x_wconf 80' lang='grc' dir='ltr'>τῆς</span> <span class='ocrx_word' id='word_1_791' title='bbox 2878 4852 3197 4923; x_wconf 78' lang='grc' dir='ltr'>ἐκκλησίας,</span> <span class='ocrx_word' id='word_1_792' title='bbox 3231 4847 3373 4923; x_wconf 84' lang='grc' dir='ltr'>ἦσαν</span> <span class='ocrx_word' id='word_1_793' title='bbox 3408 4853 3504 4906; x_wconf 75' lang='grc' dir='ltr'>καὶ</span> <span class='ocrx_word' id='word_1_794' title='bbox 3535 4854 3584 4907; x_wconf 91' lang='grc' dir='ltr'><strong>οί</strong></span> <span class='ocrx_word' id='word_1_795' title='bbox 3618 4852 3813 4924; x_wconf 81' lang='grc' dir='ltr'>ἄνδρες</span> 
     </span>
    </p>
   </div>
   <div class='ocr_carea' id='block_1_106' title="bbox 2208 4926 3812 5015">
    <p class='ocr_par' dir='ltr' id='par_1_106' title="bbox 2208 4926 3812 5015">
     <span class='ocr_line' id='line_1_106' title="bbox 2208 4926 3812 5015; baseline 0.002 -20"><span class='ocrx_word' id='word_1_796' title='bbox 2208 4926 2271 4995; x_wconf 21' lang='grc' dir='ltr'><strong>οἰδ</strong></span> <span class='ocrx_word' id='word_1_797' title='bbox 2284 4944 2688 5015; x_wconf 85' lang='grc' dir='ltr'>ἀπεσταλμένοι</span> <span class='ocrx_word' id='word_1_798' title='bbox 2715 4946 2885 5013; x_wconf 76' lang='grc' dir='ltr'>ἐγγὺς</span> <span class='ocrx_word' id='word_1_799' title='bbox 2914 4943 3149 5008; x_wconf 83' lang='grc' dir='ltr'>ἑστῶτες</span> <span class='ocrx_word' id='word_1_800' title='bbox 3205 4945 3555 5014; x_wconf 79' lang='grc' dir='ltr'>Ἐπιφανίου.</span> <span class='ocrx_word' id='word_1_801' title='bbox 3611 4939 3723 5000; x_wconf 82' lang='grc' dir='ltr'>Ἦν</span> <span class='ocrx_word' id='word_1_802' title='bbox 3751 4946 3812 5000; x_wconf 81' lang='grc' dir='ltr'>δὲ</span> 
     </span>
    </p>
   </div>
   <div class='ocr_carea' id='block_1_107' title="bbox 2208 5028 3812 5099">
    <p class='ocr_par' dir='ltr' id='par_1_107' title="bbox 2208 5028 3812 5099">
     <span class='ocr_line' id='line_1_107' title="bbox 2208 5028 3812 5099; baseline 0.002 -12"><span class='ocrx_word' id='word_1_803' title='bbox 2208 5034 2306 5087; x_wconf 67' lang='grc' dir='ltr'><strong>καῖ</strong></span> <span class='ocrx_word' id='word_1_804' title='bbox 2335 5035 2719 5099; x_wconf 72' lang='grc' dir='ltr'>Φαυστινιανὸς</span> <span class='ocrx_word' id='word_1_805' title='bbox 2750 5033 2921 5098; x_wconf 78' lang='grc' dir='ltr'>ἑστὼς</span> <span class='ocrx_word' id='word_1_806' title='bbox 2954 5034 3049 5087; x_wconf 75' lang='grc' dir='ltr'><strong>ἐπὶ</strong></span> <span class='ocrx_word' id='word_1_807' title='bbox 3073 5033 3170 5087; x_wconf 83' lang='grc' dir='ltr'>τοῦ</span> <span class='ocrx_word' id='word_1_808' title='bbox 3208 5034 3399 5090; x_wconf 86' lang='grc' dir='ltr'>τόπου.</span> <span class='ocrx_word' id='word_1_809' title='bbox 3439 5029 3539 5099; x_wconf 74' lang='grc' dir='ltr'><strong>Εἷς</strong></span> <span class='ocrx_word' id='word_1_810' title='bbox 3571 5028 3665 5088; x_wconf 80' lang='grc' dir='ltr'>οὖν</span> <span class='ocrx_word' id='word_1_811' title='bbox 3698 5035 3812 5089; x_wconf 85' lang='grc' dir='ltr'><strong>τῶν</strong></span> 
     </span>
    </p>
   </div>
   <div class='ocr_carea' id='block_1_108' title="bbox 2209 5121 3809 5195">
    <p class='ocr_par' dir='ltr' id='par_1_108' title="bbox 2209 5121 3809 5195">
     <span class='ocr_line' id='line_1_108' title="bbox 2209 5121 3809 5195; baseline 0 -18"><span class='ocrx_word' id='word_1_812' title='bbox 2209 5124 2505 5194; x_wconf 82' lang='grc' dir='ltr'>οἰκοδόμων</span> <span class='ocrx_word' id='word_1_813' title='bbox 2530 5121 2709 5177; x_wconf 81' lang='grc' dir='ltr'>πεσὼν</span> <span class='ocrx_word' id='word_1_814' title='bbox 2730 5124 2840 5177; x_wconf 83' lang='grc' dir='ltr'>ἀπὸ</span> <span class='ocrx_word' id='word_1_815' title='bbox 2866 5123 3033 5193; x_wconf 69' lang='grc' dir='ltr'>ὕψους</span> <span class='ocrx_word' id='word_1_816' title='bbox 3067 5123 3332 5195; x_wconf 84' lang='grc' dir='ltr'>μεγάλου,</span> <span class='ocrx_word' id='word_1_817' title='bbox 3384 5124 3479 5176; x_wconf 75' lang='grc' dir='ltr'>καὶ</span> <span class='ocrx_word' id='word_1_818' title='bbox 3510 5123 3809 5195; x_wconf 78' lang='grc' dir='ltr'>ἐρχόμενος</span> 
     </span>
    </p>
   </div>
   <div class='ocr_carea' id='block_1_109' title="bbox 2210 5214 3811 5287">
    <p class='ocr_par' dir='ltr' id='par_1_109' title="bbox 2210 5214 3811 5287">
     <span class='ocr_line' id='line_1_109' title="bbox 2210 5214 3811 5287; baseline 0.001 -17"><span class='ocrx_word' id='word_1_819' title='bbox 2210 5217 2351 5270; x_wconf 77' lang='grc' dir='ltr'>κατὰ</span> <span class='ocrx_word' id='word_1_820' title='bbox 2383 5215 2631 5287; x_wconf 85' lang='grc' dir='ltr'>κεφαλῆς</span> <span class='ocrx_word' id='word_1_821' title='bbox 2660 5216 3069 5280; x_wconf 75' lang='grc' dir='ltr'>Φαυστινιανοῦ,</span> <span class='ocrx_word' id='word_1_822' title='bbox 3097 5218 3125 5269; x_wconf 95' lang='lat'><strong>6</strong></span> <span class='ocrx_word' id='word_1_823' title='bbox 3163 5217 3262 5287; x_wconf 81' lang='grc' dir='ltr'>μὲν</span> <span class='ocrx_word' id='word_1_824' title='bbox 3302 5214 3484 5269; x_wconf 85' lang='grc' dir='ltr'>πεσὼν</span> <span class='ocrx_word' id='word_1_825' title='bbox 3528 5216 3681 5270; x_wconf 81' lang='grc' dir='ltr'>οὐδὲν</span> <span class='ocrx_word' id='word_1_826' title='bbox 3708 5234 3811 5271; x_wconf 80' lang='grc' dir='ltr'>κα-</span> 
     </span>
    </p>
   </div>
   <div class='ocr_carea' id='block_1_110' title="bbox 2208 5306 3804 5380">
    <p class='ocr_par' dir='ltr' id='par_1_110' title="bbox 2208 5306 3804 5380">
     <span class='ocr_line' id='line_1_110' title="bbox 2208 5306 3804 5380; baseline 0.001 -19"><span class='ocrx_word' id='word_1_827' title='bbox 2208 5308 2302 5361; x_wconf 78' lang='grc' dir='ltr'>κὸν</span> <span class='ocrx_word' id='word_1_828' title='bbox 2327 5306 2551 5360; x_wconf 59' lang='grc' dir='ltr'>ἔπαθεν</span> <span class='ocrx_word' id='word_1_829' title='bbox 2585 5310 2614 5361; x_wconf 89' lang='lat'><strong>6</strong></span> <span class='ocrx_word' id='word_1_830' title='bbox 2648 5307 2705 5361; x_wconf 81' lang='grc' dir='ltr'>δὲ</span> <span class='ocrx_word' id='word_1_831' title='bbox 2733 5308 3122 5371; x_wconf 79' lang='grc' dir='ltr'>Φαυστινιανὸς</span> <span class='ocrx_word' id='word_1_832' title='bbox 3144 5306 3338 5361; x_wconf 75' lang='grc' dir='ltr'>ἔπεσεν</span> <span class='ocrx_word' id='word_1_833' title='bbox 3368 5308 3461 5361; x_wconf 78' lang='grc' dir='ltr'><strong>ἐπὶ</strong></span> <span class='ocrx_word' id='word_1_834' title='bbox 3485 5308 3804 5380; x_wconf 86' lang='grc' dir='ltr'>πρόσωπον,</span> 
     </span>
    </p>
   </div>
   <div class='ocr_carea' id='block_1_111' title="bbox 2207 5399 3805 5473">
    <p class='ocr_par' dir='ltr' id='par_1_111' title="bbox 2207 5399 3805 5473">
     <span class='ocr_line' id='line_1_111' title="bbox 2207 5399 3805 5473; baseline 0 -20"><span class='ocrx_word' id='word_1_835' title='bbox 2207 5399 2303 5453; x_wconf 68' lang='grc' dir='ltr'>καὶ</span> <span class='ocrx_word' id='word_1_836' title='bbox 2327 5399 2509 5471; x_wconf 77' lang='grc' dir='ltr'>ἔμεινε</span> <span class='ocrx_word' id='word_1_837' title='bbox 2546 5400 2760 5473; x_wconf 85' lang='grc' dir='ltr'>νεκρός.</span> <span class='ocrx_word' id='word_1_838' title='bbox 2792 5401 3053 5470; x_wconf 87' lang='grc' dir='ltr'>Ἐγγίσας</span> <span class='ocrx_word' id='word_1_839' title='bbox 3094 5400 3152 5453; x_wconf 84' lang='grc' dir='ltr'>δὲ</span> <span class='ocrx_word' id='word_1_840' title='bbox 3197 5399 3517 5469; x_wconf 84' lang='grc' dir='ltr'>Ἐπιφάνιος</span> <span class='ocrx_word' id='word_1_841' title='bbox 3569 5401 3805 5453; x_wconf 78' lang='grc' dir='ltr'>Φαυστι-</span> 
     </span>
    </p>
   </div>
   <div class='ocr_carea' id='block_1_112' title="bbox 2204 5488 3807 5563">
    <p class='ocr_par' dir='ltr' id='par_1_112' title="bbox 2204 5488 3807 5563">
     <span class='ocr_line' id='line_1_112' title="bbox 2204 5488 3807 5563; baseline -0.001 -19"><span class='ocrx_word' id='word_1_842' title='bbox 2204 5490 2390 5562; x_wconf 83' lang='grc' dir='ltr'>νιανῷ,</span> <span class='ocrx_word' id='word_1_843' title='bbox 2424 5489 2731 5563; x_wconf 77' lang='grc' dir='ltr'>ἐκράτησεν</span> <span class='ocrx_word' id='word_1_844' title='bbox 2759 5491 2921 5545; x_wconf 78' lang='grc' dir='ltr'>αὐτὸν</span> <span class='ocrx_word' id='word_1_845' title='bbox 2952 5490 3058 5543; x_wconf 75' lang='grc' dir='ltr'>ἀπὸ</span> <span class='ocrx_word' id='word_1_846' title='bbox 3082 5489 3184 5561; x_wconf 82' lang='grc' dir='ltr'><strong>τῆς</strong></span> <span class='ocrx_word' id='word_1_847' title='bbox 3212 5489 3395 5562; x_wconf 79' lang='grc' dir='ltr'>χειρὸς</span> <span class='ocrx_word' id='word_1_848' title='bbox 3416 5488 3590 5558; x_wconf 88' lang='grc' dir='ltr'>λέγων</span> <span class='ocrx_word' id='word_1_849' title='bbox 3607 5507 3621 5519; x_wconf 86' lang='grc'><strong>·</strong></span> <span class='ocrx_word' id='word_1_850' title='bbox 3643 5488 3807 5543; x_wconf 71' lang='grc' dir='ltr'><strong>Ἀνάο</strong></span> 
     </span>
    </p>
   </div>
   <div class='ocr_carea' id='block_1_113' title="bbox 2208 5573 3801 5656">
    <p class='ocr_par' dir='ltr' id='par_1_113' title="bbox 2208 5573 3801 5656">
     <span class='ocr_line' id='line_1_113' title="bbox 2208 5573 3801 5656; baseline 0.001 -20"><span class='ocrx_word' id='word_1_851' title='bbox 2208 5600 2330 5647; x_wconf 87' lang='grc' dir='ltr'>στα,</span> <span class='ocrx_word' id='word_1_852' title='bbox 2360 5585 2573 5649; x_wconf 83' lang='grc' dir='ltr'>τέκνον,</span> <span class='ocrx_word' id='word_1_853' title='bbox 2621 5573 2805 5656; x_wconf 69' lang='grc' dir='ltr'>φησιν’,</span> <span class='ocrx_word' id='word_1_854' title='bbox 2836 5584 2895 5637; x_wconf 81' lang='grc' dir='ltr'>ὲν</span> <span class='ocrx_word' id='word_1_855' title='bbox 2923 5584 3153 5654; x_wconf 83' lang='grc' dir='ltr'>ὀνόματι</span> <span class='ocrx_word' id='word_1_856' title='bbox 3177 5583 3406 5655; x_wconf 87' lang='grc' dir='ltr'>Κυρίου,</span> <span class='ocrx_word' id='word_1_857' title='bbox 3458 5582 3552 5637; x_wconf 76' lang='grc' dir='ltr'>καὶ</span> <span class='ocrx_word' id='word_1_858' title='bbox 3588 5582 3801 5638; x_wconf 73' lang='grc' dir='ltr'>’ἄπελθε</span> 
     </span>
    </p>
   </div>
   <div class='ocr_carea' id='block_1_114' title="bbox 2204 5672 3796 5747">
    <p class='ocr_par' dir='ltr' id='par_1_114' title="bbox 2204 5672 3796 5747">
     <span class='ocr_line' id='line_1_114' title="bbox 2204 5672 3796 5747; baseline 0.001 -21"><span class='ocrx_word' id='word_1_859' title='bbox 2204 5672 2465 5743; x_wconf 78' lang='grc' dir='ltr'>ὑγιαίνων</span> <span class='ocrx_word' id='word_1_860' title='bbox 2498 5678 2557 5729; x_wconf 84' lang='grc' dir='ltr'>ὲν</span> <span class='ocrx_word' id='word_1_861' title='bbox 2590 5674 2667 5747; x_wconf 81' lang='grc' dir='ltr'>τῷ</span> <span class='ocrx_word' id='word_1_862' title='bbox 2700 5673 2780 5746; x_wconf 87' lang='grc' dir='ltr'>σῷ</span> <span class='ocrx_word' id='word_1_863' title='bbox 2819 5674 2975 5731; x_wconf 78' lang='grc' dir='ltr'>οἴκω.</span> <span class='ocrx_word' id='word_1_864' title='bbox 3013 5673 3231 5740; x_wconf 83' lang='grc' dir='ltr'>Εὐθέως</span> <span class='ocrx_word' id='word_1_865' title='bbox 3281 5674 3337 5729; x_wconf 74' lang='grc' dir='ltr'>δὲ</span> <span class='ocrx_word' id='word_1_866' title='bbox 3363 5674 3561 5747; x_wconf 83' lang='grc' dir='ltr'>ἀνέστη</span> <span class='ocrx_word' id='word_1_867' title='bbox 3593 5674 3622 5729; x_wconf 84' lang='grc' dir='ltr'><strong>ό</strong></span> <span class='ocrx_word' id='word_1_868' title='bbox 3653 5675 3796 5731; x_wconf 76' lang='grc' dir='ltr'>Φαυ-</span> 
     </span>
    </p>
   </div>
  </div>
