4058 6424
301 340 371 400 35
820 340 829 345 ’
1619 345 1676 402 3.
1721 342 2064 404 EPIPIIANII
2108 348 2291 408 VITA.
2798 352 2811 359 “
3506 349 3577 407 88

315 458 598 524 στινιανὸς,
633 460 735 514 καὶ
768 461 1044 535 ἐπορεύθη
1071 464 1150 526 είς
1180 461 1272 515 τὸν
1301 456 1448 515 οἶκον
1474 461 1664 515 αὐτοῦ.
1709 459 1868 514 ’Δκού
1886 489 1900 499 -

2028 462 2125 531 :jus
2182 462 2329 533 quod
2384 459 2590 518 factum
2625 464 2822 528 fuerat,
2856 463 3065 533 accepit
3107 463 3254 519 mille
3296 477 3577 529 nummos,

320 566 453 603 σασα
477 548 538 604 δὲ
560 551 597 622 ἠ
634 550 835 606 τούτου
866 554 1005 625 γυνὴ
1030 552 1093 607 τὸ
1122 553 1364 622 γεγονὸς,
1388 552 1623 607 λαϐοῦσα
1651 550 1795 622 χίλια
1817 568 1901 605 νο-

326 641 565 713 μίσματα
594 643 982 715 προσήνεγκεν
1009 644 1333 715 Ἐπιφανίῳ.
1363 639 1531 698 Εἶπεν
1570 643 1625 699 δὲ
1674 643 1902 710 Ἐπιφά-

323 748 431 797 νιος
454 733 595 804 πρὸς
620 735 725 806 τὴν
756 739 1028 805 γυναῖκα*
1064 736 1319 801 Ἀπελθε,
1365 735 1574 800 τέκνον,
1619 734 1708 799 δὸς
1761 734 1904 789 αὐτὰ

322 828 434 890 τοῖς
464 826 732 880 κοπιῶσιν
757 828 853 881 ἐπὶ
875 828 973 898 τῆς
994 826 1309 899 ἐκκλησίας,
1350 828 1445 881 καὶ
1470 826 1613 893 ἕξεις
1631 825 1903 898 θησαυρὸν

328 916 477 988 παρὰ
506 916 586 989 τῷ
634 917 897 989 ’Υψίστιιλ
932 918 1042 975 Καὶ⁸
1061 916 1234 983 οὕτως
1271 918 1583 990 ὲποίησενή
1616 919 1776 989 γυνή.

398 1008 534 1064 ΜΘ.
587 1010 651 1062 Ol
684 1005 779 1064 οὖν
809 1008 1206 1079 ἀπεσταλμένοι
1251 1010 1406 1083 παρὰ
1453 1009 1564 1064 τῶν
1600 1009 1861 1081 βασιλέων
1887 1049 1900 1073 ,

329 1098 535 1168 ἐπῆγον
562 1099 656 1151 τὸν
686 1100 1006 1168 Ἐπιφάνιον
1039 1099 1227 1154 sane
1246 1100 1451 1155 ηπλέειν
1503 1100 1598 1152 ἐπὶ
1629 1099 1728 1170 τὴν
1767 1099 1903 1153 Ῥώ-

334 1207 464 1261 μην.
492 1185 602 1242 Ἦν
620 1189 678 1242 δέ
709 1208 795 1254 τις
832 1190 1088 1262 κληρικὸς
1119 1191 1229 1246 ἀπὸ
1251 1190 1516 1262 ῥητόρων,
1550 1188 1789 1261 τοῦνομα
1814 1188 1906 1242 Φί-

331 1280 460 1348 λων,
484 1279 624 1352 ἀνὴρ
646 1281 1004 1354 ὄσιος.Χρεία
1022 1282 1079 1337 δὲ
1098 1278 1166 1353 ἦν
1190 1283 1284 1335 ἐπὶ
1297 1283 1396 1355 τῆς
1410 1281 1620 1346 πόλεως
1644 1281 1739 1336 τοῦ
1757 1284 1906 1353 Καρ-

333 1370 532 1424 πασίου
563 1371 783 1427 καθίσαι
815 1372 1230 1427 ἐπίσκοπονιὲπὶ
1248 1372 1343 1428 τοῦ
1364 1373 1577 1446 θρόνου.
1600 1368 1709 1427 Ἦν
1737 1372 1795 1426 δὲ
1818 1365 1907 1425 οὖ-

331 1476 427 1526 τος
448 1460 714 1525 διάκονος.
751 1462 953 1517 Τοῦτον
971 1458 1065 1518 οὖν
1091 1464 1201 1520 ἀπὸ
1225 1463 1619 1534 ἀποκαλύψως
1641 1461 1776 1518 Θεοῦ
1795 1480 1906 1533 χει-

334 1554 545 1623 ροτονεῖ
570 1552 867 1607 ἐπίσκοπον
893 1557 922 1608 ό
944 1555 1262 1625 Ἐπιφάνιος
1311 1556 1406 1611 ἐπὶ
1450 1554 1547 1611 τοῦ
1591 1554 1784 1627 θρόνου
1807 1555 1907 1626 τῆς

332 1643 562 1709 πόλεως,
607 1643 703 1697 καὶ
730 1644 831 1713 τῆς
873 1644 1196 1715 Ἐκκλησίας
1254 1643 1353 1701 τοῦ
1394 1644 1740 1716 Καρπασίου.
1778 1644 1917 1697 Ὅτε

334 1727 430 1787 οὖν
459 1727 606 1801 εἶχεν
657 1731 972 1801 Ἐπιφάνιος
1002 1732 1337 1805 ἐπιδημῆσαι
1393 1733 1487 1786 ἐπὶ
1509 1731 1610 1804 τῆς
1670 1730 1905 1804 Ῥώμης.

2008 563 2063 608 et
2090 554 2287 608 obtulit
2318 553 2643 624 Epiphanio.
2678 554 2782 621 Qui
2840 555 2890 610 ci
2916 554 3051 610 dixit
3086 571 3098 605 :
3130 554 3296 620 Vade,
3331 554 3460 620 ﬁlia,
3508 556 3576 608 da

2007 662 2108 701 eos
2139 646 2213 702 iis
2238 647 2332 716 qui
2359 646 2683 702 laborantin
2715 649 2966 714 ecclesia,
2994 656 3048 702 et
3079 647 3303 702 habebis
3355 647 3581 703 thesau-

2010 752 2130 789 rum
2162 738 2302 805 apud
2335 736 2694 794 Altissimum.
2737 737 2830 794 Sic
2859 748 3040 794 autem
3065 738 3195 794 fecit
3229 738 3447 793 mulier.

2080 999 2267 1054 XLIX.
2300 1000 2403 1068 Qui
2433 1016 2559 1056 vero
2585 1001 2737 1057 missi
2775 1001 2993 1057 fuerant
3026 1003 3095 1059 ab
3136 1005 3576 1073 imperatoribus,

2012 1094 2277 1162 urgebant
2310 1091 2792 1163 Epiphanium,.ut
2827 1093 3107 1164 navigaret
3147 1093 3396 1148 Romam.
3455 1095 3581 1150 Erat

2011 1194 2193 1253 autem
2224 1183 2445 1255 quidam
2473 1199 2539 1239 ex
2570 1184 2885 1239 oratoribus
2913 1186 3167 1247 clericus,
3200 1184 3358 1239 Philo
3403 1187 3580 1240 nomi-

2012 1291 2103 1343 ne,
2130 1275 2214 1330 vir
2244 1283 2489 1331 sanctus.
2518 1274 2667 1346 Opus
2721 1284 2901 1330 autem
2936 1285 3076 1343 erat,
3119 1277 3172 1331 in
3205 1278 3421 1332 civitate
3448 1276 3569 1332 Car-

2012 1363 2149 1437 pasii
2178 1363 2232 1418 in
2261 1364 2389 1420 sede
2415 1364 2685 1420 collocare
2716 1365 3052 1435 episcopum.
3110 1366 3347 1438 Eratque
3383 1368 3429 1422 is
3459 1367 3572 1421 dia-

2013 1471 2204 1511 conus.
2235 1455 2392 1511 llunc
2425 1471 2555 1526 ergo
2587 1454 2680 1511 Dei
2716 1454 3044 1513 revelatione
3071 1458 3385 1529 episcopum
3430 1458 3573 1513 ordi-

2014 1556 2107 1602 nat
2136 1546 2474 1618 Epiphanius
2501 1551 2554 1601 in
2583 1548 2711 1604 sede
2735 1547 2973 1604 civitatis
3003 1558 3058 1604 et
3091 1547 3346 1605 Ecclesia:
3374 1549 3571 1620 Carpa-

2014 1639 2102 1695 sii.
2119 1639 2257 1694 Cum
2286 1653 2417 1709 ergo
2439 1647 2583 1694 esset
2599 1639 2825 1694 Romam
2850 1639 3202 1710 profecturus
3221 1640 3575 1712 Epiphanius.

2015 1732 2241 1789 accersit
2265 1732 2420 1802 prius
2447 1731 2654 1787 dictum
2688 1732 2971 1789 Philonem
2997 1734 3312 1804 episcopum
3334 1773 3350 1799 ,
3382 1735 3585 1806 datque

336 1824 757 1897 μεταστέλλεται
776 1825 869 1879 τὸν
893 1824 1287 1896 προειρημένον
1318 1825 1528 1879 Φίλωνα
1561 1824 1650 1878 τὸν
1695 1823 1914 1878 ἐπίσκο-

2028 1823 2066 1879 :i
2098 1824 2479 1879 auctoritatem
2524 1822 2781 1880 Ecclesia:
2821 1822 3176 1887 Constantiaa,
3232 1831 3295 1879 ut
3342 1824 3389 1880 si
3424 1823 3583 1879 fuerit

336 1933 459 1981 πον,
493 1915 591 1973 καὶ
617 1915 767 1987 αὐτῷ
792 1916 1112 1971 ἀποδίδωσιν
1134 1915 1234 1987 τὴν
1260 1915 1547 1971 αὐθεντίαν
1566 1916 1665 1987 τῆς
1688 1915 1913 1986 Ἑκκλη⁶

337 2007 458 2071 σίας
479 2008 579 2078 τῆς
620 2008 1005 2073 Κωνσταντίας
1027 2046 1043 2073 ,
1076 2007 1226 2070 ὅπως
1249 2006 1315 2062 ἂν
1338 2006 1498 2080 χρεία
1529 2009 1755 2078 γένηται
1782 2008 1913 2077 κλη-

337 2098 532 2171 ρικῶν,
565 2098 727 2161 αὐτὸς
764 2098 1150 2170 χειροτονήσει.
1177 2096 1374 2153 Λαϐὼν
1399 2094 1495 2154 οὗν
1538 2101 1567 2152 ὁ
1595 2098 1913 2167 Ἐπιφάνιος

336 2189 478 2258 ἐμὲ.
535 2188 633 2243 καὶ
660 2188 884 2253 Ἰσαὰκ,
933 2188 1358 2260 ἀπεπλεύσαμεν
1411 2190 1493 2256 είς
1536 2190 1635 2260 τὴν
1672 2189 1909 2261 Ῥώμην.

336 2277 702 2333 Εἰσελθόντων
730 2278 788 2332 δὲ
836 2278 995 2350 ἡμῶν
1030 2279 1091 2337 ἐν
1140 2282 1208 2351 τῇ
1241 2280 1414 2343 πόλει.
1471 2276 1553 2351 ἦν
1571 2280 1764 2344 πένθος
1820 2281 1915 2335 καὶ

336 2372 567 2436 κοπετὸς
598 2372 769 2443 μέγας
796 2373 853 2427 ἐν
882 2372 959 2444 τῷ
986 2373 1220 2443 ταμιείῳ
1247 2373 1326 2445 τῷ
1364 2373 1644 2445 βασιλικῷ.
1672 2374 1782 2444 Τῆς
1807 2373 1933 2445 γάρ.

336 2463 575 2535 ἀδελφῆς
592 2463 703 2518 τῶν
718 2464 981 2535 βασιλέων
1008 2466 1296 2538 Ἀρκαδίου
1318 2467 1415 2521 καὶ
1449 2464 1712 2537 Ὀνωρίου
1742 2464 1915 2528 πάθος

336 2555 566 2627 ἐχούσης
593 2556 688 2609 ἐπὶ
720 2555 817 2627 τὴν
843 2554 1021 2621 δεξιὰν
1049 2560 1235 2628 χεῖρα,
1294 2555 1464 2611 πολλὰ
1516 2558 1840 2627 ποιήσαντες
1865 2557 1916 2609 ot

337 2644 516 2719 ἰατροὶ
534 2645 695 2700 οὐδὲν
717 2646 1007 2718 ὠφέλησαν
1033 2646 1258 2717 ταύτην.
1292 2643 1401 2701 Ἦν
1428 2648 1484 2701 δὲ
1515 2647 1701 2703 λοιπὸν
1745 2648 1925 2712 πάθος

338 2736 781 2807 κατανεμόμενον
805 2736 907 2801 τὰς
940 2737 1148 2809 σάρκας
1176 2739 1368 2810 αὐτῆς.
1415 2739 1548 2793 Ἀπὸ
1578 2738 1777 2810 πολλῆς
1825 2735 1918 2793 οὖν

339 2823 572 2895 θλίψεως
621 2823 829 2895 ἐπῆγεν
852 2826 981 2891 τοὺς
1028 2826 1287 2896 βασιλεῖς,
1316 2826 1459 2897 λέγω
1517 2828 1579 2900 δὴ
1640 2828 1919 2900 Ἀρκάδων

340 2915 435 2968 καὶ
474 2913 750 2988 Ὁνώριον,
777 2917 927 2982 ὅπως
953 2918 1318 2991 ἐπιτρέψωσιν
1340 2919 1513 2991 ἱατρῷ
1544 2919 1724 2974 δοῦναι
1751 2921 1918 2993 δηλη-

337 3007 528 3076 τήριον
554 3005 716 3078 αὐτῇ,
775 3006 926 3075 ὅπως
952 3006 1042 3062 διὰ
1085 3009 1353 3081 συντόμου
1404 3010 1651 3083 παρέλθῃ
1684 3012 1774 3067 τὸν
1807 3012 1919 3082 βίον

336 3094 553 3151 τοῦτον.
589 3097 653 3151 0i
699 3093 793 3151 οὖν
846 3098 1229 3169 ἀπαγαγόντες
1261 3102 1410 3172 ἡμᾶς
1440 3102 1536 3155 ἐπὶ
1563 3102 1660 3175 τὴν
1697 3102 1915 3175 Ῥώμην

2015 1930 2155 1985 opus
2185 1915 2396 1970 clericis
2419 1954 2435 1980 ,
2497 1915 2613 1985 ipse
2639 1915 2937 1970 ordinaret.
2977 1915 3203 1986 Accepit
3230 1924 3409 1970 autem
3461 1914 3581 1985 Epi-

2014 2007 2249 2078 phanius
2294 2022 2381 2063 me
2449 2016 2506 2062 et
2554 2005 2727 2073 Isaac,
2792 2016 2849 2062 et
2901 2007 3132 2062 Romam
3188 2006 3580 2078 navigavimus.

2014 2096 2145 2152 Erat
2168 2111 2298 2152 vero
2331 2111 2562 2167 magnus
2600 2096 2782 2151 luctus
2810 2103 2864 2151 et
2890 2096 3141 2166 planctus
3170 2095 3223 2151 in
3254 2095 3378 2150 aula
3417 2095 3585 2166 regia.

2014 2188 2152 2245 Cum
2208 2189 2351 2243 enim
2395 2203 2555 2244 soror
2608 2188 2999 2258 imperatorum
3036 2187 3253 2242 Arcadii
3274 2196 3328 2242 et
3364 2186 3585 2241 llonorii

2016 2277 2288 2332 laboraret
2322 2277 2377 2331 in
2405 2292 2569 2332 manu
2602 2277 2845 2343 dextera,
2883 2277 3051 2332 multa
3096 2276 3339 2333 fecerant
3370 2277 3583 2339 medici,

2017 2382 2119 2424 nec
2143 2367 2193 2422 ei
2224 2368 2522 2437 quidquam
2548 2365 2887 2438 profuerant.
2920 2367 3143 2424 Morbus
3181 2379 3362 2424 autem
3383 2367 3494 2439 jam
3524 2370 3587 2423 de

2016 2458 2698 2529 caetero-deposcebatejus
2720 2473 2932 2515 carnes.
2956 2457 3074 2514 Prre
3100 2459 3270 2515 multa
3303 2474 3427 2514 vero
3456 2459 3587 2513 ami-

2018 2550 2197 2605 ctione
2224 2547 2929 2619 instabatimperatoribus,
2959 2548 3215 2616 Arcadio,
3247 2551 3468 2621 inquam
3491 2590 3504 2616 ,
3537 2558 3588 2606 et

2018 2640 2283 2706 Honorio,
2306 2651 2367 2696 ut
2395 2641 2775 2712 permitterent
2810 2643 3023 2699 medico
3064 2644 3112 2699 ei
3143 2644 3272 2698 dare
3298 2657 3590 2708 venenum,

2020 2739 2082 2786 ut
2102 2731 2334 2787 breviter
2364 2734 2531 2787 vitam
2557 2733 2757 2789 (iniret.
2792 2734 2896 2805 Qui
2922 2750 3051 2806 ergo
3082 2750 3184 2789 nos
3218 2734 3446 2789 Romam
3493 2735 3590 2791 de~

2018 2821 2306 2887 duxerant,
2338 2824 2568 2896 ingressi
2593 2835 2742 2889 sunt,
2767 2837 2821 2880 et
2850 2826 3234 2881 renuntiarunt
3254 2826 3589 2896 imperatori-

2020 2912 2143 2968 hus.
2176 2912 2279 2982 Ipsi
2324 2924 2505 2968 autem
2528 2915 2746 2984 jubent,
2775 2924 2834 2969 ut
2862 2914 3200 2985 ingrediatur
3231 2916 3594 2986 Epiphanius.

2020 3001 2189 3058 Nobis
2216 3004 2420 3059 verein
2449 3006 2632 3060 aulam
2665 3005 2871 3075 regiam
2897 3006 3250 3074 intrantibus,
3277 3021 3469 3062 omnes
3501 3006 3595 3077 qui

2021 3092 2246 3149 aderant
2293 3094 3027 3166 salutarunt-Epiphanium.
3089 3097 3194 3163 Qui
3242 3096 3471 3167 perinde
3534 3112 3598 3152 ac

338 3187 612 3260 εἰσῆλθον,
653 3191 749 3244 καὶ
780 3191 1125 3262 ἀπήγγειλαν
1148 3195 1259 3255 τοῖς
1292 3192 1622 3264 βασιλεῦσιν.
1673 3195 1835 3250 Αὐτοὶ
1863 3196 1919 3250 δὲ

2028 3186 2068 3241 si
2097 3201 2203 3241 non
2237 3188 2372 3243 tales
2407 3187 2727 3242 conveniret
2765 3188 3038 3255 homines,
3086 3189 3351 3258 intrepide
3392 3189 3599 3260 ingres-

341 3282 730 3351 ἐπιτρέπουσιν
756 3283 984 3339 εἰσιέναι
1015 3283 1106 3338 τὸν
1144 3285 1478 3354 Ἐπιφάνιον.
1521 3286 1577 3341 '0
1599 3287 1657 3341 δὲ
1694 3287 1925 3357 Ἐπιφά-

342 3390 477 3438 νιος,
504 3374 579 3437 ὡς
605 3375 681 3446 μὴ
705 3375 969 3439 τοιούτοις
986 3374 1293 3449 ἀνθρώποις
1321 3377 1724 3448 συντυγχάνων,
1751 3378 1923 3443 οὕτως

343 3463 600 3534 ἀτρόμως
624 3460 763 3519 εἶσιν
807 3467 866 3519 ὲν
912 3464 1019 3541 τῷὴ
1050 3465 1281 3536 ταμιείῳ
1322 3464 1401 3536 τῷ
1439 3464 1737 3535 βασιλικῷ,
1772 3465 1924 3534 ἐγγί-

348 3569 450 3615 σας
475 3553 531 3607 ea
560 3557 673 3619 τοῖς
702 3554 1031 3625 βασιλεῦσιν.
1060 3552 1170 3610 Ἦν
1208 3555 1267 3611 δὲ
1301 3556 1396 3610 καὶ
1425 3558 1456 3627 ἡ
1483 3554 1685 3628 ἀδελφὴ
1724 3555 1926 3610 τούτων

347 3646 719 3717 κατακειμένη
750 3648 844 3700 ἐπὶ
871 3647 969 3718 τῆς
997 3646 1207 3718 κλίνης.

416 3736 500 3792 N'.
542 3736 663 3791 Τῶν
687 3736 743 3791 δὲ
779 3737 1041 3809 βασιλέων
1081 3738 1295 3794 ἰδόντων
1343 3738 1434 3792 τὸν
1478 3738 1814 3808 Ἐπιφάνιον,
1842 3739 1928 3792 ἁν-

349 3826 585 3897 έστησαν
617 3828 820 3894 εὐθέως
842 3829 966 3884 ἀπὸ
989 3828 1099 3884 τῶν
1134 3829 1359 3902 θρόνων.
1389 3824 1557 3884 Εἶπεν
1603 3830 1660 3885 δὲ
1697 3831 1920 3901 Ἐπιφά-

351 3912 600 3985 νιος’τοῖς
629 3920 966 3991 βασιλεῦσιν·
991 3921 1207 3995 Ταύτην
1229 3923 1327 3994 τὴν
1352 3921 1518 3994 τιμὴν
1534 3922 1725 3987 δίδοτε,
1741 3923 1928 3987 τέκνα,

352 4011 433 4082 τῷ
470 4012 757 4087 εὐεργέτῃ,
792 4013 887 4071 καὶ
916 4012 1113 4084 ὃψεσθε
1139 4015 1239 4085 τὴν
1265 4014 1502 4085 ἀδελφὴν
1532 4013 1685 4085 ὑμῶν
1713 4015 1771 4069 έν
1803 4014 1932 4069 καλ-

351 4101 509 4173 λίστῃ
557 4102 743 4174 ὐγείᾳ·
785 4105 860 4176 μὴ
896 4105 1210 4169 πεποίθετε,
1239 4105 1427 4171 τέκνα,
1462 4107 1556 4159 ἐπὶ
1596 4106 1696 4177 τὴν
1741 4105 1933 4160 αὐθεν-

355 4195 498 4255 τίαν,
511 4196 604 4249 καὶ¹
618 4194 806 4250 ἔσεσθε
826 4195 1218 4268 φυλαττόμενοι
1236 4196 1345 4251 ἀπὸ
1360 4198 1591 4269 Κυρίου.
1609 4198 1731 4250 Ἐπὶ
1746 4196 1803 4249 δὲ
1823 4200 1935 4260 τοῖς

357 4284 537 4353 λόγοις
578 4285 892 4354 Ἐπιφανίου
926 4284 1203 4351 ὲδίσταζον
1243 4286 1340 4341 καὶ
1377 4286 1731 4357 ἐταράττοντο
1764 4286 1813 4340 οἱ
1841 4286 1937 4357 βα-

359 4373 544 4439 σιλεῖς.
575 4370 741 4430 Εἶπεν
773 4375 830 4429 δὲ
870 4376 1181 4446 Ἐπιφάνιος
1213 4378 1324 4442 τοῖς
1370 4376 1683 4447 βασιλεῦσιν
1703 4393 1716 4408 ’
1752 4377 1818 4430 Τί
1862 4375 1938 4430 δι-

2023 3293 2118 3333 sus
2141 3286 2226 3333 est
2254 3278 2307 3332 in
2342 3278 2523 3333 aulam
2565 3278 2790 3350 regiam,
2826 3288 2880 3335 et
2929 3280 3385 3350 appropinquavit
3430 3281 3602 3350 impe-

2024 3368 2320 3426 ratoribus.
2353 3368 2483 3424 Erat
2510 3376 2690 3424 autem
2727 3384 2918 3426 eorum
2966 3384 3124 3426 soror
3176 3370 3231 3424 in
3278 3369 3416 3425 lecto
3443 3383 3599 3424 recu-

2027 3459 2203 3515 bansa

2101 3731 2160 3786 Β.
2222 3731 2360 3787 Cum
2388 3744 2515 3789 vero
2540 3731 2899 3802 imperatores
2930 3734 3194 3793 vidissent
3217 3733 3605 3805 Epiphanium,

2029 3834 2083 3880 et
2114 3825 2366 3895 protinus
2412 3839 2443 3880 ο
2470 3826 2691 3881 sedibus
2720 3825 2769 3879 ei
2799 3827 3252 3891 assurrexissent,
3295 3827 3435 3883 dixit
3476 3825 3609 3897 Epi-

2033 3917 2269 3988 phanius
2312 3917 2739 3988 imperatoribus
2773 3935 2787 3971 :
2824 3915 2983 3973 Hunc
3027 3919 3313 3983 honorem,
3349 3918 3549 3989 inquit,
3576 3933 3613 3974 o

2034 4011 2154 4074 lilii,
2188 4009 2317 4066 date
2344 4008 2677 4066 benefactori
2708 4009 2839 4073 Deo,
2881 4018 2936 4065 et
2970 4010 3222 4067 videbitis
3247 4025 3491 4066 sororem
3516 4024 3603 4065 ve-

2035 4110 2204 4157 stram
2252 4101 2307 4155 in
2364 4101 2567 4172 optima
2603 4102 2857 4157 sanitate.
2891 4099 2970 4156 Ne
3016 4101 3327 4168 conﬁdatis,
3378 4101 3503 4166 lilii,
3555 4102 3610 4157 in

2037 4193 2341 4262 majestate,
2393 4193 2930 4253 etzconservahimini
2969 4210 3000 4249 a
3040 4192 3295 4249 Domino.
3341 4193 3611 4260 Quoniam

2038 4292 2218 4339 autem
2246 4292 2468 4354 propter
2496 4284 2660 4339 verba
2709 4283 3001 4355 Epiphanii
3029 4285 3356 4342 dubitabant
3383 4293 3438 4341 et
3484 4300 3615 4340 con-

2040 4375 2402 4435 turbabantur
2454 4375 2832 4447 imperatores,
2884 4375 3023 4431 dixit
3071 4375 3179 4431 illis
3232 4375 3614 4448 Epiphanius:

360 4466 605 4531 στάζετε,
631 4467 817 4534 τέκνα,
846 4469 939 4522 ἐπὶ
973 4471 1087 4533 τοῖς
1114 4467 1497 4540 λαλουμένοις;
1534 4468 1770 4539 Ὀψεσθε
1799 4468 1924 4523 Θεοί

2041 4467 2180 4535 Quid
2222 4467 2505 4531 dubitatis,
2568 4467 2687 4533 lilii,
2739 4467 2807 4523 de
2865 4468 2932 4524 iis
2977 4485 3097 4539 quae
3144 4469 3311 4526 dico?
3355 4467 3619 4527 Videbitis

358 4557 522 4630 χάριν
569 4558 657 4617 διὰ
705 4558 810 4615 τῶν
858 4558 1221 4631 λαλουμένων.
1241 4560 1499 4629 Ἐγγίσας
1525 4559 1582 4615 δὲ
1618 4560 1933 4631 Ἐπιφάνιος

361 4652 458 4704 ἐπὶ
501 4651 599 4722 τῆς
644 4650 851 4723 κλίνης,
879 4651 1008 4708 ἔνθα
1035 4652 1315 4708 κατέκειτο
1346 4655 1379 4725 ἡ
1411 4652 1616 4727 ἀδελφὴ
1644 4652 1752 4708 τῶν
1783 4651 1937 4724 βασι-

358 4740 516 4804 λέων,
545 4736 695 4795 εἶπεν
729 4741 865 4813 πρὸς
906 4740 1075 4813 αὐτὴν
1107 4742 1326 4814 εὐμενεῖ
1367 4742 1445 4815 τῷ
1489 4742 1766 4816 προσώπῳ
1787 4760 1802 4775 ο
1844 4742 1936 4814 Μὴ

360 4827 599 4893 δίσταζε,
632 4830 840 4895 τέκνον,
871 4830 966 4885 ἐπὶ
992 4830 1070 4904 τῷ
1103 4830 1264 4885 πάθει
1286 4849 1299 4863 ·
1326 4831 1417 4903 ἔχε
1461 4832 1561 4896 τὰς
1590 4832 1813 4896 ἐλπίδας
1846 4833 1939 4885 ἐπὶ

363 4918 498 4972 Θεὸν
528 4918 721 4986 ζῶντα,
747 4922 843 4977 καί⁴
868 4921 973 4995 ὄψῃ
1001 4922 1099 4995 τὴν
1128 4923 1341 4996 ὑγίειαν
1368 4927 1441 4997 τῇ
1463 4922 1584 4995 ὥρᾳ
1608 4922 1813 4996 ταύτῃτ
1850 4922 1940 4976 πί-

367 5027 590 5067 στευσον
620 5012 697 5084 τῷ
726 5013 840 5085 Υίῷ
870 5014 964 5068 τοῦ
992 5015 1126 5070 Θεοῦ
1159 5016 1237 5089 τῷ
1265 5016 1686 5088 ὲσταυρωμένῳ,
1716 5016 1810 5071 καὶ
1843 5015 1939 5087 ἔσῃ

368 5103 741 5176 περιπατοῦσα
769 5107 827 5159 ὲν
851 5110 918 5181 τῇ
948 5107 1070 5181 ὥρᾳ⁵
1096 5107 1291 5182 ταύτῃ.
1326 5109 1631 5172 Πέπαυται,
1658 5109 1813 5180 φησὶ,
1851 5108 1942 5163 τέ-

367 5210 516 5258 κνον,
545 5196 575 5248 ό
598 5195 755 5260 πόνος
790 5196 884 5251 τοῦ
914 5196 1164 5270 σώματός
1196 5216 1312 5254 σου.
1342 5198 1544 5267 Δόξαζε
1578 5198 1711 5254 Θεὸν
1749 5199 1840 5254 τὸν
1867 5200 1945 5255 δι-

368 5284 527 5340 δόντα
549 5284 647 5357 τὴν
674 5286 835 5359 χάριν
854 5307 868 5319 ·
904 5287 994 5358 ἔχε
1020 5289 1206 5345 τοῦτον
1238 5290 1381 5347 κατὰ
1404 5288 1529 5345 νοῦν
1563 5288 1944 5356 ἀδιαλείπτως,

372 5375 464 5431 καὶ
489 5376 638 5432 ἔσται
684 5395 767 5432 σοι
811 5381 989 5451 τεῖχος
1019 5380 1111 5435 τὸν
1142 5381 1357 5437 ἅπαντα
1400 5380 1612 5453 χρόνον.
1648 5380 1837 5438 Ταῦτα
1871 5383 1948 5435 ει-

371 5467 486 5525 πὼν
527 5470 843 5540 Ἐπιφάνιος
887 5474 1190 5546 ἐκράτησεν
1235 5473 1568 5545 τῆς’χειρὸς
1614 5473 1806 5544 αὐτῆς,
1855 5474 1948 5531 καὶ

368 5559 678 5629 σφραγίσας
704 5562 875 5634 αὐτὴν
901 5562 1099 5635 τρίτον,
1127 5563 1327 5629 εὐθέως
1354 5546 1649 5634 ἐκουφίσθη
1701 5563 1809 5618 τῶν
1852 5565 1951 5621 πόα

370 5668 491 5703 νων.
511 5650 736 5717 Ἰδόντες
880 5655 929 5708 οἱ
974 5653 1231 5726 βασιλεῖς,
1264 5655 1293 5709 ὃ
1325 5655 1580 5726 ἐποίησεν
1615 5654 1947 5723 Ἐπιφάνιος,

372 5741 702 5813 προσεκλίθη
750 5744 785 5815 ἡ
828 5743 972 5818 ψυχὴ
1015 5745 1193 5800 αὐτῶν
1248 5746 1342 5801 τοῦ
1398 5748 1616 5817 ἀγαπᾷν
1648 5745 1827 5813 αὐτὸν,
1858 5750 1951 5802 καὶ

2043 4558 2143 4614 Dei
2176 4560 2407 4629 gratiam
2442 4574 2544 4629 per
2561 4574 2625 4615 ea
2650 4574 2772 4629 qua:
2797 4558 3074 4621 dicuntur.
3114 4560 3250 4615 Cum
3284 4570 3464 4616 autem
3489 4558 3613 4629 Epi-

2042 4654 2280 4724 phanius
2306 4652 2802 4723 appropinquasset
2822 4654 2984 4721 lecto,
3007 4654 3062 4711 in
3088 4669 3197 4724 quo
3214 4654 3434 4725 iacebat
3462 4669 3625 4711 soror

2046 4745 2463 4814 imperatorum,
2485 4742 2625 4800 dixit
2650 4743 2698 4798 ei
2748 4744 2896 4800 vultu
2932 4744 3042 4800 leni
3080 4755 3134 4800 et
3162 4744 3417 4817 placido:
3452 4741 3528 4798 Ne
3555 4743 3625 4798 de

2046 4834 2237 4888 morbo
2275 4832 2511 4894 dubites,
2551 4847 2584 4888 ο
2616 4832 2761 4886 lilia:
2802 4847 2962 4903 spera
3012 4833 3067 4888 iu
3109 4834 3273 4889 Deum
3312 4833 3521 4898 vivum,
3570 4839 3625 4885 et

2049 4924 2151 4979 hac
2190 4925 2333 4979 hora
2377 4923 2588 4979 videbis
2635 4924 2945 4987 sanitatem.
2982 4923 3155 4979 Crede
3185 4924 3326 4981 Filio
3371 4924 3489 4989 Dei,
3526 4924 3624 4994 qui

2052 5015 2153 5072 fuit
2179 5015 2492 5080 crucifixus,
2527 5024 2582 5070 et
2630 5015 2813 5076 statim
2857 5016 3185 5077 ambulabis.
3231 5014 3498 5076 Cessavit,
3543 5014 3626 5068 in—

2050 5107 2191 5177 quit,
2234 5120 2266 5161 o
2296 5106 2430 5172 tilia,
2475 5106 2629 5161 dolor
2664 5106 2742 5161 tui
2777 5105 3110 5176 corpusculi.
3162 5103 3347 5159 Redde
3396 5103 3624 5174 gloriam

2053 5198 2185 5263 Deo,
2221 5197 2314 5269 qui
2354 5198 2447 5253 dat
2476 5198 2741 5270 gratiam;
2772 5213 2899 5257 eum
2942 5197 3082 5255 habe
3128 5203 3389 5268 perpetuo
3425 5196 3479 5248 in
3512 5210 3629 5250 me-

2055 5292 2249 5357 moria,
2276 5298 2333 5345 et
2354 5290 2459 5345 erit
2486 5273 2584 5346 tibi
2614 5305 2811 5347 murus
2845 5287 2999 5347 omni
3050 5297 3308 5357 tempore.
3341 5285 3478 5341 Cum
3512 5286 3629 5342 haec

2052 5388 2259 5441 diceret
2309 5382 2671 5455 Epiphanius,
2714 5382 2888 5438 tenuit
2922 5395 3143 5443 manum
3179 5379 3527 5446 Imdierculaz,
3574 5388 3630 5436 ct

2054 5492 2174 5531 eam
2217 5484 2298 5530 ter
2348 5475 2603 5547 signavit,
2648 5482 2697 5528 et
2743 5473 2889 5529 illico
2946 5472 3123 5529 levata
3182 5481 3266 5526 est
3325 5472 3623 5529 doloribus.

2034 5567 2195 5632 Cum
2246 5574 2427 5621 autem
2479 5563 2746 5619 vidissent
2800 5562 3182 5634 imperatores,
3231 5561 3378 5633 quod
3427 5560 3636 5617 fecerat

2036 5654 2420 5727 Epiphanius,
2462 5653 2791 5729 inclinatum
2834 5662 2917 5710 est
2951 5668 3047 5711 cor
3084 5667 3298 5718 eorum,
3349 5660 3412 5707 ut
3452 5652 3630 5722 ipsum

2060 5749 2365 5820 diligerent,
2413 5746 2807 5820 audirentque,
2843 5757 2897 5805 et
2941 5747 3223 5804 crederent
3267 5745 3333 5801 iis
3376 5744 3629 5800 omnibus
