4058 6426
515 324 582 380 εει
1809 326 1866 382 s.
1907 326 2249 388 EPlelANil
2291 333 2470 391 Vl'l'A.
3697 361 3772 419 ea

513 457 636 512 qua:
669 441 737 496 ab
768 441 887 510 ipso
921 441 1261 497 dicebantur.
1294 441 1683 512 ilogaruntque
1701 440 2065 514 Epiphaniam

2195 451 2435 544 ἀκούειν,
2467 456 2560 510 καὶ
2594 459 2870 515 πιστεύειν
2902 465 3032 518 πᾶσι
3056 469 3163 534 τοῖς
3187 470 3534 544 λαλουμένοις
3556 475 3650 532 ὑπ’
3670 481 3771 533 αὑ-

514 542 575 587 ut
626 531 816 587 Roma:
847 548 972 588 cum
1009 534 1090 589 cis
1142 544 1472 598 versaretur,
1511 546 1563 590 et
1607 546 1754 592 esset
1796 537 1877 592 eis
1915 538 1969 592 in
1995 554 2094 608 pa-

2193 543 2287 596 τοῦ
2309 561 2323 577 ο
2353 547 2446 601 καὶ
2471 550 2813 620 παρεκάλουν
2836 555 3016 620 αὑτὸν,
3041 557 3180 614 ὥστε
3199 543 3435 621 συνεῖναι
3466 568 3652 633 αὐτοῖς
3675 571 3770 624 ἐπὶ

518 634 678 678 trem.
727 623 1062 694 Epiphanius
1104 635 1283 681 autem
1333 633 1504 682 totum
1549 626 1692 683 diem
1735 627 2069 698 imperatore:

2191 633 2290 730 τῇς
2335 634 2571 730 Ἱξὼμης,
2607 641 2701 694 καὶ
2745 645 2988 712 γίνεσθαι
3031 649 3193 704 αὐτὸν
3223 655 3304 718 είς
3341 623 3770 730 πατέραῖιῖνδέ

511 714 744 769 docebat
771 716 1010 770 assidue.

583 913 668 969 LI.
729 914 1036 983 Aliquando
1062 928 1188 969 cum
1225 914 1397 970 tilium
1437 914 1658 970 haberet
1688 929 1846 971 soror
1873 929 2085 981 eorum,

510 1024 630 1077 qua:
664 1007 956 1070 laborat-at,
1002 1015 1056 1062 et
1083 1015 1273 1062 curata
1313 1005 1491 1061 fuerat
1531 1006 1602 1062 ab
1645 1005 1967 1077 Epiphanio,
1996 1023 2086 1064 ac-

509 1101 639 1155 cidit
672 1109 730 1153 ut
771 1115 894 1153 cum
929 1101 975 1155 is
1029 1109 1370 1172 aegrotasset,
1427 1109 1679 1156 mortuus
1725 1100 1778 1154 in
1835 1101 1973 1156 lecto
2015 1101 2086 1157 sit

509 1203 773 1261 repertus.
813 1190 940 1246 Fuit
970 1207 1200 1262 magnus
1229 1193 1410 1248 luctus
1439 1191 1493 1247 in
1518 1192 1643 1248 aula
1668 1191 2080 1263 imperatorum.

505 1283 810 1354 Epiphanio
841 1295 1026 1341 autem
1071 1285 1330 1341 dixerunt
1373 1285 1770 1355 imperatores:
1814 1283 1944 1351 Ora,
1981 1282 2084 1339 Pa-

505 1387 606 1440 ter,
650 1393 750 1446 pro
788 1375 1017 1443 infante,
1080 1386 1140 1432 ut
1197 1393 1322 1433 eum
1395 1377 1590 1433 reddas
1639 1391 1834 1433 sanum
1896 1378 2080 1432 matri.

505 1466 651 1519 Dixit
679 1465 1016 1536 Epiphanius
1044 1485 1056 1520 :
1090 1465 1347 1532 Creditis,
1379 1466 1510 1531 filii,
1542 1481 1631 1522 me
1672 1466 1776 1522 hoc
1807 1481 1968 1537 posse
2008 1465 2083 1520 fa-

503 1559 683 1614 cere?
744 1559 1010 1613 Dixerunt
1065 1544 1245 1615 autem
1315 1559 1718 1629 imperatores:
1769 1557 2079 1626 Credimus,

502 1652 650 1721 quod
681 1653 824 1708 sicut
870 1651 1063 1707 matris
1091 1651 1210 1722 ejus
1243 1652 1495 1706 morbum
1537 1650 1758 1721 iugasti,
1807 1649 1878 1704 ita
1912 1651 2077 1704 etiam

502 1740 767 1796 infantem
799 1741 848 1796 ei
881 1741 1062 1795 vivum
1090 1740 1378 1810 praebebis.
1411 1739 1553 1794 Dixit
1581 1755 1708 1794 vero
1743 1739 2078 1810 Epiphanius

502 1833 924 1903 imperatoribus
961 1852 972 1888 :
1011 1831 1066 1886 Si
1109 1833 1412 1887 surrexerit
1447 1832 1588 1886 fiiius
1623 1832 1827 1888 sororis
1864 1842 2075 1894 vestrae,

501 1925 830 1989 credetisne,
880 1932 935 1980 et
964 1923 1373 1993 baptizabimini
1413 1922 1465 1976 in
1519 1923 1742 1979 nomine
1784 1924 2078 1978 Crucifixi?

503 2017 771 2075 Dixerunt
819 2017 1178 2086 imperatores
1219 2015 1566 2086 Epiphanio:
1620 2016 1676 2069 Si
1726 2016 2078 2072 suscitaveris

501 2108 786 2174 infantem,
832 2124 932 2162 nos
974 2109 1283 2173 credemus,
1327 2116 1383 2162 et
1428 2106 1848 2177 haptizabimur.
1902 2107 2074 2163 Acce—

497 2202 634 2256 dens
669 2211 849 2255 autem
900 2199 1242 2270 Epiphanius
1277 2200 1344 2254 ad
1386 2200 1609 2265 lectum,
1645 2199 1698 2253 in
1745 2213 1856 2268 quo
1893 2197 2076 2254 infans

493 2292 708 2362 jacebat
739 2299 1009 2356 mortuus,
1039 2305 1162 2346 cum
1184 2299 1357 2345 totum
1381 2289 1500 2359 ejus
1523 2304 1723 2359 corpus
1739 2295 2075 2342 contrectas-

497 2392 601 2446 sct,
632 2391 685 2436 et
711 2397 835 2436 eum
865 2376 1078 2435 orasset
1128 2381 1220 2449 qui
1250 2379 1542 2434 mortiﬁrat
1572 2388 1626 2432 et
1648 2378 1905 2440 vivifioat,
1939 2378 2076 2432 dixit

499 2488 668 2544 puero
695 2491 708 2527 :
743 2471 800 2525 in
827 2470 1046 2526 nomine
1075 2469 1290 2524 Domini
1316 2468 1487 2525 nostri
1518 2467 1646 2524 Jcsu
1671 2466 1875 2523 Christi
1897 2469 2075 2524 cruci—

499 2565 589 2619 fixi
627 2578 824 2633 surge;
869 2569 926 2617 et
955 2561 1140 2617 statim
1169 2576 1306 2630 puer
1359 2560 1500 2616 sedit
1529 2561 1582 2614 in
1615 2560 1772 2614 lecto.
1809 2558 1945 2615 Cum
1978 2575 2076 2614 au-

497 2663 605 2706 tem
651 2649 920 2705 vidissent
971 2649 1351 2719 imperatores,
1406 2648 1552 2718 quod
1597 2646 1934 2717 Epiphanius
1978 2663 2075 2718 per

495 2739 796 2794 orationem
815 2740 1111 2796 suscitarat
1134 2754 1384 2808 puerum,
1408 2737 2070 2809 rogaruntEpiphanium,

505 2839 563 2886 ut
604 2824 1065 2886 iiluminarcntur.
1097 2828 1252 2885 Tunc
1289 2828 1424 2884 dixit
1462 2828 1801 2900 Epiphanius
1841 2830 2074 2901 impera-

498 2923 750 2979 toribus:
799 2922 938 2979 Ecce
980 2923 1236 2994 pietatem
1283 2933 1522 2980 vestram
1557 2924 1611 2978 in
1659 2923 1914 2980 omnibus
1951 2939 2073 2979 sus-

503 3015 647 3085 cipio
681 3035 694 3070 :
724 3013 869 3070 Deus
893 3025 978 3071 est
1010 3017 1180 3082 enim,
1209 3015 1302 3086 qui
1341 3031 1441 3072 vos
1479 3015 1545 3072 ad
1581 3016 1684 3071 hoc
1708 3017 1928 3074 excitat.
1964 3016 2070 3083 Sed

500 3107 605 3162 hoc
648 3123 756 3161 non
786 3122 1010 3178 possum
1053 3107 1232 3164 facere
1275 3108 1487 3180 injussu
1527 3108 1766 3180 episcopi
1811 3107 2071 3166 Romanae

500 3197 774 3266 Ecclesiae,
805 3214 875 3254 ne
908 3199 1070 3256 nobis
1099 3201 1390 3255 irascatur.
1424 3201 1728 3256 Accersunt
1754 3202 1937 3272 itaque
1961 3201 2067 3256 im-

499 3299 775 3358 peratores
829 3291 1178 3362 episcopum,
1236 3301 1291 3347 et
1332 3291 1380 3347 ei
1433 3293 1616 3347 omnia
1673 3301 2066 3362 exposuerunt.

506 3381 804 3452 Episcopus
847 3392 1030 3438 autem
1061 3399 1261 3453 magno
1293 3382 1398 3438 fuit
1431 3382 1655 3438 affectus
1686 3383 1905 3452 gaudio,
1943 3399 2066 3438 cum

499 3474 616 3527 inec
646 3474 910 3529 audiisset
953 3475 1022 3529 ab
1056 3475 1498 3544 imperatoribus,
1537 3485 1589 3529 et
1641 3474 1889 3542 permisit
1943 3474 2070 3545 Epi-

492 3561 713 3629 phanio,
746 3572 806 3617 ut
828 3563 1132 3632 baptizaret
1157 3572 1213 3618 ct
1245 3563 1622 3634 imperatores,
1663 3573 1718 3618 et
1755 3580 1947 3619 eorum
1976 3579 2068 3620 so-

493 3669 690 3720 rorem,
720 3662 775 3709 et
801 3653 970 3708 filium
999 3655 1140 3724 ejus,
1179 3669 1342 3724 quem
1377 3655 1664 3710 suscitavit
1707 3654 2064 3725 Epiphanius,

494 3761 618 3802 cum
643 3755 788 3804 esset
819 3756 1092 3803 mortuus.

559 3839 665 3893 LII.
704 3839 838 3896 Cum
873 3841 1102 3910 ingrcssi
1143 3850 1324 3896 autem
1361 3852 1544 3900 essent
1574 3843 1628 3897 in
1660 3841 2062 3912 baptisterium,

497 3939 555 3985 ut
579 3931 1020 3987 iiiuminarentur
1064 3932 1132 3987 ab
1168 3931 1491 4003 Epiphanio,
1529 3934 1611 3989 eis
1642 3933 1790 3988 omni
1819 3931 2065 3988 exhihito

487 4024 816 4090 ministerio,
879 4023 1159 4095 ingressus
1206 4034 1290 4080 est
1349 4026 1560 4096 primus
1605 4024 1920 4080 Arcadius:
1969 4023 2063 4093 qui

485 4116 704 4184 quidem
735 4126 863 4171 ante
901 4132 962 4174 se
1011 4116 1202 4172 habuit
1245 4125 1356 4172 tres
1387 4116 1535 4172 viros
1573 4127 1754 4174 vestes
1787 4124 2062 4189 gestantes

482 4209 764 4274 candidas,
798 4219 852 4264 et
878 4216 1127 4266 tenentes
1168 4208 1557 4280 Epiplianium,
1591 4225 1758 4265 unum
1787 4209 2005 4280 quidem
2031 4223 2059 4262 a

483 4302 713 4368 dextris,
759 4312 819 4360 et~
863 4318 1032 4358 unum
1069 4318 1100 4358 a
1129 4303 1388 4369 sinistris,
1417 4311 1472 4357 et
1501 4303 1732 4357 alterum
1782 4316 1944 4371 pone.
2010 4299 2060 4355 is

481 4402 660 4461 autem
699 4407 898 4463 magno
926 4393 1122 4446 timore
1155 4401 1237 4447 est
1260 4392 1504 4447 affectus.
1529 4390 1904 4463 Cognovitque
1937 4389 2062 4460 Epi-

481 4482 718 4551 phanius
756 4495 822 4536 ex
854 4481 1004 4535 vultu
1040 4480 1284 4545 Arcadii,
1320 4479 1466 4550 quod
1506 4478 1717 4533 viderat
1763 4477 2055 4540 visionem,
2091 4507 2136 4564 Β

481 4585 535 4629 et
566 4574 704 4629 dixit
750 4572 1064 4642 imperatori
1100 4590 1114 4626 :
1155 4571 1388 4626 Attende
1432 4569 1552 4638 tibi,
1609 4585 1643 4626 ο
1676 4569 1773 4636 ﬂii,
1809 4577 1864 4622 et
1903 4583 2054 4624 cave.

483 4666 706 4726 Solebat
742 4665 890 4720 enim
937 4664 1279 4734 Epiphanius
1322 4661 1596 4717 neminem
1637 4659 1852 4713 mittere
1891 4659 1943 4711 in
1971 4658 2055 4726 pi-

479 4761 712 4825 scinam,
761 4758 938 4812 donec
991 4770 1134 4826 aqua
1185 4754 1521 4808 turbaretur.
1580 4751 1874 4821 Postquam
1926 4767 2055 4807 vero

481 4852 584 4908 fuit
631 4850 970 4906 iiluminatus
1011 4847 1302 4912 Arcadius,
1351 4845 1692 4900 iiluminatus
1742 4843 1844 4898 fuit
1888 4844 2054 4898 etiam

479 4942 778 5008 Honorius,
808 4948 863 4997 et
891 4940 1138 4995 eamdem
1186 4951 1407 5008 quoque
1453 4936 1588 4991 vidit
1634 4935 1923 4989 visionem.
1971 4935 2057 4988 Si-

481 5035 682 5089 militer
698 5035 857 5089 etiam
883 5031 1028 5086 ﬁlius
1056 5029 1261 5086 sororis
1277 5043 1490 5084 eorum.
1517 5024 1704 5098 [Jussu
1723 5036 1902 5081 autem
1924 5024 2054 5095 Epi-

479 5127 684 5197 phanii,
718 5123 933 5195 suscepi
959 5137 1060 5193 ego
1085 5121 1376 5176 Arcadium
1403 5134 1468 5174 ex
1501 5118 1866 5188 baptismate;
1906 5115 2057 5172 isaac

482 5228 610 5266 vero
650 5211 972 5276 Honorium,
1024 5217 1079 5264 et
1121 5208 1342 5278 quidam
1383 5208 1670 5262 eunuchus
1709 5205 2055 5262 Christianus

481 5313 530 5359 et
565 5303 707 5375 pius,
735 5305 906 5358 ﬁlium
936 5302 1144 5378 sororis
1172 5316 1386 5356 eorum.
1428 5298 1607 5370 Ipsam
1638 5314 1770 5354 vero
1805 5315 2051 5355 sororem

484 5395 791 5459 Prociiana,
824 5409 947 5468 qua:
979 5401 1095 5450 erat
1118 5409 1257 5448 uxor
1279 5392 1444 5447 unius
1471 5407 1536 5446 ex
1565 5389 1856 5463 patriciis.]
1892 5389 2052 5445 Post-

484 5501 651 5557 quam
697 5495 877 5540 autem
929 5484 965 5536 ii
998 5483 1219 5539 fuerunt
1253 5483 1564 5548 illuminati,
1593 5491 1798 5552 septem
1837 5481 1953 5536 dies
1977 5481 2050 5536 ibi

476 5579 681 5650 peregit
723 5575 1060 5646 Epiphanius
1107 5584 1232 5645 post.
1277 5576 1725 5639 illuminationcm
1755 5615 1768 5638 ,
1815 5590 1913 5630 eos
1954 5575 2050 5629 do-

489 5687 614 5728 cens
644 5670 711 5724 de
735 5668 1080 5736 baptismate.
1103 5666 1398 5737 Postquam
1429 5682 1556 5722 vero
1585 5677 1762 5723 vestes
1791 5669 2047 5724 candida-

498 5773 578 5818 tas
613 5759 1004 5833 deposuerunt,
1036 5761 1249 5818 duobus
1293 5759 1710 5828 imperatoribus
1755 5761 1887 5816 dixit
1934 5762 2047 5832 Epi-

2204 722 2516 879 ’ῗζζπιφάνιος
2543 730 2725 785 πᾶσαν
2749 734 2964 808 ἡμέραν
3000 737 3266 797 διδάσκων
3293 722 3498 810 αὐτοὺς
3520 747 3615 802 καὶ
3640 766 3770 822 στηο

2204 829 2224 863 ο
2280 833 2374 872 ων.

2194 829 2374 882 ριςων.

2260 907 2388 1001 ψ’.
2431 910 2566 965 Ποτέ
2599 913 2730 981 γοῦν
2770 915 2887 971 υἱὸν
2917 917 3113 989 ἔχουσα
3147 923 3180 994 ἡ
3212 923 3414 998 ἀδελφὴ
3441 927 3619 984 αὐτῶν
3645 931 3679 1001 ὴ
3707 929 3769 983 τὺ

2193 995 2366 1087 πάθος
2407 1001 2692 1070 ἐσχηκυῖα,
2727 1005 2822 1058 καὶ
2855 1005 3252 1078 θεραπευθεῖσα
3277 1015 3380 1068 ὑπὸ
3402 995 3764 1087 ’Ἐπιφανίο-δ,

2187 1085 2375 1183 ἐτυχεν
2422 1091 2609 1146 τοῦτον
2643 1094 2718 1166 μὴ
2763 1097 3192 1172 ἀρῤωστήσαντα
3236 1105 3526 1176 εὑρεθῆναι
3563 1085 3770 1183 νεκρὸν

2187 1179 2280 1273 ἐπὶ
2302 1181 2401 1251 τῆς
2436 1183 2623 1255 κλίνης
2643 1203 2656 1216 ·
2690 1188 2833 1242 ὥστε
2863 1192 3115 1259 γενέσθαι
3165 1196 3308 1266 μέγα
3352 1199 3551 1264 πένθος·
3586 1202 3646 1255 ἐν
3673 1179 3768 1273 ’τῷ

2189 1271 2468 1346 βασιλικῷ.
2520 1273 2688 1331 Εἶπον
2730 1281 2788 1334 δὲ
2831 1285 2879 1336 oi
2927 1283 3168 1354 βασιλεῖς
3214 1289 3352 1359 πρὸς
3405 1271 3764 1362 Ἐπιφάνιονῖ

2191 1362 2510 1436 ΙΙρόσευξαι,
2558 1370 2763 1442 Πάτερ,
2820 1374 2962 1447 ὑπὲρ
3001 1377 3096 1429 τοῦ
3143 1380 3378 1446 παιδίου,
3415 1384 3564 1448 ὅπως
3605 1386 3766 1439 τοῦτο

2183 1454 2394 1526 ἀποδῷς
2419 1454 2596 1520 ζῶντα
2620 1462 2685 1530 τῇ
2716 1464 2884 1534 μητρὶ
2904 1466 3089 1520 αὐτοῦ.
3126 1465 3290 1523 Εἷπεν
3317 1470 3373 1524 δέ
3409 1473 3723 1544 Ἐπιφάνιος
3746 1494 3763 1507 ο

2183 1545 2292 1598 Kal
2319 1548 2602 1602 πιστεύετε
2625 1551 2708 1605 ὅτι
2739 1551 2974 1626 δύναμαι
2999 1557 3158 1612 τοῦτο
3188 1562 3440 1632 ποιῆσαι;
3475 1566 3586 1620 Καὶ
3609 1562 3768 1620 εἶπον

2183 1634 2330 1705 αὐτῷ
2352 1637 2402 1688 oi
2429 1636 2667 1706 βασιλεῖς
2686 1656 2700 1671 ο
2733 1642 3066 1714 Πιστεύομεν
3090 1646 3172 1700 ὅτι
3214 1647 3290 1712 ὼς
3316 1649 3541 1717 ἐδίωξας
3568 1653 3630 1706 τὸ
3661 1655 3766 1708 πά-

2188 1725 2280 1789 θος
2305 1727 2412 1781 ἀπὸ
2438 1729 2536 1800 τῆς
2572 1731 2778 1803 μητρὸς
2805 1733 2899 1788 τοῦ
2920 1736 3152 1801 παιδίου,
3181 1739 3322 1792 οὕτω
3355 1742 3448 1793 καὶ
3472 1743 3532 1796 τὸ
3554 1744 3772 1798 παιδίον

2187 1822 2556 1892 παραστήσεις
2582 1825 2648 1893 τῇ
2685 1825 2853 1896 μητρὶ
2884 1825 3081 1891 ζῶντα.
3114 1825 3281 1883 Εἶπεν
3310 1830 3365 1884 δέ
3393 1831 3574 1897 αὐτοῖς
3608 1833 3764 1888 Ἐπι-

2187 1912 2402 1980 φάνιοςο
2451 1912 2577 1968 Ἐὰν
2613 1915 2820 1988 ἀναστῇ
2850 1919 2879 1971 ό
2905 1919 3017 1982 υίὸς
3055 1919 3157 1990 τῆς
3195 1921 3427 1993 ἀδελφῆς
3459 1923 3632 1995 ὑμῶν,
3665 1944 3762 1980 πι-

2186 2003 2402 2058 στεύετε
2429 2006 2523 2058 καὶ
2553 2005 2877 2076 βαπτίζεσθε
2910 2011 2990 2073 επις
3009 2010 3071 2062 τὸ
3097 2010 3266 2082 ὄνομα
3286 2014 3380 2066 τοῦ
3406 2017 3761 2090 ἐσταυρωμέ-

2183 2111 2305 2159 νου;
2345 2097 2407 2149 Oi
2444 2095 2682 2166 βασιλεῖς
2710 2095 2891 2153 εἷπον
2935 2101 3060 2154 Ἐὰν
3091 2105 3403 2180 ἀναστήσῃς
3438 2107 3530 2162 τὸν
3570 2110 3760 2177 παῖδα,

2182 2187 2342 2256 ἡμεῖς
2355 2187 2716 2259 πιστεύσομεν
2732 2190 2824 2244 καὶ⁸
2836 2190 3228 2263 βαπτισόμεθα.
3248 2195 3499 2266 Ἐγγίσας
3510 2187 3602 2252 οῦν
3616 2201 3763 2256 Ἐπι⁶

2183 2278 2370 2346 φάνιος
2396 2279 2488 2332 ἐπὶ
2535 2279 2635 2351 τῆς
2675 2281 2864 2354 κλίνης
2907 2283 3002 2337 τοῦ
3051 2286 3283 2354 παιδίου,
3317 2291 3410 2343 καὶ
3453 2293 3761 2362 σφραγίσας

2181 2369 2344 2424 αὑτοῦ
2393 2371 2511 2427 ὂλον
2558 2374 2620 2428 τὸ
2669 2375 2846 2446 σῶμα,
2877 2378 2973 2431 καὶ
3018 2381 3452 2451 προσευξάμενος
3481 2382 3560 2454 τῷ
3589 2384 3759 2441 θανα-

2180 2462 2361 2516 τοῦντι
2393 2465 2486 2518 καὶ
2519 2463 2893 2534 ζωογονοῦντι,
2921 2464 3072 2524 εἶπεν
3106 2471 3240 2543 πρὸς
3257 2472 3349 2526 τὸν
3390 2474 3573 2530 παῖδα·
3604 2476 3764 2530 Ἀνά-

2182 2571 2316 2618 στα,
2365 2555 2587 2622 τέκνον,
2641 2559 2700 2612 ἐν
2750 2558 2828 2630 τῷ
2880 2561 3100 2632 ὀνόματι
3154 2563 3326 2634 Ἰησοῦ
3377 2566 3611 2637 Χριστοῦ
3661 2568 3758 2622 τοῦ

2167 2645 2616 2716 ’ἐσταυρωμένου.
2649 2647 2759 2702 Kal
2791 2648 2994 2714 εὐθέως
3038 2651 3066 2703 ὀ
3116 2656 3244 2718 παῖς
3292 2655 3611 2710 ἀνεκάθισεν
3661 2658 3762 2711 ἐπὶ

2177 2737 2276 2807 τῆς
2305 2737 2490 2808 κλίνης
2522 2739 2706 2794 αὐτοῦ.
2741 2739 2872 2794 Τότε
2904 2742 3291 2810 πιστεύσαντες
3315 2748 3364 2800 oi
3392 2748 3650 2818 βασιλεῖς,
3672 2751 3758 2803 ὅτι

2180 2826 2473 2897 ἀνέστησεν
2488 2828 2801 2898 Ἐπιφάνιος
2825 2831 2913 2886 διὰ
2935 2835 3240 2905 προσευχῆς
3259 2835 3350 2889 τὸν
3391 2836 3572 2899 παῖδα,
3609 2855 3756 2908 παρ-

2179 2919 2404 2973 εκάλουν
2438 2921 2601 2975 αὐτὸν
2625 2922 2774 2986 ὅπως
2798 2925 3022 2992 φωτίσει
3055 2925 3267 2990 αύτούς.
3293 2923 3459 2983 Εἶπεν
3482 2928 3542 2992 ,δέ
3571 2929 3758 2987 αὐτοῖς

2192 3009 2535 3080 Ἐπιφάνιος·
2576 3013 2705 3067 Ἰδοὺ
2756 3013 2819 3084 δὴ
2852 3016 2909 3068 ἐν
2942 3017 3106 3069 πᾶσιν
3161 3017 3492 3090 ἀποδέχομαι
3533 3019 3630 3090 τὴν
3668 3020 3756 3072 εύ-

2179 3102 2395 3156 σέσειαν
2422 3103 2596 3173 ὑμῶν,
2641 3105 2776 3159 διότι
2809 3108 2837 3160 ὀ
2860 3106 2993 3170 Θεός
3018 3109 3164 3161 ἐστιν
3191 3111 3218 3163 ὀ
3245 3111 3470 3182 ἐγείρων
3493 3111 3635 3182 ὑμᾶς
3660 3113 3756 3164 ἐπὶ

2174 3194 2354 3248 τοῦτο.
2384 3195 2530 3266 Πλὴν
2560 3197 2689 3267 παρ’
2719 3199 3019 3272 ἐπιτροπὴν
3057 3200 3150 3254 τοῦ
3192 3202 3490 3255 ἐπισκόπου
3533 3202 3756 3274 Ῥώμης

2175 3287 2236 3340 ού
2265 3286 2499 3358 δύναμαι
2523 3288 2680 3342 τοῦτο
2723 3291 2974 3361 ποιῆσαι·
3011 3293 3216 3364 μήποτε
3248 3295 3341 3347 καὶ
3373 3294 3582 3366 λυπηθῇ
3616 3295 3755 3367 πρὸς

2179 3380 2266 3450 μέ.
2303 3381 2367 3433 Οί
2413 3377 2506 3434 οὖν
2545 3380 2784 3451 βασιλεῖς
2828 3382 3027 3446 εὐθέως
3063 3383 3506 3454 μεταστέλλονται
3536 3385 3626 3438 τὸν
3652 3384 3754 3454 τῆς

2187 3473 2474 3542 Ῥωμαίων
2529 3473 2856 3544 Ἐκκλησίας
2898 3475 3228 3535 ἐπίσκοπον,
3285 3475 3373 3528 καὶ
3431 3475 3754 3546 ἐξηγοῦνται

2173 3563 2321 3633 αὐτῷ
2371 3565 2643 3620 πάντα.⁹0
2683 3565 2741 3618 δὲ
2772 3566 3067 3630 ἐπίσκοπος
3095 3567 3262 3638 ἐχάρη
3305 3567 3480 3640 χαρὰν
3509 3568 3754 3638 μεγάλην

2172 3653 2412 3718 ἀκούσας
2452 3655 2602 3728 παρά
2635 3653 2744 3708 τῶν
2780 3655 3045 3726 βασιλέων
3085 3656 3279 3722 ταῦτα,
3314 3657 3407 3710 καὶ
3450 3655 3753 3729 ἐπέτρεψεν

2186 3745 2487 3818 Ἐπιφανίῳ
2517 3745 2775 3817 βαπτίσαι
2807 3747 3023 3811 αὐτούς.

2240 3837 2367 3894 NB".
2418 3838 2507 3902 Ὠς
2535 3838 2592 3892 δὲ
2615 3838 2860 3910 εῖσῆλθον
2888 3840 2944 3892 ἐν
2975 3838 3053 3910 τῷ
3085 3837 3450 3910 φωτιστηρίῳ,
3473 3840 3620 3903 ὅπως
3646 3838 3749 3909 βα-

2171 3929 2464 3984 πτισθῶσιν
2494 3929 2599 3983 ὑπὸ
2627 3931 2960 3998 Ἐπιφανίου,
2994 3930 3086 3983 καὶ⁵
3109 3929 3208 3997 τῆς
3229 3929 3408 4000 πάσης
3428 3929 3748 3992 ἀκολουθίας

2169 4020 2488 4091 γενομένης,
2536 4019 2786 4090 εἰσῆλθεν
2829 4021 3043 4092 πρῶτος
3102 4021 3380 4091 ’Λρκάδιος
3430 4021 3524 4073 καὶ
3572 4036 3744 4092 προσ-

2169 4113 2346 4183 έσχεν·
2375 4113 2472 4166 καὶ·
2499 4113 2606 4167 ἰδοὺ
2629 4115 2776 4184 τρεῖς
2801 4111 2992 4183 ἄνδρες
3012 4111 3204 4174 στολὰς
3232 4111 3431 4174 λευκὰς
3453 4111 3744 4184 φοροῦντες

2169 4204 2548 4275 παρεκράτουν
2594 4204 2684 4258 τὸν
2723 4204 3056 4273 Ἐπιφάνιον,
3090 4203 3186 4257 Eva
3225 4205 3290 4257 ἐκ
3315 4203 3501 4268 δεξιῶν
3531 4203 3624 4256 καὶ
3647 4203 3747 4257 ἕνα

2169 4294 2229 4359 ἐξ
2261 4295 2576 4365 εὐωνύμων,
2608 4294 3002 4348 ἀκολουθοῦντα
3026 4296 3083 4349 δὲ
3115 4295 3204 4347 τὸν
3232 4295 3418 4366 ἓτερον
3445 4295 3620 4348 ὀπίσω
3641 4295 3743 4348 αὖ-

2165 4386 2280 4442 τοῦ.
2308 4387 2421 4440 Kal
2445 4384 2686 4458 ἐφοϐήθη
2713 4385 2876 4456 φόϐον
2911 4387 3294 4458 μέγαν.Ἕγνω
3313 4383 3408 4440 οὖν
3427 4386 3742 4453 Ἐπιφάνιος

2167 4477 2275 4532 ἀπὸ
2300 4479 2393 4532 τοῦ
2422 4477 2711 4551 προσώπου
2737 4479 3044 4550 Ἀρκαδίου,
3077 4479 3166 4532 ὅτι·
3183 4479 3447 4532 ὀπτασίαν
3474 4478 3740 4551 ἑώρακενο

2165 4571 2260 4624 καὶ
2284 4567 2436 4625 εἶπεν
2467 4570 2604 4644 πρὸς
2628 4570 2820 4624 αὐτόν·
2856 4571 3098 4641 Πρόσεχε
3143 4569 3371 4640 σεαυτιῖ),
3405 4570 3616 4634 τέκνον,
3647 4571 3746 4624 καὶ

2164 4663 2256 4717 ἔσο
2282 4663 2584 4732 φυλάττων.
2616 4662 2810 4717 Εἰώθει
2839 4663 2896 4716 δὲ
2918 4663 3236 4731 Ἐπιφάνιος
3273 4663 3378 4726 ἓως
3405 4662 3652 4734 ταραχθῇ
3682 4663 3746 4714 τὸ

2164 4753 2330 4824 ὕδωρ,
2359 4754 2563 4826 μηδένα
2594 4753 2849 4825 ἐμὸαλεῖν
2888 4754 2969 4816 είς
3010 4753 3110 4822 τὴν
3153 4752 3556 4826 κολυμϐήθραν.
3589 4753 3745 4806 Μετὰ

2162 4844 2219 4898 δέ
2263 4844 2324 4897 τὸ
2370 4844 2709 4914 φωτισθῆναι
2737 4843 3040 4914 Ἀρκάδιον,
3091 4843 3406 4914 εἰσήνεγκεν
3442 4843 3536 4895 καὶ
3579 4841 3740 4895 Ὁνώ-

2165 4953 2301 5007 ριον,
2341 4935 2436 4988 καὶ
2458 4934 2556 5006 τὴν
2586 4933 2756 5006 αὐτὴν
2782 4933 3045 4986 ὀπτασίαν
3071 4933 3197 4987 ῖδεν.
3230 4934 3339 4986 Kal
3366 4933 3537 4996 οὕτως
3558 4933 3745 4987 λοιπὸν

2161 5027 2428 5098 κατῆλθεν
2457 5029 2487 5080 ὀ
2510 5026 2623 5089 υίὸς
2646 5026 2746 5097 τῆς
2771 5025 3003 5096 ἀδελφῆς
3023 5025 3221 5078 αὐτῶν.
3243 5026 3351 5078 Καὶ
3365 5024 3506 5096 αῦτη
3533 5029 3565 5096 ὴ
3588 5026 3743 5079 ἀδελ-

2165 5119 2240 5191 φὴ
2299 5119 2477 5174 αὐτῶν
2515 5118 2844 5191 Προκλιανὴ,
2873 5119 2996 5188 ἥτις
3023 5115 3092 5189 ἦν
3125 5118 3243 5182 ἐνὸς
3285 5118 3394 5172 τῶν
3439 5117 3744 5188 πατρικίων

2159 5212 2318 5281 γυνή.
2352 5209 2506 5264 Μετά
2528 5211 2584 5264 δὲ
2604 5192 2669 5262 τό
2686 5209 3044 5280 βαπτισθῆναι
3069 5211 3289 5274 αὐτοὺς,
3317 5210 3570 5279 ἐποίησεν
3591 5209 3742 5262 Ἐπιπ-

2160 5302 2348 5372 φάνιος
2374 5302 2473 5363 τὰς
2513 5301 2556 5365 ζ’
2592 5302 2802 5373 ἡμέρας
2830 5303 2951 5373 μετ’
2983 5301 3180 5363 αὐτῶν,
3223 5301 3488 5354 διδάσκων
3521 5301 3738 5365 αὐτούς.

2166 5395 2277 5448 Καὶ
2302 5393 2437 5464 μετὰ
2465 5394 2526 5447 τὸ
2559 5394 2780 5458 ἀλλάξαι
2812 5395 3010 5458 αὐτοὺς
3037 5394 3136 5458 τὰς
3180 5394 3542 5462 νεοφωτίστας
3580 5393 3740 5463 ἐσθῆ-

2157 5503 2279 5550 τας,
2316 5483 2469 5539 εἶπεν
2499 5488 2817 5557 Ἐπιφάνιος
2844 5491 2954 5550 τοῖς
2978 5487 3101 5541 δυσὶ
3131 5487 3440 5557 βασιλεῦσιν
3458 5503 3473 5518 ⁸
3508 5487 3737 5549 Μένετε,

2159 5578 2311 5649 φησὶ,
2344 5578 2551 5644 τέκνον,
2577 5582 2634 5632 ἐν
2665 5580 3013 5632 καταστάσει.
3041 5578 3218 5642 Λύκος
3241 5579 3350 5650 γὰρ
3375 5578 3528 5650 ὑμῶν
3555 5577 3737 5634 οὐκέτι

2159 5670 2435 5741 κυριεύσει
2457 5688 2470 5702 ³
2500 5669 2713 5742 ἀπέδρα
2745 5671 2926 5741 ὀδύνη,
2957 5671 3050 5724 καὶ
3085 5670 3251 5741 λύπη,
3273 5671 3365 5725 καὶ
3396 5669 3694 5739 στεναγμός
3719 5686 3734 5700 ·

2157 5759 2356 5818 ἔσεσθέ
2391 5765 2744 5838 προσέχοντες
2776 5767 2839 5836 τῇ
2874 5763 3185 5824 ἀναστάσει.
3215 5752 3323 5817 καῖ’
3362 5763 3434 5835 μὴ
3479 5760 3734 5816 λυπεῖσθε
