4058 6432
1371 215 1415 230 μ..

323 340 393 395 se
1134 290 1147 305 ’
1632 329 1688 387 s.
1725 324 1928 386 EPiPli

2033 326 2068 382 ll
2110 327 2296 390 VITA.
3539 330 3614 389 90

338 461 428 513 ἰπὶ
474 458 584 520 τοῖς
641 454 1027 528 ἐξερχομένοις
1073 451 1181 507 ἀπὸ
1222 448 1372 505 τοῦδε
1423 447 1515 502 τοῦ
1546 446 1697 518 βίου·
1733 447 1784 500 oi.
1815 444 1927 515 γὰρ

2033 444 2312 512 phanius:
2360 445 2571 503 Maneto
2603 446 2880 517 deinceps,
2932 459 2969 502 o
3017 446 3145 512 lilii,
3198 446 3343 502 bono
3399 441 3609 504 animo.

340 545 557 620 Χριστῷ
590 544 992 606 πιστεύσαντες
1016 540 1246 613 Χριστὸν
1274 536 1610 599 ὲνεδύσαντο,
1640 535 1732 588 καὶ
1766 533 1927 587 αὑτὸν

346 637 533 710 βοηθὸν
550 634 793 707 1ιέχιιιυσιν.
813 632 1014 688 Μέλλει
1039 630 1169 702 γὰρ,
1182 622 1359 701 ’φησὶν
1373 625 1470 699 (α),
1491 625 1552 679 τὸ
1575 625 1707 678 ποτὲ
1720 622 1928 678 ἀποθα-

343 730 503 786 adma
530 728 625 781 καὶ
655 724 988 789 ἀναστάντα,
1012 721 1243 776 λαϐόντα
1289 721 1390 792 τὴν
1420 718 1600 790 χάριν,
1630 713 1925 770 ἀπελεύσε-

346 821 469 874 σθαι
507 816 645 889 πρὸς
688 816 781 870 τὸν
830 815 1077 886 Σωτῆρας
1112 811 1208 866 καὶ
1238 810 1465 882 δψεσθαι
1507 807 1669 861 αὑτὸν
1713 807 1772 860 ὲν
1797 803 1927 876 δόξῃ

344 909 561 983 μεγάλῃ
587 906 1075 979 παρακαλούμενον
1101 902 1192 957 ὑπ’
1217 900 1485 971 ἀγγέλων.
1507 900 1588 971 Τῇ
1616 892 1710 952 οὖν
1729 895 1922 956 ἕωθεν,

344 1002 422 1064 ὡς
451 998 522 1073 ἦν
549 1001 868 1068 Ἐπιφάνιος
897 1000 955 1051 ὲν
983 995 1063 1067 τῷ
1100 992 1371 1066 βασιλικῷ
1394 990 1626 1062 ταιμιείῳ
1657 988 1923 1044 διδάσκων

343 1094 473 1156 τοὺς
504 1091 765 1162 βασιλεῖς,
813 1088 1006 1143 εὐωδία
1037 1104 1121 1150 τις
1152 1085 1364 1156 ἐγένετο
1392 1084 1452 1137 ὲν
1483 1082 1562 1153 τῷ
1610 1081 1760 1150 μέσῳ
1789 1078 1925 1133 πάνυ

346 1200 457 1238 των
502 1183 681 1254 ἡμῶν.
728 1178 895 1236 Εἶπεν
939 1180 997 1234 δὲ
1049 1178 1367 1247 Ἑπιφάνιος
1412 1176 1526 1237 τοῖς
1574 1170 1881 1244 βασιλεῦσιν
1905 1186 1919 1201 ο

345 1269 729 1333 ’Δναστάντες,
755 1269 939 1339 φησὶν,
989 1263 1236 1330 εὖξασθε,
1266 1264 1370 1318 υἱοὶ
1403 1262 1500 1315 τοῦ
1534 1256 1844 1332 φωτός.*Ην
1867 1258 1924 1313 δὲ

344 1362 410 1415 τὸ
435 1361 649 1414 παιδίον
677 1358 1070 1430 κατακείμενον
1097 1355 1191 1409 ἐπὶ
1236 1354 1338 1425 τῆς
1380 1353 1571 1425 κλίνης
1590 1369 1603 1382 ο
1636 1352 1732 1407 καὶ
1764 1351 1922 1421 ποιή-

350 1469 544 1515 σαντος
575 1451 895 1520 Ἐπιφανίου
917 1450 1016 1521 τὴν
1046 1446 1232 1518 εὐχὴν,
1261 1446 1500 1518 ἥκουσαν
1529 1444 1730 1506 πάντες
1768 1445 1818 1497 oi
1864 1443 1923 1496 ὲν

344 1541 426 1613 τῷ
458 1541 720 1612 βασιλικῷ
753 1540 985 1611 ταμιείῳ
1030 1538 1105 1601 ὡς
1134 1536 1293 1607 δχλου
1326 1532 1523 1587 πολλοῦ
1569 1531 1819 1601 λέγοντος
1861 1529 1923 1583 τὸ

345 1633 525 1704 Ἀμήν
544 1649 559 1664 ο
586 1632 678 1684 καὶ
708 1631 771 1686 τὸ
794 1629 1073 1701 παιδάριον
1101 1626 1304 1690 εὐθέως
1334 1624 1648 1697 παρέδωκεν
1674 1623 1735 1677 τὸ
1762 1622 1925 1678 πνεῦ-

351 1741 447 1794 μα.
478 1722 806 1793 Ἐμείναμεν
862 1720 918 1775 δὲ
970 1717 1213 1773 ἐνιαυτὸν
1245 1715 1365 1775 ὅλον
1408 1717 1466 1770 έν
1502 1712 1712 1786 Ῥώμῃι
1744 1712 1921 1769 Πολλὰ

2034 532 2224 605 Lupus
2245 535 2391 590 enim
2423 535 2491 589 ad
2528 551 2628 591 vos
2667 551 2776 591 non
2813 535 3058 591 accedet.
3102 534 3250 590 Abiit
3302 535 3504 598 luctus,
3559 545 3614 590 et
3693 564 3701 572 ο

2033 622 2211 689 dolor,
2244 631 2301 678 ct
2346 624 2602 695 gemitus.
2655 622 2985 694 Exspectate
3035 624 3517 691 resurrectionem,
3561 635 3612 681 et

2034 715 2204 770 nolite
2224 715 2364 771 allici
2413 716 2632 774 tristitia
2679 716 2751 773 ob
2794 732 2912 782 eos,
2945 716 3041 788 qui
3067 706 3135 771 ex
3180 716 3284 772 hac
3311 715 3423 771 vita
3451 731 3613 773 cxce—

2031 807 2171 864 dunt
2217 829 2230 865 :
2271 808 2552 863 Christum
2592 808 2738 865 enim
2789 808 3072 875 habentes,
3122 810 3397 865 Christum
3425 811 3611 866 indue-

2041 907 2195 953 runt.
2231 896 2375 953 Puer
2405 898 2573 966 enim,
2633 898 2728 969 qui
2762 897 2879 954 fuit
2912 899 3210 968 aliquando
3248 908 3520 968 mortuus,
3556 908 3612 958 et

2031 990 2350 1054 resurrexit,
2379 990 2494 1060 jam
2527 1000 2750 1060 accepta
2783 991 2957 1061 gratia
2996 992 3175 1046 iturus
3207 1003 3290 1048 cst
3321 993 3386 1048 ad
3417 992 3613 1048 Salva-

2034 1091 2225 1139 torem.
2268 1082 2535 1137 Videbitis
2560 1082 2783 1152 angelos
2811 1097 2938 1136 eum
2966 1081 3019 1135 in
3056 1097 3251 1153 magna
3280 1083 3452 1154 gloria
3477 1098 3611 1139 eon-

2032 1172 2219 1227 solari.
2248 1171 2413 1228 Mane
2431 1187 2581 1244 ergo,
2624 1187 2748 1228 cum
2777 1182 2923 1228 esset
2949 1173 3285 1243 Epiphanius
3312 1159 3517 1231 docens
3554 1174 3617 1229 in

2031 1258 2155 1312 aula
2201 1258 2615 1337 imperatorum,
2668 1259 2844 1314 oritur
2890 1261 3112 1330 quidam
3160 1263 3345 1318 suavis
3377 1262 3514 1318 odor
3551 1265 3615 1319 in

2032 1349 2213 1405 medio
2256 1351 2523 1406 omnium.
2575 1351 2718 1406 Dixit
2754 1360 2935 1406 autem
2990 1353 3326 1422 Epiphanius
3369 1354 3609 1425 impera-

2032 1442 2288 1497 toribus:
2325 1442 2562 1512 Surgite,
2593 1451 2766 1509 orate,
2813 1444 2909 1498 lilii
2945 1444 3104 1499 lucis.
3153 1442 3377 1500 Jacebat
3427 1454 3615 1503 autem

2033 1546 2167 1601 puer
2192 1532 2245 1587 in
2271 1532 2433 1589 lecto.
2469 1534 2606 1590 Cum
2641 1545 2825 1591 autem
2868 1534 3204 1606 Epiphanius
3245 1535 3460 1592 iecisset
3488 1554 3606 1594 nra-

2032 1623 2232 1679 tionem
2259 1663 2276 1689 ,
2324 1624 2617 1681 audierunt
2647 1612 2861 1691 omnes,
2888 1627 2983 1697 qui
3014 1637 3174 1685 erant
3207 1628 3262 1682 in
3291 1628 3415 1684 aula
3441 1629 3616 1698 regia,

2032 1716 2195 1771 veluti
2225 1717 2630 1773 multitudinem
2660 1719 2953 1789 quamdam
2981 1720 3274 1785 dicentem,
3302 1721 3499 1777 Amen.
3530 1720 3598 1774 Et

344 1816 405 1869 δὲ
438 1815 536 1869 καὶ
566 1814 702 1868 ἄλλα
743 1812 1003 1884 ἐποίησεν.
1030 1814 1065 1866 ο
1086 1808 1403 1878 Ἐπιφάνιος
1444 1809 1645 1879 σημεῖα
1686 1806 1783 1861 ἐπὶ
1821 1805 1923 1876 τῆς

2033 1822 2164 1876 puer
2190 1807 2374 1864 statim
2401 1809 2624 1865 tradidit
2648 1811 2925 1880 spiritum.
2961 1811 3410 1867 Haesimus-vero
3433 1827 3604 1867 unum

356 1905 599 1976 Ῥώμης.
616 1905 705 1968 Ὠς
734 1903 792 1956 δὲ
819 1901 1033 1973 ἔκρινεν
1061 1894 1374 1970 Ἐπιφάνιος
1397 1892 1659 1951 ἀποπλεῖν
1687 1896 1834 1968 ἡμᾶς
1866 1897 1923 1950 ὲν

344 1998 413 2067 τῇ
449 1994 534 2049 Κύ
545 1980 682 2066 ἕτρῳ,
717 1989 869 2046 εἷπον
895 1994 945 2045 oi
973 1991 1232 2062 βασιλεῖς,
1261 1990 1399 2062 πρὸς
1425 1987 1741 2057 Ἐπιφάνιον
1763 2004 1777 2018 ο
1808 1985 1921 2040 Λά-

346 2086 431 2151 ϐε,
486 2086 669 2156 φησιν,
721 2078 769 2138 ὦ
816 2084 1018 2153 Πάτερ,
1063 2083 1162 2153 τὴν
1208 2081 1398 2153 χρείαν
1434 2079 1534 2149 τῆς
1574 2076 1923 2149 Ἐκκλησίας,

343 2180 497 2242 ὅπως
522 2177 782 2249 παρέχεις
804 2178 917 2239 τοῖς
944 2173 1237 2245 δεομένοις.
1266 2166 1436 2225 Εἶπεν
1478 2170 1535 2225 δὲ
1561 2169 1744 2233 αὐτοῖς
1773 2167 1927 2221 Ἐπι-

342 2269 572 2340 φάνιος·
612 2270 831 2339 Ὑμεῖς,
866 2267 1051 2330 τέκνα,
1088 2267 1287 2319 ποιεῖτε
1327 2263 1357 2317 ὃ
1392 2261 1742 2320 ἀπαιτεῖσθε·
1770 2258 1927 2328 κάγὼ

343 2362 520 2432 χαίρω
544 2361 637 2415 ἐπὶ
661 2362 727 2432 τῇ
752 2358 908 2431 ὑμῶν
935 2351 1196 2411 ἐπιδόσει.
1218 2353 1374 2426 Ἐμοὶ
1397 2352 1454 2407 δὲ
1488 2351 1654 2425 βάρος
1688 2349 1769 2425 μὴ¹
1786 2366 1928 2421 παρ-

344 2450 596 2521 ἐχετε.⁹0
625 2449 732 2521 γὰρ
760 2449 893 2512 Θεός
922 2466 1024 2520 μου
1062 2448 1195 2501 πᾶσι
1221 2445 1398 2501 πάντα
1427 2444 1677 2517 παρέχει,
1710 2442 1926 2514 διατρέ-

344 2560 462 2612 φων
487 2542 694 2605 πάντας
724 2543 783 2595 ὲν
806 2540 944 2611 τῷδε
969 2537 1045 2610 τῇ.»
1081 2537 1489 2609 βίῳ.Ἥνεγκαν
1523 2535 1581 2589 δὲ
1607 2535 1657 2587 οί
1689 2532 1928 2605 βασιλεῖς

228 2626 237 2633 ’
344 2635 483 2689 πολὺ
520 2634 768 2705 χρυσίον·
803 2633 900 2687 καὶ
925 2631 1025 2685 οὐκ
1054 2629 1271 2696 ἐδέξατο
1297 2626 1614 2697 Ἐπιφᾶνιος
1639 2624 1698 2692 eg
1721 2623 1928 2689 αὐτῶν;

343 2725 482 2780 ἀλλὰ
514 2726 710 2795 ἄρτους
751 2723 965 2792 ὀλίγους
1006 2721 1165 2792 μόνον
1189 2716 1342 2774 εἶπεν
1369 2719 1544 2773 ἐλθεῖν
1573 2721 1655 2783 είς
1689 2710 1927 2790 μετάληέ

343 2823 439 2891 ψιν
461 2821 616 2893 ἡμῶν
641 2822 700 2874 ὲν
723 2818 801 2891 τῷ
825 2818 1012 2889 πλοίῳ.
1036 2815 1375 2887 Ἀπάραντες
1403 2812 1498 2869 οὖν
1521 2814 1631 2868 ἀπὸ
1655 2814 1757 2885 τῆς
1792 2813 1929 2868 Ῥῶ·

347 2931 458 2985 μης
500 2912 673 2976 οὕτως
705 2913 1122 2981 κατηντήσαμεν
1145 2906 1232 2962 διὰ
1264 2914 1315 2978 μ’
1342 2906 1566 2978 ἡμερῶν
1604 2907 1662 2959 ὲν
1692 2905 1928 2975 Κύπρῳ,

343 3006 441 3061 καὶ
468 3004 714 3071 ἐδέξαντο
747 3004 896 3077 ἡμᾶς
920 3005 969 3057 oi
998 3000 1219 3071 ἀδελφοὶ
1250 2999 1387 3072 μετὰ
1414 2999 1590 3070 χαρᾶς
1626 2997 1890 3070 μεγάλης.

2029 1911 2233 1951 annum
2270 1896 2475 1954 Romae.
2506 1899 2677 1954 Multa
2708 1909 2890 1956 autem
2928 1899 3038 1954 alia
3067 1915 3287 1971 quoque
3316 1899 3504 1957 Romae
3526 1901 3612 1957 l'e-

2028 1988 2103 2042 cit
2149 1985 2509 2059 Epiphanius.
2551 1989 2847 2062 Postquam
2897 2005 3028 2046 vero
3068 1992 3310 2048 decrevit
3353 1995 3617 2066 navigare

2030 2080 2082 2133 iu
2110 2076 2372 2148 Cyprum,
2427 2080 2787 2151 imperatores
2826 2081 3081 2135 dixerunt
3115 2080 3461 2152 Epiphanio:
3504 2085 3617 2140 Ac-

2027 2159 2169 2229 cipe,
2209 2160 2389 2226 Pater,
2422 2162 2474 2218 id
2508 2163 2657 2232 quod
2684 2173 2767 2219 est
2790 2165 2915 2219 usui
2951 2162 3229 2230 Ecclesiae,
3264 2175 3323 2221 ut
3363 2167 3619 2238 praabcas

2030 2251 2418 2321 indigentibus.
2459 2251 2604 2307 Dixit
2647 2261 2829 2308 autem
2881 2252 3221 2324 Epiphanius
3270 2255 3613 2327 imperatori-

2022 2343 2134 2397 ‘bus
2164 2361 2176 2396 :
2209 2341 2339 2408 Vos,
2376 2342 2469 2397 lilii
2491 2383 2505 2409 ,
2540 2342 2699 2399 facite
2727 2345 2778 2399 id
2828 2345 2974 2415 quod
3019 2361 3046 2400 a
3074 2346 3231 2402 vobis
3264 2350 3570 2418 postulatur
3595 2370 3635 2406 :-

2030 2442 2082 2484 et
2113 2431 2323 2501 gaudeo
2370 2432 2439 2487 de
2470 2440 2651 2488 vestro
2686 2434 3044 2491 incremento.
3097 2435 3250 2504 Quid
3290 2453 3418 2495 vero
3470 2426 3613 2494 mihi

2032 2537 2173 2577 onus
2205 2523 2494 2593 praebetis?
2541 2523 2862 2594 Suppeditat
2900 2527 3035 2582 mihi
3080 2526 3248 2595 Deus,
3283 2531 3377 2600 qui
3419 2546 3615 2588 omnes

2032 2615 2128 2669 alit
2157 2616 2211 2669 in
2248 2617 2350 2672 hac
2375 2616 2505 2671 vita.
2542 2614 2870 2672 Obtulerunt
2910 2633 3043 2689 ergo
3078 2620 3437 2690 imperatores
3475 2625 3616 2678 mul-

2032 2715 2146 2761 tum
2190 2707 2333 2762 auri.
2391 2706 2497 2763 Sed
2554 2708 2692 2763 nihil
2740 2710 2952 2780 accepit
3000 2710 3360 2781 Epiphanius,
3421 2723 3615 2784 praeter

2030 2812 2234 2867 paucos
2263 2813 2451 2867 panes,
2486 2807 2547 2853 ut
2569 2814 2670 2855 nos
2702 2814 2895 2856 omnes
2929 2800 2998 2857 iis
3026 2801 3084 2856 in
3109 2804 3333 2874 navigio
3352 2818 3604 2861 vescere-

2031 2904 2176 2942 mur.
2208 2887 2384 2944 Roma
2412 2899 2593 2945 autem
2621 2889 2875 2960 profecti,
2901 2892 3254 2960 pervenimus
3284 2894 3338 2948 in
3372 2893 3612 2966 Cyprum

2034 2976 2400 3047 quadraginta
2431 2977 2647 3047 diebus,
2679 2988 2734 3034 et
2762 2994 2865 3035 nos
2893 2981 3463 3050 susceperuutl‘ratres
3489 3000 3613 3040 cum

2034 3082 2239 3136 magno.
2270 3067 2498 3138 gaudio.

415 3156 540 3212 NI".
584 3153 745 3218 Ἔθος
786 3152 844 3206 δὲ
889 3148 956 3225 ἢν
992 3120 1291 3221 Ἐπιφανίιρ
1326 3145 1658 3237 ὲίξέρχεειέθαιΔ
1698 3145 1798 3210 τὰς
1835 3144 1928 3237 vii-

2104 3120 2238 3212 13m.
2270 3120 2404 3215 vMos
2427 3168 2607 3216 autem
2636 3168 2755 3216 erat
2787 3160 3093 3232 Epiphanio
3126 3173 3299 3219 noctu
3323 3165 3532 3237 ingredi
3560 3168 3621 3222 in

344 3264 485 3310 κτας
532 3248 590 3300 ὲν
636 3247 747 3309 τοῖς
795 3241 1212 3315 κοιμητηρίοις,
1264 3238 1395 3294 ἔνθα
1438 3236 1510 3291 τὰ
1548 3234 1778 3306 λείψανα
1819 3233 1928 3288 τῶν

346 3339 521 3407 ἁγίων
569 3336 860 3408 μαρτύρων
908 3332 1283 3394 κατάκεινται,
1312 3329 1407 3384 καὶ
1456 3326 1801 3400 παρακαλεῖν
1837 3324 1929 3379 τὸν

308 3490 323 3495 ἡ
345 3431 484 3485 Θεὸν
528 3429 656 3499 napi.
698 3426 817 3491 ἐνὸς
865 3426 1098 3480 ἑκάστου
1127 3423 1236 3477 τῶν
1267 3419 1842 3491 θλιϐομένων.Ὦσπερ
1870 3417 1928 3470 δὲ

346 3522 503 3593 φίλος
544 3519 696 3591 φίλον
742 3516 1099 3591 παρακαλῶν,
1131 3514 1261 3587 περὶ
1285 3506 1346 3567 οὗ
1376 3511 1707 3585 παρακαλεῖ,
1736 3509 1926 3564 τούτου

345 3615 633 3686 τυγχάνειο
659 3612 829 3675 οὕτως
849 3612 943 3665 καὶ
974 3611 1003 3664 ὁ
1026 3606 1162 3672 Θεὸς
1184 3606 1253 3660 τὰ
1276 3606 1559 3677 αἰτήματα
1587 3603 1752 3659 αὐτοῦ
1786 3620 1929 3676 παρ-

348 3710 494 3779 εῖχεν
520 3704 687 3777 αὐτῷ.
716 3703 856 3758 Ποτὲ
880 3700 1011 3772 γοῦν
1038 3698 1201 3770 λιμοῦ
1235 3697 1472 3771 μεγάλου
1506 3695 1931 3768 γενομένου,κα“ι

352 3799 429 3871 μὴ
458 3796 859 3875 εὑρισκομένων
887 3793 1069 3866 ἄρτων
1095 3791 1189 3852 ἐπὶ
1214 3790 1316 3861 τῆς
1343 3790 1572 3862 ἀγορᾶς,
1603 3784 1672 3860 ἦν
1703 3788 1932 3843 Φαυστι-

347 3892 530 3958 νιανὸς
575 3893 605 3945 ὸ
646 3891 990 3960 ἄσπλαγχνος
1020 3886 1202 3949 arma;
1244 3882 1473 3948 πρλλοὺς
1519 3883 1750 3954 μεστοὺς
1782 3880 1928 3934 σίτου

350 3987 449 4041 καὶ
488 3984 683 4059 κριθῆς
725 3979 1167 4054 ὴσφαλισμένους
1193 3976 1355 4049 ἔχων.
1387 3967 1558 4039 Οὗτος
1605 3973 1664 4027 δὲ
1709 3972 1931 4044 χρυσίον

348 4078 664 4150 λαμϐάνων,
694 4074 954 4147 παρεῖχεν
981 4071 1195 4140 ἑκάστῳ
1220 4069 1328 4123 τῶν
1357 4067 1626 4138 δεομένων
1662 4067 1811 4134 τρεῖς
1842 4081 1933 4135 μο-

348 4171 496 4233 δίους
519 4168 613 4223 τοῦ
639 4167 993 4239 νομίσματος.
1019 4165 1131 4217 Καὶ
1156 4158 1225 4235 ἦν
1261 4159 1431 4230 πολλὴ
1465 4158 1724 4221 στένωσις
1769 4155 1826 4208 ὲν
1863 4157 1929 4226 τῇ

350 4262 524 4315 πόλει.
555 4256 719 4314 Εἶπεν
747 4258 806 4312 δὲ
835 4255 1153 4326 Ἐπιφάνιος
1199 4252 1337 4325 πρὸς
1382 4247 1797 4304 Φαυστινιανόνο
1833 4246 1932 4309 Δός

354 4371 471 4425 μοι,
502 4353 687 4423 φησιν,
728 4345 777 4406 ὦ
809 4348 1075 4422 βέλτιστε,
1122 4347 1269 4399 σῖτον
1312 4341 1449 4415 πρὸς
1481 4339 1777 4411 διατροφὴν
1820 4336 1930 4391 τῶν
1967 4349 1973 4355 ·

350 4443 681 4516 ἀνθρώπων
739 4440 896 4511 κάγὼ
949 4437 1216 4494 ἀποδώσω
1268 4453 1351 4489 σοι
1400 4434 1464 4488 τὸ
1519 4432 1691 4510 χρέος.
1725 4429 1931 4484 τούτων

2034 3252 2371 3319 coemeteria,
2405 3254 2499 3309 ubi
2531 3253 2652 3310 sitae
2683 3266 2812 3310 sunt
2837 3255 3083 3325 reliquiae.
3113 3267 3428 3312 sanctorum
3478 3276 3616 3315 mar-

2037 3347 2239 3411 tyrum,
2272 3349 2327 3395 et
2358 3355 2555 3411 rogare
2597 3340 2765 3396 Deum
2795 3358 2899 3412 pro
2919 3358 3248 3414 unoquoque
3278 3360 3492 3413 eorum,
3521 3350 3615 3418 qui

2035 3432 2434 3503 allligebantur.
2480 3432 2546 3488 Et
2581 3434 2857 3505 quomodo
2915 3435 3095 3491 bonus
3151 3436 3363 3494 amicus
3410 3439 3614 3495 bonum

2036 3525 2276 3580 amicum
2307 3540 2530 3596 rogans,
2586 3541 2696 3581 non
2735 3524 3025 3582 fraudatur
3048 3543 3116 3583 eo
3146 3530 3293 3599 quod
3329 3530 3500 3599 petit:
3544 3534 3615 3585 ita

2038 3618 2083 3674 si
2116 3620 2337 3688 quando
2363 3618 2410 3674 is
2444 3634 2476 3674 a
2504 3618 2613 3675 Deo
2637 3620 2841 3689 aliquid
2873 3618 3138 3690 petiisset,
3170 3621 3403 3691 praebuit
3427 3621 3476 3676 ei
3499 3638 3615 3676 omo

2039 3725 2137 3766 nes
2164 3711 2475 3780 petitiones.
2507 3710 2818 3782 Aliquando
2851 3712 3070 3783 quidem
3097 3728 3221 3767 cum
3248 3722 3395 3769 esset
3422 3729 3615 3785 magna

2037 3801 2233 3869 fames,
2262 3811 2317 3858 et
2341 3804 2498 3872 panis
2544 3819 2652 3859 non
2699 3804 2985 3862 aﬂerretur
3027 3804 3081 3860 in
3107 3804 3310 3873 forum,
3338 3817 3456 3863 erat
3493 3807 3616 3876 qui-

2037 3895 2161 3950 dam
2193 3895 2581 3953 Faustinianus
2609 3897 3133 3969 immisericors,qui
3166 3899 3366 3955 multas
3389 3899 3618 3954 habebat

2036 3985 2230 4042 domos
2264 3987 2505 4054 clausas,
2548 3988 2738 4059 plenas
2783 3991 2987 4045 hordeo
3018 3998 3074 4045 et
3120 3989 3412 4045 frumento.
3445 3989 3494 4046 Is
3529 4005 3630 4045 ac-

2037 4074 2245 4144 cipiens
2288 4091 2505 4143 aurum,
2559 4077 2724 4132 dabat
2770 4077 2993 4132 volenti.
3050 4078 3225 4133 Dabat
3285 4087 3466 4133 autem
3521 4096 3617 4150 pro

2039 4180 2265 4220 nummo
2297 4173 2410 4219 tres
2441 4180 2754 4232 mensuras,
2788 4168 2883 4238 qui
2912 4176 3177 4223 vocantur
3205 4169 3393 4224 modii.
3424 4171 3626 4226 Erant-
3696 4184 3699 4191 '

2038 4269 2146 4324 que
2186 4270 2397 4326 magna:
2442 4256 2712 4327 angustiae
2746 4257 2800 4311 in
2840 4258 3091 4314 ‘civitate.
3129 4259 3276 4314 Dixit
3322 4276 3453 4332 ergo
3494 4262 3616 4331 Epi-

2037 4346 2275 4418 phanius
2296 4344 2655 4402 Faustiuiauo
2683 4366 2695 4402 :
2746 4346 2825 4403 Da
2854 4349 3014 4415 mihi,
3053 4364 3088 4405 o
3111 4353 3336 4420 optime,
3373 4349 3615 4407 frumen—

2040 4448 2153 4495 tum
2187 4439 2255 4495 a'd
2286 4439 2513 4495 alendos
2548 4440 2823 4510 homines,
2861 4450 2919 4497 et
2951 4458 2983 4497 a
3014 4457 3103 4497 me
3144 4442 3381 4512 accipies
3421 4444 3615 4499 horum

352 4507 626 4593 ἁπάντων.
643 4536 702 4589 Ὀ
736 4534 792 4589 δὲ
826 4507 1180 4603 ’ἄσπλαγχνος
1226 4524 1614 4587 Φαυστινιανὸς
1659 4507 1928 4587 τοιούτους

2038 4530 2283 4584 omnium
2306 4529 2570 4585 debitum.
2601 4507 2996 4588 immisericors
3028 4542 3215 4588 autem
3265 4507 3320 4589 et
3351 4533 3616 4592 barbarus

355 4631 547 4698 λόγους
589 4626 766 4696 λέγειν
811 4624 1015 4697 ἤρξατο
1059 4620 1393 4693 Ἐπιφανίιμο
1444 4615 1702 4681 Ἀπελθε,
1752 4614 1888 4688 φησὶ
1915 4655 1932 4679 ,

351 4719 737 4791 παρακάλεσον
770 4717 862 4772 τὸν
893 4716 1048 4782 Θεὸν,
1075 4714 1134 4769 ὃν
1164 4715 1229 4769 σὺ
1261 4712 1420 4806 σέϐῃ,
1455 4712 1552 4767 καὶ
1583 4709 1812 4782 παρέξει
1852 4726 1933 4763 σοι

352 4815 501 4866 σῖτον
525 4811 661 4884 πρὸς
687 4806 984 4881 διατροφὴν
1025 4805 1136 4860 τῶν
1181 4804 1289 4863 σῶν
1307 4801 1515 4876 ’φίλων.
1533 4803 1593 4859 ὐ
1622 4801 1752 4872 γοῦν
1784 4802 1936 4855 Ἐπι-

349 4902 544 4973 φάνιος
587 4898 814 4967 ἐξελθὼν
866 4900 925 4951 ὲν
978 4897 1079 4969 μιᾷ
1125 4895 1280 4950 νυκτὶ
1311 4896 1370 4949 ὲν
1401 4897 1516 4958 τοῖς
1556 4892 1935 4965 κοιμητηρίοις

352 4995 655 5067 παρεκάλει
696 4993 788 5046 τὸν
829 4991 961 5045 Θεὸν
1003 4989 1099 5043 ἐπὶ
1145 4988 1207 5042 τὸ
1246 4986 1533 5061 διαθρέψαι
1564 4986 1775 5050 πάντας
1809 4985 1937 5048 τοὺς

349 5084 725 5155 πενομένους.
764 5077 874 5134 Ἦν
927 5079 992 5134 δὲ’
1032 5078 1161 5143 ναὸς
1210 5078 1419 5142 ἐκεῖνος
1477 5078 1725 5159 ἀρχαῖος,
1786 5077 1935 5141 ὅστις

348 5175 598 5230 ἐκαλεῖτο
629 5174 749 5238 Διὸς
775 5171 1101 5242 Ἀσφάλεια·
1129 5169 1302 5240 τούτῳ
1329 5168 1387 5222 δὲ
1428 5167 1509 5238 τῷ
1550 5166 1665 5238 ναῷ
1711 5168 1765 5221 εί
1805 5184 1937 5221 ποτε

345 5264 583 5339 ἧγγισέν
609 5282 693 5330 τις
718 5263 830 5318 τῶν
858 5261 1182 5333 ἀνθρώπων,
1220 5261 1437 5330 ἐλέγετο
1469 5259 1673 5323 εὐθέως
1701 5258 1806 5312 ὑπὸ
1840 5258 1937 5313 θα-

348 5359 514 5412 νάτου
558 5351 1059 5427 λαμϐάνεσθαι.Ὠς
1100 5345 1195 5405 οὗν
1243 5344 1311 5422 ἦν
1338 5348 1655 5418 Ἐπιφάνιος
1682 5347 1936 5419 δεόμενος

347 5448 445 5503 τοῦ
489 5446 625 5502 Θεοῦ
656 5446 798 5517 ὑπὲρ
842 5442 953 5497 τῶν
1002 5441 1352 5513 θλιϐομένων,
1388 5438 1542 5511 φωνὴ
1584 5438 1750 5494 αὐτοῦ
1784 5438 1938 5508 γέγο-

347 5557 470 5596 νεν’
503 5537 816 5609 Ἐπιφάνιε,
849 5535 1005 5625 (μησὶ,
1035 5534 1112 5606 μὴ
1144 5531 1520 5604 ταραχοῇς.ὐ
1544 5531 1602 5584 δὲ
1632 5531 1797 5603 φησίν
1819 5548 1831 5562 ·
1866 5533 1932 5587 Τί

2034 4632 2091 4677 et
2121 4608 2420 4679 sceleratus
2461 4621 2999 4685 Faustiniauus.ha3c
3031 4627 3194 4681 verba
3223 4626 3361 4681 dixit
3382 4625 3614 4698 Epipha-

2037 4712 2175 4767 nio:
2217 4711 2367 4784 Roga
2424 4710 2648 4776 Jesum.
2693 4730 2859 4786 quem
2904 4714 3061 4779 colis,
3109 4725 3165 4771 et
3214 4718 3474 4786 prmbebit
3520 4717 3614 4772 tibi

2038 4803 2369 4860 frumentum
2420 4805 2488 4860 ad
2550 4804 2780 4862 alendos
2832 4815 2958 4862 tuos
3011 4807 3238 4863 amicos.
3280 4806 3616 4877 Epiphanius

2037 4893 2221 4963 itaque
2262 4908 2369 4948 una
2403 4903 2564 4949 nocte
2604 4895 2884 4968 ingressus
2924 4903 3009 4950 est
3038 4896 3349 4951 coemcteria
3401 4906 3613 4951 sancto-

2039 4998 2157 5041 rum
2188 4992 2514 5055 martyrum,
2545 4996 2600 5040 et
2630 4987 2844 5058 rogavit
2885 4985 3080 5047 Deum.
3108 4995 3167 5040 ut
3192 4986 3345 5040 daret
3375 4986 3616 5041 frumen-

2039 5085 2153 5131 tum
2183 5073 2272 5139 iis,
2308 5074 2402 5145 qui
2430 5086 2589 5132 erant
2622 5078 2825 5133 redacti
2855 5078 2910 5132 in
2941 5080 3245 5150 angustias.
3275 5077 3403 5132 Erat
3433 5087 3614 5133 autem

2039 5166 2298 5235 templum
2340 5167 2709 5239 obsignatum,
2755 5172 2900 5242 quod
2946 5173 3244 5227 vocabatur
3287 5168 3476 5226 Tutela
3518 5171 3616 5227 Jo-

2040 5257 2142 5314 vis.
2179 5256 2316 5314 Huic
2340 5262 2540 5331 templo
2568 5261 2614 5318 si
2656 5264 2875 5332 quando
2913 5263 3039 5332 quis
3067 5280 3134 5318 ex
3171 5263 3490 5320 hominibus
3518 5282 3617 5336 ap-

2039 5349 2476 5421 propinquasset,
2530 5369 2561 5406 a
2620 5354 2808 5410 multis
2868 5353 3166 5419 ferebatur,
3231 5357 3376 5426 quod
3444 5373 3616 5414 morte

2038 5441 2224 5497 statim
2278 5444 2661 5513 corripcrctur.
2709 5445 2844 5500 Cum
2880 5460 3012 5515 ergo
3059 5445 3397 5517 Epiphanius
3445 5447 3615 5502 D.um

2008 5540 2221 5599 rorarct
2254 5549 2354 5604 pro
2383 5534 2450 5590 iis
2492 5535 2585 5605 qui
2616 5534 3013 5606 allligebantur,
3049 5536 3116 5592 ad
3164 5553 3288 5592 cum
3320 5553 3423 5593 vox
3475 5540 3616 5595 facta

421 5676 496 5749 la)
537 5676 672 5747 Quae
691 5672 1208 5749 sequunturuGrreca
1233 5688 1297 5749 εδ
1322 5670 1516 5749 Latino
1549 5670 1867 5742 corrigenda
1892 5675 1924 5730 ι]

2034 5677 2195 5735 modo
2227 5695 2239 5733 :
2275 5677 2346 5731 Τὸ
2377 5676 2586 5731 παιδίον
2617 5675 2744 5731 πετὲ
2774 5675 3172 5731 ἀπιθανὸνικαὶ
3217 5673 3480 5742 ἀναστὰν,
3523 5668 3622 5722 λα·

348 5751 449 5808 ὖὸν
475 5739 582 5816 vi};
605 5739 838 5815 χάρινζ..
875 5744 965 5797 καὶ
991 5741 1205 5810 Media.
1250 5741 1404 5795 Enn.
1438 5739 1677 5797 ΡΑτιιυι..
