4058 6438
489 344 546 398 Si
1308 336 1320 346 ’
1785 342 1841 399 S.
1886 339 2231 400 EPIPHANII
2270 340 2452 396 VITA.

3688 346 3761 403 92

483 463 587 515 est,
644 452 966 525 Epiphani,‘
1025 454 1302 529 inquiens.
1365 456 1707 530 Epiphanius
1759 474 1892 515 vero
1938 459 2060 513 nihil

2179 458 2314 522 ἐστι,
2349 456 2554 529 Κύριε;
2588 456 2699 511 Kal
2745 451 2896 513 εἶπεν
2929 458 3065 530 πρὸς
3103 458 3268 514 αὐτόν
3288 474 3301 490 ’
3334 458 3571 514 ’Δπελθε
3601 460 3660 516 ἐν
3682 459 3765 528 τῷ

486 547 846 602 conturbatus
873 564 886 600 :
924 545 1067 614 Quid
1095 560 1199 614 est,
1231 548 1503 605 Domine?
1530 549 1597 603 Et
1617 549 1757 605 dixit
1793 549 1842 604 ei
1871 567 1884 603 :
1922 548 2071 605 Vade

487 634 540 688 in
578 635 861 702 templum,
889 638 1036 707 quod
1062 648 1288 695 vocatur
1330 638 1521 695 Tutela
1547 638 1722 707 Jovis,
1766 649 1822 697 et
1854 641 2072 697 solven-

485 740 571 782 tnr
602 728 881 799 signacula
931 740 1233 801 portarum,
1261 741 1317 789 et
1360 734 1610 790 invenies
1647 735 1883 790 multum
1923 734 2065 789 auri.

484 819 621 873 Cum
659 827 717 874 tu
759 821 810 876 id
842 823 1151 902 acceperis,
1178 838 1299 880 eme
1330 825 1666 881 frumentum
1702 836 1758 881 et
1800 825 2065 882 hordeum

484 906 850 975 Faustiniani,
896 921 950 967 et
979 911 1049 967 da
1097 911 1414 970 alimentum
1463 916 1770 986 egentibus.
1824 913 2066 986 Epipha-

484 1001 609 1057 nius
643 1011 824 1058 autcm
859 1004 956 1058 ivit
998 1006 1251 1076 protinus
1278 1008 1335 1063 in
1366 1009 1652 1079 templum,
1696 1018 1752 1066 et
1794 1024 1917 1064 cum
1962 1008 2068 1063 fuit

482 1106 652 1162 prope
690 1094 999 1164 ingressum
1053 1098 1264 1168 templi,
1310 1100 1496 1155 statim
1530 1099 1844 1156 ceciderunt
1884 1100 2068 1171 signa-

480 1181 626 1245 cula,
660 1190 710 1237 et
742 1193 912 1253 portae
945 1195 1149 1256 aperta)
1179 1198 1330 1245 sunt.
1369 1189 1650 1261 Ingressus
1678 1206 1808 1247 vero
1830 1189 2068 1262 Epipha-

481 1272 606 1328 nius
643 1273 846 1329 invenit
883 1277 1122 1333 multum
1165 1280 1309 1337 auri.
1358 1281 1497 1336 Cum
1527 1297 1610 1341 .ex
1636 1297 1705 1339 eo
1752 1298 1888 1354 ergo
1916 1297 2071 1339 acce-

479 1360 670 1430 pisset,
714 1363 864 1420 dedit
908 1364 1294 1435 Faustiniano,
1327 1381 1382 1426 et
1419 1371 1607 1428 dixit:
1666 1373 1866 1444 Accipe
1907 1388 2071 1443 pecua

479 1451 649 1517 niam,
686 1461 741 1509 et
787 1456 853 1512 da
889 1459 1023 1513 mihi
1054 1458 1410 1516 frumentum.
1452 1463 1522 1521 At
1559 1479 1760 1520 avarus
1808 1474 1863 1520 et
1895 1466 2066 1520 scele-

478 1555 600 1603 stus
643 1548 1035 1611 Faustinianus
1080 1570 1220 1612 auro
1258 1567 1483 1629 accepto
1533 1555 1869 1613 frumentum
1923 1572 2067 1629 prae-

478 1639 601 1696 buit
632 1641 737 1712 ipsi
779 1660 879 1715 per
921 1647 1134 1704 modios
1177 1657 1384 1705 ternos.
1421 1649 1763 1721 Epiphanius
1792 1660 1974 1705 autem
2008 1649 2062 1704 id

478 1731 706 1800 praebuit
727 1733 1115 1805 indigentibus.
1144 1736 1264 1793 Non
1297 1738 1616 1796 defecerunt
1643 1755 1774 1812 ergo
1796 1740 2062 1810 pecunia},

2178 548 2288 620 ναῷ
2313 547 2391 619 τῷ
2416 547 2738 620 καλουμένῳ
2762 549 2882 613 Διὸς
2898 549 3208 619 ’Δσφάλεια.
3230 551 3324 606 καὶ
3355 551 3678 622 λυθήσονται
3703 560 3764 610 αι

2175 641 2283 695 τῶν
2310 640 2490 713 θυρῶν
2524 641 2848 713 σφραγῖδες·
2887 641 2982 695 καὶ
3017 641 3277 697 εἰσελθὼν
3328 644 3583 715 εὑρήσεις
3623 662 3742 714 χρυ-

2178 731 2291 784 σίον
2331 729 2467 785 πολύ
2484 749 2496 760 ·
2549 729 2709 785 τοῦτο
2740 730 2920 785 λαϐὼν
2963 732 3240 803 ἀγόρασον
3293 732 3413 788 ὅλον
3462 733 3555 788 τὸν
3614 737 3767 788 σῖτον

2172 819 2584 888 Φαυστινιανοῦ,
2613 822 2710 876 καὶ
2761 820 2863 895 τὴν
2905 823 3119 896 κριθὴν,
3153 824 3371 889 καὶνδδς
3408 825 3615 897 τροφὴν
3650 828 3758 886 τοῖς

2172 914 2465 985 δεομένοις.
2483 915 2542 969 '0
2573 913 2703 983 γοῦν
2735 915 3052 985 Ἐπιφάνιος
3090 916 3362 989 ἐπορεύθη
3401 917 3460 973 ἐν
3501 915 3580 987 τῷ
3610 915 3722 986 ναῷ
3746 929 3763 943 ⁸

2175 1007 2270 1060 καὶ
2316 1007 2397 1073 ὡς
2425 1008 2651 1078 ἧγγισεν
2684 1007 2821 1079 πρὸς
2850 1007 2949 1080 τὴν
2980 1008 3187 1065 εἴσοδον
3230 1007 3324 1063 τοῦ
3366 1009 3518 1074 ναοῦ,
3553 1009 3757 1073 εὐθέως,

2172 1099 2376 1153 ἔπεσαν
2404 1101 2463 1153 at
2498 1101 2812 1172 σφραγῖδες,
2850 1102 2947 1156 καὶ
2978 1102 3034 1156 ai
3066 1100 3228 1173 θύραι
3256 1100 3631 1174 ἠνεῴχθησαν,
3667 1102 3755 1155 καὶ

2172 1190 2429 1244 εἰσελθὼν
2457 1193 2796 1261 Ἐπιφάνιος,
2828 1187 2988 1264 εὗρεν
3014 1193 3237 1265 χρυσίον
3273 1192 3429 1248 πολύ.
3447 1191 3643 1246 Λαϐὼν
3664 1189 3759 1246 οὖν

2172 1280 2326 1347 αὐτὸ,
2356 1280 2417 1346 ἐξ
2438 1282 2602 1336 αὐτοῦ
2627 1282 2871 1337 ἐπεδίδου
2897 1282 3379 1353 τῷςφαυστινιανῷ
3403 1283 3579 1351 λέγων
3599 1302 3613 1314 ·
3656 1285 3757 1339 as.

2171 1373 2257 1439 σε,
2284 1374 2439 1445 φησὶ,
2473 1376 2750 1446 χρήματα.
2778 1375 2872 1428 καὶ
2904 1375 2993 1438 δός
3030 1378 3316 1445 μοικσῖτον.
3333 1376 3393 1429 ὐ
3413 1376 3470 1429 δὲ
3499 1376 3751 1449 φιλοχρή-

2173 1465 2427 1534 μωνικαὶ
2470 1465 2725 1537 ἀλάστωρ
2756 1466 3173 1532 ⁴Ιιαυστινιοινὸς,
3207 1466 3496 1537 δεχόμενος
3526 1468 3587 1520 τὸ
3622 1485 3757 1539 χρυ-

2174 1556 2309 1621 σίον,
2345 1559 2573 1629 παρεῖχε
2603 1557 2753 1629 σὺτῷ
2772 1557 2865 1611 τὸν
2896 1560 3061 1621 σῖτον,
3097 1557 3241 1612 κατά
3265 1558 3433 1629 τριῶν
3452 1559 3760 1629 μοδίων.’0

2169 1644 2229 1699 δὲ
2276 1646 2592 1716 Ἐπιφάνιος
2647 1649 2908 1718 παρεῖχεν
2957 1649 3102 1702 σῖτον
3152 1648 3367 1719 ἑκάστῳ
3409 1648 3518 1703 τῶν
3564 1650 3761 1721 χρείαν

2171 1736 2424 1807 ἐχόντων,
2453 1736 2548 1790 καὶ
2591 1736 2691 1790 οὐκ
2736 1737 3015 1802 ἐξέλειπον
3041 1735 3110 1791 τὰ
3148 1739 3425 1809 χρήματα,
3452 1737 3558 1802 ἕως
3586 1734 3649 1793 οὗ
3677 1740 3763 1805 ἐξ·

477 1823 655 1879 donec
684 1826 1025 1896 Epiphanius
1054 1818 1201 1886 emit
1242 1834 1451 1897 omnia,
1490 1848 1613 1903 quae
1649 1833 1883 1889 habebat
1912 1831 2057 1887 Fau-

2165 1827 2436 1899 ηγόρασεν
2471 1828 2650 1883 πάντα
2693 1828 2765 1882 τὰ
2814 1827 3103 1900 βρώματα,
3145 1828 3184 1883 ά
3236 1830 3541 1901 συνήγαγεν
3570 1832 3600 1883 ὁ
3621 1832 3763 1885 Φαυ-

477 1914 754 1972 stinianus
799 1918 869 1974 ad
898 1920 1243 1978 alimentum.
1300 1921 1547 1993 Implevit
1592 1931 1776 1980 autem
1828 1922 2061 1993 Epipha-

477 2004 604 2061 nius
639 2007 840 2063 multas
866 2008 1063 2067 domos
1092 2010 1364 2069 frumento
1391 2022 1445 2070 et
1477 2015 1701 2080 hordeo,
1735 2014 1883 2085 quod
1911 2029 2061 2071 eme-

476 2104 624 2150 rata
678 2095 1079 2156 Faustiniano:
1129 2112 1183 2157 et
1238 2105 1335 2160 toti
1387 2105 1593 2161 civitati
1651 2106 2053 2176 suppeditavit,

396 2262 406 2277 1
475 2187 589 2242 sive
620 2189 803 2257 potius
831 2189 976 2246 Deus
1008 2207 1105 2262 per
1133 2193 1521 2265 Epiphanium.

549 2302 684 2359 LIV.
714 2302 1040 2361 Defecerunt
1058 2317 1239 2362 autem
1264 2323 1404 2365 esca:
1426 2308 1481 2364 in
1508 2309 1672 2365 domo
1693 2310 2058 2379 Faustiniani,

473 2413 527 2460 et
556 2405 699 2460 inter
720 2420 911 2462 omnes
943 2408 1194 2463 homines
1211 2408 1372 2464 lauta:
1389 2420 1547 2466 erant
1563 2396 1756 2483 epulae,
1773 2420 1828 2467 et
1853 2428 2062 2484 magna!

473 2509 734 2578 angustiae
751 2507 804 2562 in
822 2509 988 2564 domo
1003 2508 1365 2570 Faustiniani.
1382 2511 1558 2569 Malus
1584 2528 1714 2569 vero
1727 2512 2063 2572 et-violentus

473 2617 529 2664 et
560 2609 957 2666 immisericors
999 2608 1412 2678 Faustinianus,
1443 2613 1703 2683 probrum
1733 2628 1854 2670 esse
1884 2622 2079 2681 ratus,.

473 2713 629 2769 cibos
660 2712 846 2769 domui
881 2729 994 2768 sua:
1032 2722 1217 2783 petere
1245 2714 1314 2770 ab
1344 2713 1671 2785 Epiphanio,
1694 2730 1819 2771 cum
1842 2731 1946 2772 sex.
1967 2716 2064 2771 ha-

473 2813 863 2884 beret‘propria
882 2812 1123 2886 navigia,
1145 2814 1251 2869 alia
1268 2828 1488 2885 quoque
1508 2815 1753 2886 quinque
1766 2814 2057 2872 conduxit:

472 2919 530 2966 et
575 2925 701 2966 cum
732 2909 972 2967 dedisset
1017 2912 1283 2981 pecunias
1330 2911 1580 2984 Longino
1620 2912 1791 2969 totius
1842 2910 2063 2967 familiae

476 3026 592 3068 sua:
639 3011 978 3077 fidelissimo,
1030 3013 1183 3069 misit
1208 3027 1333 3069 eum
1386 3013 1452 3068 ad
1488 3013 1778 3070 emendum
1808 3012 2055 3068 frumen-

476 3122 614 3171 tum.
642 3115 725 3170 Illi
753 3127 931 3171 autem
971 3131 1094 3171 cum
1134 3116 1489 3189 navigassent
1541 3117 1596 3171 in
1630 3116 1967 3180 Calabriam,
2006 3124 2062 3170 et

475 3220 814 3277 frumentum
874 3222 987 3279 illic
1046 3223 1291 3295 aliasque
1358 3225 1568 3295 species
1617 3225 1900 3291 emissent,
1940 3230 2065 3294 post

474 3336 591 3383 tres
618 3341 838 3384 menses
869 3328 1201 3399 adnavigant
1243 3329 1296 3384 id
1326 3328 1613 3385 habentes.
1664 3328 1897 3385 Centum
1933 3342 2062 3383 vero

474 3427 668 3507 stadiis
712 3427 876 3498 longe
905 3444 937 3484 a
987 3429 1332 3494 Constantia,
1374 3446 1438 3486 ex
1469 3431 1701 3489 adverso
1742 3430 1881 3500 ejus.
1914 3427 2061 3499 quod

474 3534 679 3590 dicitur
717 3529 1152 3599 Dianeu'terium,
1184 3538 1360 3590 oritur
1391 3537 1445 3591 in
1477 3536 1617 3591 mari
1654 3536 1892 3590 maxima
1925 3543 2072 3589 tem-

477 3650 682 3711 pestas,
716 3648 772 3695 et
794 3649 1063 3696 venerunt
1087 3642 1141 3695 in
1163 3641 1468 3711 periculum
1501 3656 1665 3696 naves
1693 3638 2058 3705 Faustiniani,

474 3744 597 3801 qua:
636 3728 935 3784 afferebant
981 3728 1343 3798 frumentum,
1384 3739 1672 3801 totumque
1722 3729 2057 3786 frumentum

476 3837 628 3879 mare
657 3822 725 3877 ad
752 3822 907 3879 littus
944 3823 1180 3892 impulit.
1233 3822 1375 3878 Cum
1423 3824 1539 3879 haec
1591 3833 1771 3878 autem
1798 3823 2061 3878 audiisset

477 3913 955 3978 Faustinianus,et
983 3910 1167 3971 statim
1203 3916 1272 3970 ad
1302 3930 1453 3971 mare
1480 3915 1829 3983 accessisset,
1850 3923 1905 3969 et
1927 3929 2060 3968 ocu-

476 4008 541 4063 lis
571 4006 796 4064 vidisset
852 4022 975 4077 quae
1014 4006 1156 4062 facta
1206 4006 1445 4073 fuerant,
1502 4008 1811 4077 sepulcrum
1853 4007 2063 4064 habens

472 4119 535 4159 os
570 4118 731 4157 suum
772 4113 1048 4172 apertum,
1100 4104 1284 4159 statim
1351 4103 1519 4175 ccepit
1569 4104 1873 4160 sceleratus
1910 4103 2059 4159 blas-

473 4197 731 4266 pbemare
764 4197 819 4252 in
868 4197 1236 4263 Altissimum,
1283 4205 1339 4252 et
1372 4198 1588 4268 probris
1620 4206 1874 4268 appetere
1928 4195 2090 4267 Epi—'

471 4288 759 4357 phanium,
796 4288 986 4343 dicens
1024 4288 1191 4343 verba
1233 4288 1549 4360 huiusmodi
1576 4307 1589 4343 :
1621 4286 1722 4344 Hic
1760 4303 1956 4358 magus
2002 4296 2058 4343 et

470 4379 658 4451 praedo
699 4394 807 4434 non
838 4380 1015 4435 solum
1082 4381 1139 4434 in
1174 4388 1319 4434 terra
1373 4378 1651 4435 malefacit
1679 4380 1867 4435 domui
1920 4392 2058 4432 meae

471 4472 621 4525 omni
656 4480 898 4540 tempore
928 4489 942 4537 ;
980 4471 1076 4526 sed
1108 4471 1275 4526 etiam
1308 4472 1363 4525 in
1412 4486 1564 4526 mare
1598 4472 1821 4526 mittens
1852 4471 2054 4526 daemon

471 4578 593 4627 nes,
622 4561 892 4632 prohibet,
929 4576 998 4616 ne
1026 4560 1369 4631 ingrediatur
1401 4561 1481 4627 id,
1523 4560 1672 4631 quod
1698 4569 1784 4617 est
1817 4559 1943 4615 usui
1975 4558 2057 4614 fa-

470 4654 636 4710 miliae
667 4668 818 4709 meae.
851 4651 896 4708 0
923 4652 1049 4723 quis
1079 4662 1276 4709 ventus
1304 4652 1489 4709 emisit
1514 4652 1663 4707 hunc
1693 4652 2005 4722 praedonem
2031 4652 2055 4705 ’ί

469 4750 719 4821 Cumque
745 4750 863 4805 haec
892 4748 1144 4812 dixisset,
1181 4757 1235 4803 et
1263 4749 1424 4819 plura
1461 4746 1570 4814 bis,
1612 4746 1710 4802 ivit
1737 4746 1793 4802 in
1826 4745 2050 4801 domum

470 4853 628 4895 suam
662 4837 922 4892 minitans
954 4836 1284 4908 Epiphanio.
1314 4836 1519 4893 Omnes
1547 4845 1752 4903 autem,
1773 4837 1867 4906 qui
1894 4843 2055 4891 erant

468 4933 783 5005 congregati
822 4933 877 5003 in
938 4930 1177 4997 civitate,
1211 4931 1314 4986 viri
1345 4939 1400 4986 et
1464 4922 1742 4995 mulieres,
1771 4944 1880 4984 una
1924 4943 2052 4984 cum

469 5025 585 5081 suis
613 5025 825 5089 liberis,
857 5006 1190 5094 colligebant
1216 5022 1577 5087 frumentum,
1631 5029 1687 5077 et
1717 5020 1964 5076 ferebant
1996 5021 2051 5075 in

468 5116 662 5172 domos
689 5131 840 5181 suas,
874 5121 1273 5185 congregantes
1302 5121 1602 5183 sumptum,
1648 5113 1789 5167 alius
1830 5113 2050 5182 quidem

469 5207 634 5263 unius
663 5208 813 5275 anni,
849 5208 992 5263 alius
1038 5221 1172 5261 vero
1218 5205 1455 5260 duorum
1485 5219 1777 5259 annorum.
1809 5203 2054 5259 Habebat

469 5313 597 5355 vero
623 5298 1014 5355 Faustinianus
1047 5313 1301 5365 uxorem,
1335 5313 1458 5369 qua:
1491 5296 1724 5352 faciebat
1747 5296 1889 5351 bona
1923 5312 2053 5366 ope-

469 5405 552 5444 ra.
586 5386 707 5458 Ipsa
733 5405 885 5460 ergo,
908 5390 1178 5445 insciente
1195 5388 1577 5453 Fanstiniano,
1618 5387 1768 5443 misit
1788 5387 1873 5443 bis
1903 5387 2052 5442 mille

470 5496 727 5537 nummos
775 5480 1104 5551 Epiphanio,
1153 5490 1214 5535 ut
1246 5466 1434 5535 domui
1477 5479 1597 5550 ejus
1650 5479 1912 5550 praeberet
1949 5479 2052 5533 ali-

471 5580 677 5627 menta.
714 5572 865 5627 Dixit
899 5584 1080 5627 autem
1114 5574 1329 5629 mulieri
1365 5572 1705 5643 Epiphanius
1735 5590 1748 5626 :
1786 5569 1932 5626 Tene
1952 5586 2051 5641 pe-

469 5665 690 5720 enniam
725 5668 780 5720 in
818 5666 985 5720 domo
1009 5673 1126 5730 tua,
1169 5675 1222 5722 et
1250 5667 1438 5736 accipe
1480 5665 1709 5728 cibaria,
1737 5666 1938 5735 quibus
1967 5665 2050 5719 in-

470 5758 663 5827 diges:
706 5765 760 5814 et
806 5756 1029 5827 quando
1065 5765 1209 5812 terra
1260 5757 1599 5828 produxerit,
1656 5764 1786 5810 tunc
1833 5755 2049 5824 reddes,

2168 1918 2455 1983 στινιανὺς,
2492 1920 2587 1973 καὶ
2613 1917 3052 1990 έπλησενοίκους
3081 1920 3309 1985 πολλοὺς
3334 1919 3763 1991 Ἐπιφάνιος’σί-

2166 2026 2282 2076 του,
2310 2010 2402 2064 καὶ
2429 2010 2648 2082 κριθῆς.
2676 2010 2785 2064 τῶν
2806 2011 3222 2084 ἀγορασθέντων
3252 2010 3406 2083 παρὰ
3428 2013 3762 2067 Φαυστινια-

2166 2102 2259 2156 νοῦ
2333 2105 2424 2157 καὶ
2469 2105 2730 2175 παρεῖχεν
2774 2104 2926 2175 πάσῃ
2953 2106 3020 2175 τῇ
3054 2102 3226 2170 πόλει,
3252 2103 3457 2174 μᾶλλον
3484 2105 3542 2158 δὲ
3567 2108 3599 2160 ὁ
3623 2107 3764 2172 Θεὸς

2166 2196 2234 2249 δι’
2259 2194 2606 2265 Ἐπιφανίου.

2237 2308 2361 2363 ΝΔ’.
2383 2307 2496 2361 Kal.
2517 2303 2586 2381 ἦν
2604 2306 2806 2378 εὐωχία
2828 2308 2994 2362 πᾶσιν
3009 2306 3335 2381 ἀνθρώποις,
3370 2307 3464 2364 καὶ
3492 2303 3562 2380 ἦν
3584 2309 3763 2382 πολλὴ

2172 2408 2432 2473 στένωσις
2464 2409 2522 2462 ἐν
2546 2408 2623 2479 τῷ
2657 2408 2793 2480 οἴκῳ
2811 2409 3221 2465 Φαυστινιανοῦ.
3259 2410 3321 2465 '0
3348 2410 3410 2463 δὲ
3457 2410 3630 2474 κακὸς
3661 2410 3766 2466 καὶ

2170 2511 2344 2581 βίαιος
2368 2509 2755 2575 Φαυστινιανὸς
2778 2509 3065 2575 στενωθεὶς
3085 2510 3175 2565 διὰ
3198 2510 3298 2582 τῆς
3314 2510 3764 2583 φιλοχρηματίας

2170 2610 2356 2679 αὐτοῦ,
2393 2609 2551 2682 ὕϐριν
2589 2588 2891 2681 ἡγούμενος
2934 2610 3086 2685 παρά
3129 2610 3449 2681 Ἐπιφανίου
3485 2609 3761 2682 βρώματα

2169 2712 2391 2783 αἰτῆσαι
2418 2710 2496 2785 τῷ
2534 2711 2670 2783 οἴκῳ
2701 2711 2890 2777 αὑτοῦ,
2920 2712 3081 2767 πλοῖα
3129 2711 3268 2784 ἔχων
3294 2712 3428 2776 ῐδια,
3454 2708 3760 2783 ἐξεμισθώ-

2172 2829 2301 2867 σατο
2326 2813 2422 2866 καὶ
2460 2811 2627 2884 ἐτερα
2648 2809 2831 2874 πέντε,
2866 2811 2961 2866 καὶ
2990 2811 3168 2876 δὼσας
3209 2811 3461 2882 Λογγίνῳ
3491 2811 3763 2882 χρήματα.

2167 2913 2246 2985 τῷ
2283 2913 2590 2984 πιστοτάτῳ
2609 2911 2796 2980 αὐτοῦ,
2829 2913 3138 2968 ἐπέστειλεν
3163 2914 3222 2968 ἐν
3271 2912 3579 2986 Καλαδρίᾳ,
3604 2913 3762 2979 ὅπως

2168 3014 2378 3071 ἐκεῖθεν
2424 3014 2708 3085 ὠνήσηται
2756 3015 2904 3068 σῖτον
2938 3014 3076 3086 πρὸς
3103 3011 3403 3085 διατροφὴν
3448 3010 3573 3065 τοῦλ
3600 3009 3759 3064 οἴκου

2173 3118 2359 3174 αὑτοῦ.
2400 3117 2849 3173 Ἐκπλευσάντων
2875 3116 2934 3169 δὲ
2975 3117 3084 3171 τῶν
3127 3116 3349 3185 πλοίων,
3395 3118 3491 3171 καὶ
3536 3117 3760 3189 πληρω-

2175 3222 2378 3278 θέντων
2406 3223 2556 3281 σίτου
2578 3223 2675 3276 καὶ
2715 3210 2918 3295 ἐτέρων
2967 3220 3146 3288 εἱδῶν,
3184 3220 3274 3275 διὰ
3328 3219 3767 3295 τετραμηνιαίου

2166 3328 2357 3401 χρόνου
2383 3326 2812 3399 παραπλέουσιν,
2843 3325 3059 3398 ἔχοντες
3081 3325 3173 3381 τδν
3206 3327 3372 3391 σῖτον,
3405 3325 3515 3380 ἀπὸ
3547 3331 3594 3397 ρ’
3618 3339 3767 3377 στα-

2164 3431 2295 3485 δίων
2335 3428 2898 3505 τῆςΔΚωνσταντῐας,
2950 3429 3212 3505 ἄντικρυς
3265 3428 3363 3485 τοῦ
3416 3427 3765 3499 καλουμένου

2166 3534 2575 3607 Διανευτηρίου.
2612 3535 2722 3588 Kal
2751 3533 2960 3603 γίνεται
2988 3534 3188 3605 λαῖλαψ
3239 3534 3414 3608 μέγας
3451 3535 3511 3589 ὲν
3559 3536 3624 3605 τῇ
3657 3532 3760 3587 θα-

2165 3638 2363 3711 λάσσῃ,
2398 3639 2493 3693 καὶ
2519 3637 2901 3692 ἐκινδύνευσαν
2940 3639 3227 3712 ἀμφότερα
3249 3639 3320 3694 τὰ
3338 3639 3499 3694 πλοῖα
3522 3641 3759 3693 Φαυστο-

2131 3728 2137 3737 “
2165 3728 2347 3784 νιανοῦ
2373 3729 2441 3783 τὰ
2467 3729 2559 3782 τὸν
2615 3731 2760 3784 σῖτον
2811 3730 3025 3801 ἔχοντα.
3057 3731 3168 3785 Kal.
3212 3730 3428 3785 ἅπαντα
3481 3730 3574 3785 τὸν
3605 3730 3757 3784 σῖτον

2164 3820 2459 3894 ἐξέϐρασεν
2479 3823 2513 3893 ἡ
2549 3820 2796 3877 θάλασσα
2819 3822 2912 3876 ἐπὶ
2940 3821 3034 3876 τὸν
3060 3822 3328 3891 αἰγιαλόν.
3359 3822 3468 3876 Τοῦ
3507 3821 3566 3875 δὲ
3609 3822 3759 3875 Φαυ-

2165 3913 2434 3969 στινιανοῦ
2462 3913 2799 3978 ἀκούσαντος
2834 3913 3030 3977 ταῦτα,
3084 3913 3289 3977 εὐθέως
3341 3912 3608 3984 κατῆλθεν
3656 3914 3757 3967 ἐπὶ

2161 4004 2263 4074 τὴν
2293 4002 2589 4069 θάλασσαν,
2626 4003 2721 4057 καὶ
2751 4003 2870 4056 κατ’
2892 4002 3205 4074 ὀφθαλμοὺς
3232 4001 3400 4057 αὐτοῦ
3433 4000 3556 4057 ἰδὼν
3580 4001 3649 4056 τά
3675 4018 3759 4071 γι-

2163 4095 2387 4166 νόμενα,
2420 4094 2599 4164 τάφον.
2617 4093 2962 4166 ἀνεῳγμένον
3015 4094 3158 4165 ἔχων
3190 4093 3267 4148 τὸ-
3302 4093 3497 4151 ἐαυτοῦ
3547 4093 3751 4165 στόμα,

2162 4187 2367 4259 ἤρξατο
2394 4186 2597 4250 εὐθέως
2621 4184 2961 4257 βλασφημεῖν
2993 4184 3085 4239 τὸν
3128 4183 3393 4256 ’Ὕψιστον
3431 4185 3461 4236 ὁ
3491 4182 3753 4239 κακοδαί-

2166 4294 2302 4349 μων,
2364 4277 2461 4333 καὶ
2515 4277 2798 4348 ἐπιφέρειν
2848 4275 3103 4341 τοιαύτας
3162 4273 3349 4349 ὕϐρεις
3406 4272 3749 4346 Ἐπιφανίῳο

2174 4369 2330 4433 Ἰδοὺ,
2359 4368 2545 4439 φησὶν,
2568 4368 2597 4420 ὁ
2632 4367 2806 4439 μάγος
2854 4360 3011 4431 οὗτος
3054 4368 3152 4422 καὶ
3192 4366 3453 4438 ἐπιθέτης
3477 4366 3541 4420 οὐ
3586 4366 3752 4438 μόνον

2161 4460 2255 4513 ἐπὶ
2286 4460 2388 4531 τῆς
2421 4458 2592 4531 ξηρᾶς
2623 4458 2728 4529 γῆς
2753 4458 2969 4530 ἐνεργεῐ
3009 4456 3086 4529 τῷ
3113 4454 3250 4528 οἴκῳ
3281 4473 3383 4528 μου
3432 4457 3514 4520 εἰς
3575 4453 3751 4521 κακὰ,

2087 4526 2135 4587 D
2159 4551 2299 4606 ἀλλά
2343 4526 2450 4606 ’καί
2475 4526 2597 4603 ’.ἐπὶ
2628 4526 2728 4620 τῆς
2760 4526 3037 4620 θαλάσσης
3059 4526 3346 4619 *δαίμονας
3377 4544 3748 4613 ἀποστέλλων,

2157 4642 2447 4701 διακωλύει
2478 4641 2738 4697 εἰσελθεῖν
2766 4641 2827 4694 τὸ
2855 4642 2950 4695 ἐπὶ
2984 4640 3232 4712 διακονίᾳ
3282 4638 3378 4693 τοῦ
3404 4636 3539 4710 ἐμοῦ
3571 4636 3746 4693 οἴκου.

2159 4734 2230 4790 Ὦ
2261 4739 2412 4800 ποῖος
2438 4734 2639 4805 ἄνεμος
2669 4733 2977 4804 ἐξέπεμψεν
3009 4731 3197 4787 τοῦτον
3228 4731 3322 4786 τὸν
3352 4731 3609 4801 ἐπιθέτην
3660 4732 3751 4784 ἐν·

2158 4828 2361 4896 ταῦθας
2388 4827 2575 4883 Ταῦτα
2594 4825 2787 4890 εἰπὼν,
2823 4826 2918 4881 καὶ
2946 4825 3170 4880 πλείονα
3210 4824 3441 4889 τούτων,
3473 4822 3747 4896 ἐπορεύθη

2159 4924 2219 4976 ὲν
2249 4920 2328 4992 τῷ
2358 4921 2492 4991 οἴκῳ
2514 4918 2678 4973 αὐτοῦ
2704 4917 3095 4988 ἀπειλούμενος
3121 4916 3447 4988 Ἐπιφανίῳ.
3469 4916 3748 4980 Ἅπαντες

2158 5015 2216 5069 δὲ
2254 5015 2305 5068 οἱ
2337 5015 2396 5066 ἐν
2424 5015 2491 5084 τῇ
2525 5012 2678 5073 πόλει
2713 5010 3067 5081 συναχθέντες
3097 5009 3309 5080 ἄνδρες,
3350 5011 3447 5069 καὶ
3466 5010 3743 5077 γυναῖκες,

2162 5105 2299 5177 μετὰ
2329 5105 2553 5160 καὶτῶν
2578 5101 2788 5156 ἐαυτῶν
2813 5102 3020 5155 τέκνων
3063 5100 3399 5168 ἐπεσύναγον
3449 5097 3540 5153 τὸν
3571 5100 3742 5163 σῖτον,

2158 5198 2252 5252 καὶ
2272 5194 2607 5267 ἀπεκόμιζον
2635 5195 2716 5258 είς
2747 5194 2875 5257 τοὺς
2905 5193 3087 5261 οἴκους
3134 5192 3343 5247 ἑαυτῶν
3371 5235 3386 5259 ,
3420 5191 3745 5259 συνάγοντες

2155 5288 2216 5342 τὺ
2245 5286 2457 5343 ἑαυτῶν
2489 5285 2771 5356 ἀνάλωμα,
2798 5285 2860 5349 ὃς
2884 5284 2984 5355 μὲν
3002 5283 3273 5350 ἐνιαυτοῦ,
3294 5284 3353 5348 ὃς
3379 5283 3437 5338 δὲ
3463 5281 3556 5337 δύο
3581 5280 3741 5336 ἐτῶν.

2160 5375 2317 5450 Εἷχεν
2344 5378 2401 5431 δὲ
2429 5376 2813 5439 Φαυστινιανὸς
2844 5377 2875 5429 ὁ
2899 5375 3246 5446 κακοδαίμων
3273 5376 3509 5444 γυναῖκα
3530 5371 3741 5444 χρηστὰ

2158 5473 2294 5545 ἔργα
2324 5470 2701 5527 ἐπιτελοῦσαν.
2732 5469 2882 5540 Αὕτη
2905 5465 2998 5523 οὖν
3022 5467 3199 5539 λάθρα
3220 5467 3315 5522 τοῦ
3350 5467 3546 5538 ἀνδρὸς
3570 5463 3743 5535 αὐτῆς

2156 5564 2477 5621 ἀπέστειλεν
2533 5563 2769 5633 δισχίλια
2825 5563 3147 5640 νομίσματα.
3191 5560 3523 5630 Ἐπιφανίῳ,
3590 5558 3743 5620 ὅπως

2158 5655 2382 5727 παρέξει
2414 5655 2622 5727 τροφὰς
2645 5653 2724 5725 τῷ
2754 5656 2889 5724 οἴκῳ
2921 5654 3109 5725 αὐτῆς.
3140 5649 3311 5707 Εἶπεν
3339 5652 3396 5706 δὲ
3422 5651 3741 5721 Ἐπιφὰνιος

2159 5749 2292 5815 πρὸς
2332 5748 2428 5812 τὴν
2451 5750 2681 5810 γυναῖκα
2702 5764 2713 5775 ·
2753 5746 2959 5813 Κράτει
2991 5746 3057 5802 τὰ
3084 5744 3395 5818 νομίσματα
3452 5743 3510 5796 ἐν
3554 5741 3630 5825 τῷ
3663 5739 3742 5811 σῷ
