4058 6438
350 345 428 408 9'5
1676 363 1733 418 S.
1774 361 2114 421 EPIPBANII
2159 364 2338 421 Vl'l'A.
3568 367 3639 421 96

360 467 512 539 οίκῳ,
546 468 645 523 καὶ
683 469 825 525 λάϐε
851 471 1094 538 δαπάνας
1123 474 1180 527 ἐν
1204 472 1282 545 τῷ
1304 474 1438 546 οἴκῳ
1466 474 1543 546 σῷ
1563 492 1578 508 ο
1608 477 1701 530 καὶ
1729 478 1856 531 ὅταν
1879 478 1950 532 τὰ

2060 495 2183 549 quae
2219 477 2517 549 acceperis.
2547 477 2640 534 Sic
2667 487 2846 533 autem
2905 478 3033 535 fecit
3095 494 3239 535 uxor
3272 477 3634 535 Faustiniani.

366 559 594 631 ἐκφόρια
623 561 911 633 πληρώσει
935 564 968 635 ἠ
1001 564 1095 634 γῆ,
1122 558 1244 633 τότε
1266 565 1410 636 ἀπερ
1435 550 1645 630 ἔλαϐες,
1674 567 1950 638 παρέξεις.
1987 569 2098 623 Καὶ
2128 570 2386 640 ἐποίησεν
2413 571 2481 639 τῇ
2512 568 2730 637 γυναικὶ
2755 566 2927 632 οὕτως
2958 568 3059 637 (ο).

439 653 564 709 NE’.
589 649 705 707 Ἦν
729 655 790 709 δέ
818 671 904 719 τις
933 655 1178 719 διάκονος
1201 657 1260 711 ἐν
1286 656 1365 728 τῷ
1396 659 1752 730 ἐπισκοπείῳ,
1784 659 1949 713 Σαϐῖ-

2121 660 2234 716 LV.
2266 661 2395 716 Erat
2434 662 2487 714 in
2515 660 2827 729 episcopatu
2856 658 3078 728 quidam
3119 659 3407 727 diaconus,
3455 661 3637 715 nomi-

375 761 463 808 νος
500 744 731 815 ὀνόματι
752 788 769 813 ,
810 745 957 816 ἔχων·
1012 746 1351 819 ἐπιτήδευμα
1400 748 1494 802 τοῦ
1522 786 1531 793 ς
1562 749 1954 822 καλλιγράφου.

374 827 545 897 Οὗτος
571 834 751 905 πρᾶος
775 834 1042 907 ὑπῆρχεν,
1078 835 1170 888 καὶ
1203 834 1350 907 ὀρθῷ
1386 835 1489 907 βίῳ
1521 837 1955 908 κεκοσμημένος.

377 919 555 996 Ἦμεν
588 926 647 979 δέ
666 927 717 979 οἱ
739 926 942 990 πάντες
975 927 1197 999 μοναχοὶ
1223 930 1280 981 ἐν
1301 928 1380 999 τῷ
1403 930 1738 1000 ἐπισκοπείῳ
1770 929 1960 1001 675033-

380 1031 575 1068 κοντα·
610 1010 765 1079 οὗτος
813 1020 842 1070 6
873 1018 1096 1082 Σαϐῖνος
1123 1018 1429 1089 διέπρεπεν·
1471 1020 1530 1072 ἐν
1583 1020 1748 1073 πᾶσιν
1804 1020 1958 1089 ἡμῖν.

380 1103 585 1160 τοῦτον
610 1108 924 1177 Ἐπιφάνιος
945 1109 1275 1183 κατέστησεν
1299 1112 1535 1166 ἐκδικεῖν
1561 1108 1631 1164 τὰ
1658 1110 1960 1183 πράγματα

383 1198 479 1268 τῆς
514 1198 862 1269 Ἐκκλησίας.
910 1200 1049 1254 Ποτέ
1091 1197 1186 1255 οὖν
1238 1201 1333 1254 δύο
1359 1201 1568 1273 ἀνδρῶν
1622 1201 1960 1273 κρινομένων

382 1287 533 1358 παρά
566 1288 812 1353 Σαϐίνου,
839 1289 958 1353 ἐνὸς
982 1288 1259 1354 πλουσίου,
1292 1291 1386 1345 καὶ
1430 1278 1549 1353 ἐνὸς
1587 1290 1840 1360 πένητος,
1890 1285 1959 1363 ἦν

378 1380 411 1430 ὁ
431 1379 683 1444 πλούσιος
719 1379 915 1450 μᾶλλον
952 1380 1091 1451 ἔχων
1110 1381 1179 1434 τὰ
1208 1381 1396 1436 δίκαια
1420 1381 1564 1453 ὑπὲρ
1594 1382 1687 1435 τὸν
1726 1382 1957 1452 πένητα.

380 1469 490 1524 Τοῦ
517 1466 611 1525 οὖν
638 1470 954 1541 Ἐπιφανίου
983 1472 1217 1535 ἑστῶτος
1246 1474 1305 1525 ἐν
1335 1473 1487 1544 τόπῳ
1508 1471 1832 1545 ἀποκρύφῳ,
1864 1474 1959 1526 καὶ

380 1561 743 1627 ἐπακούοντος
772 1562 874 1632 τῆς
903 1562 1081 1634 δίκης,
1125 1563 1357 1635 ἥκουσεν
1405 1563 1633 1618 Σαὸίνου
1684 1563 1959 1627 ἐλεοῦντος

383 1654 605 1729 μᾶλλον,
639 1655 734 1707 καὶ
765 1653 1024 1725 ρέποντος
1056 1655 1148 1707 ἐπὶ
1166 1654 1257 1708 τὸν
1281 1654 1491 1727 πένητα
1529 1656 1592 1709 ἐν
1632 1657 1702 1727 τῇ
1758 1654 1956 1726 κρίσει.

392 1744 450 1798 ’0
477 1742 610 1812 γοῦν
635 1744 950 1812 Ἐπιφάνιος
970 1742 1139 1797 ἐλθὼν
1162 1745 1221 1797 ἐν
1250 1743 1329 1814 τῷ
1365 1745 1536 1816 μέσῳ,
1567 1740 1719 1797 εἶπεν
1746 1744 1957 1814 Σαϐίνῳ

381 1835 605 1907 εὐμενεῖ
632 1835 711 1907 τῷ
746 1835 1054 1907 προσώπῳο
1095 1834 1353 1901 Ἀπελθε,
1403 1836 1592 1890 τέκνον
1618 1876 1631 1900 ,
1663 1835 1957 1907 καλλιγρα-

379 1946 492 1999 φει,
525 1928 618 1982 καὶ
649 1929 869 1999 μνήμην
897 1927 1036 1998 ἔχων
1060 1927 1167 1982 τῶν
1199 1927 1359 1981 θείων
1390 1926 1430 1979 Γ
1435 1927 1642 1999 ραφῶν,
1678 1928 1833 1996 γίνου
1865 1928 1954 1981 τέ-

2067 766 2136 807 ne
2163 750 2422 814 Sabinus,
2448 750 2607 820 cujus
2630 749 2871 805 studium
2898 757 3016 803 erat
3040 749 3267 819 pulchre
3292 750 3552 806 scribere.
3588 749 3639 806 Is

2065 851 2183 899 erat
2216 842 2555 906 moderatus,
2610 850 2664 897 et
2716 848 2865 896 recta
2898 840 3007 895 vita
3065 840 3348 910 praeditus.
3402 839 3639 898 Eramus

2065 942 2249 990 autem
2277 934 2332 988 in
2367 933 2681 1003 episcopatu
2709 946 2902 987 omnes
2954 930 3207 986 monachi
3257 932 3552 1003 octoginta.
3586 932 3638 994 ιε

2066 1033 2198 1075 vero
2228 1018 2468 1074 Sabinus
2498 1020 2798 1074 excellebat
2833 1018 2973 1074 inter
3003 1032 3217 1074 omnes.
3246 1017 3384 1074 Eum
3432 1022 3638 1077 consti-

2066 1109 2171 1164 tuit
2193 1110 2530 1179 Epiphanius
2560 1109 2794 1179 primum
2824 1110 3093 1177 ecdicum,
3123 1110 3225 1165 hoc
3245 1120 3348 1180 est,
3380 1111 3634 1188 defenso:

2066 1215 2182 1255 rem
2220 1198 2501 1256 Ecclesiae.
2533 1199 2670 1255 Cum
2705 1213 2835 1255 vero
2889 1199 3183 1268 aliquando
3236 1200 3344 1258 duo
3388 1202 3641 1257 homines

2065 1290 2210 1362 apud
2241 1290 2502 1346 Sabinum
2527 1290 2737 1362 judicio
2767 1290 3177 1357 contenderent,
3206 1306 3351 1346 unus
3377 1292 3549 1359 dives,
3582 1301 3638 1346 et

2066 1392 2211 1432 unus
2239 1393 2467 1447 pauper,
2503 1378 2694 1433 melior
2732 1388 2850 1433 erat
2883 1380 3068 1434 divitis
3094 1394 3281 1445 causa,
3308 1395 3469 1449 quam
3499 1396 3637 1449 pau-

2064 1470 2235 1540 peris.
2262 1468 2400 1525 Cum
2436 1470 2965 1542 igitur-Epiphanius
2992 1472 3206 1527 occulto
3237 1473 3292 1526 in
3328 1472 3447 1526 loco
3486 1480 3649 1528 stans.

2059 1561 2327 1632 judicium
2376 1562 2624 1629 audiret,
2678 1563 2850 1618 sensit
2905 1561 3168 1617 Sabinum
3233 1562 3288 1617 in
3342 1576 3632 1632 pauperem

2063 1652 2243 1724 magis
2278 1654 2637 1723 propendere,
2681 1655 2909 1727 ejusque
2941 1654 3212 1711 misereri.
3261 1654 3399 1709 Cum
3457 1655 3642 1723 itaque
3704 1650 3723 1655 “

2066 1744 2117 1799 ἱιι
2175 1746 2417 1802 medium
2487 1747 2722 1803 venisset
2773 1746 3132 1817 Epiphanius,
3183 1747 3383 1802 Sabino
3427 1746 3642 1816 placido

2066 1840 2214 1895 vultu
2254 1839 2390 1895 dixit
2419 1856 2433 1893 :
2467 1838 2638 1906 Vade,
2669 1840 2765 1904 ﬁli,
2794 1850 2850 1897 et
2867 1841 3046 1896 scribe
3078 1850 3220 1897 recte
3243 1859 3258 1908 ;
3281 1850 3335 1896 et
3363 1845 3642 1894 memento

2064 1932 2355 1987 verborum
2398 1931 2735 1998 divinorum,
2789 1941 2844 1989 et
2906 1934 2984 1990 sis
3017 1933 3289 2004 perfectus
3323 1938 3377 1993 in
3408 1938 3641 2014 judicio,

382 2021 523 2084 λειος
547 2020 676 2090 περὶ
714 2018 811 2091 τὴν
832 2019 990 2090 δίκην
1009 2038 1022 2053 ο
1045 2019 1140 2073 καὶ
1170 2019 1262 2073 ἐσο
1285 2019 1500 2073 ἀκούων
1529 2019 1624 2072 τοῦ
1666 2021 1956 2091 εὐεργέτου

2064 2034 2116 2077 ει
2151 2023 2343 2079 audias
2372 2023 2776 2080 benefactorem
2809 2026 3142 2095 loquentem,
3170 2037 3225 2083 et
3263 2029 3591 2089 dicentem"
3621 2052 3636 2090 :

380 2113 847 2184 προσφωνοῦντος,
878 2116 971 2168 καὶ
991 2114 1238 2182 λέγοντος
1258 2131 1272 2144 ·
1301 2113 1399 2181 Μὴ
1419 2114 1696 2180 alariaqu
1719 2113 1961 2181 πτωχὸν

378 2204 447 2258 ἐν
471 2206 688 2273 κρίσει,
718 2205 908 2275 καὶμὴ
920 2205 1114 2275 λάϐῃς
1127 2207 1455 2276 πρόσωπον
1470 2205 1799 2260 δυνάστου.
1827 2204 1958 2258 Ἀπὸ

377 2299 500 2352 τότε
529 2295 624 2353 οὖν
649 2297 967 2369 Ἐπιφάνιος
997 2300 1130 2353 πᾶσι
1156 2301 1267 2362 τοίς
1297 2297 1754 2369 προσερχομένοις
1774 2296 1959 2350 ἐδίκα-

379 2392 494 2457 ζεν.
541 2392 677 2444 Ἀπὸ
703 2391 814 2462 γὰρ
846 2393 1061 2464 πρωϊας
1109 2392 1215 2454 ἕως
1268 2390 1417 2462 ὧρας
1448 2391 1644 2460 ἐνάτης
1688 2389 1956 2460 ἐπήκουεν

378 2481 486 2536 τῶν
510 2482 867 2554 κρινομένων,
894 2483 988 2536 καὶ
1015 2481 1124 2537 ἀπὸ
1149 2483 1345 2553 ἐνάτης
1375 2483 1479 2547 ἕως
1500 2480 1645 2554 πρωϊ
1668 2480 1769 2534 οὐκ
1795 2478 1958 2532 ἐθεω-

382 2575 529 2646 ρεῖτό
551 2592 660 2628 τινι
687 2574 796 2628 τῶν
825 2573 1152 2645 ἀνθρώπων.

446 2665 594 2733 Nq'.
619 2661 728 2718 Ἦν
761 2665 821 2719 δέ
872 2682 956 2729 τις
984 2663 1093 2719 τῶν
1126 2663 1371 2733 ἀδελφῶν
1399 2665 1460 2718 ἐν
1485 2662 1569 2734 τῷ
1596 2660 1950 2732 ἐπισκοπείῳ,

378 2757 573 2829 ιταμὸς
604 2756 684 2828 τῷ
707 2755 1004 2829 προσώπῳ,
1027 2755 1226 2827 τέχνην
1254 2755 1509 2825 ἐχωννκαὶ
1533 2753 1696 2817 αὐτὸς
1732 2752 1831 2826 τὴν
1860 2750 1955 2805 τοῦ

381 2850 748 2922 καλλιγράφου
770 2865 788 2884 ·
825 2849 919 2903 καὶ
937 2848 1105 2919 ὄνομα
1133 2847 1284 2918 αὐτῷ
1314 2846 1609 2915 Ῥουφίνος.
1636 2839 1802 2906 Οὗτος
1829 2859 1956 2895 συν-

376 2943 622 3014 απήγετο
682 2938 1072 3009 Φαυστινιανῷ.
1105 2938 1211 3004 καὶ,
1230 2935 1352 2991 καθ’
1380 2936 1596 3007 ἡμέραν
1621 2934 1808 3006 ὕϐρεις
1828 2933 1957 2986 πολ-

376 3034 477 3098 λὰς
504 3032 767 3103 ἐπέφερεν
790 3029 1115 3100 Ἐπιφανίῳ.
1163 3027 1222 3082 '0
1250 3027 1308 3080 δὲ
1334 3025 1652 3095 Ἐπιφάνιος
1677 3027 1814 3097 μετά
1830 3028 1958 3081 πολ-
1992 3034 2003 3043 ‘

377 3125 479 3194 λῆς
533 3125 835 3196 πραότητος
880 3119 1229 3176 κατέστελλεν
1258 3119 1319 3172 τὸ
1346 3119 1546 3190 θράσος
1594 3116 1781 3172 αὐτοῦ.
1848 3119 1958 3196 καὶ

379 3190 502 3274 καθ’
523 3190 777 3272 ὑπόθεσιν
796 3216 853 3269 δέ
879 3210 1266 3268 Φαυστινιανοῦ
1298 3212 1392 3265 καὶ
1419 3211 1699 3282 ἐνέργειαν
1723 3210 1819 3264 τοῦ
1844 3190 1958 3264 δαῖ-

383 3327 543 3383 μσνος
572 3308 664 3363 τοῦ
694 3309 877 3369 αὐτοῖς
920 3302 1289 3377 ἐνεργοῦντος,
1341 3301 1603 3375 ἐζήτησεν
1635 3296 1787 3365 οὗτος
1820 3303 1957 3355 ἀπο-

383 3402 589 3459 κτεῖναι
622 3398 713 3452 τὸν
736 3396 1075 3465 Ἐπιφάνιον,
1099 3392 1426 3465 συνθέμενος
1461 3391 1852 3455 Φαυστινιανὸς
1884 3391 1962 3462 τῷ

388 3492 631 3566 μοναχῆ),
658 3491 833 3559 λέγων
858 3490 994 3561 πρὸς
1024 3489 1185 3542 αὑτὸν
1216 3490 1244 3542 ὁ
1274 3478 1645 3557 κακοδαίμων,
1673 3486 1756 3539 ὅτι
1781 3502 1795 3516 ο
1836 3485 1963 3540 Ἐὰν

380 3582 730 3656 ἀποκτείνῃς,
765 3581 923 3653 φησὶ,
956 3578 1142 3633 τοῦτον
1173 3578 1264 3632 τὸν
1295 3576 1572 3649 ἐπιθὲτην,
1599 3577 1664 3631 σὺ
1689 3577 1795 3649 ἔσῃ
1830 3576 1964 3630 καο-

381 3676 586 3745 ήμενος
623 3673 716 3726 ἐπὶ
761 3670 858 3723 τοῦ
903 3669 1117 3740 θρόνου.
1159 3662 1326 3730 Οὗτος
1377 3666 1436 3720 δὲ
1483 3667 1512 3719 6
1571 3665 1849 3733 Ῥουφῖνος
1895 3661 1963 3735 ἦν

381 3764 609 3834 ἐσχατος
632 3762 878 3824 διάκονος
900 3759 999 3829 τῆς
1027 3755 1359 3827 Ἐκκλησίας
1380 3773 1394 3788 ο
1421 3754 1543 3809 ὅθεν
1584 3755 1745 3818 αὐτὸς
1775 3754 1965 3809 εἴωθεν

380 3855 704 3924 ἐπικοσμεῖν
728 3852 822 3906 τὸν
845 3850 1034 3922 θρόνον
1071 3847 1177 3920 ,τοῦ
1214 3847 1539 3902 ἐπισκόπου.
1569 3845 1766 3902 Λαϐὼν
1816 3843 1910 3900 οὖν
1936 3847 1966 3899 6

381 3946 591 4018 θρασὺς
618 3945 713 3999 καὶ
736 3942 950 4007 ἀλαζὼν
1004 3942 1277 4013 μάχαιραν
1306 3939 1485 4005 ὀξεῖαν
1533 3937 1729 4009 ἔθηκεν
1774 3936 1964 4009 όρθίαν

280 4065 286 4070 ν
380 4039 478 4095 ἐπὶ
532 4037 593 4091 τὺ
645 4036 887 4106 κάθισμα
937 4034 1031 4087 τοῦ
1064 4032 1276 4104 θρόνου,
1324 4031 1419 4084 καὶ
1449 4030 1633 4084 ἐπάνω
1677 4028 1881 4099 ταύτης
1905 4027 1967 4082 τὸ

382 4127 697 4199 ἐφάπλωμα
722 4126 820 4185 τοῦ
854 4125 1069 4195 θρόνου.
1104 4121 1211 4176 Τοῦ
1229 4122 1286 4174 δὲ
1310 4119 1630 4189 Ἐπιφανίου
1683 4119 1974 4196 μέλλοντος,

383 4219 657 4291 καθῆσθαι
688 4220 785 4272 ἐπὶ
803 4216 899 4271 τοῦ
930 4215 1143 4288 θρόνου,
1171 4209 1325 4266 εἶπεν
1352 4210 1492 4282 πρὸς
1525 4210 1615 4264 τὸν
1649 4210 1710 4262 τὸ
1754 4209 1966 4281 ἐνεδρον

383 4314 715 4383 ποιήσαντα·
745 4307 936 4382 τΑρον,
972 4309 1127 4380 φησὶ,
1154 4306 1368 4367 τέκνον.
1397 4304 1462 4357 τὸ
1510 4303 1807 4374 σκέπασμα
1857 4301 1967 4357 ἀπὸ

383 4405 481 4461 τοῦ
506 4405 717 4478 θρόνου.
742 4402 850 4455 Τοῦ
880 4401 936 4455 δὲ
953 4401 1089 4471 πρὸς
1104 4398 1195 4451 τὸν
1218 4397 1377 4465 λόγον
1393 4394 1712 4463 Ἐπιφανίου
1739 4393 1814 4465 μὴ
1871 4395 1968 4448 ἐπ-

2067 2114 2199 2169 Νοιί
2240 2116 2477 2169 misereri
2525 2115 2776 2185 pauperis
2815 2117 2871 2170 in
2902 2119 3139 2187 judicio,
3173 2129 3224 2175 et
3272 2139 3338 2177 ue
3390 2126 3652 2195 respicias.

2064 2220 2345 2274 personam
2397 2206 2644 2272 potentis.
2676 2206 2761 2261 Ab
2788 2221 2854 2261 eo
2885 2207 3070 2277 itaque
3113 2220 3358 2279 tempore
3383 2217 3653 2273 omnibus

2063 2297 2156 2366 qui
2208 2295 2496 2351 veniebant
2545 2295 2811 2366 judicium
2868 2298 3129 2354 reddebat
3183 2300 3539 2372 Epiphanius.
3587 2308 3643 2362 Δ.

2066 2387 2334 2441 matutina
2391 2388 2535 2442 enim
2575 2402 2749 2457 usque
2794 2389 2860 2443 ad
2904 2391 3091 2445 horam
3131 2407 3331 2448 nonam
3386 2397 3648 2463 audiebat

2063 2492 2181 2540 eos,
2210 2478 2306 2548 qui
2340 2478 2738 2549 disceptabant.
2772 2480 2855 2536 Ab
2882 2481 3017 2537 hora
3047 2499 3178 2540 vero
3205 2500 3344 2540 nona
3378 2503 3550 2558 usque
3569 2491 3649 2546 ad

2064 2578 2277 2639 tempus
2310 2571 2636 2626 matutinum
2661 2588 2694 2628 a
2732 2573 2882 2628 nullo
2922 2574 3206 2631 videbatur
3239 2580 3511 2649 amplius-

2134 2659 2270 2714 LVI.
2304 2658 2435 2715 Erat
2458 2668 2639 2716 autem
2682 2676 2746 2716 ex
2788 2660 3071 2731 fratribus,
3105 2664 3197 2734 qui
3247 2675 3405 2721 erant
3437 2667 3490 2722 in
3527 2669 3643 2739 cpi--

2064 2760 2318 2821 scopatu,
2365 2753 2588 2824 quidam
2620 2752 2858 2810 Ruﬁnus
2884 2756 3125 2822 nomine,
3175 2758 3338 2828 cujus
3385 2773 3475 2814 ars
3522 2770 3641 2815 erat

2066 2853 2210 2897 recte
2235 2844 2500 2908 scribere,
2539 2845 2692 2900 vultu
2730 2845 3034 2916 impudens.
3068 2844 3187 2901 Una
3213 2862 3338 2902 cum
3361 2863 3427 2903 eo
3455 2849 3640 2905 insur-

2063 2934 2224 3003 gebat
2255 2934 2668 3003 Faustinianus,
2701 2945 2754 2991 et
2785 2939 3031 3007 quotidie
3078 2938 3265 2994 multis
3294 2942 3641 2997 contumeliis

2063 3023 2335 3078 alliciebat
2375 3025 2759 3095 Epiphanium.
2796 3026 3132 3097 Epiphanius
3162 3043 3297 3085 vero
3329 3045 3454 3085 cum
3488 3048 3641 3087 sum-

2065 3131 2152 3167 ma
2184 3116 2605 3173 mansuetudine
2632 3116 2754 3185 ejus
2788 3118 3117 3188 reprimebat
3157 3120 3464 3178 audaciam.
3500 3122 3641 3193 Sug—

2061 3206 2307 3273 gestione
2344 3215 2526 3263 autem
2575 3208 2937 3275 Faustiniani,
2991 3218 3045 3264 et
3090 3209 3355 3268 daemonis
3415 3214 3521 3283 qui.
3558 3214 3642 3269 eis

2066 3311 2223 3369 opem
2257 3297 2485 3364 ferebat,
2519 3300 2566 3355 is
2601 3301 2855 3371 quaesivit
2898 3302 3200 3358 interﬁcere
3254 3292 3649 3373 Epiphanium,

2065 3406 2188 3447 cum
2247 3389 2640 3448 Faustinianus
2671 3392 2784 3447 hare
2812 3392 2976 3446 verba
3007 3393 3332 3448 contulisset
3359 3409 3485 3449 eum
3520 3410 3639 3449 mo-

2066 3484 2262 3548 nacho,
2295 3491 2352 3539 et
2396 3483 2446 3538 ei
2481 3482 2684 3539 diceret
2717 3482 3063 3538 cacodaemon
3093 3502 3105 3537 :
3142 3481 3199 3537 Si
3235 3483 3454 3539 occidas
3491 3499 3635 3554 pra:-

2063 3577 2287 3641 donem,
2327 3575 2543 3633 sedebis
2599 3589 2764 3644 supra
2814 3575 3094 3629 thronum.
3160 3573 3258 3631 Hic
3292 3584 3472 3630 autem
3528 3586 3640 3631 tam

2066 3667 2269 3731 audax,
2300 3674 2353 3721 et
2386 3673 2495 3721 tam
2532 3665 2801 3730 insolens,
2849 3675 2967 3719 erat
3016 3676 3324 3735 postremus
3376 3666 3643 3721 diaconus

2067 3757 2366 3813 Ecclesiae:
2411 3756 2478 3811 ad
2508 3771 2671 3827 quem
2717 3756 3021 3826 pertinebat
3056 3770 3255 3811 ornare
3293 3756 3551 3811 thronum
3584 3771 3644 3812 e-

2067 3849 2298 3920 piscopi.
2326 3848 2466 3904 Cum
2494 3862 2628 3904 vero
2655 3847 2891 3917 gladium
2932 3856 3151 3903 acutum
3181 3849 3482 3918 accepisset
3522 3863 3643 3904 scev

2067 3942 2296 4007 leratus,
2321 3940 2505 4011 posuit
2528 3956 2652 3995 eum
2687 3946 2891 3996 tectum
2920 3939 2974 3994 in
3019 3955 3084 3996 eo
3114 3939 3257 4004 loco,
3290 3940 3643 3996 ubi.sedetur

2067 4047 2232 4102 supra
2263 4032 2542 4097 thronum,
2560 4039 2616 4087 et
2642 4046 2810 4102 supra
2835 4048 2959 4086 eum
2979 4040 3156 4088 vestes
3179 4031 3469 4102 stragulas.
3501 4031 3639 4086 Cum

2066 4123 2233 4192 igitur
2265 4121 2606 4192 Epiphanius
2647 4123 2713 4176 ad
2756 4122 2939 4176 sedem
2990 4122 3326 4186 ascenderet,
3377 4121 3517 4176 dixit
3566 4124 3637 4187 ei,

2065 4213 2161 4283 qui
2198 4211 2405 4268 fecerat
2458 4211 2733 4268 insidias:
2768 4211 2940 4277 Tollo,
2999 4210 3095 4275 ﬁli,
3152 4211 3299 4268 sedis
3356 4221 3639 4282 tegumen-

2066 4313 2203 4358 tum.
2235 4301 2373 4357 Cum
2404 4304 2451 4358 is
2480 4311 2662 4357 autem
2692 4318 2801 4356 non
2850 4312 3065 4373 pareret
3109 4302 3291 4359 verbis
3329 4299 3640 4370 Epiphauii,

2067 4395 2277 4466 accepit
2301 4395 2649 4477 Epiphanius
2679 4404 3071 4465 tegumentum,
3110 4393 3257 4464 quod
3291 4393 3497 4464 tegebat
3531 4393 3644 4463 gla-

382 4493 826 4558 ακολουθοῦντος,
843 4488 1348 4558 λαόὼνἘπιφάνιος
1375 4487 1437 4540 τὸ
1465 4485 1731 4557 κάλυμμα
1752 4484 1814 4537 τὸ
1848 4486 1960 4537 ἐπι-

2066 4486 2241 4542 dium.
2275 4487 2505 4545 Gladius
2530 4501 2662 4543 vero
2694 4486 2895 4543 cecidit
2926 4487 2980 4540 in
3010 4486 3174 4556 pedes
3211 4484 3392 4539 Ruﬁni
3443 4486 3647 4555 (caco-

384 4582 662 4638 καλύπτον
683 4582 781 4651 τὴν
823 4580 1115 4651 μάχαιραν,
1159 4577 1355 4631 ἔπεσεν
1384 4577 1427 4648 ἡ
1453 4575 1698 4646 μάχαιρα
1728 4575 1811 4639 είς
1841 4576 1960 4639 τοὺς

2066 4580 2328 4636 daemonis
2388 4579 2596 4651 potius,
2654 4579 2860 4650 quam)
2918 4578 3160 4642 diaconi,
3215 4585 3268 4647 et
3319 4578 3521 4632 inﬁxus
3563 4588 3647 4632 est

386 4675 555 4738 πόδας
586 4673 869 4743 Ῥουφίνουμ
891 4671 985 4726 τοῦ
1018 4670 1148 4744 [μὴ]
1167 4669 1412 4723 διακόνου
1433 4709 1448 4731 ,
1490 4667 1584 4722 καὶ
1617 4668 1858 4740 ἐνεπάγη
1886 4669 1960 4732 είς

2068 4674 2188 4745 ejus
2235 4673 2360 4744 pedi
2414 4672 2659 4729 dextero.
2716 4670 2969 4743 Dixitque
3015 4670 3351 4741 Epiphanius
3404 4668 3601 4724 Ruﬁno
3630 4688 3648 4723 :

388 4766 488 4821 τὸν.
536 4765 707 4830 δεξιὸν
762 4763 927 4819 αὐτοῦ
957 4762 1113 4823 πόδα.
1168 4757 1336 4815 Εἶπεν
1362 4761 1420 4815 δὲ
1464 4758 1780 4828 Ἑπιφάνιος
1826 4758 1960 4830 πρὸς

2069 4766 2237 4823 Cessa
2271 4766 2551 4837 deinceps,
2585 4781 2621 4821 ο
2648 4766 2743 4833 ﬁli,
2780 4765 2850 4821 ab
2890 4764 3204 4830 insolentia,
3235 4779 3305 4819 ne
3352 4763 3538 4817 venias
3590 4762 3649 4818 in

399 4859 678 4926 Ῥουφῖνον
702 4873 718 4889 θ
768 4841 1007 4919 Παῦσαι,
1037 4853 1193 4924 φησὶ,
1218 4852 1320 4922 τῆς
1345 4850 1571 4916 ἀταξίας
1606 4868 1721 4911 σου,
1754 4850 1960 4915 τέκνον,

2070 4859 2400 4930 periculum,
2432 4874 2541 4913 non
2570 4870 2696 4928 post
2724 4858 2945 4928 longum
2985 4868 3218 4926 tempus.
3252 4855 3351 4910 Exi
3389 4854 3552 4925 igitur
3577 4856 3648 4908 ab

388 4951 604 5020 μήποτε
632 4948 731 5005 καὶ,
752 4946 1126 5018 κινδυνεύσῃς,
1161 4945 1222 4997 οὐ
1282 4942 1421 5015 μετά
1466 4943 1680 5014 χρόνον.
1740 4940 1960 5007 Ἔξελθε

2068 4949 2297 5005 ecclesia
2333 4967 2347 5017 ;
2390 4964 2567 5019 neque
2613 4950 2758 5004 enim
2796 4951 2994 5019 dignus
3040 4964 3101 5003 es
3140 4946 3525 5003 communione
3553 4960 3645 4999 sa-

383 5038 569 5093 τοίνυν
595 5038 702 5093 ἀπὸ
727 5037 828 5107 τῆς
855 5035 1185 5108 ἐκκλησίας·
1208 5035 1268 5089 οὐ
1298 5034 1407 5107 γὰρ
1439 5028 1490 5086 εἰ
1529 5032 1678 5098 ἄξιος
1728 5033 1960 5104 μεταλα-

2073 5056 2292 5099 crorum
2320 5044 2729 5113 mysteriorum.
2768 5041 2998 5096 Ruﬁnus
3044 5049 3225 5099 autem
3274 5052 3527 5108 egressus
3553 5052 3647 5091 ec-

386 5131 507 5185 6εἶν
560 5130 666 5183 τῶν
710 5129 869 5189 θείων
902 5127 1238 5199 μυστηρίων.
1281 5124 1542 5192 Ἐξελθὼν
1587 5125 1646 5178 δὲ
1687 5126 1960 5194 Ῥουφῖνος

2072 5126 2261 5199 elesia,
2298 5134 2352 5189 in
2379 5134 2719 5205 episc0piutn
2773 5134 2932 5199 abiit,
2966 5141 3021 5187 et
3048 5133 3100 5186 in
3130 5131 3268 5189 lecto
3304 5144 3368 5185 se
3414 5143 3647 5198 compo-

386 5222 501 5274 ἀπὸ
526 5221 626 5292 τῆς
648 5220 967 5292 ἐκκλησίας,
1000 5218 1241 5290 ἀπῆλθεν
1278 5219 1335 5271 ἐν
1376 5216 1456 5287 τῷ
1481 5217 1838 5292 ἐπισκοπείῳ,
1871 5220 1960 5273 καὶ

2073 5242 2230 5289 nens,
2258 5233 2381 5296 post
2406 5226 2642 5282 triduum
2674 5236 2922 5282 mortuus
2948 5233 3053 5279 est.

388 5316 505 5381 θεὶς
530 5315 719 5370 ἑαυτὸν
750 5315 844 5367 ἐπὶ
870 5314 969 5384 τῆς
1001 5311 1212 5382 κλίνης,
1245 5309 1383 5382 μετά
1403 5314 1553 5383 τρεῖς
1582 5313 1797 5385 ἡμέρας
1836 5318 2132 5375 κατέλυσεν
2165 5315 2273 5374 τὸν
2284 5321 2418 5393 βίον.

463 5411 587 5464 NZ'.
619 5409 756 5463 Κατ’
781 5408 985 5461 ἐκεῖνον
1005 5407 1064 5460 δέ
1086 5406 1178 5459 τὸν
1203 5404 1412 5476 καιρὸν,
1440 5404 1534 5461 τοῦ
1565 5406 1827 5477 βασιλέως
1841 5410 1960 5464 Θεο-

2150 5414 2306 5470 LVII.
2348 5414 2452 5471 Per
2481 5415 2611 5469 iilud
2641 5422 2854 5482 tempus
2883 5425 3007 5465 cum
3047 5407 3389 5464 Theodosius
3417 5408 3649 5478 impera-

391 5499 595 5566 δοσίου,
648 5499 750 5571 οῦκ
786 5493 900 5550 οἶδα
938 5495 1083 5549 κατά
1117 5493 1276 5548 ποίαν
1304 5493 1583 5566 πρόφασιν.
1631 5493 1960 5565 ἀλγήσαντος

2076 5520 2161 5565 tor
2188 5508 2374 5565 nescio
2411 5522 2516 5577 qua
2550 5505 2841 5562 occasione
2867 5503 3137 5559 laboraret
3163 5501 3410 5572 pedibus,
3438 5499 3650 5556 inferne

467 5633 515 5663 "
548 5630 724 5685 Exod.
759 5644 916 5695 xxiii,
948 5628 1014 5693 '5;
1048 5625 1176 5680 ιον.
1214 5641 1328 5692 xix,
1359 5626 1444 5681 l5.
1551 5657 1557 5660 -

469 5784 544 5858 (α)
584 5783 741 5855 Legit
771 5783 1033 5852 interpres
1068 5782 1160 5835 nat
1187 5781 1439 5852 ἐποίησεν
1464 5783 1498 5851 ὴ
1522 5778 1656 5850 γυνὴ
1685 5776 1909 5877 οὕτως..
