4058 6426
474 357 556 415 .95
1763 353 1821 410 S.
1864 349 2209 409 EPIPIIANII
2246 351 2428 408 VITA.
3664 345 3735 405 ΟΕ

483 487 608 528 eum
649 487 680 526 a
731 471 961 543 genibus
1004 471 1203 526 invasit
1242 470 1530 543 paralysis.
1571 469 1847 541 iacuitque
1889 469 1946 524 in
1985 469 2055 524 le-
2085 473 2125 524 Α

483 573 572 617 cto
602 571 806 630 septem
861 563 1166 618 mensibus.
1198 562 1247 618 Is
1288 562 1353 617 ad
1405 561 1765 632 Epiphanium
1799 562 1949 617 misit
1999 562 2054 617 in

480 652 742 721 Cyprum,
775 662 833 706 ut
853 652 1062 705 veniret
1108 652 1161 705 in
1191 653 1415 722 regiam,
1453 660 1511 707 et
1537 668 1692 723 Opem
1725 653 1890 710 ferret
1926 653 2052 709 sibi.

480 742 617 795 Cum
658 743 705 795 ei
747 751 926 797 autem
967 742 1358 806 occurrissent,
1395 744 1488 813 qui
1537 744 1689 799 missi
1730 744 1947 798 fuerant
1986 745 2057 799 ah

484 831 832 900 imperatore,
862 833 1129 903 urgebant
1157 832 1543 904 Epiphanium,
1581 844 1641 890 ut
1665 836 1839 891 exiret
1865 844 2054 890 eterra

482 919 830 993 Cypriorum.
864 921 942 977 Ex
988 938 1094 992 qua
1133 938 1257 978 cum
1298 940 1435 994 opus
1474 934 1622 981 esset
1660 926 1736 980 illi
1777 926 2052 996 navigare,

482 1026 674 1067 omnes
716 1011 909 1067 fratres
962 1014 1236 1068 malebant
1281 1015 1444 1081 mori,
1492 1031 1656 1085 quam
1704 1019 1906 1087 privari
1952 1030 2055 1071 suo

483 1113 654 1172 patre.
686 1101 821 1157 Cum
860 1104 895 1157 ii
947 1113 1151 1169 autem,
1199 1106 1294 1176 qui
1330 1106 1481 1162 missi
1520 1108 1735 1163 fuerant
1775 1110 1845 1164 ah
1885 1110 2057 1178 impe-

480 1204 685 1260 ratore,
729 1196 1083 1252 sollicitarent
1117 1197 1503 1267 Epiphanium,
1547 1208 1608 1255 ut
1648 1201 1962 1256 ascenderet
2002 1202 2053 1256 in

482 1287 710 1355 regiam,
751 1287 887 1343 dixit
933 1289 1015 1345 eis
1061 1288 1441 1361 Epiphanius:
1483 1291 1580 1355 lte,
1612 1307 1646 1346 ο
1689 1292 1806 1359 lilii,
1845 1293 1911 1347 ad
1955 1294 2057 1347 im-

480 1385 786 1446 peratorem
808 1396 823 1443 ;
849 1394 950 1450 ego
981 1380 1127 1434 enim
1160 1391 1282 1450 post
1312 1396 1411 1437 vos
1444 1383 1676 1439 veniam.
1706 1383 1845 1439 Cum
1869 1385 1902 1439 ii
1928 1401 2057 1439 vero

479 1468 765 1524 dicerent:
804 1469 881 1525 Ne
929 1472 1247 1542 indigneris,
1281 1489 1314 1529 ο
1345 1472 1541 1529 Pater:
1591 1475 1674 1531 sic
1715 1477 1861 1533 enim
1895 1476 2058 1547 jussit

481 1561 808 1631 imperator;
853 1578 952 1619 nec
998 1580 1291 1634 possumus
1324 1566 1484 1620 aliter
1535 1564 1735 1632 facere,
1794 1583 1864 1624 ne
1919 1567 2059 1623 forte

481 1651 767 1707 veniamus
802 1653 853 1706 in
897 1653 1221 1723 periculum,
1266 1656 1504 1711 maxime
1553 1672 1678 1713 cum
1712 1666 1955 1728 aegrotet,
2003 1667 2060 1713 et

479 1751 635 1797 tuum
668 1744 957 1798 adventum
989 1754 1287 1815 exspectet,
1314 1761 1348 1801 ο
1387 1745 1584 1804 Pater:
1614 1748 1704 1802 vix
1730 1736 2053 1817 persuasum

482 1843 566 1889 est
605 1833 925 1903 Epiphanio,
976 1845 1034 1890 ut
1081 1851 1205 1890 cum
1234 1837 1316 1893 eis
1374 1837 1673 1908 navigaret.
1720 1837 2054 1909 Epiphanius

484 1925 698 1995 itaque,
737 1927 1004 1982 accersito
1036 1928 1449 1999 religiosissimo
1496 1930 1753 2000 episcopo
1804 1930 2053 1995 Philone,

479 2018 646 2087 jussit
677 2034 800 2072 eum
831 2035 1020 2075 curam
1052 2035 1239 2092 gerere
1268 2022 1616 2078 necessitatis
1643 2022 2052 2078 ecclesiasticae.

482 2110 805 2180 Congrcgati
843 2120 970 2166 sunt
997 2121 1178 2166 autem
1219 2127 1411 2167 omnes
1444 2112 1635 2169 Patres
1662 2122 1717 2168 et
1741 2112 1962 2180 fratres,
2000 2122 2055 2170 et

479 2199 572 2270 qui
604 2202 872 2256 catechesi
912 2202 1144 2257 instituti
1187 2202 1405 2258 fuerant
1430 2204 1499 2258 ab
1527 2203 1872 2273 Epiphanio:
1914 2204 2056 2274 Quos

479 2304 669 2346 omnes
718 2293 896 2347 valere
952 2293 1260 2362 jussimus,
1321 2304 1377 2348 et
1430 2295 1810 2366 navigavimus
1857 2294 1925 2349 ad
1975 2309 2058 2349 re-

478 2377 645 2446 giam.
703 2377 870 2434 Nobis
914 2391 1096 2435 autem
1148 2382 1410 2452 ingressis
1484 2382 2050 2454 ConstantinOpolim,

481 2466 597 2535 ipse
633 2469 1035 2538 ingrediebatur
1062 2486 1186 2527 cum
1233 2486 1449 2527 snmma
1485 2474 1668 2544 quiete
1699 2483 1754 2530 et
1785 2476 2053 2545 tranquil-

479 2556 650 2620 litate,
700 2575 864 2628 quam
894 2561 1214 2615 ostendebat
1244 2563 1522 2627 omnibus,
1560 2565 1761 2633 quibus
1794 2580 2053 2623 occurre-

478 2645 590 2700 bat.
635 2645 764 2701 Erat
799 2648 962 2720 igitur
990 2648 1334 2706 Theodosius
1385 2651 1684 2721 imperator
1726 2666 1911 2710 mutus
1943 2672 2053 2721 pra:

478 2736 688 2801 dolore,
701 2738 889 2805 jacens
918 2740 971 2793 in
988 2740 1149 2795 lecto.
1168 2740 1460 2811 Postquam
1479 2752 1660 2799 autem
1679 2747 1909 2801 accessit
1925 2746 2052 2817 Epi-

481 2827 711 2896 phanins
728 2830 791 2883 ad
811 2830 1213 2901 imperatorem,
1245 2835 1538 2904 imperator
1562 2836 1697 2890 dixit
1721 2838 2050 2908 Epiphanio,

482 2915 709 2972 Precare
732 2933 831 2988 pro
860 2935 967 2983 me,
991 2919 1170 2986 Pater,
1205 2933 1266 2977 ut
1292 2923 1663 2981 benevaleam.
1700 2926 1846 2983 Dixit
1870 2939 2047 2983 autem

478 3008 847 3080 Epiphanius:
873 3010 994 3077 Fili,
1021 3013 1180 3069 crede
1204 3014 1502 3082 Cruciilxo,
1546 3028 1600 3073 et
1630 3018 1856 3075 habebis
1896 3020 2049 3075 sani-

478 3110 661 3155 tatem.
697 3102 842 3159 Habe
861 3105 979 3160 sine
1000 3105 1404 3164 intermissione
1421 3108 1590 3164 Deum
1619 3111 1672 3165 in
1695 3120 1821 3167 voto
1853 3121 1968 3176 tuo,
1993 3124 2048 3168 et

475 3208 645 3246 ouine-
668 3195 866 3249 malum
899 3196 972 3251 tni
1005 3213 1112 3250 non
1148 3198 1542 3255 dominabitur.
1573 3199 1831 3257 Miserere
1851 3218 2043 3257 eorum

475 3285 915 3357 qui-affliguntur,
936 3301 988 3342 rt
1008 3288 1267 3346 Dominus
1286 3292 1363 3346 tni
1385 3292 1750 3348 miserebitur.
1772 3292 1904 3350 Esto
1927 3304 2049 3350 tan-

476 3391 640 3444 quam
674 3393 786 3441 rex,
815 3380 907 3447 qui
933 3381 1166 3434 honorat
1200 3398 1325 3436 eum
1373 3384 1467 3452 qui
1491 3383 1585 3438 dat
1614 3384 1665 3439 ei
1698 3394 2047 3453 potestatem,

481 3476 537 3521 et
562 3468 679 3538 ipse
706 3469 927 3536 adjiciet
955 3471 1051 3525 tibi
1086 3472 1348 3541 majorem
1388 3475 1639 3544 gratiam.
1685 3475 1826 3529 Cum
1865 3487 2045 3531 autem

486 3557 820 3628 Epiphanius
850 3562 963 3617 hac
987 3562 1214 3619 dixisset
1240 3565 1580 3634 imperatori,
1610 3576 1663 3621 et
1683 3566 1733 3621 ei
1751 3569 2047 3638 appropin-

477 3661 724 3719 quasset,
751 3662 806 3708 et
835 3654 1101 3721 tetigisset
1128 3656 1247 3725 ejus
1275 3656 1712 3728 pcdcs,eumque
1730 3668 1812 3714 ter
1841 3660 2050 3730 signas-

475 3750 578 3805 sct,
607 3741 745 3797 dixit
774 3744 824 3798 ei
856 3762 870 3798 :
904 3743 1027 3808 Fili,
1052 3761 1214 3816 surge
1247 3762 1278 3802 e
1332 3746 1496 3803 lecto.
1547 3747 1671 3804 llaec
1716 3766 1840 3805 cum
1876 3750 2047 3821 impc-

480 3842 629 3886 rator
659 3833 925 3890 audiisset
967 3837 1035 3890 ab
1064 3836 1394 3906 Epiphanio,
1427 3840 1669 3895 surrexit
1701 3857 1731 3895 a
1772 3842 1916 3897 lecm
1954 3858 2049 3897 su—

482 3939 578 3993 pra
611 3927 799 3993 pedes,
832 3926 967 3980 nihil
996 3929 1221 3982 omnino
1254 3930 1461 3985 habens
1504 3931 1654 3985 mali.
1686 3930 1834 4007 Dixit
1863 3941 2044 3987 autem

475 4017 767 4087 imperator
789 4017 1092 4089 Epiphanio
1122 4039 1135 4076 :
1174 4020 1354 4085 Pater,
1390 4023 1523 4076 mihi
1556 4039 1773 4094 semper
1815 4025 2007 4095 jubeto
2031 4067 2044 4090 ,

471 4115 530 4161 et
566 4123 675 4178 ego
714 4118 803 4163 tua
826 4111 979 4179 jussa
1012 4127 1307 4183 exsequar.
1337 4112 1488 4169 Dixit
1519 4113 1856 4184 Epiphanius
1885 4135 1900 4172 :
1932 4116 2045 4171 lla-

475 4201 603 4255 bcas
632 4200 725 4255 Dei
759 4200 921 4259 verba
962 4204 1016 4258 in
1044 4205 1228 4260 animo
1262 4214 1391 4273 tuo,
1425 4215 1481 4262 et
1509 4222 1627 4262 non:
1651 4223 1788 4279 Opus
1814 4208 2042 4265 habebis

474 4289 794 4360 Epiphanio.
823 4278 963 4348 Cum
1005 4296 1120 4352 hate
1158 4306 1373 4366 autem,
1407 4308 1466 4354 et
1496 4300 1583 4355 his
1616 4278 1773 4371 plura
1801 4300 2042 4370 impera-

471 4382 575 4435 tori
602 4383 828 4439 dixisset
857 4382 1191 4453 Epiphanius
1209 4424 1225 4450 ,
1251 4388 1402 4443 venit
1429 4396 1643 4457 tempus
1684 4390 1926 4459 prandii.
1955 4390 2046 4444 Di-

2154 470 2279 531 τοὺς
2306 468 2490 531 πόδας,
2524 465 2634 520 ἀπὸ
2678 464 2788 529 τῶν
2814 463 3063 534 εγονάτων
3114 457 3208 517 καὶ
3263 460 3414 516 κάτω
3457 461 3740 536 παρελύθη

2156 558 2275 610 ὅλον
2303 557 2364 609 τὸ
2386 555 2549 628 μέρος
2580 556 2776 619 ἐκεῖνο,
2807 554 2903 608 καὶ
2926 548 2996 624 ἦν
3021 552 3273 623 κείμενος
3301 551 3396 604 ἐπὶ
3422 550 3519 620 τῆς
3547 551 3741 623 κλίνης

2158 648 2550 719 ἑπταμηνιαῖον
2581 646 2791 717 χρόνον.
2834 636 3003 707 Οὗτος
3032 641 3353 696 ἀπέστειλεν
3388 640 3525 712 πρὸς
3582 643 3740 696 Ἐπι-

2158 740 2345 807 φάνιον
2375 739 2465 791 ἐπὶ
2489 740 2590 809 τῆς
2625 734 2910 807 Κυπρίων,
2935 733 3084 797 ὅπως
3106 731 3303 804 ἀνέλθῃ
3329 731 3423 785 ἐπὶ
3448 729 3547 803 τὴν
3583 730 3747 819 βασιέ

2156 830 2274 882 λίδα
2293 828 2709 883 Κωνσταντίνου
2732 826 2885 880 πόλιν
2901 866 2917 887 ,
2940 825 3088 888 ὅπως
3114 822 3370 893 βοηθήσει
3389 822 3737 892 ὀδυνωμένῳ.

2156 921 2267 974 Καὶ
2294 920 2359 992 δὴ
2392 919 2844 990 καταντησάντων
2864 915 2972 970 τῶν
2998 914 3419 985 ἀπεσταλμένων
3458 912 3611 983 παρὰ
3640 911 3741 965 τοῦ

2158 1010 2441 1082 βασιλέως,
2463 1011 2753 1065 διεκώλυεν
2775 1009 2869 1063 τὸν
2923 1008 3241 1078 Ἐπιφάνιον
3269 1005 3331 1060 τδ
3376 1005 3451 1077 μὴ
3500 1003 3741 1070 ἐξελθεῖν

2156 1102 2264 1156 ἀπὸ
2297 1104 2397 1173 τῆς
2426 1102 2686 1173 Κυπρίων
2716 1103 2749 1172 ἡ
2775 1099 2953 1171 θλίψις
2981 1101 3078 1153 καὶ
3095 1098 3165 1153 τὰ
3183 1098 3393 1169 δάκρυα
3429 1095 3541 1150 τῶν
3578 1094 3735 1150 ἀδελ-

2155 1193 2291 1261 φῶν.
2331 1194 2459 1246 Ὅτε
2502 1192 2611 1264 γὰρ
2635 1191 2884 1257 ὲξέπλεεν
2915 1190 3023 1244 ἀπὸ
3046 1190 3146 1261 τῆς
3177 1188 3467 1259 Κυπρίων,
3495 1187 3739 1249 ἅπαντες

2154 1282 2204 1335 οἱ
2229 1281 2448 1351 ἀδελφοὶ
2469 1279 2697 1335 θάνατον
2725 1278 3176 1351 προπκαλοῦντο.
3201 1278 3322 1331 Τῶν
3355 1277 3414 1330 δὲ
3460 1275 3740 1330 ἀπεσταλ-

2160 1371 2337 1442 μένων
2366 1371 2517 1442 παρά
2542 1370 2635 1425 τοῦ
2670 1370 2935 1441 βασιλέως
2962 1369 3396 1423 ὲπισπευδόντων
3438 1368 3532 1422 τὸν
3583 1367 3743 1422 Ἐπι-

2158 1460 2367 1530 φάνιον,
2395 1462 2547 1525 ὅπως
2593 1452 2790 1532 ἀνέλθῃ
2831 1462 2924 1516 ἐπὶ
2951 1462 3051 1531 τὴν
3076 1460 3351 1533 βασιλίδα,
3390 1459 3575 1528 ἔλεγεν
3599 1459 3741 1529 πρὸς

2156 1554 2350 1617 αὐτοὺς
2392 1554 2710 1622 Ἐπιφάνιος
2734 1570 2747 1583 ⁸
2784 1552 3112 1624 Πορεύεσθε,
3131 1552 3319 1615 τέκνα,
3346 1551 3483 1622 πρὸς
3505 1550 3598 1603 τὸν
3638 1551 3741 1620 βα-

2157 1645 2333 1710 σιλέα,
2374 1644 2531 1712 κάγὼ
2568 1643 2876 1716 πορεύομαι
2910 1641 3239 1697 κατόπισθεν
3282 1640 3457 1712 ὑμῶν.
3510 1639 3632 1693 Τῶν
3682 1638 3745 1692 δὲ

2154 1735 2422 1803 λεγόντων
2439 1752 2452 1765 ·
2482 1734 2572 1803 Μὴ
2588 1734 2829 1805 ὀργίζου,
2860 1734 3062 1805 Πάτερ,
3091 1733 3172 1788 ὅτι
3198 1732 3449 1795 κέλευσις
3471 1730 3743 1802 βασιλέως

2087 1802 2129 1860 Β
2161 1826 2330 1889 ἐστὶν,
2360 1825 2456 1879 καὶ
2486 1802 2857 1896 ούίδύνάμεθα
2889 1802 3114 1894 ποιῆσαι
3141 1824 3335 1889 άλλως,
3368 1825 3577 1895 μήποτε
3624 1839 3744 1876 κιν-

2159 1916 2524 1987 δυνεύσωμεν,
2566 1915 2798 1987 μάλιστα
2833 1918 2892 1969 ἐν
2917 1915 3199 1987 ἀρρωστίᾳ
3246 1915 3396 1979 ὄντος
3446 1914 3542 1969 τοῦ
3585 1913 3745 1984 βασι-

2160 2008 2315 2072 λέως,
2337 2009 2432 2062 καὶ
2459 2007 2887 2080 προσδεχομένου
2910 2006 3011 2079 τὴν
3037 2007 3137 2078 σὴν
3156 2006 3439 2076 ἀγγελίαν,
3465 2005 3511 2060 ὦ
3530 2006 3740 2077 Πάτερο

2164 2100 2315 2172 μόλις
2345 2100 2571 2154 ἔπεισαν
2595 2100 2686 2154 τὸν
2720 2099 3039 2168 Ἐπιφάνιον
3072 2097 3335 2153 ἀποπλεῖν
3364 2100 3483 2168 μετ’
3531 2097 3739 2151 αὐτῶν.

2171 2193 2230 2246 ὐ
2247 2192 2378 2262 γοῦν
2402 2192 2717 2262 Ἐπιφάνιος
2741 2190 3231 2262 μεταστειλάμενος
3263 2189 3358 2244 τὸν
3386 2188 3741 2258 θεοφιλέστα-

2156 2301 2248 2338 τον
2270 2284 2567 2338 ἐπίσκοπον
2589 2282 2821 2347 Φίλωνα,
2854 2282 3155 2353 ἐπέτρεψεν
3183 2280 3333 2353 αύτῷ
3354 2280 3452 2352 τὴν
3478 2279 3742 2351 φροντίδα

2159 2372 2427 2427 ποιεῖσθαι
2457 2373 2557 2444 τῆς
2608 2372 3072 2445 ὲκκλησιαστικῆς
3124 2372 3334 2444 χρείας.
3383 2369 3743 2442 Συνήχθησαν

2157 2460 2252 2518 οὖν
2294 2465 2534 2528 ἅπαντες
2551 2466 2600 2518 οί
2632 2465 2893 2535 Πατέρες,
2926 2464 3020 2517 καὶ
3066 2463 3308 2533 ἀδελφοὶ,
3340 2465 3437 2517 καὶ
3494 2478 3744 2533 κατηχη-

2159 2556 2341 2620 θέντες
2372 2556 2525 2629 παρά
2552 2557 2869 2626 Ἐπιφανίου
2888 2574 2900 2587 ’
2932 2555 3300 2627 ἠσπασάμεθα
3353 2557 3620 2619 ἅπαντας,
3641 2551 3742 2607 καὶ

2156 2648 2585 2719 ἀπεπλεύσαμεν
2617 2650 2710 2702 ἐπὶ
2757 2649 2858 2721 τὴν
2898 2648 3161 2719 βασιλίδα.
3222 2646 3588 2707 Εἰσελθόντων
3641 2640 3741 2699 οὖν

2156 2741 2311 2812 ἡμῶν
2330 2743 2389 2795 ἐν
2417 2741 2825 2795 Κωνσταντίνου
2850 2740 3025 2804 πόλει,
3055 2738 3364 2811 ἀνηγγέλθη
3396 2738 3476 2810 τῷ
3524 2737 3741 2808 βασιλεῐ

2154 2834 2188 2903 ἡ
2216 2831 2487 2903 παρουσία
2509 2830 2851 2900 Ἐπιφανίου.
2873 2830 2980 2883 Τοῦ
3002 2829 3058 2882 δὲ
3090 2828 3354 2899 βασιλέως
3381 2829 3741 2890 κελεύσαντος

2155 2923 2382 2978 εἰσιέναι
2411 2924 2558 2995 ἡμᾶς
2591 2925 2648 2975 ὲν
2674 2924 2787 2986 τοῖς
2809 2922 3122 2993 βασιλείοις,
3166 2920 3381 2983 ἔβαινεν
3418 2920 3739 2988 Ἐπιφάνιος

2155 3016 2214 3068 ἐν
2239 3014 2408 3086 πολλῇ
2441 3016 2793 3071 καταστάσει.
2828 3011 2938 3068 Ἦν
2973 3014 3032 3068 δὲ
3077 3015 3111 3067 θ
3160 3012 3412 3084 βασιλεὺς
3453 3011 3738 3074 Θεοδόσιος

2157 3109 2231 3179 μὴ
2256 3108 2551 3179 δυνάμενος
2578 3107 2834 3178 ¹λαλῆσαι
2867 3107 2975 3161 ἀπὸ
2995 3105 3098 3177 τῆς
3128 3105 3437 3177 ἀλγηδόνος.
3479 3105 3735 3181 ριείμενος

2157 3201 2251 3253 ἐπὶ
2279 3200 2380 3270 τῆς
2420 3199 2628 3270 κλίνης.
2689 3200 2778 3264 Ὠς
2809 3196 2902 3254 οὖν
2934 3201 3158 3271 ἤγγισεν
3190 3197 3507 3265 Ἐπιφάνιος
3540 3195 3616 3264 τῷ
3643 3195 3736 3265 βα-

2158 3292 2314 3357 σιλεῖ,
2345 3287 2497 3347 εἶπεν
2534 3295 2564 3347 ὀ
2588 3291 2842 3363 βασιλεὺς
2871 3291 3006 3363 πρὸς
3036 3290 3352 3359 Ἐπιφάνιον
3376 3306 3389 3319 ·
3429 3284 3594 3352 Εύξαί
3617 3304 3749 3357 per...

2155 3383 2357 3454 Πάτερ,
2385 3383 2535 3447 ὅπως
2565 3382 2811 3453 ὑγιαίνω.
2843 3377 3010 3435 Εἶπεν
3032 3380 3089 3434 δὲ
3126 3380 3442 3449 Ἐπιφάνιος
3474 3378 3554 3449 τῷ
3580 3377 3737 3448 βασι-

2153 3473 2268 3527 λεῖ·
2319 3473 2569 3541 Πίστευε,
2619 3474 2830 3537 τέκνον,
2857 3472 2935 3544 τῷ
2986 3471 3408 3543 ὲσταυρωμένῳ,
3440 3471 3535 3523 καὶ
3590 3469 3734 3534 ἕξεις

2151 3566 2358 3638 ταύτην
2394 3567 2771 3631 ἀδιαλείπτως.
2812 3567 2944 3636 Ἔχε
2991 3564 3082 3619 τὸν
3117 3566 3251 3619 Θεὸν
3285 3564 3425 3618 κατά
3462 3562 3607 3626 νοῦν,
3639 3564 3737 3617 καὶ
3776 3572 3791 3585 '

2153 3659 2322 3713 κακὸν
2345 3660 2405 3714 οὗ
2435 3658 2714 3732 κυριεύσει
2749 3674 2864 3711 σου.
2901 3657 3056 3711 Γίνου
3104 3656 3353 3728 ἐλεήμων
3395 3659 3506 3719 τοῖς
3553 3654 3734 3708 θλιϐο-

2157 3749 2358 3820 μένοις,
2393 3751 2488 3804 καὶ
2519 3750 2617 3822 ἔσῃ
2655 3749 2958 3821 ἠλεημένος
2982 3750 3088 3803 ὑπὸ
3135 3748 3291 3803 Θεοῦ.
3323 3747 3480 3801 Γίνου
3525 3747 3600 3810 ὡς
3635 3746 3732 3816 βα-

2152 3841 2336 3906 σιλεὺς
2362 3841 2537 3913 τιμῶν
2561 3843 2651 3896 τὸν
2679 3841 2839 3895 δόντα
2877 3859 2961 3896 σοι
2992 3841 3091 3913 τὴν
3127 3840 3375 3907 ἐξουσίαν
3396 3880 3410 3905 ,
3444 3840 3540 3893 καὶ
3566 3839 3730 3902 αὐτὸς

2150 3932 2312 3987 δώσει
2339 3951 2422 3987 σοι
2453 3933 2673 3987 πλείονα
2703 3934 2886 4005 χάριν.
2915 3934 3026 3987 Καὶ
3074 3933 3249 3987 ταῦτα
3299 3930 3471 3986 εἰπὼν
3498 3930 3730 3999 Ἐπιφῶ

2150 4041 2262 4088 νιος
2285 4025 2362 4096 τῷ
2393 4025 2619 4096 βασιλεῖ,
2673 4025 2919 4094 ἐγγίσας,
2972 4024 3067 4077 καὶ
3115 4024 3391 4094 ἁψάμενος
3419 4021 3585 4079 αὐτοῦ
3618 4021 3728 4076 τῶν

2153 4113 2349 4175 ποδῶν,
2395 4115 2489 4169 καὶ
2522 4114 2831 4185 σφραγίσας
2860 4113 3023 4167 αὑτὸν
3064 4114 3245 4185 τρίτον
3291 4110 3446 4167 εἶπεν
3495 4113 3728 4181 Ἐπιςάκ

2150 4222 2263 4269 νιος
2290 4205 2370 4276 τῷ
2401 4205 2642 4277 βασιλεῖ·
2670 4206 2928 4271 mam,
2963 4205 3171 4270 τέκνον,
3205 4206 3358 4277 φησὶ,
3382 4205 3482 4276 τῆς
3516 4205 3724 4276 κλίνης·

2150 4295 2426 4349 πέπαυται
2470 4295 2579 4367 γὰρ
2609 4295 2640 4348 ὁ
2689 4295 2850 4360 πόνος
2899 4294 3010 4350 ἀπὸ
3049 4294 3160 4349 τῶν
3189 4294 3386 4350 ποδῶν.
3439 4293 3625 4348 Ταῦτα
3669 4295 3726 4349 δὲ

2148 4386 2385 4450 ἀκούσας
2415 4387 2444 4438 ὁ
2478 4387 2730 4458 βασιλευς
2761 4387 2963 4451 εὐθέως
2994 4387 3195 4458 ἀνέστη
3235 4387 3345 4441 άπὸ
3380 4386 3479 4456 τῆς
3507 4386 3722 4457 κλίνης,

471 4473 551 4527 xit
583 4488 718 4542 ergo
734 4472 1071 4544 Epiphanius
1092 4476 1440 4547 imperatori:
1472 4477 1639 4545 Vade,
1665 4480 1763 4547 liii,
1793 4481 1862 4536 ad
1894 4497 2043 4536 men-

2152 4477 2316 4549 μηδὲν
2338 4478 2506 4533 tu.be
2533 4477 2672 4548 ἔχων
2692 4478 2786 4533 ἐπὶ
2815 4479 2938 4542 τοὺς
2970 4478 3136 4543 πόδας
3174 4477 3360 4532 αὐτοῦ.
3400 4473 3569 4532 Εἶπεν
3593 4477 3650 4531 δὲ
3693 4479 3725 4530 ὁ

470 4578 611 4630 sam,
633 4573 690 4617 et
715 4564 1002 4622 benedices
1025 4566 1378 4624 benefactori.
1413 4568 1544 4624 Erat
1578 4579 1760 4626 autem
1792 4568 2040 4641 Epipha.

471 4655 596 4709 nius
619 4655 832 4725 lepidus
865 4666 919 4711 et
958 4657 1222 4725 urbanus,
1257 4669 1312 4715 et
1328 4660 1535 4717 habens
1568 4677 1877 4718 sermonem
1906 4677 2042 4718 con-

468 4746 641 4802 ditum
690 4746 873 4802 divina
911 4749 1104 4817 gratia.
1151 4749 1218 4805 Et
1260 4753 1481 4822 quando
1512 4753 1566 4807 in
1602 4755 1856 4811 morbum
1899 4757 2026 4827 qui-

468 4839 591 4893 dem
625 4838 811 4895 Roma:
840 4839 1029 4896 incidit
1053 4841 1160 4896 filia
1188 4842 1504 4912 Theodosii,
1535 4854 1666 4901 tunc
1696 4848 1966 4903 Arcadius
1989 4856 2044 4902 ct

472 4930 745 4987 Honorius
779 4930 1002 4988 fuerunt
1052 4933 1256 4999 Romm,
1307 4947 1362 4990 et
1381 4939 1577 4992 versati
1634 4948 1757 4994 sunt
1814 4955 1938 4993 cum
1975 4955 2038 4994 ea

470 5026 631 5093 longo
669 5032 943 5091 tempore,
984 5027 1244 5094 quoniam
1273 5028 1383 5083 illic
1423 5040 1542 5083 erat
1573 5031 1690 5084 viro
1722 5031 2036 5100 conjuncta.

468 5116 602 5170 Cum
660 5132 789 5173 vero
839 5117 1104 5174 audiisset
1136 5117 1475 5176 Theodosius
1535 5120 1762 5178 Romam
1824 5125 2039 5179 venisse

469 5205 850 5275 Epiphanium,
879 5224 1106 5265 curasse
1150 5209 1271 5279 ejus
1320 5210 1508 5277 filiam,
1531 5222 1586 5267 et
1611 5211 1722 5266 lilio
1746 5213 1868 5281 ejus
1897 5252 1913 5277 ,
1942 5215 2036 5284 qui

466 5306 582 5351 erat
612 5307 891 5365 mortuus,
918 5301 1084 5355 vitam
1138 5301 1473 5368 reddidisse,
1517 5301 1924 5372 Arcadiumque
1984 5313 2040 5359 et

469 5387 766 5441 limiorinm
800 5376 987 5458 postea
1042 5394 1411 5467 illuminasse,
1452 5409 1647 5465 magna
1677 5407 1760 5450 est
1806 5396 2036 5450 aﬂectus

469 5474 671 5531 ite-tilia.
713 5477 833 5543 Quo
860 5477 1059 5535 factum
1081 5493 1202 5547 est,
1235 5493 1295 5538 ut
1323 5483 1580 5553 deinceps
1623 5484 1692 5539 ad
1736 5499 1861 5538 eum
1892 5485 2037 5539 scri-

470 5566 635 5630 beret,
675 5577 932 5636 tanquam
982 5572 1048 5625 ad
1109 5581 1342 5641 patrem.
1375 5572 1550 5628 Porro
1578 5590 1703 5629 cum
1754 5590 1853 5628 nos
1885 5590 2038 5629 esse-

472 5656 1086 5728 InusConstantinopoli,
1112 5661 1279 5715 Ruina
1297 5674 1559 5719 venerunt
1582 5663 1847 5719 Auradius
1863 5672 1916 5718 et
1936 5663 2032 5719 llo-

470 5747 677 5812 norius,
695 5747 921 5803 ctlazlnti
936 5760 1080 5818 sunt,
1114 5753 1255 5823 quod
1283 5754 1613 5812 invenissent
1643 5754 2027 5825 Epiphanium.

2148 4569 2402 4638 βασιλεὺς
2415 4570 2552 4641 πρὸς
2574 4569 2887 4639 Ἐπιφάνιον
2907 4588 2920 4600 ·
2953 4570 3108 4624 Γίνου
3136 4588 3246 4641 μοι,
3264 4570 3467 4640 Πάτερ,
3484 4568 3725 4622 κελεύων

2143 4658 2524 4724 ἀδιαλείπτως,
2566 4661 2662 4715 καὶ
2694 4662 2996 4732 γενήσομαι
3052 4661 3112 4714 ὲν
3151 4662 3317 4714 πᾶσιν
3364 4658 3725 4731 πληροφορῶν

2145 4764 2226 4802 σε.
2254 4744 2418 4803 Εἶπεν
2441 4750 2498 4804 δὲ
2520 4750 2839 4819 Ἐπιφάνιος
2875 4751 2956 4821 τῷ
2991 4750 3232 4821 βασιλεῖ·
3291 4751 3423 4821 Ἔχε
3454 4750 3582 4813 10b;
3626 4748 3722 4802 τοῦ

2143 4840 2277 4894 Θεοῦ
2298 4842 2487 4911 λόγους
2514 4844 2652 4896 κατὰ
2671 4843 2849 4914 ψυχήν
2876 4859 2988 4908 σου,
3014 4844 3106 4898 καὶ
3130 4831 3323 4914 ’χρείαν
3349 4840 3423 4912 μὴ
3457 4840 3547 4911 ἔχε
3569 4842 3723 4893 Ἐπι-

2143 4937 2359 5004 φανίου.
2388 4920 2575 4990 Ταῧτα
2598 4938 2655 4992 δὲ
2679 4938 2849 4994 εἰπὼν
2890 4939 3211 5008 Ἐπιφάνιος
3257 4935 3336 5007 τῷ
3365 4934 3592 5006 βασιλεῖ,
3629 4934 3722 4987 καὶ

2144 5025 2366 5081 πλείονα
2394 5026 2618 5092 τούτων,
2673 5027 2906 5097 ἔφθασεν
2939 5028 3132 5099 καιρὸς
3167 5025 3264 5080 τοῦ
3313 5020 3556 5097 ἀρίστου.
3610 5025 3723 5077 Καὶ

2142 5113 2296 5170 εἶπεν
2328 5117 2642 5186 Ἐπιφάνιος
2672 5118 2751 5189 τῷ
2805 5119 3047 5188 βασιλεῖ·
3109 5116 3322 5182 Βάδιζε,
3354 5117 3543 5169 τέκνον
3564 5157 3577 5176 ,
3627 5115 3721 5167 ἐπὶ

2141 5210 2440 5281 τραπέζης,
2463 5211 2557 5263 καὶ
2581 5210 2679 5283 ἔσῃ
2726 5211 2961 5279 εὐλογῶν
3006 5211 3100 5264 τὸν
3145 5209 3463 5280 εὐεργέτην.
3528 5203 3721 5260 Ἶὶνδὲ

2141 5303 2455 5371 Ἐπιφάνιος
2488 5303 2697 5375 χαρίεις
2723 5342 2739 5366 ,
2799 5302 2896 5357 καὶ
2950 5301 3244 5366 πολιτικὸς,
3291 5300 3385 5353 καὶ
3420 5299 3514 5354 τὸν
3562 5299 3720 5365 λόγον

2140 5393 2280 5463 ἔχων
2302 5394 2605 5463 ὴρτυμένον
2636 5393 2715 5463 τῷ
2744 5394 2872 5464 θείῳ
2896 5393 3074 5447 ἅλατι.
3111 5392 3241 5445 Ὅτε
3265 5388 3358 5443 οὖν
3391 5389 3719 5461 περιέπεσεν

2138 5488 2170 5555 ἡ
2203 5484 2448 5554 θυγάτηρ
2480 5484 2763 5537 Θεοδοσίου
2794 5485 2873 5548 είς
2894 5483 2956 5536 τὸ
2985 5482 3153 5545 πάθος
3182 5482 3277 5535 ἐπὶ
3323 5482 3422 5553 τῆς
3474 5480 3714 5549 Ῥώμης,

2140 5578 2173 5646 ἠ
2205 5573 2408 5645 ἀδελφὴ
2458 5574 2741 5645 Ἀρκαδίου
2799 5575 2895 5629 καὶ
2944 5574 3232 5646 Ὀνωρίου,
3269 5574 3389 5626 τότε
3424 5574 3517 5626 καὶ
3562 5573 3721 5627 aii-:05

2141 5668 2499 5737 παρεγένοντο
2516 5667 2609 5721 ἐπὶ
2633 5670 2732 5738 τῆς
2757 5665 2999 5737 Ῥώμης,
3029 5666 3124 5720 καὶ
3153 5665 3415 5738 ἐποίησαν
3449 5666 3714 5735 πενταετῆ

2139 5758 2326 5829 χρόνον
2390 5759 2506 5828 μετ’
2561 5759 2748 5829 αὐτῆς,
2790 5759 2871 5811 ὅτι
2925 5760 3040 5811 ἐκεῖ
3075 5752 3144 5827 ἦν
3193 5755 3482 5827 ζευχθεῖσα
3539 5755 3711 5824 ἀνδρὶ,
