4058 6432
1663 218 1751 236 *σε

305 356 371 415 θτ
1366 371 1371 375 ·
1619 359 1681 413 S.
1736 353 2085 413 EPIPHANII
2127 354 2307 412 VITA.
3525 362 3603 418 93

314 479 449 534 Τότε
494 472 593 535 οὖν
650 481 903 548 ἀκούσας
946 481 1223 548 Θεοδόσιος
1275 486 1304 537 6
1346 483 1630 555 βασιλεὺς,
1687 483 1770 534 ὅτι
1811 479 2143 549 παρεγένετο
2174 480 2490 547 Ἐπιφάνιος
2520 482 2611 536 ἐπὶ
2648 482 2748 553 τῆς
2794 480 3013 553 Ῥώμης
3041 524 3055 550 ,
3094 481 3191 535 καὶ
3234 478 3600 551 ἐθεράπευσεν

323 574 423 646 τὴν
473 570 763 647 θυγατέρα
799 576 988 639 αὐτοῦ,
1025 576 1120 630 καὶ⁸
1151 576 1234 630 ὅτι
1269 577 1363 629 καὶ
1387 576 1477 630 τὸν
1507 575 1622 629 υἱὸν
1675 573 1846 642 αὐτῆς
1894 571 2089 642 νεκρὸν
2137 572 2268 627 ὄντα
2315 572 2702 645 ἐζωοποίησεν,
2732 576 2825 629 καὶ
2851 577 2935 629 ὅτι
2975 573 3114 646 μετὰ
3154 572 3357 626 τούτων
3406 568 3603 638 ἐφώτι-

332 686 423 723 σεν
468 669 763 741 Ἀρκάδων
796 671 893 725 καὶ
938 671 1215 742 Ὀνώριον,
1264 672 1437 743 ἐχάρη
1470 669 1650 743 χαράν
1699 666 1962 740 μεγάλην.
2002 665 2095 720 Διὸ
2119 666 2228 721 ἀπὸ
2262 667 2450 723 τούτου
2481 668 2719 742 ἔγραψεν
2751 669 2899 740 αὐτῷ
2920 669 2995 732 ὡς
3020 666 3208 740 πατρί.
3237 667 3325 730 Ὠς
3349 659 3601 734 οὖνῆμεν

328 761 421 814 ἐπὶ
461 763 560 833 τῆς
595 764 1247 832 Κωνσταντινουπόλεως,
1301 763 1665 833 παρεγένοπο
1714 757 2004 830 Ἀρκάδιος
2057 759 2154 815 καὶ
2215 760 2476 834 Ὀνώριος
2531 761 2639 816 ἀπὸ
2693 762 2794 834 τῆς
2853 759 3103 832 Ῥώμης,
3157 759 3251 815 καὶ
3323 758 3601 830 ἐχάρησαν

326 851 504 923 χαρὰν
526 851 791 924 μεγάλην.

398 942 528 997 Nﬂ'.
593 946 855 1013 Ἀγουσιν
905 940 963 1000 δέ
999 963 1141 1010 τινες
1175 947 1316 1001 κατά
1345 946 1599 1000 κέλευσιν
1627 944 1721 998 τοῦ
1760 942 1913 1015 βασι-

2089 936 2274 993 LVlll.
2310 937 2475 994 Jussu
2532 947 2713 995 autem
2774 934 3124 1008 imperatoris
3174 930 3597 989 Faustinianum

324 1032 464 1097 λέως
496 1030 883 1089 Φαυστινιανὺν
906 1034 1014 1090 ἀπὸ
1054 1036 1156 1107 τῆς
1190 1037 1485 1108 Κυπρίων,
1541 1037 1636 1092 ἐπὶ
1675 1034 1913 1106 λοιδορίᾳ

2018 1031 2241 1101 quidam
2261 1030 2542 1085 adducunt
2573 1030 2627 1084 in
2651 1028 2880 1100 regiam,
2908 1038 2968 1083 ut
2997 1027 3091 1098 qui
3112 1033 3258 1082 esset
3285 1031 3597 1085 accusatus,

327 1122 582 1195 βασιλικῇ
616 1122 1061 1200 κατηγορηθέντα
1089 1120 1182 1182 ἐπὶ
1198 1129 1296 1200 τὴν
1324 1127 1569 1200 βασιλίδα
1586 1146 1601 1160 ο
1639 1122 1710 1200 ἦν
1733 1127 1791 1182 δὲ
1824 1120 1913 1181 οὗ·

2017 1121 2163 1194 quod
2203 1120 2581 1175 maledixisset
2612 1118 2949 1189 imperatori.
2983 1115 3148 1172 Jussu
3186 1129 3318 1185 ergo
3356 1114 3595 1182 impera-

323 1230 419 1277 τος
444 1215 854 1287 φρουρούμενος
884 1214 1129 1271 κελεῦσει
1162 1214 1259 1272 τοῦ
1306 1216 1590 1289 βασιλέως.
1645 1215 1913 1281 ’Δκοὺσας

2019 1216 2154 1271 toris
2211 1213 2500 1270 tenebatur
2554 1213 2610 1267 in
2658 1210 2928 1267 custodia.
2958 1208 3118 1290 Quod
3168 1222 3293 1262 cum
3335 1205 3601 1259 audiissm

323 1300 422 1360 οὖν
464 1306 641 1361 ταῦτα
676 1308 996 1379 Ἐπιιράνιος
1044 1311 1409 1382 παραγίνεται
1452 1308 1547 1365 ἐπὶ
1586 1306 1679 1365 τδν
1725 1311 1911 1373 τόπον,

324 1398 455 1452 ἔνθα
478 1395 545 1470 ἦν
566 1399 933 1472 κρατούμενος
959 1401 987 1454 6
1009 1402 1416 1467 Φαυστινιανὸς,
1450 1401 1547 1457 καὶ
1567 1396 1722 1456 εἶπεν
1741 1402 1910 1473 αὐτῷ·

325 1491 391 1543 Εἰ
421 1490 576 1544 ἐστιν
616 1509 719 1554 σοι,
750 1492 935 1562 φησὶν,
965 1485 1011 1546 ὧ
1034 1493 1245 1557 τέκνον,
1287 1494 1521 1566 λαλῆσαι
1551 1495 1618 1549 δι’
1645 1495 1802 1567 ἡμῶν
1828 1491 1913 1548 λό-

322 1600 423 1652 γον
456 1583 534 1654 τῷ
560 1583 801 1653 βασιλεῖ·
838 1585 932 1639 καὶ
978 1584 1078 1659 ἔσῃ
1132 1582 1505 1658 ἀπολυόμενος
1549 1587 1650 1658 τῆς
1684 1584 1915 1659 συνοχῆς

323 1675 554 1746 ταύτης.
617 1673 783 1730 Εἶπεν
838 1677 895 1731 δὲ
967 1676 1359 1744 Φαυστινιανὺς
1431 1674 1512 1752 τῷ
1567 1677 1909 1751 Ἔπιφανίιεγ

327 1768 591 1834 ’Δπελθε,
635 1770 792 1841 φησὶ,
850 1770 1017 1826 πλάνε
1047 1812 1062 1834 ,
1124 1773 1219 1826 καὶ
1269 1772 1557 1829 άποπλάνα
1589 1773 1787 1844 ἄνδρας
1816 1775 1913 1828 ἀν-

322 1860 719 1928 ασφαλίστουςο
752 1862 847 1916 καὶ
876 1863 1004 1926 τοὺς
1029 1862 1224 1932 λόγους
1244 1864 1464 1929 τούτους
1497 1864 1572 1937 μὴ
1599 1864 1749 1919 λάλει
1773 1866 1916 1917 Φαυ-

326 1953 604 2024 στινιανῷ.
630 1953 836 2019 Ἦλθες
868 1955 1102 2011 ἐνταῦθα
1123 1958 1431 2031 ἐπιχαίρειν
1468 1976 1558 2030 μοι
1579 1958 1760 2026 λόγοις
1779 1974 1793 1988 ·
1822 1955 1916 2011 ἔσο

322 2044 424 2099 τοῦ
458 2045 649 2099 λοιποῦ
675 2045 895 2116 φεύγων
916 2048 1015 2119 τὴν
1040 2049 1330 2121 Κυπρίων.
1366 2048 1561 2114 Βάδιζε
1621 2050 1714 2102 ἐπὶ
1741 2048 1914 2102 Φοινίο

314 2152 452 2207 νηκην,
479 2137 575 2191 καὶ
601 2137 701 2209 ἔσῃ
726 2138 1075 2209 κακοσχολῶν
1094 2139 1472 2205 ἀδιαλείπτως.
1509 2141 1599 2205 Ὠς
1627 2137 1721 2194 οὖν
1742 2139 1917 2194 ταῦτα

322 2224 481 2282 εἶπεν
505 2228 742 2301 ὑϐρίζων
771 2230 863 2283 τὸν
890 2230 1206 2300 Ἐπιφάνιον
1225 2233 1633 2297 Φαυστινιανὸς,
1670 2232 1910 2305 παρέλα-

322 2318 419 2372 6ἐν
436 2335 517 2390 »με
557 2319 876 2389 Ἐπιφάνιος
895 2334 909 2348 '
941 2321 1033 2375 καὶ
1059 2321 1438 2394 ἐπορεύθημεν
1468 2324 1526 2376 ἐν
1553 2322 1631 2395 τῷ
1649 2323 1913 2396 βασιλικῷ

321 2409 577 2481 ταμιείῳ,
611 2410 760 2474 ὅπως
794 2412 888 2464 ἐπὶ
914 2412 1163 2477 συντάξει
1194 2411 1289 2466 τοῦ
1326 2412 1589 2484 βασιλέως
1636 2413 1904 2467 ἀποπλεύ-

325 2519 510 2573 σωμεν
541 2505 599 2556 ἐν
626 2505 693 2574 τῇ
719 2501 949 2575 Κῦπρῳ.
982 2503 1089 2557 Τοῦ
1120 2499 1214 2559 οὖν
1249 2504 1515 2576 βασιλέως
1538 2505 1915 2577 παρακαλοῦν-

206 2626 215 2637 ο
321 2612 417 2659 τος
440 2596 778 2666 Ἐπιφάνιον,
814 2596 968 2670 ὅπως,
986 2597 1257 2669 διατρίψει
1288 2598 1504 2670 ἡμέρας
1523 2597 1672 2663 τινὰς
1697 2599 1790 2652 ἐπὶ
1813 2601 1914 2671 τὴν

326 2681 599 2757 βασιλίδα,
631 2688 660 2741 6
692 2688 1012 2758 Ἐπιφάνιος
1040 2688 1228 2758 ἔλεγεν
1256 2689 1357 2761 τὴν
1387 2689 1567 2755 αἰτίαν
1600 2689 1701 2761 τῆς
1750 2691 1913 2762 ἐκδη-

325 2777 483 2848 μίας.
521 2778 635 2833 Καὶ
664 2776 874 2834 πάλινὸ
905 2778 1159 2849 βασιλεὺς
1200 2779 1417 2835 ἔπεισεν
1459 2781 1778 2852 Ἐπιφάνιον
1826 2782 1915 2836 διὰ

320 2868 436 2923 τῶν
464 2868 653 2939 λόγων.
693 2870 771 2941 Τῇ
810 2866 904 2924 οὖν
950 2870 1126 2924 ¹ἕωθεν
1176 2871 1489 2943 εἰσέρχεταί
1521 2889 1605 2936 τις
1664 2873 1772 2926 τῶν
1815 2872 1913 2938 τὰς

315 2959 647 3029 ἀποκρίσεις
688 2960 956 3029 λεγόντων
989 2963 1047 3015 ἐν
1081 2961 1161 3032 τῷ
1192 2961 1461 3033 βασιλικῷ
1518 2963 1773 3035 ταμιείῳ,
1830 2965 1913 3018 ὅτι

320 3051 708 3115 Φαυστινιανὸς
728 3052 758 3104 6
785 3052 1121 3124 Κυπριὼτης
1140 3051 1435 3108 κατέλυσεν
1459 3053 1551 3108 τὸν
1574 3054 1710 3126 βίον.
1733 3056 1916 3109 Ἀκού-

323 3158 427 3207 σας
459 3143 709 3198 δὲταῦτα
745 3145 1060 3215 Ἐπιφάνιος
1094 3144 1395 3218 ἐπένθησεν
1446 3148 1539 3200 ἐστὶ
1591 3149 1914 3202 Φαυστινια-

319 3235 441 3290 νοῦ.
480 3234 770 3307 Ἡθέλησεν
789 3231 882 3290 οὖν
914 3239 942 3291 6
974 3236 1229 3307 βασιλεῦς
1257 3239 1476 3295 ἅπαντα
1503 3240 1572 3293 τὰ
1600 3239 1915 3312 ὑπάρχοντα

320 3329 712 3385 Φαυστινιανοῦ
764 3329 845 3401 τῷ
901 3330 1164 3404 βασιλικῷ
1218 3332 1590 3405 παραπέμψαι
1640 3333 1911 3404 ταμιείῳ·

318 3420 566 3492 μάλιστα
587 3424 669 3476 ὅτι
700 3422 763 3476 οὑ
796 3421 1120 3476 κατέλειπεν
1152 3423 1373 3495 σπέρμα
1405 3423 1497 3477 ἐπὶ
1536 3424 1638 3495 τῆς
1662 3425 1785 3495 γῆς.
1821 3419 1915 3477 Εἷ-

324 3531 429 3567 οπεν
452 3514 510 3568 δέ
532 3514 850 3582 Ἐωφάνιος
878 3513 1014 3585 πρὸς
1042 3513 1298 3584 βασιλέαο
1319 3512 1482 3586 Ὅρα,
1515 3515 1670 3585 φησὶ,
1703 3514 1912 3587 τέκνον,

2018 1305 2381 1376 Epiphanius,
2433 1304 2580 1359 venit
2634 1303 2689 1357 in
2738 1302 2946 1369 locum,
2996 1301 3051 1354 in
3081 1316 3193 1370 quo
3246 1297 3599 1352 detinebatur

2015 1392 2430 1451 Faustinianus.
2465 1394 2614 1449 Dixit
2640 1394 2806 1464 igitur
2840 1393 3177 1464 Epiphanius
3204 1387 3596 1445 Faustiniano:

2015 1488 2168 1544 Licet
2206 1488 2303 1543 tibi
2353 1503 2451 1559 per
2475 1503 2576 1544 nos
2611 1487 2765 1557 loqui
2803 1484 3154 1556 imperatori,
3188 1490 3245 1538 et
3274 1477 3599 1536 liberaberis

2015 1582 2085 1637 ab
2117 1582 2201 1637 his
2230 1579 2696 1652 angustiis.~Dixit
2726 1588 2908 1633 autem
2936 1575 3332 1632 Faustinianus
3356 1571 3596 1643 Epipha—

2014 1674 2109 1729 nio
2140 1691 2155 1728 :
2191 1672 2318 1757 Qbi,
2363 1673 2542 1743 plane,
2568 1681 2622 1727 et
2657 1672 2909 1726 homines
2961 1670 3207 1725 incautos
3241 1664 3457 1735 decipe,
3500 1675 3601 1716 nec

1982 1765 2132 1820 ‘haac
2181 1751 2351 1818 verba
2380 1762 2605 1834 loquere
2637 1761 3019 1817 Faustiniano.
3054 1754 3264 1813 Venisti
3307 1754 3416 1809 huc
3466 1751 3602 1808 mihi

2014 1858 2200 1914 verbis
2235 1857 2546 1924 insultans;
2592 1855 2772 1926 fugies
2824 1853 3023 1909 deinde
3072 1851 3128 1906 in
3160 1848 3424 1921 Cyprum.
3453 1843 3602 1899 Vade

2018 1951 2148 2006 hinc
2178 1950 2234 2005 in
2270 1946 2613 2005 Phteniciam
2643 1988 2660 2015 ,
2690 1956 2742 2002 et
2779 1946 2951 2000 malos
2985 1944 3104 1999 dies
3142 1956 3271 2012 ages
3316 1945 3600 2010 perpetuo.

2019 2038 2318 2113 Postquam
2354 2041 2474 2096 haec
2501 2039 2638 2095 dixit
2672 2038 2727 2092 in
2762 2035 3129 2107 Epiphanium
3159 2032 3349 2088 furens
3381 2026 3601 2083 Fausti-

2017 2132 2242 2199 nianus,
2265 2132 2474 2203 accepit
2502 2146 2589 2186 me
2621 2129 2985 2200 Epiphanius,
3016 2136 3071 2181 et
3103 2125 3303 2180 ivimus
3331 2124 3383 2177 in
3415 2120 3600 2177 aulam

2018 2223 2391 2294 imperatoris,
2422 2230 2482 2277 ut
2512 2236 2694 2292 regem
2734 2219 3057 2290 juberemus
3091 2216 3296 2278 valere,
3321 2211 3601 2269 etiremus

2018 2315 2074 2370 in
2105 2314 2365 2386 Cyprum.
2410 2312 2739 2384 lmperatore
2774 2325 2903 2365 vero
2952 2318 3178 2379 rogante
3208 2304 3599 2376 Epiphanium,

2016 2417 2077 2463 ut
2105 2408 2314 2478 aliquot
2339 2406 2457 2462 dies
2485 2413 2797 2460 versaretur
2827 2403 2879 2457 in
2906 2401 3076 2473 regia,
3109 2397 3445 2470 Epiphanius
3471 2410 3603 2452 cau-

2016 2513 2135 2553 sam
2192 2513 2293 2553 cur
2354 2494 2627 2566 proﬁcisci
2690 2492 2850 2547 vellet
2899 2491 3137 2546 dicebat.
3190 2490 3259 2543 At
3306 2487 3603 2556 imperator

2019 2603 2214 2643 rursus
2240 2586 2471 2642 retinuit
2508 2584 2896 2655 Epiphanium.
2927 2581 3086 2637 Mane
3139 2587 3323 2635 autem
3364 2575 3597 2648 ingredi-

2019 2689 2105 2736 tur
2126 2679 2348 2750 quidam
2371 2695 2436 2734 ex
2472 2678 2541 2734 iis
2565 2716 2581 2742 ,
2616 2677 2711 2746 qui
2738 2690 3002 2746 responsa
3030 2672 3296 2736 referunt,
3332 2670 3386 2725 in
3421 2668 3601 2725 aulam

2018 2772 2246 2843 regiam,
2273 2767 2893 2826 dicensFaustinianum
2913 2767 3173 2839 Cyprium
3190 2765 3357 2819 vitam
3375 2762 3602 2818 (iniisse.
3701 2826 3704 2829 ,

2015 2864 2154 2919 Cum
2179 2864 2295 2919 haec
2317 2862 2583 2918 audiisset
2605 2860 2973 2932 Epiphanius,
3002 2858 3143 2914 luxit
3166 2855 3603 2919 Faustinianum.

2022 2955 2269 3011 Decrevit
2297 2963 2479 3009 autem
2516 2953 2837 3023 imperator,
2862 2960 2923 3006 ut
2953 2949 3301 3006 deferrentur
3320 2948 3377 3001 in
3412 2945 3603 3001 [iscum

2017 3061 2359 3119 quacunque
2407 3054 2566 3103 erant
2613 3043 2980 3111 Faustiniani,
3014 3042 3255 3097 maxime
3286 3039 3434 3110 quod
3477 3054 3602 3108 pro-

2019 3140 2124 3196 lem
2159 3155 2266 3195 non
2296 3139 2614 3209 reliquisset
2648 3153 2813 3208 super
2841 3149 3062 3192 terram.
3098 3134 3247 3189 Dixit
3288 3146 3420 3188 vero
3468 3130 3600 3198 Epi-

2019 3231 2258 3302 phanius
2308 3230 2625 3296 imperatori
2664 3247 2677 3284 :
2721 3227 2855 3283 Vide
2880 3269 2895 3292 ,
2924 3243 2958 3282 ο
2989 3226 3063 3281 tili
3087 3267 3102 3293 ,
3134 3241 3225 3287 ne,
3254 3238 3467 3292 pecces.
3504 3220 3603 3276 Est

2018 3321 2165 3377 enim
2196 3336 2336 3376 uxor
2362 3318 2704 3375 Faustiniani
2734 3317 2902 3373 Deum
2926 3332 2992 3372 ex
3024 3316 3190 3371 corde
3236 3315 3448 3369 colens.
3475 3311 3601 3367 Cre-

2018 3411 2088 3467 de
2119 3411 2302 3466 verbis
2332 3408 2647 3480 Epiphanii,
2679 3416 2733 3463 et
2754 3407 2859 3463 erit
2884 3406 2977 3462 tibi
3022 3406 3195 3478 gratia
3225 3403 3368 3473 apud
3401 3401 3616 3459 Altissi-

2021 3518 2194 3558 mum.
2220 3500 2377 3557 Tunc
2429 3499 2655 3556 tradidit
2707 3499 3004 3569 imperator
3050 3494 3433 3551 auctoritatem
3480 3490 3599 3563 Epi-

326 3604 406 3676 μὴ
443 3604 686 3675 ποιήσεις
707 3602 1005 3674 ἁμαρτίαν.
1024 3604 1180 3656 Ἔστι
1209 3602 1319 3675 γὰρ
1345 3604 1484 3675 γυνὴ
1523 3586 1912 3659 Φαυστινιανοῦ

2021 3595 2228 3665 phanio
2259 3594 2316 3648 in
2343 3593 2602 3648 omnibus
2633 3592 2798 3646 rebus
2844 3588 3207 3646 Faustiniani.
3246 3586 3394 3641 Dixit
3422 3596 3603 3641 autem

314 3667 653 3743 θεοσεϐοίῑσα
677 3667 785 3742 ἀπὸ
810 3667 1055 3761 καρδίας.
1084 3667 1545 3762 Πείσθηῖτιλόγόις
1572 3693 1913 3763 Ἐπιφανίου,

2025 3686 2367 3759 Epiphanius
2418 3684 2737 3756 imperatori
2770 3702 2784 3740 :
2834 3682 3016 3738 Habeo
3053 3681 3225 3736 Deum
3251 3719 3267 3744 ,
3297 3694 3331 3735 ο
3362 3680 3475 3745 ﬁli,
3510 3678 3603 3749 qui

326 3778 422 3831 καὶ
452 3777 607 3833 ἔσται
640 3796 721 3833 σοι
745 3780 906 3849 χάρις
937 3779 1089 3852 παρά
1126 3779 1405 3851 Ὑψίστου.
1455 3783 1588 3837 Τότε
1615 3786 1644 3837 6
1665 3784 1919 3855 βασιλεὺς

324 3869 622 3924 ἀποδίδωσι
642 3870 738 3942 τὴν
755 3869 1043 3926 αὐθεντίαν
1061 3874 1239 3927 πᾶσαν
1273 3874 1582 3947 Ἐπιφανίῳ
1612 3876 1721 3930 τῶν
1782 3894 1919 3949 πρα-

324 3962 554 4035 γμάτων
572 3963 980 4020 Φαυστινιανοῦ.
1014 3963 1179 4020 Εἶπεν
1201 3965 1293 4022 οὖν
1313 3970 1636 4040 Ἐπιφάνιος
1659 3988 1797 4044 προς
1826 3973 1919 4029 τὸν

314 4057 586 4127 βασιλέα·
623 4056 772 4128 Ἔχω
801 4058 891 4111 τὸν
922 4056 1313 4124 Θεὸν,τέκνον,
1363 4061 1455 4114 τὸν
1495 4061 1805 4135 παρέχοντα
1849 4064 1917 4118 τὰ

322 4147 468 4218 πρὸς
493 4147 590 4219 τὴν
617 4149 835 4221 χρείαν,
872 4150 967 4203 καὶ
993 4149 1171 4203 ταῦτα
1194 4151 1374 4205 πάντα
1399 4153 1545 4223 μετὰ
1571 4153 1796 4224 γνώμης
1818 4156 1919 4225 τῆς

327 4241 590 4307 γυναικὸς
617 4241 970 4312 ἀποδώσομεν
996 4245 1106 4306 τοῖς
1127 4242 1426 4314 δεομένοις.
1452 4244 1642 4299 Ταῦτα
1672 4246 1918 4311 εἰπόντος

326 4331 670 4401 Ἐπιφανίου,
693 4328 846 4386 εἶπεν
873 4336 901 4386 6
939 4333 1192 4403 βασιλεύς
1211 4350 1226 4366 ο
1277 4333 1510 4405 Δίτησαι
1533 4376 1547 4401 ,
1576 4337 1778 4409 Πάτερ,
1841 4330 1917 4390 ὧν

327 4422 574 4495 χρῄζεις,
606 4425 698 4477 καὶ
721 4425 916 4496 ἔσομαι
948 4426 1122 4490 διδοὺς
1157 4427 1216 4479 ἐν
1255 4428 1592 4499 προαιρέσει.
1640 4425 1806 4482 Εἶπεν
1860 4430 1917 4486 δὲ

326 4515 646 4584 Ἰέπιφάνιος
675 4516 813 4589 πρὸς
840 4517 930 4570 τὸν
962 4516 1185 4587 βασιλέα
1209 4534 1222 4547 ·
1250 4517 1494 4572 Φύλασσε
1525 4522 1695 4591 ἐμοὺς
1725 4521 1917 4590 λόγους

323 4608 705 4673 ἀδιαλείπτως,
740 4610 833 4662 καὶ
863 4609 951 4680 ἔχε
981 4626 1071 4680 με,
1105 4609 1317 4673 τέκνον,
1373 4611 1515 4666 κατὰ
1573 4611 1751 4684 ψυχήν
1797 4629 1912 4669 σου.

322 4697 514 4751 Ταῦτα
574 4698 630 4752 δὲ
684 4699 931 4764 εἰπόντος
979 4700 1324 4769 Ἐπιφανίου,
1378 4703 1701 4774 συνεξῆλθεν
1730 4707 1917 4776 ήμίνὸ

322 4793 583 4863 βασιλεὺς
614 4794 679 4847 ἐκ
709 4794 802 4848 τοῦ
830 4794 1102 4864 ταμιείου,
1131 4793 1225 4847 καὶ
1242 4794 1616 4865 παρεκάλεσεν
1637 4796 1729 4850 τὸν
1763 4797 1916 4849 Ἐπι-

326 4886 517 4954 quiva
549 4887 696 4950 ὅπως
728 4887 890 4940 αὐτὸν
928 4886 1236 4957 εὖλογήσει.
1296 4887 1407 4939 Καὶ
1469 4888 1701 4957 ποιήσας
1747 4889 1915 4961 εὐχὴν

2022 3780 2157 3834 mihi
2191 3779 2421 3849 praebet,
2456 3794 2581 3849 quae
2607 3788 2736 3833 sunt
2758 3774 3068 3831 necessaria
3096 3793 3108 3829 :
3139 3772 3235 3830 sed
3276 3775 3394 3828 haec
3421 3771 3602 3828 omnia

2021 3886 2088 3925 ex
2156 3870 2306 3925 illius
2368 3867 2615 3923 mulieris
2672 3865 2944 3923 sententia
2989 3863 3243 3919 dabimus
3286 3861 3603 3935 egentibus.

2021 3960 2161 4017 Cum
2196 3960 2314 4016 haec
2368 3956 2538 4030 igitur
2580 3955 2902 4028 imperatori
2951 3954 3182 4010 dixisset
3219 3951 3561 4023 Epiphanius
3588 3990 3605 4015 ,

2022 4052 2322 4120 imperator
2352 4040 2492 4104 dixit
2518 4049 2569 4104 ei
2603 4065 2618 4102 :
2660 4047 2809 4112 Pete,
2842 4046 3023 4113 Pater,
3047 4061 3111 4102 ea
3142 4044 3345 4116 quibus
3372 4043 3605 4113 indige=,

2019 4150 2074 4197 et
2102 4157 2163 4197 ea
2195 4140 2446 4196 lubenter
2480 4140 2574 4195 tibi
2600 4140 2762 4195 dabo.
2795 4137 3118 4209 Imperatori
3165 4136 3448 4206 respondit
3478 4133 3607 4203 Epi-

2021 4236 2261 4308 phanius
2292 4251 2305 4288 :
2343 4233 2613 4305 Perpetuo
2653 4250 2813 4290 serva
2863 4249 3017 4289 meos
3076 4247 3392 4297 sermones,
3425 4241 3479 4287 et
3517 4246 3605 4285 me

2020 4330 2184 4395 habe,
2215 4328 2312 4394 ﬁli,
2345 4327 2399 4381 in
2432 4327 2620 4381 animo
2655 4333 2770 4381 tuo.
2802 4324 2940 4380 Cum
2965 4325 3080 4379 haec
3106 4322 3334 4378 dixisset
3368 4320 3604 4392 Epipha-

2020 4426 2166 4485 nius,
2219 4436 2326 4474 una
2380 4418 2669 4474 nobiscum
2720 4434 2783 4472 ex
2848 4414 2970 4472 aula
3027 4429 3284 4487 egressus
3320 4421 3405 4468 est
3433 4413 3602 4482 impe-

2018 4524 2199 4578 rator,
2229 4522 2282 4568 et
2330 4511 2542 4582 rogavit
2564 4508 2956 4581 Epiphanium,
2993 4518 3052 4563 ut
3096 4505 3200 4563 sibi
3235 4503 3602 4560 benediceret.

2018 4606 2270 4677 Cumque
2316 4605 2621 4661 orationem
2675 4603 2897 4658 fecisset
2925 4598 3286 4671 Epiphanius,
3323 4598 3605 4653 benedixit

2020 4699 2364 4770 imperatori,
2396 4707 2451 4753 et
2476 4714 2602 4753 eum
2637 4696 2916 4752 salutavit.
2948 4695 3013 4749 Et
3043 4709 3299 4751 reversus
3328 4702 3413 4748 est
3439 4692 3605 4762 impe-

2020 4803 2172 4848 rator
2215 4793 2270 4847 in
2299 4807 2433 4862 pace
2464 4791 2518 4845 in
2540 4789 2724 4844 aulam
2770 4802 2926 4843 suam
2963 4804 2978 4853 ;
3008 4802 3108 4841 nos
3131 4800 3260 4840 vero
3288 4783 3466 4853 spatio
3498 4798 3602 4836 nn-

2016 4900 2137 4940 vem
2166 4884 2379 4939 dierum
2404 4879 2783 4950 navigavimus
2808 4868 2861 4932 in
2890 4877 3152 4949 Cyprum,
3174 4884 3229 4931 et
3250 4873 3451 4930 fratres
3472 4890 3598 4928 cum

316 4978 646 5061 Ἐπιφάνιος
701 4980 994 5053 εὐλόγησεν
1045 4979 1138 5032 τὸν
1178 4978 1422 5049 βασιλέα,
1482 4981 1576 5032 καὶ⁵
1627 4979 1913 5049 ἠσπάσατο

2018 4991 2219 5049 magno
2250 4991 2352 5031 nos
2379 4973 2579 5045 gaudio
2595 4981 2930 5042 exceperunt
2960 4987 2976 5037 ;
3022 4969 3444 5037 invenimusque
3467 4981 3604 5021 uxo-

323 5070 509 5136 αὐτὺν,
542 5072 635 5124 καὶ
664 5071 1001 5144 ὑπέστρεψεν
1022 5072 1051 5122 ὁ
1082 5070 1332 5141 βασιλεὺς
1352 5072 1409 5123 ἐν
1441 5071 1518 5142 τῷ
1545 5071 1780 5144 ταμιείῳ
1805 5072 1897 5126 αὐ-

322 5161 419 5216 τοῦ
450 5161 570 5233 μετ’
598 5163 838 5233 εἰρήνης.
883 5162 1075 5233 Ἡμεῖς
1107 5162 1164 5214 δὲ
1215 5161 1283 5215 δι’
1333 5163 1489 5216 ἐννέα
1521 5162 1743 5233 ἡμερῶν
1796 5166 1905 5217 ἀπ-

322 5251 671 5323 επλεύσαμεν
696 5254 754 5306 ἐν
774 5250 1003 5324 Κύπρῳ,
1030 5254 1124 5306 καὶ
1150 5251 1479 5318 ἀπεδέξαντο
1500 5253 1648 5323 ἡμᾶς
1682 5253 1730 5305 οἱ
1754 5252 1908 5306 ἀδελ-

323 5344 416 5412 φοὶ
451 5343 594 5414 μετὰ
633 5345 809 5417 χαρᾶς
845 5344 1115 5415 μεγάλης
1150 5342 1387 5415 εὕρομεν
1424 5343 1483 5398 δὲ
1529 5344 1634 5414 τὴν
1672 5348 1905 5414 γυναῖκα

320 5434 709 5490 Φαυστινιανοῦ
778 5433 1078 5488 πενθοῦσαν
1126 5434 1254 5506 περὶ
1321 5434 1417 5489 τοῦ
1465 5435 1658 5507 ἀνδρὸς
1713 5437 1906 5506 αὐτῆς.

320 5529 432 5582 Καὶ
459 5527 889 5600 παρεμυθήσατο
924 5526 1094 5599 αὐτὴν
1148 5516 1468 5597 Ἐπιφάνιὸς
1502 5528 1595 5581 ἐπὶ
1653 5529 1801 5601 πάσῃ
1842 5534 1907 5601 τῇ

320 5619 496 5690 θλίψει
524 5620 716 5690 αὐτῆς,
747 5620 844 5673 καὶ
866 5618 1089 5691 ἐπείσθη
1109 5621 1223 5683 τοῖς
1247 5619 1426 5688 λόγοις
1455 5619 1641 5684 αὐτοῦ,
1661 5620 1755 5675 καὶ
1772 5638 1909 5695 ’κταρ⁸

2017 5085 2133 5125 rem
2166 5067 2511 5123 Faustiniani
2556 5066 2836 5136 lugentem
2893 5063 3149 5117 maritum
3183 5074 3366 5115 suum.
3397 5055 3605 5113 Conso-

2012 5162 2160 5217 latus
2185 5169 2269 5216 est
2302 5160 2469 5231 igitur
2496 5173 2615 5213 eam
2647 5156 2987 5229 Epiphanius
3011 5154 3065 5208 in
3091 5161 3204 5208 tota
3228 5166 3326 5207 sua
3351 5149 3603 5205 aﬂlietio-

2015 5271 2104 5310 ne.
2144 5255 2278 5321 Qua:
2294 5253 2481 5324 paruit
2503 5250 2685 5306 verbis
2714 5245 3029 5318 Epiphanii,
3060 5242 3386 5314 rogavitque
3420 5242 3601 5307 illum,

2022 5359 2083 5405 ut
2117 5350 2275 5405 daret
2306 5347 2357 5402 ei
2397 5345 2449 5401 id
2489 5344 2635 5416 quod
2682 5353 2768 5399 est
2811 5343 2864 5396 in
2895 5340 3117 5397 Christo
3147 5336 3516 5410 signaculum,
3550 5346 3604 5392 et

2018 5440 2319 5513 baptizavit
2352 5454 2473 5494 eam
2499 5479 2514 5503 ,
2543 5447 2597 5492 et
2629 5433 2907 5491 ordinavit
2939 5447 3060 5489 eam
3091 5430 3464 5487 diaconissam
3498 5428 3604 5484 Ec-

2016 5533 2200 5589 clesiae
2230 5549 2245 5586 :
2281 5541 2336 5586 et
2370 5529 2555 5582 omnia
2590 5528 2712 5597 ejus
2742 5526 2882 5581 bona
2910 5540 2974 5580 ex
3010 5520 3279 5580 sententia
3310 5519 3603 5593 Epiphanii

2019 5626 2145 5679 data
2184 5631 2313 5677 sum
2338 5616 2732 5691 indigentibus.

318 5714 577 5770 εκάλεσεν
627 5713 948 5785 Ἐπιςάνιον
1004 5713 1153 5778 ὃπως
1186 5710 1348 5767 δώσει
1397 5712 1534 5784 αὐτῇ
1578 5711 1679 5783 τὴν
1727 5714 1787 5766 ἐν
1818 5715 2040 5788 Χριστῷ
2104 5713 2396 5791 σφραγῖδα,
2468 5713 2559 5787 καὶ
2607 5711 2879 5789 βαπτίσας
2947 5709 3138 5782 αὐτὴν,
3192 5706 3599 5781 ἐχειροτόνησεν
