4058 6422
545 320 612 377 99
1854 315 1914 372 s.
1957 315 2301 373 EPlPllANll
2341 317 2521 374 vm.

3708 312 3813 369 ωο

545 431 713 500 αὐτὴν
741 430 986 486 διάκονον
1008 430 1495 503 τῆςἘκκὶηπίαγ
1549 429 1640 482 καί
1692 424 1759 500 ἦν
1788 428 2003 483 ἅπαντα
2046 429 2113 483 τά
2153 432 2450 503 πράγματα
2499 433 2665 503 αὐτῆς
2703 410 2766 486 ἐν’
2809 435 2878 504 τῇ
2928 432 3124 506 γνώμῃ
3182 427 3501 501 Ἑπιφανίου
3555 428 3813 498 διίόμενα

546 529 655 590 τοῖς
687 525 982 597 δεομένοις.

615 614 753 669 LIX.
787 613 1093 685 Aliquando
1116 621 1300 669 autem
1326 627 1607 668 sermones
1628 612 1859 668 contulit
1885 611 2114 684 Epipha-

2288 613 2414 668 NB'.
2452 613 2588 665 Ποτὲ
2618 606 2712 665 οῦν
2762 610 3001 682 συνῆρεν
3056 609 3249 678 λόγους
3300 607 3619 677 Ἐπιφάνιος
3672 605 3813 677 πρὸς

547 708 670 760 nius
710 722 835 761 cum
869 706 1046 771 Aetio,
1080 705 1172 775 qui
1202 714 1318 758 erat
1340 744 1355 768 ,
1386 711 1445 757 ut
1477 703 1654 767 aiunt,
1685 705 1978 775 episcopus
2006 705 2115 761 Va-

547 797 990 851 lentinianorum.
1031 793 1310 865 Erantque
1356 793 1697 851 Constantiae
1744 796 1903 852 multi
1950 796 2116 868 hujus

546 887 789 942 haeresis.
815 887 950 942 Cum
981 887 1147 957 igitur
1180 884 1368 939 multis
1400 885 1588 941 verbis
1632 888 1986 944 contenderet
2006 888 2115 943 Ae-

547 977 680 1042 tius,
711 986 765 1032 et
814 978 881 1033 de
910 976 1194 1033 Altissimo
1228 977 1431 1033 multas
1468 976 1673 1033 diceret
1703 979 2071 1050 blasphemias
2095 1019 2110 1045 ,

543 1068 682 1123 dixit
712 1070 761 1123 ei
792 1068 1167 1138 Epiphanius:
1206 1069 1427 1139 Accipe,
1476 1085 1511 1125 ο
1562 1069 1728 1140 impie
1753 1069 1870 1124 Aeti
1895 1111 1910 1137 ,
1938 1070 1992 1125 in
2021 1084 2118 1125 ore

545 1166 638 1212 tuo
692 1158 1031 1228 repagulum,
1076 1168 1132 1213 et
1159 1172 1271 1213 non
1313 1158 1555 1228 loqueris
1599 1157 1765 1214 verba
1803 1158 2113 1214 insolentia.

541 1250 677 1306 Cum
700 1250 939 1322 primum
969 1251 1075 1307 hoc
1100 1249 1330 1306 dixisset
1356 1247 1713 1320 Epiphanius,
1748 1249 1904 1304 Aetio
1935 1264 1999 1305 os
2018 1248 2119 1304 fuit

540 1343 904 1411 obstructum,
949 1352 1004 1397 et
1055 1343 1245 1399 abillo
1284 1343 1372 1398 die
1420 1357 1529 1398 non
1558 1342 1737 1411 potuit
1769 1342 2005 1413 amplius
2034 1342 2117 1397 lo-

540 1435 657 1505 qui.
699 1434 839 1489 Cum
896 1444 1076 1499 autem
1109 1434 1395 1500 vidissent,
1431 1433 1525 1504 qui
1559 1440 1716 1488 erant
1754 1432 1875 1502 ejus
1908 1441 2072 1487 secta:
2098 1472 2114 1498 ,

541 1526 688 1596 quod
738 1541 833 1596 per
863 1526 1091 1582 verbum
1131 1526 1182 1582 ei
1224 1542 1287 1582 os
1332 1526 1699 1583 obstruxisset
1736 1524 2074 1595 Epiphanius
2098 1565 2115 1591 ,

2221 702 2426 756 Ἀέτιον
2476 702 2568 755 τὸν
2613 701 2910 754 ἐπίσκοπον
2966 698 3075 754 τῶν
3121 690 3814 753 ούαλεντινιανῶν.⁷Ησαν

2220 792 2398 865 πλήθη
2424 793 2515 847 ἐπὶ
2542 793 2641 865 τῆς
2672 792 3058 856 Κωνσταντίας
3079 793 3129 845 οἰ
3158 791 3257 862 τῆς
3285 790 3549 863 αἱρέσεως
3575 786 3811 857 ταύτης.

2220 885 2330 938 Καὶ
2353 883 2417 955 δὴ
2456 883 2730 948 πλείστοις
2778 883 2958 952 λόγοις
3010 880 3331 951 φιλονεικῶν
3379 882 3408 934 6
3452 878 3683 940 Ἀέτιος,
3714 874 3815 929 καὶ

2220 975 2301 1038 εἰς
2328 973 2677 1046 βλασφημίας
2710 972 2910 1038 πολλάς
2940 973 3067 1046 περί
3097 971 3189 1026 τὸν
3224 969 3489 1040 ’Υψιστον
3537 967 3810 1031 ἐλθόντος,

2218 1059 2373 1119 εἶπεν
2398 1066 2717 1135 Ἐπιφάνιος
2745 1065 2882 1136 πρὸς
2937 1064 3135 1119 αὐτόν*
3182 1062 3352 1129 Λάδε,
3413 1062 3600 1132 φησιν,
3632 1060 3813 1115 Ἀέτιε

2219 1155 2634 1222 δυσσεϐέστατε,
2662 1156 2917 1225 κατόχιον
2957 1155 3051 1208 ἐπὶ¹
3079 1154 3157 1226 τῷ
3193 1153 3423 1227 στόματί
3450 1169 3564 1213 σου,
3591 1152 3687 1205 καὶ
3709 1151 3811 1221 ἔση

2223 1247 2300 1319 μὴ
2322 1247 2499 1301 λαλῶν
2526 1248 2792 1311 ἀτάκτους
2825 1246 3037 1316 λόγους.
3065 1247 3175 1299 Καὶ
3201 1245 3404 1307 εὐθέως
3429 1246 3457 1296 6
3489 1242 3695 1305 Ἀέτιος
3716 1240 3814 1294 ἐπὶ

2218 1340 2297 1411 τῷ
2323 1339 2468 1410 λόγῳ
2497 1339 2822 1409 Ἑπιφανίου
2876 1337 3150 1410 ἐφιμώθη,
3180 1338 3275 1391 καὶ
3327 1337 3513 1390 οὐκέτι
3566 1333 3812 1405 ἠδυνήθη

2220 1432 2452 1503 λαλῆσαι
2474 1432 2635 1501 λόγον
2670 1433 2779 1487 ἀπὸ
2804 1431 2902 1502 τῆς
2933 1431 3147 1504 ἡμέρας
3176 1430 3413 1501 ἐκείνης.
3440 1429 3661 1490 ’ἰδόντες
3713 1421 3812 1480 οῦν

2219 1523 2269 1577 οἰ
2302 1524 2401 1595 τῆς
2432 1523 2695 1595 αἱρέσεως
2718 1520 2905 1585 αὑτοῦ,
2930 1524 3010 1575 ὅτι
3026 1521 3113 1575 διὰ
3138 1520 3298 1589 λόγου
3316 1519 3592 1589 ἐφίμωσεν
3620 1506 3811 1579 αὑτὸν,

541 1616 701 1686 proni
750 1631 943 1673 omnes
988 1617 1338 1683 ceciderunt,
1381 1627 1438 1674 et
1462 1617 1806 1673 anathemate
1830 1631 2114 1688 percusse-

2222 1615 2568 1685 προσέπεσαν
2602 1615 2841 1677 ἅπαντες
2872 1614 3198 1685 Ἐπιφανίῳ.
3256 1611 3353 1667 καὶ
3409 1607 3814 1679 ἀνεθεμάτισαν

544 1718 673 1762 runt
714 1723 869 1763 suam
915 1707 1256 1780 religionem,
1323 1715 1378 1765 et
1442 1707 1569 1764 facti
1608 1715 1738 1763 sunt
1794 1705 2114 1761 orthodoxi.

2222 1706 2320 1777 τὴν
2362 1706 2496 1759 ἰδίαν
2523 1705 2823 1777 θρησκείαν
2860 1705 3059 1772 αὐτῶν,
3095 1706 3189 1759 καὶ
3224 1703 3471 1772 ἐγένοντο
3494 1698 3765 1773 ὀρθόδοξοι
3795 1717 3811 1731 ·

543 1798 744 1856 Mansit
801 1816 930 1858 vero
983 1802 1175 1858 Aetius
1228 1817 1324 1858 sex
1366 1801 1561 1856 diebus
1602 1815 1709 1854 non
1763 1798 2114 1869 loquens,et

2222 1798 2435 1869 ἔμεινεν
2456 1798 2512 1851 δέ
2534 1799 2563 1851 ό
2588 1797 2793 1860 Ἀέτιος
2818 1796 2877 1864 ἐξ
2901 1796 3116 1868 ἡμέρας
3140 1795 3215 1867 μὴ
3240 1794 3437 1855 λαλῶν,
3462 1793 3557 1845 καὶ
3573 1793 3640 1861 τῇ
3658 1789 3814 1842 €666-

543 1890 775 1960 septimo
818 1893 904 1947 die
934 1884 1099 1948 vitam
1123 1893 1285 1947 finiit.
1317 1891 1486 1947 Erant
1514 1902 1697 1947 autem
1738 1892 1861 1947 alia:
1894 1906 2114 1962 quoque.

2226 1906 2301 1962 μῃ
2349 1888 2534 1961 ἡμέρα
2576 1888 2873 1943 κατέλυσεν
2926 1888 3012 1943 τὸν
3048 1887 3161 1958 βίον
3195 1885 3380 1941 αὑτοῦ.
3414 1881 3599 1938 Ἦσαν
3628 1882 3685 1935 δέ
3714 1880 3814 1935 καὶ

512 2046 517 2049 _
542 1954 791 2050 plurima:
821 1984 1055 2040 haereses
1081 1985 1137 2039 in
1169 1984 1343 2039 insula
1371 1982 1721 2055 Cypriorum,
1757 1983 1840 2038 ba‘.
1867 1954 2077 2038 scilicet
2096 2022 2113 2048 ,

2394 1954 2651 2030 adsistat
2676 1977 2912 2048 αἱρέσεις
2941 1978 2997 2028 ἐν
3021 1954 3087 2047 τῇ
3120 1974 3380 2046 Κυπρίων
3402 1972 3577 2044 χώρα.
3602 1967 3812 2031 αἵτινές

541 2070 886 2141 Ophitarum,
939 2072 1407 2138 Sabelliandrum,
1461 2070 1887 2138 Nicolaitarum,
1940 2071 2114 2127 Simo-

2219 2071 2355 2124 εἰσιν
2390 2065 2566 2125 αῦταν
2604 2074 2678 2141 (a)
2718 2069 2995 2139 Σοφισταί,
3038 2068 3404 2133 Σαϐελλιανοί,
3457 2059 3808 2125 Νικολαῖται,

542 2160 830 2214 nianorum
858 2170 913 2216 et
941 2159 1510 2244 Carpocratianorum.
1538 2159 1614 2216 De
1630 2161 1715 2216 his
1746 2162 1965 2232 scripsit
1991 2160 2118 2233 Epi-

539 2253 774 2322 phanius
804 2252 1090 2322 epistolam
1111 2252 1181 2307 ad
1210 2252 1587 2307 Theodosium
1612 2250 2024 2322 imperatorem,
2053 2260 2113 2307 ut

540 2342 932 2399 constitutione
969 2343 1117 2412 regia
1148 2358 1245 2399 eos
1272 2344 1569 2414 expelleret
1595 2342 1663 2399 cx
1701 2344 1902 2398 insula.
1939 2341 2111 2397 Erant

537 2434 683 2488 enim
718 2435 860 2489 inter
894 2450 989 2491 eos
1023 2435 1127 2489 viri
1162 2435 1382 2500 divites,
1416 2435 1618 2505 quibus
1646 2433 1905 2489 mandata
1939 2432 2120 2490 fuerat

537 2541 668 2580 cura
722 2542 906 2581 rerum
958 2526 1348 2596 publicarum;
1400 2536 1456 2583 et
1506 2526 1888 2597 deprimebant
1925 2525 2118 2580 orthoo

538 2616 731 2672 doxos.
760 2616 896 2672 Cum
927 2625 1109 2673 autem
1140 2616 1443 2689 accepisset
1482 2618 1780 2688 imperator
1807 2617 2017 2672 litteras
2046 2615 2116 2671 ab

554 2706 879 2778 Epiphanio,
916 2709 1135 2779 scripsit
1161 2710 1217 2764 in
1249 2709 1389 2765 hanc
1417 2708 1650 2764 fortnam
1683 2728 1697 2764 :
1732 2708 1789 2764 Si
1820 2711 1945 2781 quis
1967 2709 2116 2766 Patri

536 2798 845 2870 Epiphanio
882 2802 1143 2874 episcopo
1174 2801 1415 2873 regionis
1446 2801 1775 2873 Cypriorum
1812 2816 1920 2858 non
1963 2812 2119 2873 paret

534 2906 635 2959 per
689 2891 853 2947 verba
902 2892 1086 2948 divina
1109 2932 1127 2959 ,
1163 2903 1324 2949 exeat
1348 2909 1415 2949 ex
1447 2893 1628 2949 insula
1650 2934 1668 2962 ,
1707 2903 1764 2950 et
1790 2895 1997 2950 habitet
2025 2896 2117 2952 ubi

534 2983 685 3040 velit.
714 2979 773 3037 Si
814 2982 908 3053 qui
941 2992 1124 3039 autem
1149 2993 1278 3041 sunt
1315 2984 1500 3046 amici,
1528 2992 1580 3039 et
1611 2983 1708 3038 filii
1746 2984 2112 3056 pmnitentiaa,

535 3083 592 3128 et
619 3073 954 3131 confitentur
995 3076 1276 3130 communi
1307 3074 1456 3132 Patli
1479 3115 1494 3140 ,
1522 3075 1699 3147 quod,
1732 3091 1857 3132 cum
1881 3076 1992 3131 sint
2020 3077 2113 3133 de-

534 3167 700 3237 cepti,
746 3168 914 3223 velint
950 3169 1137 3225 venire
1163 3169 1231 3223 ad
1262 3169 1547 3225 veritatem
1570 3211 1587 3237 ,
1618 3178 1895 3236 maneant,
1929 3180 1987 3226 ut
2020 3172 2115 3228 do-

533 3269 763 3313 ceantur
790 3274 822 3314 a
850 3260 1133 3315 communi
1165 3258 1345 3317 Patre.
1369 3259 1526 3328 Quod
1553 3260 1791 3317 edictum
1814 3276 1938 3317 cum
1964 3271 2111 3317 esset
2137 3293 2179 3349 ο

533 3363 565 3401 a
599 3348 867 3404 militibus
916 3349 1181 3416 allatum,
1227 3360 1283 3406 et
1319 3351 1691 3420 publicatum,
1729 3351 1884 3405 multi
1917 3366 1988 3406 ex
2026 3351 2109 3406 eis

533 3440 887 3496 crediderunt
913 3441 1237 3513 Epiphanio.
1273 3441 1384 3510 Qui
1415 3458 1546 3499 vero
1591 3458 1702 3498 non
1732 3441 2106 3507 crediderunt,

546 3532 727 3588 statim
757 3532 915 3603 ejecti
946 3542 1072 3590 sunt
1097 3549 1166 3590 ex
1200 3533 1400 3591 insula.

602 3796 715 3855 LX.
763 3797 893 3855 Erat
940 3809 1123 3854 autem
1168 3800 1508 3855 Alexandriae
1554 3800 1774 3871 quidam
1823 3801 2110 3872 cpiscopus

532 3891 755 3946 nomine
787 3889 1143 3961 Theophilus.
1195 3884 1245 3946 1s
1279 3891 1469 3947 habuit
1517 3906 1770 3963 magnam
1821 3890 2108 3963 Epiphanii

532 3978 804 4037 notitiam.
849 3981 1020 4039 Erant
1050 3998 1179 4039 vero
1219 3992 1330 4039 tres
1374 3982 1572 4040 fratres
1615 3983 1975 4048 Alexandriae,
2012 3983 2106 4039 filii

534 4074 905 4141 lleracleonis,
936 4075 1030 4145 qui
1064 4076 1424 4145 imperaverat
1450 4074 1503 4128 in
1529 4090 1592 4130 ea
1627 4075 1867 4131 civitate.
1893 4074 2109 4130 Mortuo

530 4183 659 4222 VCI‘O
688 4178 841 4238 patre
868 4182 1076 4234 eorum,
1108 4178 1218 4223 tres
1252 4182 1316 4223 ΘΧ
1355 4183 1625 4224 consensu
1659 4168 1950 4224 voluerunt
1988 4184 2110 4225 esse

530 4259 805 4315 moniachi.
862 4257 967 4326 Qui
1020 4260 1245 4329 profecti
1316 4261 1371 4314 in
1426 4259 1814 4326 solitudinem,
1868 4261 2105 4331 quietem

526 4354 762 4422 agebant
794 4352 847 4407 in
878 4353 1129 4418 silentio,
1168 4363 1223 4409 et
1268 4355 1493 4409 honesta
1544 4355 1651 4408 vita
1686 4362 1844 4410 erant
1872 4355 2103 4425 praediti.

2218 2163 2564 2234 Σιμωνιανοὶ,
2626 2162 3037 2227 Βασιλειδιανοὶ,
3100 2157 3606 2233 Καρποκρατιανοί.
3668 2156 3812 2226 Περὶ

2216 2256 2422 2309 τούτων
2465 2255 2785 2325 Ἐπιφάνιος
2831 2254 3070 2325 ἔγραψεν
3120 2252 3413 2324 ἐπιστολὴν
3464 2250 3542 2321 τῷ
3595 2248 3813 2319 βασιλεῖ

2214 2348 2500 2419 Θεοδοσίῳ,
2550 2348 2700 2412 ὅπως
2760 2346 2870 2402 ἀπὸ
2914 2345 3213 2412 διατάξεως
3246 2344 3529 2415 βασιλικῆς
3579 2343 3811 2405 τούτους

2216 2436 2396 2502 διώξει
2433 2439 2535 2507 τῆς
2568 2439 2757 2509 νήσου.
2781 2433 2965 2491 Ἦσαν
2994 2437 3103 2509 γὰρ
3132 2436 3322 2508 ἄνδρες
3353 2435 3599 2488 πλούσιοι
3626 2437 3683 2488 ἐν
3704 2435 3810 2487 αύ-

2217 2532 2351 2594 τοῖς,
2385 2531 2581 2594 οἵτινες
2607 2531 2702 2585 καὶ
2725 2530 3135 2584 ἐνεπιστεύοντο
3169 2529 3359 2600 χρείας
3387 2528 3673 2600 δημοσίας,
3711 2530 3812 2582 καὶ

2219 2622 2535 2676 ἐταπείνουν
2565 2624 2692 2687 τοὺς
2727 2621 3061 2694 όρθοδόξους.
3094 2620 3402 2692 Δεξάμενος
3429 2616 3522 2673 οὖν
3580 2622 3609 2673 6
3644 2620 3811 2691 βασι-

2216 2716 2343 2779 λεὺς
2366 2717 2433 2770 τά
2464 2716 2769 2789 γράμματα
2819 2715 2974 2787 παρὰ
3028 2717 3374 2787 Ἐπιφανίου,
3424 2716 3516 2769 καὶ
3547 2714 3809 2783 ἐποίησεν

2216 2804 2384 2860 τύπον
2413 2805 2671 2859 τοιοῦτον.
2709 2805 2776 2859 Ei’
2792 2822 2874 2868 τις
2895 2806 2971 2877 τῷ
3010 2805 3182 2876 Πατρί
3226 2804 3530 2874 Ἐπιφανίῳ
3558 2801 3635 2873 τῷ
3681 2804 3810 2855 ἐπι-

2227 2895 2415 2964 σκόπῳ
2460 2896 2559 2966 τῆς
2590 2896 2855 2967 Κυπρίων
2888 2894 3070 2967 χώρας
3105 2896 3204 2965 οὐχ
3245 2893 3511 2948 ὑπακούει
3562 2891 3649 2948 διά
3691 2891 3808 2944 τῶν

2216 2987 2375 3041 θείων
2400 2987 2595 3055 λόγων,
2628 2985 2937 3058 ἐξερχέσθω
2982 2987 3298 3057 τῆς-νήσου,
3352 2988 3445 3039 καὶ
3498 2984 3628 3038 ὅπου
3655 2983 3808 3036 θέλει

2216 3079 2557 3147 κατοικείτω,
2589 3078 2654 3131 Εἰ
2701 3078 2760 3131 δέ
2794 3094 2937 3142 τινες
2980 3077 3123 3146 φίλοι
3159 3076 3308 3141 ὄντες
3359 3077 3454 3129 καὶ
3499 3076 3665 3129 τέκνα
3697 3074 3807 3146 τῆς

2218 3171 2526 3242 μετανοίας,
2560 3170 2656 3224 καὶ
2699 3167 3053 3241 ὁμολογοῦσιν
3106 3166 3186 3240 τῷ
3236 3150 3417 3241 κοινῷκ
3450 3168 3661 3239 Πατρί,
3716 3167 3807 3220 ὅτι

2216 3260 2580 3331 πλανηθέντες
2617 3259 2921 3331 βουλόμεθα
2956 3261 3037 3323 εἰς
3080 3259 3178 3331 τὴν
3228 3258 3347 3312 ὁδὸν
3396 3259 3497 3329 τῆς
3541 3258 3807 3329 ἀληθείας

2213 3350 2389 3404 ἐλθεῖν
2407 3367 2421 3382 °
2465 3351 2805 3421 μεινάτωσαν
2827 3352 2921 3403 ἐπὶ
2946 3350 3047 3420 τῆς
3066 3354 3255 3422 νήσου,
3295 3350 3671 3420 διδασκόμενοι
3690 3348 3806 3403 ὑπὸ

2209 3443 2304 3497 τοῦ
2331 3442 2510 3497 κοινοῦ
2537 3442 2770 3517 Πατρός.
2827 3442 2935 3497 Τοῦ
2962 3439 3054 3497 οὖν
3084 3442 3256 3496 τύπου
3303 3442 3453 3513 παρά
3500 3458 3803 3513 στρατευο-

2213 3536 2377 3609 μένου
2406 3537 2652 3601 ἐλθόντος
2671 3534 2766 3589 καί
2786 3535 3232 3607 ἐμφανισθέντος,
3257 3533 3443 3586 πολλοὶ
3463 3532 3805 3603 ἐπείσθησαν

2211 3629 2272 3694 ἐξ
2295 3629 2473 3684 αὐτῶν
2514 3629 2840 3701 Ἔπιφανίῳ.
2897 3632 2961 3683 Ol
2990 3629 3046 3683 δέ
3101 3629 3179 3702 μὴ
3229 3627 3540 3682 πεισθέντες
3590 3628 3803 3692 εὐθέως

2209 3718 2544 3790 ἐδιώχθησαν
2576 3721 2640 3772 ἐκ
2673 3718 2773 3788 τῆς
2802 3720 2990 3789 νήσου.

2279 3809 2353 3864 Ξ’.
2381 3805 2491 3864 Ἦν
2521 3810 2577 3863 δέ
2620 3827 2703 3873 τις
2732 3811 3027 3874 ἐπίσκοπος
3058 3811 3115 3863 ἐν
3156 3808 3531 3881 Ἀλεξανδρεία
3559 3806 3804 3879 τοῦνομα

2208 3900 2485 3970 Θεόφιλος.
2544 3894 2713 3964 Οὗτος
2754 3896 2822 3971 ἦν
2867 3901 2926 3953 ἐν
2974 3898 3169 3968 γνώσει
3223 3899 3391 3970 πολλῇ
3453 3898 3798 3966 Ἑπιφανίου.

2207 3988 2390 4046 *Ησαν
2429 3991 2486 4046 δὲ
2527 3995 2675 4064 τρεῖς
2706 3992 2928 4061 ἀδελφοὶ
2959 3993 3017 4044 ἐν
3059 3990 3463 4062 Ἀλεξανδρείᾳ,
3510 3991 3617 4043 υἱοὶ
3644 3990 3803 4058 γινό-

2210 4097 2363 4154 μενοι
2400 4083 2798 4154 Ἡρακλέωνος,
2826 4082 2919 4137 τοῦ
2951 4083 3212 4155 ἄρξαντος
3251 4084 3344 4136 ἐπὶ
3371 4084 3466 4155 τῆς
3494 4083 3664 4154 αὐτῆς
3692 4083 3800 4136 πό-

2208 4172 2365 4236 λεως.
2414 4172 2849 4245 Τελευτήσαντος
2891 4173 2949 4226 δέ
2994 4171 3086 4225 τοῦ
3139 4171 3344 4244 πατρὸς
3386 4172 3595 4236 αὐτῶν,
3649 4173 3800 4226 κατά

2210 4262 2423 4316 σύνεσιν
2455 4264 2506 4317 οἰ
2546 4266 2695 4333 τρεῖς
2741 4262 3126 4316 ἐϐουλεύσαντο
3172 4263 3421 4334 μονάσαι.
3452 4262 3562 4316 Καὶ
3592 4262 3657 4334 δὴ
3696 4279 3802 4315 πο-

2210 4357 2492 4429 ρευθέντες
2529 4357 2588 4410 ἐν
2632 4358 2700 4427 τῇ
2735 4358 2947 4427 ἐρήμῳ,
2974 4351 3114 4429 ἦσαν
3147 4358 3206 4410 ὲν
3244 4356 3447 4427 ἡσυχία
3474 4354 3663 4426 πολλῇ,
3698 4358 3800 4411 καὶ

528 4438 569 4493 li
599 4449 756 4495 erant
800 4441 953 4496 valde
984 4443 1097 4496 noti
1130 4441 1429 4511 Theophilo
1457 4442 1796 4497 Alexandria:
1827 4444 2102 4515 episcopo.

529 4530 679 4597 Quos
712 4530 827 4600 ipse
858 4547 982 4586 cum
1027 4531 1217 4588 fraude
1264 4533 1477 4589 induxit
1523 4533 1580 4589 in
1611 4534 1912 4602 civitatem,
1941 4547 2105 4608 atque

2208 4451 2308 4519 βίῳ
2355 4448 2618 4519 πρέποντι
2656 4450 3081 4521 κεκοσμημένοι.
3131 4441 3291 4502 Οὗτοι
3320 4444 3460 4520 ἦσαν
3505 4448 3562 4500 ὲν
3590 4446 3796 4516 γνώσει

2208 4542 2375 4614 πολλῇ
2407 4541 2650 4612 Θεοφίλῳ
2676 4541 2754 4612 τῷ
2779 4542 3061 4612 ἐπισκόπῳ
3082 4542 3182 4612 τῆς
3209 4541 3636 4611 Ἀλεξανδρείας.
3663 4541 3802 4594 Τού-⁹

526 4625 665 4679 adeo
699 4623 895 4689 effecit,
937 4633 996 4679 ut
1030 4624 1102 4678 ibi
1138 4633 1364 4680 starent.
1396 4624 1547 4680 Fecit
1574 4635 1755 4681 autem
1786 4642 1853 4682 ex
1889 4627 1955 4682 iis
1986 4644 2099 4681 ma-

2217 4651 2327 4697 τους
2373 4633 2469 4704 μὲν
2508 4632 2765 4702 Θεόφιλος
2814 4633 3128 4703 εἰσήνεγκεν
3175 4634 3267 4685 ἐπὶ
3318 4622 3617 4701 τῆν”πόλιν
3653 4632 3796 4701 μετᾶ

524 4717 700 4788 jorem
736 4716 1050 4787 episcopum
1096 4717 1151 4770 in
1183 4731 1292 4771 una
1335 4717 1467 4772 urbe
1511 4716 1746 4789 iEgypti.
1781 4719 1933 4776 Alios
1979 4734 2104 4775 vero

2217 4726 2441 4797 ἀπάτης,
2483 4726 2577 4779 καὶ
2618 4725 2995 4796 ἡσφαλήσατο.
3033 4725 3317 4795 Ἐποίησεν
3348 4723 3404 4776 δὲ
3436 4722 3527 4776 τὸν
3568 4722 3792 4793 μείζονα

530 4809 657 4863 fecit
685 4807 947 4862 diaconos
990 4814 1046 4860 et
1085 4821 1402 4862 (economos
1434 4804 1709 4863 Ecclesiae.
1740 4808 1874 4865 Cum
1922 4822 2104 4865 autem

2217 4814 2384 4867 ιύτῶν
2413 4813 2709 4868 ἐπίσκοπον
2739 4816 2819 4877 εἰς
2860 4815 2986 4885 μίαν
3017 4798 3171 4865 πόλιν
3201 4813 3300 4884 τῆς
3329 4812 3625 4880 Αἰγύπτου·
3661 4814 3795 4876 τοὺς

528 4911 771 4969 tempore
821 4898 985 4953 trium
1028 4913 1297 4953 annorum
1342 4897 1575 4953 fuissent
1604 4900 1875 4955 aeconomi
1906 4899 2107 4957 Eccle-

2217 4906 2259 4959 Ξὲ
2307 4905 2500 4969 ἄλλους
2544 4905 2798 4977 ἐποίησεν
2848 4906 3127 4969 διακόνους
3172 4906 3267 4957 καὶ
3316 4904 3637 4974 οἰκονόμους
3691 4905 3793 4975 τῆς

525 4993 643 5057 sim,
673 4991 1086 5059 sensissentque
1130 5004 1190 5045 se
1231 5005 1353 5046 esse
1384 4999 1632 5046 mortuos
1665 4990 1834 5062 (quod
1868 4991 1937 5047 ad
1966 4993 2107 5048 divi-

2217 4997 2557 5067 Ἐκκλησίας.
2593 4996 2924 5068 Ποιήσαντες
2970 4997 3027 5050 δὲ
3075 4996 3484 5067 οἰκονομοῦντες
3533 4996 3631 5067 τήν
3659 4995 3792 5048 Ἐκ-

527 5101 651 5141 nam
688 5083 949 5140 attinebat
997 5082 1273 5154 gratiam),
1308 5099 1376 5137 cx
1415 5096 1688 5139 consensu
1732 5082 1843 5138 duo
1870 5097 2102 5153 rogave-

2217 5089 2437 5161 κλησίαν
2481 5090 2669 5161 τριετῆ
2716 5090 2935 5161 χρόνον,
2980 5092 3070 5144 καὶ
3104 5089 3413 5160 αἰσθόμενοι
3446 5088 3671 5152 ἑαυτοὺς
3701 5106 3792 5143 νε-

527 5188 657 5233 runt
682 5177 1064 5247 Theophilum,
1099 5183 1159 5229 ut
1188 5189 1284 5230 eos
1330 5175 1458 5230 illuc
1482 5173 1796 5243 dimitteret,
1825 5174 1918 5230 ubi
1949 5175 2103 5244 prius

2217 5182 2542 5253 κρουμένους
2566 5182 2703 5253 πρὸς
2727 5183 2826 5254 τὴν
2853 5181 3041 5254 θεῖκὴν
3068 5186 3248 5253 χάριν,
3280 5182 3670 5245 καταλιπόντες
3688 5182 3791 5251 τὴν

530 5267 862 5323 habitabant.
902 5267 1003 5333 Qui
1049 5281 1175 5320 cum
1208 5265 1425 5320 illorum
1461 5265 1713 5335 precibus
1759 5279 1870 5319 non
1902 5266 2105 5321 cessis-

2217 5274 2458 5343 ήσυχίαν,
2487 5275 2581 5327 καὶ
2617 5274 2757 5328 κατά
2801 5273 3013 5327 σύνεσιν
3056 5276 3105 5327 οἱ
3147 5274 3241 5327 δύο
3282 5273 3663 5346 παρεκάλεσαν
3700 5273 3792 5325 τὸν

529 5367 633 5423 set,
668 5359 828 5412 ambo
855 5360 929 5413 illi
967 5360 1105 5414 inter
1133 5374 1193 5415 se
1232 5357 1608 5427 conspirantes
1652 5356 1923 5431 abierunt,
1957 5366 2012 5413 et
2042 5359 2096 5413 in

2217 5366 2482 5435 Βεόφιλον,
2512 5368 2660 5432 ὅπως
2686 5366 2904 5432 τούτους
2931 5367 3191 5421 ἀπολύσει
3231 5368 3360 5421 ἔνθα
3408 5367 3464 5419 τὸ
3492 5366 3623 5438 πρὶν
3653 5383 3789 5419 κατέ

531 5448 878 5504 solitudinem
950 5458 1333 5516 recesserunt,
1396 5449 1489 5504 ubi
1547 5448 1703 5519 prius
1762 5447 2096 5503 habitabant.

2217 5459 2402 5529 Lfmow.
2434 5462 2544 5515 Καὶ
2571 5462 2646 5533 μὴ
2675 5461 2913 5529 εἴξαντος
2948 5466 3013 5535 τῇ
3044 5462 3249 5516 τούτων
3274 5461 3644 5532 παρακλήσει,
3677 5461 3787 5513 πά-

530 5539 886 5610 (Theophilus
908 5557 1034 5596 vero
1048 5539 1148 5598 eos
1169 5543 1401 5597 triennio
1423 5542 1652 5613 privavit
1673 5541 2101 5613 communione.)

2217 5553 2289 5603 iw
2321 5552 2365 5603 οί
2400 5551 2492 5604 δύο
2535 5554 2987 5626 ὁμοφωνήσαντες
3028 5554 3382 5626 ἀνεχώρησαν
3422 5555 3514 5608 καί
3547 5551 3788 5624 ἀπῆλθον

492 5690 497 5697 ρ
605 5718 682 5788 (a)
714 5716 1129 5790 lnterprcslegit
1166 5721 1395 5788 Ὀφῖται,
1422 5722 1563 5792 quod
1602 5720 1917 5793 probamus.
