4058 6436
362 324 449 383 Nil
1687 333 1744 388 S.
1783 332 2121 389 EPII‘IIANII
2161 333 2339 389 VITA.

3533 343 3638 399 I0?

359 447 420 501 ὲν
452 446 517 517 τῇ
550 445 775 516 ἐρήμῳ,
804 446 943 500 ὃπου
976 447 1036 500 τὸ
1084 447 1210 518 πρὶν
1241 447 1540 518 κατῴκουν.
1586 448 1645 501 ’0
1693 443 1783 503 οὖν
1814 449 1929 503 Θεό⁴

2046 451 2293 520 Cumque
2335 449 2565 504 multum
2613 460 2935 522 rogassent,
2972 462 3032 508 ut
3075 453 3177 511 sibi
3228 456 3636 525 permitteretur

352 535 508 609 φιλας
536 536 801 607 ἐποίησεν
820 539 1044 601 τούτους
1063 538 1399 601 άσυνάκτους
1428 538 1520 590 καὶ
1552 539 1950 610 άκοινωνήτους

360 625 546 698 τριετῆ
591 626 810 697 χρόνον.
858 629 969 681 Καὶ
1019 628 1188 683 πολλὰ
1238 628 1719 699 παρακαλέσαντες
1740 669 1754 693 ,
1807 628 1948 682 ὥστε

363 718 787 790 συγχωρηθῆναι
827 719 1013 783 αὐτοῖς
1037 717 1145 772 τῶν
1174 718 1334 772 θείων
1370 719 1686 791 μυστηρίων
1714 719 1949 791 μεταλα-

363 808 501 874 δεῖν,
534 811 594 863 οὔ
645 808 1027 882 συνεχώρησεν
1069 813 1099 865 ό
1135 810 1393 881 Θεόφιλος
1438 810 1615 865 τοῦτο.
1660 806 1819 873 Οὔτοι
1856 806 1950 865 οὖν

361 903 798 973 ἀναγκασθέντες
838 904 1068 976 ἀνῆλθον
1098 905 1191 958 ἐπὶ
1234 905 1335 977 τὴν
1371 903 1618 976 βασιλίδα
1650 905 1822 969 πόλιν,
1856 904 1950 958 καὶ

361 994 713 1066 προσέπεσαν
740 996 964 1070 Ἰωάννῃ
988 996 1064 1068 τῷ
1087 995 1318 1067 ἐπίκλην
1342 995 1733 1068 Χρυσοστόμῳ.
1771 995 1833 1049 ‘0
1853 989 1947 1048 οὖν

363 1085 637 1156 Ἰωάννης,
691 1085 878 1157 μαθὼν
906 1087 1007 1159 τὴν
1035 1070 1244 1154 αἰτίαν,
1284 1086 1487 1159 γράφει
1521 1087 1658 1159 πρὸς
1684 1085 1945 1154 Θεόφιλον

361 1173 679 1244 ἐπιστολὴν,
721 1175 1053 1246 παρακαλῶν
1094 1176 1256 1231 αὐτὸν
1302 1177 1396 1230 ἐπὶ
1436 1179 1505 1248 τῇ
1539 1175 1800 1230 ἀπολύσει
1833 1173 1943 1229 τῶν

360 1262 456 1316 δύο
477 1263 743 1333 ἀδελφῶν.
782 1265 842 1318 ’0
870 1260 962 1318 οὗν
983 1266 1238 1336 Θεόφιλος
1268 1266 1367 1320 ούκ
1395 1265 1619 1337 ἐπείσθη
1648 1265 1729 1337 τῷ
1761 1265 1943 1320 Ἰωάν-

361 1372 429 1428 νῃ
483 1348 918 1428 παρακαλοῦντι·
974 1357 1134 1412 πάλιν
1187 1359 1243 1413 δὲ
1285 1360 1351 1412 ὲκ
1397 1358 1649 1428 δευτέρου
1701 1356 1938 1430 ἔγραψεν

2052 541 2235 594 divina
2264 554 2477 595 sumere
2505 550 2872 611 sacramenta,
2898 543 3004 598 hoc
3024 558 3133 598 non
3160 545 3634 603 concessit-Theo-

2052 630 2254 701 philus.
2292 629 2330 683 Ii
2379 636 2562 684 autem
2604 632 2971 688 ascenderunt
3012 634 3069 688 in
3114 633 3338 704 regiam,
3366 643 3420 689 et
3450 638 3634 705 proci-

2052 721 2252 775 derunt
2281 719 2540 791 adpedes
2571 718 2818 786 Joannis,
2843 732 3208 792 cognomento
3231 724 3631 795 Chrysostomi.

2051 809 2291 866 Joannes
2323 824 2452 864 vero
2498 824 2620 864 cum
2671 811 2952 868 didicisset
2997 828 3246 878 causam,
3289 814 3483 869 scribit
3514 814 3634 885 epi-

2053 901 2248 956 stolam
2303 900 2370 954 ad
2423 897 2809 969 Theophilum,
2858 918 3060 974 rogans
3113 919 3267 970 eum,
3326 913 3383 960 ut
3434 905 3634 961 fratres

2050 990 2369 1045 dimitteret.
2416 988 2752 1060 Theophilus
2796 1000 2978 1048 autem
3026 991 3220 1049 Joanni
3269 995 3482 1065 roganti
3521 1009 3629 1049 non

2044 1082 2250 1152 paruit.
2284 1079 2484 1135 Iterum
2516 1094 2647 1151 ergo
2672 1083 2891 1153 scripsit
2922 1083 3163 1151 Joannes
3192 1084 3629 1139 adhortationem

2046 1172 2368 1243 'l‘heOphilo,
2398 1183 2452 1229 et
2483 1189 2580 1230 nec
2607 1175 2685 1230 sic
2717 1177 2899 1246 paruit
2935 1192 2949 1229 :
2995 1175 3234 1232 Joannes
3271 1177 3453 1247 itaque
3492 1177 3629 1231 libe-

2044 1264 2183 1319 ravit
2214 1265 2351 1320 duos
2376 1264 2576 1320 fratres
2604 1280 2634 1319 a
2662 1267 3056 1337 segregatione.
3106 1268 3309 1323 Exorta
3366 1279 3448 1323 est
3501 1282 3631 1338 pro-

2047 1363 2233 1424 pterea
2259 1355 2533 1411 discordia
2567 1358 2706 1413 inter
2731 1355 2994 1412 Joannem
3023 1367 3077 1413 et
3106 1357 3485 1428 Theophilum.

361 1447 618 1515 Ἰωάννης
663 1448 992 1519 παρακαλῶν
1036 1450 1129 1504 τὸν
1174 1449 1452 1520 Θεόφιλον,
1480 1454 1575 1504 καὶ
1609 1448 1731 1504 οὔτε
1786 1449 1961 1511 οὕτως
1998 1432 2221 1515 ἐπείσθη
2271 1446 2352 1517 τῷ
2422 1448 2668 1523 Ἰωάννῃ.
2723 1449 2857 1503 Τότε
2918 1449 3171 1523 Ἰωάννης
3219 1449 3486 1504 ἀπέλυσεν
3531 1447 3626 1502 τοῦ

358 1537 668 1609 ἁφορισμοῦ
695 1538 820 1602 τοὺς
853 1538 947 1593 δύο
989 1539 1279 1609 άδελφούς’
1305 1540 1382 1604 ὼς
1418 1542 1482 1595 ὲκ
1519 1540 1710 1594 τούτου
1753 1538 1938 1594 λοιπὸν
1976 1537 2190 1606 ἐγένετο
2218 1536 2359 1611 λύπη
2397 1539 2608 1610 μεγάλη
2641 1540 2842 1610 μεταξὺ
2877 1538 3134 1609 Θεοφίλου
3162 1540 3247 1594 καὶ
3285 1542 3553 1596 Ἰωάννου.

426 1633 552 1689 EA’.
583 1633 719 1688 Κατ’
763 1636 968 1689 ἐκεῖνον
1008 1635 1065 1688 δὲ
1108 1635 1197 1689 τὸν
1240 1637 1428 1707 καιρὸν
1466 1633 1533 1709 ἦν
1582 1635 1943 1707 συγκλητικός

2123 1631 2258 1688 LXI.
2290 1633 2417 1689 Fuit
2460 1643 2643 1690 autem
2677 1636 2969 1706 aliquando
3016 1636 3099 1689 vir
3142 1637 3363 1706 quidam
3406 1646 3624 1692 senato-

357 1740 443 1787 τις
477 1723 618 1794 ἀνὴρ
657 1723 884 1793 ὀνόματι
919 1722 1288 1792 Θεόγνωστος·
1321 1718 1475 1789 οὗτος
1508 1726 1833 1798 Χριστιανὸς
1865 1724 1929 1779 in

2048 1723 2185 1791 rius,
2222 1726 2442 1782 nomine
2471 1724 2873 1797 Theognostus.
2911 1724 3009 1783 Hic
3041 1742 3164 1782 cum
3195 1737 3340 1783 esset
3366 1728 3628 1783 Christia-

356 1810 506 1886 εἶχεν
537 1814 628 1869 τὸν
676 1813 839 1884 φόϐον
867 1812 959 1868 τοῦ
997 1813 1130 1868 Θεοῦ
1169 1796 1572 1880 ἀδιαλείπτως,
1593 1818 1687 1870 καὶ
1710 1814 1929 1885 ἀγαπώ-

2040 1829 2178 1880 nus,
2228 1814 2419 1869 habuit
2464 1796 2684 1870 assidue
2729 1815 2979 1871 timorem
3025 1814 3119 1870 Dei
3169 1827 3297 1871 ante
3332 1817 3541 1881 oculos,
3569 1826 3627 1871 et

361 1922 523 1978 μενος
550 1904 656 1958 ὑπὸ
685 1904 781 1958 τοῦ
813 1903 1096 1974 βασιλέως.
1129 1905 1320 1971 Ἀλλος
1353 1906 1410 1960 δέ
1443 1925 1527 1972 τις
1557 1902 1624 1978 ἦν
1652 1908 1747 1961 καὶ
1775 1900 1936 1971 αύτὸς

353 1997 456 2069 τῆς
486 1996 821 2068 συγκλήτου,
865 1996 1139 2068 Δωρόθεος
1172 1997 1521 2069 καλούμενος.
1554 1995 1665 2053 *Ην
1695 1999 1754 2052 δὲ
1784 1993 1937 2062 οὗτος

348 2087 656 2160 ’Δρειανός.
684 2080 854 2151 Οὗτος
882 2088 1257 2160 κατηγόρησεν
1284 2088 1650 2159 Θεογνώστου,
1677 2090 1759 2143 ὅτι
1793 2089 1938 2156 ὕϐρι-

356 2196 451 2233 σεν
477 2178 570 2232 τὸν
596 2177 842 2250 βασιλέα·
881 2179 976 2232 καὶ
1002 2178 1095 2233 δύο
1126 2180 1405 2253 μάρτυρας
1428 2179 1640 2250 ψευδεῖς
1664 2180 1937 2255 παρέστη-

355 2288 469 2335 σεν,
501 2272 595 2324 καὶ
639 2270 863 2342 ἤλεγξεν
900 2272 991 2325 τὸν
1037 2271 1378 2341 Θεόγνωστον
1431 2272 1572 2326 κατὰ
1623 2273 1932 2344 πρόσωπον.

363 2360 429 2417 Ὀ
457 2358 549 2416 οὗν
578 2362 829 2432 βασιλεὺς
857 2361 1133 2427 Θεοδόσιος
1162 2363 1445 2416 ἐκέλευσεν
1474 2363 1566 2417 τὸν
1592 2363 1935 2432 Θεόγνωστον

353 2452 729 2525 ἐξορισθῆναι,
766 2455 862 2508 καὶ
913 2452 982 2506 τά
1026 2454 1324 2526 πράγματα
1367 2455 1531 2508 αὑτοῦ
1577 2454 1931 2526 δημευθῆναι.

359 2546 613 2616 Ἐμεινεν
641 2544 699 2598 δὲ
731 2546 798 2617 τῇ
846 2547 1067 2615 γυναικὶ
1107 2546 1453 2615 Θεογνῶστου
1500 2547 1558 2599 ἓν
1589 2550 1930 2618 προαστείον,

352 2636 416 2702 ἐξ
441 2629 503 2690 οὗ
527 2636 627 2707 τὴν
656 2636 973 2708 ἀποτροφὴν
1007 2633 1170 2709 εἶχεν.
1197 2636 1578 2708 Ἐτελεύτησεν
1605 2636 1662 2690 δὲ
1687 2636 1933 2705 Θεόγνω-

355 2745 481 2791 στος
508 2727 585 2792 ὡς
605 2726 815 2800 ὑπῆγεν
842 2729 901 2782 ὲν
926 2729 1132 2799 ὲξορίᾳ.
1160 2728 1271 2799 Τῆς
1300 2720 1393 2782 οὗν
1425 2727 1742 2799 βασιλίσσης
1773 2727 1935 2780 E2580-

353 2821 475 2889 ξίας
500 2820 821 2893 ἐξελθούσης
849 2823 980 2876 ’ποτὲ
1007 2824 1064 2876 ὲν
1089 2820 1169 2892 τῷ
1191 2821 1499 2896 προκένσῳ,
1523 2820 1602 2891 τῷ
1632 2820 1806 2892 καιρῷ
1837 2820 1931 2874 τοῦ

348 2913 645 2986 cpiam-:06,
678 2913 805 2967 ἔνθα
833 2908 901 2985 ἦν
929 2913 990 2967 τὸ
1028 2916 1347 2985 προαστεῖον
1375 2913 1476 2984 τῆς
1515 2913 1773 2983 γυναικὸς
1801 2913 1932 2966 Θεο-

351 3004 617 3075 γνώστου,
650 3005 751 3058 οὐκ
782 2999 901 3058 οῖδα
943 3002 1085 3058 κατὰ
1125 3003 1284 3058 ποίαν
1325 3004 1502 3057 αἰτίαν
1529 3002 1843 3057 εἰσελθοῦσα
1874 3005 1931 3058 ὲν

2040 1904 2371 1974 diligebatur
2415 1906 2484 1961 ab
2523 1907 2870 1977 imperatore.
2918 1906 3049 1962 Erat
3093 1916 3273 1963 autem
3320 1909 3491 1975 alius,
3527 1910 3622 1979 qui

2040 1994 2156 2065 ipse
2188 2011 2407 2066 quoque
2438 2007 2556 2053 erat
2599 1999 2807 2055 ordinis
2856 1998 3148 2065 senalorii,
3182 1983 3487 2056 Dorotheus
3520 2017 3623 2055 no-

2037 2088 2207 2153 mine,
2257 2089 2517 2145 Arianus.
2568 2088 2618 2145 Is
2669 2093 2947 2147 accusavit
2992 2090 3424 2161 Theognostum,
3474 2093 3620 2162 quod

2038 2179 2423 2249 imperatorem
2479 2181 2750 2237 aﬂ‘ecisset
2796 2181 3126 2237 contumelia
3182 2199 3196 2235 :
3254 2190 3309 2235 et
3364 2182 3623 2251 produxit

2036 2268 2176 2322 duos
2231 2268 2400 2323 falsos
2455 2277 2661 2332 testes,
2716 2270 2811 2339 qui
2873 2279 3198 2339 praesentem
3268 2270 3622 2325 convicerunt

2038 2357 2445 2429 Theognostum
2468 2402 2482 2425 ,
2514 2359 2658 2430 quod
2696 2362 3025 2418 contumelia
3063 2361 3333 2417 alfecisset
3379 2362 3617 2433 impera-

2038 2460 2238 2507 torem.
2278 2448 2581 2520 imperator
2611 2453 2798 2522 itaque
2831 2453 3099 2508 Arcadius
3135 2452 3303 2522 jussit
3330 2453 3618 2523 Theognn-

2037 2551 2184 2596 stum
2220 2540 2474 2610 relegari,
2503 2550 2558 2596 et
2588 2542 2731 2597 bona
2759 2543 2879 2612 ejus
2918 2544 3205 2613 publicari.
3232 2541 3402 2598 Uxori
3435 2552 3616 2597 autem

2038 2632 2371 2703 'I‘heognosti
2401 2633 2604 2688 mansit
2634 2649 2799 2687 unum
2835 2633 3232 2702 suburbanum,
3264 2649 3329 2689 ex
3375 2649 3486 2704 quo
3515 2634 3618 2688 ba-

2010 2724 2197 2779 ‘hebat
2226 2725 2567 2780 alimentum.
2606 2725 2849 2781 Decessit
2881 2725 3285 2797 Theognostus,
3319 2743 3443 2781 cum
3474 2734 3619 2783 esset

2034 2815 2089 2869 in
2137 2815 2352 2870 exsilio.
2405 2805 2651 2869 Eudoxia
2698 2825 2878 2870 autem
2930 2816 3226 2887 aliquando
3273 2831 3493 2888 egressa
3549 2817 3616 2870 ad

2032 2905 2387 2970 vindemiam,
2424 2920 2549 2961 cum
2582 2920 2752 2977 prope
2790 2921 2910 2961 eam
2941 2915 3083 2963 esset
3117 2908 3424 2978 possessio,
3455 2917 3510 2963 et
3536 2908 3617 2960 vi-

2033 2999 2104 3053 tis
2153 2997 2469 3052 suburbana
2504 2997 2694 3053 uxoris
2726 2997 3093 3071 Theognosti,
3145 3000 3331 3055 nescio
3377 3015 3616 3069 quanam

350 3095 431 3167 τῷ
476 3094 757 3167 ἀμπελῶνι
802 3093 903 3165 τῆς
947 3094 1202 3163 γυναικὸς
1248 3095 1280 3165 ή
1332 3093 1617 3165 βασίλισσα
1657 3095 1929 3164 ἀπέτεμεν

2035 3090 2102 3143 de
2128 3102 2315 3154 causa,
2349 3103 2473 3143 cum
2504 3102 2725 3159 egressa
2752 3097 2898 3145 esset
2924 3089 2992 3146 de
3023 3092 3182 3145 vinea
3214 3105 3337 3156 sua,
3371 3092 3612 3161 ingressa

346 3186 451 3239 ἕνα
478 3185 691 3258 βότρυν.
734 3181 911 3239 Εἶπαν
953 3184 1011 3238 δέ
1041 3202 1186 3248 τινες
1215 3184 1322 3238 τῶν
1350 3183 1717 3255 παρεστώτων
1741 3186 1805 3255 τῇ
1837 3182 1932 3254 βα-

355 3278 599 3349 σιλίσσῃ·
628 3276 897 3338 Δέσποινα
915 3317 928 3340 ,
957 3274 1231 3348 ἀλλότριός
1258 3276 1407 3330 ἔστιν
1435 3277 1463 3329 ό
1493 3271 1752 3346 άμπελὼν
1771 3314 1786 3339 ,
1810 3273 1932 3333 ὅθεν

352 3368 627 3439 ἀπέτεμες
651 3367 758 3421 τὸν
790 3366 1006 3438 βότρυν.
1044 3365 1207 3430 Ἐθος
1233 3366 1291 3419 δέ
1325 3366 1442 3420 εστι
1481 3367 1596 3428 τοῖς
1625 3363 1931 3436 βασιλεῦσιν

352 3460 450 3513 καὶ
488 3460 606 3521 ταῖς
653 3456 1019 3527 βασιλίσσαις,
1069 3456 1173 3511 κᾶν
1215 3455 1353 3511 πόδα
1393 3456 1680 3526 ἐπενέγκοι
1715 3458 1796 3520 είς
1833 3455 1931 3528 τὴν

353 3548 660 3619 ἀλλοτρίαν,
686 3547 792 3602 κᾶν
826 3547 1034 3621 καρπὸν
1076 3546 1230 3602 λάϐοι
1259 3546 1369 3602 ἀπό
1403 3564 1549 3612 τινος
1580 3546 1688 3601 τῶν
1732 3546 1932 3619 καρπί-

356 3658 474 3711 μων
516 3639 707 3707 ξύλων,
753 3638 955 3710 μηκέτι
986 3636 1142 3693 ἄλλον
1183 3637 1307 3692 τινά
1341 3637 1703 3704 ὲξουσιάξειν,
1751 3638 1926 3710 ἀλλ’ἢ

351 3731 445 3784 τὴν
490 3729 733 3800 βασιλέα.
758 3728 1066 3784 Ἀκούσασα
1097 3729 1161 3801 δή
1200 3731 1234 3801 ὴ
1278 3730 1416 3803 γυνὴ
1449 3730 1814 3799 Θεογνώστου,
1847 3731 1929 3784 ὅτι

351 3821 680 3892 ἀπεσπάσθη
726 3824 756 3875 ὁ
798 3821 968 3896 άγρδς
1016 3823 1204 3893 αὐτῆς,
1250 3821 1490 3894 ἔγραψεν
1530 3825 1611 3887 είς
1650 3823 1925 3894 δίπτυχον,

351 3914 450 3966 καὶ
476 3913 794 3966 ἀπέστειλεν
840 3911 978 3985 πρὸς
1029 3913 1302 3985 Ἰωάννην.
1337 3910 1446 3969 Ἦν
1484 3915 1592 3986 γὰρ
1624 3914 1928 3986 ἀγαπώμε-

272 4039 281 4045 -
348 4020 441 4065 νος
489 4002 691 4071 σφόδρα
722 4002 828 4056 ὑπὸ
866 4002 960 4079 τοῦ
1009 4001 1273 4073 βασιλέως
1316 4004 1411 4058 καὶ
1455 4005 1551 4076 τῆς
1585 4004 1923 4078 βασιλίσσης.

349 4092 555 4148 Μαθὼν
584 4090 679 4146 οὖν
721 4093 894 4145 ταῦτα
936 4095 965 4146 ὁ
999 4093 1254 4165 Ἰωάννης
1286 4094 1602 4150 ἀπέστειλεν
1640 4095 1730 4148 τὸν
1768 4097 1925 4166 ἀρχι-

347 4180 593 4234 διάκονον
618 4180 803 4244 αὐτοῦ,
834 4180 1003 4252 ἄνδρα
1026 4181 1205 4252 λόγιον
1228 4183 1323 4236 καὶ
1356 4183 1502 4255 ὀρθῷ
1529 4184 1627 4256 βίῳ
1654 4202 1926 4256 κεκοσμη-

354 4269 535 4340 μένον.
565 4268 639 4323 Τὺ
667 4269 724 4322 δὲ
750 4269 923 4339 ὄνομα
961 4268 1126 4324 αὑτοῦ
1172 4269 1417 4324 ἐκαλεῖτο
1446 4269 1703 4341 Εὔτυχος.
1729 4270 1926 4341 Είσῆλ-

348 4360 446 4413 θεν
474 4355 565 4415 οὖν
596 4358 836 4429 Εὔτυχος
875 4360 1009 4429 πρὸς
1036 4360 1138 4431 τὴν
1183 4359 1514 4430 βασίλισσαν,
1551 4364 1646 4416 καὶ
1673 4360 1922 4432 διελέχθη

2033 3187 2117 3233 est
2150 3176 2361 3233 vineam
2397 3179 2587 3236 uxoris
2618 3179 2970 3252 Theognosti,
3006 3189 3063 3237 et
3094 3183 3312 3236 hotrum
3347 3185 3613 3238 exsecuit.

2033 3268 2299 3323 Dixerunt
2331 3279 2511 3323 autem
2539 3270 2707 3340 aliqui
2739 3284 2805 3324 ex
2841 3272 2940 3337 iis,
2976 3271 3069 3340 qui
3100 3272 3428 3327 assistebant
3459 3289 3473 3325 :
3503 3271 3615 3327 Do-

2036 3360 2204 3425 mina,
2236 3360 2458 3416 secuisti
2488 3361 2704 3415 botrum
2739 3360 2929 3416 alienae
2958 3362 3146 3415 vineae.
3182 3361 3298 3417 Mos
3324 3371 3409 3417 est
3435 3363 3609 3433 impe-

2032 3451 2311 3505 ratoribus
2341 3459 2396 3505 et
2442 3449 2901 3520 imperatricibus,
2933 3451 2979 3507 si
3016 3452 3099 3506 vel
3148 3452 3336 3522 pedem
3365 3453 3612 3508 intulerit

2030 3542 2085 3597 in
2117 3553 2316 3597 terram
2371 3540 2601 3597 alienam
2625 3580 2641 3609 ,
2684 3551 2738 3597 et
2767 3543 2812 3598 si
2850 3543 3085 3597 fructum
3119 3544 3391 3613 acceperit
3414 3558 3483 3598 ex
3513 3545 3612 3597 ali-

2030 3650 2141 3706 quo
2167 3650 2232 3690 ex
2267 3635 2334 3690 iis
2367 3649 2490 3705 qua;
2531 3633 2769 3690 fructum
2799 3633 3001 3700 ferunt,
3034 3644 3094 3690 ut
3142 3636 3326 3690 nullus
3370 3636 3509 3690 alius
3553 3636 3609 3689 in

2028 3740 2091 3780 ea
2128 3732 2451 3795 potestatem
2502 3725 2715 3792 habeat,
2759 3726 2863 3781 nisi
2906 3726 3222 3797 imperator.
3256 3726 3391 3782 Cum
3432 3727 3612 3782 Theo-

2028 3818 2208 3888 gnosti
2261 3826 2443 3871 autem
2495 3833 2633 3873 uxor
2681 3818 2975 3885 audiisset,
3023 3819 3168 3889 quod
3214 3833 3349 3875 suus
3382 3835 3511 3890 ager
3539 3819 3609 3873 ab

2027 3925 2091 3965 ea
2125 3912 2197 3966 sit
2231 3911 2484 3977 avulsus,
2518 3910 2572 3965 id
2605 3911 2823 3980 scripsit
2872 3909 2925 3964 in
2959 3912 3315 3981 pugillaribus
3338 3950 3351 3977 ,
3380 3921 3431 3967 et
3460 3911 3610 3966 misit

2028 4002 2096 4057 ad
2145 4000 2433 4058 Joannem.
2485 4001 2655 4057 Valde
2708 4002 2854 4056 enim
2913 4001 3199 4056 amabatur
3249 4000 3487 4057 Joannes
3538 4001 3607 4055 ab

2027 4086 2355 4163 imperatore
2399 4101 2454 4148 et
2498 4093 2567 4147 ab
2597 4093 2960 4163 imperatrice.
3001 4092 3137 4147 Cum
3170 4093 3286 4148 haec
3328 4092 3606 4148 didicisset

2025 4182 2284 4250 Joannes,
2324 4184 2473 4238 misit
2514 4199 2674 4239 suum
2704 4183 3178 4249 archidiaconum,
3210 4184 3386 4237 virum
3420 4184 3606 4238 erudi-

2026 4282 2163 4340 tum,
2192 4282 2247 4327 et
2295 4282 2441 4328 recta
2488 4272 2594 4327 vita
2643 4272 2949 4343 praeditum.
2996 4270 3201 4326 Nomen
3254 4281 3433 4326 autem
3483 4273 3603 4342 ejus

2024 4365 2325 4419 vocabatur
2356 4363 2654 4436 Eutychus.
2697 4363 2981 4434 Ingressus
3010 4371 3189 4418 autem
3221 4362 3497 4435 Eutychus
3534 4366 3600 4419 ad

348 4453 488 4522 αὐτῇ
521 4449 661 4504 κατὰ
704 4449 801 4521 τὴν
832 4451 1133 4523 ἐπιτροπήν
1161 4450 1428 4505 Ἰωάννου.
1459 4447 1628 4506 Εἶπεν
1666 4451 1723 4506 δὲ
1749 4453 1782 4523 ή
1822 4451 1913 4521 βα-

2031 4454 2465 4523 imperatrieem,
2518 4470 2642 4509 eum
2703 4469 2763 4508 ea
2835 4454 3093 4509 disseruit
3138 4454 3298 4525 jussu
3351 4453 3594 4509 Joannis.

348 4542 565 4596 σίλισσα
590 4541 725 4612 πρὸς
755 4541 846 4595 τὸν
880 4540 1141 4613 Εὔτυχον,
1174 4544 1287 4597 ὄπ’
1328 4542 1510 4615 Νόμος
1548 4544 1696 4596 ἐστὶν
1737 4535 1920 4606 οὗτοςο

298 4650 303 4653 “
345 4634 482 4686 ὅπου
529 4632 587 4685 δὲ
635 4631 903 4701 βούλεται,
930 4634 1010 4696 είς
1048 4632 1213 4703 ἄλλην
1258 4633 1524 4704 ἐπαρχίαν
1560 4632 1752 4704 δίδωμι
1783 4634 1920 4705 αὐτῇ

347 4706 567 4797 ίωρίον.
629 4724 889 4790 Ἐξελθὼν
939 4724 998 4779 δὲ
1055 4726 1085 4777 ὁ
1139 4723 1410 4796 Εὔτυχος,
1463 4725 1784 4796 ἀνήγγειλεν
1843 4724 1922 4795 τῷ

344 4816 572 4891 Ἰωάννῃ
610 4818 736 4881 τοὺς
772 4816 965 4886 λόγους
1000 4817 1100 4887 τῆς
1141 4816 1476 4886 βασιλίσσης.
1520 4816 1821 4888 Ἐπορεύθη
1862 4814 1920 4868 δὲ

344 4910 601 4980 Ἰωάννης
647 4911 704 4965 ὲν
740 4908 818 4979 τῷ
844 4909 1078 4981 ταμιείῳ
1108 4908 1186 4978 τῷ
1215 4906 1511 4979 βασιλικῷ,
1542 4908 1636 4962 καὶ
1669 4904 1821 4961 εἷπεν
1851 4909 1918 4978 τῇ

346 5002 662 5073 βασιλίσσῃ·
706 5001 930 5064 ’Δπόδος
969 5002 1061 5055 τὸν
1108 5000 1277 5072 ἀγρὸν
1309 5000 1408 5071 τῆς
1438 5000 1634 5071 χήρας.
1669 4996 1836 5054 Εἶπεν
1861 4999 1919 5053 δὲ

343 5096 378 5166 ἡ
408 5094 689 5164 βασίλισσα
734 5093 812 5165 τῷ
848 5093 1101 5166 Ἰωάννῃ’
1138 5094 1313 5158 Μάθε,
1353 5093 1555 5165 Πάτερ,
1587 5093 1685 5163 τὴν
1716 5093 1915 5160 αἰτίαν,

343 5187 439 5239 καὶ
457 5185 576 5239 τότε
602 5185 849 5253 ὲπάγαγε
878 5186 977 5256 τὴν
1005 5185 1317 5257 ἐπιϐουλὴν,
1343 5185 1409 5255 ἢν
1432 5184 1611 5252 λέγεις
1629 5184 1710 5237 ὅτι
1732 5184 1920 5256 ἐποίη-

344 5291 416 5326 σα
446 5275 511 5344 τῇ
544 5273 704 5344 χήρᾳ.
748 5269 914 5325 Εἶπεν
963 5273 1020 5326 δὲ
1058 5272 1218 5328 πάλιν
1246 5276 1280 5344 ἡ
1316 5273 1603 5344 βασίλισσα
1628 5273 1706 5344 τῷ
1734 5273 1917 5328 Ἰωάν-

339 5378 443 5436 νη³
496 5364 588 5436 Μὴ
642 5344 884 5436 ἐλέγχειν
939 5365 1059 5418 Θέλε
1112 5365 1256 5419 κατὰ
1308 5366 1599 5438 πρόσωπον
1652 5364 1913 5435 βασιλεῖς.

338 5447 512 5507 Είπεν
538 5453 594 5506 δὲ
622 5454 878 5526 Ἰωάννης
895 5471 909 5486 ·
939 5456 1046 5507 Καὶ
1077 5456 1238 5508 πάλιν
1260 5456 1342 5508 σοὶ
1369 5452 1533 5524 λέγω⁸
1572 5456 1794 5520 Ἀπόδος
1824 5457 1917 5527 τὸν

336 5542 512 5613 ἀγρὸν
541 5545 640 5616 τῆς
664 5546 863 5617 χήρας.
894 5547 1174 5610 Ἤκουσας
1206 5545 1323 5611 πῶς
1353 5548 1724 5618 στηλιτεύεται
1753 5548 1916 5614 Ἰεζάο

337 5633 455 5700 δελ,
492 5635 585 5689 καὶ
618 5635 784 5707 μέχρι
831 5636 1070 5709 σήμερον
1102 5638 1206 5691 ὑπὸ
1233 5639 1331 5709 τῆς
1377 5639 1528 5704 θείας
1569 5640 1610 5693 Γ
1614 5641 1789 5712 ραφῆς
1815 5642 1911 5696 δα-

333 5727 787 5784 κτυλοδεικτεῖται
813 5726 906 5780 ἐπὶ
932 5727 1087 5799 κακῷ
1113 5729 1180 5782 δι’
1202 5730 1498 5799 ἀμπελῶνα
1521 5732 1669 5785 ὁσίου
1697 5734 1910 5801 ἀνδρός.

2026 4543 2173 4598 Dixit
2218 4561 2349 4600 vero
2386 4546 2700 4616 imperatrix
2748 4533 3037 4617 Eutycho:
3072 4544 3197 4602 Hrec
3234 4555 3319 4603 est
3370 4547 3455 4602 lex
3511 4564 3596 4604 re-

2024 4636 2109 4707 gia
2145 4652 2158 4689 :
2189 4637 2501 4708 ubicunque
2539 4645 2720 4693 autem
2750 4638 2878 4693 velit
2908 4638 2961 4692 in
2997 4639 3101 4697 alia
3131 4639 3428 4709 provincia,
3460 4643 3598 4695 dabo

2022 4728 2072 4797 ei
2107 4730 2391 4798 praedium.
2419 4728 2684 4801 Egressus
2711 4728 3010 4800 Eutychus,
3036 4731 3378 4786 annuntiavit
3400 4731 3598 4787 Joanui

2021 4820 2187 4875 verba
2240 4821 2622 4890 imperatricis.
2663 4820 2761 4876 lvit
2809 4830 2990 4877 autem
3043 4821 3283 4878 Joannes
3317 4819 3374 4874 in
3415 4812 3596 4878 aulam

2021 4910 2246 4980 regiam,
2275 4921 2329 4967 et
2357 4913 2493 4969 dixit
2525 4913 2851 4983 imperatrici
2883 4932 2894 4968 :
2930 4912 3115 4970 Redde
3163 4923 3350 4986 agrum
3397 4915 3593 4970 vidme.

2020 4998 2168 5055 Dixit
2198 4999 2394 5055 Joanni
2441 5001 2756 5073 imperatrix
2790 5021 2802 5056 :
2833 5002 3027 5070 Pater,
3072 5003 3221 5058 disce
3258 5017 3499 5066 causam,
3542 5012 3597 5057 et

2018 5103 2150 5146 tunc
2180 5093 2395 5147 intende
2437 5094 2667 5158 crimen,
2696 5096 2840 5165 quod
2874 5110 2963 5149 me
2993 5094 3133 5150 dicis
3161 5092 3502 5149 commisisse
3537 5092 3592 5147 in

2019 5185 2257 5239 viduam.
2311 5183 2458 5239 Dixit
2507 5197 2686 5240 autem
2740 5202 2935 5241 rursus
2983 5185 3217 5240 Joannes
3258 5201 3273 5239 :
3319 5182 3438 5239 Dixi
3474 5185 3593 5249 tibi,

2019 5274 2202 5330 Redde
2232 5275 2394 5329 vitem
2425 5276 2626 5339 yidure.
2664 5275 2804 5330 Dixit
2828 5258 3153 5346 imperatrix
3183 5274 3379 5331 Joanni
3407 5294 3421 5330 :
3447 5276 3592 5344 Noli,

2016 5366 2177 5422 Pater
2202 5365 2460 5434 Joannes,
2493 5367 2601 5424 noli
2630 5368 2708 5421 sic
2741 5381 2937 5439 coram;
2959 5381 3187 5436 arguere
3213 5368 3590 5438 imperatores.

2016 5456 2161 5511 Dixit
2210 5456 2496 5513 Joannes:
2539 5457 2751 5511 Rursus
2794 5458 2918 5512 dico
2970 5457 3064 5512 tibi
3115 5473 3129 5509 :
3170 5456 3353 5513 Redde
3402 5475 3591 5529 agrum

2016 5548 2213 5603 vidum.
2248 5549 2534 5613 Audivisti,
2563 5557 2766 5618 quanta
2802 5557 3018 5603 notetur
3049 5549 3345 5619 ignominia
3370 5549 3589 5617 chahel

2013 5649 2235 5710 propter
2286 5640 2519 5704 vineam,
2564 5648 2619 5694 et
2652 5654 2826 5710 usque
2873 5640 2929 5694 in
2983 5641 3304 5697 hodiernum
3355 5643 3497 5698 diem
3534 5659 3588 5697 in

2017 5734 2222 5789 malum
2269 5732 2439 5801 digito
2490 5732 2843 5803 ostendatur,
2894 5744 3113 5807 propter
3146 5735 3359 5794 vineam
3415 5735 3590 5792 sancti
