4058 6426
511 297 608 353 Hi5

1825 298 1882 356 S.
1921 299 2264 359 EPlPllANll
2300 303 2481 362 VITA.

3650 319 3747 376 lC’.

505 413 604 467 viri
643 413 705 466 ¹⁶.
747 413 884 468 Cum
933 411 1048 467 haec
1084 422 1261 467 autem
1311 411 1378 465 ab
1429 410 1635 466 Joanne
1672 412 1935 468 audiisset
1978 415 2069 468 im-

2196 419 2262 474 ἸΙ
2305 422 2360 475 δὲ
2408 422 2693 492 βασίλισσα
2747 420 3026 476 ἀκούσασα
3068 419 3240 477 ταῦτα
3290 422 3442 496 παρὰ
3484 425 3750 496 Ἰωάννου,

506 504 763 571 peratrix,
805 502 972 573 jussit
1018 499 1280 558 Joannem
1324 502 1444 570 ejici
1485 519 1551 556 ex
1600 504 1723 556 aula
1772 504 1939 573 regia.
1973 506 2076 571 Qui

503 609 779 662 egressus,
819 593 966 648 venit
1000 595 1052 648 in
1093 593 1399 650 ecclesiam.
1442 591 1584 647 Dixit
1629 602 1807 648 autem
1842 594 2078 652 Joannes

507 684 749 754 l-lutycho
787 699 801 735 :
839 681 1070 749 Quando
1104 683 1309 736 venerit
1345 682 1659 750 imperatrix
1688 683 1744 736 in
1767 685 2076 751 ecclesiam,

505 776 690 845 accipe
716 785 914 840 tecum,
952 775 1045 844 qui
1071 774 1169 829 tibi
1204 774 1459 838 serviant,
1489 782 1542 828 et
1571 784 1650 829 sta
1679 775 1733 830 in
1764 776 1936 844 aditu,
1969 793 2078 846 quo

503 868 643 920 solet
676 865 886 937 ingredi
921 865 976 919 in
1004 865 1311 929 ecclesiam,
1338 873 1394 920 et
1422 879 1492 919 ne
1515 865 1664 921 sinas
1695 882 1815 920 eam
1849 867 2077 938 ingredi,

502 957 689 1012 dicens
723 976 735 1011 :
769 955 1008 1010 Joannes
1049 955 1253 1024 jussit,
1301 971 1368 1009 ne
1418 956 1780 1025 ingredereris
1820 956 1874 1010 in
1907 957 2080 1012 eccle-

503 1046 664 1101 siam.
710 1048 800 1104 Sic
841 1055 1021 1103 autem
1076 1047 1206 1103 fecit
1235 1048 1535 1118 Eutychus.
1565 1049 1648 1102 Ab
1687 1063 1754 1103 eo
1786 1063 1916 1121 ergo
1943 1058 2080 1103 tem-

504 1153 638 1205 pore
666 1139 886 1192 incitata
925 1147 1012 1195 est
1056 1139 1373 1208 impcratrix
1412 1139 1672 1194 adversus
1695 1137 1983 1205 Joannem,
2019 1149 2078 1195 ut

500 1243 628 1284 eum
657 1230 894 1286 mitteret
921 1232 977 1285 in
1005 1231 1285 1286 exsilium.

571 1405 732 1462 LXII.
765 1409 901 1464 Cum
955 1418 1138 1464 autem
1183 1407 1483 1464 audivisset
1524 1398 1894 1480 Theophilus,
1943 1411 2080 1465 velle

503 1502 905 1570 imperatricem
955 1504 1168 1558 mittere
1213 1500 1478 1556 Joannem
1523 1502 1576 1556 in
1624 1503 1874 1558 exsilium
1901 1543 1916 1568 ,
1974 1504 2081 1558 hoc

502 1593 620 1663 ipse
649 1609 868 1664 quoque
896 1595 1203 1648 mirandum
1239 1594 1291 1647 in
1331 1593 1550 1647 modum
1585 1601 1668 1648 est
1711 1595 2076 1649 machinatus.

505 1684 734 1754 Scripsit
781 1686 945 1755 igitur
997 1684 1332 1754 Theophilus
1380 1687 1446 1738 ad
1506 1684 1871 1755 Epiphaniam
1925 1687 2078 1741 ﬁctas

503 1775 713 1828 litteras
755 1776 1016 1831 adversus
1058 1774 1355 1839 Joannem,
1397 1777 1541 1844 quod
1599 1777 1798 1830 sentiat
1836 1775 2076 1832 Joannes

499 1865 724 1929 eadem,
773 1881 895 1934 quae
938 1865 1216 1936 Origenes.
1267 1865 1410 1920 Mota
1457 1867 1618 1936 igitur
1647 1879 1731 1922 est
1764 1869 2077 1938 imperatrix

501 1955 568 2010 ad
618 1956 750 2010 eum‘
794 1956 1116 2011 mittendum
1168 1959 1222 2010 in
1271 1957 1522 2010 exsilium
1571 1975 1584 2011 :
1634 1959 2077 2030 Epiphaniusque

499 2047 611 2100 cito
642 2047 870 2101 credidit
909 2046 1228 2116 Theophilo.
1281 2045 1568 2102 Nesciebat
1601 2050 1760 2104 enim
1795 2048 2078 2120 Theophi-

503 2140 610 2192 lum
643 2153 763 2193 esse
809 2137 1002 2191 Joanni
1054 2137 1360 2192 inimicum.
1393 2138 1602 2194 Accidit
1632 2156 1796 2207 vero,
1843 2152 1902 2197 ut
1949 2142 2073 2214 Epi-

501 2230 732 2298 phanius
763 2229 922 2283 vellet
959 2230 1120 2283 etiam
1153 2245 1250 2298 pro
1275 2245 1334 2283 re
1365 2230 1470 2284 alia
1505 2231 1759 2302 navigare
1786 2233 1852 2288 ad
1885 2235 2072 2288 urbem

497 2320 724 2391 regiam.
761 2318 899 2375 Cum
930 2332 1110 2374 autem
1142 2320 1209 2374 de
1253 2317 1460 2376 Joanne
1489 2321 1786 2378 audivisset
1817 2339 1849 2379 a
1896 2324 2074 2381 Theo-

497 2414 666 2482 philo,
714 2412 883 2466 multo
931 2412 1103 2484 magis
1144 2412 1353 2466 studuit
1383 2428 1449 2468 eo
1481 2414 1669 2470 venire
1691 2457 1705 2482 ,
1751 2416 1845 2470 sed
1880 2432 1986 2471 non
2017 2429 2076 2472 ut

494 2504 691 2559 Joanni
739 2502 1105 2558 malefaeeret.
1153 2503 1238 2558 Me
1289 2503 1452 2573 igitur
1477 2507 1685 2575 accepit
1716 2517 1770 2562 et
1809 2507 1994 2574 Isaac,
2021 2519 2075 2563 ct

500 2595 874 2664 navigavimus
903 2593 1450 2664 Constantinopolim.
1488 2594 1659 2652 Porro
1693 2612 1816 2652 cum
1851 2613 1951 2654 nos
1982 2615 2073 2653 ve-

501 2687 774 2742 nisscmus
805 2687 860 2741 in
894 2687 1193 2750 civitatem,
1231 2697 1348 2742 erat
1387 2689 1453 2743 de
1488 2687 1698 2744 Joanne
1725 2706 1918 2762 magna
1950 2707 2072 2762 per-

498 2780 772 2843 turbatio,
816 2780 1074 2849 quoniam
1129 2781 1360 2835 multum
1407 2783 1697 2838 amabatur
1745 2799 1776 2838 a
1839 2785 2069 2840 civibus.

499 2870 666 2925 Erant
695 2855 1154 2941 autem‘quaedam
1191 2874 1518 2928 monasteria
1543 2884 1595 2929 et
1619 2875 1896 2946 martyrio,
1927 2892 2068 2946 quae,

495 2963 625 3032 quia
677 2964 967 3033 capiebant
1009 2979 1256 3019 annonas
1302 2966 1370 3020 ab
1407 2966 1768 3037 imperatrice,
1803 2967 2068 3025 Joannem

2181 513 2464 566 ἐκέλευσεν
2495 514 2656 567 αὑτὸν
2699 514 3028 584 ἐκϐληθῆναι
3061 515 3166 581 ἐξω
3205 515 3300 568 τοῦ
3345 516 3620 586 βασιλικοῦ
3662 539 3755 577 τα-

2184 603 2379 672 μιείου.
2412 605 2522 657 Καὶ
2563 603 2627 674 δὴ
2673 603 2902 668 ἐξελθὼν
2947 605 3217 676 ἐπορεύθη
3266 607 3324 658 ἐν
3367 609 3432 676 τῇ
3469 610 3752 684 ἐκκλησίᾳ.

2180 688 2346 744 Εἶπεν
2375 693 2430 746 δέ
2467 693 2719 764 Ἰωάννης
2742 693 2878 764 πρὸς
2907 693 3163 764 Εὔτυχον·
3205 696 3373 748 Ὅταν
3403 701 3756 768 παραγίνεται

2179 780 2213 849 ἡ
2246 779 2534 850 βασίλισσα
2569 783 2626 835 ἐν
2649 785 2716 854 τῇ
2739 783 3024 854 ἐκκλησίᾳ,
3051 783 3180 838 λάϐε
3211 787 3347 856 μετὰ
3377 791 3605 842 σεαυτοῦ
3631 794 3756 856 τοὺς

2180 871 2671 943 πρὸςύπηρεσίαν,
2702 875 2798 927 καὶ
2825 873 2983 944 στῆθι
3026 876 3084 927 ἐν
3114 878 3182 946 τῇ
3211 877 3401 947 εἱσόδῳ
3424 919 3438 941 ,
3465 879 3592 932 ἔνθα
3629 882 3754 935 εῐωσ

2181 960 2270 1013 θεν
2306 961 2556 1016 εἰσιέναι·
2592 963 2685 1016 καὶ
2724 965 2798 1035 μὴ
2826 964 2994 1037 ἐάσῃς
3023 963 3190 1036 αύτῆν
3231 968 3525 1023 εἰσελθεῖν·
3563 951 3758 1040 λέγων,

2177 1051 2259 1105 ὅτι
2287 1053 2543 1124 Ἰωάννης
2582 1053 2880 1126 ἐπέτρεψεν
2920 1055 3014 1109 τοῦ
3053 1057 3128 1127 μὴ
3161 1057 3423 1112 εἰσελθεῖν
3454 1062 3512 1112 ἐν
3554 1065 3619 1132 τῇ
3666 1065 3753 1116 ἐκι-

2178 1143 2396 1214 κλησίᾳ.
2424 1145 2711 1215 Ἐποίησεν
2750 1145 2807 1198 δέ
2836 1146 3008 1210 οὕτως
3049 1148 3307 1218 Εῠτυχος.
3339 1151 3474 1203 Ἀπὸ
3512 1153 3632 1206 τότε
3661 1151 3754 1210 οὖν

2177 1233 2403 1306 ἐκινήθη
2451 1237 2484 1307 η
2535 1235 2824 1306 βασίλισσα
2873 1237 3016 1292 κατὰ
3055 1239 3303 1293 Ἰωάννου
3365 1241 3458 1294 τοῦ
3518 1241 3754 1312 ἐξορίσαι

2178 1323 2362 1378 αὐτόν.

2248 1415 2368 1470 ΞΒ’.
2407 1413 2673 1480 Ἀκούσας
2709 1416 2765 1471 δέ
2798 1416 3054 1488 Θεόιμλος
3096 1419 3180 1472 ὅτι
3226 1421 3260 1490 ἡ
3305 1419 3593 1490 βασίλισσα
3630 1423 3755 1494 βούι

2177 1503 2328 1556 λεται
2358 1504 2596 1577 ἐξορίσαι
2626 1503 2719 1559 τὸν
2746 1509 3020 1578 Ἰωάννην,
3048 1509 3325 1580 περισσῶς
3358 1512 3756 1577 κατεσκεύαζεν

2178 1595 2273 1646 καὶ
2300 1595 2479 1659 αὑτός.
2513 1598 2791 1668 Ἔγραψεν
2815 1595 2906 1652 οὖν
2928 1599 3184 1670 Θεόφιλος
3206 1602 3507 1673 Ἑπιφανίῳ
3535 1606 3757 1657 πλεῖστα

2179 1682 2481 1754 γράμματα
2508 1686 2647 1738 κατὰ
2679 1686 2947 1752 Ἰωάννου,
2991 1689 3064 1751 ὡς
3097 1690 3178 1741 ὅτι
3221 1690 3474 1760 Ἰωάννης
3517 1693 3582 1746 τά
3612 1693 3754 1764 Ὦρι-

2178 1773 2367 1841 γένους
2400 1779 2604 1845 φρονεῖ.
2630 1777 2740 1829 Καὶ
2771 1778 2996 1850 ἐκινήθη
3031 1782 3062 1849 ἡ
3088 1779 3372 1848 βασίλισσα
3399 1781 3491 1834 τοῦ
3519 1782 3757 1853 ἐξορίσαι

2179 1865 2372 1917 αὐτόν’
2402 1867 2429 1918 ὁ
2452 1862 2544 1919 οὗν
2574 1868 2887 1936 Ἐπιφάνιος
2916 1870 3050 1940 πρὸς
3081 1871 3207 1936 τόξὺ
3236 1871 3459 1942 ἐπείσθη
3489 1872 3754 1944 Θεοφίλῳ.

2180 1956 2294 2009 υύκ
2324 1957 2437 2028 ᾔδει
2465 1958 2521 2011 δὲ
2563 1959 2645 2012 ὅτι
2674 1959 2994 2029 άπεχθιάζει
3023 1961 3278 2030 Θεόφιλος
3309 1963 3443 2032 πρὸς
3478 1964 3751 2034 Ἰωάννην.

2179 2050 2382 2122 Συνέϐη
2423 2051 2479 2103 δέ
2521 2051 2588 2104 δι’
2619 2052 2914 2119 ἀναγκαῖον
2958 2054 3188 2122 πρᾶγμα
3231 2053 3546 2122 Ἐπιφάνιον
3581 2053 3757 2107 θέλειν

2176 2141 2436 2194 ἀποπλεῖν
2482 2143 2575 2195 ἐπὶ
2625 2141 2722 2212 τὴν
2766 2141 3034 2212 βασιλίδα.
3069 2143 3334 2206 Ἀκούσας
3375 2145 3432 2198 δὲ
3467 2146 3562 2197 καὶ
3604 2145 3758 2216 παρὰ

2176 2230 2437 2300 Θεοφίλου
2477 2232 2701 2286 τοιαῦτα
2748 2234 2874 2302 περὶ
2901 2234 3146 2286 Ἰωάννου
3179 2234 3443 2287 ἔσπευσεν
3474 2235 3638 2288 πλέον
3663 2233 3754 2289 τοῦ

2175 2322 2452 2376 ἀνελθεῖν·
2500 2323 2598 2395 οὐχ
2645 2325 2732 2377 ἵνα
2776 2323 3028 2394 Ἰωάννην
3074 2325 3448 2394 κακοποιήσει,
3498 2323 3618 2377 ἀλλ’
3669 2325 3757 2378 ἵνα

2175 2415 2324 2486 αύτῷ
2355 2415 2631 2486 βοηθήσει.
2666 2414 2860 2468 Λαϐὼν
2889 2411 2980 2468 οὖν
3009 2415 3108 2484 ἐμὲ
3145 2416 3238 2467 καὶ
3269 2415 3456 2468 Ἰσαὰκ
3481 2415 3760 2469 ἀπεπλεύ-

2178 2515 2348 2569 σαμεν
2394 2502 2452 2552 ἐν
2486 2500 2893 2554 Κωνσταντὶνου
2939 2501 3112 2554 πόλει.
3165 2503 3273 2555 Καὶ
3309 2503 3372 2573 δὴ
3408 2503 3760 2558 είσελθόντων

2175 2591 2331 2662 ἡμῶν
2364 2593 2421 2647 ἐν
2447 2595 2512 2664 τῇ
2547 2593 2719 2656 πόλει,
2753 2589 2819 2664 ἦν
2866 2595 3128 2664 σύγχυσις
3172 2595 3382 2666 μεγάλη
3414 2595 3542 2664 περὶ
3573 2597 3761 2650 Ἰωάν.

2173 2698 2286 2747 νου,
2317 2683 2450 2736 διότι
2481 2683 2615 2736 πολὺ
2643 2685 2894 2754 ⁴ἱλγαπίτο
2937 2685 3193 2755 Ἰωάννης
3231 2685 3336 2738 ὑπὸ
3359 2684 3464 2739 τῶν
3496 2685 3753 2738 πολιτῶν.

2171 2769 2352 2827 Ἦσαν
2379 2774 2436 2828 δεῖ
2465 2793 2585 2828 τινα
2617 2776 2956 2848 μοναστήρια
2980 2777 3075 2830 καὶ
3110 2776 3383 2847 μαρτύρια
3412 2777 3761 2847 λαμϐάνοντα

2171 2866 2415 2930 άννὼνας
2475 2867 2628 2938 παρὰ
2683 2868 2782 2938 τῆς
2835 2867 3174 2938 βασιλίσσης,
3215 2868 3290 2938 μὴ
3346 2867 3608 2938 δεχόμενα
3664 2864 3763 2923 τὸν

2172 2955 2445 3024 Ἰωάννην.
2482 2955 2845 3009 Εἰσελθόντων
2887 2951 2979 3008 οὖν
3026 2955 3182 3026 ἡμῶν
3219 2959 3277 3009 ἐν
3320 2957 3402 3010 ἐνὶ
3446 2956 3556 3011 τῶν
3589 2971 3759 3027 μονα-

498 3053 720 3109 minime
747 3055 1096 3124 recipiebant.
1127 3053 1298 3110 Nobis
1326 3067 1504 3112 autem
1535 3058 1792 3127 ingressis
1820 3059 1870 3114 in
1899 3077 2067 3119 unum

2174 3047 2410 3116 στηρίων
2444 3046 2758 3115 ἠνάγκασαν
2787 3046 3104 3116 Ἐπιφάνιον
3125 3088 3138 3112 ,
3166 3048 3314 3110 ὅπως
3361 3049 3754 3119 χειροτονήσει,

495 3160 561 3197 ex
589 3144 695 3198 illis
735 3145 1102 3211 monasteriis,
1134 3155 1426 3215 coegerunt
1466 3145 1850 3216 Epiphanium,
1877 3159 1938 3203 ut
1971 3164 2064 3204 or-

495 3232 708 3286 dinaret
733 3234 1012 3302 (quoniam
1048 3233 1120 3289 ita
1166 3250 1301 3304 opus
1335 3235 1472 3307 erat)
1507 3252 1653 3302 cum,
1684 3238 1778 3307 qui
1809 3250 2067 3308 praeesset

497 3323 775 3392 responsis
820 3323 1119 3379 Ecclesiae:
1157 3326 1300 3395 quod
1337 3329 1498 3380 etiam
1547 3327 1693 3382 fecit.
1725 3329 1944 3384 Audirit
1971 3345 2067 3385 au-

496 3423 603 3466 tem
649 3411 909 3478 Joannes,
959 3423 1013 3468 et
1061 3416 1216 3469 valde
1267 3418 1577 3471 succensuit
1627 3417 1964 3488 Epiphanio,
2012 3431 2068 3477 et

496 3503 715 3572 scripsit
747 3505 1031 3573 epistolam
1082 3506 1150 3559 ad
1200 3495 1592 3578 Epiphanium,
1637 3525 1758 3579 qu.e
1790 3512 1839 3566 ei
1887 3514 2068 3568 attulit

499 3593 821 3649 molestiam.
869 3595 1132 3650 Similiter
1177 3597 1514 3667 Epiphanius
1546 3616 1761 3670 quoque
1789 3606 2067 3673 respondit

496 3681 564 3735 ad
593 3697 654 3736 ea
689 3698 809 3752 qua:
854 3685 1053 3753 scripta
1085 3684 1321 3742 fuerant.
1357 3689 1577 3745 Audivit
1618 3701 1800 3747 autem
1835 3697 2067 3764 impera-

497 3772 600 3825 trix
638 3771 903 3829 Joannem
953 3775 1117 3830 irasci
1149 3775 1471 3846 Epiphanio.
1504 3779 1636 3845 Quae
1674 3796 1796 3836 cum
1834 3786 2067 3838 accersi-

497 3862 662 3918 visset
697 3863 1080 3934 Epiphanium,
1120 3867 1257 3920 dixit
1297 3868 1346 3922 ei
1395 3887 1408 3923 :
1451 3869 1611 3924 Pater
1656 3870 1947 3942 Epiphani,
1980 3884 2065 3929 to-

497 3959 612 4006 tum
661 3962 740 4008 est
788 3969 967 4008 meum
1014 3953 1385 4010 Romanorum
1443 3957 1750 4028 imperium,
1795 3969 1847 4015 et
1891 3973 2063 4017 totum

495 4043 859 4097 sacerdotium
895 4043 1283 4115 Ecelesiarum,
1328 4063 1450 4117 quas
1494 4058 1622 4105 sunt
1667 4052 1770 4106 sub
1808 4069 1929 4106 meo
1965 4057 2068 4109 im-

495 4134 664 4202 perio,
695 4143 777 4188 est
813 4146 986 4190 tuum.
1021 4135 1287 4202 Quoniam
1317 4137 1588 4207 Joannes,
1617 4142 1710 4212 qui
1744 4153 1827 4199 est
1856 4145 2066 4199 alienus

492 4234 523 4271 a
554 4218 813 4287 dignitate
862 4225 1172 4288 sacerdotii,
1207 4226 1502 4282 insolenter
1548 4245 1606 4284 se
1637 4233 1774 4299 gerit
1806 4233 2065 4290 adversus

495 4310 869 4380 imperatores,
901 4324 954 4367 et
999 4314 1187 4370 dicunt
1216 4331 1340 4372 eum
1378 4318 1577 4374 habere
1626 4321 1862 4391 aliquam
1901 4325 2062 4378 aliam

2175 3138 2256 3190 ὅτι
2300 3137 2458 3208 χρεία
2499 3133 2586 3207 ἦν,
2635 3138 2728 3191 ἐπὶ
2758 3137 2858 3208 τὴν
2896 3137 3355 3208 ἐκκλησιαστικὴν
3393 3138 3601 3209 χρείαν.
3645 3134 3753 3191 Καί

2173 3228 2330 3281 τοῦτο
2360 3233 2611 3299 ποιήσας,
2640 3230 2736 3282 καὶ
2769 3229 3006 3293 ἀκούσας
3031 3227 3288 3298 Ἰωάννης
3329 3229 3573 3300 ἐλυπήθη
3619 3231 3756 3299 σφό·

2171 3317 2273 3388 δρα
2321 3319 2458 3388 πρὸς
2494 3318 2828 3386 Ἐπιφάνιον’
2866 3317 2959 3372 καὶ
3001 3316 3290 3390 ἐπιστολὴν
3341 3318 3575 3390 ἔγραψεν
3601 3319 3758 3374 Ἐπι-

2174 3409 2349 3478 φανίῳ
2385 3409 2562 3478 λύπην
2600 3407 2896 3477 γεννῶσαν.
2941 3408 3173 3479 ὐμοίως
3214 3411 3307 3462 καὶ
3335 3399 3649 3479 Ἐπίφάνιος
3679 3410 3757 3484 τῷ

2173 3500 2395 3571 Ἰωάννῃ
2421 3499 2556 3572 πρὸς
2589 3500 2656 3553 τά
2676 3500 2976 3571 γραφέντα.
3009 3501 3278 3553 Ἤκουσεν
3306 3500 3362 3552 δέ
3397 3503 3429 3570 ὴ
3461 3501 3760 3570 βασίλισσα

2171 3589 2254 3642 ὅτι
2288 3589 2527 3660 ἐλυπήθη
2553 3589 2809 3662 Ἰωάννης
2832 3590 2969 3662 πρὸς
2993 3589 3331 3659 Ἐπιφάνιον’
3363 3590 3458 3644 καὶ
3491 3591 3554 3661 δὴ
3591 3607 3759 3661 προσ-

2173 3680 2515 3752 καλεσαμένη
2539 3683 2630 3736 τὸν
2651 3681 2967 3750 Ἐπιφάνιον
3001 3678 3154 3737 εἶπεν
3191 3681 3357 3752 αὐτῷ’
3390 3682 3572 3753 Πάτερ
3599 3684 3758 3736 Ἐπι-

2173 3773 2350 3842 φάνιε,
2379 3775 2527 3826 πᾶσα
2557 3775 2590 3844 ἡ
2622 3773 2868 3843 βασιλεία
2896 3773 3004 3827 τῶν
3042 3773 3325 3844 Ῥωμαίων
3355 3775 3462 3844 ἐμή
3486 3775 3621 3826 ἐστι·
3658 3773 3758 3827 καὶ

2173 3867 2324 3918 πάσα
2349 3865 2382 3936 ἡ
2415 3864 2680 3935 ἱερωσύνη
2711 3864 2819 3918 τῶν
2845 3864 3183 3937 Ἐκκλησιῶν
3214 3865 3322 3918 τῶν
3353 3865 3458 3918 ὑπὸ
3482 3865 3578 3936 τὴν
3611 3867 3758 3937 ἐμὴν

2175 3953 2449 4024 βασιλείαν
2489 3957 2555 4025 σή
2586 3955 2754 4008 ἐστιν.
2799 3953 3013 4026 Ἐπειδὴ
3050 3956 3108 4008 δὲ
3145 3955 3399 4026 Ἰωάννης
3426 3996 3439 4021 ,
3473 3955 3756 4025 ἀλλότριος

2172 4046 2271 4117 τῆς
2304 4045 2556 4111 εὐταξίας
2600 4047 2699 4117 τῆς
2745 4046 3045 4118 ἱερωσύνης
3081 4046 3156 4100 ὢν
3179 4086 3193 4110 ,
3239 4046 3488 4109 ἀτάκτως
3524 4045 3756 4116 φέρεται

2172 4137 2314 4192 κατά
2369 4137 2664 4208 βασιλέων,
2719 4138 2811 4190 καὶ
2856 4138 3064 4208 αἵρεσίν
3121 4154 3245 4191 τινα
3296 4137 3543 4205 λέγουσιν
3588 4136 3756 4190 αὑτὸν

2173 4227 2351 4298 ἔχειν,
2393 4227 2584 4281 τούτου
2635 4229 2791 4299 χάριν
2836 4229 2944 4282 ἀπὸ
2991 4229 3212 4299 ἡμερῶν
3259 4229 3469 4282 πολλῶν
3515 4230 3756 4282 κατακό-

2173 4319 2365 4372 πτεταὶ
2398 4337 2499 4390 μου
2524 4321 2551 4372 6
2571 4319 2839 4388 ’λογισμὸς
2865 4321 2994 4392 περὶ
3020 4319 3112 4372 τοῦ
3141 4321 3364 4390 ποιῆσαι
3391 4319 3624 4383 σύνοδον,
3654 4320 3756 4372 καὶ

495 4401 742 4456 haeresim
771 4403 1309 4476 (praeternostram);
1345 4424 1408 4462 ca
1438 4409 1506 4464 de
1539 4427 1703 4466 causa
1750 4415 1933 4469 multis
1967 4419 2063 4470 ab-

2174 4405 2360 4460 τοῦτον
2396 4408 2733 4479 ἐκκήρυκτον
2786 4409 3008 4478 ποιῆσαι
3051 4407 3150 4478 τῆς
3201 4410 3499 4480 ἱερωσύνης
3537 4409 3611 4472 ὡς
3649 4410 3755 4465 ἀν·

495 4491 621 4546 hinc
646 4491 836 4547 diebus
869 4495 922 4548 in
953 4495 1138 4550 animo
1171 4514 1348 4564 verso,
1379 4497 1556 4554 facere
1579 4501 1644 4554 de
1673 4517 1738 4556 eo
1771 4505 2060 4572 synodum,

489 4592 544 4638 et
573 4598 698 4638 eum
749 4594 1004 4654 tanquam
1056 4587 1334 4658 indignum
1374 4592 1627 4646 abdicare
1666 4609 1695 4648 a
1727 4596 2061 4662 sacerdotio;

491 4673 547 4729 in
580 4675 710 4730 sede
739 4686 918 4731 autem
966 4678 1234 4735 collocare
1261 4681 1494 4750 aliquem
1542 4684 1739 4750 alium,
1769 4687 1860 4755 qui
1895 4687 2067 4756 possit

490 4767 735 4822 obtinere
768 4771 1153 4836 sacerdotium,
1185 4782 1244 4829 ut
1271 4790 1454 4830 meum
1491 4777 1775 4846 imperium
1807 4780 1878 4834 sit
1910 4782 2064 4850 quic-

491 4871 603 4914 tum
639 4859 692 4913 in
735 4861 1010 4915 omnibus.
1043 4862 1179 4916 Cum
1211 4865 1524 4934 imperatrix
1561 4867 1675 4921 haec
1709 4868 1908 4924 diceret
1938 4868 2064 4940 Epi-

489 4951 725 5022 phanio,
779 4952 860 5004 ira
907 4961 1051 5015 tota,
1085 4964 1289 5021 quanta
1333 4965 1473 5021 erat,
1504 4959 1964 5013 commovebatur.
1999 4961 2061 5014 Ei

487 5055 616 5112 ergo
644 5057 838 5097 rursus
864 5042 1000 5096 dixit
1032 5062 1045 5096 :
1073 5042 1210 5098 Cum
1245 5054 1338 5100 tua
1370 5046 1458 5100 hic
1486 5047 1557 5101 sit
1585 5062 1708 5102 eum
1738 5048 1845 5102 Deo
1879 5060 2059 5119 pater-

490 5131 654 5194 nitas,
700 5147 808 5186 non
855 5147 994 5202 Opus
1037 5145 1152 5197 est,
1201 5144 1259 5189 ut
1301 5134 1426 5189 aliis
1459 5136 1709 5192 l’atrihus
1755 5139 2058 5195 molestiam

487 5222 860 5278 exhibeamus.
896 5223 1001 5278 Sed
1047 5239 1209 5294 quem
1258 5225 1354 5278 tibi
1389 5225 1530 5282 Deus
1565 5230 1900 5291 revelaverit,
1933 5244 2057 5283 eum

492 5309 577 5364 fac
629 5312 971 5381 episcopum;
1013 5314 1158 5370 hunc
1212 5325 1392 5369 autem
1441 5319 1646 5387 expelle
1679 5321 1748 5374 ab
1796 5319 2056 5375 ECthSia.

491 5397 820 5469 lmperatrici
859 5415 1038 5458 autem
1073 5407 1210 5460 dixit
1253 5405 1586 5477 Epiphanius
1617 5428 1632 5465 :
1664 5411 1826 5478 Audi,
1861 5429 1894 5466 ο
1926 5414 2056 5479 lilia,

564 5556 606 5588 ¹⁰
642 5556 706 5610 ill
741 5556 869 5629 Reg.
905 5577 1016 5627 xxi,
1052 5563 1071 5614 Ι
1116 5579 1236 5632 sqq.

562 5690 636 5759 (α)
669 5689 827 5746 Forte
865 5693 965 5763 leg.
1005 5695 1139 5765 μετὰ
1172 5695 1326 5749 Θεοῦ.
1368 5695 1518 5751 Εοιτ.
1554 5699 1788 5752 ΡΑτηίξι..

2173 4498 2340 4563 ἀξιον,
2375 4499 2558 4568 ἕτερον
2588 4498 2642 4552 δὲ
2669 4500 2760 4552 τὸν
2791 4499 3084 4570 δυνάμενον
3109 4501 3428 4570 ἀντέχεσθαι
3457 4502 3554 4571 τῆς
3593 4503 3756 4571 ἱερω-

2173 4587 2337 4656 σύνης
2371 4590 2463 4642 ἐπὶ
2486 4589 2578 4642 τοῦ
2610 4589 2797 4660 θρόνου
2829 4589 3181 4660 καθεσθῆναι,
3212 4589 3362 4653 ὅπως
3389 4592 3422 4660 ἡ
3451 4590 3560 4660 ἐμὴ
3590 4589 3753 4658 βασι-

2169 4678 2288 4732 λεία
2325 4683 2383 4733 ἐν
2417 4683 2581 4736 πᾶσιν
2621 4682 2912 4753 εἱρηνεύει.
2951 4682 3040 4744 Ὠς
3080 4681 3137 4734 δὲ
3181 4680 3352 4734 ταῦτα
3378 4682 3554 4735 ἐλάλει
3584 4684 3616 4751 ή
3652 4681 3754 4750 βα-

2172 4771 2385 4824 σίλισσα
2413 4772 2551 4844 πρὸς
2580 4773 2918 4842 Ἐπιφάνιον,
2949 4772 3056 4826 άπὸ
3085 4771 3176 4825 τοῦ
3207 4772 3402 4826 πολλοῦ
3439 4772 3608 4842 θυμοῦ
3650 4772 3749 4843 ὅλη

2171 4868 2539 4934 παρεκινεῖτο.
2587 4865 2755 4922 Πάλιν
2785 4861 2877 4918 οὖν
2925 4861 3076 4918 εἶπεν
3110 4863 3249 4935 πρὸς
3283 4865 3467 4917 αὐτόν’
3505 4864 3613 4933 Τῆς
3648 4864 3753 4932 σῆς

2170 4956 2528 5027 πατρωσύνης
2557 4956 2724 5028 οῠσης
2771 4957 2909 5028 μετὰ
2937 4955 3068 5009 Θεὸν
3096 4955 3169 5026 (a)
3202 4955 3456 5017 ἐνταῦθα,
3487 4955 3545 5007 οὐ
3591 4955 3752 5024 χρεία

2168 5045 2286 5096 ἐστὶ
2311 5045 2404 5096 καὶ
2447 5047 2572 5107 τοὺς
2605 5045 2824 5108 λοιποὺς
2854 5045 3100 5116 Πατέρας
3141 5047 3221 5107 είς
3262 5045 3428 5096 κόπον
3467 5043 3747 5113 ἐμϐαλεῖν.

2171 5134 2311 5186 Ἀλλ’
2345 5135 2404 5187 ὃν
2430 5152 2510 5187 σοι
2539 5135 2568 5186 ὁ
2595 5135 2728 5198 Θεὸς
2752 5135 3149 5198 ἀποκαλύπτει,
3177 5136 3402 5205 ποίησον
3431 5134 3749 5200 ἐπίσκοπον,

2168 5223 2262 5276 καὶ
2304 5222 2491 5276 τοῦτον
2541 5223 2734 5278 ἔκϐαλε
2780 5223 2880 5293 τῆς
2905 5223 3254 5294 Ἐκκλησίας.
3304 5220 3469 5276 Εἶπεν
3511 5223 3566 5276 δέ
3603 5223 3751 5275 Ἐπι-

2168 5314 2356 5380 φάνιος
2387 5315 2522 5384 πρὸς
2562 5314 2660 5384 τὴν
2709 5314 3060 5383 βασίλισσαν·
3108 5315 3494 5380 Ἀνεξικάκως,
3529 5316 3744 5379 τέκνον,

2166 5405 2396 5460 ἄκουσον
2423 5406 2516 5458 τοῦ
2551 5407 2643 5460 σοῦ
2676 5407 2907 5477 Πατρός.
2943 5403 3110 5461 Εἶπεν
3141 5406 3197 5460 δέ
3230 5407 3263 5477 ἡ
3294 5405 3580 5486 βασίλισσα
3611 5407 3748 5477 πρὸς
