4058 6460
284 316 378 374 105

1607 321 1663 376 S.
1707 317 2046 375 EPIPIIANII
2090 318 2273 375 VITA;

3473 318 3574 375 106

277 435 608 508 Ἰὲπιιγὰνιον⁹
644 437 717 492 Εἴ
745 455 801 491 τι
836 437 1048 492 κελεύει
1078 439 1111 510 ἡ
1143 437 1209 509 σὴ
1247 438 1588 510 πατροσὺνη,
1623 439 1876 508 εὑάγγει-

2001 438 2251 493 )atienter
2305 448 2459 492 tuum
2518 437 2756 493 Patrem.
2809 436 2957 493 Dixit
3020 446 3201 492 autem
3258 436 3573 506 impetatrix

291 531 380 586 λὸν
414 547 522 601 μοι,
556 529 722 599 κάγὼ
767 530 1097 603 θεραπεύσω
1136 531 1227 584 τὸν
1261 531 1393 602 ἐμὸν
1441 532 1680 603 Πατέρα.
1716 530 1885 587 Εἶπεν

294 626 349 680 δὲ
380 624 701 693 Ἐπιφάνιος
730 624 871 696 πρὸς
897 624 994 696 τὴν
1029 624 1369 694 βασίλισσαν·
1393 624 1458 678 ΕΞ
1498 626 1595 695 μὲν
1627 628 1757 698 περὶ
1786 625 1887 695 τῆς

296 716 555 788 αἱρέσεως
604 710 674 789 ἧς
717 716 904 785 λέγεις
944 714 1415 785 καταγινώσκεται
1464 719 1742 789 Ἰωάννης,
1793 718 1888 772 καὶ

294 808 604 878 ἐλέγχεται,
648 808 744 861 καὶ
789 807 888 880 οὑχ
931 806 1183 878 ὁμολογεῖ
1223 809 1307 861 ὅτι
1360 808 1637 879 ἥμαρτεν,
1671 807 1889 872 ἀνάξιός

295 901 411 953 ἐστι
438 900 538 970 τῆς
566 898 891 971 ἱερωσύνης
928 899 1023 953 καὶ
1064 900 1119 952 εἴ
1142 918 1196 952 τι
1234 899 1506 970 κελεύειὴ
1547 899 1700 970 ὑμῶν
1735 900 1888 967 ἐξου-

297 991 407 1056 σία,
433 992 667 1062 ποιήσω.
694 991 761 1046 Εἰ
787 978 845 1045 δὲ
875 992 1006 1064 περὶ
1030 991 1131 1061 τῆς
1160 992 1433 1063 ὑμετέρας
1461 991 1672 1065 ὕϐρεως
1704 992 1889 1063 ζητεῖς

292 1085 382 1138 τὸν
410 1085 672 1157 Ἰωάννην
698 1085 1034 1152 ἐξεώσασθαι
1066 1084 1175 1139 ἀπὸ
1213 1086 1311 1156 τῆς
1353 1086 1703 1156 Ἑκκλησίας,
1732 1088 1761 1140 ὁ
1798 1086 1889 1149 σὸς

294 1176 618 1245 Ἐπιφάνιος
664 1179 744 1241 εἰς
790 1176 948 1231 τοῦτο
994 1177 1053 1230 οὑ
1104 1176 1443 1230 συναινεξσει⁸
1491 1176 1586 1229 καὶ
1630 1176 1884 1247 μάλιστα,

293 1269 516 1330 τέκνον,
544 1268 654 1321 τῶν
685 1267 953 1339 βασ...ἐων
986 1267 1131 1320 ἔστιν
1175 1266 1495 1338 ὑϐρίζεσθαι
1536 1270 1629 1322 καὶ
1670 1286 1887 1341 συγχω-

299 1364 409 1433 ρεῖν
437 1379 451 1393 ο
500 1360 691 1431 ἐπειδὴ
730 1360 825 1412 καὶ
871 1359 1027 1428 ὑμεῖς
1075 1358 1228 1428 ἔχετε
1271 1358 1497 1429 βασιλέα
1536 1362 1593 1411 ὲν
1637 1360 1887 1431 οὐρανοῖς

294 1446 337 1519 ᾧ
366 1449 617 1523 συνήθως
646 1448 1014 1521 ἁμαρτάνετε,
1042 1450 1138 1502 καὶ
1184 1450 1409 1523 ἀφίησιν
1450 1452 1614 1523 ὑμῖν,
1659 1454 1752 1507 ἐὰν
1795 1454 1888 1508 καὶ

295 1545 455 1616 opai;
501 1543 691 1614 ἀφίετε
717 1547 829 1606 τοῖς
862 1542 1175 1615 ὑϐρίζουσιν
1224 1544 1368 1614 ὑμᾶς
1389 1562 1401 1578 ⁸
1434 1545 1616 1610 καθὼς
1651 1545 1798 1615 λέγει
1830 1550 1888 1600 ὲν

294 1638 407 1701 τοῖς
435 1636 796 1705 Εὑαγγελίοις
817 1654 831 1666 ·
876 1636 1131 1690 Γίνεσθε
1160 1637 1565 1706 οἰκτίρμονες,
1597 1638 1677 1703 ὡς
1701 1641 1734 1692 ό
1766 1642 1886 1692 Πα-

301 1729 408 1799 τὴρ
430 1729 606 1797 ὑμῶν
633 1732 665 1782 ό
691 1729 761 1781 ἐν
787 1726 912 1793 τοῖς
939 1728 1237 1795 οὐρανοῖς.
1262 1723 1431 1782 Εἶπεν
1452 1727 1509 1781 δὲ
1535 1730 1567 1799 ἡ
1600 1728 1889 1800 βασίλισσα

295 1823 432 1892 πρὸς
488 1821 843 1890 Ἐπιφάνιον·
888 1819 1016 1874 Ἐὰν
1070 1820 1327 1891 ἐμπόδιον
1381 1821 1647 1892 ποιήσῃς,
1703 1821 1886 1893 Πάτερ
1921 1811 1959 1865 Β

266 1914 615 1982 ,Ἐπιφάνιε,
662 1912 756 1966 τοῦ
808 1912 882 1983 μὴ
928 1912 1276 1983 ἐξορισθῆναι
1328 1913 1419 1965 τὸν
1449 1912 1725 1983 Ἰωάννην,
1761 1912 1885 1976 τοὺς

294 2009 453 2072 ναοὺς
486 2008 598 2060 τῶν
640 2005 875 2059 εἰδώλων
906 2007 1107 2074 άνοίγω
1127 2047 1141 2070 ,
1185 2007 1281 2060 καὶ⁸
1311 2008 1524 2076 ποιήσω
1561 2010 1886 2079 προσκυνεῖν

293 2102 420 2162 τοὺς
449 2098 798 2171 ἀνθρώπους·
830 2102 925 2152 καὶ
958 2102 1168 2170 ποιήσω
1197 2099 1265 2152 τά
1297 2099 1500 2171 ἔσχατα
1531 2101 1749 2173 χείρονα
1774 2100 1886 2154 τῶν

292 2189 553 2263 πρώτων.
581 2192 691 2243 Καὶ
718 2188 795 2253 ὼς
816 2190 989 2242 ταῦτα
1016 2189 1195 2244 ἐλάλει
1224 2191 1361 2261 μετὰ
1397 2192 1643 2263 πικρίας,
1676 2190 1886 2264 δάκρυα

292 2283 520 2356 ἔρριψεν
554 2283 663 2336 ἀπὸ
697 2282 804 2335 τῶν
833 2281 1125 2353 ὀφθαλμῶν
1152 2283 1340 2353 αὑτῆς.
1373 2280 1542 2338 Εἶπεν
1567 2283 1621 2337 δὲ
1656 2283 1889 2353 Ἐπιφά-

291 2393 435 2442 νιος·
475 2375 643 2444 Ἐγὼ,
672 2376 883 2438 τέκνον,
909 2375 1085 2439 άθῶός
1127 2379 1242 2444 εἶμι
1270 2376 1367 2447 τῆς
1397 2356 1631 2448 κρίσεώς
1657 2377 1884 2448 ταύτης⁶

364 2469 487 2522 EI".
518 2468 705 2523 Ταῦτα
743 2466 913 2521 εἰπὼν
944 2468 1283 2537 Ἑπιεράνιος,
1319 2468 1626 2540 παρέλαϐεν
1666 2486 1732 2540 με
1752 2510 1766 2534 ,
1796 2472 1890 2523 καὶ

293 2563 596 2634 ἐξήλθομεν
623 2560 715 2615 τοῦ
753 2561 1031 2633 βασιλικοῦ
1053 2563 1324 2632 ταμιείου.
1355 2559 1462 2616 ’Ἦν
1488 2562 1545 2617 δὲ
1573 2557 1667 2617 καὶ
1701 2561 1890 2617 Ἰσαὰκ

294 2657 354 2708 ἑν
381 2654 687 2726 ἀρρωστίᾳ,
731 2654 826 2708 καὶ
857 2654 959 2708 οὐκ
991 2655 1239 2726 εἰσῆλθεν
1282 2655 1399 2730 μεθ’
1433 2654 1593 2727 ἡμῶν
1624 2655 1762 2727 πρὸς
1791 2657 1889 2728 τὴν

296 2748 642 2819 βασίλισσαν.
677 2748 788 2801 Καὶ
820 2750 976 2820 φήμη
1006 2748 1288 2821 διέδραμεν
1317 2748 1410 2802 ἐπὶ
1444 2750 1624 2803 πᾶσαν
1656 2750 1755 2821 τὴν
1789 2749 1891 2802 πό-

293 2840 401 2902 λιν,
459 2839 709 2907 λέγοντες
754 2841 869 2893 ὅτισ
914 2840 971 2893 Ὀ
1028 2840 1201 2911 μέγας
1257 2841 1436 2913 ἱερεὺς
1474 2840 1822 2910 Ἐπιφάνιος,
1862 2844 1907 2895 ὁ’

295 2932 601 2994 ἐπίσκοπος
640 2930 742 3000 τῆς
793 2932 1090 3003 Κυπρίων,
1124 2931 1376 3003 εἰσῆλθεν
1410 2932 1549 3002 πρὸς
1594 2934 1692 3006 τὴν
1738 2934 1893 3006 βασί-

294 3024 513 3083 λισσαν,
539 3022 637 3075 καὶ
662 3023 918 3093 ἐποίησεν
950 3022 1046 3095 τὴν
1079 3024 1294 3095 ἐξορίαν
1320 3022 1411 3077 τοῦ
1444 3024 1682 3095 μεγάλου
1710 3025 1892 3079 Ἰωάν-

296 3132 414 3169 νου.
468 3114 656 3169 Ταῦτα
709 3115 764 3168 δὲ
824 3115 1064 3179 ἀκούσας
1121 3117 1215 3170 καὶ
1263 3117 1489 3181 Ἰσαάκ,
1539 3117 1749 3190 ἀπέδρα
1785 3118 1892 3173 ἀπὸ

297 3207 645 3275 Ἐπιφανίου,
676 3208 768 3261 καὶ
806 3207 1066 3261 εἰσελθὼν
1096 3210 1154 3262 ἐν
1192 3210 1541 3281 μονοιστηρίῳ
1571 3211 1894 3283 κατέμεινεν
1923 3179 1967 3241 C

296 3301 436 3363 ἐκεῖ,
470 3300 629 3372 ἡμῶν
670 3301 744 3372 μὴ
788 3301 1027 3356 εἰδότων.
1076 3302 1184 3356 Καὶ
1231 3299 1299 3374 ἦν
1330 3303 1650 3372 Ἑπιφάνιος
1686 3305 1897 3360 πενθῶν

298 3397 399 3449 xui.
427 3397 560 3467 περὶ
593 3395 780 3459 αὑτοῦ,
816 3396 910 3449 καὶ
946 3395 1200 3466 δεόμενος
1240 3395 1333 3448 τοῦ
1379 3395 1538 3463 Θεοῦ,
1568 3398 1718 3461 ὅπως
1750 3397 1899 3468 αὑτῷ

298 3490 563 3561 γνωρίσει
593 3487 696 3541 ποῦ
741 3488 927 3541 Ἰσαὰκ
971 3487 1287 3558 καταμένει.
1331 3490 1440 3543 Καὶ
1477 3489 1772 3562 ἐγνώρισεν
1798 3491 1897 3542 αὑ-

299 3580 418 3652 τῷ,
470 3584 565 3633 καὶ
615 3580 927 3651 ἀπήλθομεν
981 3579 1116 3650 πρὸς
1172 3580 1357 3633 αὑτόν.
1408 3581 1519 3635 Kal.
1566 3582 1896 3653 ἀπεστράφη

300 3674 494 3728 Ἰσαάκ
532 3672 624 3726 τὸν
666 3673 1016 3738 Ἑπιφάνιον,
1048 3672 1221 3742 λέγων
1258 3672 1369 3726 ὃτι’
1401 3674 1599 3727 υὺκέτι
1637 3673 1898 3745 βούλομαι

305 3766 448 3836 μετὰ
479 3765 575 3818 σοῦ
611 3761 779 3828 εἶναι,
815 3765 901 3818 διὰ
944 3766 1042 3835 τὴν
1073 3766 1381 3837 ἁμαρτίαν,
1415 3768 1482 3838 ἣν
1525 3767 1788 3838 ἐποίησας
1820 3768 1900 3831 εἰς

302 3859 584 3929 Ἰωάννην.
634 3858 965 3930 Ποιήσαντες
1017 3858 1076 3910 δὲ
1124 3860 1185 3912 ἐν
1227 3858 1303 3930 τῷ
1353 3861 1704 3932 μοναστηρίῳ
1750 3864 1901 3933 τρεῖς

308 3952 544 4022 ἡμέρας,
577 3949 729 4022 μόλις
768 3950 986 4004 ἔπεισεν
1022 3952 1115 4005 τὸν
1148 3952 1365 4007 Ἰσαάκν
1395 3955 1491 4007 καὶ
1518 3953 1779 4017 λαϐόντες
1802 3954 1900 4009 αὑ-

304 4043 398 4096 τὸν
428 4043 745 4115 ἐξήλθομεν.
772 4044 1033 4116 Ἐπείσθη
1060 4044 1116 4099 δὲ
1148 4045 1244 4099 καὶ
1289 4044 1542 4119 Ἰωάννης
1568 4047 1650 4100 ὅτι
1678 4046 1901 4120 συνῄνεο

306 4158 403 4193 σεν
438 4141 533 4194 ἐπὶ
576 4143 643 4212 τῇ
693 4138 858 4194 αὑτοῦ
902 4139 1088 4211 ἐξορίᾳ
1132 4142 1162 4194 ὁ
1188 4139 1531 4210 Ἐπιφάνιος.
1568 4139 1679 4194 Καὶ
1719 4140 1902 4195 λαϐὼν

304 4232 569 4302 δίπτυχον
597 4231 836 4303 ἔγραψεν
880 4231 1216 4302 Ἐπιφανίῳο
1266 4232 1557 4301 Ἐπιφάνιε
1589 4231 1741 4302 σοφὲ,
1777 4249 1902 4287 συν-

304 4324 510 4396 ῄνεσας
539 4324 631 4376 ἐπὶ
665 4327 729 4395 τῇ
759 4326 863 4395 ἐμῇ
896 4321 1098 4396 ὲξορίᾳ.
1127 4324 1201 4377 Οὐ
1224 4324 1298 4394 μὴ
1328 4323 1410 4377 ἔτι
1428 4322 1660 4395 καθίσῃς
1688 4324 1781 4376 ἐπὶ
1807 4320 1903 4376 τοῦ

310 4416 506 4486 θρόνου
539 4432 651 4468 σου.
692 4415 924 4487 Ὁμοίως
972 4414 1029 4466 δὲ
1068 4414 1164 4467 καὶ
1210 4414 1528 4485 Ἐπιφάνιος
1580 4413 1904 4487 ἀντιγράφει

1994 528 2298 599 Epiphanio
2332 546 2345 581 :
2372 530 2454 585 An
2482 539 2572 585 tua
2602 530 2908 601 paternitas
2934 530 3137 600 aliquid
3162 530 3370 600 jubeat,
3403 545 3577 585 enun-

1994 622 2090 687 tia,
2149 631 2202 677 et
2252 638 2354 694 ego
2410 624 2583 679 colam
2633 634 2688 680 et
2735 624 3040 679 observabo
3095 639 3275 678 meum
3333 621 3576 678 Patrem.

1996 712 2144 768 Dixit
2190 713 2532 784 Epiphanius
2584 716 2917 785 imperatrici
2955 733 2968 768 :
3018 715 3078 769 Si
3111 715 3230 785 ejus
3253 755 3269 779 ,
3301 731 3465 785 quam
3495 714 3568 771 di-

1993 799 2096 863 cis,
2131 800 2354 856 haaresis
2404 818 2530 858 reus
2572 813 2686 867 est,
2719 812 2772 857 et
2805 805 3148 859 convincitur
3185 803 3445 865 Joannes,
3480 820 3577 859 nec

1995 905 2054 945 se
2103 889 2304 946 fatetur
2334 905 2613 962 peccasse,
2646 893 2904 965 indignus
2946 904 3031 950 est
3059 895 3369 950 sacerdotio
3402 912 3415 947 :
3448 903 3503 949 et
3532 895 3577 949 si

1995 982 2124 1052 quid
2147 982 2305 1053 jubet
2330 994 2572 1039 vestrum
2619 986 2929 1056 imperium,
2962 987 3125 1043 faciet
3153 998 3330 1044 vester
3364 1004 3577 1044 servus.

1997 1073 2053 1129 Si
2103 1085 2283 1131 autem
2335 1084 2433 1147 pro
2476 1087 2658 1134 vestra
2703 1079 2903 1149 injuria
2935 1080 3137 1150 φησι-ῖς
3181 1080 3447 1155 Joannem
3484 1096 3577 1136 ex-

1993 1172 2195 1241 pellere
2233 1188 2298 1228 ex
2336 1173 2604 1240 Ecclesia,
2634 1191 2829 1231 servus
2861 1184 2988 1231 tuus
3013 1174 3350 1246 Epiphanius
3390 1177 3445 1230 in
3477 1176 3579 1232 hoc

1994 1279 2105 1319 non
2140 1268 2489 1322 assentietur.
2535 1267 2634 1323 Est
2680 1277 2827 1324 certe
2873 1269 3111 1326 maxime
3162 1270 3578 1340 imperatorum,

1996 1355 2195 1427 injuria
2270 1359 2409 1414 allici
2472 1371 2525 1415 et
2568 1360 2852 1430 ignoscere
2907 1380 2920 1417 :
2984 1362 3425 1432 quandoquidem
3481 1376 3580 1415 vos

1995 1466 2216 1522 quoque
2261 1451 2472 1508 habetis
2518 1453 2902 1523 imperatorem
2939 1454 2994 1508 in
3039 1454 3214 1520 cmlis,
3249 1454 3337 1509 cui
3363 1454 3581 1509 assidue

1996 1544 2257 1613 peccatis,
2289 1555 2344 1599 et
2391 1545 2440 1601 is
2472 1546 2626 1602 vobis
2665 1546 2895 1601 remittit
2931 1564 2944 1598 :
2984 1547 3077 1618 qui
3116 1547 3335 1617 quidem
3365 1547 3498 1602 dicit
3525 1546 3579 1600 in

1996 1636 2304 1709 Erangeliis
2336 1657 2348 1693 :
2386 1638 2570 1694 Eslote
2599 1641 2986 1706 misericordes,
3033 1641 3168 1694 sicut
3201 1639 3366 1693 Pater
3396 1652 3580 1704 vester,

1995 1732 2085 1801 qui
2113 1742 2190 1785 est
2219 1733 2276 1786 in
2308 1733 2451 1787 cretis
2491 1734 2556 1787 ¹¹.
2595 1732 2743 1788 Dixit
2768 1743 2950 1789 autem
2985 1733 3305 1803 imperalrix
3347 1731 3583 1802 Epipha-

1993 1825 2087 1879 nio
2118 1840 2133 1877 :
2168 1822 2225 1879 Si
2275 1823 2446 1881 fueris
2491 1826 2900 1897 impedimento,
2928 1823 3089 1880 Pater
3113 1823 3409 1894 Epiphani,
3442 1840 3585 1894 quo-

1993 1919 2179 1972 minus
2209 1918 2461 1972 mittatur
2488 1917 2729 1973 Joannes
2762 1919 2817 1973 in
2863 1919 3142 1981 exsilium,
3175 1918 3415 1988 aperiam
3446 1927 3584 1973 tem-

1995 2005 2081 2076 pla
2129 2006 2423 2069 idolorum,
2457 2015 2512 2063 et
2545 2007 2743 2063 faciam
2788 2021 2846 2064 ut
2879 2010 3129 2066 homines
3159 2027 3223 2066 ea
3253 2012 3502 2071 adorent,
3531 2021 3585 2065 et

1996 2096 2193 2153 faciam
2220 2098 2410 2153 ultima
2435 2100 2620 2169 pejora
2651 2100 2945 2170 prioribus.
2973 2102 3223 2171 Cumque
3253 2104 3370 2157 haec
3393 2102 3587 2156 acerbe

1994 2189 2220 2256 diceret,
2269 2206 2338 2246 ex
2385 2191 2507 2261 ejus
2536 2195 2711 2248 oculis
2756 2192 3001 2248 ﬂuebant
3046 2194 3316 2265 Iacrymar.
3359 2195 3416 2247 Ei
3452 2210 3586 2250 vero

1995 2279 2135 2334 dixit
2179 2279 2519 2351 Epiphanius
2556 2301 2569 2337 :
2607 2282 2722 2355 Ego
2762 2284 3004 2370 quidem,
3034 2298 3066 2339 o
3095 2284 3223 2348 filia,
3269 2300 3392 2340 sum
3427 2285 3586 2338 inno-

1996 2385 2128 2426 cens
2156 2371 2224 2425 ab
2257 2372 2360 2427 hoc
2385 2372 2617 2442 judicio.

2069 2460 2255 2516 LXIII.
2287 2462 2424 2518 Cum
2454 2464 2571 2519 haec
2596 2464 2824 2520 dixisset
2850 2464 3211 2536 Epiphanius,
3236 2466 3446 2536 accepit
3476 2482 3585 2533 me,

1996 2565 2051 2612 et
2081 2558 2293 2629 egressi
2337 2574 2531 2614 sumus
2571 2576 2637 2618 ex
2686 2562 2807 2616 aula
2861 2561 3234 2631 imperatoria.
3264 2560 3589 2633 Egrotabat

1999 2661 2181 2708 autem
2216 2653 2389 2719 Isaac,
2419 2664 2473 2709 et
2503 2670 2609 2708 non
2652 2656 2934 2725 ingressus
2963 2664 3046 2711 est
3072 2655 3357 2710 nobiscum
3385 2655 3451 2710 ad
3484 2654 3588 2709 im-

1999 2747 2343 2818 peratricem.
2394 2747 2642 2803 Pervasit
2683 2762 2812 2803 vero
2859 2746 3001 2802 fama
3042 2762 3140 2817 per
3184 2756 3351 2802 totam
3398 2740 3587 2802 civita-

2000 2850 2131 2904 tem,
2159 2840 2458 2897 dicentium
2491 2856 2505 2892 :
2540 2838 3043 2912 Magnusjsacerdos
3074 2839 3432 2910 Epiphanius,
3475 2841 3590 2910 epi-

2000 2948 2202 3004 scopus
2235 2933 2582 3005 Cypriorum,
2621 2933 2901 3004 ingressus
2945 2942 3029 2988 est
3058 2932 3127 2988 ad
3162 2933 3588 3002 itnperatrieem,

1999 3032 2054 3078 et
2090 3022 2234 3089 fecit,
2266 3034 2326 3079 ut
2352 3023 2408 3077 in
2439 3022 2697 3078 exsilium
2728 3023 3038 3078 mitteretur
3065 3039 3297 3093 nngnus
3326 3022 3586 3080 Joannes.

2001 3113 2140 3169 Cum
2176 3114 2283 3169 hoc
2312 3122 2496 3169 autem
2542 3115 2846 3171 audivisset
2890 3113 3064 3182 Isaac,
3097 3116 3308 3187 aufugit
3357 3116 3427 3170 ab
3458 3115 3588 3185 Epi-

2001 3205 2206 3277 phanio
2230 3246 2245 3270 ,
2297 3217 2353 3260 et
2397 3207 2680 3277 ingressus
2718 3216 2803 3261 est
2846 3207 3277 3271 monasterium,
3311 3208 3469 3264 nobis
3507 3210 3590 3263 in-

2000 3300 2323 3365 scientibus.
2360 3299 2527 3370 Egre
2556 3315 2686 3355 vero
2719 3298 2927 3355 ferebat
2954 3299 3312 3371 Epiphanius,
3344 3310 3398 3356 et
3422 3301 3590 3357 Deum

2002 3394 2248 3465 rogabat,
2285 3402 2346 3448 ut
2381 3394 2430 3449 ei
2459 3393 2810 3465 signiﬁcaret,
2841 3393 3060 3448 ubinam
3094 3395 3387 3450 mansisset
3417 3394 3590 3453 Isaac.

2002 3486 2160 3552 Quod
2192 3487 2240 3541 ei
2282 3486 2646 3558 significavit,
2687 3495 2742 3541 et
2773 3486 2974 3542 ivimus
3015 3488 3083 3542 ad
3115 3487 3317 3557 ipsum.
3351 3488 3592 3543 Aversth

2003 3581 2165 3635 batur
2197 3590 2381 3634 autem
2420 3581 2569 3635 Isaac
2602 3579 2997 3650 Epiphanium,
3025 3581 3215 3636 dicens
3252 3598 3266 3636 :
3304 3580 3442 3636 Nolo
3472 3598 3593 3637 anl-

2004 3673 2147 3741 plius
2192 3689 2316 3728 esse
2365 3681 2568 3736 tecum,
2612 3682 2830 3743 propter
2864 3682 3147 3742 peceatum
3174 3713 3188 3736 ,
3224 3676 3368 3742 quml
3415 3672 3595 3728 fecisti

2003 3767 2058 3821 in
2083 3765 2371 3822 Joannem.
2404 3765 2543 3822 Cum
2592 3782 2692 3821 nos
2727 3776 2907 3821 autem
2946 3766 2999 3820 in
3035 3767 3371 3821 monasterio
3396 3766 3597 3822 fuisse-

2005 3876 2129 3916 Inus
2174 3870 2285 3916 tres
2320 3860 2458 3923 dies,
2506 3860 2594 3915 \‘ix
2645 3861 2921 3931 persuasit
2966 3859 3136 3915 Isaac.
3183 3860 3304 3929 Quo
3349 3872 3593 3932 accepto,

2002 3955 2210 4026 egressi
2274 3970 2491 4010 sumus.
2547 3954 2664 4010 Sibi
2716 3969 2938 4025 quoque
2989 3955 3265 4024 persuasit
3318 3953 3594 4020 Joannes,

2004 4046 2153 4115 quod
2191 4044 2313 4116 ejus
2346 4046 2542 4101 exsilio
2570 4044 2767 4101 fuisset
2797 4061 3060 4101 assensus
3090 4045 3449 4115 Epiphanius.
3485 4048 3595 4100 Ae-

2008 4148 2164 4207 cepta
2211 4139 2377 4209 igitur
2419 4142 2607 4193 charta
2629 4179 2644 4203 ,
2684 4141 2907 4209 scripsit
2951 4139 3018 4194 ad
3051 4139 3417 4210 Epiphanium
3448 4156 3461 4190 :
3495 4140 3595 4192 Sa-

2007 4229 2163 4299 piens
2200 4228 2494 4300 Epiphani,
2539 4245 2801 4285 assensus
2852 4246 2911 4285 es
2955 4246 3080 4285 meo
3120 4231 3336 4284 exsilio.
3408 4230 3464 4284 In
3503 4241 3598 4284 tuo

2009 4323 2210 4376 throno
2251 4335 2361 4375 non
2405 4304 2622 4377 sedebis
2667 4322 2923 4392 amplius.
2972 4323 3052 4376 Ad
3098 4320 3366 4376 Joannem
3415 4333 3596 4377 autem

2010 4412 2295 4482 rescripsit
2347 4411 2685 4483 Epiphanius
2718 4427 2732 4464 :
2763 4413 2980 4467 Athleta
3033 4394 3258 4477 Christi,
3311 4413 3600 4467 verberare

308 4506 569 4580 Ἰωάννῃο
609 4504 862 4577 Ἀθλητὰ,
910 4505 1065 4576 ὃέρου
1110 4506 1206 4560 καὶ
1235 4508 1394 4559 νίκαο
1426 4507 1543 4560 ἀνθ’
1582 4500 1658 4560 ὧν
1685 4507 1743 4559 δὲ
1785 4505 1898 4559 ἐπί-

2012 4515 2067 4560 et
2133 4498 2308 4561 since.
2387 4498 2801 4572 Quod'autem
2874 4504 3189 4569 credidisﬁ,
3261 4519 3348 4557 me
3407 4504 3601 4558 exsilio

312 4614 551 4661 στευσας
594 4597 677 4650 ὅτι
720 4595 831 4665 ἐγὼ
883 4598 1148 4668 συνῄνεσα
1192 4598 1284 4651 ἐπὶ
1329 4600 1394 4669 τῇ
1439 4598 1656 4671 ὲξορίᾳ,
1689 4598 1782 4652 ἐπὶ
1824 4597 1903 4669 τῷ

309 4691 466 4761 τόπῳ
499 4685 543 4758 ᾧ
577 4689 911 4762 ὲξωρίσθης,
955 4691 1014 4743 οὑ
1054 4691 1128 4762 μὴ
1162 4691 1394 4765 φθάσῃς.
1424 4690 1609 4745 Ταῦτα
1642 4690 1699 4745 δὲ
1737 4689 1905 4763 ἐγρα-

309 4780 409 4850 ψα,
462 4781 715 4850 ἀδελφοὶ,
762 4781 848 4834 ἵνα
898 4782 971 4853 μή
1018 4800 1101 4846 τις
1152 4782 1230 4853 τῷ
1277 4783 1583 4854 Ἐπιφανίῳ
1623 4784 1903 4855 ἐπιρρίψει

309 4874 482 4944 μγον
511 4874 640 4945 περὶ
688 4873 900 4927 τούτου.
942 4874 999 4927 Ὀ
1043 4875 1154 4946 γὰρ
1183 4876 1422 4929 τοσαῦτα
1455 4875 1598 4929 καλὰ
1629 4876 1905 4948 κατορθώ-

314 4984 417 5030 σας
452 4969 532 5030 εἰς
566 4966 816 5020 τοσοῦτον
858 4966 1021 5038 βάθος
1051 4967 1239 5023 κακῶν
1279 4965 1425 5039 εἶχεν
1460 4968 1780 5034 κατελθεῖν;
1814 4970 1904 5041 Μὴ

312 5059 545 5127 ⁸γένοιτο.
580 5059 944 5115 Εἰσελθόντων
987 5060 1044 5114 δὲ
1092 5059 1250 5132 ἡμῶν
1285 5063 1341 5114 ὲν
1383 5060 1460 5132 τῷ
1496 5060 1760 5132 βασιλικῷ
1804 5077 1927 5114 τα-·

316 5151 501 5222 μιείῳ,
536 5153 861 5219 συνετάξατο
888 5153 1204 5223 Ἐπιφάνιος
1226 5157 1339 5217 τοῖς
1372 5151 1683 5225 βασιλεῦσιν
1713 5155 1804 5207 ἐπὶ
1828 5153 1907 5223 τῷ

314 5244 657 5299 ἀποπλεῦσαι
686 5249 836 5319 ἡμᾶς
875 5249 968 5302 ἐπὶ
1011 5248 1112 5318 τῆς
1157 5247 1445 5318 Κυπρίων.
1486 5245 1817 5320 Ἐρωτηθεὶς
1848 5246 1907 5299 δὲ

313 5337 635 5407 Ἐπιφάνιος
682 5339 831 5410 παρὰ
872 5340 1155 5411 Ἀρκαδίου
1191 5338 1284 5393 τοῦ
1317 5338 1580 5409 βασιλέως
1610 5337 1690 5401 τὸ,
1727 5337 1908 5390 πόσων

314 5430 454 5484 ἑτῶν
491 5431 760 5503 ὑπάρχει,
806 5427 984 5485 εἶπεν⁹
1022 5430 1250 5486 Ἑκατὸν
1285 5431 1379 5484 καὶ
1428 5430 1593 5483 πέντε
1623 5430 1758 5483 ἐτῶν
1792 5430 1908 5499 είμι

312 5521 471 5597 παρὰ
501 5525 649 5594 τρεῖς
678 5508 874 5594 μῆνας.
919 5517 1087 5588 Οὗτος
1131 5524 1227 5595 (a),
1265 5522 1450 5594 φησὶν,
1479 5521 1742 5593 ἑξήκοντα
1768 5521 1908 5576 ἑτῶν

385 5685 429 5716 ιι
473 5681 605 5738 Luc.
646 5700 720 5748 \1,
753 5684 846 5739 50.

384 5828 467 5893 (α)
506 5820 664 5875 Forte
691 5821 886 5886 οὕτως.

560 5936 836 5997 ΡΑτιιοι.
888 5933 1005 5992 Gn.
1057 5932 1224 5992 XLI.

2017 4605 2111 4654 tuo
2147 4595 2316 4653 fuisse
2392 4612 2719 4664 assensum,
2776 4597 2831 4651 in
2880 4596 3071 4651 locum
3131 4595 3200 4651 ad
3251 4610 3412 4665 quem
3449 4594 3597 4651 fuisti

2012 4690 2317 4762 relegatus,
2348 4705 2457 4745 non
2493 4691 2698 4746 venies.
2735 4689 2863 4746 Haec
2909 4689 3128 4760 scripsi,
3178 4706 3212 4743 o
3268 4688 3497 4754 fratres,
3534 4705 3603 4743 ne

2011 4775 2137 4852 quis
2192 4783 2298 4838 hoc
2345 4782 2605 4852 probrum
2656 4781 2903 4838 conferat
2952 4782 3007 4836 in
3060 4780 3449 4852 Epiphanium.
3497 4778 3600 4845 Qui

2012 4874 2159 4929 enim
2213 4881 2293 4928 tot
2343 4882 2398 4927 et
2445 4881 2593 4927 tanta
2647 4874 2789 4927 bona
2835 4875 3237 4935 lecerat,.erat
3281 4871 3333 4924 in
3389 4879 3599 4923 tantum

2015 4964 2285 5019 malorum
2316 4964 2648 5033 profundum
2685 4963 3093 5018 descensurus?
3123 4961 3389 5032 Ingressis
3418 4969 3598 5013 autem

2016 5056 2172 5112 nobis
2218 5056 2272 5109 in
2324 5056 2503 5109 aulam
2561 5055 3010 5126 imperatoriam,
3055 5054 3225 5124 jussit
3267 5050 3604 5121 Epiphanius

1956 5140 1963 5146 ’
2016 5148 2196 5204 valere
2249 5149 2640 5217 imperatores,
2694 5156 2753 5201 ut
2802 5146 3184 5216 navigaremus
3232 5144 3286 5196 in
3339 5140 3601 5213 Cyprum.

2016 5241 2391 5310 Interrogatus
2432 5254 2565 5293 vero
2611 5238 2949 5308 Epiphanius
2984 5238 3053 5292 ab
3095 5234 3330 5289 Arcadio
3369 5234 3606 5302 impera-

2018 5343 2168 5399 tore,
2198 5342 2332 5402 quot
2383 5348 2557 5387 annos
2605 5341 2751 5387 esset
2805 5339 2996 5392 natus,
3056 5328 3196 5383 dixit
3229 5342 3242 5380 :
3275 5325 3506 5381 Centum
3552 5336 3606 5380 et

2017 5425 2369 5496 quindecim,
2416 5435 2472 5478 ct
2502 5434 2615 5479 tres
2658 5438 2896 5478 menses.
2934 5421 3027 5477 Sic
3064 5435 3245 5477 autem
3286 5422 3423 5475 dixit
3453 5437 3467 5471 :
3504 5418 3604 5475 Fui

2016 5517 2328 5588 episcopus,
2362 5530 2487 5571 eum
2518 5531 2695 5571 essem
2732 5513 3012 5585 sexaginta
3046 5530 3221 5571 annos
3268 5524 3448 5571 natus.
3505 5511 3606 5571 Fui
