4058 6444
525 398 624 452 Hii
1556 399 1612 452 S.
1646 396 1988 452 EPII‘HAKII
2024 397 2103 450 AC

2241 395 2744 450 liOl.LANDl.\NA.
3681 398 3788 454 116

523 518 784 582 reliquias
810 517 986 576 sancti
1008 525 1061 571 et
1083 517 1222 574 beati
1258 517 1433 574 Patris
1464 517 1634 572 nostri
1655 526 1710 570 et
1739 517 1976 586 episcopi
2004 515 2311 585 Epiphanii,
2343 525 2397 570 et
2433 531 2556 570 cum
2587 516 2735 574 omni
2775 515 2980 572 honore
3007 532 3102 571 eas
3136 515 3188 569 in
3219 530 3283 569 eo
3304 515 3421 569 loco
3454 517 3784 584 deposuere.

598 586 786 642 LXXI.
831 587 987 641 Mane
1020 598 1201 643 autem
1244 588 1426 641 statim
1456 587 1799 640 venerandus
1829 587 2022 648 Draco,
2053 588 2333 640 accersitis
2360 587 2616 640 omnibus
2649 587 2859 642 clericis
2902 603 3024 641 cum
3080 587 3266 640 multis
3297 586 3787 656 patribusfamilias

529 658 788 738 civitatis,
819 658 1016 738 obtulit
1050 672 1236 738 preces
1274 657 1609 738 imperatori.
1641 657 1788 710 Missi
1821 673 1950 738 vero
1978 666 2112 738 sunt
2141 666 2256 738 tres
2281 657 2484 738 clerici,
2514 666 2566 709 et
2598 664 2708 738 tres
2740 657 3176 738 patrcsfamilias.
3216 656 3552 738 Exnclericis
3586 659 3636 710 in
3668 659 3786 738 pri-

529 730 636 782 mis
669 728 1022 782 honorandus
1049 727 1286 781 Sabinus
1314 725 1596 790 diaconus,
1629 738 1683 780 ct
1715 728 1950 782 maxime
1978 727 2328 781 honorandus
2355 729 2618 781 diaconus
2657 725 2858 782 Paulus
2902 728 3263 782 consobrinus
3293 726 3571 788 Draconis,
3603 725 3790 781 etho-

529 799 811 867 norandns
837 797 1094 861 diaconus
1127 797 1480 852 Athanasius.
1516 796 1591 850 Ex
1624 799 1866 865 patribus
1892 807 2073 850 autem
2108 795 2339 850 familias
2370 797 2699 852 reverendus
2728 797 3004 851 Marianus
3051 797 3216 851 frater
3259 795 3502 867 Synesii,
3535 805 3586 850 et
3630 813 3790 850 reve-

535 871 735 926 rendus
759 866 995 928 Joannes
1025 868 1143 935 ejus
1170 868 1555 928 consobrinus,
1584 879 1638 922 ct
1673 869 1814 922 filius
1846 867 2128 928 Draconis,
2161 869 2251 934 qui
2284 867 2396 934 ipse
2429 883 2645 936 quoque
2677 869 2969 921 vocabatur
3003 868 3192 926 Draco,
3223 877 3276 920 ct
3298 866 3459 935 quem
3491 866 3581 920 Dei
3608 869 3790 937 gratia

531 940 744 992 curavit
773 937 1109 1006 Epiphanius
1141 953 1168 990 a
1205 939 1392 989 nxorbo
1425 939 1769 1005 gravissimo.
1803 937 1862 990 Ili
1895 947 2075 990 autem
2107 938 2320 990 ivetnnt
2366 937 2417 990 in
2460 938 2732 992 civitatem
2778 940 3000 1006 regiam,
3030 948 3081 991 et
3111 937 3423 991 obtulerunt
3452 953 3639 1004 preci-5
3676 939 3788 990 im-

533 1009 788 1075 peratori.
822 980 1119 1075 imperator
1161 1023 1292 1061 vero
1338 980 1627 1073 Arcadius,
1664 1024 1787 1063 cum
1821 1024 2008 1076 preces
2057 1009 2358 1076 accepisset
2403 1018 2456 1061 et
2505 1008 2738 1077 legisset,
2771 980 2927 1063 vaide
2963 980 3162 1073 magno
3188 1008 3372 1061 dolore
3412 980 3494 1059 est
3536 1007 3790 1070 affectus,

532 1079 677 1145 quod
707 1094 738 1132 e
767 1078 872 1134 vita
902 1078 1227 1133 excessisset
1261 1077 1601 1146 Epiphanius
1634 1088 1728 1133 :et
1765 1079 1904 1134 dixit
1933 1080 2012 1133 eis
2055 1078 2148 1147 qui
2195 1093 2385 1146 preces
2432 1079 2533 1132 sibi
2586 1079 2897 1132 obtulerant
2927 1098 2940 1133 :
2973 1078 3166 1132 Sedete
3210 1077 3263 1130 in
3315 1079 3412 1147 hac
3463 1078 3594 1128 urbe
3638 1078 3790 1147 regia

534 1149 894 1220 quadraginta
918 1147 1056 1213 dies,
1084 1159 1144 1204 ut
1171 1145 1382 1215 lugeant
1417 1163 1598 1220 meum
1629 1147 1866 1212 Patrem,
1897 1157 1952 1203 et
1985 1145 2089 1202 vos
2115 1145 2324 1220 mittam
2356 1148 2408 1202 in
2438 1164 2587 1220 pace.
2615 1147 2703 1220 illi
2727 1158 2912 1220 autem
2947 1149 3027 1202 sic
3069 1148 3329 1220 fecerunt.
3359 1145 3588 1220 Belitxit
3619 1145 3795 1201 Arca-

534 1215 658 1272 dius
694 1215 986 1288 imperator
1012 1227 1214 1270 sancite
1246 1218 1522 1272 memoriae
1547 1228 1753 1288 patrem
1782 1231 2027 1273 nostrum
2056 1229 2108 1271 ct
2131 1215 2448 1287 episcopum
2475 1217 2833 1286 Epiphanium
2859 1218 3217 1287 quadraginta
3249 1217 3385 1288 dies.
3411 1215 3540 1288 Post
3577 1218 3791 1270 luctum

533 1299 714 1341 autem
758 1286 882 1341 fecit
911 1288 1381 1350 constitutionem,
1413 1296 1468 1341 et
1497 1286 1647 1342 misit
1689 1307 1811 1342 cum
1848 1291 1927 1342 eis
1963 1290 2138 1340 virum
2171 1286 2688 1356 pium’militantent.
2725 1289 2944 1342 nomine
2979 1286 3290 1341 Maximum.
3332 1286 3380 1339 Is
3415 1287 3644 1340 habebat
3673 1288 3794 1356 spi-

535 1358 698 1416 ritum
734 1357 1098 1428 immundum.
1131 1358 1269 1412 Cum
1296 1358 1354 1428 iii
1405 1369 1585 1412 autem
1633 1361 2008 1428 pervenissent
2036 1359 2433 1428 Constantiam,
2469 1359 2652 1412 statim
2680 1358 2944 1413 Maximus
2989 1367 3209 1426 accepta
3256 1357 3669 1428 constitutione,
3706 1360 3794 1410 in-

532 1442 755 1494 gressus
781 1436 866 1484 est
893 1428 945 1480 in
978 1427 1178 1492 loeum,
1215 1427 1307 1480 ubi
1357 1439 1484 1484 stitit
1517 1427 1703 1498 posita:
1734 1430 1974 1497 reliquiae
2006 1429 2178 1481 sancti
2227 1427 2412 1498 Patris,
2436 1430 2630 1482 nostri.
2655 1428 2904 1494 Cumque
2934 1445 3139 1497 pronus
3167 1427 3450 1480 cecidisset
3483 1428 3534 1480 in
3569 1427 3792 1487 facient,

533 1506 586 1556 et
615 1511 804 1572 preces
827 1499 1110 1572 posuisset
1138 1513 1303 1572 supra
1335 1497 1571 1559 thecam,
1601 1501 1737 1552 dixit
1776 1519 1789 1552 :
1821 1498 1928 1552 Deo
1957 1501 2118 1566 digne
2149 1509 2334 1572 sancte
2362 1497 2649 1572 Epiphaui,
2675 1499 2881 1572 expelle
2909 1516 2938 1572 ξι
2975 1516 3060 1552 me
3103 1499 3400 1572 malignum
3428 1498 3708 1572 spiritum,
3738 1507 3796 1572 et

535 1566 666 1620 tunc
693 1567 932 1638 aperiam
972 1567 1110 1638 hanc
1143 1566 1780 1638 formatamsctipturam
1805 1585 1929 1621 cum
1969 1584 2160 1638 magna
2193 1566 2490 1634 gratiarum
2525 1566 2757 1622 actione.
2793 1569 3098 1637 Statimque
3123 1569 3255 1619 exiit
3287 1569 3598 1621 immundus
3624 1568 3798 1636 spiri-

535 1647 624 1707 tus
651 1651 680 1690 a
715 1636 1262 1707 Maximoabianeque
1297 1635 1583 1706 patefacta
1600 1639 1700 1692 fuit
1728 1641 1993 1707 scriptura
2029 1635 2260 1692 formata
2293 1640 2346 1692 in
2371 1639 2492 1694 loco
2524 1640 2760 1707 put-lico,
2789 1650 2842 1692 et
2871 1635 3062 1694 omnes
3105 1647 3384 1706 propterea
3432 1653 3624 1705 magna
3663 1635 3800 1691 sunt

534 1706 711 1778 alfccti
745 1707 947 1766 laetitia.
981 1705 1250 1778 Formatte
1278 1705 1459 1762 autem
1488 1709 1772 1778 scriptura:
1813 1705 1920 1764 vim
1966 1710 2146 1761 insero
2194 1711 2245 1761 in
2292 1725 2410 1764 mea
2443 1705 2693 1777 cpistola,
2726 1725 2889 1777 quam
2922 1710 2986 1763 ad
3021 1705 3256 1778 vestram
3301 1707 3459 1778 mitto
3486 1709 3743 1775 pietatem
3781 1725 3796 1760 :

533 1793 656 1844 qua:
699 1775 751 1829 in
787 1793 942 1831 versu
981 1777 1218 1830 secundo
1248 1777 1325 1830 sic
1353 1775 1615 1832 continet.
1657 1780 1747 1834 Sic
1781 1781 1923 1834 cnim
1954 1780 2086 1832 dicit
2122 1780 2418 1846 imperator
2453 1775 2721 1832 Arcadius
2747 1775 2821 1832 de
2857 1790 3044 1832 sancto
3092 1776 3251 1846 Patre
3287 1795 3298 1831 :
3331 1777 3489 1840 Eum,
3527 1780 3617 1846 qui
3658 1778 3801 1834 vixit

533 1861 698 1914 supra
726 1857 937 1901 nost'as
966 1847 1062 1916 legi
1083 1862 1128 1908 s,
1161 1847 1416 1900 nolumus
1439 1850 1627 1918 jacere
1655 1851 2038 1903 ionvenii-ntcr
2081 1845 2282 1901 nostris
2334 1850 2563 1918 legibus.
2601 1848 2736 1902 Ecce
2768 1866 2918 1917 ergo,
2950 1866 2982 1899 o
3013 1856 3196 1901 sam-te
3240 1845 3397 1898 l‘atcr
3422 1845 3628 1918 Polybi,
3670 1849 3801 1900 uni-

532 1931 742 1970 versam
779 1918 1248 1986 consequentiam,
1280 1932 1404 1986 qua:
1429 1917 1530 1971 fuit
1567 1927 1676 1974 tam
1708 1921 1886 1974 verbis
1917 1935 2078 1986 quant
2118 1918 2292 1979 lactis,
2332 1917 2559 1987 exposui
2600 1931 2790 1972 vestrae
2824 1919 2964 1987 apud
2999 1918 3165 1971 Deum
3204 1918 3480 1970 itonoratze
3507 1928 3559 1972 et
3586 1928 3801 1970 sane-tm

531 1988 728 2058 animae
757 2002 851 2056 per
879 1987 1107 2052 litteras,
1137 2002 1257 2056 quae
1283 2002 1312 2058 ξι
1345 1988 1500 2058 nobis
1533 1990 1712 2044 missa:
1741 1999 1869 2044 sunt
1901 2006 1994 2058 per
2023 1993 2388 2058 venerandum
2424 1989 2712 2043 diaconum
2743 1989 3050 2057 Calippum.
3080 1987 3228 2041 Habe
3257 1999 3436 2041 autem
3472 1997 3799 2056 perpetuam

532 2056 638 2109 mei
673 2059 988 2110 memoriam
1029 2058 1079 2110 in
1114 2058 1220 2114 tuis
1247 2056 1312 2110 ad
1343 2057 1510 2112 Deum
1541 2056 1914 2124 orationibus,
1939 2069 2126 2113 sancte
2162 2057 2340 2114 Pater.
2378 2058 2554 2113 Tuum
2600 2075 2728 2112 vero
2755 2056 3004 2114 sanctum
3039 2060 3242 2114 clerqu
3294 2074 3414 2111 tneo
3447 2061 3670 2112 nomine
3707 2072 3800 2112 sa-

527 2125 700 2181 lutare
727 2126 1042 2195 digneris,o
1066 2127 1228 2196 digne
1251 2129 1580 2195 sacerdotio,
1598 2141 1788 2184 sancte
1818 2127 1995 2183 Pater.
2015 2126 2122 2181 Ora
2151 2143 2248 2197 pro
2275 2146 2380 2193 me,
2409 2145 2442 2183 o
2471 2130 2552 2183 vir
2581 2132 2813 2183 maxime
2837 2127 2968 2201 pie.]

1121 2615 1124 2620 ι
1194 2303 1694 2551 ACTA
1833 2396 1992 2549 s.
2117 2397 3100 2551 EPIPHANII

1520 2660 1848 2718 AUCTORE
1884 2663 1948 2717 ﬂ.
1984 2666 2044 2720 P.
2092 2666 2249 2722 DAN.
2287 2665 2787 2723 PAPEBROCIIIO.
3207 2679 3224 2724 t

1180 2823 1322 2884 (Arta
1343 2829 1619 2876 sanctorum
1644 2823 1872 2884 Boiland.
1889 2862 1902 2884 ,
1925 2827 2037 2876 Maii
2085 2834 2199 2880 tom.
2228 2828 2313 2888 li],
2337 2827 2419 2878 die
2449 2827 2520 2888 12,
2545 2841 2592 2890 p.
2615 2827 2692 2876 56.
2723 2827 2968 2888 \‘enetiis,
2990 2828 3148 2889 1758.)

1031 3082 1265 3140 CAPUT
1304 3082 1595 3140 PRIMUM.

524 3195 714 3252 Cultus
748 3195 889 3266 apud
934 3193 1145 3249 (ἔνατος
1185 3204 1236 3248 et
1276 3195 1522 3252 Latinos.
1568 3196 1689 3252 Vita
1727 3200 1821 3252 sub
1864 3201 2113 3255 ementita

829 3266 1214 3336 discipulorum
1247 3267 1456 3320 nomine
1485 3269 1795 3337 campi/uta.

603 3359 656 3413 1.
692 3356 934 3413 Salamis
974 3359 1134 3429 Cypri
1186 3358 1334 3426 (nam
1383 3358 1486 3412 alia
1533 3359 1697 3428 hujus
1745 3361 1982 3416 nominis
2029 3373 2112 3418 est

524 3451 704 3512 insula
727 3460 781 3507 et
813 3451 946 3506 urbs
981 3452 1129 3504 circa
1173 3451 1432 3520 Atticam)
1473 3451 1795 3506 Constantia
1827 3455 2114 3509 dicebatur

527 3543 844 3614 Hieronymi
881 3551 1059 3608 astate,
1111 3551 1171 3596 ut
1215 3543 1290 3595 ait
1337 3543 1454 3612 ipse
1499 3543 1551 3596 in
1607 3545 1874 3612 epitaphio
1922 3543 2114 3600 Paula:

523 3638 686 3707 epist.
733 3635 825 3692 27.
867 3632 1023 3689 Nunc
1067 3642 1362 3703 utrumque
1409 3650 1608 3691 nomen
1639 3636 1822 3700 desiit,
1873 3645 1930 3691 et
1970 3637 2112 3692 dun-

527 3737 679 3782 taxat
703 3725 1027 3797 oppidulum
1056 3723 1170 3780 fere
1195 3724 1440 3780 dirutum
1468 3735 1739 3795 superest,
1777 3728 1922 3796 quod
1952 3727 2112 3784 γεω-

525 3837 640 3876 rem
671 3816 1063 3886 Famagustam
1095 3827 1296 3872 vocant
1327 3818 1539 3880 incolae,
1573 3829 1862 3888 postquam
1897 3836 1962 3875 ex
1987 3820 2110 3890 ejus

525 3911 703 3966 ruinis
738 3926 881 3970 nova
927 3908 1188 3972 surrexit,
1225 3924 1348 3978 qua:
1381 3909 1560 3964 adhuc
1604 3910 1750 3978 regia
1784 3918 1887 3975 est,
1927 3926 2097 3981 regno

525 4004 654 4060 licet
702 4001 976 4060 exstincto
1023 3999 1128 4054 sub
1175 3997 1475 4055 Turcarum
1533 4000 1839 4070 tyrannide.
1896 3999 2100 4055 Eadem

528 4092 851 4166 metmpotis
907 4091 1100 4146 insula;
1129 4091 1299 4144 totius
1355 4090 1480 4154 fuit,
1535 4101 1589 4145 et
1645 4093 1847 4146 szecnlo
1899 4092 2106 4147 Christi

523 4197 720 4260 quarto
745 4185 1064 4257 episcopum
1113 4184 1302 4238 habuit
1353 4201 1372 4234 ι
1413 4182 1472 4238 S.
1514 4183 1898 4253 Epiphanium,
1929 4202 2092 4254 quem

524 4298 633 4340 non
679 4280 856 4340 solum
896 4279 1022 4334 vita:
1060 4279 1412 4334 conversatio
1441 4278 1726 4334 illustrem
1764 4281 1835 4334 ob
1875 4281 2105 4338 virtutes

524 4373 788 4436 reddidit;
833 4387 1025 4424 verum
1065 4370 1232 4424 etiam
1286 4370 1577 4434 miracula,
1632 4387 1756 4439 qua:
1806 4371 1968 4437 Deus,
2009 4375 2109 4427 ho-

2135 3098 2365 3158 Αμαρα
2428 3081 2738 3151 appellant)
2815 3080 2957 3150 quod
3031 3080 3159 3134 olim
3225 3083 3616 3154 patriarchium
3672 3086 3797 3142 fuit.

2290 3175 2344 3229 2.
2386 3171 2604 3225 Etenim
2649 3170 2812 3224 etiam
2855 3170 3481 3242 Constantiuopolitana:
3514 3176 3797 3242 Ecclesiae,

2221 3281 2376 3336 teque
2424 3279 2489 3317 ac
2530 3262 2628 3317 toti
2673 3261 2881 3315 Orienti
2915 3260 3018 3315 fuit
3061 3263 3112 3315 in
3162 3264 3397 3318 maxima
3447 3269 3800 3321 veneratione

2217 3356 2590 3429 Epiphanius;
2636 3355 2793 3423 cujus
2851 3356 3073 3425 synaxis
3121 3356 3215 3424 (ut
3249 3356 3450 3411 habent
3495 3357 3700 3414 Mentca
3733 3361 3798 3414 ad

2218 3449 2367 3503 hunc
2398 3447 2467 3502 l3
2500 3445 2666 3515 Maii)
2702 3447 2755 3499 in
2788 3448 2937 3515 regia
2982 3446 3070 3499 illa
3112 3447 3242 3500 urbe
3275 3467 3296 3498 ο
3325 3449 3714 3506 celebrabatur
3745 3451 3798 3504 in

2217 3538 2562 3594 sanctissima
2589 3537 2710 3606 ejus
2737 3535 2850 3589 atde
2881 3554 2899 3586 ι
2941 3551 3033 3589 seu
3073 3536 3295 3600 sacello,
3333 3553 3351 3604 ε
3389 3553 3512 3606 quae
3539 3547 3624 3592 est
3650 3538 3800 3596 intra

2215 3629 2476 3699 templum
2527 3626 2714 3682 Sancti
2769 3625 3130 3690 Philemonis,
3186 3645 3207 3678 ι
3257 3629 3435 3695 quod,
3473 3629 3688 3684 Codino
3745 3633 3799 3688 in

2217 3720 2528 3791 Originibus
2571 3718 3181 3786 Constantinopolitanis
3235 3727 3546 3784 altestante,
3603 3738 3622 3771 ι
3689 3719 3799 3775 Ευ-

2213 3814 2412 3869 doxius
2467 3811 2815 3867 Constantini
2868 3809 3046 3880 Magni
3096 3811 3362 3880 patricius
3403 3821 3457 3866 et
3505 3813 3800 3881 prmfectus

2213 3903 2479 3961 condidit.
2521 3923 2540 3954 ι
2579 3903 2790 3959 Colitur
2822 3911 3002 3956 autem
3035 3901 3104 3955 ibi
3133 3912 3181 3955 et
3206 3901 3334 3955 alibi
3363 3902 3418 3956 S.
3453 3901 3798 3972 Epiphanius

2212 3996 2446 4051 solemni
2485 3996 2653 4051 totius
2677 3995 2782 4049 diei
2818 3993 3030 4058 Officio,
3082 3997 3361 4052 communi
3404 3999 3624 4068 quidem
3666 4015 3796 4055 cum

2215 4085 2600 4164 S.‘Germano
2647 4086 2956 4154 patriarcha
2997 4086 3644 4159 ConstantinOpolitano;
3701 4092 3795 4147 scd

2213 4179 2587 4250 principaliori
2616 4179 2738 4234 loco
2766 4197 2778 4232 :
2809 4179 3086 4248 quomodo
3114 4180 3276 4234 etiam
3315 4191 3536 4237 notatur
3570 4183 3624 4237 iu
3663 4184 3797 4255 ligu-

2213 4274 2350 4329 ratis
2375 4273 2758 4327 Rutbenorum
2804 4289 2898 4328 seu
2935 4271 3248 4329 Moscorum
3292 4275 3656 4334 Kalendariis.
3693 4280 3795 4333 So-

2214 4367 2325 4420 lum
2361 4375 2539 4420 autent
2574 4365 2725 4419 illum
2754 4375 2962 4435 spectat
2990 4379 3167 4420 canon
3205 4383 3382 4438 sacerl
3410 4369 3514 4425 hoc
3533 4370 3623 4426 die
3657 4388 3798 4442 pra:-

525 4479 658 4517 nore
684 4463 837 4516 illum
870 4461 1082 4515 afficere
1108 4461 1320 4524 volens,
1355 4461 1473 4532 ipso
1521 4461 1703 4515 adhuc
1737 4467 2028 4532 superstite
2055 4476 2108 4521 et
2141 4467 2180 4520 Β
2212 4457 2448 4526 scriptus
2485 4457 2586 4512 sub
2621 4458 2721 4512 hac
2751 4458 3148 4513 acrostichide:

523 4562 652 4621 post
674 4552 882 4608 obitum
915 4551 1034 4619 ejus
1065 4551 1254 4608 edidit.
1293 4549 1510 4604 Mortuo
1543 4555 1688 4612 enim
1717 4553 1830 4615 illo,
1869 4555 1922 4612 id
1954 4558 2102 4626 quod

523 4643 731 4700 viventi
764 4657 878 4697 non
896 4641 1217 4707 contigerat,
1247 4641 1316 4695 ad
1337 4641 1653 4709 sepulcrum
1683 4644 1802 4713 ejus
1827 4647 2104 4701 daemones

522 4735 827 4789 etiamnum
879 4730 1079 4802 fugari,
1139 4741 1187 4785 et
1222 4733 1395 4786 morbi
1441 4733 1662 4803 quidam
1695 4735 1877 4789 curari
1906 4737 2102 4791 dicun-

523 4838 632 4884 tur.
692 4845 710 4876 ι
747 4825 826 4880 lta
866 4824 961 4881 lib.
1017 4840 1068 4878 γι
1110 4823 1255 4878 Hist.
1299 4826 1508 4889 σεειεδη
1555 4843 1676 4896 cap.
1717 4827 1807 4892 ‘27,
1854 4827 2106 4885 Hermias

522 4920 889 4980 Sozomonus,
935 4917 1056 4986 ipso
1095 4918 1256 4987 cujus
1289 4919 1559 4988 principio
1596 4920 1682 4975 ille
1717 4921 1856 4976 obiit
1897 4923 2101 4976 smculo

521 5013 715 5081 quinto
736 5009 960 5065 ﬂorens.
993 5009 1131 5064 "inc
1173 5010 1398 5076 factum,
1433 5014 1575 5066 sicut
1606 5015 1850 5084 synodus
1880 5015 2099 5069 Niczena

521 5119 559 5158 ιι
600 5103 800 5164 saeculo
851 5101 1056 5158 Christi
1106 5115 1302 5156 octavo
1347 5103 1642 5166 celebrata,
1693 5114 1798 5159 act.
1849 5105 1881 5158 6
1921 5105 2101 5172 docet,

521 5193 670 5264 quod
701 5212 722 5245 ι
759 5195 1022 5265 templum
1045 5193 1436 5252 dedicaverunt
1473 5194 1525 5252 in
1564 5195 1893 5266 Cypriorum.
1920 5197 2098 5252 insula

519 5285 641 5352 ejus
677 5283 956 5352 discipuli,
1004 5291 1386 5350 nuncupantes
1433 5281 1568 5335 illud
1616 5283 1860 5350 ejusdein
1921 5282 2100 5338 Patris

519 5374 814 5435 vocabulo,
845 5383 899 5427 et
941 5389 1066 5428 cum
1115 5373 1303 5426 multis
1348 5373 1472 5428 aliis
1510 5373 1830 5427 titularibus
1867 5374 2098 5443 picturis

522 5464 824 5536 imaginem
850 5464 970 5532 ejus
1013 5465 1067 5518 in
1107 5465 1226 5534 ipso
1263 5465 1625 5526 Collocarnnt,
1667 5484 1685 5515 ι
1731 5467 1948 5535 qualem
1985 5467 2096 5522 sci-

521 5555 650 5613 licet
690 5553 872 5611 videre
911 5555 1036 5610 licet
1083 5565 1212 5611 ante
1259 5572 1446 5624 opera,
1489 5556 1713 5614 Petario
1763 5571 1952 5615 nosuo
1995 5575 2096 5614 cu—

521 5653 681 5700 ranto
725 5643 871 5698 edita
921 5663 940 5694 ι
995 5661 1058 5699 ει
1111 5657 1426 5713 pervetusto
1477 5649 1720 5718 quodam
1779 5653 2098 5720 exemplari,

522 5734 666 5796 quod
713 5739 891 5786 exstat
961 5734 1014 5786 in
1099 5734 1707 5806 Constantinopolitano
1784 5741 2104 5804 antiquissi-

526 5838 616 5876 mo
675 5829 1028 5889 monasterio,
1091 5823 1222 5876 Sula
1287 5825 1430 5880 dicto
1480 5830 1680 5898 (vulgo
1723 5830 1790 5882 τὰ
1837 5831 1905 5894 ἒξ
1959 5832 2103 5900 μάρ-

2350 4549 2672 4618 Ἐπιφανίου
2710 4550 2771 4602 τὸ
2804 4549 2963 4615 κῦδος
2993 4551 3196 4620 ἔπλησε
3231 4551 3418 4622 χθόνα.

2354 4641 2572 4695 Terram
2611 4641 2821 4709 replevit
2851 4640 3138 4710 Epiphmtii
3172 4643 3352 4696 decus.

2212 4734 2373 4790 Solus
2398 4735 2560 4788 etiam
2597 4733 2686 4786 hic
2711 4732 2764 4785 in
2801 4732 3162 4803 Ephemeride
3191 4735 3413 4788 metrica
3444 4735 3788 4804 nominatur,

2205 4837 2260 4883 et
2282 4827 2501 4896 quidem
2541 4835 2806 4893 tanquam
2837 4827 2937 4878 bac
2959 4823 3046 4878 die.
3072 4835 3361 4880 mortuus:

2279 4920 2359 4988 Τῇ
2393 4917 2486 4971 δύο
2507 4917 2602 4970 καὶ
2624 4915 2830 4988 δεκάτῃ
2850 4916 3171 4984 Ἐπιφάνιον
3207 4917 3372 4990 μόρος
3398 4912 3563 4975 εἷλεν.

2282 5008 2452 5062 Statra
2482 5007 2570 5061 lea:
2599 5007 2783 5059 mortis
2814 5006 3054 5062 duodena
3093 5005 3425 5075 Epiphanion
3449 5011 3644 5078 aufert.

2209 5103 2367 5158 Certe
2404 5102 2486 5156 vel
2518 5111 2646 5154 tunc
2675 5099 2785 5156 fato
2822 5113 2922 5155 suo
2958 5097 3181 5156 functus
3217 5109 3321 5161 est.
3364 5102 3446 5154 vel
3479 5101 3534 5156 in
3565 5119 3664 5156 sua
3696 5120 3787 5158 ec-

2208 5194 2375 5250 clesia
2412 5202 2537 5262 post
2568 5201 2802 5246 mortem
2836 5191 3107 5260 sepultus,
3165 5191 3306 5246 haud
3347 5191 3440 5246 diu
3497 5203 3786 5263 numquam

2211 5286 2270 5338 S.
2297 5282 2538 5336 Joannes
2573 5281 3026 5351 Chrysostomus,
3059 5282 3124 5336 de
3163 5297 3272 5352 quo
3307 5283 3470 5347 infra,
3509 5301 3538 5338 a
3577 5287 3784 5356 synodo

2209 5377 2275 5430 ad
2314 5375 2587 5444 Quercum
2630 5375 3014 5443 deponeretur,
3049 5375 3195 5446 quod
3250 5375 3450 5434 factum
3489 5395 3609 5433 esse
3639 5379 3785 5433 circa

2208 5483 2451 5522 mensem
2486 5465 2692 5520 Julium
2726 5466 2856 5519 anni
2882 5465 2986 5520 405
3009 5481 3074 5519 ex
3109 5464 3378 5530 Palladio,
3407 5469 3786 5539 Cbrysostoiui

2207 5567 2364 5614 actus
2399 5559 2695 5617 scribente.
2738 5568 2974 5612 constat.

2280 5653 2331 5705 5.
2367 5649 2584 5704 Grzeeos
2616 5651 2727 5704 cito
2757 5648 2949 5702 imitati
2980 5657 3109 5702 sunt
3143 5647 3342 5707 Latini.
3369 5666 3602 5720 quorum
3644 5652 3784 5706 anti-

2211 5743 2512 5811 quissimus
2549 5741 2687 5794 Beda
2728 5742 2777 5794 in
2812 5757 2913 5794 suo
2934 5743 3080 5810 quod
3122 5758 3183 5794 ex
3214 5752 3337 5796 octo
3370 5757 3504 5796 mss.
3536 5743 3782 5795 dedimus

2214 5835 2450 5903 genuino
2526 5833 2944 5903 Martyrologio,
3015 5845 3135 5904 post
3205 5836 3777 5894 commemomiouem
