4058 6478
253 412 345 468 U7

1269 413 1326 472 s.
1362 414 1712 472 EPIPHANII
1772 412 1957 471 ACTA
1994 390 2501 475 BOLLANmANA.

3457 432 3577 489 “8‘

264 532 360 588 SS.
395 529 563 587 Nerei
611 540 669 589 et
715 532 971 599 Achillei,
1020 532 1200 603 primo
1254 533 1375 590 loco
1427 534 1859 594 nominatorum.
1895 533 1940 588 Δ
1974 531 2269 603 hcmiticis,
2299 548 2447 589 anno
2478 534 2613 590 1554
2637 535 2814 590 allatae
2850 534 3054 594 fuerint
3101 540 3157 596 in
3217 538 3557 611 Boltemiam,

263 641 381 679 mox
407 623 593 688 addit,
634 645 656 678 ι
705 623 766 680 S.
807 622 866 680 P.
898 622 965 679 N.
1006 623 1297 695 Epiphanii
1329 625 1574 696 episcopi
1616 625 1800 698 Cypri.
1836 645 1854 676 ι

269 716 446 773 Secuti
488 716 614 772 Ado
665 726 722 773 et
767 715 1075 784 Usuardus,
1116 718 1370 774 ultimum
1418 721 1711 795 eumdem._
1741 726 1867 789 post

272 816 497 865 caeteros
527 808 754 866 scilicet
785 811 904 881 ejus
919 810 1026 867 diei
1060 819 1357 883 martyres,
1399 811 1723 868 locaverunt
1762 811 1866 867 hac

273 899 380 956 fere
430 899 651 972 phrasi,
691 920 710 953 t
748 900 906 973 Apud
930 902 1169 974 Cyprum
1206 900 1265 959 S.
1302 901 1364 960 P.
1399 901 1465 958 N.
1496 901 1810 975 Epiphanii,
1842 921 1860 955 ι

272 991 535 1061 additque
576 992 697 1047 Atio
735 1012 754 1046 ‹
798 992 1090 1048 Salaminte
1130 993 1395 1064 episcopi.
1435 1013 1453 1047 ι
1492 990 1701 1049 ﬂorum
1726 993 1864 1049 alio-

276 1100 511 1155 rumque
543 1085 916 1156 posteriorum
955 1085 1200 1157 vestigiis
1233 1085 1507 1141 inhaerens
1535 1085 1865 1143 hodiernum

274 1174 727 1247 Martyrologium
750 1166 1057 1231 Romanum
1087 1178 1373 1247 sequentia
1401 1176 1563 1232 verba
1587 1176 1866 1231 recitanda

276 1270 535 1343 proponit
570 1290 583 1327 :
630 1291 648 1324 ι
691 1270 984 1326 Salatninae
1015 1271 1069 1326 in
1102 1270 1285 1343 Cypro
1325 1271 1383 1326 S.
1426 1270 1719 1341 Epiphanii
1745 1270 1864 1340 epi-

278 1362 451 1433 sc0pi.
498 1361 592 1433 qui
648 1362 934 1431 multiplici
965 1362 1277 1417 eruditione
1306 1371 1361 1417 et
1398 1376 1688 1417 sacrarum
1720 1361 1866 1416 litte-

278 1470 465 1509 rarum
511 1455 746 1509 scientia
776 1455 1068 1519 excellens,
1119 1455 1245 1511 vitae
1292 1470 1512 1526 quoque
1552 1456 1875 1519 sanctitate,

276 1552 393 1609 zelo
440 1552 727 1610 catholica:
766 1551 927 1618 fidei,
984 1551 1360 1606 muniﬁcentia
1405 1551 1460 1606 in
1501 1566 1769 1622 pauperes
1813 1559 1869 1607 et

275 1647 482 1701 virtute
512 1647 906 1702 miraculorum
940 1645 1151 1702 exstitit
1184 1644 1563 1701 admirandus.
1601 1664 1622 1697 ι

344 1739 400 1794 ι.
440 1739 595 1795 Sitne
632 1739 813 1794 adhuc
839 1737 1041 1810 aliquis
1070 1738 1192 1810 ejus
1223 1737 1405 1794 cultus
1444 1735 1739 1792 Salamina
1764 1752 1865 1792 sn-

1979 634 2035 678 et
2086 623 2286 679 Carolo
2338 624 2407 679 iV
2466 626 2783 697 imperatori
2847 639 3188 699 prtesentattn
3235 649 3266 690 a
3320 630 3559 692 Protiwa

1978 714 2304 773 Swibowslti
2331 715 2636 789 Segniensi,
2653 718 2773 776 viro
2797 722 2941 792 apud
2966 722 3239 781 Bobemos
3267 723 3469 784 illustri
3494 744 3561 784 ac

1973 809 2105 880 regii
2149 809 2480 881 sanguinis:
2530 831 2548 863 ι
2583 828 2707 882 quas
2749 814 2942 870 notitia
2992 828 3144 874 nunc
3188 819 3426 890 primum
3476 833 3561 879 rc-

1984 910 2159 970 perta,
2193 902 2245 956 in
2281 901 2466 959 Diario
2506 902 2798 976 Pragensis
2834 906 3092 967 Ecclesiae
3133 906 3315 968 adhuc
3340 911 3561 970 deside-

1974 1001 2147 1048 ratur.

2047 1083 2101 1139 6.
2138 1082 2317 1139 Vitam
2353 1086 2495 1155 ejus,
2524 1087 2639 1157 jam
2683 1090 2816 1145 olim
2865 1092 3258 1164 conscriptam,
3311 1093 3364 1149 in
3417 1108 3553 1153 mss.
3616 1096 3623 1105 '

1980 1173 2259 1232 Vatican‘s
2291 1175 2497 1234 Graecis
2528 1182 2856 1251 reperimus,
2884 1184 3027 1241 unde
3055 1200 3176 1240 eam
3211 1185 3406 1243 Latine
3435 1189 3559 1244 red-

1975 1273 2145 1329 ditam
2177 1274 2389 1344 primus
2415 1276 2590 1333 edidit
2617 1277 2979 1349 Lipomanus,
3013 1281 3213 1337 deinde
3247 1278 3467 1349 Surius,
3497 1299 3562 1340 ac

1973 1365 2212 1437 denique
2239 1366 2520 1435 Pttarius,
2556 1368 2626 1425 ad
2659 1372 2868 1429 calcem
2900 1373 3036 1428 tomi
3068 1370 3132 1441 ll,
3168 1368 3354 1431 addito
3395 1372 3560 1431 etiam

1970 1471 2231 1516 contextu
2263 1460 2476 1528 Grazco,
2518 1464 2697 1535 qualis
2728 1465 2782 1520 in
2828 1465 3085 1523 Medicam
3131 1468 3277 1539 regis
3311 1464 3564 1525 Francize

1974 1568 2077 1608 ms.
2126 1553 2530 1623 inveniebatur,
2561 1568 2727 1628 quem
2759 1568 2814 1613 et
2859 1573 2961 1615 nos
3003 1557 3133 1615 inde
3164 1560 3561 1631 transcriptum

1975 1656 2383 1715 acceperamus.
2428 1645 2503 1703 Ea
2551 1657 2720 1706 testes
2761 1660 2818 1707 et
2857 1660 3114 1710 auctores
3168 1651 3388 1723 praefert
3426 1653 3578 1707 duos

1971 1740 2094 1809 ejus
2136 1740 2477 1812 discipulos;
2517 1743 2702 1814 primo
2743 1741 3037 1809 Joannem,
3079 1738 3240 1816 quasi
3291 1744 3381 1799 hic
3424 1745 3569 1800 inter

277 1848 398 1903 per,
429 1843 528 1888 aut
568 1832 790 1904 vestigia
832 1833 1070 1904 sepulcri
1115 1832 1246 1888 olim
1292 1842 1404 1887 tam
1455 1831 1673 1899 famosi,
1718 1830 1865 1886 haud
1900 1898 1936 1907 _
1972 1831 2091 1902 ejus
2118 1831 2424 1903 discipulos
2463 1834 2517 1888 in
2560 1834 2899 1891 monasterio
2934 1848 3099 1902 unus,
3138 1845 3204 1894 ac
3240 1836 3561 1907 peregrina»

280 1923 442 1980 facile
484 1923 714 1979 dixero:
750 1922 1010 1980 credibile
1050 1931 1137 1979 est
1168 1939 1293 1978 eum
1336 1922 1559 1978 fortuna
1609 1923 1713 1979 loci
1755 1937 1861 1978 caa-

278 2027 392 2072 tera
439 2032 661 2088 quoque
694 2032 818 2073 esse
856 2017 1054 2088 partim
1094 2016 1324 2080 abolita,
1348 2017 1547 2088 partim
1594 2015 1865 2086 Famagu—

276 2120 419 2164 stam
450 2109 751 2176 translata;
788 2109 876 2163 ubi
907 2108 1073 2165 etiam
1109 2110 1218 2165 hoc
1252 2118 1496 2181 tempore
1527 2124 1557 2164 a
1596 2108 1866 2166 Christia—

277 2204 363 2258 nis
407 2202 607 2257 fcstnm
644 2201 766 2272 ejus
800 2201 1117 2257 solemniter
1159 2202 1268 2273 agi,
1319 2202 1523 2258 indicio
1570 2211 1675 2266 est,
1717 2203 1865 2273 quod

278 2293 526 2349 Thomas
554 2292 901 2357 Porcaccius,
940 2294 993 2348 in
1023 2308 1126 2349 suo
1159 2292 1231 2348 De
1260 2295 1452 2349 insulis
1478 2296 1667 2348 mundi
1694 2295 1867 2363 [anto-

277 2384 512 2438 sieribus
553 2381 742 2438 italico
774 2398 975 2452 opere,
1006 2394 1134 2439 ante
1167 2399 1344 2440 antms
1386 2383 1605 2439 circiter
1645 2394 1865 2438 centum

279 2475 519 2545 ptimum
551 2474 721 2540 edito,
750 2474 956 2530 scribat
988 2490 1110 2545 pag.
1145 2460 1249 2529 150
1279 2473 1538 2530 editionis
1568 2472 1866 2536 Patavintr,

281 2587 301 2619 ι
334 2583 399 2637 sp
434 2566 657 2621 luncam
706 2565 781 2620 ibi
832 2564 1043 2632 haberi,
1099 2565 1152 2620 in
1202 2581 1370 2636 quam
1421 2564 1478 2620 S.
1527 2563 1868 2635 Epiphanius

285 2657 624 2729 pmnitentiae
648 2670 814 2711 causa
840 2655 1035 2711 solitus
1079 2671 1201 2712 sese
1231 2654 1396 2710 fuerit
1416 2655 1664 2724 recipere
1698 2674 1711 2709 :
1744 2669 1869 2726 qute

281 2750 475 2805 eadem
508 2748 563 2803 in
591 2746 877 2818 pervigilio
905 2745 1028 2802 festi
1068 2746 1281 2802 stillare
1308 2746 1498 2817 incipit
1527 2761 1726 2817 aquam
1760 2747 1869 2802 cla-

280 2856 395 2894 ram
440 2839 857 2909 limpitlamque,
905 2853 1080 2908 neque
1123 2852 1187 2892 ca
1228 2837 1455 2893 stillatio
1494 2839 1656 2893 iinetn
1709 2837 1871 2892 habet

280 2939 408 2986 ante
443 2931 604 2985 linem
635 2930 741 2985 diei
776 2931 1059 3000 sequentis
1097 2949 1111 2985 :
1145 2931 1288 2985 hanc
1315 2941 1498 2986 autem
1528 2946 1730 3000 aquam
1763 2946 1871 2984 ma-

280 3040 388 3097 gna
417 3040 545 3080 cunt
598 3024 891 3079 devotione
934 3039 967 3079 a
1033 3025 1217 3079 multis
1258 3024 1461 3095 excipi,
1510 3023 1871 3095 adhiberique

281 3119 495 3173 utiliter
538 3118 606 3173 ad
648 3118 964 3173 morborum
1012 3116 1335 3172 curationes
1388 3116 1654 3173 divinitus
1700 3116 1872 3187 impe-

280 3214 512 3269 trandas
539 3220 639 3283 per'
662 3211 859 3267 merita
886 3210 1198 3284 Epipltanii.
1245 3232 1263 3265 ι
1291 3212 1406 3269 Sub
1431 3213 1592 3284 cujus
1627 3214 1870 3280 nomine,

289 3308 347 3362 in
377 3305 586 3361 boreali
627 3314 784 3376 parte
821 3305 1036 3372 insulae,
1073 3305 1215 3362 inter
1256 3305 1538 3363 Nicosiam
1569 3318 1623 3361 et
1664 3306 1877 3362 Cerau-

284 3398 437 3463 nias,
473 3395 748 3468 hodieque
784 3397 1016 3453 habetur
1046 3398 1202 3455 vicus
1243 3399 1406 3470 vulgo
1429 3396 1616 3454 Sancti
1644 3398 1880 3470 Piphani

282 3489 510 3556 dictos;
555 3503 667 3561 quo
706 3490 831 3547 loco
890 3489 1064 3547 fuisse
1100 3492 1385 3562 templum,
1433 3494 1486 3547 in
1529 3490 1748 3549 Nicaena
1794 3508 1883 3565 sy-

286 3583 439 3638 nodo
495 3584 868 3650 nominatum,
915 3584 1048 3638 mihi
1105 3586 1432 3655 persuadeo,
1481 3595 1705 3658 propter
1758 3588 1883 3656 eius

285 3679 666 3735 celebritatem
703 3680 835 3734 olim
866 3688 1075 3735 tantam
1114 3690 1176 3735 ut
1211 3681 1649 3750 promontorium
1683 3683 1750 3736 ad
1779 3680 1884 3738 Ce-

289 3770 541 3835 raunias,
569 3771 732 3842 vulgo
754 3770 969 3826 Cerines
1008 3784 1335 3835 excurrens,
1375 3785 1576 3825 nomen
1628 3771 1768 3827 idem
1806 3781 1883 3827 te-

290 3871 425 3916 neat
453 3861 507 3915 in
540 3860 816 3916 [mutat-io
858 3861 1138 3918 Benedicti
1177 3860 1441 3929 Bordoni,
1472 3874 1679 3918 excuso
1710 3860 1883 3917 Vene-

291 3954 386 4009 tiis
412 3970 562 4009 anno
592 3954 745 4011 1547.

372 4048 429 4103 5.
464 4050 641 4115 Atque
669 4047 799 4103 hinc
848 4048 1235 4105 verosimiliter
1264 4048 1537 4118 conjicere
1574 4050 1749 4119 possit
1780 4049 1881 4103 ali-

288 4144 444 4215 quis,
480 4143 565 4197 vel
593 4158 796 4213 corpus
826 4142 913 4198 vel
943 4148 1151 4213 partem
1194 4141 1491 4197 notabilem
1526 4141 1779 4210 corporis
1818 4156 1885 4197 co

292 4235 616 4291 translatam
674 4233 848 4291 fuisse
895 4234 1232 4305 aliquando,
1283 4234 1449 4304 idque
1512 4233 1883 4288 celebritatem

293 4329 420 4383 loco
444 4327 654 4383 dedisse
687 4334 780 4381 :et
822 4326 907 4381 vel
964 4325 1093 4380 hinc
1122 4326 1209 4381 vel
1249 4340 1316 4382 ex
1375 4323 1553 4380 ruinis
1592 4323 1888 4378 Salamina:

293 4420 639 4488 deportatum
671 4416 843 4472 fuisse
881 4414 1270 4480 Beneventum,
1300 4414 1764 4485 quemadmodum
1796 4429 1886 4470 asc

296 4512 439 4567 serit
466 4508 677 4567 larius
709 4511 777 4566 de
809 4511 1003 4582 Vipera
1034 4510 1103 4566 de
1133 4510 1343 4566 sanctis
1374 4506 1781 4565 B:neventanis
1813 4507 1881 4562 ad

1977 1926 2186 1981 tionum
2234 1924 2516 1982 variarum
2553 1938 2744 1984 comes
2786 1928 3102 1983 individuus
3142 1938 3319 1998 usque
3363 1926 3415 1981 In
3457 1920 3562 1998 Cy-

1976 2034 2134 2091 prum
2164 2020 2453 2092 scripserit
2489 2035 2552 2075 ea
2582 2028 2710 2091 quae
2743 2028 3002 2075 sanctutn
3038 2018 3247 2074 viderat
3270 2012 3563 2074 facientem

1981 2111 2264 2179 miracula,
2293 2121 2473 2182 usque
2500 2110 2553 2165 in
2577 2110 2727 2165 diem
2758 2123 2870 2180 quo
2896 2108 3066 2179 cmpit
3085 2117 3393 2164 extremum
3417 2109 3560 2180 ipsc-

1977 2211 2090 2258 met
2109 2212 2378 2273 aegrotare
2416 2216 2429 2253 :
2463 2200 2665 2256 deinde
2697 2199 3009 2272 Polybium,
3034 2200 3122 2256 cui
3159 2196 3301 2256 idem
3326 2197 3568 2258 Joaanes

1977 2295 2276 2350 moriturus
2298 2293 2641 2365 conscriptas
2668 2304 2698 2348 a
2733 2308 2793 2348 se
2833 2292 3059 2348 chartas
3089 2290 3399 2358 tradiderit,
3431 2306 3566 2363 prmo

1976 2387 2187 2458 cipiens
2214 2396 2276 2441 ut
2315 2400 2440 2458 quae
2484 2389 2965 2456 consequerentur
3004 2383 3292 2440 mandaret
3328 2385 3566 2453 litteris;

1978 2479 2416 2550 promittensque
2460 2477 2798 2549 adjiciendos
2849 2476 2900 2532 ei
2956 2488 3134 2533 annos
3177 2472 3327 2542 vltaa,
3359 2485 3421 2532 ut
3457 2484 3569 2533 toto

1978 2582 2225 2643 tempore
2254 2577 2600 2643 permaneret
2630 2569 2777 2642 apud
2812 2566 3184 2641 Epiphaniam
3218 2584 3231 2623 :
3271 2569 3365 2642 qui
3401 2565 3568 2625 etiam

1980 2661 2243 2736 Polybius
2310 2662 2435 2719 loco
2485 2661 2720 2719 Joannis
2780 2661 2852 2718 ab
2915 2660 3224 2733 Epiphanio
3287 2657 3569 2719 ordinatus

1979 2758 2283 2830 presbyter,
2327 2770 2586 2827 cumque,
2619 2765 2674 2811 et
2703 2753 2935 2811 Romam
2974 2763 3030 2810 et
3071 2752 3156 2810 bis
3186 2752 3565 2811 Constantino-

1979 2851 2147 2921 polim
2169 2859 2226 2906 et
2253 2850 2519 2905 aliorsum
2550 2849 2872 2916 comitatus,
2906 2856 3190 2903 mortuum
3226 2844 3497 2904 revexcrlt
3520 2848 3570 2902 in

1978 2947 2261 3017 Cyprum;
2292 2954 2347 2999 et
2382 2940 2513 3013 quia
2539 2952 2776 3014 carpere
2812 2941 2935 3014 ejus
2973 2936 3156 2997 adhuc
3204 2941 3479 3012 insepulto
3509 2954 3571 2996 ex

1982 3048 2240 3105 suprema
2291 3034 2413 3105 ejus
2463 3033 2748 3089 voluntate
2798 3030 3080 3103 profectus
3130 3030 3187 3086 in
3237 3025 3572 3085 Thebaidem

1985 3129 2059 3183 ibi
2085 3136 2313 3184 coactus
2353 3126 2526 3183 fuerit
2583 3127 2892 3183 subsistere
2943 3122 3122 3180 factus
3171 3118 3572 3180 Rhinocoruris

1983 3219 2297 3289 episcopus,
2332 3225 2458 3289 post
2478 3228 2684 3272 annum
2721 3228 2894 3272 unum
2932 3222 3029 3270 aut
3061 3215 3303 3286 amplius
3333 3215 3569 3283 scripse-

1984 3312 2057 3364 rit
2082 3310 2157 3377 ιιι
2190 3308 2480 3380 Epiphanii
2525 3320 2906 3364 successorem
2941 3305 3232 3373 Sabinum,
3275 3306 3345 3360 ab
3389 3316 3572 3375 coque

1983 3401 2201 3472 petierit
2224 3401 2292 3458 de
2323 3401 2488 3457 modo
2511 3410 2564 3456 et
2589 3408 2839 3471 tempore
2867 3400 3166 3471 sepultura:
3187 3397 3460 3469 praedicta:
3482 3411 3571 3469 per

1983 3493 2194 3549 litteras
2241 3490 2488 3549 instrui:
2522 3501 2687 3562 atque
2740 3492 2813 3546 ita
2861 3505 2989 3548 cum
3051 3485 3245 3551 Sabini
3301 3504 3572 3563 responso

1989 3586 2179 3642 finitur
2208 3600 2269 3642 ea
2305 3585 2448 3640 Vita.

2057 3677 2275 3733 Utinam
2316 3692 2381 3733 ea
2438 3678 2520 3733 sic
2561 3684 2620 3732 ut
2676 3676 3066 3748 praeferuntur,
3103 3677 3238 3734 Acta
3299 3682 3487 3735 eSsent
3518 3692 3576 3734 ac

1984 3771 2212 3841 scripta.
2243 3768 2360 3825 Non
2408 3769 2727 3825 doleremus
2758 3770 2813 3824 in
2863 3769 2955 3825 tali
3003 3766 3121 3824 Vita
3169 3768 3306 3824 nihil
3351 3769 3577 3826 omnino

1982 3878 2126 3929 esse,
2163 3863 2312 3934 quod
2347 3871 2467 3918 tttto
2514 3862 2665 3920 credi
2704 3861 2899 3933 possit,
2928 3862 3025 3919 Sed
3053 3862 3203 3920 omni
3240 3858 3347 3918 fide
3370 3858 3577 3933 dignis-

1986 3960 2124 4013 sima
2172 3960 2352 4015 forent
2405 3958 2644 4030 singula,
2693 3968 2872 4030 neque
2916 3956 3077 4012 facile
3113 3954 3331 4027 uspiam
3380 3960 3478 4011 aut
3515 3950 3579 4010 ab

1987 4051 2221 4121 ipsemet
2253 4050 2565 4122 Epiphanio
2596 4060 2693 4107 aut
2723 4062 2753 4106 a
2783 4060 3093 4107 coaevorum
3124 4056 3415 4104 auctorum
3444 4042 3578 4102 alio-

1991 4154 2113 4195 rum
2166 4142 2390 4212 scriptis
2437 4143 2823 4198 invenirentur
2853 4138 3191 4211 discrepare.
3246 4137 3405 4196 Nunc
3451 4148 3580 4195 vero

1991 4230 2249 4303 plurimis
2283 4231 2417 4286 Acta
2449 4244 2513 4286 ea
2544 4242 2669 4287 esse
2694 4230 2945 4287 conferta
2984 4229 3291 4285 mendaciis
3328 4227 3580 4299 judicare

1987 4333 2217 4394 cogetur
2250 4337 2376 4379 cum
2414 4321 2675 4386 Baronio,
2707 4324 2775 4378 ad
2803 4334 2894 4378 an.
2928 4321 3036 4377 572
3070 4332 3225 4375 num.
3264 4317 3391 4387 £08,
3431 4317 3578 4390 quis—

1991 4417 2115 4487 quis
2139 4430 2263 4472 eam
2290 4414 2590 4472 contulerit
2607 4427 2734 4472 cum
2761 4415 2900 4471 intra
2924 4411 3302 4486 proponendis
3329 4411 3582 4468 censuris

1993 4523 2089 4564 seu
2138 4508 2651 4576 observationibus;
2706 4515 2832 4564 nam
2871 4508 3069 4579 ipsam,
3095 4506 3207 4578 jam
3252 4504 3453 4576 saepius
3479 4501 3581 4558 La-

297 4605 453 4659 huuc
481 4603 647 4668 diem,
675 4602 865 4661 Otiit'io
898 4598 1101 4675 duplici
1131 4613 1416 4674 propterea
1443 4609 1717 4669 notatum,
1744 4601 1879 4657 alle-
1917 4630 1962 4687 Β
1995 4600 2131 4666 tine,
2162 4601 2333 4657 semel
2368 4601 2534 4656 etiam
2572 4600 2761 4657 Graece
2807 4608 3092 4665 excusant,
3128 4595 3413 4687 recudere,
3462 4598 3582 4652 tan-

295 4712 437 4765 gans
478 4714 499 4747 ι
524 4694 970 4769 Martyrologium
998 4711 1104 4753 ms.
1140 4696 1428 4768 antiquum
1461 4695 1518 4751 in
1549 4695 1880 4753 hiblimheca

297 4774 681 4843 Beneventana
714 4789 1011 4853 exsistcns,
1057 4788 1333 4860 signatum
1375 4805 1431 4844 n.
1476 4788 1582 4844 178
1619 4789 1726 4844 sub
1747 4803 1884 4858 pra.

295 4878 449 4934 dicta
475 4880 563 4934 die
592 4898 607 4935 :
639 4895 749 4951 quo
779 4896 910 4937 vero
963 4890 1208 4955 tempore
1244 4885 1470 4940 allatum
1521 4885 1594 4941 sit
1634 4900 1743 4939 non
1785 4885 1866 4940 ad~

298 4969 467 5037 verti,
516 4988 535 5020 ι
580 4970 923 5042 signiﬁcans.
971 4971 1137 5029 Plura
1193 4975 1263 5030 de
1303 4975 1660 5047 reliquiarum
1712 4985 1888 5030 tanta-

300 5078 427 5119 rum
462 5062 725 5133 qualitate
770 5072 827 5119 ct
875 5065 1230 5122 veneratione
1285 5067 1549 5123 hodierna
1603 5067 1888 5136 cupientes

299 5154 540 5221 discere,
568 5155 780 5213 litteras
824 5156 896 5212 ad
938 5157 1150 5230 collegii
1209 5158 1339 5216 istic
1388 5159 1564 5217 nostri
1615 5168 1886 5215 rectorem

298 5247 580 5313 dedimus,
624 5247 785 5319 cujus
834 5264 1200 5321 responsum,
1244 5252 1509 5308 hactenus
1549 5253 1755 5308 frustra
1794 5268 1887 5307 ex-

300 5349 638 5410 spectatum,
680 5343 727 5397 si
767 5342 1068 5413 aliquando
1099 5345 1457 5414 accipiamus,
1486 5346 1735 5401 notitiam
1760 5344 1886 5400 inde

306 5433 568 5490 haustam
609 5449 721 5489 non
763 5435 1135 5493 invidebimus
1174 5439 1267 5509 pio
1314 5439 1528 5495 lectori.
1559 5438 1783 5494 Interim
1824 5454 1890 5494 ex

301 5527 537 5595 epistola
592 5525 817 5583 Thomas
867 5528 938 5585 de
991 5528 1306 5587 Czecborod
1360 5532 1605 5603 episcopi
1659 5530 1893 5586 Saman‘

305 5608 546 5668 driensis
571 5612 934 5687 ejusdemque
958 5615 1253 5689 Pragensis
1280 5619 1494 5684 decani,
1540 5622 1608 5676 ad
1657 5632 1745 5677 me
1785 5622 1889 5677 sub

304 5703 471 5760 tinem
498 5706 786 5762 anni1677
820 5712 961 5764 datae
980 5726 1215 5782 suggero
1236 5729 1251 5779 ;
1272 5713 1417 5783 quod
1443 5731 1462 5764 σ
1488 5713 1685 5784 aliqua:
1708 5733 1725 5765 ι
1748 5714 1899 5784 ejus-

305 5796 432 5853 dem
489 5816 511 5852 ι
567 5798 628 5856 S.
698 5798 992 5873 Epiphanii
1037 5804 1292 5876 reliquae,
1342 5819 1452 5860 una
1498 5822 1622 5862 cum
1670 5808 1896 5865 brachio

308 5887 371 5949 S.
396 5888 620 5952 Thecla:
643 5903 700 5952 et
724 5897 898 5969 capite
932 5897 1095 5955 unius
1136 5914 1203 5953 ex
1250 5897 1639 5957 lnnocentibus
1676 5899 1889 5958 Bethlec

1993 4704 2109 4748 tum
2135 4702 2194 4748 ut
2214 4692 2516 4760 refellatur,
2541 4706 2723 4765 operte
2759 4693 2995 4763 pretium
3047 4704 3154 4747 non
3208 4694 3314 4747 est.
3357 4686 3581 4745 Tolera-

1995 4802 2120 4843 mus
2141 4786 2364 4857 quidem
2412 4784 2568 4841 Vitas
2617 4786 2673 4841 in
2713 4786 2818 4842 hoc
2854 4792 3022 4857 opere
3062 4784 3288 4850 multas,
3316 4783 3449 4840 dum
3478 4795 3580 4838 me-

1994 4881 2160 4936 liores
2203 4892 2313 4934 non
2362 4885 2680 4949 suppetunt,
2726 4878 2896 4934 nmis
2948 4873 3282 4947 quandoque
3325 4872 3583 4947 gravibus

1993 4988 2247 5043 aspersas
2283 4987 2557 5043 :quarum
2589 4980 2847 5027 auctores
2878 4970 3178 5036 credimus,
3214 4970 3357 5025 bona
3390 4972 3581 5039 quam-

1995 5067 2102 5127 vis.
2142 5064 2375 5121 nimium
2407 5074 2590 5119 tamen
2623 5062 2863 5133 simplici
2892 5061 3001 5118 fide
3032 5061 3326 5116 mandasse
3362 5059 3581 5125 litteris,

1994 5174 2118 5230 qua
2151 5158 2309 5229 plura
2338 5166 2463 5228 post
2493 5157 2693 5213 sarcula
2719 5157 2917 5226 partim
2947 5164 3015 5211 ex
3040 5152 3439 5210 VetustiOribtts
3461 5160 3582 5208 mos

1995 5251 2316 5317 numentis,
2380 5250 2581 5321 partim
2644 5260 2714 5304 ex
2779 5249 3130 5320 mpularium
3191 5244 3583 5302 traditionibus

1996 5344 2383 5413 compilarunt.
2410 5341 2518 5398 Sed
2545 5352 2643 5398 eas
2673 5341 2910 5412 amplius
2940 5339 3086 5395 ferre
3125 5348 3235 5394 non
3260 5346 3582 5410 possumus,

1996 5452 2121 5508 quas
2163 5437 2303 5491 mala
2347 5435 2458 5491 fide
2495 5435 2814 5491 nominibus
2834 5432 3029 5488 alienis
3070 5432 3395 5503 suppositae,
3430 5434 3584 5486 tanto

1997 5527 2230 5602 gravius
2258 5528 2543 5585 offendunt
2565 5527 2630 5583 ad
2655 5526 2767 5582 veri
2800 5522 3039 5596 falsique
3058 5523 3358 5581 discrirneu
3379 5524 3583 5580 exerci-
3651 5514 3655 5518 ’

1997 5633 2171 5679 latum
2213 5624 2494 5685 lectorem,
2519 5628 2733 5692 quanto
2781 5621 2998 5689 turpius
3042 5618 3336 5688 imponunt
3367 5615 3580 5686 simpli‘

1997 5718 2261 5774 cioribus.
2294 5713 2435 5771 Cum
2472 5715 2619 5770 enim
2658 5713 2765 5768 illis
2801 5720 3031 5767 eatenus
3070 5710 3159 5782 pia
3210 5712 3428 5778 aptetur
3471 5716 3582 5763 crc-

1999 5808 2224 5873 dulitss,
2253 5814 2526 5878 quatenus
2553 5805 2705 5861 nulla
2726 5805 2782 5860 in
2811 5803 3154 5860 contrarium
3178 5802 3359 5859 obstat
3387 5802 3578 5855 aucto-

2003 5901 2137 5957 ritas
2167 5900 2373 5957 certior
2395 5899 2478 5955 vcl
2513 5898 2656 5955 ratio
2690 5896 2976 5954 dubitandi
3010 5891 3380 5967 prtegnantior
3411 5905 3427 5947 :
3459 5887 3582 5947 istis
