4058 6432
543 378 644 428 119

1571 377 1626 432 S.
1665 376 2010 433 EPII’IIANH
2063 378 2243 435 ACTA
2285 381 2788 444 HOLLANDIANA.

3727 393 3837 449 I30

542 492 678 555 nihil
721 501 840 548 tuto
890 493 1158 557 creditur,
1203 494 1310 550 nisi
1346 494 1494 565 q-uod
1553 497 1776 554 aliunde
1844 500 2128 555 invenitur
2159 509 2199 563 Α
2234 505 2652 575 exprobrarent,
2687 522 2752 562 ac
2794 522 2981 562 secum
3026 509 3259 563 invicem
3298 509 3588 567 illudentes
3629 513 3711 567 ita
3752 516 3840 567 tn—

544 585 861 641 testimonio
909 588 1083 657 magis
1121 587 1321 641 idoneo
1364 587 1770 646 confirmatum.
1823 590 2010 663 Itaqtte
2058 594 2127 648 iis

546 695 666 745 qua:
686 679 799 733 disi
829 679 978 734 Actis
1019 679 1265 744 omissis,
1304 696 1367 735 ea
1401 681 1660 753 colligere
1693 686 1983 755 aggredior
2002 698 2125 756 qua:

548 770 662 839 ipse
690 771 758 826 de
806 786 865 827 se
904 786 1078 841 pauca
1114 772 1275 836 satis,
1310 773 1470 843 plura
1516 791 1640 845 qua:
1691 777 1782 831 alii
1832 777 2127 833 indubitati

546 862 840 932 scriptores
866 873 1181 933 suggerent.

1156 955 1389 1012 CAPUT
1432 958 1495 1013 II.

549 1043 698 1100 Casti
723 1044 1072 1130 adolescentis
1098 1049 1473 1130 manacltatus,
1495 1052 1618 1107 vita:
1638 1064 1770 1108 artas
1800 1063 1850 1107 et
1882 1054 2128 1126 quaedam

1017 1134 1071 1171 ιιι
1102 1132 1410 1190 episcopatu
1436 1132 1603 1192 gesta.

617 1227 671 1283 7.
726 1228 1015 1301 Epiphanii
1079 1234 1316 1302 patriam
1376 1235 1890 1308 institutionemque
1942 1242 2130 1296 adole-

547 1320 751 1376 scentis
787 1321 1128 1377 Sozomenus
1155 1326 1392 1395 explicat
1428 1326 1523 1382 lib.
1561 1345 1612 1383 \‘I
1646 1345 1766 1400 cap.
1797 1330 1887 1394 δὲ,
1929 1331 2021 1385 ubi
2064 1332 2133 1387 de

549 1414 838 1471 monachis
870 1413 1175 1472 Palaestinae
1211 1418 1466 1488 loquens,
1505 1438 1525 1471 ι
1560 1419 1638 1475 Ex
1679 1437 1893 1487 eorum,
1932 1423 2129 1495 inquit,

551 1520 781 1560 numero
808 1504 912 1559 fuit
942 1505 1269 1579 Hesychius,
1304 1508 1601 1567 Hilarionis
1631 1514 1870 1580 sodalis;
1914 1524 1971 1570 et
2003 1516 2132 1587 Epi-

551 1597 810 1664 phanius,
846 1598 941 1667 qui
973 1609 1161 1668 postea
1194 1599 1492 1658 Salaminis
1527 1603 1582 1657 in
1621 1603 1803 1676 Cypro
1838 1608 2132 1679 episcopus

553 1688 674 1742 fuit.
695 1686 762 1741 Et
792 1686 1098 1760 Hesychius
1128 1692 1347 1760 quidem
1387 1692 1443 1747 in
1489 1694 1681 1751 eodem
1717 1712 1829 1766 quo
1870 1701 2134 1771 magister

553 1782 670 1836 loco
702 1782 1122 1853 philosophatus
1159 1795 1275 1852 est;
1300 1784 1648 1856 Epiphanius
1687 1804 1816 1845 vero
1845 1790 2002 1861 juxta
2032 1791 2134 1845 Be-

555 1874 845 1931 sanducem
895 1875 1100 1941 vicum,
1142 1877 1195 1931 in
1261 1879 1541 1933 territorio
1589 1879 2135 1953 Eleutheropolitano

555 1964 737 2030 situm,
771 1979 840 2019 ex
868 1980 980 2035 quo
1031 1978 1187 2020 ortus
1235 1964 1432 2020 fuerat.
1478 1964 1583 2033 Qui
1630 1983 1756 2023 cum
1796 1964 1867 2024 ab
1910 1970 2136 2026 iueunte

552 2054 919 2114 adolescentia
953 2071 980 2110 a
1012 2055 1486 2126 prwstantissimis
1529 2058 1815 2113 monachis
1846 2060 2135 2116 institutus

552 2147 765 2213 fuisset,
793 2149 1025 2219 ejusque
1080 2150 1156 2204 rei
1205 2164 1373 2204 causa
1432 2150 1527 2204 diu
1591 2161 1838 2208 moratus
1881 2163 2027 2209 esset
2077 2155 2133 2208 in

552 2239 818 2311 .Egypto,
881 2241 933 2294 in
987 2241 1293 2297 monastica
1358 2242 1706 2312 philosophia
1738 2245 2136 2302 celeberrimus

549 2333 775 2387 exstitit.
819 2351 837 2384 ι
870 2331 950 2389 Ac
990 2333 1228 2402 primum
1259 2333 1480 2403 quidem
1525 2335 1944 2405 disciplinarum
1992 2339 2139 2395 litteo

550 2426 820 2479 iariarum
863 2440 1033 2480 causa
1077 2426 1301 2496 petitam
1347 2427 1417 2480 ab
1477 2443 1545 2482 co
1588 2427 1886 2499 Algyptum
1912 2469 1927 2494 ,
1971 2439 2137 2501 atque

548 2515 685 2570 adeo
717 2515 772 2570 in
806 2515 1024 2569 fortuna
1054 2516 1281 2569 minime
1310 2516 1459 2571 tenui
1494 2527 1708 2584 natum,
1744 2520 1876 2574 mihi
1907 2536 2137 2591 persua-

548 2614 642 2666 det
684 2610 821 2680 ipse,
855 2610 910 2664 in
964 2610 1107 2663 libro
1140 2608 1216 2663 De
1256 2609 1566 2674 Iucresibns,
1609 2611 1807 2668 haeresi
1834 2612 1906 2667 26
1938 2614 2030 2668 ubi
2068 2614 2138 2670 de

549 2698 829 2756 Gnosticis
868 2715 1059 2769 agens,
1104 2700 1324 2770 inquit:
1369 2719 1389 2752 ι
1438 2702 1507 2756 Et
1548 2718 1671 2767 nos,
1704 2703 2040 2773 charissimi,
2079 2707 2133 2762 in

550 2791 695 2860 hanc
731 2791 983 2846 lmresim
1013 2792 1328 2854 incidimus,
1352 2801 1407 2847 et
1434 2807 1502 2848 ex
1534 2793 1772 2864 ipsontet
1795 2812 2013 2861 eorum,
2037 2797 2133 2867 qui

550 2884 693 2938 hanc
745 2884 967 2953 proprie
1006 2892 1059 2938 et
1100 2898 1166 2937 ex
1202 2882 1457 2938 instituto
1504 2892 1762 2951 tractant,
1795 2902 1892 2942 ore
1924 2903 1990 2942 ac
2016 2904 2136 2942 ma-

550 2977 774 3049 gisterio
803 2976 1129 3041 didicimus;
1178 2996 1196 3029 ι
1240 2977 1430 3047 utique
1472 2977 1793 3047 priusquam
1828 2982 2136 3036 monachus

551 3079 725 3136 esset;
751 3079 805 3124 et
838 3085 963 3124 cum
1007 3070 1188 3124 adhuc
1235 3070 1342 3126 alia
1389 3072 1596 3137 omnia,
1640 3088 1876 3142 quorum
1926 3075 2136 3130 scilicet

551 3179 716 3218 causa
745 3162 797 3216 in
831 3160 1126 3234 [Egyptttm
1169 3172 1414 3228 venerat,
1453 3164 1635 3219 studia
1673 3172 1935 3219 tractaret
1970 3182 2134 3236 :quaa

551 3263 735 3311 autem
765 3256 870 3311 alia
903 3271 1066 3326 quam
1109 3256 1414 3310 litteraria?
1456 3273 1583 3312 cum
1633 3255 2023 3313 Gnosticorum
2068 3260 2137 3312 li-

556 3350 709 3415 bros,
741 3349 1065 3418 priusquam
1120 3349 1462 3418 perniciosos
1488 3365 1611 3405 esse
1639 3360 1849 3410 nosset,
1892 3352 2139 3406 studiose

551 3460 583 3496 ιι
627 3457 687 3496 se
719 3441 890 3496 lectos
924 3441 1181 3495 fateatur.
1228 3440 1334 3506 Qui
1386 3457 1517 3495 vero
1550 3441 1618 3495 ad
1666 3442 1770 3497 hoc
1800 3444 2137 3512 peregrinari

551 3529 767 3598 juvenis
798 3543 952 3589 extra
988 3535 1220 3603 patriam
1265 3534 1464 3603 potuit,
1500 3549 1847 3604 consequens
1875 3544 1960 3589 est
1992 3547 2050 3591 ut
2083 3538 2138 3591 in

556 3627 726 3694 patria
758 3627 1013 3682 credatur
1046 3626 1303 3682 habuisse
1351 3635 1607 3696 parentes
1675 3629 1811 3682 satis
1850 3630 2141 3697 npulentos

555 3718 622 3773 ad
653 3718 908 3774 alendum
944 3733 1170 3789 peregre
1211 3717 1381 3772 tilium
1403 3760 1418 3784 ,
1456 3720 1738 3789 probeque
1768 3720 2136 3788 Christianos,

556 3828 619 3865 ex
652 3826 889 3881 quorum
926 3810 1273 3866 institutione
1317 3825 1438 3865 eam
1484 3812 1655 3867 traxit
1692 3812 2036 3869 castimoniae
2064 3822 2142 3870 te-

557 3906 748 3960 nenda:
778 3904 1173 3971 constantiam,
1213 3920 1338 3975 quae
1376 3906 1555 3975 ipsum
1600 3907 1843 3962 servavit
1881 3908 2141 3978 impollu-

557 4007 672 4050 tum
713 3994 853 4050 inter
891 3994 1176 4050 illecebras
1215 4005 1271 4050 et
1317 3995 1513 4051 sordes
1558 3994 1969 4052 Gnosticorum.
2022 3997 2142 4068 Ipse

557 4086 836 4156 quomodo
866 4100 962 4141 eas
989 4087 1226 4143 evaserit
1249 4086 1383 4142 loco
1404 4087 1518 4157 jam
1547 4089 1717 4142 citato
1748 4088 1830 4144 sic
1868 4089 2138 4159 explicat:

625 4183 681 4236 8.
729 4199 747 4231 ι
787 4179 865 4234 Ad
898 4179 1273 4249 magisteriqu
1307 4179 1583 4236 haereseos
1628 4180 1775 4234 illitts
1810 4190 2144 4251 comparata:

557 4273 906 4342 deceptaque
938 4272 1221 4336 mulieres,
1262 4287 1372 4327 non
1404 4273 1584 4328 solum
1628 4273 1940 4330 istiusmodi
1980 4275 2143 4330 nobis

556 4379 844 4420 sermones
892 4364 1218 4435 injccerunt.
1250 4366 1345 4421 sed
1387 4366 1635 4437 insuper,
1689 4366 1959 4439 Egyptize
1996 4369 2144 4425 illius

559 4457 783 4525 perdita:
809 4472 873 4513 ac
904 4457 1259 4527 nequissimae
1299 4455 1518 4513 feminae
1550 4459 1747 4521 instar,
1781 4475 1905 4528 quie
1930 4476 2145 4531 coquo-

561 4564 682 4603 rum
708 4547 972 4618 principis
1001 4564 1139 4603 uxor
1171 4558 1313 4615 erat,
1344 4550 1609 4618 petulanti
1652 4566 1752 4606 nos
1789 4562 1988 4607 conatu
2020 4568 2143 4624 per—
2176 4578 2220 4634 ι)

560 4641 800 4707 trahere,
846 4647 961 4694 tum
1010 4657 1133 4719 eum
1183 4640 1395 4695 ﬂorenti
1447 4642 1628 4696 adhuc
1672 4651 1832 4696 aetate
1871 4658 2145 4710 essemus,

558 4749 831 4805 aggressre
858 4743 1005 4788 sunt.
1042 4732 1244 4789 Verum
1283 4735 1329 4790 is
1372 4734 1467 4803 qui
1513 4735 1867 4789 sanctissime
1906 4734 2148 4805 .Iosepho

559 4840 676 4884 tum
722 4827 915 4892 astitit,
955 4828 1116 4883 nobis
1162 4844 1384 4899 quoque
1435 4838 1632 4897 praesto
1691 4827 1827 4893 fuit;
1877 4838 1934 4882 et
2001 4830 2148 4885 hunc

559 4925 764 4995 ipsum,
800 4922 894 4992 qui
938 4922 1091 4977 illum
1129 4938 1196 4976 co
1240 4923 1294 4976 in
1335 4921 1579 4992 periculo
1626 4921 1899 4988 liberavit,
1944 4909 2146 4994 impio-

560 5027 770 5082 rantes,
819 5015 947 5071 licet
1001 5014 1209 5084 indigni
1268 5030 1334 5069 ac
1391 5023 1546 5070 tanto
1596 5014 1864 5072 beneﬁcio
1908 5018 2149 5086 impares

560 5126 835 5174 essemus,
864 5108 1116 5179 ejusdem
1162 5106 1494 5178 benignitate
1523 5122 1592 5162 ac
1617 5107 1996 5163 misericordia
2024 5122 2150 5178 per—

564 5201 803 5256 niciosas
837 5200 1056 5255 illarum
1089 5214 1286 5254 manus
1318 5197 1637 5269 eﬂ‘ugimus,
1683 5214 1750 5254 ac
1795 5199 2149 5255 sanctissimo

567 5288 678 5342 Deo
707 5291 1125 5359 gratulatoriunt
1163 5304 1385 5345 carmen
1428 5289 1751 5354 cecinimus,
1784 5300 1843 5345 ut
1888 5291 1938 5346 id
1982 5306 2148 5345 usur-

566 5398 697 5451 pare
736 5385 932 5438 merito
960 5399 1280 5453 possemus:
1323 5383 1613 5439 Cantemus
1646 5382 1891 5446 Domino,
1925 5384 2151 5454 gloriose

566 5460 707 5527 enim
746 5476 1120 5544 magniﬁratus
1157 5486 1257 5535 est,
1298 5493 1487 5545 equum
1517 5484 1569 5530 et
1600 5492 1932 5530 ascensorem
1962 5475 2152 5544 dejecit

568 5569 623 5618 in
677 5581 823 5617 mare
879 5565 1094 5632 (Exod.
1129 5584 1206 5630 χι,
1251 5568 1325 5637 I).
1379 5567 1568 5638 Neque
1609 5569 1755 5623 enim
1802 5566 2057 5622 similiter
2096 5575 2156 5623 ut

571 5655 660 5709 ille
689 5655 1002 5724 patriarcha
1022 5657 1070 5710 vi
1088 5657 1325 5725 quadam
1353 5660 1575 5715 virtutis
1594 5675 1659 5713 ac
1681 5660 1907 5728 justitize
1933 5672 2153 5717 nostra}.

571 5746 665 5801 aed
705 5744 833 5798 fuso
856 5746 920 5799 ad
964 5746 1134 5803 Deum
1171 5750 1375 5817 gemitu
1415 5753 1536 5821 ejus
1582 5767 1774 5807 smnus
1806 5752 2157 5807 miseratione

571 5835 796 5894 servati.
834 5834 965 5894 Cum
996 5840 1160 5895 etiam
1189 5840 1321 5897 mihi
1357 5853 1536 5907 pest-:s
1574 5846 1681 5901 illu'
1716 5861 1809 5904 uer
1856 5845 2152 5902 ludibrium

2230 607 2532 668 querentur
2566 618 2579 653 :
2620 598 2775 655 Ilunc
2802 603 3059 669 juvenem
3094 616 3316 654 scrvare
3358 617 3467 654 non
3510 603 3838 672 potuimus.

2231 689 2322 744 sed
2365 691 2418 744 iu
2454 691 2708 748 manibus
2747 693 3011 761 principis
3043 693 3221 763 perire
3263 694 3513 759 sivimus.
3532 692 3680 749 Nam
3709 713 3844 766 qua:

2232 779 2405 836 forma
2448 782 2588 837 inter
2617 783 2738 838 illas
2772 784 3083 838 liberaliora
3116 795 3197 839 est
3223 824 3237 847 ,
3281 788 3633 855 semetipsam
3682 790 3845 843 velut

2230 890 2408 929 escam
2449 885 2612 945 atque
2641 876 2955 931 illeCebram
2987 877 3201 946 objicit,
3230 886 3290 932 ut
3316 894 3456 947 quos
3486 879 3538 933 in
3567 879 3838 937 fraudem

2233 965 2351 1035 ipsa
2384 966 2688 1035 pellexerit,
2734 981 2841 1020 non
2868 982 2965 1022 eos
3002 966 3297 1038 proﬂigare
3343 986 3408 1023 ac
3452 971 3713 1040 perdere,
3737 971 3837 1027 srd

2229 1058 2443 1127 eripere
2476 1058 2758 1112 dicatur...
2792 1059 2859 1113 Et
2884 1069 3043 1114 erant
3079 1075 3231 1126 sane,
3262 1077 3383 1132 quae
3428 1070 3543 1117 tum
3580 1065 3678 1118 his
3708 1080 3837 1118 ver-

2233 1145 2428 1200 borum
2457 1146 2852 1203 blandimentis
2890 1165 2955 1202 ae
2995 1150 3288 1206 lenociniis
3331 1153 3659 1219 utebantur,
3710 1171 3840 1211 cor-

2234 1239 2409 1305 poris,
2467 1255 2582 1309 quo
2634 1240 2700 1295 sd
2744 1242 3085 1309 peccandum
3144 1243 3538 1311 abutebantur,
3590 1256 3839 1301 venusta

2232 1344 2357 1383 cum
2383 1330 2577 1399 prlmis
2602 1331 2815 1400 specie;
2843 1330 2937 1385 sed
2965 1331 3281 1387 misericors
3325 1332 3468 1388 Deus
3494 1335 3563 1388 ah
3596 1334 3837 1391 illarum

2232 1419 2581 1491 improbitate
2620 1436 2723 1475 nos
2764 1422 2986 1492 eripuit,
3043 1424 3181 1477 adeo
3233 1433 3294 1478 ut
3337 1426 3660 1494 (postquam
3711 1425 3879 1479 illo»

2234 1526 2355 1566 rum
2389 1512 2561 1568 libros
2591 1515 2921 1584 perlegimus
2955 1524 3009 1568 et
3039 1516 3105 1570 ad
3143 1517 3393 1571 veritatis
3441 1517 3837 1588 cognitionem

2233 1602 2479 1657 animum
2506 1603 2948 1672 adjecimus,nec
2962 1605 3179 1662 abducti
3206 1608 3288 1661 vel
3305 1623 3498 1662 earum
3547 1609 3841 1665 illecebris

2233 1695 2375 1765 capti
2401 1710 2615 1763 sumus;
2650 1697 2742 1751 sed
2774 1696 3067 1766 effugimus
3088 1698 3328 1770 tandem)
3361 1714 3485 1753 mox
3510 1696 3576 1754 ad
3607 1701 3840 1771 episco-

2238 1801 2355 1857 pos,
2387 1786 2479 1856 qtti
2504 1788 2557 1840 in
2585 1788 2679 1841 illo
2720 1788 2843 1843 loco
2878 1798 3055 1852 erant,
3087 1789 3303 1845 deferre
3338 1792 3751 1857 studuerimus,
3785 1802 3843 1847 et

2238 1892 2431 1932 eorum
2456 1877 2721 1934 hactenus
2745 1879 2926 1949 ignota
2952 1881 3259 1935 nomina‘in
3286 1880 3531 1937 Ecclesia
3550 1883 3838 1954 detegere.

2238 1965 2316 2023 Ex
2335 1984 2447 2039 quo
2473 1968 2677 2023 factum
2707 1979 2814 2034 est,
2843 1981 2902 2025 ut
2922 1972 3206 2042 octaginta
3233 1973 3345 2027 fere
3369 1974 3547 2043 capita
3572 1975 3840 2029 exsulare

2229 2061 2383 2131 jussa
2417 2077 2447 2116 a
2474 2061 2606 2116 lolio
2635 2062 2924 2133 spinisque
2943 2063 3061 2118 suis
3093 2072 3443 2135 repurgatam
3474 2066 3674 2120 urbem
3709 2065 3840 2121 reli-

2235 2153 2474 2225 querint.
2519 2172 2538 2204 ι

2307 2245 2362 2302 9.
2405 2247 2679 2302 Caeterum
2710 2248 3006 2317 spurcitias
3028 2248 3179 2303 illius
3209 2249 3484 2305 haereseos
3513 2249 3765 2304 lectione
3781 2257 3835 2303 et

2237 2352 2515 2403 sermone,
2534 2354 2640 2392 non
2673 2348 2853 2393 autem
2882 2347 2937 2391 et
2955 2354 3058 2393 usu
3081 2339 3353 2408 cognitas,
3376 2340 3577 2393 iterum
3600 2338 3838 2392 iterum-

2236 2447 2343 2500 que
2369 2440 2600 2485 testatur
2632 2429 2970 2500 Epiphanius
2994 2431 3065 2484 ita
3098 2446 3436 2501 prosequens
3473 2449 3487 2485 :
3517 2448 3536 2483 ι
3569 2430 3835 2485 Ostendi-

2240 2536 2364 2575 mus
2399 2537 2563 2576 unam
2593 2522 2740 2576 illam
2761 2539 2827 2577 ex
2861 2523 2930 2577 iis
2962 2522 3261 2577 Iltl‘l‘CSIbuS
3282 2536 3422 2588 esse,
3450 2522 3518 2577 de
3547 2537 3663 2591 qua
3694 2521 3831 2576 certi

2236 2612 2623 2683 exploratique
2668 2613 2872 2683 aliquid
2908 2613 3102 2668 afferre
3145 2626 3471 2683 possemus;
3509 2628 3620 2667 non
3663 2628 3733 2668 ex
3763 2628 3831 2667 eo

2236 2705 2381 2773 quod
2408 2704 2742 2774 gesserimus
2766 2706 2866 2775 ipsi
2888 2706 3119 2777 (avertat
3140 2706 3244 2761 hoc
3265 2722 3293 2759 a
3312 2705 3471 2760 nobis
3489 2703 3636 2759 Deus
3653 2705 3715 2773 ἱ).
3740 2703 3832 2759 sed

2237 2810 2307 2850 ex
2332 2810 2399 2850 eo
2422 2797 2568 2865 quod
2599 2797 2669 2852 ab
2692 2798 2759 2851 iis
2784 2808 3039 2853 accurate
3067 2798 3386 2863 didicimus,
3419 2797 3512 2868 qui
3555 2798 3711 2851 illam
3740 2812 3833 2850 no-

2239 2884 2325 2942 bis
2352 2887 2684 2956 persuadere
2717 2886 2921 2942 frustra
2963 2889 3275 2951 voluerunt,
3311 2897 3367 2942 et
3405 2897 3737 2958 conceptam
3766 2888 3835 2940 de

2237 2989 2428 3032 nOStro
2452 2978 2622 3033 exitio
2653 2992 2803 3048 spem
2845 2981 3063 3048 penitus
3119 2979 3484 3049 abjeceruut;
3536 2995 3670 3034 eum
3707 2977 3835 3032 insi-

2237 3068 2342 3122 dia:
2368 3083 2562 3124 omnes
2606 3084 2671 3124 ac
2721 3069 2966 3134 fraudes,
3020 3087 3161 3140 quas
3215 3073 3282 3125 ad
3348 3071 3587 3126 infelicis
3637 3072 3831 3126 animae

2242 3175 2447 3216 nostra:
2486 3163 2782 3231 perniciem
2815 3171 2924 3217 tam
2950 3164 3053 3232 ipsi
3086 3153 3376 3234 quam'qui
3407 3163 3461 3218 in
3509 3164 3654 3234 ipsis
3694 3165 3833 3217 inest

2241 3253 2495 3310 diabolus
2552 3256 2848 3310 machinati
2900 3256 3148 3321 fuerant,
3202 3257 3371 3311 irritae
3420 3267 3586 3327 atque
3638 3257 3830 3312 inanes

2240 3349 2612 3413 exstitissent;
2656 3358 2714 3403 ut
2758 3351 2860 3405 hoc
2890 3366 2919 3404 a
2954 3350 3158 3405 Davide
3193 3351 3399 3405 dictum
3448 3349 3831 3405 accommoda-

2242 3441 2455 3496 tissime
2506 3456 2777 3511 usurpare
2825 3443 3140 3512 possimus,
3192 3442 3420 3514 Sagitta:
3479 3442 3827 3513 parvulorum

2224 3522 2404 3603 ‘fncta:
2434 3544 2556 3586 sunt
2589 3534 2760 3604 plaga:
2796 3551 2982 3588 eorum
3012 3533 3191 3604 (Psal.
3234 3550 3391 3601 LXIII,
3428 3534 3505 3605 8),
3543 3544 3691 3601 etc.;
3718 3545 3826 3588 tum

2243 3624 2397 3687 illud,
2436 3623 2783 3679 Cancer-tatur
2814 3625 2969 3679 labor
3004 3642 3184 3679 eorum
3212 3627 3266 3680 in
3296 3637 3456 3695 caput
3486 3627 3748 3694 ipsorum,
3780 3630 3827 3676 et

2243 3718 2497 3787 iniquitas
2521 3734 2704 3772 eorum
2728 3719 2785 3771 in
2807 3719 3055 3772 verticem
3085 3718 3322 3787 ipsorum
3350 3716 3628 3771 descendet
3654 3713 3827 3787 (Psal.

2240 3825 2341 3875 \‘u,
2374 3809 2483 3881 I7).
2511 3809 2680 3879 Igitur
2709 3809 3178 3879 quemadmodum
3207 3808 3289 3864 sic
3319 3824 3422 3863 nos
3459 3809 3513 3862 in
3545 3807 3703 3863 illum
3744 3820 3827 3860 er-

2245 3918 2425 3959 rorem
2476 3902 2837 3966 incurrimus,
2891 3909 2954 3955 ut
2999 3901 3148 3955 illius
3194 3915 3393 3954 noxam
3434 3899 3825 3970 ell'ugeremus;

2246 4011 2489 4065 eumque
2541 3994 2777 4049 simulac
2829 3992 3064 4063 legimus
3107 3992 3452 4059 damnantes,
3489 3992 3631 4047 salvi
3671 4002 3825 4058 atque

2247 4089 2552 4143 incolumes
2583 4085 2957 4156 praetergressi
2999 4100 3194 4140 sumus
3222 4103 3236 4140 :
3269 4084 3343 4139 ita
3385 4094 3456 4151 te,
3489 4084 3744 4155 quisquis
3768 4094 3824 4135 es

2244 4181 2340 4251 qui
2376 4181 2479 4234 ista
2509 4178 2665 4248 legis,
2700 4179 3009 4242 hortamur,
3047 4185 3108 4230 ut
3147 4176 3286 4231 lecta
3327 4177 3536 4247 pariter
3575 4192 3643 4231 ae
3680 4175 3826 4229 dam-

2248 4280 2374 4326 nata
2423 4270 2721 4335 transilias,
2779 4285 2848 4323 ne
2899 4270 2955 4323 in
3009 4279 3324 4339 serpentum
3373 4268 3647 4339 ejusmodi
3690 4265 3826 4320 velut

2249 4363 2618 4433 improbitatis
2651 4362 2928 4433 quoddam
2962 4362 3118 4416 virus
3150 4362 3393 4428 incidas;
3429 4377 3493 4416 ac
3531 4361 3577 4416 si
3612 4355 3824 4431 quando

2249 4457 2479 4514 forsitan
2510 4473 2575 4512 ex
2604 4457 2706 4511 hac
2741 4465 3055 4525 serpentum
3100 4455 3288 4511 schola
3328 4455 3644 4526 quempiam
3668 4452 3825 4508 olI‘en-

2249 4551 2420 4616 deris,
2469 4550 2653 4605 subito
2702 4549 2907 4619 lignum
2952 4550 3107 4615 illud,
3149 4550 3298 4620 quod
3345 4551 3507 4605 nobis
3538 4565 3568 4604 a
3602 4546 3823 4604 Domino

2249 4653 2627 4715 comparatum
2657 4651 2744 4697 est
2762 4651 2818 4696 et
2844 4643 2897 4696 in
2917 4658 3031 4712 quo
3050 4641 3306 4697 Christus
3339 4641 3533 4696 aﬂixus
3560 4649 3667 4703 est,
3696 4634 3823 4691 arri-

2250 4736 2389 4807 pias.
2430 4757 2450 4788 »
2485 4734 2763 4790 Hactenus
2787 4732 3152 4804 Epiphanius,
3183 4749 3247 4789 ex
3281 4734 3485 4804 quibus
3515 4733 3651 4788 satis
3681 4742 3823 4784 veroo

2250 4830 2428 4886 simile
2460 4828 2610 4883 reddi
2635 4838 2914 4897 putamus,
2941 4826 3088 4897 quod
3137 4827 3294 4881 initio
3341 4827 3476 4891 dixi,
3517 4841 3665 4891 eum,
3707 4833 3819 4877 cum

2251 4924 2305 4978 in
2372 4921 2675 4992 periculum
2735 4921 2881 4975 istud
2932 4919 3147 4985 incidit,
3205 4918 3585 4974 Christianum
3642 4916 3818 4975 fuisse,

2251 5027 2399 5073 caste
2426 5032 2491 5070 ac
2515 5015 2707 5085 pudice
2731 5033 2760 5069 a
2795 5014 3129 5070 Christianis
3154 5013 3469 5084 parentibus
3495 5012 3816 5067 educatum:

2251 5120 2476 5180 apparet
2496 5110 2662 5164 etiam
2695 5110 2928 5164 necdum
2960 5107 3163 5163 sceculo
3191 5106 3561 5171 renuntiasse,
3595 5104 3662 5159 de
3714 5110 3814 5168 quo

2253 5202 2415 5256 talem
2446 5216 2598 5265 spem
2632 5200 2736 5255 sibi
2781 5201 3055 5254 linxcrant
3102 5198 3385 5263 Guostici;
3433 5205 3625 5252 contra
3667 5201 3814 5264 quam

2252 5310 2379 5349 cum
2426 5293 2586 5347 nobis
2641 5291 3018 5347 cdmmentitia
3076 5290 3209 5345 Acta
3259 5297 3673 5359 rcprresentant,
3717 5279 3817 5335 Ju-

2254 5387 2431 5442 dteum
2467 5401 2532 5439 ex
2561 5383 2787 5445 Judzcis,
2814 5382 2991 5453 iisque
3032 5382 3332 5436 rusticanis
3377 5390 3433 5434 et
3481 5374 3811 5449 pauperibus,

2254 5487 2310 5531 et
2340 5472 2502 5547 'prius
2535 5477 2588 5529 in
2621 5476 2798 5545 patria
2835 5490 2935 5529 sua
2972 5472 3332 5538 monachum,
3372 5485 3536 5541 quam
3580 5468 3702 5524 inde
3733 5474 3815 5531 pe'

2256 5567 2377 5623 dem
2406 5568 2641 5621 ellerrct.

2331 5659 2417 5713 It).
2452 5657 2653 5712 Eadem
2693 5667 2971 5722 asserunt,
3011 5657 3190 5726 ipsum
3233 5656 3375 5708 inter
3425 5643 3812 5706 valedicean

2260 5753 2662 5821 interrogatum
2693 5751 2762 5804 ab
2794 5750 3126 5819 imperatore
3167 5746 3403 5800 Arcadio
3444 5764 3463 5796 ι
3497 5753 3630 5813 quot
3660 5741 3811 5794 anni”

2263 5854 2404 5901 esset
2440 5852 2623 5904 tratus,
2660 5840 3032 5907 respondisse,
3069 5848 3287 5894 centum
3321 5846 3370 5892 cl
3407 5832 3732 5905 quindecim.
3764 5826 3809 5875 cl
