4058 6436
291 409 378 465 ιξι
1313 406 1371 462 S.
1406 406 1752 462 EPIPHANII
1793 406 1977 461 AC'IA
2017 408 2527 462 BOLLANDIANA.

3460 413 3564 463 13.2

290 535 397 579 tres
445 536 687 578 menses.
744 540 764 573 ι
816 520 908 576 Sic
950 528 1130 576 autem
1164 520 1370 576 dixisse
1403 540 1417 576 :
1452 539 1472 572 ι
1513 521 1613 576 Fui
1657 522 1873 591 episco-
1900 523 1943 578 A
1972 521 2163 589 liaris;
2195 522 2340 593 quod
2370 536 2544 592 usque
2580 522 2691 585 ille,
2720 522 2903 576 nimia:
2930 537 3047 577 sua:
3080 521 3415 578 celebritatis
3435 538 3560 593 per-

291 632 410 687 pus,
448 630 575 671 cum
622 630 806 670 essem
852 629 1028 668 annos
1053 613 1330 684 sexaginta
1376 626 1577 681 natus;
1635 615 1707 669 fui
1751 629 1880 667 vero

291 709 342 762 in
384 708 706 777 episcopatu
741 706 1138 776 quinquaginta
1177 706 1422 777 quinque
1466 722 1641 762 annos
1682 716 1736 761 et
1768 716 1879 762 tres

288 814 529 854 menses.
583 819 601 849 ι
649 798 757 853 Sed
805 798 860 851 in
908 814 1178 854 annorum
1221 814 1452 853 numero
1506 800 1699 854 vitium
1750 815 1879 856 esse

286 892 508 963 aliquod
552 907 713 946 nemo
746 892 1097 952 dubitaverit.
1147 893 1323 960 primo
1356 892 1485 962 quia
1508 891 1877 963 Hieronymus

286 998 435 1036 anno
468 981 578 1037 592
631 981 698 1035 de
738 981 1045 1050 Epiphanio
1084 982 1353 1047 scribens,
1408 983 1459 1037 id
1506 993 1609 1047 est,
1663 984 1876 1038 decimo

285 1081 414 1128 ante
444 1073 570 1141 ejus
601 1082 833 1126 martem
864 1088 1029 1136 anno,
1061 1076 1257 1128 asserit
1300 1093 1320 1124 ι
1356 1075 1410 1128 in
1442 1083 1688 1130 extrema
1715 1085 1876 1131 tctate

285 1166 438 1220 varia
485 1166 669 1219 adhuc
704 1166 901 1220 cudere
937 1166 1235 1234 opuscula;
1287 1186 1306 1218 ι
1353 1167 1499 1237 quod
1535 1183 1699 1222 nemo
1750 1180 1875 1237 apte

286 1258 621 1313 intellexerit
656 1258 722 1313 de
772 1257 994 1313 homine
1040 1269 1259 1314 centum
1308 1270 1365 1315 et
1412 1260 1655 1331 quinque
1700 1276 1873 1317 annos

286 1348 731 1404 nato..Secundo
759 1350 888 1420 quia
919 1366 1185 1406 annorum
1219 1364 1438 1408 centum
1471 1363 1525 1408 et
1552 1355 1869 1425 quindecim

284 1454 496 1505 senem,
532 1457 694 1495 nemo
724 1442 908 1498 credet
947 1443 1066 1514 ejus
1102 1443 1274 1500 fuisse
1316 1446 1543 1515 vigoris,
1594 1456 1654 1503 ut
1703 1447 1753 1501 ei
1803 1446 1872 1500 li-

285 1535 470 1591 buerit
499 1534 1035 1604 Constantinopolim
1076 1536 1355 1607 navigare.
1406 1536 1593 1593 Tertio
1638 1539 1766 1608 quia
1814 1538 1870 1593 in

280 1627 534 1699 Dialugn,
568 1626 661 1696 qui
690 1628 756 1680 de
784 1624 907 1680 Vita
933 1625 992 1681 S.
1012 1625 1245 1684 Joannis
1286 1628 1670 1701 Chrysostomi
1690 1641 1872 1687 exstat

282 1721 388 1776 sub
415 1720 640 1774 nomine
662 1718 906 1782 Palladii,
931 1720 1087 1787 quasi
1118 1735 1186 1774 ex
1209 1735 1467 1776 sermone
1489 1723 1677 1778 habito
1710 1726 1870 1781 Sozi-

284 1812 358 1867 mi
396 1811 564 1880 Papa:
597 1819 863 1880 tempore,
903 1810 956 1865 id
991 1821 1078 1867 est
1119 1828 1266 1866 anno
1312 1813 1438 1881 418,
1498 1817 1640 1871 inter
1689 1817 1868 1874 Palla-

1985 618 2169 677 taesus,
2208 612 2352 668 circa
2385 628 2588 667 annum
2637 613 2741 667 560
2782 611 3028 682 profugit
3061 613 3115 666 in
3146 613 3465 684 Egyptum,
3498 630 3562 670 ac.

1978 703 2218 774 denique
2254 705 2309 759 in
2341 704 2581 776 Cyprum
2623 721 2713 759 an.
2764 705 2872 759 564
2917 705 3008 759 ubi
3051 720 3177 759 cum
3217 707 3353 761 mori
3378 708 3560 762 conti-

1977 798 2144 866 gisset
2188 796 2485 852 Salaminis
2528 798 2873 866 episcopum,
2915 798 3057 852 haud
3102 798 3344 852 mirabor
3395 800 3441 854 si
3492 816 3560 854 ex

1981 887 2282 945 Hilarionis
2330 889 2566 944 consilio
2622 890 2933 959 postulatus
2977 906 3008 945 e
3053 889 3344 945 Palaestina
3398 890 3562 945 fuerit

1977 979 2321 1051 Epiphanius
2349 999 2362 1035 :
2390 982 2483 1052 qui
2516 983 2780 1038 libentius
2809 997 2951 1037 onus
2979 983 3121 1038 istud
3144 985 3452 1051 admiserit,
3493 1001 3561 1037 ne

1974 1075 2304 1128 Arianorum
2361 1084 2708 1145 grassantem
2766 1076 2872 1130 sub
2934 1075 3161 1131 Valente
3212 1078 3557 1148 tyrannidem

1975 1175 2225 1232 Spectare
2254 1177 2310 1221 et
2359 1167 2635 1222 sustinere
2682 1176 2989 1237 cogeretur,
3032 1178 3087 1224 et
3138 1170 3267 1238 quia
3318 1156 3557 1225 veterem

1977 1257 2282 1326 Spiritualis
2333 1257 2461 1313 vita:
2511 1257 2839 1327 magistrum
2896 1269 2988 1314 aut
3035 1261 3245 1315 socium
3288 1261 3363 1315 ibi
3414 1270 3559 1317 esset

1974 1357 2310 1417 reperturus,
2343 1357 2399 1402 et
2426 1362 2494 1401 eo
2515 1350 2693 1417 quoad
2719 1348 2923 1402 viveret
2950 1348 3242 1404 fruiturus.
3282 1348 3432 1404 Vixit
3459 1367 3559 1406 au-

1975 1448 2080 1494 tem
2107 1438 2350 1494 Hilarion
2402 1455 2575 1509 usque
2621 1440 2689 1493 ad
2740 1455 2949 1494 annum
2994 1441 3172 1496 :elatis
3213 1440 3305 1505 80,
3352 1442 3556 1497 Christi

1972 1530 2099 1595 572,
2130 1531 2351 1601 quando
2381 1549 2400 1582 ι
2433 1531 2500 1585 de
2521 1531 2641 1599 ejus
2669 1531 2923 1587 laudibus
2959 1531 3174 1587 brevem
3209 1534 3497 1602 epistolam
3533 1514 3577 1584 ι’

1973 1622 2116 1677 idem
2150 1623 2485 1693 Epiphanius
2507 1642 2525 1675 ι
2552 1623 2796 1693 scripsit,
2824 1643 2843 1675 ι
2867 1625 3081 1680 sicutin
3113 1623 3234 1678 Vita
3260 1624 3556 1680 llilarioni:

1971 1723 2203 1770 testatur
2245 1714 2302 1770 8.
2353 1714 2719 1788 Hieronymus
2749 1735 2763 1770 :
2795 1732 2861 1771 ex
2903 1718 3064 1786 cujus
3111 1719 3277 1773 etiam
3324 1719 3556 1789 epistola

1972 1806 2061 1870 6i,
2091 1807 2160 1860 ad
2191 1806 2602 1862 Pammachium
2636 1808 2928 1874 discimus,
2958 1810 3105 1880 quod
3134 1826 3203 1865 eo
3246 1830 3264 1863 ι
3314 1821 3559 1877 tempore

280 1904 437 1957 dium
512 1901 1018 1970 Helenopolitanum
1092 1903 1411 1974 episcopum
1482 1905 1867 1979 Clnysostomi
1905 1892 1943 1945 Β
1972 1917 2084 1971 (ιυο
2114 1909 2289 1955 ιοιιιιη
2320 1900 2625 1968 Orientem.
2660 1914 2889 1971 excepto
2936 1919 3073 1974 papa
3128 1904 3428 1960 Athanasio
3469 1917 3557 1960 al-

280 1997 613 2065 discipulum
641 2005 694 2050 et
715 1995 1064 2051 Theodorum
1101 1995 1364 2051 Romana:
1401 1998 1656 2055 Ecclesia:
1687 2001 1872 2058 diaco-

280 2105 441 2154 num,
470 2089 696 2155 dicitur,
726 2087 871 2158 quod
905 2088 1242 2158 Epiphanius
1265 2109 1284 2140 ‹
1317 2091 1537 2162 triginta
1564 2109 1656 2147 sex
1695 2110 1869 2167 annos

279 2178 545 2234 Ecclesia:
595 2178 834 2248 praefuit.
887 2180 989 2233 sub
1029 2179 1261 2235 Damaso
1304 2191 1359 2237 et
1400 2182 1632 2252 Syricio,
1679 2203 1698 2236 ι
1731 2201 1870 2255 quo-

276 2287 400 2325 rum
438 2272 592 2341 prior
619 2287 765 2325 anno
797 2271 906 2325 558
935 2272 1121 2341 etrapit.
1171 2274 1308 2328 alter
1358 2289 1504 2329 anno
1546 2275 1652 2330 598
1684 2278 1864 2335 desiit.

274 2361 582 2418 Numerum
612 2371 794 2416 autem
833 2378 1104 2417 annorum
1147 2363 1217 2417 55
1268 2364 1478 2435 integre
1515 2367 1861 2436 expleturum

274 2472 400 2510 cum
435 2455 595 2509 initio
632 2455 758 2509 anni
789 2454 858 2509 56
887 2455 953 2525 si
983 2465 1190 2522 teneas,
1235 2465 1431 2512 cetera
1482 2459 1629 2513 haud
1657 2461 1867 2515 incom-

276 2548 442 2602 mode
472 2564 600 2601 cum
658 2546 888 2601 veritate
925 2547 1268 2615 consistent;
1308 2549 1382 2603 ita
1432 2559 1494 2604 ut
1535 2552 1716 2606 aetatis
1753 2567 1868 2608 suo:

273 2655 423 2694 anno
451 2638 521 2694 96
567 2638 766 2693 obierit
810 2649 1058 2703 sanctus,
1107 2639 1400 2710 solumque
1428 2656 1492 2696 ex
1549 2644 1650 2698 levi
1698 2645 1865 2701 unius

274 2731 474 2784 littere
502 2744 713 2793 errore,
741 2744 853 2799 quo
878 2735 950 2782 va'
979 2729 1261 2799 scripserit
1289 2730 1491 2800 aliquis
1519 2748 1616 2801 pro
1640 2732 1713 2785 λε’
1744 2749 1865 2803 per-

270 2823 476 2878 ductus
506 2820 698 2875 ‘l'uerit
737 2821 1008 2876 Actorum
1046 2830 1241 2876 auctor
1293 2822 1345 2875 in
1399 2824 1671 2879 calculum
1727 2826 1865 2882 adeo

269 2913 700 2968 exorbitantem.
759 2910 853 2966 Sic
902 2928 1030 2967 vero
1079 2912 1187 2967 dici
1236 2914 1442 2983 poterit
1495 2914 1859 2986 Epiphanius,

271 3018 424 3058 anno
464 3003 573 3058 568
616 3004 860 3068 ineunte,
895 2998 1428 3076 factus'episcopus,
1473 3016 1527 3061 et
1574 3023 1722 3063 anno
1759 3009 1866 3065 508

272 3106 460 3153 natus.
495 3096 570 3149 De
596 3109 708 3165 quo
737 3094 868 3150 dum
902 3095 954 3148 in
992 3093 1228 3165 Synopsi
1272 3097 1339 3150 ad
1374 3098 1703 3153 Ancoratum
1743 3102 1864 3170 ejus

273 3190 499 3261 legitur,
533 3187 678 3259 quod
711 3207 729 3238 ι
773 3188 1004 3257 primatu
1040 3191 1330 3246 mouastici
1375 3192 1609 3248 instituti
1654 3195 1863 3250 exerci-

274 3281 542 3335 tationem
572 3279 628 3333 in
667 3276 904 3350 Egypto
932 3280 1195 3348 suscepit,
1231 3281 1417 3351 ibique
1441 3283 1508 3337 ad
1540 3282 1863 3338 vicesimum

273 3388 455 3440 usque
485 3371 666 3427 :etatis
687 3386 894 3425 annum
930 3374 1253 3440 permansit,
1288 3375 1464 3430 donec
1504 3378 1569 3431 ad
1612 3376 1864 3432 Eleutheo

275 3465 646 3534 ropolitauam
681 3467 958 3533 regionem
985 3480 1238 3521 reversus
1277 3469 1673 3523 monasterium
1712 3470 1766 3523 iu
1799 3486 1862 3524 ea

275 3556 546 3622 condidit,
589 3575 608 3607 ι
645 3557 810 3611 datur
840 3556 1068 3626 intelligi
1104 3573 1249 3612 anno
1294 3557 1400 3613 529
1448 3561 1754 3616 excessisse
1797 3576 1864 3617 ex

277 3648 539 3720 Egypto,
575 3648 824 3719 adeoque
854 3664 964 3726 non
992 3650 1149 3705 valde
1181 3650 1402 3721 longum
1427 3651 1601 3709 fuisse
1625 3662 1862 3723 tempus,

276 3758 390 3811 quo
419 3742 495 3796 ibi
528 3742 672 3796 inter
699 3744 999 3798 monachos
1021 3743 1223 3799 vixisse
1248 3747 1491 3816 potuerit
1524 3765 1538 3802 :
1567 3755 1621 3802 et
1652 3747 1867 3802 denun-

277 3836 565 3891 tiationem
593 3835 741 3889 illam
774 3833 1188 3901 Gnosticorum,
1215 3838 1486 3909 episcopis
1518 3840 1866 3895 Alexandriae

274 3929 623 3999 congregatis
648 3927 872 3994 factam,
899 3937 1025 3999 apte
1054 3928 1245 3984 referri
1269 3945 1434 4000 posse
1456 3922 1859 3987 in'Januarlum

272 4022 410 4076 anni
450 4020 577 4087 526,
619 4023 838 4091 quando
882 4032 1100 4076 mortuo
1141 4021 1197 4079 S.
1233 4021 1549 4079 Alexandro
1577 4027 1859 4098 episeopo,

272 4113 344 4166 ad
411 4127 789 4167 successorem
858 4110 917 4166 S.
979 4112 1343 4167 Athanasium
1411 4113 1859 4170 substituendum

272 4211 653 4259 convenerunt
677 4203 940 4277 episcOpi.
980 4201 1090 4259 Nec
1133 4203 1281 4259 enim
1321 4204 1541 4259 videtur
1567 4209 1862 4263 convenire

276 4304 337 4351 ut
357 4294 582 4349 biennio
602 4295 765 4350 citius
789 4295 843 4349 id
880 4293 1079 4354 fecisse
1117 4296 1353 4362 dicatur,
1390 4305 1521 4365 puta
1557 4312 1704 4353 anno
1728 4298 1857 4365 524,

272 4389 504 4459 quando
536 4388 861 4458 praesidente
887 4386 1056 4444 Hosio
1090 4388 1431 4445 Cordubensi
1462 4390 1736 4448 celebrata
1773 4404 1860 4450 est

272 4482 525 4553 synodus
571 4482 960 4543 Alexandrina.
1003 4491 1134 4537 tunc
1190 4484 1335 4538 enim
1397 4474 1667 4540 annorum
1720 4487 1861 4543 dun-

278 4583 432 4629 taxat
459 4574 691 4628 sedecim
720 4573 1040 4628 adolesceus
1075 4563 1288 4629 luisset.

358 4666 446 4719 ll.
475 4662 543 4718 Ut
574 4674 633 4718 ut
660 4664 750 4729 sit,
782 4664 964 4718 statim
1006 4673 1132 4734 post
1179 4665 1327 4719 illam
1365 4664 1858 4738 denuntiationem,

277 4756 508 4814 dimissa
536 4756 885 4820 Alexandria,
912 4771 1158 4812 ercmum
1190 4757 1416 4827 petitam
1450 4759 1520 4813 ab
1554 4758 1863 4830 Epiphanio

276 4850 470 4904 nullus
519 4848 708 4903 dubito
755 4866 769 4901 :
815 4864 939 4902 cum
987 4858 1168 4902 autem
1216 4848 1265 4904 is
1314 4850 1475 4904 rediit
1528 4851 1583 4906 in
1642 4850 1858 4923 Syriam

268 4942 529 5011 iunxisse
559 4956 617 4996 se
639 4940 814 5009 potuit
839 4937 898 4994 S.
928 4938 1218 5007 llilarioni,
1243 4940 1311 4995 de
1340 4957 1451 5010 quo
1473 4942 1621 4999 circa
1653 4958 1859 4998 annum

272 5035 405 5099 5H,
437 5035 566 5089 illuc
598 5033 853 5088 similiter
876 5032 946 5087 ab
980 5031 1235 5103 Egyptia
1276 5033 1379 5089 sub
1415 5033 1658 5089 Antonio
1698 5049 1858 5090 exer-

272 5124 541 5179 citatione
565 5139 808 5188 rcverso,
836 5124 1025 5179 scribit
1061 5122 1433 5195 Hieronymus
1472 5126 1526 5179 in
1556 5126 1678 5196 ejus
1719 5125 1857 5194 Vita,

272 5217 425 5288 quod
480 5225 604 5286 post
649 5215 723 5269 22
770 5216 1086 5271 solitudinis
1120 5231 1357 5281 annum,
1413 5217 1466 5272 id
1516 5226 1603 5272 est
1651 5233 1858 5273 annum

271 5310 479 5364 Christi
510 5308 636 5374 525,
677 5328 696 5359 ι
723 5309 791 5363 de
818 5307 975 5380 Syria
999 5317 1054 5364 et
1078 5307 1317 5380 Egypto
1347 5308 1413 5364 ad
1449 5324 1575 5364 eum
1608 5312 1859 5367 certatim

273 5403 460 5474 populi
490 5402 862 5469 conﬂuebant,
897 5403 973 5457 ita
1009 5410 1070 5457 ut
1111 5402 1267 5456 multi
1308 5403 1362 5457 in
1409 5402 1692 5458 Christum
1739 5420 1860 5460 cre-

273 5497 487 5559 derent,
523 5504 577 5550 et
606 5510 667 5551 se
692 5492 994 5551 monachos
1023 5494 1431 5564 proﬁterentur.
1475 5516 1492 5547 ι
1527 5494 1734 5551 Horum
1766 5512 1860 5552 au-

276 5597 383 5643 tem
418 5588 691 5643 crescenti
731 5602 963 5642 numero
1006 5586 1188 5656 potuit
1233 5602 1294 5641 se
1331 5586 1583 5656 juuxisse
1626 5589 1860 5658 Epipha-

279 5679 438 5746 nius;
471 5676 649 5751 potuit
674 5679 865 5745 etiam,
899 5694 1025 5734 mox
1056 5686 1115 5732 ut
1138 5679 1298 5734 rediit
1326 5679 1380 5732 in
1404 5680 1638 5749 patriam
1674 5680 1855 5734 vicum

280 5772 550 5842 recepisse
583 5787 666 5835 se,
709 5770 944 5827 similem
992 5780 1218 5827 acturus
1260 5771 1451 5833 vitam,
1486 5779 1541 5825 et
1577 5770 1858 5825 nihilomi-

284 5877 381 5921 nus
413 5863 683 5921 llilarioni
719 5862 996 5936 frequenti
1030 5856 1444 5920 eouvcrsatiouc
1475 5862 1645 5919 fuisse
1691 5860 1854 5920 latui-

1971 2009 2077 2065 que
2099 1992 2352 2059 Paulino,
2382 1992 2711 2048 Arianorum
2753 2004 2920 2065 atque
2945 1996 3413 2051 Eunomianorum
3442 1998 3556 2052 hae-

1970 2090 2111 2144 resis
2140 2089 2473 2158 possidebat,
2505 2090 2727 2159 quando
2764 2088 3007 2144 Joannes
3042 2109 3060 2140 ι
3099 2090 3280 2145 adhuc
3311 2092 3557 2160 privatus

1971 2184 2182 2251 (contra
2210 2196 2371 2250 quem
2411 2191 2593 2251 postea
2636 2180 3195 2252 Hierosolymitanum
3232 2185 3552 2255 episcopum

1968 2274 2169 2344 scripta
2205 2273 2470 2345 Epistola)
2504 2275 2556 2328 in
2601 2276 2704 2330 title
2743 2274 3107 2329 dissimulans
3142 2274 3222 2328 vel
3269 2276 3551 2337 vacillans.

1975 2384 1993 2417 ι
2031 2365 2477 2422 Occidentalibus
2507 2374 2558 2420 et
2594 2365 2650 2419 in
2684 2366 2866 2419 medio
2899 2366 3095 2420 exsilio
3134 2366 3549 2424 confessoribus

1970 2456 2071 2512 SS.
2124 2455 2388 2528 Dionysio
2434 2454 2865 2520 Mediolanensi,
2914 2456 3154 2509 Eusebio
3201 2454 3552 2524 Vrrcellensi,

1966 2559 2021 2605 et
2056 2548 2309 2604 Lucifero
2357 2548 2693 2612 Calaritano,
2740 2563 2848 2602 non
2900 2550 3376 2612 communicabat;
3425 2551 3554 2620 Epi-

1966 2641 2204 2710 pltauius
2246 2640 2331 2693 vel
2369 2639 2652 2709 presbyter
2698 2638 2753 2692 in
2798 2640 3131 2694 monasterio
3172 2640 3241 2694 ab
3284 2639 3554 2711 Eutychio

1966 2733 2292 2789 audiebatur
2358 2731 2563 2804 (magni
2630 2731 2820 2801 utique
2874 2732 3115 2787 nominis
3162 2732 3369 2801 aliquo,
3425 2748 3551 2787 eum

1965 2823 2194 2893 epistola
2228 2823 2337 2878 sub
2374 2838 2578 2877 annum
2624 2822 2727 2878 596
2770 2823 3124 2887 scriberetur,
3169 2824 3427 2893 episcopo
3460 2834 3553 2879 aut

1966 2914 2181 2975 abbate,
2219 2915 2450 2969 necdum
2502 2923 2685 2968 tamen
2726 2914 2947 2969 aliunde
3006 2916 3159 2983 noto)
3226 2915 3311 2968 vel
3364 2924 3553 2984 postea

1963 3005 2255 3075 cpiscopus
2282 3004 2470 3076 Cypri,
2505 3022 2536 3060 a
2567 3004 2796 3060 Valente
2830 3022 2940 3059 non
2981 3012 3349 3076 tangebatur:
3386 3016 3555 3062 tautze

1964 3098 2110 3153 enim
2151 3099 2522 3153 venerationis
2562 3114 2779 3167 semper
2819 3098 2943 3161 l‘uit,
2980 3108 3039 3152 ut
3081 3110 3371 3169 regnantes
3433 3102 3548 3155 Ira--

1968 3188 2123 3244 retiei
2167 3188 2523 3259 ignoininiatn
2570 3204 2727 3243 suam
2772 3197 3029 3257 putarent
3079 3189 3123 3244 si
3168 3190 3329 3242 talem
3376 3190 3550 3245 virum

1966 3290 2449 3352 persequerentur.
2530 3300 2549 3333 ι
2619 3280 2852 3335 Exsules
2925 3290 3107 3335 autem
3176 3281 3429 3337 vixerunt
3495 3284 3550 3338 in

1966 3371 2189 3427 Oriente
2234 3372 2585 3427 confessores
2630 3371 2875 3442 praedicti
2914 3371 2983 3426 ab
3010 3386 3154 3425 anno
3185 3372 3289 3427 555
3320 3373 3387 3427 ad
3423 3374 3551 3439 562,

1965 3476 2019 3519 et
2043 3462 2243 3517 Valens
2273 3463 2614 3517 orthodoxos
2654 3472 2738 3517 est
2780 3472 3102 3532 persecutus
3139 3463 3208 3517 ab
3254 3479 3400 3518 anno
3445 3464 3554 3520 566

1965 3556 2033 3611 ad
2072 3557 2199 3611 575.
2244 3554 2398 3611 Unde
2450 3555 2681 3625 intelligi
2728 3555 2913 3619 datur,
2965 3573 3071 3610 uou
3123 3564 3335 3610 tantum
3385 3572 3549 3626 quam

1966 3649 2178 3720 integra
2214 3658 2333 3704 toto
2364 3649 2458 3704 illo
2508 3657 2753 3718 tempore
2788 3647 2954 3702 fuerit
2991 3647 3279 3718 Epiphanii
3317 3647 3459 3702 fama
3498 3658 3553 3703 et

1964 3740 2276 3806 veneratio;
2302 3740 2395 3795 sed
2425 3740 2592 3793 etiam
2620 3738 2764 3808 quod
2799 3738 2910 3808 jam
2960 3738 3086 3792 inde
3130 3738 3199 3791 ab
3230 3737 3386 3792 initio
3424 3753 3550 3807 per-

1964 3834 2287 3899 secutionis,
2325 3848 2355 3888 a
2383 3832 2712 3888 Constantio
2741 3832 3040 3896 suscitatae,
3066 3826 3351 3903 presbyter
3386 3830 3552 3888 fuerit

1964 3934 2338 3981 consecratus.

2035 4039 2123 4093 12.
2155 4037 2330 4095 Porro
2356 4039 2424 4093 de
2457 4047 2649 4093 mutua
2686 4040 2830 4094 inter
2862 4046 3087 4094 sanctos
3132 4035 3466 4091 Hilarionem
3495 4044 3551 4091 et

1963 4130 2324 4202 Epiphanium
2354 4129 2728 4185 familiaritate
2763 4130 2997 4184 habetur
3049 4129 3282 4198 insignis
3309 4128 3465 4184 locus
3493 4129 3548 4183 in

1962 4223 2157 4278 libellis
2187 4224 2260 4276 De
2303 4222 2424 4276 Vita
2455 4231 2504 4275 et
2537 4222 2781 4274 doctrina
2814 4230 2863 4274 et
2895 4221 3215 4290 perfectione
3240 4227 3547 4273 sanctorum

1963 4314 2212 4382 Patrum,
2240 4330 2379 4386 quos
2437 4322 2577 4369 teste
2635 4312 2924 4382 Sigeberto
2972 4310 3226 4381 Pelagius
3278 4311 3548 4367 diaconus

1961 4405 2224 4462 Romana:
2262 4404 2520 4461 Ecclesiae
2543 4404 2824 4459 transtulit
2849 4405 2915 4458 de
2944 4402 3132 4459 Graeco
3161 4403 3214 4457 in
3264 4401 3542 4471 Latinum,

1962 4497 2165 4568 quique
2213 4496 2266 4551 in
2313 4495 2443 4550 Vitis
2490 4494 2715 4547 Patrum
2760 4495 2921 4550 editis
2964 4510 2993 4548 a
3034 4503 3226 4548 nostro
3263 4491 3549 4547 lleriberto

1890 4589 1935 4645 D
1964 4587 2257 4644 Rosweido
2290 4588 2384 4641 lih.
2426 4604 2456 4639 v
2512 4587 2857 4641 constituunt
2895 4605 2909 4640 :
2944 4587 3017 4639 ibi
3070 4586 3215 4639 enim
3252 4586 3437 4639 libello
3482 4601 3543 4641 ιιι

1966 4693 2117 4730 num.
2148 4676 2215 4730 15
2242 4676 2320 4730 sic
2364 4676 2602 4745 legitur:
2638 4694 2656 4726 ι
2695 4676 2837 4729 Misit
2876 4676 3171 4745 aliquando
3208 4674 3547 4746 Epiphanius

1962 4768 2253 4839 episcopus
2274 4767 2508 4839 Cyprius
2545 4769 2611 4821 ad
2657 4768 2910 4822 abbatem
2946 4767 3301 4837 Ililariouem,
3345 4784 3548 4836 rogans

1961 4875 2087 4915 eum
2133 4867 2187 4912 et
2234 4859 2444 4921 dicens,
2481 4857 2616 4913 Veni
2666 4867 2724 4912 ut
2760 4874 2862 4913 nos
2908 4859 3211 4925 videamus,
3250 4868 3542 4929 antequam

1962 4949 2030 5004 de
2060 4962 2289 5017 corpore
2323 4963 2609 5003 exeamus.
2654 4947 2757 5013 Qui
2808 4964 2934 5001 cum
2977 4948 3255 5003 venissent
3290 4948 3356 5002 ad
3405 4947 3544 5001 iuvi-

1961 5055 2101 5104 cem,
2160 5038 2622 5093 manducantibns
2681 5038 2762 5094 eis
2809 5040 3030 5094 allatum
3082 5047 3168 5093 est
3223 5038 3290 5092 de
3348 5038 3543 5092 avibus

1961 5128 2243 5200 quiddam,
2271 5128 2418 5198 quod
2443 5136 2646 5183 tenens
2690 5128 2983 5198 cpiscOpus
3007 5128 3156 5183 dedit
3181 5128 3363 5182 abbati
3396 5127 3545 5182 llila-

1959 5220 2126 5275 rioni.
2158 5218 2224 5273 Et.
2254 5219 2386 5275 dicit
2416 5219 2489 5273 illi
2518 5234 2681 5274 senex
2721 5236 2733 5271 :
2771 5218 2994 5290 Ignosce
3027 5219 3181 5284 mihi,
3208 5218 3388 5284 Pater,
3413 5222 3540 5290 quia

1962 5328 2030 5369 ex
2059 5328 2170 5380 quo
2199 5312 2382 5381 accepi
2417 5312 2665 5366 habitum
2698 5312 2864 5365 istum
2892 5325 2996 5363 non
3028 5310 3354 5365 manducavi
3382 5312 3542 5382 quid-

1960 5420 2125 5475 quam
2163 5404 2428 5460 occisum.
2460 5402 2529 5457 Et
2552 5404 2692 5457 dixit
2713 5404 2760 5457 ei
2790 5402 3163 5472 Epiphanius:
3191 5402 3304 5474 Ego
3333 5414 3540 5469 autem,
3570 5466 3577 5473 ,

1959 5512 2027 5552 ex
2053 5510 2165 5567 quo
2204 5494 2389 5564 accepi
2432 5494 2684 5549 habitum
2720 5494 2908 5556 istum,
2942 5509 3049 5547 non
3085 5494 3267 5551 dimisi
3300 5496 3535 5566 aliquem

1959 5587 2220 5651 dormire,
2253 5586 2346 5655 qui
2380 5584 2612 5639 habebat
2650 5584 2857 5652 aliquid
2889 5584 3178 5639 adversum
3217 5602 3336 5653 me;
3367 5602 3542 5657 neque

1960 5694 2063 5749 ego
2091 5679 2326 5733 dormivi
2359 5679 2566 5732 habens
2614 5676 2822 5744 aliquid
2872 5678 3136 5733 adversus
3178 5679 3438 5748 aliquem.
3475 5678 3541 5734 Et

1960 5771 2099 5827 dicit
2119 5772 2169 5826 ei
2207 5785 2400 5835 senex,
2432 5767 2657 5839 Ignosce
2688 5768 2842 5835 mihi,
2882 5769 3010 5839 quia
3054 5779 3145 5823 tua
3192 5771 3538 5825 conversatio

1963 5862 2138 5934 major
2165 5871 2247 5919 est
2282 5878 2423 5918 mea.
2471 5880 2488 5912 ι
2532 5861 2711 5934 Atque
2747 5861 2813 5917 ad
2834 5862 2989 5918 haue
3021 5861 3279 5931 mitigata:
3308 5862 3377 5918 ab
3407 5858 3540 5931 Epi-
