4058 6430
554 393 658 446 123

1589 393 1647 448 S.
1705 389 2051 447 EPII‘IIANI
2083 389 2262 443 ACTA
2303 385 2810 442 BOLLANDIANA.

3736 393 3836 450 ιξι

553 507 757 577 phanio
803 509 1147 562 austeritatis
1200 508 1606 563 cxcuSationem
1653 507 1819 560 etiam
1885 513 2137 574 spectat.
2171 505 2212 561 Α
2244 503 2316 556 sit
2337 502 2694 572 Epiphanius,
2725 503 2804 556 sic
2835 511 2886 557 et
2909 501 2976 557 de
3006 517 3108 557 suo
3138 501 3560 560 Bethlehemioo
3601 513 3833 564 testatur

547 600 772 668 quodin
809 616 912 654 ms.
961 599 1334 667 Ultrajectino,
1369 617 1433 653 ex
1485 598 1618 652 Vitis
1663 599 1910 659 Patrum,
1957 598 2139 651 nescio

549 689 694 744 unde
743 700 1044 759 sumptum.
1091 691 1261 759 reperi
1314 691 1394 744 sic
1453 699 1826 744 aunotatum:
1875 709 1892 740 ι
1934 689 2136 744 Factus

546 784 838 852 episcopus
863 785 1033 837 voluit
1070 785 1146 837 uti
1177 784 1367 836 eadem
1402 783 1630 849 duritia,
1671 785 1811 838 sicut
1837 784 1890 836 iu
1926 797 2135 847 eremo,

546 876 638 929 sed
672 891 780 929 non
814 877 989 944 potuit
1019 895 1031 929 :
1057 885 1110 930 et
1135 892 1300 930 orans
1335 877 1590 946 quaasivit
1612 892 1641 929 a
1672 874 1803 939 Deo,
1835 875 1880 930 si
1917 882 2136 944 propter

543 968 917 1034 episcopatum
962 969 1276 1022 recessisset
1317 969 1387 1022 ab
1419 985 1484 1024 eo
1525 969 1700 1039 gratia
1737 967 1854 1022 Dei.
1890 967 2151 1038 Ilesponz

543 1073 665 1111 sum
699 1068 782 1112 est
813 1068 994 1113 autem
1045 1060 1094 1114 ei
1143 1061 1291 1130 quod
1332 1076 1466 1125 non,
1515 1061 1644 1131 quia
1693 1063 1781 1130 pia
1833 1059 2133 1114 intentione

541 1166 728 1205 curam
788 1152 1067 1222 suscepit;
1111 1154 1204 1208 sed
1247 1153 1378 1224 quia
1421 1163 1551 1209 tunc
1588 1155 1807 1225 quando
1847 1154 1900 1209 in
1935 1154 2130 1209 solitu-

539 1243 666 1298 diue
693 1243 817 1310 fuit,
852 1244 994 1301 l)eus
1045 1256 1164 1301 erat
1203 1248 1308 1303 sibi
1356 1249 1610 1318 proprius
1653 1248 1896 1318 adjutor,
1937 1249 1991 1302 in
2029 1263 2130 1303 sa:-

537 1337 661 1391 culo
683 1346 868 1392 autem
904 1339 1072 1393 etiam
1121 1339 1374 1394 homines
1427 1341 1856 1395 auxiliabautur.
1908 1341 2001 1395 Sic
2036 1341 2130 1395 lilii

537 1429 703 1484 Israel
747 1440 1076 1499 receperunt
1106 1447 1306 1486 manna
1350 1433 1403 1486 in
1451 1433 1688 1502 deserto,
1725 1449 2011 1504 quousque
2039 1449 2130 1488 ve—

539 1521 720 1576 nirent
749 1522 802 1574 in
837 1531 1038 1576 terram
1077 1524 1482 1592 promissionis.
1534 1543 1552 1576 ι

608 1613 698 1667 15.
735 1613 948 1670 Colitur
984 1613 1042 1670 S.
1088 1614 1330 1669 Ildarion
1373 1617 1435 1670 21
1473 1615 1725 1672 Octobris
1760 1634 1774 1671 :
1812 1627 2026 1672 utvero
2053 1620 2136 1678 ad.

536 1721 662 1759 eum
707 1705 1004 1760 identidem
1065 1709 1386 1762 recurrebat
1431 1708 1736 1778 discipulus
1776 1724 1911 1764 suus
1943 1707 2125 1781 J—lesy-

539 1799 720 1860 chius,
753 1815 990 1869 eumque
1021 1799 1087 1854 de
1122 1809 1268 1855 statu
1301 1809 1414 1854 tum
1456 1803 1776 1856 monasterii
1801 1801 1887 1857 sui
1933 1803 1985 1856 in
2022 1801 2124 1856 Pa-

535 1890 748 1945 lmstina
784 1901 897 1946 tum
935 1892 1330 1961 discipulorum
1371 1894 1572 1948 ibidem
1608 1895 1922 1949 relictorum
1959 1910 2121 1949 cura-

534 1982 630 2036 bat
693 1983 924 2037 edocere
975 2001 987 2035 :
1038 1984 1109 2038 ita
1168 2001 1267 2040 nec
1323 2001 1517 2056 segnes
1582 1986 1806 2041 fuerunt
1863 1987 2120 2058 discipuli

534 2071 823 2142 Epiphanii
883 2075 935 2128 in
982 2075 1212 2130 fovenda
1273 2088 1464 2132 mutua
1511 2094 1636 2134 cum
1702 2095 1804 2134 suo
1858 2082 2121 2151 magistro

529 2167 1046 2229 communicatione,
1074 2183 1198 2221 cum
1239 2169 1328 2223 hic
1363 2169 1598 2225 abesset.
1626 2169 1815 2241 Itaque
1853 2173 1904 2226 in
1939 2173 2121 2227 libello

530 2271 606 2310 xu
637 2257 766 2312 dieti
800 2257 994 2328 Operis
1027 2275 1080 2311 ιι.
1119 2259 1151 2312 6
1177 2259 1283 2314 tale
1329 2262 1459 2330 quid
1491 2263 1805 2318 invenitur:
1841 2283 1859 2315 ι
1896 2263 2115 2320 Manda-

531 2356 644 2402 tum
676 2359 754 2404 est
791 2358 993 2405 sauctce
1027 2351 1306 2406 memoriae
1355 2351 1665 2423 Epiphanio
1712 2356 1972 2425 episcopo
2011 2355 2122 2428 Cy-

529 2441 672 2509 prio,
729 2442 799 2496 ab
858 2443 1055 2496 abbate
1108 2445 1429 2498 monasterii
1479 2445 1565 2498 sui
1621 2446 1770 2514 quod
1827 2447 2017 2500 habuit
2063 2449 2118 2501 in

530 2533 817 2588 Palastina
856 2552 869 2586 :
913 2533 1052 2599 Quia
1081 2533 1429 2590 orationibus
1464 2536 1572 2590 tuis
1616 2553 1726 2589 non
1777 2539 2120 2607 negleximus

529 2625 797 2694 regulam,
840 2624 934 2680 sed
986 2641 1109 2679 cum
1153 2626 1526 2681 sollicitudine
1561 2626 1828 2693 Tertiam,
1870 2627 2116 2696 Sextam,

528 2713 764 2778 Nonam,
811 2725 973 2784 atque
1021 2713 1311 2785 Vcsperam
1357 2717 1720 2773 erlebramus.
1770 2719 1861 2775 Ille
1910 2729 2116 2787 autem,

529 2807 936 2874 reprehendens
970 2822 1119 2871 elllll,
1157 2808 1438 2862 mandavit
1466 2809 1516 2863 ei
1553 2829 1567 2864 :
1606 2810 1838 2867 Constat
1883 2829 1980 2868 vos
2020 2829 2120 2868 va—

527 2913 656 2951 care
685 2897 753 2952 ab
801 2898 1050 2953 oratione
1095 2900 1309 2955 czeteris
1373 2901 1554 2968 horis;
1601 2917 1728 2957 eum
1787 2915 1968 2958 autem
2024 2908 2118 2976 qui

529 3005 690 3044 verus
743 2999 828 3043 est
875 2990 1202 3053 monachus,
1264 3001 1483 3060 oportet
1530 2993 1650 3048 sine
1710 2994 2120 3050 intermissione

529 3095 691 3133 orare
738 3089 833 3133 aut
876 3090 1023 3135 certe
1071 3081 1302 3150 psallere
1350 3083 1403 3136 iu
1451 3085 1618 3138 corde
1669 3100 1792 3140 suo.
1837 3105 1855 3137 ι
1911 3085 2120 3141 Revisit

528 3173 672 3227 haud
732 3173 895 3228 dubie
964 3176 1360 3230 monasterium
1421 3177 1552 3231 illud
1609 3194 1770 3232 suum
1822 3179 2118 3248 aliquando

527 3265 888 3336 lilpiphanius,
953 3268 1174 3337 quando
1213 3268 1715 3324 eeclesiasticorum
1770 3272 2114 3341 negotiorum

525 3376 691 3414 causa
729 3361 780 3413 iu
829 3359 1176 3415 Palaestinam
1213 3363 1456 3416 excurrit
1491 3381 1502 3415 :
1539 3363 1630 3418 sed
1671 3363 1791 3433 ejus
1840 3365 1919 3420 rei
1970 3365 2114 3418 nulla

524 3462 612 3507 cst
636 3453 779 3522 apud
836 3455 1091 3522 probatos
1149 3455 1446 3524 scriptores
1502 3459 1790 3510 memoria.
1840 3457 2113 3523 Quantam

526 3555 710 3598 autem
748 3553 860 3598 tum
889 3546 959 3598 ita
993 3561 1318 3611 excurrens,
1355 3561 1470 3601 tum
1520 3557 1678 3602 antea
1725 3550 1779 3602 in
1827 3550 2113 3606 Palatstina

525 3637 736 3700 vivens,
772 3637 1052 3707 collegerit
1079 3638 1346 3693 absolutae
1375 3641 1736 3710 perfectionis
1769 3641 1993 3707 famam,
2026 3645 2112 3698 in-

525 3730 693 3796 telligi
729 3741 908 3799 potest
937 3745 1001 3784 ex
1029 3731 1261 3798 epistola
1292 3732 1476 3785 Acacii
1503 3742 1556 3786 et
1585 3731 1735 3786 Pauli
1769 3735 2114 3806 presbytero-

527 3835 648 3873 rum
681 3832 734 3874 et
767 3819 1331 3874 arebimandritarum
1368 3821 1423 3874 in
1455 3822 1779 3889 Cmicsyria,
1815 3839 1938 3892 quae
1975 3841 2115 3894 prae-

527 3909 710 3980 ﬁgitur
738 3909 973 3965 I’anario
995 3921 1049 3967 et
1083 3913 1162 3967 sic
1187 3912 1376 3982 incipit
1403 3929 1415 3963 :
1443 3932 1461 3963 ι
1491 3913 1710 3970 Pietatis
1735 3917 1954 3985 quidem
1989 3927 2113 3982 tute,

526 4002 708 4069 I‘ater,
761 4013 1015 4072 aspectus
1060 4005 1176 4075 ipse
1230 4007 1366 4062 satis
1409 4022 1532 4061 esse
1577 4017 1808 4075 poterat,
1858 4010 1950 4079 qui
2015 4027 2114 4067 nos

525 4097 908 4166 spiritualibus
963 4099 1313 4154 sermonibus
1363 4100 1627 4168 implevit,
1684 4115 1748 4156 ac
1792 4111 1900 4155 tam
1948 4103 2114 4159 vehe-

526 4205 682 4244 mens
731 4189 810 4245 tui
848 4190 1004 4245 nobis
1037 4191 1373 4246 desiderium
1418 4193 1639 4259 indidit,
1689 4205 1980 4265 postquam
2021 4207 2114 4253 tuo

522 4283 694 4337 semel
729 4282 835 4336 frui
867 4293 1160 4353 conspectu
1191 4284 1369 4340 licuit.
1415 4285 1615 4340 Verum
1665 4290 1924 4356 quoniam
1977 4307 2114 4361 pra:-

525 4375 610 4427 via
645 4374 898 4443 discipuli
923 4373 1127 4429 Christi
1154 4375 1300 4431 fama
1339 4378 1635 4432 verborum
1665 4380 1786 4448 ejus
1818 4380 2116 4436 factorum-

521 4479 634 4532 que
653 4465 1008 4534 fragrantiam
1039 4457 1245 4535 ubique
1274 4468 1555 4536 praedicat,
1581 4471 1728 4539 angit
1757 4488 1859 4526 nos
1887 4483 1938 4527 et
1959 4473 2112 4527 solli-

2203 579 2210 586 ’
2248 595 2635 667 Hieronymus,
2695 596 2823 650 illuc
2863 610 2990 650 eum
3040 596 3362 663 accessisse,
3397 615 3418 648 ι
3453 613 3576 652 cum
3611 619 3632 652 ι
3667 600 3742 654 ibi
3769 601 3835 656 ab

2242 689 2437 744 ardore
2466 688 2633 744 febris
2669 707 2686 738 ι
2732 689 3059 756 respirasset
3095 706 3114 740 ι
3155 685 3215 742 S.
3242 686 3433 753 Paula,
3477 708 3496 741 ι
3551 702 3606 745 et
3636 693 3834 746 medici

2241 781 2640 851 persuaderent
2691 783 2763 835 ob
2815 779 3172 835 refeetionem
3223 781 3472 850 corporis
3522 781 3653 837 vino
3697 798 3835 852 opus

2239 888 2363 928 esse
2387 875 2536 928 tenui
2562 884 2616 928 et
2651 889 2836 943 parco,
2872 888 2940 927 ne
2977 887 3177 941 aquam
3215 872 3411 930 bibens
3439 875 3492 928 in
3537 876 3833 946 hydropem

2239 974 2578 1032 verteretur;
2605 974 2660 1020 et
2686 979 2790 1035 ego
2820 963 2960 1017 clam
2989 964 3207 1019 beatum
3236 980 3432 1035 papam
3463 967 3831 1038 Epiphaniam

2240 1074 2519 1129 rogarem,
2555 1067 2615 1113 ut
2649 1073 2769 1112 eam
2804 1065 3074 1123 moneret,
3110 1057 3223 1112 imo
3252 1059 3606 1127 compelleret
3637 1060 3827 1114 vinum

2239 1151 2446 1206 bibere.
2491 1171 2509 1202 ι
2554 1152 2757 1206 Aderat
2805 1166 2940 1219 ergo
2993 1151 3067 1204 ibi
3112 1160 3227 1205 tum
3275 1150 3618 1222 Epiphanius
3661 1169 3675 1204 :
3726 1167 3832 1222 quo

2236 1252 2418 1298 autem
2469 1260 2728 1300 successu
2775 1244 3222 1298 commendatum
3273 1245 3375 1297 sibi
3416 1243 3652 1298 cilicium
3690 1244 3830 1314 apud

2236 1334 2461 1388 Paulam
2484 1336 2677 1407 egerit,
2703 1335 3058 1406 prosequitur
3093 1335 3236 1390 idem
3279 1336 3672 1406 Hieronymus,
3703 1351 3830 1390 eon-

2234 1427 2458 1480 tiuuans
2478 1426 2763 1495 epistolam
2789 1425 2858 1478 27
2884 1427 2953 1478 ad
2983 1426 3158 1494 ﬁliam
3197 1424 3384 1479 Paula:
3434 1424 3784 1480 Eustochium
3810 1444 3827 1480 :

2238 1538 2257 1571 ι
2291 1519 2406 1583 Illa,
2441 1519 2637 1588 inquit,
2676 1528 2738 1572 ut
2766 1527 2883 1572 erat
2931 1519 3172 1588 prudens
3226 1527 3282 1573 et
3326 1519 3545 1574 solertis
3601 1519 3826 1590 ingenii,

2230 1612 2400 1667 sensit
2432 1611 2682 1673 insidias,
2713 1618 2768 1664 et
2800 1611 3116 1674 subridens,
3155 1626 3336 1665 meum
3381 1626 3504 1665 esse
3551 1612 3700 1681 quod
3740 1612 3828 1668 ille

2230 1703 2456 1766 diceret,
2485 1702 2782 1757 intimavit.
2810 1703 2952 1770 Quid
2994 1705 3189 1771 plura?
3233 1720 3358 1759 cum
3402 1705 3597 1761 beatus
3647 1707 3825 1776 ponti-

2231 1797 2317 1851 fex
2355 1805 2481 1866 post
2515 1796 2687 1850 multa
2718 1796 3068 1851 hortamenta
3099 1798 3302 1851 exisset
3357 1795 3526 1882 foras,
3558 1800 3826 1868 quaeuti

2228 1888 2360 1942 mihi
2399 1886 2525 1956 quid
2559 1886 2786 1956 egisset,
2839 1887 3128 1956 respondit
3160 1907 3174 1942 :
3206 1886 3441 1942 Tantum
3491 1889 3721 1958 profeci,
3769 1899 3826 1944 ut

2227 1978 2344 2033 seni
2384 1977 2591 2032 homini
2624 1993 2763 2047 pene
2802 1978 3161 2042 persuaserit,
3203 1993 3272 2034 ne
3322 1981 3509 2034 viuum
3555 1981 3762 2035 bibam.
3802 2001 3820 2033 ι

2227 2069 2428 2123 Eadem
2460 2069 2516 2123 in
2563 2069 2792 2138 epistola
2829 2069 3026 2124 iterum
3073 2069 3365 2140 Epiphanii
3399 2072 3652 2126 meminit
3693 2071 3815 2127 Hie-

2227 2173 2518 2228 ronymus,
2547 2175 2648 2214 nec
2677 2159 2802 2216 sine
2826 2161 3621 2218 commendationemonastici
3651 2173 3822 2218 status

2231 2249 2300 2304 ab
2326 2264 2392 2304 eo
2422 2251 2474 2304 in
2509 2250 2691 2321 Cypro
2715 2253 3021 2323 propagati.
3051 2252 3188 2307 Cum
3220 2253 3366 2308 enim
3391 2254 3647 2320 dixisset,
3678 2256 3820 2325 quod

2225 2351 2412 2396 sancta
2459 2343 2548 2397 illa
2605 2344 2763 2398 vidua
2813 2343 3246 2416 Hierosolymam
3291 2346 3582 2416 navigans,
3629 2365 3650 2399 ι
3702 2358 3819 2417 post

2228 2433 2474 2489 Rhodum
2534 2443 2590 2489 et
2640 2433 2861 2506 Lyciam
2925 2437 3140 2490 tandem
3203 2438 3337 2493 vidit
3390 2438 3677 2510 Cyprum,
3732 2439 3817 2494 ubi

2225 2529 2398 2584 sancti
2425 2538 2480 2584 et
2508 2530 2840 2584 venerabilis
2885 2529 3175 2598 Epiphanii
3229 2531 3458 2596 pedibus
3498 2531 3808 2600 provoluta,

2224 2617 2410 2673 decem
2452 2617 2522 2673 ab
2547 2634 2613 2674 eo
2641 2619 2836 2673 diebus
2885 2629 3094 2674 retenta
3137 2630 3251 2686 est;
3295 2638 3401 2675 nun
3449 2622 3504 2674 in
3558 2621 3812 2678 refectio-

2227 2727 2369 2776 nem,
2408 2719 2466 2764 ut
2518 2711 2609 2765 ille
2659 2712 3052 2776 arbitrabatur,
3091 2714 3184 2768 sed
3239 2714 3294 2767 in
3339 2730 3480 2784 opus
3517 2713 3613 2768 Dei
3652 2734 3666 2768 :
3710 2735 3730 2768 ι
3763 2723 3818 2770 ut

2228 2804 2331 2858 hoc
2362 2803 2542 2873 reipsa
2585 2805 2923 2873 comprobet,
2966 2823 2984 2856 ι
3025 2807 3231 2869 omnia,
3282 2808 3479 2877 inquit,
3527 2807 3678 2864 illius
3719 2809 3817 2866 loci

2225 2897 2554 2950 monasteria
2599 2896 2866 2963 lustrans,
2901 2907 3068 2967 prout
3113 2901 3311 2968 potuit,
3346 2900 3634 2971 refrigeria
3667 2917 3816 2957 sum-

2227 2995 2417 3055 ptuum
2444 2987 2710 3042 fratribus
2748 2982 3062 3060 dereliquit,
3093 3005 3234 3059 quos
3282 3005 3438 3044 amor
3496 2994 3674 3048 sancti
3720 2994 3815 3048 viri

2223 3078 2290 3134 de
2317 3089 2431 3133 toto
2461 3080 2590 3133 illuc
2621 3080 2754 3134 orbe
2793 3081 3155 3136 conduxerat.
3202 3101 3219 3133 ι
3266 3081 3397 3136 Erat
3427 3093 3614 3139 autem
3645 3101 3816 3141 annus

2224 3173 2331 3226 58$
2358 3172 2578 3241 quando
2608 3172 2714 3227 hoc
2742 3173 2991 3243 contigit,
3016 3174 3096 3228 uti
3125 3174 3196 3228 26
3224 3174 3471 3230 Januarii
3519 3178 3587 3231 ad
3648 3177 3813 3231 Vitam

2219 3263 2280 3318 S.
2315 3263 2509 3316 Paulae
2543 3265 2784 3332 diximus
2841 3283 2856 3318 :
2900 3266 3043 3334 apud
3085 3282 3250 3336 quam
3288 3267 3431 3322 Idem
3475 3268 3533 3323 S.
3578 3269 3812 3341 Epipha-

2218 3354 2345 3408 nius
2385 3353 2571 3407 Romae
2596 3365 2715 3408 erat
2749 3356 3056 3426 hospitatus
3084 3373 3230 3411 anno
3251 3358 3378 3424 382,
3412 3361 3640 3429 quando
3667 3378 3807 3427 eum,

2217 3459 2341 3500 cum
2389 3445 2596 3500 sanctis
2651 3444 2883 3500 Paulino
2937 3448 3282 3503 Antiocheno
3333 3460 3388 3504 et
3447 3451 3796 3526 Hieronymo,

2223 3556 2242 3587 ι
2303 3536 2530 3591 Romam
2580 3539 2955 3593 ecclesiastica
3029 3544 3196 3594 traxit
3252 3545 3589 3609 necessitas,
3653 3564 3673 3597 ι
3735 3545 3805 3599 uti

2217 3629 2383 3684 etiam
2421 3631 2615 3685 scribit
2651 3629 3018 3701 Hieronymus
3049 3632 3102 3685 in
3127 3633 3317 3688 eadem
3355 3633 3475 3688 Vita
3502 3635 3563 3690 S.
3592 3636 3804 3695 Paulle;

2217 3721 2422 3777 addens
2459 3721 2610 3791 quod
2642 3722 2758 3776 haec
2790 3740 2808 3772 ι
2852 3714 3046 3777 eorum
3092 3739 3324 3780 accensa
3365 3726 3684 3795 virtutibus,
3722 3745 3806 3798 per

2219 3821 2496 3870 momenta
2543 3815 2774 3884 patriam
2806 3815 3062 3872 deserere
3092 3818 3402 3888 cegitabat;
3449 3833 3558 3875 non
3592 3823 3806 3883 domus,

2219 3921 2327 3962 non
2350 3908 2672 3973 liberormn,
2695 3923 2806 3962 non
2834 3906 3075 3974 familiae,
3103 3924 3212 3965 non
3242 3912 3679 3980 possessionum,
3707 3928 3808 3968 non

2218 4000 2454 4070 alicujus
2485 4001 2563 4054 rei
2599 4015 2723 4070 quae
2756 4001 2822 4054 ad
2869 4002 3134 4056 sarculum
3170 4003 3406 4072 pertinet
3442 4021 3690 4073 memor;
3720 4021 3802 4061 so-

2216 4093 2379 4164 laque
2409 4094 2456 4147 si
2484 4094 2591 4148 dici
2621 4102 2806 4164 potest
2831 4104 2886 4148 et
2915 4095 3260 4162 incomitata,
3297 4097 3364 4150 ad
3403 4113 3654 4154 eremum
3682 4099 3807 4154 Pau-

2216 4185 2394 4240 lorum
2445 4195 2611 4257 atque
2655 4188 3025 4242 Antoniorum
3069 4203 3295 4260 pergere
3339 4192 3609 4258 gestiebat
3647 4211 3660 4248 :
3693 4202 3807 4247 tanc

2217 4279 2451 4348 demque
2479 4289 2667 4334 exacta
2695 4279 2898 4347 hieme,
2940 4291 3129 4352 aperto
3159 4283 3322 4346 mari,
3357 4283 3717 4340 redeuntibus
3741 4284 3804 4338 ad

2217 4371 2481 4430 ecclesias
2515 4386 2646 4426 suas
2671 4372 2964 4442 episcopis,
2993 4381 3050 4426 et
3075 4372 3192 4442 ipsa
3225 4386 3356 4429 veto
3377 4390 3502 4429 cum
3531 4376 3613 4431 eis
3637 4392 3702 4432 ac
3719 4377 3804 4430 de.

2219 4463 2423 4518 siderio
2455 4462 2751 4533 navigavit.
2786 4481 2806 4517 ι
2844 4463 2980 4518 Tam
3011 4464 3202 4520 ellleas
3232 4467 3374 4536 apud
3407 4483 3530 4523 eam
3573 4468 3678 4524 fuit
3707 4469 3802 4524 ho-

497 4559 680 4624 ‘citat,
735 4567 794 4610 ut
833 4557 982 4611 illius
1029 4573 1132 4613 nos
1177 4560 1528 4615 sermonibus
1574 4571 1629 4615 et
1677 4564 1854 4617 sensis
1891 4565 2108 4634 explere
2145 4577 2186 4631 ι)
2219 4554 2376 4624 Sphis
2402 4555 2836 4625 εθηεῑίεδῑητίρία
2853 4557 3218 4612 οοηνθτεππῖο·

523 4647 868 4705 Studeamus.
909 4647 1104 4702 Coram
1141 4649 1307 4719 igitur
1341 4652 1630 4714 adeuntes,
1668 4669 1766 4722 par
1806 4665 1926 4709 erat
1965 4657 2109 4725 ejus,

524 4754 650 4809 quaa
673 4738 725 4791 in
758 4746 808 4792 te
852 4738 1078 4808 perinde
1129 4749 1293 4809 atque
1344 4750 1398 4793 tu
1447 4743 1713 4810 apostolis
1764 4754 1868 4808 est,
1923 4747 2114 4815 gratim

520 4829 914 4885 communione
959 4828 1236 4897 perfundi.
1296 4830 1398 4886 Sed
1441 4847 1567 4887 cum
1613 4833 1716 4888 iter
1770 4835 1901 4890 illud
1953 4838 2112 4893 nobis

519 4924 772 4994 corporis
823 4923 1088 4993 aegritudo
1114 4932 1168 4978 et
1203 4924 1437 4994 languor
1481 4925 1966 4984 intercluserit.....
1999 4930 2115 4998 pie-

523 5026 688 5072 tatem
721 5025 870 5070 tuam
903 5015 1254 5070 vehementer
1281 5031 1604 5081 exoramus,
1643 5030 1702 5072 ut
1732 5035 1921 5075 eorum
1955 5022 2113 5076 nobis

525 5108 965 5163 communionem
999 5122 1070 5160 ne
1107 5107 1374 5173 invideas,
1412 5124 1535 5178 qua:
1563 5109 1696 5164 inte
1729 5122 1862 5165 sunt
1904 5126 1935 5165 a
1989 5110 2112 5166 Sal~

526 5207 712 5252 vatore
735 5197 954 5252 collata.
989 5193 1202 5249 Etenim
1235 5211 1342 5250 non
1390 5210 1492 5250 nos
1537 5196 1642 5266 ipsi
1683 5197 1888 5264 solum,
1923 5199 2020 5253 sed
2059 5207 2114 5253 et

527 5290 767 5342 universi
803 5290 897 5356 qui
948 5287 1265 5349 audierunt,
1301 5301 1501 5340 novum
1535 5295 1584 5342 te
1622 5289 1931 5356 apostolum
1969 5304 2113 5360 prte-

527 5395 830 5447 conemque
876 5381 1228 5444 confitentur,
1277 5393 1308 5431 a
1350 5377 1571 5434 Christo
1612 5381 1768 5436 nobis
1811 5381 1913 5437 hac
1953 5391 2113 5437 tetate

529 5469 880 5538 productum,
911 5469 1059 5522 velut
1112 5470 1348 5523 alterum
1395 5470 1690 5538 quemdam
1733 5469 2023 5537 Joannem,
2055 5483 2114 5526 ut

528 5574 594 5613 ea
624 5558 949 5630 praccipercs
979 5576 1101 5628 quae
1133 5561 1401 5615 servanda
1435 5572 1566 5617 sunt
1602 5563 1688 5625 iis,
1733 5565 1826 5633 qui
1874 5566 1927 5618 in
1979 5566 2112 5620 illud

532 5648 679 5717 quod
738 5647 1075 5714 arripuimus
1125 5651 1417 5706 sanctioris
1473 5655 1594 5706 vitae
1659 5655 1994 5709 curriculum
2054 5670 2111 5710 sc

534 5738 929 5794 commiserint.
970 5759 988 5791 ι

617 5829 702 5882 Μ.
737 5824 809 5880 Ut
843 5839 1020 5883 autem
1057 5830 1146 5884 illa
1186 5835 1512 5887 monasteria
1551 5836 1604 5889 in
1639 5836 1932 5904 Cwlesyria
1976 5841 2112 5895 invi-

2819 4669 3049 4725 CAPUT
3094 4671 3178 4727 Iil.

2216 4759 2543 4815 Liberalitas
2581 4759 3030 4833 Epiphaniierga
3077 4779 3335 4833 pauperes
3373 4781 3392 4818 :
3438 4779 3644 4822 mutuae
3673 4767 3800 4822 inter

2332 4848 2454 4884 eum
2483 4846 2532 4885 et
2561 4831 2827 4885 Joannem
2865 4831 3416 4904 HierosOlymitanum
3437 4839 3684 4910 φαεν-ρίαν.

2287 4924 2376 4976 15.
2408 4923 2464 4977 Si
2497 4939 2602 4992 qua
2629 4924 2760 4978 fides
2774 4934 2918 4978 esset
2947 4925 3434 4997 pseudepigrapbis
3467 4928 3526 4982 S.
3563 4929 3794 5000 Epipha-

2218 5014 2292 5067 nii
2317 5015 2490 5078 Actis,
2521 5015 2814 5067 dicendum
2845 5013 3002 5080 foret,
3041 5016 3354 5072 ordinatum
3397 5021 3567 5076 fuisse
3595 5023 3796 5090 episco-

2217 5121 2372 5175 pum,
2405 5115 2628 5176 propter
2659 5106 3052 5161 revelationem
3079 5107 3148 5163 de
3182 5125 3250 5164 eo
3281 5109 3482 5164 factam
3512 5111 3569 5166 S.
3599 5111 3792 5180 Pappo,

2213 5197 2472 5266 episcopo
2499 5196 2718 5268 Cytriaa,
2743 5199 2936 5267 quinto
2965 5214 2995 5252 a
3023 5198 3299 5255 Salamina
3321 5200 3600 5269 milliaria,
3633 5217 3793 5258 anuo-

2217 5304 2338 5342 rum
2375 5291 2775 5360 quinquaginta
2812 5291 3133 5361 episcopatu
3165 5301 3222 5348 et
3259 5293 3629 5350 confessionis
3674 5307 3790 5348 cum

2215 5379 2435 5436 Gelasio
2485 5379 2909 5437 Salaminiorum
2946 5384 3204 5453 episcopo
3245 5386 3410 5442 obitas
3451 5387 3622 5458 gloria
3665 5399 3791 5457 pra:-

2216 5473 2452 5537 cclleuti,
2485 5475 2574 5528 cui
2622 5477 2987 5545 metropolita:
3035 5479 3162 5532 novi
3209 5477 3646 5548 designationem
3685 5478 3791 5548 epi-

2216 5567 2366 5635 scopi
2389 5567 2568 5620 ueteri
2600 5569 2966 5636 provinciales
2991 5572 3407 5626 commiserant.
3435 5573 3508 5628 De
3534 5573 3591 5627 S.
3620 5572 3790 5638 Pappo

2219 5659 2433 5727 quidem
2468 5660 2604 5713 satis
2645 5671 2880 5724 constat,
2918 5678 3043 5717 eum
3077 5665 3244 5718 hodie
3277 5680 3498 5736 quoque
3524 5665 3666 5735 apud
3693 5662 3786 5732 Cy‘

2219 5750 2367 5818 prius
2399 5752 2500 5804 coli
2539 5767 2635 5819 pro
2665 5761 2879 5821 sancto,
2929 5762 3035 5809 sub
3083 5756 3316 5826 ejusque
3356 5758 3579 5812 nomine
3622 5754 3786 5808 adhuc

2220 5858 2442 5899 manere
2473 5845 2598 5914 oppi
2623 5845 2730 5899 ium
2760 5847 2906 5915 quod
2935 5847 3056 5916 ejus
3083 5849 3212 5904 olim
3267 5850 3372 5904 fuit
3410 5851 3780 5920 episcopatus:
