4058 6438
194 390 291 446 1Ξ5

1220 396 1276 451 S.
1314 396 1655 454 EPlfllANll
1700 400 1883 455 ACTA
1926 401 2427 459 BOLLANDI.‘-NA.

3400 407 3505 479 1226‘

197 509 334 562 diem
379 511 561 563 annui
615 512 809 583 cultus
856 514 1038 571 adhuc
1090 515 1415 585 ignoramus
1462 528 1519 572 et
1557 528 1813 589 optamus
1842 524 1887 580 Α
1919 521 2116 587 salvat,
2155 523 2387 578 alterum
2423 531 2628 585 autem,
2667 525 2794 592 quia
2831 531 2886 577 et
2930 524 3045 592 ipse
3074 539 3185 577 non
3225 524 3496 580 modicam

198 599 456 654 discere:
490 601 564 656 de
613 602 841 659 Gelasio
868 606 996 660 alibi
1043 608 1174 661 nihil
1217 607 1477 676 legimus;
1530 625 1706 679 neque
1747 619 1808 671 ut

199 707 324 745 vere
359 688 814 752 Salaminiorum
856 698 1144 770 episcopus
1185 699 1374 764 fuerit,
1424 702 1474 755 ei
1524 702 1808 763 credimus

202 785 549 843 successisse
602 788 1005 859 Epiphanium;
1042 791 1137 848 sed
1172 795 1355 863 potius
1406 795 1665 860 Auxibio,
1710 795 1807 866 qui

202 875 345 929 inter
394 876 639 948 Cyprios
690 881 976 953 episcopos
1025 883 1312 940 duodecim
1368 886 1583 957 (habuit
1624 899 1805 942 autem

207 967 386 1022 insula
421 969 734 1026 universim
769 973 1107 1046 episcopales
1141 976 1301 1033 sedes
1334 978 1673 1051 quindecim)
1706 994 1811 1033 no-

208 1061 458 1121 minatur
490 1079 524 1119 a
553 1062 613 1117 S.
651 1065 950 1121 Athanasio
975 1068 1204 1138 primus,
1236 1085 1427 1126 eorum
1454 1071 1547 1144 qui
1583 1072 1809 1145 synodi-

208 1170 327 1208 ram
359 1154 718 1214 Sardicensis
747 1160 1123 1216 conciliianno
1142 1163 1248 1219 517
1262 1163 1635 1234 subsiguaudo
1656 1173 1810 1235 post-

208 1260 274 1299 ea
328 1248 748 1315 approbarunt;
782 1251 1056 1313 autillius.
1102 1253 1147 1308 si
1177 1255 1805 1324 aliusquisintercessit,

211 1338 552 1393 Successori.
594 1338 674 1395 Eo
711 1351 952 1409 tempore
974 1356 1215 1414 coeperat
1242 1346 1421 1403 insula
1454 1362 1574 1401 cum
1624 1346 1683 1402 S.
1715 1346 1809 1399 lli-

212 1430 436 1485 larione
471 1434 781 1487 monachos
809 1434 971 1488 etiam
1000 1450 1165 1492 nosse
1192 1454 1207 1493 :
1234 1438 1495 1495 credibile
1524 1447 1704 1493 tamen
1726 1450 1813 1497 est

211 1520 286 1574 ab
303 1520 606 1591 Epipbauii
628 1523 967 1579 institutione
982 1534 1035 1579 et
1057 1541 1185 1580 cura
1213 1527 1468 1598 pleraque
1480 1543 1673 1583 eorum
1691 1544 1808 1585 mo-

214 1613 602 1671 nasteriorum
635 1626 811 1670 erecta
838 1615 1155 1691 directaque
1176 1617 1367 1681 fuisse,
1389 1634 1622 1688 quorum
1642 1634 1808 1690 supra

214 1706 617 1765 meminimus:
650 1706 787 1761 adeo
824 1716 885 1769 ut
919 1708 1113 1763 merito
1149 1710 1433 1781 scripserit
1470 1709 1815 1767 Sezomenus

215 1798 288 1853 de
319 1796 635 1866 Epiphanio
665 1798 760 1852 lib.
801 1815 1010 1870 vi,cap.
1047 1801 1137 1864 5‘3,
1162 1803 1306 1871 quod
1344 1821 1362 1853 ι
1409 1802 1463 1857 in
1508 1803 1810 1859 monastica

1925 614 2050 667 inde
2081 613 2386 669 mercedem
2426 614 2607 671 habet.
2637 615 2832 669 Attulit
2870 624 3052 668 autem
3087 615 3154 669 ad
3203 616 3502 671 credulita-

1920 713 2025 760 tem
2060 704 2212 759 verbi
2246 714 2301 759 ct
2324 706 2698 762 testimonium
2723 722 2910 771 verax,
2937 707 3082 776 quod
3108 706 3254 762 circa
3292 707 3349 762 S.
3375 706 3507 778 Epi-

1922 796 2183 866 phaniam
2215 806 2269 851 et
2311 795 2575 853 Joannem
2637 799 2950 868 episcopum
2995 797 3499 871 Hierosolymorum

1921 886 2127 945 factum
2160 898 2244 945 est
2273 905 2288 943 :
2322 890 2601 959 quomodo
2637 889 2695 945 S.
2723 889 3058 958 Epiphanius
3085 907 3182 961 per
3210 900 3383 945 artem
3414 902 3503 945 tu-

1918 979 1982 1035 lit
2004 989 2287 1048 argentum
2318 982 2667 1050 patriarchte,
2698 981 2949 1035 videlicet
2975 979 3204 1036 Joannis
3228 981 3500 1052 ejusdem,

1917 1080 1971 1126 et
2019 1072 2166 1125 dedit
2217 1072 2526 1136 egentibus.
2593 1092 2610 1123 ι
2669 1072 2784 1127 Alia
2848 1081 3000 1127 certe
3062 1082 3182 1127 arte
3245 1074 3503 1127 utebatur

1922 1164 1978 1218 S.
2009 1148 2775 1235 JoannesEleemosyuarins,
2828 1164 2958 1217 dum
3000 1164 3293 1219 identidem
3329 1166 3504 1221 dona-

1919 1264 2002 1311 tas
2035 1255 2179 1309 ultro
2216 1256 2281 1311 ad
2323 1271 2456 1311 suos
2485 1271 2620 1311 usus
2660 1257 2741 1311 vel
2772 1256 2935 1310 etiam
2972 1255 3170 1324 petitas
3197 1266 3375 1312 vestes
3404 1272 3501 1310 no-

1919 1363 2037 1411 vas,
2068 1348 2350 1403 vendendo
2379 1364 2443 1404 ac
2467 1348 2699 1417 pretium
2722 1348 3105 1403 distribuendo
3129 1349 3181 1402 in
3209 1364 3499 1420 pauperes.

1924 1459 1942 1490 ε
1982 1440 2225 1495 suaviter
2257 1440 2416 1509 quasi
2448 1439 2817 1495 vindemiabat
2861 1439 3153 1509 opulentos
3185 1441 3432 1496 homines
3475 1460 3496 1493 ι

1918 1544 2047 1601 erga
2075 1546 2134 1585 se
2172 1529 2447 1585 beneficos
2486 1547 2499 1583 :
2536 1545 2701 1599 quam
2751 1545 2859 1599 qua
2908 1544 3043 1584 usus
3098 1530 3324 1599 tingitur
3373 1530 3501 1600 Epi-

1919 1621 2179 1692 phanius,
2215 1621 2311 1692 qui
2354 1630 2741 1691 argenteorum
2783 1637 3065 1685 vasorum,
3108 1624 3256 1677 velut
3292 1623 3358 1676 ad
3407 1625 3505 1678 ho-

1918 1716 2120 1785 spitum
2164 1714 2531 1785 quorumdam
2584 1714 2968 1769 tractationem
3016 1721 3211 1769 mutuo
3252 1725 3496 1786 accepto-

1922 1821 2066 1870 rum,
2110 1823 2129 1858 ι
2181 1804 2394 1877 pondus
2443 1804 2705 1858 librarum
2770 1805 2918 1859 mille
2968 1806 3425 1875 quingentarum,
3479 1828 3499 1858 ι

216 1887 517 1958 disciplina
554 1888 944 1944 celeberrimus
971 1891 1179 1944 exstitit
1200 1901 1253 1945 et
1284 1890 1553 1963 IEgyptiis
1581 1902 1635 1948 et
1658 1893 1821 1948 Pakre-
1851 1890 1891 1946 ll
1922 1898 2098 1952 inscio
2130 1897 2352 1952 donduo
2398 1895 2706 1951 vendiderit
2737 1896 3173 1966 erogaveritque,
3215 1913 3278 1952 ac
3313 1909 3502 1967 postea

218 1979 436 2043 stiuiis,
460 1988 516 2033 et
530 1979 762 2050 denique
778 1981 993 2052 Cypriis
1019 1983 1161 2051 apud
1180 1999 1320 2055 quos
1334 1984 1541 2040 electus
1567 1994 1729 2042 estut
1760 1986 1814 2041 in

221 2072 524 2142 metropoli
573 2072 740 2127 t0tius
772 2073 963 2129 insula:
988 2075 1360 2145 episcopatum
1387 2077 1813 2132 administraret.

299 2163 392 2217 16.
436 2162 575 2217 Dum
604 2165 748 2219 lumc
779 2177 1009 2235 gereret,
1043 2184 1062 2216 ι
1104 2167 1275 2222 multa
1307 2168 1384 2221 illi
1428 2168 1691 2225 miracula
1720 2170 1818 2227 tri-

224 2255 502 2319 buuntur,
529 2270 594 2308 ex
626 2256 827 2324 quibus
860 2257 988 2310 illud
1022 2258 1087 2311 a.l
1119 2259 1372 2313 notitiam
1402 2269 1650 2314 nostram
1694 2276 1819 2331 per-

224 2349 401 2413 venit,
438 2367 456 2399 ι
498 2349 675 2417 inquit
702 2347 844 2403 idem
888 2347 1228 2405 Sozomenus
1268 2351 1363 2406 lib.
1408 2367 1507 2414 vn,
1556 2368 1676 2425 cap.
1724 2354 1817 2412 27.

229 2457 250 2490 σ
287 2439 434 2493 Cum
466 2439 705 2496 liberalis
738 2450 884 2496 esset
914 2455 1040 2511 erga
1070 2458 1359 2513 pauperes,
1408 2445 1500 2514 qui
1557 2447 1638 2499 vel
1681 2461 1818 2500 nau-

228 2530 410 2603 fragio
448 2534 533 2586 vel
560 2532 668 2587 alio
714 2534 971 2607 quopiam
1017 2549 1152 2590 casu
1198 2535 1266 2590 ad
1313 2537 1553 2606 inapiam
1613 2538 1818 2597 redacti

227 2634 439 2692 essent,
479 2626 741 2697 quoniam
777 2624 1063 2683 facultates
1096 2643 1225 2684 suas
1244 2629 1357 2699 jam
1384 2631 1593 2700 pridem
1627 2647 1819 2687 omnes

228 2717 638 2787 absumpserat,
688 2718 930 2773 ecclesia:
957 2719 1117 2775 bonis
1146 2721 1235 2774 ubi
1276 2736 1412 2792 Opus
1455 2731 1574 2777 erat
1609 2724 1819 2792 prolixe

232 2824 365 2863 usus
398 2818 525 2863 est:
560 2818 679 2864 erat
712 2818 890 2865 autem
928 2812 1341 2882 opulentissima
1389 2814 1511 2884 ejus
1561 2800 1815 2871 ecclesia.

230 2899 387 2955 Multi
416 2901 565 2957 enim
590 2918 656 2956 ex
688 2903 866 2957 variis
897 2905 1141 2974 partibus
1178 2906 1350 2973 orbis,
1395 2907 1489 2977 qui
1519 2922 1652 2977 opes
1690 2923 1821 2964 suas

231 2991 445 3063 inpios
501 3010 633 3049 usus
683 2994 995 3063 impendere
1041 2997 1353 3064 studebant,
1396 3008 1453 3057 ct
1500 3002 1821 3071 superstites

232 3084 351 3153 ejus
398 3086 650 3141 ecclesia:
673 3101 768 3142 cas
797 3087 1200 3156 impendebant,
1232 3099 1286 3143 et
1323 3092 1618 3149 morientes
1644 3092 1820 3147 cidem

235 3179 644 3249 relinquebant.
671 3178 1029 3235 Coniidebaut
1062 3183 1207 3236 enim
1259 3184 1431 3246 illum,
1491 3194 1677 3255 utpote
1729 3185 1823 3256 qui

235 3268 445 3338 probus
474 3269 822 3339 dispensator
852 3268 1059 3341 Deique
1090 3275 1509 3331 amantissimus
1543 3288 1708 3342 esset,
1737 3292 1826 3331 res

235 3362 303 3415 ab
326 3361 463 3431 ipsis
497 3361 726 3417 donatas
760 3378 826 3416 ex
856 3363 1099 3433 ipsorum
1138 3366 1408 3421 sententia
1437 3383 1503 3422 ac
1541 3369 1821 3424 voluntate

238 3464 618 3524 crogaturum.
665 3454 914 3519 Quodam
972 3455 1156 3543 ἰςῑιιηχ
1186 3452 1427 3533 tempore
1472 3477 1596 3515 cum
1642 3477 1828 3532 paucae

240 3547 539 3600 admodum
598 3546 844 3617 pecunia:
906 3558 1293 3617 superessent,
1365 3552 1520 3608 aiunt
1585 3554 1829 3610 ecclesiae

242 3654 595 3697 Oeconomum
655 3641 1057 3705 succensuisse,
1109 3658 1348 3713 eumque
1396 3652 1659 3717 tanquam
1700 3661 1829 3717 ι)Γο-

244 3731 429 3803 digum
456 3732 871 3802 reprehendisse
898 3751 911 3787 :
943 3734 1094 3789 illum
1132 3751 1284 3799 vero,
1326 3753 1393 3792 ne
1431 3747 1545 3792 tum
1581 3740 1827 3808 quidem,

244 3823 311 3878 de
358 3823 521 3878 solita
576 3839 702 3896 erga
759 3840 1024 3896 pauperes
1081 3827 1457 3884 munificentia
1524 3832 1827 3889 remisisse.

245 3914 518 3971 Omnibus
554 3925 736 3971 autem
784 3918 1146 3987 consumptis,
1192 3928 1435 3989 rcpeute‘
1464 3926 1654 3979 nescio
1704 3925 1831 3995 quis

245 4008 311 4063 ad
343 4009 685 4073 cubiculum,
739 4011 792 4064 iu
837 4025 949 4081 quo
1000 4011 1231 4081 degebat
1284 4028 1629 4080 oeconomus,
1673 4030 1832 4071 acce-

246 4102 407 4165 dens,
439 4117 662 4157 saccum
692 4102 744 4156 in
780 4120 891 4173 quo
922 4105 1077 4158 multi
1120 4114 1279 4159 erant
1322 4105 1473 4159 aurei
1521 4106 1731 4160 nummi
1776 4106 1830 4160 in

248 4212 451 4250 manus
474 4197 523 4250 ei
556 4196 797 4251 tradidit.
832 4198 1078 4267 Cumque
1114 4214 1214 4253 nec
1252 4198 1297 4253 is
1344 4199 1439 4269 qui
1477 4199 1703 4253 dederat
1735 4215 1834 4254 nec

251 4288 298 4344 is
332 4289 432 4358 qui
460 4289 683 4343 miserat
728 4300 1064 4355 nosceretur,
1101 4290 1485 4361 videreturque
1527 4291 1720 4345 merito
1752 4292 1835 4345 in-

252 4385 440 4439 solens
471 4398 797 4452 quemquam
818 4383 872 4436 iu
907 4390 1056 4438 tanta
1082 4384 1333 4453 pecunia:
1358 4384 1647 4454 largitione
1666 4383 1835 4439 latere

253 4477 415 4541 velle,
430 4484 543 4530 tum
565 4492 690 4531 vero
710 4476 949 4532 universi
970 4477 1020 4531 id
1044 4475 1138 4531 Dei
1165 4491 1303 4546 opus
1326 4476 1796 4547 essejudicarunt.
1811 4497 1828 4530 ι

327 4570 416 4622 17.
451 4567 527 4622 lta
579 4567 949 4633 Sozomenus,
1002 4576 1264 4637 tanquam
1327 4568 1433 4623 hoc
1490 4569 1836 4639 alterumque
1869 4587 1913 4642 ι)

258 4679 385 4718 mox
419 4661 813 4733 subjiciendum
834 4662 1009 4715 solum
1029 4660 1283 4735 distincte
1302 4661 1578 4731 cognitum
1597 4661 1839 4728 habens;

256 4756 489 4828 proinde
521 4755 656 4809 nihil
697 4756 877 4811 sciens
906 4754 972 4809 de
999 4754 1397 4809 commentitiis
1429 4753 1537 4808 illis
1579 4770 1644 4809 ac
1681 4770 1835 4809 meu-

257 4846 572 4903 dacissimis
623 4846 793 4909 Actis,
832 4846 884 4900 in
934 4844 1137 4917 quibus
1171 4856 1284 4900 tum
1332 4845 1440 4903 alia
1487 4845 1657 4899 multa
1686 4844 1843 4901 valde

259 4937 564 5011 singularia
595 4939 964 5002 continentur,
991 4946 1104 4990 tum
1136 4936 1225 4991 illa
1268 4935 1385 5006 ipsa
1410 4935 1521 4990 duo
1548 4935 1707 5007 longe
1741 4935 1842 4990 ali-

172 5029 181 5035 ”
261 5042 346 5086 ter
377 5039 701 5099 narrantur;
734 5029 880 5100 quod
914 5030 1056 5084 idem
1109 5028 1379 5083 aeridisse
1427 5028 1645 5085 videtur
1665 5013 1839 5082 “alteri

264 5122 323 5178 δ.
361 5121 649 5195 Epiphanii
681 5121 849 5183 facto,
875 5121 1035 5190 cujus
1075 5119 1128 5173 in
1174 5117 1295 5173 Vita
1333 5116 1392 5174 S.
1430 5118 1657 5173 Joannis
1696 5118 1845 5173 Elea.

266 5212 582 5283 mosynarii,
608 5227 638 5266 a
685 5210 846 5266 nobis
876 5210 1003 5265 data
1044 5209 1116 5263 Ξῖ)
1151 5207 1420 5274 Januarii,
1457 5208 1531 5262 ita
1593 5207 1845 5263 meminit

263 5321 482 5363 emevus
506 5303 701 5358 Joanni
735 5303 1014 5367 Leontius,
1048 5301 1350 5372 Neapoleos
1373 5300 1535 5373 Cypri
1555 5302 1845 5372 episcopus

263 5398 467 5454 saeculo
486 5412 584 5462 vn,
617 5411 672 5449 n.
705 5394 797 5458 55,
828 5407 1078 5457 narrans,
1114 5393 1261 5464 quod
1295 5391 1354 5448 S.
1373 5392 1613 5447 Joannes
1644 5412 1663 5444 ‹
1699 5394 1847 5449 dice-

268 5495 359 5546 hat
385 5503 622 5559 semper,
659 5486 805 5556 quod
851 5494 1034 5555 posset
1083 5486 1303 5556 aliquis,
1350 5470 1651 5539 intentione
1682 5484 1847 5540 dandi

276 5579 627 5651 pauperibus,
663 5576 974 5647 exspoliare
1003 5574 1224 5641 divites,
1255 5586 1311 5630 et
1343 5576 1522 5646 ipsum
1552 5576 1719 5631 etiam
1752 5576 1849 5647 hy-

269 5672 628 5744 pocamisium
660 5670 732 5724 ab
773 5668 854 5723 eis
887 5669 1144 5723 benevole
1175 5668 1413 5733 auferre,
1454 5675 1508 5723 et
1533 5668 1770 5721 maxime
1801 5668 1847 5722 si

268 5773 397 5820 sunt
425 5760 594 5832 aliqui
628 5756 1095 5813 immisericordes
1134 5766 1187 5811 et
1227 5760 1398 5811 avari.
1444 5756 1562 5811 Duo
1602 5758 1749 5812 cnim
1780 5773 1846 5811 ex

270 5856 370 5910 hoc
400 5853 665 5918 lucretur,
705 5864 874 5903 unum
907 5847 1126 5917 quidem
1173 5850 1300 5916 quia
1362 5849 1573 5903 animas
1626 5849 1846 5903 illorum

1922 1992 1975 2046 iu
2015 1990 2256 2061 episcopi
2292 1988 2360 2043 de
2401 1987 2604 2058 injuria
2644 1988 2746 2043 sibi
2793 1987 2933 2045 facta
2984 1990 3267 2060 querentis
3309 1990 3502 2045 faciem

1919 2099 2220 2155 exspueus,
2256 2098 2381 2137 eum
2412 2080 2786 2137 exczceaverit.

1993 2178 2081 2234 18.
2125 2174 2257 2230 Tam
2284 2173 2429 2228 enim
2468 2170 2897 2227 circumstantiae
2946 2186 3026 2227 ea:
3072 2170 3223 2227 falsa:
3257 2188 3380 2228 esse
3421 2174 3506 2226 vi-

1921 2272 2139 2329 dentur.
2167 2286 2333 2340 quam
2363 2269 2508 2340 quod
2555 2268 2698 2324 idem
2741 2268 3005 2333 Joannes,
3045 2279 3265 2340 recepto
3309 2271 3508 2326 deinde

1922 2362 1988 2417 ad
2022 2377 2208 2432 preces
2241 2359 2531 2430 Epiphanii
2559 2360 2679 2416 visu
2730 2362 2894 2415 unius
2924 2362 3098 2416 solius
3136 2362 3302 2425 oculi,
3354 2381 3374 2414 ι
3411 2379 3506 2419 ca-

1926 2452 2164 2523 stigatus
2197 2460 2252 2505 ct
2311 2451 2602 2505 convictus
2645 2465 2675 2506 a
2723 2451 2842 2505 viro
2879 2452 3033 2520 justo
3085 2450 3189 2507 fuit
3251 2452 3509 2523 deinceps

1923 2555 2148 2601 sanctus
2178 2545 2231 2598 in
2269 2544 2545 2600 omnibus.
2591 2562 2610 2595 ι
2648 2541 2763 2599 lloc
2795 2560 2929 2600 sane
2960 2545 3028 2601 de
3077 2560 3144 2600 eo
3185 2562 3295 2600 non
3335 2547 3509 2602 sensit

1924 2635 2284 2707 Epiphanius,
2330 2637 2552 2704 quando
2593 2636 2660 2691 ad
2717 2637 2993 2701 eumdem,
3048 2636 3116 2692 de
3163 2635 3513 2708 Origcnianis

1924 2726 2207 2781 erroribus
2245 2725 2388 2795 apud
2439 2741 2499 2781 se
2545 2736 2889 2796 su5peetum,
2942 2738 2997 2782 et
3046 2728 3322 2784 immerito
3368 2729 3513 2784 indi-

1924 2826 2185 2890 gnantem
2214 2817 2344 2887 quia
2381 2815 2441 2872 S.
2469 2817 2788 2889 Hieronymi
2826 2819 3076 2885 fratrem,
3119 2821 3507 2876 Paulinianum

1926 2910 2257 2967 monachum
2301 2910 2417 2979 ipse
2456 2911 2834 2982 presbyterum
2873 2914 3173 2978 ordinarat,
3219 2915 3511 2983 epistolam

1896 3002 2164 3072 scripsit.
2190 3018 2354 3072 quam
2386 3002 2456 3057 ab
2486 3003 2719 3072 ipsomct
2769 3002 2827 3058 S.
2874 3004 3203 3077 Hieronymo
3246 3008 3513 3062 habemus

1926 3092 2224 3151 Latinitate
2252 3094 2533 3162 donatam,
2559 3094 2662 3150 hoc
2680 3095 2949 3166 principio
2979 3114 2995 3152 :
3025 3116 3042 3147 ι
3072 3096 3366 3167 Oportebat
3388 3114 3516 3161 nos,

1928 3185 2300 3250 dilectissime,
2323 3185 2611 3241 clericatus
2634 3186 2841 3242 honore
2876 3205 2985 3243 non
3026 3189 3173 3246 abuti
3216 3190 3287 3245 ob
3322 3205 3514 3259 super-

1929 3277 2096 3343 biam,
2146 3278 2241 3332 sed
2288 3278 2536 3334 custodia
2582 3278 2965 3334 mandatorum
3016 3278 3107 3333 Dei
3156 3289 3211 3334 et
3250 3280 3516 3334 observa-

1927 3369 2079 3423 tione
2103 3368 2430 3438 dignissima
2478 3370 2583 3425 hoc
2624 3386 2746 3427 esse
2783 3371 2931 3440 quod
2974 3370 3279 3451 dicimur...
3316 3371 3515 3426 Audivi

1926 3463 2072 3517 enim
2113 3462 2258 3534 quod
2291 3474 2502 3520 tumeas
2526 3471 2720 3519 contra
2752 3478 2877 3528 nos,
2906 3474 2962 3519 et
2999 3463 3281 3527 irascaris,
3315 3471 3369 3518 et
3404 3464 3517 3517 mi—

1928 3556 2120 3611 niteris
2174 3557 2414 3612 scribere
2464 3556 2518 3622 iu
2557 3545 2854 3610 extremos
2900 3556 3037 3610 lines
3092 3563 3315 3610 terrm...
3367 3552 3515 3609 Nihil

1929 3644 2027 3699 tibi
2052 3646 2359 3708 nocuimus,
2392 3646 2526 3700 nihil
2564 3646 2778 3715 injuriae
2806 3644 3058 3713 fecimus,
3091 3646 3227 3699 nihil
3253 3646 3516 3701 violenter

1928 3740 2278 3795 extorsimus.
2311 3738 2370 3792 In
2398 3739 2731 3794 monasterio
2763 3740 3018 3803 fratrum,
3055 3747 3110 3793 et
3154 3738 3384 3793 Latrum
3429 3754 3518 3807 pe-

1930 3830 2299 3900 regrinorum,
2344 3831 2438 3897 qui
2476 3831 2770 3901 provincia:
2818 3840 2927 3886 tuae
2975 3831 3110 3885 nihil
3155 3831 3433 3893 deberent,
3462 3838 3518 3885 et

1930 3930 2149 3992 propter
2199 3932 2441 3978 nostram
2498 3923 2819 3992 parvitatem
2867 3931 2917 3977 et
2968 3922 3203 3987 litteras,
3252 3938 3391 3993 quas
3446 3920 3519 3976 ad

1931 4029 2027 4070 eos
2049 4016 2243 4071 crebro
2276 4015 2605 4079 direximus,
2644 4030 2710 4069 ne
2745 4015 3060 4071 viderentur
3097 4016 3334 4085 quadam
3362 4015 3516 4070 duri-

1933 4105 2006 4158 tia
2035 4113 2089 4159 et
2120 4104 2455 4159 conscientia
2485 4112 2671 4159 nostra
2706 4105 2946 4173 antiquze
2987 4103 3110 4157 fidei
3159 4102 3229 4157 ab
3273 4100 3519 4161 Ecclesia

1935 4196 2202 4265 separari,
2241 4196 2616 4251 ordinavimus
2640 4195 2954 4260 diaconum,
2988 4205 3041 4249 et
3077 4202 3366 4263 postquam
3414 4194 3523 4247 mia

1888 4332 1899 4343 .
1935 4284 2188 4341 nislravit
2220 4299 2412 4340 rursus
2446 4283 2826 4354 presbyterum
2858 4297 3063 4352 :super
3099 4297 3209 4351 quo
3249 4280 3523 4335 debueras

1936 4375 2229 4446 gratulari,
2286 4374 2592 4444 intelligens
2632 4372 2786 4442 quod
2846 4372 2918 4427 ob
2967 4371 3060 4427 Dei
3113 4360 3366 4426 timorem
3417 4371 3521 4426 hoc

1938 4482 2132 4521 sumus
2160 4464 2338 4520 facere
2361 4463 2750 4535 compulsi.....

2013 4558 2103 4613 l9.
2138 4577 2157 4613 ι
2199 4559 2334 4613 Cum
2375 4558 2521 4612 enim
2561 4555 2820 4610 vidissem
2872 4553 3002 4625 quia
3051 4551 3344 4608 multitudo
3392 4570 3517 4608 san-

1942 4662 2156 4707 ctorum
2190 4649 2419 4703 fratrum
2464 4651 2515 4704 in
2558 4646 2898 4704 monasterio
2928 4646 3277 4710 consisteret,
3310 4654 3366 4699 et
3395 4660 3522 4699 san-

1941 4741 2013 4797 cti
2059 4741 2362 4812 presbyteri
2398 4738 2762 4811 Hieronymus
2810 4753 2877 4793 ac
2922 4735 3262 4800 Vincentius,
3307 4744 3526 4805 propter

1942 4833 2330 4889 verecundiam
2361 4840 2417 4886 et
2448 4831 2834 4895 humilitatem,
2883 4827 3076 4882 nolens
3102 4826 3285 4881 debila
3316 4826 3527 4883 nomini

1945 4940 2048 4982 suo
2075 4939 2331 4980 exercere
2361 4922 2653 4989 sacrificia,
2699 4930 2754 4975 et
2803 4920 3052 4974 laborare
3106 4918 3160 4971 in
3220 4918 3321 4971 hac
3373 4929 3527 4986 parte

1947 5015 2237 5072 ministerii
2272 5031 2395 5085 qua:
2419 5011 2856 5067 Clu-istianorun‘i
2905 5009 3179 5079 praecipua
3226 5008 3375 5063 salus
3409 5016 3525 5072 est;

1948 5107 2193 5162 invenire
2216 5113 2395 5159 autem
2423 5112 2477 5157 et
2500 5100 2983 5172 comprebemlere,
3019 5099 3111 5167 qui
3146 5108 3197 5151 te
3240 5097 3341 5166 (eo
3376 5097 3525 5167 quod

1947 5215 2112 5272 grave
2133 5211 2274 5252 onus
2305 5194 2595 5250 sacerdotii
2624 5193 2789 5246 nollet
2829 5190 3129 5258 suscipere)
3163 5203 3307 5257 saepe
3356 5186 3528 5258 fugie-

1949 5292 2061 5356 bat,
2092 5305 2193 5344 nec
2222 5288 2364 5342 alius
2394 5286 2519 5356 quis
2552 5285 2939 5355 episcoporum
2971 5281 3129 5335 facile
3169 5295 3295 5335 eum
3329 5281 3530 5349 reperi-

1949 5396 2033 5438 ret
2063 5381 2233 5452 (unde
2257 5390 2309 5435 et
2342 5379 2478 5435 satis
2518 5377 2748 5432 miratus
2780 5389 2900 5427 sum
2936 5374 3214 5444 quomodo
3245 5373 3530 5442 dispensa-

1950 5474 2100 5529 tione
2126 5471 2216 5528 Dei
2257 5473 2324 5526 ad
2363 5486 2461 5525 nos
2486 5470 2696 5524 venerit
2744 5484 2867 5523 eum
2919 5465 3165 5520 diaconis
3215 5464 3536 5521 monasterii

1950 5583 2005 5626 ct
2039 5568 2252 5624 caeteris
2279 5565 2564 5628 fratribus,
2606 5573 2667 5616 ut
2697 5562 2830 5616 mihi
2870 5559 3229 5625 satisfaceret,
3270 5561 3397 5629 quia
3445 5575 3531 5612 ue-

1952 5664 2068 5718 scio
2098 5660 2226 5731 quid
2256 5660 2519 5713 adversus
2547 5673 2643 5711 eos
2676 5655 2944 5709 habebam
2982 5653 3237 5719 tristitiae)
3262 5668 3411 5715 eum,
3447 5650 3531 5702 in-

1954 5770 2143 5826 quam,
2186 5752 2556 5805 celebraretur
2595 5747 2819 5801 collecta
2857 5746 2909 5798 in
2951 5744 3181 5799 ecclesia
3224 5741 3363 5797 vilia:
3411 5755 3531 5810 qth

1956 5855 2035 5903 cst
2070 5845 2221 5909 iuxta
2265 5838 2655 5897 monasterium
2698 5844 2988 5900 nostrum;
3028 5834 3369 5901 ignorantem
3406 5846 3530 5886 cum
