4058 6444
531 396 639 454 197

1567 400 1624 454 S.
1652 398 2003 455 EPIPIIANII
2034 397 2215 454 ACTA
2257 399 2759 457 BOLLANDIANA.

3742 398 3851 451 1‘28

531 528 589 575 et
616 515 821 573 nullam
853 520 1073 589 penitus
1120 519 1407 575 habentem
1444 522 1817 591 suspicionem
1853 538 1947 591 per
1976 522 2118 576 mul-
2149 529 2194 583 Α
2229 523 2552 594 indignatio,
2584 540 2682 580 nec
2707 523 2911 578 frustra
2955 524 3228 578 movearis
3263 542 3275 577 :
3315 532 3369 576 et
3417 522 3576 576 aliud
3642 518 3854 574 dolens

532 619 620 666 tos
642 611 906 667 diaconos
929 614 1260 682 apprehendi
1284 614 1578 684 jussitnus,
1602 624 1656 667 et
1683 616 1854 669 teneri
1882 631 1944 669 os
1974 615 2116 685 ejus,

535 718 603 756 ne
629 700 769 758 forte
792 705 1012 760 liberari
1056 724 1114 762 se
1150 708 1380 776 cupiens
1426 707 1710 777 adjuraret
1756 725 1857 763 nos
1896 724 1988 777 per
2027 723 2125 761 uo—

537 808 662 848 men
695 794 899 850 Christi
938 815 951 851 :
1005 808 1058 851 et
1107 799 1341 867 primum
1393 799 1685 855 diaconum
1723 800 2121 864 ordiuavimus,

534 901 906 956 proponentes
936 890 983 943 ei
1027 890 1280 945 timorem
1320 891 1412 946 Dei
1454 911 1466 947 :
1499 892 1657 948 valde
1687 895 1887 963 quippe
1916 893 2125 946 obnite-

537 977 719 1045 batur,
753 980 1031 1052 indignum
1061 1000 1120 1038 se.
1151 1000 1272 1039 esse
1298 994 1637 1040 contestans.
1674 984 1944 1055 Vixvergo
1971 1000 2124 1039 com-

538 1070 777 1134 polimus
810 1087 933 1125 eum
982 1083 1037 1127 et
1074 1075 1408 1143 persuadere
1457 1078 1740 1146 potuimus
1794 1076 2125 1131 testimoniis

538 1159 946 1229 Seripturarum
990 1174 1044 1217 et
1081 1166 1464 1220 mandatorum
1513 1166 1629 1220 Dei.
1680 1166 1744 1221 Et
1788 1183 1912 1221 eum
1960 1166 2125 1221 mini-

533 1259 734 1305 straret
775 1252 829 1306 in
881 1256 1090 1311 sanctis
1117 1257 1423 1320 sacriﬁciis,
1472 1273 1667 1313 rursus
1717 1272 1867 1323 eum,
1919 1255 2123 1327 ingenti

531 1341 851 1398 difficultate
888 1354 1037 1399 tento
1085 1363 1181 1401 ore
1218 1347 1359 1417 ejus,
1410 1349 1791 1404 ordinavimus
1838 1349 2125 1420 presbyte-

535 1449 682 1498 rttm,
716 1447 771 1490 et
804 1438 994 1492 iisdem
1032 1440 1231 1504 verbis,
1282 1441 1485 1510 quibus
1534 1451 1693 1497 antea
1743 1457 2122 1509 suaseramus,

533 1527 856 1594 impulimus
888 1537 943 1583 ιιι
997 1532 1212 1585 sederet
1267 1532 1321 1585 in
1368 1532 1561 1587 ordine
1617 1534 1936 1605 presbyteri.
1995 1532 2127 1587 Post

534 1617 649 1671 hwc
708 1620 1035 1689 scripsimus
1090 1623 1156 1677 ad
1224 1633 1446 1679 sanctos
1514 1626 1865 1696 presbyteros
1934 1642 2128 1680 mona-

534 1712 685 1764 sterii
712 1720 766 1765 et
795 1723 1022 1770 caeteros
1046 1714 1337 1780 fratres,et
1367 1718 1771 1787 inerepavimus
1796 1734 1914 1784 eos,
1952 1735 2125 1789 quare

534 1818 645 1861 nou
671 1805 1025 1873 scripsissent
1051 1823 1215 1876 super
1240 1824 1307 1863 eo
1350 1812 1494 1881 (cum
1524 1820 1650 1865 ante
1681 1827 1885 1865 annum
1923 1812 2124 1866 multos

2229 632 2335 669 nun
2372 626 2423 669 te
2450 618 2719 670 vet-tasal
2758 617 2887 679 alia,
2940 626 2997 670 ut
3035 616 3295 687 peccandi
3340 615 3718 669 occasionem
3768 612 3857 665 in-

2230 708 2446 762 venisse
2469 709 2722 773 videaris,
2760 710 2905 778 qttod
2935 707 3208 777 Propheta
3235 708 3485 761 devitans
3521 705 3849 758 Dominum

2230 810 2504 869 precatur,
2537 802 2771 855 dicens:
2809 799 2933 854 Non
2972 800 3199 854 dcrlmes
3225 816 3315 853 cor
3336 816 3504 852 meum
3558 798 3623 850 in
3688 795 3854 849 verba

2229 890 2452 943 malitiw
2525 891 2593 943 ad
2650 892 2980 945 excusandas
3041 890 3407 944 excusationes
3467 889 3524 940 in
3600 885 3853 956 peccatis

2228 980 2405 1051 (Psal.
2436 998 2560 1047 CXL,
2589 982 2665 1051 4).
2694 1002 2711 1031 ι
2746 980 2953 1053 Nempe
2983 982 3201 1036 dolebat
3229 979 3522 1039 Joannem,
3555 978 3720 1048 quod
3750 993 3852 1046 pro

2239 1073 2585 1145 Origeuianaa
2621 1075 2843 1130 liatrcsis
2889 1074 3209 1130 defensioue
3241 1074 3437 1127 fuisset
3479 1071 3555 1126 ab
3596 1070 3850 1138 Epipha-

2229 1169 2322 1223 nio
2353 1180 2677 1238 correptus;
2711 1178 2763 1223 et
2795 1183 2857 1223 ea
2895 1169 2960 1223 de
2987 1183 3150 1222 causa
3182 1165 3510 1220 dissidentes
3544 1164 3723 1216 abeo
3752 1160 3850 1230 qui

2230 1258 2569 1330 Hieronymo
2611 1261 2965 1316 adhzerehattt
3013 1260 3336 1325 monachos,
3372 1259 3487 1327 ipse
3549 1257 3683 1311 suis
3733 1252 3853 1322 epi-

2231 1351 2389 1406 stolis
2424 1352 2758 1421 monitisque
2799 1352 3086 1405 roboraret
3126 1350 3191 1404 ad
3229 1348 3613 1404 constantiam
3654 1347 3712 1400 itt
3757 1362 3848 1398 re-

2229 1445 2510 1515 pudiaudo
2568 1445 2851 1515 Origene;
2911 1459 3086 1513 eaque
3153 1441 3220 1496 de
3283 1455 3453 1496 causa
3516 1447 3770 1492 vexatos
3817 1452 3849 1490 a

2229 1534 2441 1591 Joanne
2484 1537 2866 1591 consolaretur
2897 1535 3319 1605 atquejnvaret.

2299 1629 2391 1683 21.
2416 1627 2482 1681 Et
2515 1631 2618 1684 hoc
2643 1639 2746 1693 est,
2777 1645 2888 1699 quo
2921 1628 3121 1699 stylum
3165 1626 3327 1681 vertit
3359 1622 3745 1695 Epiphanius,
3774 1619 3849 1673 ita

2230 1735 2570 1791 prosequens
2602 1728 2838 1789 emptam
2869 1718 3159 1788 epistolam
3201 1734 3215 1770 :
3247 1734 3265 1765 ι
3306 1714 3439 1768 Illud
3467 1727 3713 1783 quoque
3743 1726 3849 1761 :III-

2231 1810 2390 1866 dicns
2441 1811 2742 1865 admiratus
2788 1825 2934 1875 sutn,
2986 1807 3130 1879 quod
3190 1807 3437 1876 quidam,
3497 1804 3602 1873 qui
3665 1802 3851 1856 solent

534 1911 728 1949 eorum
770 1898 928 1967 queri
964 1900 1265 1966 audissem,
1306 1917 1405 1956 cur
1442 1918 1549 1956 non
1598 1904 1860 1958 haberent
1890 1903 1984 1973 qui
2019 1903 2123 1957 sibi
2162 1882 2202 1937 Β
2234 1906 2381 1961 ultro
2406 1907 2654 1975 citroque
2694 1915 2915 1976 portare
2945 1903 3314 1963 rumusculos,
3359 1910 3413 1954 et
3436 1899 3535 1969 (his
3564 1912 3700 1966 qua:
3744 1910 3847 1947 att-

536 1986 754 2042 Domiui
780 2003 1124 2045 sacramenta
1160 1993 1513 2059 conﬁcerent,
1543 2004 1598 2048 et
1628 1995 1779 2049 illum
1805 2011 1996 2050 omnes
2022 2011 2125 2050 suo

534 2092 825 2149 poscerent
882 2083 1231 2150 testimonio,
1295 2095 1349 2140 et
1399 2088 1659 2157 grandem
1720 2088 2012 2142 utilitatem
2069 2088 2123 2142 in

533 2171 811 2225 communi
858 2175 1180 2227 monasterii
1226 2176 1582 2248 testarentur)
1629 2193 1822 2247 quare,
1874 2178 2120 2247 inquam,

535 2274 664 2319 tunc
695 2276 908 2332 reperta
944 2267 1353 2336 opportunitate
1393 2284 1501 2323 non
1540 2270 1894 2338 scripsissent
1938 2271 2121 2335 nobis,

533 2373 711 2427 neque
742 2373 907 2427 super
936 2360 1281 2414 ordinatione
1307 2361 1429 2430 ejus
1458 2361 1665 2431 aliqui-.I
1720 2363 2120 2431 poposcissent.

532 2449 659 2506 llaec
682 2451 753 2505 ita
795 2462 916 2507 aeta
970 2460 1119 2518 sunt,
1169 2462 1231 2507 ut
1281 2454 1494 2508 locutus
1548 2470 1703 2516 sum,
1748 2455 1801 2508 in
1858 2455 2125 2510 charitate

530 2543 761 2609 Christi,
786 2560 950 2614 quam
985 2558 1035 2600 te
1050 2561 1174 2616 erga
1205 2546 1532 2615 parvitatem
1567 2562 1744 2601 meam
1775 2547 1977 2604 habere
2006 2564 2126 2603 ere-

532 2637 728 2690 debam
756 2634 1125 2706 {quanquam
1160 2639 1212 2691 in
1252 2639 1591 2693 monasterio
1644 2638 2036 2705 ordinaverim,
2070 2651 2123 2695 et

533 2743 644 2783 non
679 2728 732 2781 in
762 2729 1018 2797 parochia
1051 2745 1172 2798 qua:
1199 2730 1293 2783 tibi
1329 2730 1570 2802 subjecta
1605 2730 1791 2784 sit.....
1827 2730 1968 2797 Quid
1993 2746 2125 2801 ergo

534 2822 633 2876 tibi
670 2823 846 2876 visum
886 2832 971 2877 est
1011 2823 1091 2878 sic
1137 2825 1376 2893 graviter
1429 2824 1797 2878 intumescere
1841 2833 1895 2879 et
1927 2824 2123 2894 jactari

534 2927 727 2971 contra
767 2932 868 2969 nos
901 2932 999 2985 pro
1030 2932 1196 2986 opere
1238 2914 1355 2977 Dei,
1386 2916 1531 2985 quod
1583 2916 1634 2969 iti
1679 2915 2120 2985 aadilicationem,

533 3022 589 3065 et
612 3027 719 3064 nou
752 3010 804 3063 in
832 3011 1261 3065 destructionem
1292 3009 1522 3063 fratrum
1557 3009 1759 3064 factum
1788 3011 1909 3066 est?
1956 3030 1974 3063 ι

606 3103 701 3159 ‘20.
746 3102 1023 3158 Ilacteuus
1061 3101 1427 3171 Epiphanius,
1475 3100 1609 3170 ipsis
1647 3100 1734 3156 his
1771 3101 1953 3156 verbis
1990 3101 2125 3156 satis

533 3195 947 3263 iudieans,jam
992 3204 1105 3247 tttm
1138 3204 1417 3263 receptum
1468 3194 1520 3247 in
1553 3192 1797 3248 Ecclesia
1840 3194 2033 3256 fuisse,
2066 3203 2125 3249 ut

535 3284 866 3349 monasteria
905 3290 1096 3344 saltem
1131 3288 1313 3357 aliqua
1359 3286 1543 3357 (quale
1572 3297 1691 3341 erat
1724 3289 2121 3341 tuonasterium

532 3385 591 3439 S.
628 3380 914 3452 Epiphanii
943 3398 961 3430 ι
997 3379 1149 3449 juxta
1180 3378 1553 3432 Desandurem
1581 3377 1784 3441 vicum,
1817 3379 1869 3431 itt
1903 3379 2126 3432 territo-

532 3478 618 3530 rio
656 3472 1223 3541 Eleutheropolilauo,
1255 3489 1274 3521 ι
1308 3471 1455 3539 quod
1498 3470 1567 3522 ab
1605 3470 1786 3539 inopia
1833 3465 2126 3540 aqu'arum,

542 3589 559 3620 ι
586 3562 950 3637 ’δριιιιγόιοίοιι
978 3582 996 3615 ι
1020 3563 1350 3631 appellatum
1384 3562 1577 3617 scribit
1611 3563 2087 3632 pseudo-Joannes
2112 3605 2127 3629 ,

536 3662 624 3715 ubi
651 3656 1093 3718 factaordiuatio,
1123 3664 1176 3708 et
1200 3657 1430 3708 alterum
1467 3673 1485 3704 ι
1532 3656 1942 3726 peregrinorum
1969 3675 1988 3708 ι
2013 3672 2131 3711 mo-

541 3754 846 3807 nachorum
883 3752 935 3803 iu
979 3748 1484 3813 Bethlehem,unde
1502 3746 1859 3802 Paulittiauus
1890 3748 1956 3802 ad
1999 3746 2131 3817 Epi—

536 3847 801 3917 phanium
831 3848 1077 3908 venerat)
1114 3849 1365 3909 exempta
1402 3849 1759 3893 censerentur
1806 3845 1875 3893 ab
1900 3839 2131 3903 ,ordina-

536 3941 605 3995 rii
635 3936 1021 4008 jurisdietione
1058 3954 1071 3989 :
1107 3935 1180 3988 ila
1205 3943 1265 3987 ut
1300 3933 1618 4004 quicunque
1644 3937 1942 4006 episeOptts
1980 3936 2035 3991 in
2060 3938 2129 3993 iis

536 4039 746 4101 posset,
777 4030 822 4084 si
868 4040 1173 4098 rogaretur,
1217 4026 1352 4096 ipsis
1409 4027 1698 4083 monachis
1750 4043 1940 4084 saeros
1993 4044 2130 4085 con-

538 4125 679 4178 ferre
704 4122 946 4177 ordines.
989 4119 1170 4190 Pergit
1197 4134 1363 4188 porro
1393 4117 1737 4187 Epiphanius
1770 4136 2035 4178 excusare
2070 4138 2131 4178 se

536 4216 731 4277 Joauni
800 4216 885 4270 his
939 4214 1118 4269 verbis
1173 4232 1185 4267 :
1235 4232 1253 4264 ι
1305 4211 1412 4268 Sed
1473 4222 1529 4267 et
1582 4213 1715 4268 illud
1778 4215 2132 4271 vehementer

536 4311 842 4365 admiratus
894 4324 1015 4362 sum
1067 4306 1216 4377 quod
1277 4306 1417 4360 meis
1477 4305 1693 4361 loeutus
1748 4322 1809 4363 es
1871 4309 2129 4377 clericis;

539 4419 791 4459 asserens
821 4411 874 4455 te
912 4417 1007 4469 per
1063 4410 1315 4454 sanctum
1360 4399 1737 4469 presbyterum
1786 4411 1841 4455 et
1879 4401 2130 4457 abbatem

538 4496 933 4550 monachorum
960 4492 1285 4558 Gregorium
1320 4491 1614 4545 mandasse
1648 4493 1802 4557 mihi,
1835 4509 1903 4549 ne
1936 4510 2131 4563 quem-

2230 2005 2451 2060 dieruut
2483 2019 2699 2072 semper
2734 2000 2956 2066 addere,
3008 2007 3067 2053 ttt
3100 1997 3357 2053 tristitias
3387 2004 3441 2050 et
3486 1993 3652 2047 rixas
3702 1991 3848 2043 inter

2233 2092 2431 2148 fratres
2465 2093 2762 2157 concitent,
2805 2104 2857 2147 te
2894 2106 3115 2161 quoque
3162 2089 3525 2143 turbaverunt
3575 2097 3635 2139 et
3689 2082 3847 2136 dixe-

2234 2195 2383 2252 runt,
2421 2186 2565 2256 quod
2598 2185 2651 2239 itt
2683 2185 2959 2248 oratione,
2996 2183 3217 2253 quando
3242 2180 3529 2235 offerimus
3561 2174 3844 2231 sacrificia

2233 2274 2367 2342 Deo,
2434 2275 2711 2331 soleamus
2767 2290 2865 2345 pro
2931 2282 2982 2329 te
3038 2274 3242 2335 dicere,
3298 2270 3567 2335 Domine,
3642 2273 3841 2337 praesta

2232 2366 2432 2423 Joauni
2468 2376 2528 2422 ut
2561 2380 2707 2423 recte
2748 2367 2955 2423 credat.
2989 2364 3111 2419 Noli
3151 2380 3252 2419 nos
3296 2363 3348 2418 in
3385 2373 3609 2417 tantum
3649 2369 3844 2429 putare

2231 2461 2493 2527 rusticos,
2548 2469 2608 2514 ut
2663 2461 2767 2516 hoc
2821 2471 2931 2515 tam
2987 2467 3174 2528 aperte
3227 2458 3409 2512 dicere
3456 2453 3837 2525 potuerimus.

2233 2555 2559 2624 Quanquam
2591 2554 2737 2607 enim
2771 2552 2877 2607 hoc
2908 2553 2961 2605 in
3004 2550 3170 2606 corde
3211 2564 3335 2604 meo
3371 2562 3600 2617 semper
3650 2558 3837 2608 orem;

2235 2657 2440 2712 tamen,
2485 2656 2545 2704 ut
2597 2647 2919 2717 simpliciter
2961 2644 3153 2711 fatear,
3198 2657 3481 2713 nunquam
3531 2640 3590 2694 in
3626 2638 3837 2691 alienas

2235 2757 2398 2797 aures
2424 2741 2650 2811 protuli,
2685 2755 2753 2795 ne
2784 2749 2833 2795 te
2868 2738 3084 2794 viderer
3112 2736 3262 2806 parvi
3298 2735 3559 2806 pendere,
3598 2731 3837 2788 dilectis-

2234 2833 2393 2889 sime.
2447 2831 2682 2899 Quando
2720 2841 2900 2887 autem
2946 2829 3342 2901 compleiinms
3382 2827 3725 2891 orationem,
3751 2838 3834 2879 se-

2233 2926 2473 2981 cundum
2506 2925 2671 2981 rittlm
2700 2924 3112 2997 mysteriorum,
3145 2932 3198 2977 et
3240 2936 3340 2993 pro
3361 2919 3630 2975 ontnibus
3662 2928 3717 2972 et
3737 2931 3834 2987 pro

2233 3026 2285 3073 te
2310 3032 2531 3088 quoque
2560 3017 2821 3079 dicimus,
2849 3014 3073 3070 Custodi
3125 3013 3275 3067 illutn
3310 3011 3405 3082 qui
3438 3010 3711 3081 pratdicat
3746 3021 3832 3059 vce

2231 3110 2480 3175 ritatem;
2516 3109 2599 3164 vel
2628 3119 2798 3174 certe,
2830 3105 2910 3160 Tu
2951 3113 3169 3177 prmsta,
3215 3103 3465 3166 Domine,
3504 3110 3557 3171 et
3591 3096 3832 3159 custodi,

2232 3211 2294 3256 ut
2333 3201 2422 3255 ille
2466 3200 2693 3255 verbum
2753 3199 3013 3271 praedicet
3075 3197 3319 3252 veritatis
3364 3215 3377 3250 :
3415 3196 3560 3251 sient
3612 3191 3831 3249 occasio

2229 3293 2500 3348 sermonis
2534 3308 2593 3348 se
2618 3292 2822 3358 tulerit,
2858 3301 2912 3346 et
2968 3290 3221 3345 habtterit
3260 3288 3437 3343 oratio
3478 3301 3828 3357 consequen-

2230 3385 2383 3439 tiam.
2459 3382 2804 3454 Quapropter
2857 3384 3085 3439 obseero
3159 3393 3230 3448 te,
3310 3381 3698 3445 dilectissime,
3781 3382 3832 3428 et

2229 3476 2523 3530 advolutus
2558 3475 2794 3547 pedibus
2821 3475 2930 3529 tuis
2974 3489 3192 3544 precor,
3221 3486 3418 3544 praesm
3463 3471 3602 3525 mihi
3632 3478 3689 3524 et
3713 3465 3833 3528 tibi,

2231 3577 2290 3621 ut
2315 3567 2572 3635 salveris,
2604 3568 2768 3623 sicuti
2799 3568 3063 3637 Scriptum
3100 3575 3203 3630 est,
3244 3580 3274 3618 a
3314 3565 3675 3634 generatione
3710 3573 3828 3629 pir-

2235 3677 2387 3716 versa
2419 3661 2638 3732 (llottli.
2672 3675 2808 3727 xvn,
2844 3661 2948 3731 l6),
2985 3669 3040 3715 et
3071 3658 3262 3714 recede
3293 3659 3362 3712 ab
3395 3657 3592 3711 hmresi
3638 3654 3827 3723 Orige-

2231 3754 2315 3808 nis
2360 3763 2416 3808 et
2465 3771 2493 3807 a
2546 3753 2760 3810 eunetis
2813 3753 3154 3815 Itau'esihus,
3216 3750 3596 3805 dilectissime.
3662 3744 3828 3799 Video

2230 3848 2373 3902 enim
2406 3847 2553 3919 quod
2588 3855 2811 3918 propter
2840 3847 2982 3900 hanc
3004 3860 3225 3900 causam
3260 3843 3440 3898 omnis
3465 3853 3654 3896 vestra
3691 3836 3826 3892 indi-

2232 3940 2417 4009 gnatio
2471 3941 2746 3995 concitata
2788 3938 2878 4001 sit,
2933 3938 3081 4008 quod
3135 3937 3439 3991 dixerimus
3485 3935 3671 3998 vobis,
3716 3926 3825 3983 Arii

2232 4044 2464 4103 patrem,
2495 4031 2785 4104 Origenem
2816 4032 3047 4095 scilicet,
3085 4040 3139 4085 ct
3165 4031 3398 4084 aliarum
3425 4029 3712 4084 hrercseon
3740 4038 3822 4077 ra-

2233 4130 2409 4185 dicem
2451 4142 2505 4186 et
2552 4141 2835 4202 parentem
2885 4130 3112 4184 laudare
3155 4146 3264 4183 non
3311 4128 3545 4185 debetis.
3583 4126 3649 4181 Et
3705 4135 3820 4178 cum

2234 4239 2331 4279 vos
2359 4239 2575 4279 orarem
2604 4239 2673 4278 ne
2711 4223 2785 4278 ita
2815 4222 3099 4289 erraretis,
3139 4231 3194 4275 et
3241 4236 3520 4276 monerem
3552 4238 3568 4287 ;
3610 4224 3823 4274 contra-

2233 4316 2476 4380 dixistis,
2508 4327 2563 4371 et
2594 4331 2681 4370 me
2713 4316 2781 4370 ad
2812 4315 3091 4372 tristitiam
3128 4326 3293 4387 atquc
3324 4315 3389 4370 ad
3421 4316 3698 4386 lacrymas
3729 4305 3821 4362 ad-

2234 4408 2490 4473 duxistis,
2533 4423 2641 4461 tton
2677 4408 2854 4462 solum
2890 4417 3070 4462 autetn
3113 4423 3218 4474 me,
3258 4406 3352 4462 sed
3396 4406 3611 4462 etalios
3656 4398 3820 4473 pluri-

2236 4514 2355 4554 mos
2385 4500 2687 4555 catholicos
2734 4499 2830 4569 qui
2883 4500 3201 4554 intererant.
3248 4497 3379 4553 lude
3428 4508 3488 4553 ut
3560 4494 3815 4561 intelligo,

537 4606 703 4659 quam
763 4588 1113 4650 ordinat-cm;
1171 4594 1224 4640 et
1271 4600 1373 4655 ego
1416 4585 1691 4653 pollicitus
1735 4586 1837 4639 sim
1903 4586 2122 4643 dicens:
2161 4612 2204 4667 ο
2234 4589 2350 4644 haec
2369 4598 2452 4643 est
2485 4590 2667 4643 omnis
2698 4589 3004 4660 indignatio
3058 4596 3113 4643 ct
3156 4589 3257 4643 iste
3292 4587 3447 4643 furor
3484 4599 3582 4643 :et
3622 4583 3814 4641 ideirco

536 4681 794 4752 Nunquid
829 4679 1049 4750 juvenis
1094 4694 1216 4734 sum
1268 4686 1362 4731 aut
1415 4694 1655 4741 canones
1707 4679 1939 4749 ignoro?
1983 4679 2127 4736 Audi

540 4775 704 4846 igitur
737 4774 1019 4827 veritatem
1048 4771 1101 4825 iu
1151 4786 1405 4825 sermone
1453 4771 1568 4834 Dei,
1611 4787 1697 4826 me
1748 4788 1847 4827 nec
1892 4773 1996 4828 hoc
2025 4790 2130 4827 att-

538 4870 708 4934 disse,
743 4884 844 4921 nec
873 4881 1055 4929 nosse,
1107 4882 1208 4920 nec
1241 4865 1400 4919 istius
1441 4865 1715 4920 sermonis
1770 4866 1991 4934 penitus
2039 4882 2129 4921 re-

537 4963 776 5019 cordari.
816 4959 1139 5030 Suspicatus
1179 4975 1300 5013 sum
1347 4976 1417 5013 ne
1464 4957 1693 5013 forsitan
1736 4958 1879 5012 inter
1933 4959 2128 5025 multa,

538 5058 697 5127 quasi
746 5057 937 5119 honto,
985 5055 1190 5108 oblitus
1243 5069 1456 5118 essem;
1505 5063 1559 5107 et
1598 5055 1671 5108 ob
1716 5054 1858 5109 hanc
1904 5070 2127 5110 causam

539 5158 788 5203 sanctum
837 5138 1161 5215 Gregorium
1214 5143 1525 5197 sciscitatus
1560 5160 1705 5208 sum,
1755 5153 1809 5198 et
1849 5142 2127 5199 Zenonem

542 5240 794 5310 presber
831 5254 919 5291 um
950 5239 1043 5306 qui
1075 5251 1199 5290 ιςιιειι
1221 5250 1286 5289 eo
1320 5244 1424 5309 est.
1471 5232 1509 5285 E
1550 5236 1752 5304 quibus
1783 5234 1955 5290 abbas
1987 5233 2124 5290 Gre-

544 5332 732 5400 gorius
762 5330 1065 5399 respondit,
1098 5344 1157 5383 se
1203 5329 1305 5381 hoc
1355 5326 1572 5396 penitus
1617 5328 1893 5395 ignorare.
1941 5327 2127 5383 Zenon

544 5434 726 5477 autem
756 5424 913 5485 dixit,
942 5423 1069 5491 quia
1096 5436 1222 5476 eum
1254 5419 1302 5473 ei
1340 5420 1622 5490 presbyter
1659 5417 1907 5474 Bullinus
1943 5421 2130 5475 nescio

541 5531 659 5583 quze
691 5513 796 5566 alia
843 5514 1157 5566 transitot-ie
1182 5512 1519 5580 loqueretur,
1546 5512 1708 5565 etiam
1745 5512 1848 5566 hoc
1876 5511 2080 5566 dixerit
2110 5531 2125 5566 :

542 5605 781 5659 Putasne
809 5605 1022 5673 aliquos
1048 5604 1401 5658 ordinaturus
1430 5614 1513 5657 est
1542 5613 1766 5658 sanctus
1793 5604 2129 5674 episcopus?

544 5707 597 5751 et
634 5696 861 5765 hujusce
892 5697 1105 5749 stetisse
1132 5710 1441 5749 sermonem
1480 5716 1491 5749 :
1535 5712 1635 5767 ego
1680 5705 1862 5749 autem
1889 5696 2127 5765 Epipha-

547 5788 672 5842 nius
715 5803 812 5841 nec
851 5788 1031 5843 audivi
1090 5785 1411 5857 quidquam,
1470 5804 1569 5842 nec
1615 5788 1891 5857 respondi.
1950 5788 2123 5855 Unde,

560 5877 934 5949 dilectissime,
979 5898 1086 5936 non
1122 5887 1176 5935 te
1212 5880 1503 5946 praeveniat
1537 5880 1711 5947 furor,
1757 5895 1856 5935 nec
1900 5890 2125 5953 occupet

2236 4680 2649 4736 comminamini
2674 4681 2820 4752 quod
2852 4681 3082 4736 mittatis
3105 4680 3396 4736 adversum
3424 4696 3509 4735 me
3539 4674 3813 4750 epistolas,

2245 4782 2306 4828 ιιι
2336 4774 2443 4830 huc
2474 4775 2716 4840 illucque
2748 4789 2932 4829 sermo
2960 4785 3145 4829 vester
3172 4773 3484 4839 discurrat;
3521 4784 3577 4826 et
3606 4774 3813 4841 propter

2233 4869 2607 4923 defensionem
2642 4868 2912 4924 haereseos
2946 4868 3236 4922 adversum
3275 4882 3362 4921 me
3393 4865 3518 4921 odia
3551 4861 3812 4922 suscitan-

2234 4970 2335 5024 tes,
2374 4961 2629 5031 rumpitis
2660 4961 2983 5015 charitatem
3020 4976 3186 5031 quam
3211 4959 3263 5013 in
3300 4958 3455 5014 vobis
3506 4955 3807 5012 habuimus,
3879 4970 3888 4980 -

2236 5053 2289 5107 in
2322 5060 2531 5107 tantum
2560 5061 2621 5106 ut
2644 5034 2883 5108 feceiitis
2904 5067 3006 5107 nos
3035 5052 3201 5105 etiam
3235 5050 3610 5121 penitentiam
3636 5054 3804 5114 agcrt‘.

2235 5158 2408 5214 quare
2456 5142 2741 5197 vobiscum
2785 5143 3399 5205 communicaverimus,
3453 5141 3525 5195 ita
3570 5131 3805 5208 Origenis

2233 5250 2451 5290 errores
2469 5242 2524 5289 et
2547 5235 2802 5305 dogmata
2827 5233 3201 5290 defendentes.
3224 5231 3558 5305 Simpliciter
3587 5233 3800 5299 loquor:

2233 5342 2336 5382 nos
2380 5327 2683 5383 secundum
2731 5326 2879 5397 quod
2928 5326 3193 5396 scriptum
3244 5334 3331 5381 est
3376 5324 3591 5398 (Matth.
3640 5337 3691 5384 v,
3740 5312 3802 5368 29

2234 5430 2404 5490 sqq.),
2439 5434 2540 5474 nec
2579 5419 2743 5473 oculo
2779 5425 2969 5474 nostro
3002 5418 3305 5488 parcimus,
3344 5426 3403 5471 ut
3438 5433 3546 5472 non
3592 5407 3801 5469 cﬂ‘odia-

2236 5528 2359 5567 mus
2390 5528 2537 5577 eum,
2575 5512 2621 5567 si
2659 5529 2760 5567 nos
2803 5511 3290 5577 seattdalizaverit;
3328 5526 3427 5567 nec
3468 5507 3669 5570 manui,
3712 5514 3798 5556 ne-

2239 5622 2345 5676 que
2376 5606 2497 5677 pedi
2537 5606 2583 5659 si
2627 5605 2785 5660 nobis
2837 5604 3152 5659 scandalum
3187 5603 3397 5660 fecerit.
3427 5602 3493 5657 Et
3538 5617 3629 5657 vos
3658 5607 3795 5661 eram

2232 5700 2346 5755 sive
2377 5698 2541 5756 oculi.
2570 5699 2687 5754 sive
2715 5714 2932 5763 manus,
2984 5698 3101 5753 sive
3146 5698 3310 5769 pedes
3343 5696 3579 5764 fueritis,
3614 5683 3792 5748 sintiliil

2234 5791 2598 5848 sustinebitis.
2615 5812 2630 5840 ι

2305 5883 2395 5938 22.
2436 5880 2617 5953 Pergit
2663 5881 2856 5939 deinde
2900 5898 2962 5940 ex
3006 5881 3164 5939 libris
3210 5881 3349 5952 Περὶ
3403 5878 3602 5953 ἀρχῶν
3640 5864 3791 5941 expli'
