4058 6500
208 404 306 458 illi

1271 397 1330 452 S.
1365 392 1707 452 EPlPilANll
1767 390 1953 448 ACTA
1993 386 2494 445 BOLLANDIANA.

3406 380 3511 440 150

217 533 354 581 care,
377 531 552 587 quam
589 517 832 573 minime
850 513 1090 576 ferenda:
1120 513 1407 570 catholicis
1446 513 1675 567 auribus
1710 514 1820 566 sint
1850 514 1895 572 Α
1921 508 2076 564 daret
2111 507 2288 561 velum
2325 514 2491 575 atque
2535 509 2791 558 mutaret.
2838 500 2992 569 Quod
3033 516 3157 557 cum
3205 501 3508 567 audissem.

221 610 633 683 propositiones
688 609 944 680 quaedam
1001 606 1276 677 Origenis.
1332 606 1457 660 istic
1508 611 1820 667 contentae;

221 703 470 773 quamvis
520 702 736 772 inquit,
783 719 802 753 r
862 700 1000 755 nihil
1041 698 1175 752 mihi
1220 697 1491 767 subripuit
1533 694 1821 765 Origenes,

226 811 320 850 nec
351 795 406 848 in
438 808 569 847 mea
602 791 965 864 generatione
1021 790 1144 857 l'uit,
1198 804 1299 845 nec
1348 788 1570 860 propter
1609 788 1825 857 aliquas

227 901 307 941 res
332 884 534 939 mundi
585 892 688 939 aut
740 882 1111 957 hmredllatem
1155 879 1341 935 odium
1389 880 1655 935 adversus
1698 893 1823 931 eum

297 992 553 1047 gnasque
578 975 835 1045 suscepi;
874 975 968 1031 sed
1028 974 1109 1045 (ut
1141 972 1464 1042 simpliciter
1502 968 1699 1042 fatear)
1727 972 1829 1026 do-

231 1072 332 1135 leo,
377 1080 434 1123 et
475 1067 646 1122 valde
691 1068 875 1132 doleo,
928 1066 1119 1121 videns
1169 1065 1437 1135 plurimus
1490 1062 1742 1129 fratrum,
1775 1073 1829 1119 et

229 1176 416 1215 eorum
452 1158 738 1229 praecipue
771 1159 866 1228 qui
899 1158 1297 1228 professionem
1336 1157 1540 1211 habent
1572 1171 1681 1210 non
1722 1156 1829 1210 mi-

233 1250 461 1315 nimam,
503 1248 641 1302 etin
684 1247 912 1319 gradum
943 1262 1164 1316 quoque
1199 1245 1488 1304 sacerdotii
1524 1246 1828 1300 maximum

234 1344 628 1411 pervenerunt,
674 1340 795 1409 ejus
824 1338 1275 1407 persuasionibus
1302 1337 1581 1406 deceptos,
1620 1345 1673 1390 et
1701 1351 1829 1406 per-

234 1432 560 1488 versissima
617 1431 868 1485 doctrina
919 1430 1073 1485 cibos
1127 1428 1302 1483 factos
1348 1443 1471 1484 esse
1523 1427 1749 1483 diaboli.
1803 1445 1823 1480 ›

234 1524 482 1580 Conatur
511 1524 682 1593 igitur
712 1540 743 1579 a
778 1523 1059 1594 sequendo
1093 1531 1147 1577 et
1195 1520 1536 1576 defendendo
1575 1519 1827 1591 Origene,

235 1616 514 1670 monendo
543 1656 559 1681 ,
611 1615 905 1682 hortando,
953 1613 1289 1684 increpando
1337 1610 1601 1668 Joannem
1653 1629 1832 1682 quan-

237 1721 347 1764 tum
383 1710 441 1763 in
468 1724 529 1764 se
549 1716 671 1763 erat
708 1707 980 1762 abducere
1008 1722 1024 1761 :
1058 1715 1175 1762 tttm
1209 1706 1275 1760 ad
1300 1705 1385 1762 sui
1417 1705 1830 1760 excusationem

239 1803 438 1856 iterum
471 1800 760 1865 relabitur,
796 1800 1130 1869 exponitque
1155 1797 1377 1864 factum,
1411 1797 1557 1868 quod
1605 1805 1657 1851 et
1691 1796 1829 1851 insi-

241 1909 401 1962 gnem
458 1892 583 1961 ejus
634 1891 813 1945 zelum
861 1891 1120 1956 ostendit,
1171 1890 1224 1944 in
1286 1890 1529 1944 cavendo
1567 1904 1634 1943 eo
1677 1887 1826 1943 omni

242 1986 383 2056 quod
412 1993 581 2039 rectze
611 1982 893 2052 religionis
923 1981 1145 2051 puritati
1180 1980 1731 2051 quantulumcunque
1758 1978 1833 2032 vi-

244 2076 475 2130 debatur
504 2076 810 2129 adversari.
846 2072 951 2128 Sed
986 2072 1126 2128 idem
1184 2073 1254 2127 ab
1306 2072 1681 2127 iconomachis
1731 2071 1834 2125 ho-

244 2168 450 2223 diernis
479 2166 719 2237 pessime
762 2166 1097 2221 intellectum
1132 2164 1394 2234 arripitur
1433 2172 1629 2218 contra
1667 2177 1835 2232 expo-

244 2259 503 2315 sitionem
576 2257 900 2329 imaginum.
959 2254 1017 2309 In
1080 2257 1181 2309 hoc
1236 2262 1419 2309 autem
1467 2263 1692 2324 apparet
1737 2267 1834 2308 eos

246 2353 422 2423 magis
464 2367 589 2406 esse
625 2351 853 2405 insanos
892 2348 1169 2404 veteribus
1208 2348 1601 2413 iconomachis,
1644 2348 1837 2401 adver-

244 2459 339 2500 sus
369 2459 515 2514 quos
560 2442 835 2498 Nicazuum
872 2457 911 2495 ll
953 2441 1245 2497 concilium
1289 2440 1422 2511 egit.
1472 2437 1604 2493 Nam
1653 2439 1730 2502 hi,
1768 2436 1835 2492 ad

245 2550 400 2590 suam
453 2534 707 2589 haeresim
766 2532 1057 2603 Epiphanii
1125 2531 1346 2585 nomine
1396 2530 1789 2585 obarmandam
1820 2567 1836 2594 ,

250 2642 355 2679 non
383 2634 517 2679 sunt
546 2623 705 2677 abusi
742 2638 807 2677 eo
838 2622 981 2693 quod
1010 2620 1263 2690 sequitur
1295 2618 1462 2686 facto,
1495 2621 1590 2675 sed
1615 2618 1839 2674 aliinxe-

250 2728 372 2772 runt
405 2726 603 2771 sancto
625 2718 919 2786 quamdam
947 2713 1014 2768 ad
1045 2711 1413 2768 Theodosium
1450 2714 1836 2782 imperatorem

247 2812 560 2880 epistolam,
598 2809 652 2864 in
689 2808 848 2877 cujus
884 2810 991 2862 line
1028 2806 1109 2862 sic
1148 2806 1197 2861 ei
1245 2806 1557 2875 scripsisset
1592 2823 1605 2860 :
1642 2824 1661 2857 ι
1700 2804 1839 2872 Quia

249 2902 534 2957 multoties
579 2902 796 2955 locutus
839 2913 960 2954 sum
991 2914 1117 2953 cum
1160 2898 1557 2953 comministris
1587 2899 1744 2962 meis,
1784 2907 1843 2952 ut

249 2996 605 3050 aul'errentur
637 2995 926 3064 imagines,
948 3002 1202 3062 receptus
1231 3007 1338 3046 non
1374 3007 1494 3047 sum
1516 2993 1589 3045 ah
1617 2992 1721 3058 eis,
1748 3008 1844 3047 ne-

249 3103 356 3158 que
400 3088 601 3143 audire
651 3102 843 3143 vocem
886 3102 1064 3142 meam
1112 3085 1306 3140 saltem
1352 3084 1636 3155 paululum
1692 3084 1843 3155 passi

250 3191 396 3235 sunt.
433 3201 453 3233 ι
485 3179 638 3235 Hanc
674 3194 803 3234 vero
835 3179 1124 3249 epistolam
1171 3196 1188 3228 ι
1232 3175 1374 3231 l'also
1404 3178 1836 3247 suprascriptum

222 3273 624 3353 _dici,qnidctn,
648 3270 742 3326 sed
767 3285 875 3324 non
900 3286 1021 3326 esse
1040 3269 1348 3339 Epiphanii,
1375 3288 1393 3320 ι
1419 3285 1575 3339 reque
1593 3286 1657 3323 ac
1675 3270 1838 3323 aliam

251 3364 304 3419 in
330 3381 443 3435 qua
468 3362 803 3432 scripsisset,
834 3381 852 3412 ι
884 3359 962 3415 Ne
982 3355 1257 3415 inducatis
1288 3359 1558 3431 imagines
1589 3360 1643 3413 in
1669 3361 1845 3416 eccle-

251 3460 387 3520 sias,
439 3469 618 3525 neque
660 3454 713 3507 in
759 3452 1072 3508 cremeteria
1112 3460 1454 3517 sanctorum,
1515 3450 1612 3507 sed
1669 3467 1845 3522 neque

254 3550 306 3602 iu
352 3548 581 3602 domum
628 3560 1012 3609 communem;
1057 3562 1076 3595 ι
1114 3559 1239 3599 cum
1288 3544 1474 3599 multis
1515 3544 1846 3599 ostendisset

254 3639 506 3710 synodus
549 3647 655 3693 act.
688 3636 743 3704 6,
775 3652 833 3691 se
872 3636 1090 3707 quidem
1139 3655 1155 3687 ι
1185 3644 1435 3691 sanctum
1478 3634 1696 3690 Patrem
1747 3635 1845 3690 do-

254 3740 466 3787 ctorem
517 3730 773 3785 Ecclesia:
814 3728 1097 3783 catholicae
1151 3743 1331 3794 nosse,
1384 3729 1843 3798 conscriptiouem

256 3838 390 3877 vero
426 3841 445 3872 ι
482 3822 721 3891 abjicere
751 3820 949 3876 iterum
981 3820 1268 3890 prolitetur
1296 3838 1309 3874 :
1334 3821 1463 3890 quia
1503 3838 1527 3877 ι,
1552 3818 1668 3874 haec
1700 3835 1848 3874 men-

258 3916 415 3970 dacis
447 3913 770 3969 assertionis
821 3914 1152 3983 conscripta,
1205 3927 1325 3983 quae
1376 3922 1567 3968 contra
1612 3928 1845 3967 venera-

261 4007 397 4061 biles
427 4007 694 4076 imagines
734 4014 885 4069 sunt,
912 4004 1169 4059 dicuntur
1216 4004 1436 4074 quidem
1464 4020 1495 4058 a
1516 4004 1846 4074 quibusdam

261 4098 320 4156 S.
354 4098 644 4170 Epiphanii
669 4114 809 4163 esse,
858 4097 953 4153 sed
987 4098 1137 4152 nullo
1166 4099 1325 4153 modo
1354 4105 1505 4153 sunt.
1540 4117 1558 4150 ι

329 4193 422 4247 23.
456 4192 636 4261 ipsum
672 4206 836 4261 porro
873 4190 1115 4257 factum,
1177 4191 1336 4261 cujus
1386 4190 1679 4246 occasione
1726 4190 1850 4246 haec

258 4284 430 4349 dicta,
469 4283 759 4338 audiamus
798 4283 1031 4352 prepriis
1075 4285 1196 4352 ejus
1246 4281 1449 4336 verbis.
1491 4300 1509 4333 ι
1553 4280 1846 4348 Praeterea,

260 4377 477 4447 inquit,
528 4375 708 4429 audivi
768 4373 1037 4445 quosdam
1093 4388 1441 4429 murmurare
1498 4383 1688 4428 contra
1740 4388 1846 4439 me,

260 4467 395 4539 quia
421 4465 642 4536 quando
672 4465 835 4519 simul
881 4465 1241 4536 pergrbamus
1269 4463 1338 4517 ad
1368 4472 1618 4516 sanctum
1664 4463 1848 4517 locum

1926 1888 2144 1958 jusdam
2185 1903 2199 1939 :

1926 616 2016 655 me
2045 601 2300 655 daturum
2340 614 2463 654 esse
2501 596 2779 667 pollicitus
2824 610 2945 650 sum
2975 614 2989 648 :
3022 596 3301 666 paululum
3327 608 3511 652 autem

1927 708 2209 749 morarum
2241 691 2342 747 fuit
2368 692 2420 745 in
2470 691 2672 756 medio,
2720 689 2849 743 dum
2892 705 3079 758 quaero
3124 690 3389 759 optimum
3422 707 3514 744 ve-

1927 787 2040 842 lum
2067 802 2168 857 pro
2201 801 2267 839 eo
2304 786 2537 845 mittere,
2571 784 2880 838 arbitrabar
2910 783 3151 838 enim‘de
3176 782 3356 855 Cypro
3377 784 3511 839 mihi

1927 895 2050 936 esse
2080 879 2427 935 mittendum.
2451 876 2609 932 Nunc
2640 885 2823 932 autem
2851 875 2975 929 misi
3003 876 3148 945 quod
3173 878 3324 946 potui
3356 892 3513 945 repe-

1937 974 2081 1037 rire;
2119 980 2173 1025 et
2204 978 2396 1042 precor
2428 981 2485 1023 ιιι
2515 967 2710 1038 jubeas
2747 969 3098 1039 presbyteros
3128 967 3376 1037 ejusdem
3408 968 3512 1023 loci

1929 1064 2211 1133 suscipere
2236 1062 2410 1115 velum
2455 1076 2486 1115 a
2523 1061 2697 1115 latore
2724 1056 2868 1130 qno'd
2893 1075 2924 1113 a
2962 1060 3120 1114 nobis
3149 1060 3376 1113 tnissum
3400 1069 3512 1124 est;

1927 1166 1985 1213 et
2020 1157 2279 1225 deinceps
2312 1155 2604 1224 prmeipere
2637 1154 2690 1206 in
2737 1152 2978 1206 Ecclesia
3008 1151 3212 1207 Christi
3243 1152 3515 1221 ejusmodi

1932 1251 2071 1312 vela,
2102 1264 2223 1319 qua:
2252 1253 2442 1303 contra
2475 1246 2799 1316 religionem
2834 1254 3078 1300 nostram
3112 1257 3261 1317 sum,
3288 1261 3395 1301 non
3421 1261 3517 1316 ap-

1932 1342 2115 1413 pendi.
2139 1361 2157 1392 ›
2187 1339 2466 1395 Hactenus
2488 1338 2740 1408 epistola,
2771 1338 2928 1407 cujus
2951 1339 2995 1392 si
3033 1346 3176 1392 recte
3202 1338 3517 1407 expenditu-

1934 1443 2023 1487 tur
2058 1422 2249 1497 verba,
2277 1430 2455 1486 velum
2503 1430 2649 1485 istud
2681 1426 2973 1483 discissuin
3008 1427 3176 1484 fuisse
3212 1429 3513 1499 apparebit,

1934 1534 2039 1573 non
2067 1519 2194 1588 quia
2218 1533 2343 1572 vere
2377 1536 2394 1568 ι
2420 1517 2657 1571 habebat
2681 1516 2976 1586 imaginem
3000 1515 3206 1572 Christi
3238 1521 3316 1572 vel
3340 1518 3518 1573 sancti

1933 1610 2254 1681 cujusdam;
2302 1629 2321 1662 ›
2357 1609 2451 1664 sed
2477 1609 2627 1679 quia,
2660 1624 2786 1664 cum
2824 1609 3049 1664 haberet
3083 1609 3311 1680 cliigiem
3340 1610 3519 1663 homi-

1935 1704 2022 1758 nis
2066 1703 2373 1772 cujuspiam
2427 1700 2665 1771 profani,
2715 1710 2811 1755 aut
2850 1701 2990 1756 forte
3042 1701 3221 1755 adlmc
3264 1702 3516 1765 viventis,

1935 1810 2235 1866 appeusum
2266 1795 2390 1850 istic
2419 1802 2535 1848 erat
2575 1811 2594 1845 ‹
2626 1793 2783 1862 quasi
2817 1793 3022 1847 Christi
3062 1803 3156 1847 aut
3207 1795 3375 1847 sancti
3418 1809 3519 1847 cu-

2246 1907 2266 1939 ι
2301 1902 2423 1956 quas
2457 1885 2708 1955 exceptio
2739 1883 3063 1938 orthodoxa:
3111 1886 3235 1940 lldei
3279 1886 3519 1955 regulam

1931 1996 1996 2035 ex
2020 1979 2306 2035 contrario
2341 1981 2544 2032 lirmat.

2533 2089 2766 2146 CAPUT
2810 2089 2899 2143 IV.

1936 2186 2234 2256 Prophetiw
2259 2184 2493 2248 donum;
2532 2185 2826 2264 Ancornms
2857 2192 2903 2235 et
2939 2182 3073 2235 liber
3105 2181 3178 2235 De
3219 2183 3513 2235 luerasibus

2606 2264 2857 2323 scriptus.

2003 2347 2092 2401 ‘21.
2115 2346 2357 2399 Plurima
2382 2344 2439 2398 S.
2467 2342 2775 2414 Epiphanii,
2803 2353 2928 2396 ante
2965 2356 3013 2396 et
3044 2351 3168 2410 post
3196 2352 3514 2411 susceptura

1935 2439 2601 2511 episcopatum,miracula
2618 2439 2965 2493 continentur
2982 2438 3033 2491 in
3049 2438 3216 2502 Actis,
3233 2438 3334 2492 sub
3354 2453 3458 2492 neu
3484 2437 3523 2491 i-

1938 2552 2005 2590 nc
2025 2534 2255 2590 Joannis
2281 2543 2334 2588 et
2364 2531 2572 2604 Polybii
2602 2532 2914 2601 productis;
2949 2531 3042 2585 sed
3069 2532 3218 2596 talia,
3251 2539 3309 2583 ιιι
3329 2546 3518 2584 eorum

1939 2629 2212 2697 plerisque
2247 2626 2406 2680 iidem
2437 2626 2659 2694 deroget
2685 2623 3056 2687 Sozomenns,
3084 2638 3288 2691 negans
3321 2622 3523 2675 viventi

1941 2721 2237 2790 contigisse
2267 2718 2623 2773 utdaamones
2672 2716 2885 2787 fugaret
2927 2726 2981 2770 et
3018 2716 3239 2771 morbos
3286 2724 3523 2770 curaret.

1944 2812 2038 2866 llis
2060 2827 2190 2881 ergo
2220 2810 2623 2880 praetermissis,
2661 2810 2807 2878 quod
2833 2809 3010 2863 solum
3038 2809 3089 2861 in
3121 2808 3270 2862 dicto
3304 2817 3526 2860 auctore

1943 2905 2102 2959 nobis
2133 2915 2405 2973 superest,
2438 2901 2761 2968 referamus,
2798 2903 3117 2956 narratione
3152 2900 3296 2955 haud
3334 2916 3526 2970 parum

1945 2997 2181 3060 diversa,
2217 2997 2285 3048 ab
2307 3010 2370 3049 ea
2397 3010 2505 3063 qua
2542 2994 2683 3047 idem
2706 2994 3047 3049 miraculum
3090 2994 3144 3047 in
3188 2992 3342 3047 Actis
3392 3009 3527 3063 pra:-

1945 3086 2106 3142 tlictis
2138 3095 2475 3141 recensetur.
2501 3083 2679 3138 Verba
2715 3083 3006 3139 Suzomeni
3033 3085 3126 3139 lib.
3152 3100 3250 3150 vtt,
3282 3100 3403 3155 cap.
3435 3084 3527 3151 27,

1950 3179 2063 3233 lucc
2094 3185 2267 3232 sunt:
2310 3196 2328 3229 ι
2365 3177 2525 3232 Aliud
2552 3185 2811 3247 praeterea
2855 3178 3000 3246 quod
3044 3178 3111 3232 de
3156 3178 3248 3231 illo
3296 3177 3527 3232 refertur

1946 3284 2381 3326 commemorare
2416 3270 2570 3323 libet.
2606 3270 2661 3323 ld
2686 3269 2907 3338 quidem
2939 3270 3007 3323 ab
3047 3270 3370 3323 admirando
3396 3270 3529 3325 Gre-

1944 3361 2122 3433 gorio,
2147 3360 2242 3431 qui
2272 3358 2771 3416 Neocaesariensem
2809 3360 2977 3415 etiam
3031 3361 3170 3414 rexit
3199 3360 3528 3426 Ecclesiant,

1947 3464 2160 3526 gestum
2190 3470 2313 3510 esse
2339 3454 2523 3523 accepi
2556 3463 2611 3509 et
2647 3455 2884 3508 libenter
2927 3454 3128 3518 credo;
3171 3455 3264 3509 sed
3300 3469 3409 3509 non
3449 3456 3528 3508 id-

1946 3549 2096 3613 circo
2125 3534 2443 3603 incredibile
2470 3546 2643 3602 videri
2684 3549 2843 3601 debet
2884 3548 3025 3601 idem
3059 3562 3278 3618 quoque
3324 3546 3529 3603 factum

1947 3640 2017 3696 ab
2040 3639 2381 3710 Epiphanio;
2420 3654 2597 3709 neque
2646 3631 2790 3693 enim
2839 3640 2990 3693 solus
3026 3638 3218 3695 Petrus
3252 3643 3531 3710 apostolus

1948 3740 2227 3786 mortuum
2293 3732 2362 3786 ab
2428 3730 2617 3809 inferis
2674 3731 3060 3796 resuscitavit;
3120 3747 3305 3785 verum
3365 3732 3530 3786 etiam

1946 3822 2186 3879 Joannes
2216 3823 2270 3877 in
2300 3823 2436 3878 urbe
2462 3822 2702 3893 Epheso,
2727 3833 2779 3876 et
2804 3821 3041 3892 Philippi
3071 3822 3194 3878 ﬁliae
3220 3822 3530 3894 Hierapoli;

1949 3918 2282 3988 multosque,
2330 3914 2449 3971 tam'
2476 3932 2542 3971 ex
2587 3917 2831 3987 antiquis
2868 3931 3034 3985 quam
3079 3931 3147 3970 ex
3182 3929 3382 3970 nostra:
3415 3932 3533 3970 me-

1950 4010 2137 4064 moria;
2183 4010 2288 4079 piis
2338 4008 2677 4079 hominibus,
2742 4008 2930 4063 eadem
2987 4023 3362 4078 saepenumero
3407 4024 3534 4078 ges-

1948 4106 2087 4159 sisse
2119 4104 2506 4172 comperimus.
2538 4102 2594 4156 Id
2625 4110 2829 4168 autem,
2864 4102 3010 4171 quod
3040 4102 3219 4157 dicere
3248 4105 3530 4172 proposui,

1952 4194 2265 4264 hujusmodi
2301 4202 2405 4248 est.
2994 4177 2999 4182 ’

2019 4285 2111 4339 25.
2147 4304 2167 4337 ς
2202 4284 2318 4340 Duo
2344 4284 2565 4355 quidam
2602 4283 2999 4347 mendici,cnm
3034 4282 3398 4354 Epiphanium
3442 4301 3529 4338 ve-

1952 4375 2188 4430 nientem
2217 4375 2627 4438 observassent,
2654 4383 2712 4428 ut
2742 4373 2866 4443 plus
2895 4374 3141 4444 pecunia:
3168 4375 3237 4429 ab
3264 4392 3330 4429 eo
3350 4390 3537 4429 emun-

1953 4477 2162 4538 gcrent,
2199 4467 2337 4522 alter
2362 4468 2583 4537 quidem
2609 4454 2822 4531 eorum,
2850 4482 3014 4535 super
3039 4468 3217 4521 solum
3252 4478 3533 4534 extensus,

261 4560 357 4630 qui
400 4567 628 4613 vocatur
654 4554 860 4621 Bethel,
898 4565 955 4611 ut
991 4556 1064 4610 ibi
1095 4555 1379 4611 collectam
1407 4566 1586 4610 tecum
1609 4570 1674 4610 ex
1699 4570 1851 4609 more
1883 4563 1925 4617 ι)
1956 4570 2172 4614 mortuo
2208 4559 2404 4614 similis
2440 4558 2647 4628 jacuit;
2678 4559 2816 4613 alter
2852 4574 2983 4613 vero
3026 4574 3194 4629 prope
3225 4570 3379 4614 stans
3421 4561 3538 4629 plna

262 4649 644 4706 ecclesiastico
684 4646 939 4715 facerem,
976 4657 1028 4702 et
1077 4647 1349 4702 venissem
1400 4646 1466 4701 ad
1508 4647 1692 4701 villam
1725 4661 1848 4716 quae

264 4740 472 4796 dicitur
514 4739 842 4813 Anablatha,
875 4738 1242 4807 vidissemque
1278 4737 1352 4792 ibi
1404 4738 1720 4807 praeteriens
1764 4738 1850 4790 lu-

267 4848 494 4887 cernam
558 4832 880 4897 ardentem,
935 4841 990 4885 et
1039 4829 1463 4897 interrogassem
1522 4828 1646 4898 quis
1697 4827 1852 4881 locus

266 4937 434 4989 esset,
466 4923 891 4992 didicissemque
916 4936 1038 4976 esse
1063 4921 1375 4985 ecclesiam,
1398 4928 1452 4973 et
1475 4919 1765 4974 intrassem
1797 4927 1856 4973 ut

266 5031 521 5081 orarem;
597 5014 779 5069 inveni
843 5013 915 5067 ibi
973 5014 1152 5067 Vcillm
1228 5012 1470 5082 pendens
1530 5010 1586 5065 in
1647 5010 1856 5065 foribus

264 5108 514 5174 ejusdem
547 5106 814 5173 ecclesiae,
858 5106 1088 5159 tinctum
1136 5117 1298 5174 atque
1339 5102 1638 5172 depictum,
1674 5111 1727 5156 et
1757 5102 1857 5155 ha-

270 5202 406 5255 bens
429 5199 751 5270 imaginem,
780 5198 942 5268 quasi
969 5197 1173 5251 Christi
1199 5196 1283 5250 vel
1316 5195 1495 5251 sancti
1529 5195 1854 5263 cujusdam:

272 5309 372 5347 nec
403 5292 551 5347 enim
597 5291 733 5345 satis
776 5288 1001 5344 memini
1048 5289 1205 5357 cujus
1248 5287 1428 5357 imago
1482 5283 1669 5347 fuerit.
1718 5284 1856 5338 Cum

273 5398 401 5454 ergo
436 5384 541 5437 hoc
566 5381 847 5446 vidissem,
894 5379 948 5432 in
980 5378 1210 5433 ecclesia
1253 5376 1479 5440 Christi,
1527 5388 1718 5431 contra
1767 5391 1860 5429 au-

275 5478 583 5532 ctoritatem
627 5472 1061 5542 Scripturarum,
1106 5472 1344 5524 honums
1387 5469 1622 5540 pendere
1664 5468 1858 5539 imagi-

276 5584 430 5634 nem;
470 5566 609 5622 scidi
641 5564 773 5620 illud
802 5572 861 5619 et
903 5563 1078 5634 magis
1120 5562 1243 5618 dedi
1292 5560 1581 5615 consilium
1618 5561 1860 5615 custodi-

274 5662 373 5716 bus
398 5661 645 5733 ejusdem
678 5658 805 5726 lori,
838 5667 898 5712 ut
931 5670 1224 5727 pauperem
1260 5664 1536 5710 mortuum
1573 5668 1639 5709 eo
1671 5654 1861 5709 obvol-

274 5767 452 5810 verent
517 5766 575 5811 et
623 5753 904 5811 eli‘errent.
956 5750 1145 5821 illique
1198 5734 1387 5806 contra
1450 5760 1859 5806 murmurantes

276 5847 542 5915 dixerunt,
575 5845 631 5901 Si
656 5845 913 5901 scindere
940 5841 1426 5911 volucrat,justum
1454 5855 1589 5909 erat,
1622 5853 1679 5898 ut
1710 5844 1855 5898 aliud

1959 4652 2134 4713 rabat.
2162 4651 2326 4705 simul
2354 4652 2559 4706 sodalis
2588 4651 2680 4707 sui
2726 4662 2954 4705 mortem
3001 4652 3324 4717 lamentans,
3373 4652 3538 4707 simul

1957 4754 2250 4816 egestatem
2286 4761 2440 4800 suam
2478 4762 2737 4814 querens.
2767 4746 2912 4815 quod
2963 4747 3109 4799 illum
3153 4747 3385 4815 sepelire
3428 4762 3538 4800 non

1959 4846 2160 4905 posset.
2192 4834 2536 4906 Epiphanius
2571 4851 2722 4901 vero,
2760 4835 2958 4906 iacenti
2990 4837 3232 4904 requiem
3274 4850 3539 4906 appreca-

1957 4936 2066 4989 tus,
2099 4941 2221 4995 qua
2270 4925 2339 4980 ad
2391 4928 2728 4993 sepulturam
2776 4926 3084 4980 necessaria
3128 4937 3285 4979 erant
3321 4927 3561 4979 tuendi-.

1956 5018 2100 5072 canti
2133 5017 2377 5079 donavit,
2422 5017 2683 5085 llentique
2714 5017 2851 5070 dixit
2882 5034 2896 5071 :
2932 5017 3077 5070 Cura
3118 5017 3453 5086 sepulturam
3486 5024 3540 5070 et

1957 5111 2173 5180 plorare
2195 5111 2404 5174 desine,
2445 5109 2518 5164 liii
2546 5128 2560 5176 ;
2588 5125 2762 5179 neque
2790 5111 2936 5163 enim
2974 5111 3028 5163 in
3062 5110 3319 5180 praesenti
3352 5125 3541 5163 resur-

1958 5215 2045 5271 get
2070 5220 2082 5255 :
2109 5203 2251 5271 quod
2278 5216 2404 5255 vero
2434 5202 2634 5255 accidit
2663 5202 2977 5256 inevitabile
3001 5216 3065 5256 ac
3097 5216 3321 5271 prorsus
3345 5216 3539 5256 neces-

1959 5295 2187 5356 sarium,
2212 5294 2263 5347 id
2298 5293 2423 5348 forti
2452 5295 2637 5349 animo
2664 5293 2946 5348 ferendum
2976 5305 3076 5349 est.
3108 5293 3171 5347 Et
3200 5292 3538 5363 Epiphanius

1960 5386 2178 5457 quidem
2214 5386 2299 5441 his
2329 5386 2492 5441 dictis
2520 5387 2812 5442 abscessit.
2851 5383 2987 5440 Cum
3024 5396 3206 5439 autem
3241 5401 3402 5441 nemo
3426 5389 3539 5459 jam

1963 5479 2017 5537 in
2052 5488 2349 5548 conspectu
2378 5490 2545 5545 esset,
2581 5479 2863 5534 mendicus
2902 5489 3058 5534 stans
3091 5477 3362 5547 iacentem
3408 5481 3541 5548 pede

1962 5571 2177 5642 pulsare
2202 5571 2387 5641 coepit,
2437 5572 2668 5626 laudans
2703 5572 2849 5642 quod
2889 5582 3167 5626 mortuum
3211 5572 3425 5641 egregie
3464 5571 3543 5624 si-

1960 5664 2263 5719 mulasset:
2301 5672 2374 5728 ct,
2405 5665 2601 5734 Surge,
2646 5663 2856 5733 inquit;
2906 5679 2974 5717 ex
3023 5664 3207 5718 labore
3251 5674 3344 5718 tuo
3394 5663 3541 5718 hunc

1962 5759 2144 5813 lzetnm
2190 5759 2556 5829 transigemus
2608 5759 2772 5814 diem.
2814 5757 2918 5813 Sed
2964 5775 3090 5814 eum
3148 5760 3237 5814 ille
3283 5767 3544 5829 perpetuo

1959 5850 2185 5920 jacrrel,
2220 5859 2272 5904 et
2306 5851 2478 5905 nihilo
2504 5850 2625 5921 plus
2659 5866 2761 5907 nec
2803 5852 3131 5908 clamantem
3178 5852 3410 5915 audiret,
3439 5864 3541 5907 nec
