4058 6424
564 360 664 413 151

1579 346 1639 396 ὃ.
1678 336 2023 394 Ei’ll’ﬂAMl
2066 334 2249 392 AC'IA
2277 328 2789 385 'BULLARDIANA.

3763 314 3870 375 132

567 482 701 534 totis
741 474 954 531 viribus
1020 478 1339 526 monentem
1396 466 1654 531 sentiret;
1704 460 1925 517 concito
1979 473 2146 515 cursu
2178 458 2225 518 Α
2255 454 2592 510 munionem.
2632 451 2865 521 Scripsit
2920 448 3109 519 itaque
3169 447 3234 503 de
3286 445 3371 501 his
3416 443 3861 515 archiepiscopo

569 571 887 643 episcOpunt
933 574 1243 625 assecutus,
1301 559 1545 614 fraudem
1597 555 1886 610 amborum
1936 548 2155 606 confes--

574 641 692 729 sus,
711 662 1043 731 ploransque
1062 666 1117 712 et
1140 655 1320 710 crines
1346 649 1607 705 vellicans
1639 646 1852 707 orabat,
1879 652 1941 698 ut
1968 641 2156 697 socius

573 754 643 809 ad
679 753 845 806 vitam
874 755 1244 805 revocaretur.
1276 740 1480 796 Verum
1508 737 1848 809 Epiphanius
1875 735 2154 789 hominem

576 846 804 908 dimisit,
834 847 1086 897 hortatus
1115 847 1177 892 ut
1213 836 1265 890 id
1296 832 1445 903 quod
1476 831 1751 887 acciderat
1783 842 1942 898 aequo
1970 826 2157 880 animo

578 939 786 993 terret:
825 950 932 989 non
970 933 1113 987 enim
1166 928 1464 984 dissolvere
1500 923 1672 978 voluit
1725 921 1871 976 Dens
1919 919 1972 973 id
2012 916 2158 988 quod

580 1031 780 1085 factum
813 1027 1008 1093 fuerat,
1055 1021 1385 1094 persuadere
1420 1018 1647 1073 omnino
1689 1015 1875 1069 volens
1920 1010 2160 1066 homini-

578 1123 701 1186 bus,
730 1136 826 1175 eos
847 1119 938 1190 qui
969 1132 1027 1173 se
1063 1118 1200 1171 tales
1232 1113 1475 1184 praebent
1508 1124 1636 1179 erga
1684 1106 1922 1161 faniuios
1964 1105 2158 1175 ipsius,

579 1213 681 1284 ipsi
712 1212 803 1280 qui
827 1209 1012 1265 omnia
1043 1207 1196 1262 audit
1221 1220 1286 1260 ac
1318 1203 1467 1258 videt
1494 1200 1739 1254 fraudem
1778 1206 2013 1252 struere.
2067 1213 2086 1245 ι

649 1302 740 1359 26.
795 1299 1100 1370 Prophetite
1134 1310 1298 1367 porro
1341 1294 1545 1348 donum
1589 1290 1643 1344 in
1692 1286 2016 1357 Epiphanio,
2054 1297 2163 1354 quo

580 1392 797 1448 occulta
827 1398 881 1446 et
908 1402 1110 1443 arcana
1146 1384 1426 1456 pervidere
1453 1379 1720 1437 divinitus
1751 1379 1798 1431 ei
1824 1391 1967 1446 saepe
1997 1375 2166 1429 daba-

584 1496 693 1549 tur,
730 1483 936 1537 indicat
968 1481 1056 1533 iila
1095 1476 1418 1546 signiﬁcatio
1464 1486 1606 1529 verae
1650 1471 1844 1526 mortis
1883 1469 2026 1538 ejus,
2071 1467 2164 1537 qui

582 1590 705 1630 eam
741 1572 1002 1629 simulare
1022 1570 1288 1625 duntaxat
1313 1565 1639 1621 credebatur
1680 1578 1709 1617 a
1741 1561 1911 1627 socio,
1956 1576 2082 1615 cum
2117 1558 2165 1613 ei

586 1667 754 1720 dixit:
789 1683 806 1715 ι
852 1662 1037 1733 Neque
1079 1660 1223 1715 enim
1273 1660 1327 1712 in
1368 1655 1620 1729 praesenti
1659 1660 1928 1722 resurget.
1969 1670 1988 1703 ι
2021 1651 2167 1705 Idem

588 1762 792 1814 donum
827 1756 1007 1825 primo
1056 1769 1122 1807 ex
1164 1750 1445 1807 communi
1483 1748 1648 1812 fama,
1702 1746 1898 1802 deinde
1948 1744 2168 1815 propria

587 1850 921 1919 experientia
962 1853 1302 1918 agnoverunt
1331 1844 1442 1897 duo
1484 1842 1583 1905 illi,
1607 1842 1673 1896 de
1706 1840 1909 1911 quibus
1928 1837 2172 1892 narravit
2205 1830 2244 1887 Β

592 1959 753 1997 senex
776 1942 996 2011 quidam
1030 1940 1084 1991 in
1125 1936 1255 1991 Vitis
1284 1936 1532 1998 Patrum,
1559 1934 1741 1988 libello
1774 1948 1860 1995 xv,
1892 1947 2044 1985 num.
2080 1928 2170 1997 88,

593 2035 885 2101 interprete
916 2030 1150 2100 Pelagio,
1179 2029 1264 2083 his
1293 2028 1473 2082 verbis
1507 2044 1520 2080 :
1558 2043 1577 2076 ι
1617 2025 1735 2101 Duo
1766 2024 1989 2095 quidam
2017 2030 2176 2076 erant

590 2125 879 2180 saeculares
910 2121 1181 2190 religiosi;
1212 2129 1266 2174 et
1292 2120 1669 2188 colloquentes
1716 2131 1929 2180 secum,
1965 2111 2175 2184 egressi

591 2226 740 2277 smn,
772 2224 827 2269 et
858 2213 984 2267 facti
1010 2221 1141 2267 sunt
1183 2209 1459 2266 monachi.
1506 2207 1940 2263 IEmuiationem
1990 2212 2174 2259 autem

592 2292 858 2361 habentes
907 2304 1061 2358 vocis
1120 2301 1477 2371 evangelicae,
1534 2300 1629 2354 sed
1686 2313 1795 2352 non
1869 2295 2174 2352 secundum

592 2398 906 2460 scientiam,
959 2402 1343 2450 castraverunt
1393 2407 1454 2448 se
1510 2392 1669 2462 quasi
1723 2399 1949 2461 propter
2012 2403 2178 2458 regna

594 2490 887 2545 cmlorum.
939 2487 1185 2545 Audiens
1233 2494 1415 2539 autem
1468 2481 1917 2551 archiepiscopus
1961 2494 2182 2534 excom-

597 2580 899 2638 tnunicavit
930 2595 1046 2633 eos.
1082 2577 1161 2632 liii
1211 2588 1413 2641 autem,
1458 2582 1716 2645 putantes
1748 2573 1877 2642 quia
1917 2572 2056 2627 bene
2103 2570 2183 2625 fe—

599 2673 829 2733 cissent,
864 2669 1129 2739 indignati
1164 2677 1293 2722 sunt
1335 2675 1528 2721 contra
1564 2678 1713 2727 eum,
1744 2663 1989 2717 dicentes
2027 2658 2182 2716 :Nos

603 2771 824 2832 propter
854 2776 1017 2830 regna
1044 2760 1311 2815 caelorum
1343 2756 1706 2813 castravimus
1737 2770 1858 2821 nos,
1894 2763 1948 2809 et
1971 2754 2061 2808 hic
2089 2769 2184 2808 ex-

602 2852 1031 2910 communicavit
1057 2852 1193 2905 nos?
1229 2849 1433 2903 Eamus
1456 2859 1512 2903 et
1541 2846 1952 2915 interpellemus
1984 2845 2184 2899 adver-

605 2962 702 3000 sus
772 2959 897 2999 eum
978 2940 1602 3011 ilierosolymitanorum
1680 2935 2178 3005 archiepiscopum.

603 3039 881 3093 Abeuntes
914 3051 1045 3105 ergo
1069 3034 1450 3088 indicaverunt
1479 3032 1528 3087 ei
1574 3030 1782 3085 omnia.
1820 3027 1888 3083 Et
1925 3028 2062 3083 dixit
2106 3027 2187 3082 eis

605 3129 1054 3198 archiepiscopus
1087 3124 1613 3196 Hierosolymitanus
1655 3121 1761 3177 :Et
1806 3138 1907 3193 ego
1952 3137 2053 3176 vos
2091 3136 2187 3175 ex-

2263 549 2606 604 Aiexandria:
2637 545 2827 600 dicens
2864 562 2876 597 :
2911 541 3141 611 Suscipe
3186 539 3325 594 lilios
3380 548 3525 603 tuos,
3588 535 3870 606 quoniam

2265 643 2320 698 in
2347 641 2575 697 veritate
2601 637 2981 709 pmnitentism
3010 642 3263 705 egerunt,
3310 639 3365 686 et
3405 629 3626 686 addidit
3672 643 3873 694 senex,

2265 734 2360 806 qui
2406 735 2512 788 hoc
2554 730 2863 801 exemplum
2918 720 3261 787 narraverat,
3314 724 3502 777 dicens
3537 740 3555 777 :
3597 718 3737 776 Haec
3792 731 3876 775 est

2266 827 2474 882 sanitas
2505 823 2763 886 hominis,
2783 828 2838 875 et
2865 820 2968 875 hoc
2989 828 3072 872 est
3097 814 3245 889 quod
3274 812 3573 881 vuitDeus,
3604 823 3670 867 ut
3702 815 3874 867 homo

2268 920 2484 988 culpam
2520 930 2676 971 suam
2704 911 2955 984 projiciat
2991 919 3118 965 ante
3152 907 3344 964 Deum.
3395 922 3414 958 ι
3766 908 3779 921 ⁶

2337 1010 2426 1065 28.
2455 1006 2551 1063 His
2577 1007 2809 1077 aiiisque
2846 1003 3230 1076 spirituaiibus
3252 1000 3443 1074 gratiis
3473 1012 3594 1055 aevo
3642 1014 3752 1055 suo
3785 1010 3876 1053 ce-

2271 1104 2436 1160 lebris
2476 1100 2835 1173 Epiphanius,
2860 1098 2958 1153 toti
2990 1097 3246 1166 deinceps
3271 1093 3581 1165 posteritati
3627 1088 3875 1146 innotui:

2271 1196 2492 1268 scriptis
2514 1195 2669 1251 libris
2703 1207 2938 1263 quorum
2980 1190 3193 1261 primus
3243 1186 3345 1243 fuit
3387 1198 3548 1257 quem
3584 1184 3877 1256 appellant

2272 1288 2631 1351 Ancoratum,
2679 1295 2966 1357 propterea
3019 1278 3167 1353 quod
3216 1282 3480 1346 animum,
3535 1277 3612 1333 de
3668 1278 3784 1331 vita
3815 1292 3877 1330 ac

2274 1384 2448 1439 salute
2487 1379 2804 1442 sollicitum,
2842 1378 3018 1433 instar
3061 1390 3277 1431 ancorae
3325 1375 3526 1429 iirmat.
3560 1371 3704 1441 Ejus
3738 1369 3877 1425 Scri-

2273 1474 2436 1531 bendi
2465 1474 2589 1528 data
2616 1471 2717 1541 ipsi
2740 1470 2962 1526 occasio
2982 1476 3066 1523 est
3100 1482 3197 1539 per
3225 1480 3243 1519 t
3273 1465 3561 1538 epistolam
3603 1444 3874 1533 scriptam

2275 1582 2306 1622 e
2348 1564 2670 1635 Pamphilia,
2696 1574 2761 1617 ex
2795 1560 2995 1632 Oppido
3028 1556 3251 1615 Suedris
3286 1574 3316 1613 a
3350 1554 3612 1619 Tarsino,
3647 1552 3877 1608 Mailitio

2277 1668 2330 1714 et
2383 1658 2504 1713 aliis
2547 1652 2878 1726 presbyteris
2924 1667 3068 1706 anno
3113 1648 3183 1706 90
3237 1648 3580 1714 Diocletiani,
3630 1643 3879 1701 Valentis

2281 1765 2459 1805 vero:
2496 1758 2549 1803 et
2574 1746 2819 1803 Gratiani
2844 1760 2920 1808 vi,
2962 1761 2981 1796 ι
3015 1745 3109 1815 qui
3144 1742 3247 1798 fuit
3283 1741 3490 1798 Christi
3522 1736 3661 1796 373.
3698 1737 3877 1810 ipsam

2273 1844 2561 1914 epistolam
2598 1849 2724 1895 ante
2756 1853 2895 1909 opus
2929 1839 3115 1894 videre
3159 1848 3264 1903 est,
3306 1851 3415 1891 una
3457 1851 3589 1891 cum
3638 1830 3874 1905 epistola

2273 1935 2501 1991 Palladii
2540 1932 2849 2003 cujusdam,
2877 1941 2936 1987 ut
2963 1948 3027 1987 ex
3060 1928 3325 2000 rescripto
3342 1935 3568 2000 apparet
3592 1925 3875 1991 monachi,

2272 2030 2372 2100 τῆς
2415 2027 2585 2097 αὐτῆς
2645 2024 2851 2088 πόλεως
2899 2023 3176 2096 Σουέδρων
3212 2021 3666 2093 πολιτευομένου,
3730 2017 3873 2090 quod

2276 2122 2493 2177 mallem
2530 2138 2547 2170 ι
2596 2120 2651 2173 in
2697 2118 2891 2175 eadem
2938 2114 3275 2171 Suedrorum
3319 2114 3455 2169 urbe
3496 2114 3872 2176 habitantem,

2276 2227 2441 2285 quam
2475 2210 2609 2265 inibi
2646 2209 2975 2280 magistratu
3014 2208 3198 2279 aliquo
3234 2204 3585 2277 perfunctum
3620 2213 3722 2259 aut
3760 2202 3878 2258 iun-

2278 2313 2491 2377 gentem
2522 2320 2541 2355 ι
2578 2311 2813 2357 vertere.
2865 2298 3151 2354 Moverant
3194 2310 3377 2353 autem
3410 2312 3528 2363 eos,
3579 2298 3679 2369 qui
3723 2306 3872 2351 antea

2276 2404 2506 2451 ‘suorum
2562 2394 2763 2448 multos
2824 2391 2893 2446 ab
2944 2406 3134 2446 errore
3194 2389 3461 2445 abductos
3525 2389 3875 2460 gaudebant,

2285 2507 2304 2540 ι
2342 2487 2580 2557 acceptis
2628 2502 2658 2541 a
2712 2486 2872 2540 beato
2924 2498 2989 2539 ac
3044 2480 3219 2539 felicis
3279 2482 3559 2537 memoriae
3617 2481 3875 2552 episeopo

2280 2581 2584 2636 Athanasio
2633 2588 2688 2634 et
2742 2578 2811 2632 ab
2861 2575 3278 2647 religiosissimo
3325 2574 3619 2644 Epiphanii
3681 2573 3876 2640 collega

2282 2671 2573 2728 Prociiano
2604 2669 2824 2731 litteris,
2866 2686 2884 2719 ι
2924 2675 2983 2721 ut
3020 2666 3088 2721 ad
3120 2666 3298 2735 ipsum
3334 2661 3708 2735 Ep‘phanium
3741 2674 3877 2719 nunc

2283 2772 2652 2826 recurrerent,
2701 2770 2922 2816 mortuo
2954 2770 3081 2814 ante
3126 2759 3408 2814 biennium
3455 2755 3787 2817 Athanasio,
3826 2760 3875 2806 et

2285 2855 2574 2911 Prociiano
2612 2853 2769 2907 aliter
2802 2851 3064 2921 impedito
3093 2868 3106 2903 :
3141 2857 3443 2907 moverant.
3502 2847 3758 2918 inquam,
3788 2858 3874 2899 eos

2293 2967 2313 2999 ‹
2338 2943 2697 3003 conscelerati
2724 2941 2992 3012 dogmatis
3018 2940 3285 3009 reliquiae,
3308 2938 3449 3009 apud
3469 2937 3769 2993 nonnullos
3790 2932 3875 2988 ad-

2288 3040 2397 3094 huc
2428 3037 2771 3107 superstites,
2812 3053 2831 3086 ι
2863 3033 3353 3103 compulerantque
3373 3046 3565 3099 rogare
3595 3039 3657 3085 ut
3688 3040 3741 3084 et
3769 3028 3873 3099 ipse

2299 3150 2318 3184 ‹
2355 3132 2422 3185 ad
2455 3145 2645 3184 eorum
2693 3126 2996 3183 Eet-lesiam
3045 3126 3256 3180 litteras
3304 3124 3434 3179 dare
3472 3140 3581 3179 non
3630 3135 3873 3195 gravare-

607 3196 974 3277 communico.
1003 3216 1085 3272 Ex
1111 3233 1220 3287 quo
1255 3217 1451 3275 iterum
1493 3213 1806 3270 contristati
1846 3209 2100 3267 abierunt
2135 3212 2187 3265 in
2218 3196 2260 3252 C
2296 3233 2403 3284 ιυιι,
2437 3241 2455 3275 ,
2491 3237 2554 3277 ac
2595 3229 2799 3276 rectam
2848 3219 3008 3274 ﬁdem
3052 3218 3278 3273 uberius
3322 3217 3624 3286 explicare.
3680 3212 3870 3285 00's.".

607 3312 951 3367 Antiochiam
985 3310 1052 3364 ad
1094 3309 1595 3377 archiepiscopum,
1622 3315 1678 3361 et
1705 3306 1961 3360 dixerunt
1999 3306 2049 3357 ei
2079 3318 2193 3357 om-

612 3407 699 3459 nia
723 3420 845 3473 quae
872 3403 1012 3457 facta
1045 3400 1259 3455 fuerant
1298 3402 1445 3454 circa
1485 3414 1575 3465 se;
1609 3408 1663 3453 et
1693 3399 1787 3453 ille
1819 3399 2071 3453 similiter
2099 3411 2196 3449 cx-

611 3492 1038 3547 i-ommunieavit
1062 3505 1178 3545 eos.
1212 3490 1278 3544 Et
1306 3489 1566 3543 dixerunt
1593 3489 1659 3542 ad
1688 3490 1899 3560 seipsos
1936 3507 1948 3541 :
1991 3486 2194 3541 Eamus

612 3582 846 3637 Romam
878 3581 943 3635 ad
975 3581 1370 3650 patriarcham,
1401 3590 1455 3634 et
1485 3581 1600 3650 ipse
1645 3594 1747 3634 nos
1787 3579 2085 3634 vindicabit
2127 3578 2196 3632 de

614 3675 873 3728 mniiibus
901 3673 1040 3727 istis.
1071 3672 1341 3725 Abierunt
1368 3687 1498 3741 ergo
1526 3672 1593 3726 ad
1622 3688 1898 3726 summum
1935 3671 2199 3741 archiepi-

616 3781 842 3836 scopum
878 3764 1138 3819 liomanze
1172 3764 1432 3826 civitatis,
1461 3771 1515 3818 et
1555 3772 1947 3834 suggesserunt
1980 3763 2028 3819 ei
2075 3778 2198 3832 qua

616 3856 859 3912 fecerant
887 3858 967 3911 eis
998 3856 1283 3910 memorati
1319 3855 1737 3926 archiepiscopi,
1771 3856 2014 3910 dicentes
2048 3876 2060 3910 :
2093 3853 2198 3909 Ve-

618 3951 801 4007 nimus
826 3949 893 4004 ad
931 3959 1002 4011 te,
1048 3949 1176 4018 quia
1207 3957 1265 4001 tu
1306 3962 1368 4003 es
1412 3957 1576 4018 caput
1610 3947 1882 4002 omnium.
1924 3945 2066 4002 Dicit
2101 3962 2201 4001 au-

622 4053 727 4094 tem
753 4048 809 4094 et
825 4040 905 4095 eis
938 4039 1055 4109 ipse
1083 4061 1095 4094 ;
1124 4039 1237 4110 Ego
1283 4055 1378 4095 vos
1404 4039 1824 4095 exeommunico
1854 4048 1908 4093 et
1933 4038 2202 4111 segregati

618 4131 772 4186 estis.
2154 4114 2159 4121 ’

690 4222 781 4276 27.
833 4240 851 4272 ‹
881 4220 1035 4277 Tunc
1063 4220 1380 4277 defecerunt
1404 4220 1865 4277 excommunicati
1910 4223 2077 4277 totius
2111 4236 2202 4275 ra-

622 4315 788 4369 tionis
811 4322 863 4369 et
892 4315 1148 4369 dixerunt
1181 4314 1249 4369 ad
1282 4314 1607 4384 semetipsos
1640 4312 1771 4370 :isti
1821 4315 2063 4385 episcopi
2100 4314 2205 4369 sibi

628 4405 858 4459 Invicem
883 4404 1140 4474 delerunt
1177 4414 1232 4458 et
1265 4406 1639 4468 consentiunt,
1688 4415 1911 4475 propter
1955 4406 2103 4475 quod
2149 4405 2203 4458 in

2295 3327 2479 3371 autem
2514 3315 2669 3378 illud,
2695 3321 2753 3367 ut
2779 3328 2843 3367 ex
2873 3311 3102 3383 epistola
3135 3306 3361 3364 Palladii
3392 3308 3738 3375 intelligitur,
3768 3301 3867 3357 Eu-

2299 3408 2688 3462 nomianorunt
2717 3404 2842 3467 fuit,
2879 3423 2896 3455 ι
2933 3405 3125 3457 inanes
3153 3410 3207 3456 et
3236 3400 3504 3455 absurdus
3552 3398 3869 3470 quaestiones

2296 3501 2363 3555 de
2399 3502 2603 3569 Spiritu
2647 3508 2837 3553 sancto
2871 3498 3233 3560 moventium,
3282 3494 3715 3564 negantiumquc
3759 3502 3867 3543 eum

2299 3609 2422 3648 cum
2460 3592 2746 3647 divinitate
2780 3590 3175 3657 dominatuque
3207 3586 3377 3656 gloria
3419 3585 3581 3639 simul
3638 3581 3770 3637 είίῖἶοί
3814 3592 3869 3632 ac

2299 3682 2583 3754 praedicari
2610 3692 2896 3751 oportere;
2930 3681 3022 3735 sed
3060 3679 3113 3732 in
3155 3680 3391 3732 ministri
3423 3676 3674 3732 nuntiive
3702 3656 3877 3728 haberi

2301 3776 2441 3838 loco,
2469 3776 2580 3831 imo
2620 3775 2783 3829 etiam
2832 3772 3095 3827 humilius
3140 3767 3363 3841 aliquod
3406 3771 3783 3840 ahjectiusque
3813 3762 3870 3815 de

2301 3869 2422 3938 ipso
2452 3866 2828 3923 sentientium.
2861 3864 3074 3931 Quibus
3099 3864 3165 3917 de
3199 3864 3404 3929 causis,
3444 3881 3463 3914 ι
3501 3862 3681 3932 inquit
3710 3856 3870 3912 Palla-

2303 3963 2448 4027 dius,
2490 3979 2509 4012 ‹
2547 3961 2628 4016 sic
2657 3968 2916 4030 tanquam
2961 3958 3293 4012 iucoustanti
3330 3955 3633 4027 jactatione
3657 3970 3720 4009 ac
3746 3949 3866 4005 ditii—

2304 4055 2395 4108 cili
2433 4062 2753 4124 tempestate
2798 4051 3161 4116 ﬂuctuantes;
3202 4064 3327 4103 cum
3368 4048 3646 4103 neminem
3702 4044 3784 4099 hic
3810 4038 3865 4094 ad

2304 4162 2400 4201 eas
2442 4145 2821 4201 dissolvendas
2858 4144 3193 4213 quaestiones
3247 4157 3312 4195 ac
3355 4152 3544 4196 sanam
3586 4140 3740 4195 iidem
3780 4150 3866 4188 ex-

2306 4237 2611 4305 ponendam
2646 4236 2901 4289 idoneum
2923 4233 3164 4303 reperire
3194 4232 3502 4303 possimus;
3534 4232 3601 4286 ad
3634 4229 3864 4301 pietatem

2311 4337 2459 4379 tuam
2491 4325 2558 4379 de
2587 4325 2691 4380 hoc
2724 4324 2942 4394 negotio
2976 4320 3177 4377 referre
3203 4323 3375 4377 coacti
3427 4339 3642 4385 sumus,
3674 4328 3730 4374 ut
3767 4327 3865 4368 tne-

2310 4418 2414 4472 rito
2442 4428 2495 4472 et
2523 4417 2667 4470 illam
2698 4432 2882 4471 vocem
2918 4430 3181 4487 usurpare
3199 4417 3479 4489 possimus
3511 4435 3523 4469 :
3560 4410 3863 4479 Prmccptor.

625 4497 851 4568 synodis
880 4506 1316 4567 congregantur;
1348 4497 1443 4553 sed
1491 4511 1684 4551 eamus
1730 4498 1796 4551 ad
1843 4497 1995 4550 illum
2026 4498 2185 4551 virun

2312 4526 2469 4565 serva
2502 4525 2622 4564 nos.
2646 4508 3016 4575 Quamobrem
3053 4509 3107 4563 id
3146 4526 3246 4579 pro
3281 4509 3495 4564 sincera
3530 4516 3623 4562 tua
3657 4520 3720 4560 ac
3740 4508 3865 4555 recta

628 4584 724 4641 Dei
778 4587 836 4642 S.
903 4585 1299 4657 Epiphanium,
1351 4588 1821 4658 archiepiscopum
1872 4587 1941 4641 de
1998 4587 2201 4659 Cypro,

629 4682 757 4750 quia
784 4680 1044 4749 propheta
1076 4688 1179 4743 est,
1207 4690 1261 4733 et
1294 4695 1585 4750 personam
1614 4680 1855 4735 hominis
1897 4696 2004 4734 non
2058 4682 2204 4736 acci-

630 4774 727 4841 pit.
779 4771 918 4825 Cum
976 4778 1160 4825 autem
1217 4770 1715 4840 appropinquarent
1771 4769 2007 4825 civitatis
2062 4770 2203 4840 ejus,

628 4865 929 4920 revelatum
950 4873 1035 4919 est
1065 4864 1113 4918 ei
1141 4864 1210 4920 de
1239 4864 1371 4934 ipsis
1406 4882 1419 4919 :
1452 4876 1506 4919 et
1551 4865 1776 4920 mittens
1817 4865 1873 4918 in
1907 4880 2204 4921 occursuro

629 4970 822 5010 eorum
859 4954 998 5007 dixit
1030 4974 1043 5008 :
1071 4951 1150 5009 Ne
1185 4954 1399 5009 intretis
1433 4954 1487 5008 in
1519 4955 1795 5010 civitatem
1839 4956 2022 5012 istam.
2050 4956 2207 5012 Tunc

631 5050 706 5104 illi
731 5049 783 5103 in
816 5064 876 5104 se
910 5048 1135 5114 reversi,
1167 5047 1423 5104 dixerunt
1454 5067 1466 5102 :
1495 5048 1604 5104 Pro
1634 5050 1860 5105 veritate
1890 5066 1991 5106 nos
2019 5051 2207 5121 cuipa-

630 5143 766 5202 iiiles
804 5158 1018 5210 sumus,
1056 5152 1115 5198 ut
1154 5142 1282 5213 quid
1309 5159 1440 5214 ergo
1470 5159 1571 5200 nos
1608 5144 1757 5214 ipsos
1785 5144 2207 5214 justiﬁcamus?

634 5233 737 5289 Fac
765 5236 929 5290 etiam
983 5236 1111 5305 quia
1158 5236 1234 5290 illi
1285 5236 1486 5305 injuste
1533 5254 1637 5292 nos
1688 5242 2207 5297 excommunicavc-

636 5333 784 5387 runt,
812 5329 1056 5396 nunquid
1079 5339 1135 5382 et
1155 5327 1258 5383 iste
1288 5329 1585 5399 propheta?
1610 5346 1736 5384 ecce
1768 5332 1914 5385 enim
1945 5331 2087 5388 Deos
2126 5336 2208 5386 re-

641 5418 922 5471 vetavitilii
955 5421 1021 5473 de
1048 5422 1225 5476 nobis.
1255 5420 1323 5475 Et
1358 5424 1823 5492 reprehenderunt
1880 5428 2209 5497 semetipsos

644 5508 793 5561 valde
830 5507 898 5561 de
931 5511 1084 5579 culpa
1135 5529 1298 5581 quam
1350 5515 1614 5570 iecerunt.
1674 5514 1828 5570 Tunc
1867 5518 2060 5573 videns
2110 5519 2206 5589 qui

640 5596 804 5649 corda
837 5599 1004 5665 novit,
1035 5601 1161 5669 quia
1196 5617 1294 5670 pro
1340 5605 1570 5659 veritate
1616 5621 1676 5661 se
1719 5607 2018 5677 culpabiles
2067 5607 2214 5663 fece-

639 5690 1058 5747 rant,revclavit
1088 5694 1344 5763 episcopo
1377 5696 1719 5768 Epiphanio;
1764 5709 1820 5754 et
1868 5701 2012 5755 nitro
2061 5703 2214 5755 misit

641 5786 693 5827 et
735 5774 963 5831 adluxit
991 5796 1102 5842 eos.
1137 5792 1191 5835 et
1218 5790 1528 5845 consolatus
1555 5804 1651 5845 eos
1689 5794 1927 5864 suscepit
1970 5794 2023 5846 in
2061 5808 2214 5847 com-

2312 4601 2418 4657 ﬁde
2455 4610 2562 4656 ate
2589 4604 2846 4672 petimus,
2880 4618 3044 4672 quam
3087 4600 3329 4657 secunda
3360 4596 3473 4671 jam
3507 4599 3712 4654 dudum
3742 4588 3865 4646 fama

2314 4708 2367 4750 et
2396 4695 2717 4749 idoneorum
2740 4696 2983 4749 virorum
3016 4693 3326 4749 testimonia
3361 4690 3561 4761 passim
3586 4687 3866 4746 celebrant;

2315 4796 2375 4841 ut
2394 4786 2460 4841 ad
2489 4786 2634 4857 quod
2667 4804 2868 4842 munus
2896 4786 3206 4840 obeundum
3238 4801 3270 4840 a
3311 4782 3596 4839 Salvatore
3626 4774 3866 4837 constitu-

2316 4889 2404 4934 tus
2431 4895 2512 4945 es,
2536 4885 2672 4935 hanc
2703 4889 2947 4933 nostram
2973 4879 3337 4934 hortationem
3365 4879 3674 4933 humaniter
3696 4866 3865 4927 admit-

2318 4978 2451 5032 tere,
2483 4979 2535 5024 ct
2565 4971 2694 5040 quid
2734 4970 2801 5025 de
2847 4969 3113 5026 Trinitaie
3162 4972 3233 5025 sit
3276 4970 3633 5035 credendum,
3670 4958 3865 5017 uberius

2317 5064 2451 5117 velis
2482 5065 2831 5133 apertiusque
2860 5064 3149 5120 disserere.
3188 5084 3207 5117 ι
3239 5063 3364 5119 Hzec
3396 5074 3451 5119 et
3481 5065 3586 5119 alia
3619 5061 3713 5118 iiii.

2388 5154 2479 5208 29.
2507 5154 2846 5224 Epiphanius
2894 5170 3024 5210 vero
3064 5155 3405 5225 respondens
3455 5164 3569 5209 tum
3610 5153 3731 5215 illis,
3770 5151 3863 5197 ιυιη

2318 5247 2583 5301 Numerio
2629 5248 2950 5319 presbytero
2999 5254 3053 5303 et
3093 5244 3354 5302 Severino
3406 5246 3694 5305 monacho,
3742 5245 3864 5305 qUO'

2320 5355 2442 5392 rum
2475 5340 2695 5392 nomina
2740 5340 2824 5392 vel
2863 5339 3185 5395 exciderunt
3212 5354 3243 5393 e
3297 5338 3471 5394 titulis
3517 5332 3864 5407 epistolaruuli

2319 5432 2405 5485 vel
2433 5431 2651 5485 aliunde
2681 5441 2805 5485 nota
2839 5432 3045 5485 amoris
3072 5429 3409 5500 honorisque
3430 5445 3559 5500 ergo
3591 5426 3861 5496 adjunsiﬂ"

2325 5532 2411 5577 tur
2471 5522 2633 5587 uitro,
2688 5524 2866 5593 primo
2912 5536 3186 5577 excusans
3244 5541 3263 5575 ‹
3322 5521 3600 5593 ingenium
3647 5538 3666 5571 ι
3708 5520 3860 5570 suum.

2330 5634 2347 5664 ι
2395 5615 2539 5683 quod
2577 5614 2847 5681 ab,ectum
2879 5623 2933 5667 ct
2965 5613 3193 5677 humile,
3226 5613 3280 5667 in
3321 5613 3505 5684 quiete
3532 5611 3743 5680 otioque
3768 5611 3859 5653 ver-

2326 5705 2433 5759 sari
2476 5713 2737 5772 perpetuo
2762 5704 3036 5771 studebat,
3070 5719 3247 5775 neque
3275 5720 3397 5761 sese
3428 5704 3571 5759 ultra
3603 5712 3751 5773 quam
3783 5700 3859 5760 Pi"

2325 5807 2409 5852 est
2431 5798 2744 5866 extendere;
2793 5818 2810 5849 ι
2854 5814 3045 5854 eorum
3096 5811 3275 5854 tamen
3328 5799 3566 5855 stimulis
3607 5788 3856 5865 impulsum
