4058 6478
224 349 322 405 135

1262 355 1320 409 S.
1350 356 1698 412 EPIPllANll
1739 357 1923 412 ACTA
1965 315 2475 415 BULLANDIANA;

3405 372 3511 432 131»

221 470 523 536 sefatetur,
569 490 591 527 ι
631 482 697 530 nt
721 475 795 530 ad
833 475 886 529 id
914 476 1061 545 quod
1098 476 1231 534 utile
1260 494 1326 535 ac
1367 478 1710 537 fructuosum
1737 490 1823 536 est
1852 485 1899 542 Α
1926 480 2189 537 adversus
2219 481 2515 539 falsitatem
2560 498 2659 555 pro
2694 484 2923 543 veritate
2961 488 3270 548 decertans.
3310 489 3512 549 Breves

222 566 519 621 excitatum
549 564 806 621 animum
842 567 1287 626 transferret.....
1330 571 1547 629 Auditis
1589 595 1610 627 ι
1648 574 1818 637 enim,

225 659 422 729 inquit,
482 677 500 710 ι
560 659 848 728 precibus,
877 675 1018 729 quas
1066 677 1176 717 non
1226 678 1431 734 paucas
1480 666 1823 734 pertulerunt

219 750 444 820 Conops
477 748 638 805 frater
680 759 849 821 atque
890 751 1325 823 compresbyter,
1382 753 1593 822 aliique
1639 752 1821 823 ipsum

222 843 418 907 secuti,
459 856 673 912 vosque
707 841 1019 898 charissimi
1070 841 1190 910 lilii,
1252 859 1355 900 nec
1402 860 1512 900 non
1558 844 1822 916 Hypatius

224 935 367 989 titius
407 930 622 998 noster,
657 933 753 1004 qui
802 934 871 989 ad
914 949 1002 989 me
1042 944 1335 1005 propterea
1367 952 1435 992 ex
1466 935 1705 1008 Egypto
1729 952 1823 992 ve-

224 1028 331 1092 nit;
362 1042 493 1081 cum
526 1035 607 1081 tot
647 1026 704 1081 in
758 1026 902 1082 idem
937 1025 1201 1095 sulfragia
1244 1028 1591 1084 consensisse
1631 1042 1822 1083 cerne.

224 1138 371 1186 rem;
409 1131 596 1175 mente
623 1119 918 1189 animoque
957 1128 1271 1176 commotus
1318 1129 1576 1190 reputare
1606 1135 1821 1175 mecum

223 1215 338 1284 ipse
379 1212 554 1283 carpi,
588 1228 654 1268 ac
702 1213 919 1268 tandem
960 1212 1109 1268 istud
1146 1213 1285 1267 mihi
1324 1222 1572 1283 prompte
1615 1221 1669 1266 et
1704 1212 1821 1267 alae

224 1304 388 1360 criter
417 1302 735 1359 faciendum
764 1318 885 1361 esse
918 1301 1159 1369 decrevi,
1194 1313 1257 1358 ut
1291 1320 1393 1374 pro
1425 1319 1491 1359 eo
1515 1319 1580 1358 ac
1611 1320 1708 1373 per
1733 1305 1822 1359 lit-

225 1410 370 1455 teras
391 1398 743 1468 postulastis,
776 1397 843 1452 ad
882 1398 1025 1454 hanc
1062 1397 1221 1452 vobis
1253 1414 1353 1467 pro
1381 1409 1569 1453 vestro
1603 1397 1822 1453 deside-

223 1492 306 1547 rio
332 1490 689 1547 scribendam
710 1490 1025 1561 epistolam,
1053 1491 1237 1545 tenuis
1261 1491 1387 1546 licet
1416 1500 1471 1545 et
1494 1490 1820 1554 imbecillus,

226 1584 344 1638 sine
394 1583 509 1637 ulla
554 1582 1007 1651 tergiversatione
1050 1598 1139 1637 me
1180 1582 1513 1636 conferrem.
1555 1600 1573 1633 ι
1616 1579 1685 1636 Ut
1723 1596 1823 1635 au-

228 1685 331 1731 tem
358 1675 573 1730 dicitur
620 1675 675 1730 in
712 1677 916 1746 praevia
964 1672 1222 1746 Synepsi,
1263 1692 1282 1726 ι
1339 1675 1652 1745 complures
1685 1689 1822 1744 opus

230 1768 352 1831 hoc,
388 1786 413 1829 ,ι
451 1767 600 1837 quod
620 1766 828 1837 justius
850 1764 1049 1820 librum
1083 1781 1248 1835 quam
1277 1765 1566 1835 epistolam
1595 1764 1821 1826 dixeris.

1924 588 2058 628 sane
2079 583 2208 627 sunt
2247 574 2300 628 hi
2334 576 2522 639 libelli,
2552 585 2605 631 et
2627 577 2671 632 si
2701 579 2754 631 in
2793 594 2963 633 unum
3001 580 3240 636 libellum
3268 584 3519 652 redigan-

1927 671 2034 728 tur,
2066 677 2166 716 nec
2189 663 2304 732 ipse
2331 664 2438 717 erit
2475 665 2682 720 nostris
2720 666 2804 721 vel
2849 668 3084 722 aliorum
3137 671 3508 740 quorumdam

1923 752 2081 808 libris
2117 753 2455 824 longitudine
2492 757 2918 825 comparandus.
2956 758 3134 829 llujus
3191 762 3512 819 brevitatem

1924 845 1973 900 si
2033 844 2188 900 fuero
2239 846 2293 900 in
2343 847 2645 903 hacresibus
2692 854 3192 908 commemorandis
3241 854 3508 920 imitatus,

1923 939 2056 1010 quid
2080 955 2110 993 a
2142 954 2230 993 me
2257 939 2481 995 brevius
2525 943 2803 1010 postulare
2836 944 2919 998 vel
2952 956 3270 1015 exspectare
3307 949 3515 1003 debeas

1926 1044 2035 1083 non
2060 1028 2308 1095 habebis.
2349 1049 2368 1081 ι
2404 1029 2469 1084 Ει
2496 1047 2714 1085 rursum
2747 1033 2864 1101 ipso
2906 1036 2959 1088 in
3011 1045 3267 1093 contequ
3317 1039 3510 1094 haeresi

1923 1134 2032 1173 ιλιι
2071 1136 2083 1172 :
2122 1137 2142 1170 ι
2200 1117 2433 1175 Proinde
2483 1119 2820 1190 Epiphanius
2845 1122 2911 1178 de
2937 1128 3250 1198 oetuaginta
3288 1130 3513 1185 han-esi-

1924 1209 2050 1274 bus,
2086 1209 2301 1280 viginti,
2332 1226 2473 1281 quas
2499 1220 2629 1265 ante
2652 1210 2869 1267 Domini
2889 1216 3182 1271 adventum
3210 1218 3511 1285 exstitisse,

1924 1302 2069 1359 sicut
2101 1303 2350 1358 eivisum
2384 1313 2490 1369 est,
2529 1306 2898 1374 computavit:
2942 1308 3184 1378 reliquas
3238 1322 3364 1379 post
3406 1310 3507 1366 Dm

1925 1396 2060 1451 mini
2097 1411 2388 1450 ascensum
2419 1408 2577 1450 natas
2628 1399 2933 1467 sexaginta,
2967 1400 3309 1457 brevissimis
3350 1402 3513 1457 libris

1924 1488 2171 1557 quinque
2197 1487 2632 1556 comprehendit,
2666 1500 2828 1558 atque
2862 1488 3057 1546 omnes
3101 1492 3154 1545 in
3209 1508 3301 1546 se:
3358 1494 3511 1554 libris

1927 1579 2095 1635 totius
2120 1579 2365 1650 ejusdem
2397 1579 2483 1634 sui
2510 1580 2691 1649 operis
2737 1580 2865 1636 fecit
2915 1583 3189 1637 concludi.
3232 1603 3250 1634 ι
3286 1584 3516 1638 Miratur

1924 1667 2203 1734 Petavius,
2219 1678 2273 1724 et
2301 1669 2495 1724 merito
2526 1670 2780 1734 miratur,
2804 1671 2929 1725 talia
2953 1672 3021 1726 de
3047 1672 3355 1742 Epiphanio
3384 1674 3516 1727 scri-

1926 1762 2057 1818 bere
2104 1760 2498 1832 Augustinum,
2563 1780 2582 1814 ι
2631 1762 2726 1832 qui
2777 1779 2879 1818 nec
2934 1764 3070 1818 illud
3119 1765 3323 1835 ipsum,
3369 1765 3518 1835 quod

233 1878 254 1909 ι
290 1859 417 1914 fidei
450 1831 638 1930 partes
659 1858 926 1921 continet,
969 1868 1029 1911 ut
1050 1831 1197 1935 puta
1246 1831 1326 1911 de—
1362 1855 1564 1922 Patris,
1601 1855 1723 1910 Filii
1755 1871 1820 1910 ac
1855 1831 1898 1890 Β
1927 1831 2287 1909 οωίδδυηιίειι)
2308 1869 2395 1919 co,
2429 1868 2459 1907 a
2487 1868 2548 1908 se
2575 1831 2705 1909 vero
2732 1854 2935 1909 factum
2970 1856 3035 1909 iri
3061 1831 3297 1921 dixerat,
3333 1831 3517 1912 ut'ad-

231 1949 473 2020 Spiritus
500 1950 681 2005 sancti
729 1965 842 2005 una
885 1950 1187 2019 eademque
1238 1948 1568 2015 substantia,
1607 1948 1675 2003 de
1699 1963 1824 2018 per-

231 2042 367 2098 fecta
394 2042 606 2098 Christi
632 2041 1037 2108 lncarnatione,
1071 2042 1138 2095 de
1181 2050 1523 2095 mortuorum
1574 2054 1825 2095 resurre-

230 2137 434 2201 ctione,
465 2136 533 2191 de
564 2146 770 2191 aeterna
802 2137 912 2190 vita
953 2151 1018 2191 ac
1052 2135 1264 2206 judicio
1307 2134 1504 2188 auinue
1545 2133 1748 2203 pariter
1772 2142 1829 2189 et

229 2240 421 2298 cei-por
434 2228 521 2293 is;
551 2236 666 2281 tum
695 2226 961 2282 adversus
986 2226 1128 2282 idola
1151 2227 1501 2294 haeresesque
1526 2224 1824 2295 sigillatim,

232 2338 297 2377 ac
325 2330 521 2377 cutura
570 2319 792 2377 Judaos
828 2331 1168 2390 caaterosque
1217 2319 1497 2388 disputat;
1549 2317 1824 2387 octoginta

235 2430 400 2485 pum
436 2412 723 2468 haereseon
758 2412 984 2467 nomina
1013 2410 1436 2481 complectitur;
1468 2409 1707 2480 denique
1732 2425 1827 2464 va—

233 2507 347 2561 rias
371 2506 441 2561 de
475 2502 781 2574 Seripturis
814 2505 991 2561 sacris
1025 2503 1362 2574 quaestiones
1392 2503 1634 2569 exponit.
1679 2520 1700 2556 ι

304 2598 395 2654 δε.
424 2595 633 2651 Verum
666 2597 773 2652 hoc
830 2595 977 2668 quod
1038 2595 1108 2651 de
1172 2593 1477 2651 haeresibus
1533 2592 1729 2647 dicitur
1773 2591 1828 2646 in

239 2689 478 2763 Synopsi
504 2689 788 2754 Aneoratl,
823 2705 969 2744 nunc
996 2689 1051 2742 in
1078 2689 1198 2758 ipso
1225 2691 1500 2741 Ancorato
1534 2701 1641 2740 non
1672 2701 1832 2756 repe-

239 2784 424 2838 ritur:
472 2782 646 2837 fuisse
691 2789 876 2836 tamen
916 2782 971 2836 in
1025 2796 1094 2835 eo
1142 2779 1442 2835 verisimile
1492 2778 1643 2842 facit,
1684 2777 1832 2848 quod

242 2894 264 2928 s
300 2874 542 2930 Acacius
566 2882 619 2928 et
649 2870 879 2938 Paulus,
942 2871 1244 2942 presbyteri
1292 2879 1346 2924 ct
1390 2868 1834 2924 archimandritas

243 2965 710 3020 monasteriorum
760 2963 814 3016 in
857 2962 1108 3032 partibus
1137 2960 1512 3016 Carchedonis
1542 2968 1596 3014 et
1628 2952 1835 3014 Bertme

240 3058 295 3111 in
322 3056 650 3126 Ccelesyria,
681 3074 699 3106 ι
730 3055 994 3124 grandius
1017 3055 1084 3109 de
1113 3052 1305 3108 eodem
1339 3063 1668 3122 argumento
1695 3066 1835 3121 opus

243 3148 314 3204 ab
342 3163 411 3204 eo
446 3146 815 3218 postulantes,
839 3164 857 3197 ‹
897 3160 1045 3200 anno
1090 3138 1410 3199 Diocletiani
1453 3142 1543 3208 92,
1594 3140 1834 3198 Valenti-

246 3238 398 3294 niani
436 3247 494 3293 et
529 3235 778 3293 Valentis
816 3236 904 3302 12,
952 3236 1197 3291 Gratiani
1230 3235 1285 3299 8,
1326 3254 1346 3287 ›
1382 3233 1476 3305 qui
1523 3244 1606 3289 est
1658 3249 1839 3291 annus

246 3328 453 3387 Christi
480 3331 587 3385 575
615 3331 823 3395 dicant,
854 3348 875 3381 r
905 3327 1140 3383 Nomina
1179 3329 1400 3399 quidem
1441 3328 1559 3398 ipsa
1584 3343 1706 3397 quae
1735 3343 1766 3382 a
1793 3337 1844 3384 te

248 3432 382 3481 sunt
437 3423 740 3478 hwresibus
806 3421 1061 3492 imposita
1117 3421 1231 3492 jam
1291 3420 1639 3486 audivimus;
1698 3436 1844 3475 nunc

252 3515 695 3584 uniuscujusque
727 3522 891 3569 secta:
922 3513 1123 3582 dogma
1170 3512 1465 3582 perspicue
1493 3511 1763 3567 declarari
1810 3526 1841 3565 a

252 3617 347 3662 tua
378 3607 580 3677 pietate
614 3606 891 3676 cupimus.
932 3625 952 3657 ι
985 3603 1101 3659 Hoc
1134 3613 1318 3659 autem
1357 3604 1540 3674 posito
1568 3604 1713 3675 quod
1742 3619 1844 3657 uo-

256 3698 405 3753 ltina
429 3698 520 3752 illa
549 3698 802 3768 primitus
833 3696 1038 3752 fuerint
1063 3695 1117 3750 in
1163 3700 1455 3763 Ancarato,
1489 3712 1842 3768 consequens

254 3789 396 3844 foret
424 3790 720 3858 ipsummet
745 3786 1142 3859 Epiphanium,
1175 3790 1321 3844 [tunc
1351 3789 1553 3844 librum
1585 3796 1713 3859 post
1741 3803 1844 3842 an-

255 3898 358 3939 nos
383 3898 480 3939 sex
510 3883 599 3938 vel
631 3893 757 3938 octo
795 3893 1302 3953 rccognoscentem,
1357 3883 1484 3936 inde
1526 3881 1840 3946 sustulisse,

256 3976 402 4040 quod
429 3975 543 4046 jam
567 3974 695 4029 alibi
722 3975 936 4044 plenius
960 3973 1383 4044 ordinatiusque
1416 3981 1697 4030 tractarat.
1730 3972 1844 4028 Ma-

260 4075 352 4119 net
376 4064 738 4120 nihilominus
771 4064 906 4118 tnihi
954 4064 1273 4133 scrupulus,
1318 4079 1387 4119 ne
1421 4078 1721 4135 synopseos
1746 4078 1845 4117 au-

254 4164 376 4210 ctor
398 4162 707 4223 postremas
732 4154 872 4210 duas
900 4154 1094 4220 lineas,
1127 4156 1194 4209 de
1219 4155 1498 4209 hatreseon
1528 4154 1844 4209 nominibus

251 4245 729 4315 «quaestionibus
766 4244 956 4310 variis,
990 4260 1102 4300 non
1136 4246 1386 4300 retulerit
1435 4245 1502 4299 ad
1544 4260 1842 4315 argumen-

253 4345 373 4388 tum
404 4336 689 4399 Ancorati,
732 4335 829 4392 sed
869 4336 937 4390 ad
968 4336 1092 4407 ejus
1133 4345 1415 4392 auctorem
1453 4324 1842 4406 Epiphanium,

250 4442 420 4498 quem
452 4426 694 4482 indicare
725 4426 959 4483 voluerit
999 4429 1165 4483 etiam
1201 4429 1307 4484 ista
1335 4437 1623 4483 tractasse.

323 4520 419 4573 51.
452 4517 522 4572 Ut
549 4531 613 4573 ut
642 4519 735 4586 sit,
769 4519 883 4574 sive
929 4519 987 4574 in
1031 4521 1322 4587 Ant-orato,
1363 4521 1478 4576 sive
1522 4528 1677 4575 extra
1715 4534 1841 4575 eum

254 4611 533 4680 (quamvis
581 4611 951 4666 verosimilius
999 4611 1134 4668 mihi
1186 4613 1259 4667 sit
1309 4614 1456 4682 quod
1495 4623 1650 4668 extra
1691 4614 1840 4684 eum)

253 4703 577 4772 priusquam
605 4703 673 4757 ad
695 4718 885 4772 preces
907 4703 1093 4758 Acacii
1121 4712 1177 4758 et
1205 4702 1357 4758 Pauli
1386 4704 1688 4759 Penarium
1718 4720 1843 4759 eon-

251 4794 429 4859 deret,
477 4794 545 4849 de
605 4810 721 4864 quo
765 4794 932 4859 infra,
985 4796 1295 4865 composuit
1339 4796 1564 4866 aliquid,
1616 4795 1685 4852 de
1731 4812 1841 4867 quo

251 4884 357 4955 ipsi
385 4885 685 4948 audierint,
712 4887 974 4957 quodque
997 4885 1112 4956 jam
1152 4887 1376 4953 excidit,
1411 4896 1464 4943 et
1502 4887 1606 4943 fuit
1637 4889 1836 4958 prasino

248 4977 403 5029 dium
432 4990 500 5029 ac
535 4977 702 5030 veluti
730 4976 1101 5033 rudimentum
1133 4977 1317 5047 Operis
1342 4986 1529 5048 postea
1556 4978 1629 5033 ab
1647 4979 1839 5034 eodem

246 5068 553 5137 eompilati.
584 5066 647 5121 Et
682 5070 785 5125 hoc
809 5069 1069 5126 habuisse
1108 5072 1398 5141 solumque
1437 5072 1657 5127 novisse
1690 5072 1839 5129 video

250 5167 343 5211 tur
372 5158 737 5228 Augustinus,
764 5158 889 5215 cum
930 5161 1051 5231 ejus
1079 5149 1371 5219 materiam
1396 5172 1452 5217 et
1478 5161 1709 5217 formam
1741 5163 1839 5217 de-

248 5250 476 5320 scripsit
533 5252 589 5304 in
623 5252 764 5307 libro
797 5252 869 5306 De
901 5253 1190 5308 haresibus
1248 5254 1316 5309 ad
1362 5253 1836 5321 QuodvultDeum,

247 5355 412 5408 quem
457 5340 603 5397 circa
653 5351 964 5397 extremum
1022 5343 1151 5398 vitae
1198 5359 1314 5399 suae
1358 5359 1587 5408 annum,
1629 5344 1837 5401 Christi

248 5428 381 5494 430,
399 5432 731 5500 composuit,
762 5432 835 5485 ita
858 5432 1116 5502 praefatus
1144 5449 1157 5486 :
1184 5453 1203 5485 ι
1236 5433 1432 5490 Noster
1456 5450 1587 5489 vero
1606 5434 1840 5505 Epipha-

251 5524 398 5588 nius,
429 5522 661 5593 Cyprios
686 5526 1001 5595 episcopos,
1030 5526 1234 5582 abhinc
1277 5541 1386 5580 non
1432 5526 1601 5597 longe
1633 5527 1837 5582 huma-

248 5620 336 5668 nis
380 5602 546 5670 rebus
595 5628 906 5685 exemptus,
964 5620 1031 5672 de
1076 5618 1355 5689 octoginta
1399 5618 1702 5676 haeresibus
1753 5620 1837 5675 lo-

245 5720 444 5774 quens,
471 5723 562 5762 sex
598 5708 773 5764 libros
806 5708 971 5785 etiam
1014 5711 1365 5780 conscripsit.
1402 5711 1660 5766 historica
1702 5727 1833 5778 nar-

245 5798 458 5854 ratione
507 5816 953 5857 commemorans
996 5804 1205 5868 omnia,
1259 5802 1405 5857 nulla
1453 5803 1826 5870 disputatione

1923 1960 2118 2000 versus
2143 1944 2388 2015 singulas
2418 1944 2653 2000 haereses
2682 1946 2994 2010 dissereret,
3040 1958 3135 2001 aut
3185 1948 3238 2002 in
3291 1949 3386 2003 illo
3451 1950 3522 2004 de

1928 2037 2231 2092 han-esihus
2291 2036 2495 2100 libello,
2547 2046 2642 2115 aut
2686 2037 2739 2090 in
2797 2038 2905 2092 alio
2956 2040 3227 2106 praestitit.
3288 2060 3307 2092 ι
3349 2040 3519 2111 Magis

1929 2131 2094 2185 etiam
2124 2130 2348 2193 mirutn,
2381 2130 2528 2198 quod
2558 2130 2613 2182 in
2638 2126 2971 2183 Bibliotheca
2994 2146 3092 2185 sua
3114 2129 3366 2196 Photius,
3395 2142 3521 2201 post

1928 2225 2209 2280 laudatum
2238 2241 2268 2279 a
2292 2240 2350 2281 se
2375 2225 2681 2279 Panarium
2706 2220 2871 2290 dicat,
2892 2239 3045 2277 num.
3072 2224 3195 2286 12L
3233 2243 3252 2276 ‹
3286 2225 3520 2295 legimus

1928 2326 1983 2373 et
2014 2318 2341 2371 Ancoratum
2368 2317 2636 2386 ejusdem,
2696 2328 2818 2385 qua
2874 2325 2960 2371 est
3002 2331 3218 2370 summa
3269 2318 3521 2386 quaedam

1933 2411 2344 2467 Panariorum’:
2392 2430 2410 2462 ι
2444 2408 2888 2479 quandoquidem
2937 2417 3089 2481 tanto
3150 2410 3302 2478 prius
3346 2414 3524 2463 Anco-

1932 2514 2111 2558 ratum
2130 2520 2296 2574 quam
2328 2502 2628 2557 Ponat-mm
2656 2503 2826 2557 fuisse
2853 2505 3218 2572 compositum
3250 2503 3524 2559 indubita-

1935 2597 2042 2652 bile
2072 2598 2163 2652 sit.
2194 2596 2411 2666 Legerit
2461 2598 2698 2652 fortasse
2744 2595 2975 2650 Photius
3020 2595 3522 2664 Anakephalwasin,

1933 2689 2113 2744 serius
2144 2689 2367 2759 quidem
2399 2689 2784 2759 compositam,
2813 2690 2906 2743 sed
2955 2688 3009 2742 in
3055 2689 3245 2743 eodem
3277 2687 3528 2744 fortassis

1934 2781 2212 2836 volumine
2246 2782 2507 2850 scriptam
2538 2796 2663 2836 cum
2694 2785 2980 2847 Ancorato,
3014 2781 3148 2836 citra
3200 2781 3327 2835 novi
3384 2781 3527 2835 tituli

1936 2874 2369 2939 distinctionem,
2405 2882 2569 2944 atque
2629 2874 2703 2928 ita
2747 2889 2915 2928 unum
2958 2889 3082 2929 esse
3112 2889 3250 2944 opus
3281 2874 3529 2929 credide-

1936 2969 2010 3023 rit
2056 2987 2073 3023 ι
2116 2969 2461 3038 Augustinus
2520 2976 2703 3023 autem
2747 2983 2869 3022 eam
2918 2968 3114 3038 legisse
3168 2984 3274 3022 non
3329 2970 3529 3039 potuit,

1939 3074 2066 3115 cum
2107 3059 2436 3114 divisionem
2489 3060 2654 3130 longe
2703 3059 2867 3113 aliam
2911 3059 3202 3124 invenerit,
3253 3074 3422 3130 quam
3474 3061 3528 3115 in

1942 3153 2058 3223 ipsa
2091 3154 2184 3217 sit,
2220 3161 2408 3222 utpote
2441 3151 2631 3205 eadem
2664 3165 2786 3220 quae
2818 3150 2872 3204 in
2915 3149 3175 3204 Pinaria.

2015 3244 2103 3300 '52.
2147 3243 2255 3300 Sed
2301 3245 2597 3313 ipsuntmct
2654 3242 3020 3312 Epiphaniam
3077 3242 3144 3297 de
3196 3259 3298 3298 sua
3343 3258 3530 3314 opere,

1943 3334 2090 3405 quod
2129 3336 2306 3389 solum
2354 3329 2771 3387 Graeco-Latine
2825 3330 3030 3385 editum
3090 3332 3292 3401 grande
3343 3332 3530 3402 implet

1942 3425 2223 3489 volumen,
2253 3422 2543 3476 audiamus
2571 3422 2882 3490 loquentem
2913 3420 2967 3473 in
2997 3419 3228 3490 cpistola
3278 3422 3344 3475 ad
3388 3420 3529 3476 Aca-

1944 3516 2091 3571 cium
2131 3524 2188 3569 et
2237 3514 2469 3568 Paulum
2530 3531 2544 3568 :
2589 3531 2606 3564 ι
2654 3511 2925 3578 Quoniam
2974 3513 3254 3568 hazrcsvon
3308 3514 3530 3569 nomina

1944 3607 2132 3662 omnia
2176 3606 2506 3662 declaranda
2551 3605 2708 3659 vobis
2743 3603 2848 3662 hoc
2891 3604 2944 3657 in
2988 3603 3128 3658 libro
3163 3604 3532 3675 suscepimus,

1944 3711 2179 3753 necnon
2200 3695 2538 3752 exsecranda
2597 3709 2663 3749 ac
2693 3692 2902 3749 nefaria
2937 3695 3157 3749 illarum
3197 3694 3422 3767 ﬂagitia,
3450 3697 3532 3753 sic

1947 3797 2209 3857 tanquam
2260 3786 2693 3856 praesentissima
2743 3787 2993 3856 quaedam
3048 3802 3283 3855 venena,
3323 3789 3532 3860 patefa—

1945 3893 2072 3934 cere
2099 3878 2383 3943 volumus;
2409 3884 2574 3947 atque
2603 3877 2688 3933 his
2719 3878 2863 3932 velut
2888 3878 3131 3933 antidota
3155 3880 3404 3950 quasdam
3434 3895 3533 3951 op-

1945 3978 2233 4040 ponentes,
2254 3984 2377 4039 quae
2399 3969 2480 4023 vel
2506 3969 2575 4024 iis
2597 3970 2692 4039 qui
2719 3984 2909 4025 morsu
2941 3970 3093 4039 petiti
3129 3982 3259 4027 sunt
3289 3972 3536 4028 remedio

1947 4076 2069 4117 esse
2098 4062 2331 4131 possint,
2366 4061 2451 4115 vel
2481 4075 2598 4128 eos,
2632 4062 2833 4131 quibus
2858 4077 2923 4116 ne
2952 4062 3196 4117 incidant
3225 4065 3532 4134 periculum

1946 4161 2050 4218 est,
2077 4153 2521 4223 prmmuniant'et
2549 4160 2901 4218 conservent,
2947 4154 3301 4208 honestarum
3346 4170 3529 4210 rerum

1948 4245 2210 4300 studiosis
2235 4244 2618 4312 conscribere;
2661 4243 2957 4297 Pmmriam
2994 4245 3109 4298 sive
3138 4245 3382 4300 arculam
3411 4260 3532 4301 me-

1950 4336 2153 4401 dicam,
2189 4336 2255 4391 ad
2281 4350 2473 4390 eorum
2503 4336 2595 4406 qui
2627 4350 2657 4390 a
2689 4336 3037 4405 serpentibus
3069 4335 3159 4390 icti
3202 4345 3333 4390 sunt
3358 4352 3533 4392 reme-

1945 4428 2120 4495 dium,
2138 4427 2262 4498 jure
2295 4443 2433 4498 Opus
2466 4428 2597 4484 illud
2622 4444 2686 4483 ac
2723 4428 2924 4483 librum
2972 4429 3369 4499 appellabimus
3398 4433 3532 4501 :qui

1875 4545 1920 4604 Β
1949 4520 2005 4574 in
2050 4528 2158 4576 tres
2188 4530 2370 4592 partes
2396 4521 2624 4587 divisus,
2654 4522 2888 4577 haereses
2915 4522 3192 4590 octoginta
3214 4522 3533 4593 complecti-

1952 4617 2062 4676 tur,
2086 4626 2210 4682 quae
2232 4619 2547 4681 serpentum
2587 4626 2653 4666 ac
2696 4610 2974 4681 reptilium
3007 4611 3215 4666 similes
3241 4619 3370 4667 sunt
3398 4631 3411 4667 :
3443 4626 3533 4669 se-

1947 4702 2193 4758 cundum
2244 4717 2383 4774 quas
2420 4703 2669 4758 veritatis
2726 4702 3131 4756 ﬁrmamentum
3184 4708 3238 4756 et
3272 4701 3533 4759 salutaris

1947 4793 2196 4850 doctrina
2227 4795 2463 4864 ﬁdeique
2513 4793 2751 4851 formula
2786 4794 3031 4865 subjecta
3074 4802 3179 4859 est,
3225 4810 3288 4850 ac
3327 4794 3532 4852 Christi

1946 4901 2170 4957 sponsa.
2207 4896 2397 4941 sancta
2441 4886 2693 4942 videlicet
2743 4885 3011 4950 Ecclesia,
3060 4884 3377 4942 declarata:
3411 4902 3534 4957 qua:

1946 4993 2070 5034 cum
2092 4978 2207 5048 jam
2242 4986 2356 5034 tum
2381 4979 2451 5035 ab
2476 4980 2610 5034 orbe
2644 4981 2868 5036 condito
2897 4996 3023 5037 esse
3060 4980 3309 5051 coeperit,
3343 4991 3529 5050 postea

1945 5075 2128 5123 tamen
2155 5084 2253 5138 per
2290 5068 2497 5124 Christi
2548 5070 2763 5125 Domini
2821 5070 3276 5136 incarnationem,
3328 5078 3533 5140 tempo-

1943 5178 2066 5219 rum
2098 5161 2472 5229 successione,
2505 5171 2631 5218 ante
2651 5174 3111 5219 commemoratas
3133 5177 3325 5218 omnes
3359 5161 3524 5217 haere-

1944 5270 2053 5319 ses,
2091 5254 2308 5324 vulgata
2342 5264 2506 5324 atque
2535 5253 2830 5324 patefacta,
2877 5254 3180 5322 eademque
3207 5266 3241 5306 a
3267 5251 3426 5308 nobis
3472 5253 3526 5307 in

1942 5347 2386 5403 Commentarios
2433 5362 2496 5400 ex
2541 5346 2745 5400 Christi
2793 5346 3187 5416 prtedicatione
3233 5344 3405 5401 relata
3437 5346 3527 5418 (ad

1940 5440 2266 5492 Ancoratum
2299 5437 2525 5493 forsitan
2561 5438 2676 5492 hate
2699 5437 3022 5507 respiciunt)
3049 5451 3114 5491 ac
3142 5452 3361 5491 rursum
3402 5448 3527 5509 post

1941 5531 2271 5600 explicatam
2289 5544 2504 5584 omnem
2530 5529 2760 5583 istarum
2788 5529 3069 5584 haereseon
3096 5528 3523 5599 improbitatem,

1941 5636 2007 5675 ex
2056 5620 2431 5690 apostolorum
2488 5618 2736 5675 doctrina
2797 5628 3054 5675 accurate
3110 5635 3177 5675 ac
3236 5620 3525 5691 perspicue

1941 5714 2088 5769 brevi
2115 5712 2352 5782 quodam
2383 5720 2470 5767 cat
2491 5712 2819 5780 compendio
2841 5711 3122 5781 subjecta;
3150 5712 3226 5766 uti
3250 5728 3315 5767 ea
3341 5726 3398 5766 re
3425 5725 3522 5766 eo-

1941 5822 2061 5860 rum
2094 5813 2409 5860 recreentur
2434 5817 2499 5858 ae
2524 5802 2840 5859 reﬁciantur
2885 5805 3071 5872 animi,
3111 5803 3204 5874 qui
3238 5804 3383 5858 hunc
3411 5803 3518 5857 lue-
