4058 6446
573 351 671 405 ιδες

1590 341 1648 395 S.
1691 337 2038 395 EPIPIIANII
2075 337 2260 393 ACTA
2297 333 2803 391 BOLLANDIANA.

3740 330 3839 387 156

572 477 761 518 resecti
821 456 1316 530 percurrendarum
1401 454 1640 509 laborem
1678 434 2075 521 'susceperint.
2136 467 2155 500 ν
2190 455 2236 510 Α
2269 466 2288 499 ι
2330 447 2382 501 in
2418 462 2747 515 unaquaque
2776 451 2955 510 :etate,
2988 462 3007 495 ι
3044 452 3104 499 ut
3142 442 3285 498 idem
3337 439 3591 499 Petavius
3635 442 3693 497 in
3736 460 3865 516 cpt;

640 551 729 605 55.
770 547 1018 602 Prmdicti
1055 556 1236 600 autem
1274 553 1385 598 tres
1433 541 1553 597 libri
1600 543 1679 595 sic
1718 540 2060 603 dividuntur,
2098 543 2157 590 ut

577 638 847 695 secundus
873 647 924 690 et
961 636 1154 690 tertius
1203 635 1256 686 in
1305 641 1416 686 tres
1460 631 1663 701 singuli
1713 640 1891 684 tomos
1937 628 2156 698 dispar-

551 715 806 794 'tiantur;
841 738 1006 796 atque
1037 727 1108 779 ita
1164 740 1288 779 cum
1338 724 1538 793 primo,
1592 723 1686 791 qui
1736 721 2004 776 indivisus
2054 728 2157 784 est,

582 822 851 876 exsistant
875 819 1008 872 tomi
1052 826 1280 886 septem.
1328 816 1394 869 Et
1444 816 1551 870 alia
1603 815 1823 885 quidem
1869 812 2160 882 Epiphanii

578 929 770 982 opera,
804 922 863 964 ut
900 909 1263 977 Hieronymus
1293 907 1348 960 itt
1390 906 1531 960 libro
1566 905 1640 960 De
1676 905 2022 974 scriptoribus
2062 904 2159 967 ait,

585 1025 605 1056 ι
638 1003 950 1059 aberudiis
998 1010 1218 1070 pr0pter
1271 1014 1382 1059 res,
1415 1014 1444 1051 a
1473 997 1896 1067 simplicioribus
1946 1004 2164 1065 propter

580 1096 740 1150 verba
776 1094 1109 1148 lcetitantur.
1146 1108 1165 1140 ι
1201 1088 1431 1143 Photius
1467 1100 1648 1142 autem
1685 1088 1753 1141 de
1797 1085 2031 1138 Panario
2063 1099 2166 1139 no-

582 1188 849 1251 tninatim,
881 1187 995 1240 sive
1023 1187 1108 1252 (ut
1146 1185 1263 1253 ipse
1291 1198 1417 1237 cum
1450 1181 1744 1236 Anastasio
1790 1180 2002 1234 Sinaita
2047 1180 2167 1249 plu-

580 1280 765 1333 raliter
812 1278 1094 1347 appellat)
1143 1294 1160 1326 ι
1218 1274 1505 1339 Panariis,
1552 1291 1571 1324 ι
1624 1276 1700 1327 ait
1755 1274 1901 1341 quod
1947 1282 2163 1335 auctor,

586 1387 728 1441 «pra:
757 1370 879 1423 aliis
925 1370 1017 1437 qui
1054 1376 1181 1422 ante
1215 1367 1391 1435 ipsum
1435 1366 1699 1419 adversus
1744 1365 1979 1420 haereses
2012 1365 2159 1419 lucu-

581 1461 860 1516 brationes
888 1459 1202 1523 ediderunt,
1235 1458 1456 1511 uberior
1493 1466 1656 1525 atque
1684 1456 1871 1510 utilior
1893 1467 2012 1522 est;
2040 1470 2165 1509 nam

584 1570 686 1608 nec
704 1569 765 1605 ea
791 1551 1144 1620 praetermisit
1166 1562 1507 1619 quaecunque
1534 1548 1603 1601 ab
1632 1548 1756 1601 aliis
1799 1548 2010 1617 prodita
2069 1546 2171 1601 uti-

585 1643 754 1696 litatis
785 1641 988 1710 aliquid
1018 1639 1324 1706 continent,
1372 1647 1426 1691 et
1472 1638 1586 1705 ipse
1625 1653 1748 1706 qua:
1792 1638 1969 1707 potuit
2020 1654 2052 1692 a
2111 1653 2171 1693 se

585 1734 890 1801 excogitata
926 1731 1048 1784 aliis
1082 1729 1308 1790 addidit,
1363 1728 1577 1781 initium
1628 1728 1837 1783 ducens
1891 1744 1921 1782 a
1960 1726 2169 1781 Barba-

2264 538 2402 594 stola
2444 538 2782 593 dedicatoria
2839 547 3007 601 notat,
3062 557 3080 590 ι
3134 537 3388 592 rediviva:
3435 539 3841 593 mendaciorum

2260 640 2441 694 sectae,
2483 631 2751 700 evulgatis
2789 641 3033 684 veterum
3088 630 3368 683 haereseon
3419 629 3697 685 abstrusis
3769 646 3847 683 re-

2260 721 2607 791 conditisque
2646 722 2944 793 mysteriis,
2977 720 3321 775 validissime
3353 722 3662 791 propulsari
3695 737 3848 775 ever-

2262 812 2414 883 tique
2435 814 2681 883 possint;
2707 822 2761 868 et
2799 824 3054 868 auctores
3083 812 3322 882 perﬁdiae
3366 822 3528 883 atque
3557 814 3839 876 satellites,

2264 919 2396 959 suos
2418 904 2473 959 in
2509 904 2639 970 illis,
2660 920 2802 973 quos
2822 905 3044 974 quidem
3069 906 3417 969 erubescant,
3447 905 3727 974 principes
3750 921 3845 958 au-

2264 1008 2554 1066 ctaresque
2604 1005 3021 1068 recognoscant.
3061 995 3159 1050 Est
3200 996 3423 1066 quidem
3465 997 3608 1066 ejus,
3663 997 3758 1065 qui
3799 998 3849 1050 in

2266 1089 2520 1144 haeresim
2554 1090 2636 1145 vel
2684 1089 3012 1144 molieudam
3063 1089 3147 1143 vel
3205 1089 3466 1143 tuendam
3518 1090 3848 1149 incubuerit,

2267 1177 2486 1233 animus
2522 1177 2577 1231 in
2608 1191 2827 1231 omnem
2862 1180 3148 1233 audaciam
3186 1180 3305 1233 siue
3335 1179 3447 1232 ullo
3478 1180 3692 1249 pudore
3730 1195 3851 1248 pri»

2264 1267 2447 1337 jectus
2480 1286 2494 1322 :
2522 1269 2616 1322 sed
2652 1285 2813 1323 nemo
2843 1279 2927 1324 est
2973 1280 3155 1325 tamen
3208 1285 3275 1325 ex
3331 1271 3439 1326 illis
3486 1271 3850 1324 absurdarunt

2269 1354 2586 1433 opinionum
2633 1357 2898 1425 patronis,
2937 1374 3098 1427 quem
3153 1375 3263 1414 non
3299 1371 3576 1429 utcunque
3621 1361 3850 1413 convicti

2270 1446 2399 1499 olim
2426 1448 2633 1502 erroris
2662 1458 2827 1517 atque
2872 1451 3118 1504 «fanniati
3174 1451 3394 1520 pudeat.
3441 1451 3564 1504 Sint
3608 1466 3764 1513 sane,
3800 1461 3856 1504 ut

2271 1547 2418 1601 sunt,
2448 1538 2610 1593 ferrei
2637 1554 2830 1594 omnes
2858 1541 3120 1605 Ineretici,
3149 1542 3261 1597 sint
3293 1542 3642 1612 pervicaees;
3672 1543 3856 1596 iidem-

2275 1646 2383 1698 que
2408 1647 2466 1685 sc
2493 1631 2547 1685 in
2590 1631 2707 1701 ipso
2754 1634 2952 1686 ardore
2991 1634 3396 1704 agitationeque
3424 1633 3745 1703 disputandi
3793 1633 3855 1685 ad

2274 1722 2638 1776 resistendum
2675 1723 2859 1777 acrius
2890 1723 3120 1794 ﬁngant,
3157 1735 3341 1780 tamen
3368 1727 3462 1795 qui
3497 1725 3549 1778 id
3581 1726 3853 1788 didicerit,

590 1826 761 1879 rismo
789 1832 842 1877 et
874 1824 940 1876 ad
991 1820 1351 1875 hlessalianos
1390 1834 1564 1889 usque
1607 1820 1950 1889 perveniens.
1983 1818 2168 1873 Genus
2200 1799 2241 1853 Β
2275 1815 2481 1883 quique
2510 1815 2674 1869 certis
2708 1826 2951 1870 veterum
2988 1820 3320 1873 testimoniis
3351 1821 3710 1889 compererit,
3739 1830 3856 1873 ante

591 1931 751 1986 porro
785 1934 803 1967 ι
837 1915 1075 1976 dicendi,
1124 1932 1142 1964 ι
1176 1913 1352 1980 inquit
1377 1910 1629 1976 Photitts,
1662 1930 1682 1964 ι
1720 1913 1948 1978 humile,
1989 1921 2043 1966 et
2074 1927 2172 1965 cu-

586 2007 825 2078 jusmodi
855 2020 977 2058 esse
1001 2012 1176 2073 potest
1197 2003 1288 2069 qui
1322 2003 1517 2056 Atticm
1541 2001 1807 2075 doctrina:
1832 2003 1981 2056 rudis
2007 2002 2175 2055 exsti-

592 2099 735 2151 terit.
772 2097 875 2150 Sed
917 2105 968 2150 et
1001 2097 1054 2149 iit
1103 2095 1454 2149 confutandis
1500 2094 1800 2148 hatresibus
1850 2095 2171 2164 plerumque

591 2205 782 2259 parum
822 2203 1084 2242 nervosus
1110 2197 1213 2250 est,
1243 2201 1559 2256 quanquam
1592 2185 1862 2239 interdum
1904 2195 2169 2255 przestau-

592 2284 823 2338 tissimis
865 2282 983 2334 illas
1020 2281 1326 2333 rationibus
1371 2296 1435 2334 ac
1480 2278 1768 2334 sententiis
1817 2279 2170 2349 aggreditur;

591 2376 695 2429 etsi
741 2372 911 2427 nihilo
950 2373 1118 2425 dictio
1166 2370 1235 2424 sit
1285 2379 1448 2439 atque
1469 2370 1736 2424 orationis
1778 2377 2052 2424 structura
2080 2376 2175 2421 aut

593 2466 768 2536 stylus
807 2463 925 2532 ipse
958 2461 1322 2517 commodior.
1378 2481 1396 2512 ι
1439 2459 1646 2529 Nempe
1699 2476 1992 2530 perparum
2045 2470 2180 2514 tetu-

593 2557 746 2627 poris
788 2555 1068 2623 studiique
1099 2554 1151 2606 itt
1200 2552 1500 2607 excolenda
1549 2551 1723 2607 Graeci
1763 2552 2033 2606 sermonis
2069 2551 2182 2605 elo-

596 2648 841 2719 quentia,
872 2647 959 2702 cui
987 2638 1187 2700 bonam
1230 2647 1356 2699 vita:
1388 2656 1600 2714 partem
1641 2644 1904 2698 cultiores
1944 2643 2034 2697 alii
2078 2642 2186 2697 Paa

598 2749 707 2793 ttes
733 2738 990 2803 Basilius,
1022 2737 1423 2801 Nazianzenus,
1445 2734 1877 2806 Chrysostomus
1907 2734 2185 2805 impende-

599 2840 770 2896 runt,
840 2831 1185 2885 Alexandria:
1234 2830 1418 2899 posuit
1471 2827 1849 2898 Epiphanius,
1904 2838 1963 2882 ut
2019 2844 2185 2897 supra

600 2924 869 2988 vidimus;
908 2937 1145 2991 moxque
1179 2922 1247 2976 ad
1290 2921 1535 2991 spiritus,
1576 2936 1685 2973 non
1713 2920 1986 2975 sermonis
2025 2935 2185 2974 exer-

598 3016 886 3069 citationes
931 3024 1307 3085 transgressus
1352 3013 1406 3066 in
1454 3027 1721 3078 eremum,
1768 3014 1966 3067 multas
2005 3013 2187 3082 patius

598 3103 811 3173 littguas
837 3102 997 3165 scire,
1026 3118 1192 3172 quam
1220 3117 1384 3156 unam
1419 3101 1678 3171 perﬁcere
1704 3102 1970 3171 eligebat;
1997 3102 2182 3157 lauda-
2209 3139 2258 3202 C

600 3204 689 3249 tus
727 3195 847 3249 ideo
873 3195 943 3249 ah
975 3192 1304 3264 Hieronymo
1334 3193 1387 3246 iit
1422 3192 1687 3263 Apologia
1738 3191 1773 3245 2
1804 3202 1987 3246 contra
2017 3192 2183 3264 Ru/ﬂ-

596 3302 744 3352 num,
778 3305 795 3336 ι
836 3286 980 3355 quod
1007 3284 1274 3351 Graecam,
1309 3285 1501 3356 Syram
1536 3294 1590 3339 et
1619 3282 1921 3350 Hebmam,
1948 3295 2001 3338 et
2019 3284 2187 3355 ,Ἑωσ-

598 3383 829 3448 ptiacam
854 3379 1116 3448 linguam,
1154 3392 1218 3431 ex
1262 3387 1414 3447 parte
1436 3372 1601 3432 etiam
1640 3390 1693 3431 et
1735 3377 1983 3431 Latinam
2023 3393 2188 3430 nove-

600 3472 670 3524 rit
712 3487 725 3522 :
777 3488 795 3522 ι
863 3469 1008 3522 unde
1077 3468 1147 3521 de
1199 3484 1264 3522 eo
1329 3468 1661 3537 querebatur
1712 3468 1986 3533 Bullinus,
2040 3469 2185 3538 quod

605 3580 626 3613 α
665 3562 810 3615 velut
856 3560 1231 3614 necessitatem
1276 3559 1687 3629 evangelizandi
1727 3575 1824 3628 per
1857 3577 2047 3615 omnes
2085 3562 2188 3614 lin-

598 3668 733 3723 guas
761 3650 961 3707 habere
994 3667 1053 3705 se
1078 3660 1312 3719 putaret,
1342 3652 1409 3704 de
1430 3649 1664 3721 Origene
1688 3653 1828 3707 male
1854 3653 2132 3723 loquendi.
2161 3673 2181 3704 ι

670 3742 756 3795 3t.
800 3740 903 3793 Per
932 3743 1071 3795 hanc
1112 3751 1294 3794 autem
1327 3743 1597 3795 sermonis
1632 3742 1882 3797 cultioris
1918 3744 2185 3797 incuriam

600 3846 697 3886 seu
731 3832 1058 3901 imperitiam
1109 3830 1312 3885 factum
1360 3841 1465 3897 est,
1511 3842 1570 3887 ut
1616 3834 1668 3887 in
1714 3848 1781 3887 eo
1825 3833 2017 3889 Latine
2063 3836 2187 3889 red—

599 3925 812 3989 dendo,
869 3925 1135 3994 majorem
1195 3924 1457 3994 Opinione
1504 3940 1604 3979 sua
1662 3926 1901 3980 laborem
1957 3927 2189 3981 senserit

601 4015 900 4071 Petavius:
945 4035 964 4067 ι
1015 4017 1325 4072 Accedebat
1367 4034 1385 4067 ι
1436 4016 1606 4081 enim,
1664 4017 1838 4087 inquit
1885 4018 1939 4072 in
1988 4018 2187 4088 praefa-

600 4109 751 4163 tione
790 4109 857 4163 ad
904 4110 1184 4173 lectorem,
1230 4126 1249 4159 ι
1289 4109 1355 4163 ad
1402 4124 1748 4164 communem
1798 4109 2187 4179 interpretandi

601 4201 905 4257 molestiam
970 4202 1239 4271 praecipua
1273 4200 1520 4271 quaadam
1545 4200 1599 4255 in
1635 4200 1729 4256 illo
1760 4200 2026 4270 scriptore
2049 4200 2189 4255 ditii-

599 4293 798 4357 cultas,
826 4291 974 4362 quod
1009 4293 1286 4363 incompta
1312 4301 1367 4347 et
1390 4292 1666 4348 salebrosa
1698 4301 1783 4347 est
1809 4293 1956 4348 illius
1986 4294 2183 4358 oratio,

599 4391 657 4438 et
696 4385 748 4436 in
773 4400 879 4447 qua
905 4385 1353 4453 irequentissime
1381 4395 1682 4438 occurrunt
1727 4384 1818 4437 illa
1860 4399 1982 4453 quae
2012 4382 2187 4439 (ἕτρεί

2276 1907 2345 1960 δι)
2371 1890 2615 1974 auiiquis
2643 1904 2898 1961 Pati-ibus
2937 1918 2991 1962 et
3026 1910 3273 1965 eottciliis
3322 1911 3660 1982 publicoque
3705 1912 3856 1966 Chri-

2278 1995 2583 2049 stianoruni
2632 2013 2904 2052 consensu
2954 2000 3136 2069 agnita
3179 2016 3244 2055 ac
3281 2003 3563 2071 repudiata
3607 2003 3855 2074 dogmata

2285 2086 2399 2149 illa,
2438 2102 2603 2156 quam
2645 2088 2719 2141 illi
2768 2090 2868 2159 ipsi
2911 2095 3084 2159 (quos
3127 2093 3397 2164 sequitur)
3445 2094 3855 2165 interpolatores

2285 2178 2649 2245 exsisterent;
2705 2179 2792 2233 vix
2836 2179 2963 2243 erit,
3021 2181 3241 2250 opinor,
3295 2185 3472 2249 ullus,
3519 2186 3715 2255 cujus,
3763 2185 3855 2239 nisi

2285 2266 2462 2338 frangi
2516 2270 2871 2342 edomarique
2914 2274 3261 2330 contumacia
3301 2277 3564 2345 potuerit,
3606 2292 3717 2332 non
3752 2277 3857 2331 lan-

2285 2361 2564 2429 guidiores
2594 2362 2790 2419 habeat
2833 2366 3149 2436 eruptiones
3194 2378 3248 2422 et
3287 2370 3545 2438 impetus,
3586 2386 3653 2424 ac
3680 2370 3855 2440 paula-

2286 2451 2381 2505 tim
2419 2467 2514 2521 per
2547 2469 2787 2523 seipsam
2823 2455 3140 2526 refrigerata
3176 2466 3342 2528 atque
3385 2469 3645 2513 enervata
3686 2458 3858 2513 conci-

2284 2546 2397 2598 dat.
2441 2563 2460 2595 ›
2506 2542 2749 2602 Joannes
2794 2545 3060 2617 Baptista,
3110 2558 3216 2605 etc.
3277 2548 3411 2604 Vide
3462 2551 3699 2621 apprnd.
3742 2568 3854 2622 pag.

2285 2632 2408 2702 684,
2435 2636 2542 2690 col.
2584 2637 2637 2691 2.

2907 2729 3135 2785 CAPUT
3177 2730 3239 2786 V.

2288 2836 2542 2893 Extrema
2568 2842 2740 2895 sancti
2770 2854 2893 2897 acta
2927 2843 3419 2966 Constantinopoli;
3452 2864 3592 2901 mors
3623 2849 3676 2901 in
3701 2848 3855 2902 reditu

2994 2933 3024 2966 υ
3063 2926 3160 2966 ita.

2994 2926 3160 2969 υῡιια.

2356 3001 2450 3057 '55.
2494 3001 2636 3069 Quid
2670 3003 2738 3058 de
2763 3003 3015 3075 Origettis
3047 3007 3200 3061 libris
3236 3009 3373 3076 Περὶ
3414 3009 3624 3077 ἀρχῶν
3650 3011 3859 3065 sentiret

2290 3090 2667 3163 Epiphanius,
2732 3097 2866 3153 satis
2930 3097 3230 3153 declaravit
3291 3115 3388 3169 per
3460 3102 3757 3171 Epistulam
3798 3100 3857 3154 ad

2288 3184 2549 3239 Joannem
2600 3188 3167 3258 Hierosolymitanum,
3218 3193 3378 3262 cujus
3427 3209 3594 3265 supra
3642 3195 3857 3251 iecimus

2290 3278 2641 3330 mentionem.
2677 3277 2812 3333 Dum
2843 3288 3024 3333 autem
3059 3282 3161 3335 hac
3187 3298 3250 3335 ex
3279 3299 3445 3337 causa
3473 3286 3858 3354 disputationes

2290 3366 2344 3419 in
2380 3365 2668 3421 Palaestina
2697 3367 3003 3437 ferverent,
3046 3374 3276 3443 contigit
3319 3376 3483 3428 etiam
3529 3376 3858 3433 Alexandria

2292 3458 2602 3513 simultates
2637 3460 2788 3515 nasci
2831 3461 2974 3516 inter
3027 3461 3392 3533 Theophilum
3435 3467 3776 3521 Alexandria:
3812 3478 3857 3520 et

2292 3550 2615 3605 Daoscorum
2644 3551 3037 3622 Hermopoleos
3081 3557 3424 3628 episcopum,
3478 3570 3648 3629 atque
3710 3561 3856 3630 hujus

2291 3643 2488 3698 fratres
2522 3643 2872 3699 Antmoninm
2911 3657 2965 3701 ct
3006 3647 3301 3704 Eusebium
3338 3666 3712 3721 cognomento
3735 3654 3857 3707 Lon-

2290 3751 2409 3806 gos,
2439 3736 2662 3790 totidem
2706 3742 3167 3794 monasteriorum
3212 3744 3517 3811 praefectos,
3558 3744 3712 3816 'quos
3746 3759 3856 3799 cum

2290 3829 2529 3895 primum
2564 3828 2761 3883 charos
2793 3829 3081 3885 habuisset
3117 3830 3474 3903 Theophilus,
3510 3836 3657 3891 haud
3682 3838 3858 3891 imme-

2288 3924 2395 3978 rito
2424 3923 2619 3978 deinde
2651 3940 2678 3978 a
2714 3941 2774 3980 se
2802 3941 3029 3997 aversos
3073 3938 3235 3998 atque
3271 3931 3335 3985 ad
3384 3932 3739 3988 solitudinem
3786 3947 3858 3985 re-

2290 4030 2532 4085 gressus,
2575 4017 2828 4086 persequi
2871 4020 3053 4072 tnodis
3094 4022 3354 4077 omnibus
3398 4028 3624 4091 statuit;
3673 4034 3724 4079 et
3763 4038 3857 4093 quo

2290 4108 2654 4173 simpliciores
2683 4110 2984 4164 monachos
3028 4111 3097 4164 ab
3136 4112 3325 4167 iisdem
3358 4115 3723 4181 abstraheret,
3753 4115 3856 4171 cul-

2291 4214 2419 4267 pare
2443 4199 2495 4252 in
2531 4198 2612 4253 eis
2643 4202 3012 4271 praesumpsit,
3044 4205 3190 4272 quod
3227 4203 3398 4259 Deum
3430 4207 3672 4263 humana
3704 4210 3856 4262 forma

2291 4291 2577 4361 praeditum
2614 4304 2896 4363 negarent,
2934 4295 3185 4365 Origenis
3216 4299 3518 4365 praesertim
3550 4301 3858 4355 auctoritate

2291 4380 2514 4435 snti‘ulti.
2544 4381 2678 4434 Cum
2727 4392 2910 4437 autem
2965 4400 3061 4440 eos
3106 4384 3648 4459 Constantinopolim
3699 4391 3762 4445 ad
3804 4389 3853 4442 S.

601 4474 907 4527 ἀναπὸδοτα
954 4483 1009 4527 et
1049 4473 1388 4527 ἀνακόλουθα
1436 4475 1720 4527 nominant
1760 4492 1774 4527 :
1821 4473 2071 4542 pedestre
2122 4488 2178 4528 ac

2290 4471 2557 4527 Joannem
2610 4472 3068 4543 Chrysostomum
3126 4479 3442 4551 confugisse
3496 4482 3852 4545 intellexisset,

602 4566 861 4634 populare
884 4566 1094 4620 dicendi
1125 4580 1296 4635 genus
1335 4583 1348 4619 :
1383 4564 1528 4634 quod
1558 4565 1673 4619 sive
1718 4565 1866 4634 plani
1907 4564 2181 4619 sermonis

601 4657 950 4725 simplicitate
986 4657 1248 4725 consequi
1278 4656 1537 4719 volueris,
1575 4657 1893 4724 subagreste
1921 4656 2180 4724 quiddatu

599 4749 825 4803 exsistet
851 4763 915 4802 ac
959 4748 1229 4817 putidum,
1256 4748 1563 4818 cojusmodi
1594 4747 1707 4801 fere
1752 4755 1883 4801 sunt
1924 4746 2114 4801 Latina
2158 4766 2177 4799 ι

599 4841 801 4911 prioris
855 4840 1167 4910 interpretis
1221 4860 1240 4891 ‹
1294 4840 1569 4903 Cornarii,
1622 4838 1783 4909 cujus
1836 4855 1937 4894 nos
1995 4841 2183 4910 utique

599 4933 805 4988 similes
836 4947 958 4987 esse
1004 4932 1273 4999 nolimus;
1322 4933 1407 4987 sin
1463 4944 1717 4986 ornatum
1766 4938 1932 5001 atque
1971 4932 2181 4987 cultum

597 5023 880 5087 adhibeas,
913 5024 964 5078 id
1009 5026 1127 5081 sine
1177 5040 1373 5094 magna
1428 5024 1823 5079 sententiarum
1869 5036 2182 5080 commuta-

600 5117 745 5170 tione
765 5116 1009 5170 obtinere
1036 5118 1127 5171 vix
1165 5116 1366 5186 possis.
1410 5135 1428 5167 ι
1463 5115 1713 5185 Magnam
1751 5116 1916 5186 igitur
1958 5114 2183 5171 Petavio

598 5194 855 5263 debemus
884 5210 1137 5280 gratiam,
1192 5210 1335 5278 quod
1384 5208 1502 5277 ejus
1538 5208 1805 5264 beneficio
1856 5209 1937 5262 sic
1980 5207 2183 5265 Latine

600 5297 907 5366 loquentem
939 5302 1228 5355 audiamus
1261 5298 1652 5369 Epiphanium,
1685 5311 1744 5353 ttt
1782 5300 1907 5371 styli
1945 5301 2178 5355 nitorem

603 5392 656 5441 in
687 5405 751 5443 eo
779 5406 884 5443 non
915 5394 1325 5457 desideremus;
1366 5392 1537 5447 multo
1570 5400 1752 5446 tamen
1789 5393 2054 5460 majorem
2077 5392 2178 5462 ipsi

602 5488 810 5542 sancto,
842 5483 986 5548 quod
1017 5499 1131 5537 sua:
1160 5482 1263 5537 sibi
1296 5483 1350 5537 in
1382 5498 1448 5537 eo
1492 5498 1689 5553 genere
1720 5483 2002 5537 tenuitatis
2047 5500 2181 5537 con-

603 5585 772 5632 scms,
801 5575 1190 5641 contempserit
1237 5575 1442 5645 judicia
1495 5576 1906 5632 fastidiosorum
1947 5576 2182 5645 philolo-

604 5673 814 5724 gorum,
853 5661 1013 5713 modo
1047 5667 1327 5731 prodesset
1361 5667 1620 5736 publico;
1657 5682 1833 5737 eaque
1864 5667 2177 5737 protulerit,

603 5762 835 5805 quorum
868 5764 1081 5814 semper
1107 5755 1337 5809 maxima
1368 5766 1418 5811 et
1450 5755 1546 5812 luit
1571 5766 1624 5811 et
1644 5757 1762 5828 _erit
1794 5759 2023 5827 utilitas,
2052 5773 2176 5813 eum

2291 4574 2456 4633 atque
2480 4564 2548 4618 ab
2581 4565 2683 4620 hoc
2711 4577 3032 4639 susceptos;
3057 4570 3300 4637 cogitare
3331 4573 3522 4642 cmpit,
3549 4574 3729 4644 inquit
3775 4572 3856 4626 So-

2291 4670 2555 4711 zomenus
2600 4656 2695 4712 lib.
2736 4672 2851 4720 vtu,
2894 4674 3015 4729 cap.
3053 4660 3123 4715 9.5
3172 4673 3224 4716 et
3262 4663 3542 4733 deinceps,
3575 4684 3593 4716 ι
3636 4681 3741 4735 qua
3776 4680 3853 4717 ra-

2293 4748 2441 4802 tione
2467 4746 2736 4804 Joannem
2771 4766 2995 4821 quoque
3024 4753 3204 4822 ipsum
3233 4755 3302 4809 ab
3327 4757 3646 4827 episcopatu
3679 4756 3855 4826 dejice-

2291 4849 2392 4895 ret.
2440 4840 2639 4896 Verum
2688 4845 2802 4898 hcce
2855 4845 2908 4899 in
2963 4847 3159 4902 intimo
3210 4850 3455 4917 peetoris
3516 4851 3602 4905 sui
3657 4862 3853 4905 recessu

2290 4933 2577 4989 occultans
2605 4950 2669 4987 ac
2716 4936 2967 5001 moliens,
3028 4940 3249 5009 scripsit
3304 4941 3522 4995 interim
3575 4942 3642 4995 ad
3683 4950 3854 4993 omnes

2290 5023 2494 5093 ubique
2538 5025 2784 5080 locorum
2836 5030 3124 5099 episcopos
3172 5032 3404 5097 litteras,
3459 5031 3660 5100 quibus
3706 5031 3853 5083 libros

2289 5116 2543 5188 Origenis
2568 5121 3023 5189 reprehendebat.
3054 5113 3304 5192 Cumque
3347 5123 3722 5179 consideraret
3750 5134 3851 5173 nia-

2289 5227 2395 5280 gno
2443 5212 2544 5265 sibi
2590 5213 2963 5267 emolumento
3017 5212 3155 5277 fore,
3205 5216 3250 5268 si
3285 5213 3677 5284 Epiphanium,
3714 5213 3850 5266 Sala-

2290 5302 2453 5357 tninis
2496 5303 2547 5355 in
2576 5303 2756 5374 Cypro
2788 5306 3128 5374 episcopum,
3178 5307 3503 5376 participem
3547 5315 3601 5360 et
3642 5318 3849 5359 consor-

2291 5402 2395 5448 tem
2428 5396 2781 5449 consiliorum
2807 5412 3032 5451 suorum
3065 5396 3311 5460 haberet,
3344 5398 3519 5451 virum
3552 5398 3621 5451 ob
3655 5394 3848 5449 virtutis

2288 5487 2647 5542 reverentiam
2708 5490 2953 5551 omnium
3011 5488 3094 5543 sui
3153 5491 3419 5560 temporis
3466 5490 3845 5551 clarissimum;

2286 5594 2412 5635 cum
2444 5579 2547 5633 sibi
2585 5580 2822 5635 amicum
2854 5581 3173 5650 adjunxit...

2358 5671 2448 5725 56.
2491 5689 2509 5722 ι
2547 5670 2718 5726 Porro
2739 5671 3108 5743 Epiphanius,
3140 5674 3234 5743 qui
3259 5672 3513 5744 Origenis
3542 5675 3706 5730 libros
3753 5683 3843 5724 tam

2289 5762 2497 5831 pridem
2538 5762 2912 5830 aversabatur,
2942 5763 3233 5834 Theophili
3272 5765 3656 5820 litterisvfacilo
3680 5776 3846 5818 asseu-
