4058 6478
287 399 385 459 13⁵1

1287 400 1344 456 S.
1385 396 1730 457 EPIPHANH
1771 396 1957 457 ACTA
2000 392 2506 456 BOLLANDIANA.
3446 397 3547 451 I38

288 538 407 578 sum
445 520 680 590 prmbuit
709 539 723 574 :
749 504 1092 590 collectoque
1119 520 1446 591 Cypriorum
1471 522 1858 591 episcoporum
1891 526 1937 582 Α
1965 520 2308 592 constituta),
2333 520 2621 590 palamque
2661 477 3006 572 denuntiavit
3040 514 3364 585 Epiphanio,
3395 513 3550 568 illum

289 613 542 676 concilio,
563 610 821 683 Origenis
844 613 1014 668 libros
1046 612 1150 682 legi
1172 611 1469 682 prohibuit.
1499 611 1648 667 Datis
1669 611 1866 666 deinde

294 700 514 763 litteris,
541 707 659 754 tum
688 700 757 755 ad
795 700 954 763 alios,
988 708 1100 754 tum
1134 700 1199 754 ad
1238 699 1553 770 episcopum
1591 700 1868 756 Constan-

289 792 736 862 tinopolitanum,
778 807 841 847 ea
887 807 1009 862 quae
1054 808 1083 846 a
1130 793 1340 861 synodo
1387 792 1602 847 decreta
1653 794 1872 848 fuerant

289 883 728 947 insinuantibus,
761 884 1012 938 hortatus
1043 892 1126 938 est
1151 883 1274 938 illos
1314 892 1377 938 ut
1417 884 1684 953 synodum
1735 900 1870 940 con-

290 982 556 1028 vocarent
614 973 914 1042 eademque
981 972 1359 1029 decernerent.
1412 974 1867 1030 Animadvertens

292 1064 462 1132 igitur
485 1062 822 1131 Theophilus
855 1077 914 1118 se
953 1061 1318 1132 Epiphaniam
1367 1064 1576 1134 absque
1624 1065 1870 1134 periculo

291 1155 451 1224 sequi
473 1169 653 1223 posse,
691 1163 881 1224 utpote
900 1169 1062 1224 quem
1097 1155 1257 1210 multi
1282 1155 1586 1221 laudarent,
1613 1167 1670 1212 et
1709 1158 1869 1229 cujus

290 1248 621 1300 sententiam
651 1247 722 1301 ob
770 1246 894 1300 vita:
937 1245 1282 1302 sanctitatem
1331 1248 1704 1318 suspicerent,
1757 1251 1872 1318 ipse

291 1351 536 1406 quoque,
574 1353 697 1392 cum
739 1338 1007 1407 episcopis
1051 1339 1145 1407 qui
1190 1339 1295 1393 sub
1335 1339 1455 1408 ipso
1506 1349 1684 1404 erant,
1727 1341 1870 1396 idem

291 1430 439 1497 quod
472 1429 810 1498 Epiphanius
839 1429 1096 1484 decrevit.
1120 1427 1320 1483 Verum
1353 1430 1593 1486 Joannes
1626 1431 1870 1487 studium

293 1523 512 1578 illorum
549 1523 686 1576 haud
729 1523 911 1591 magni
955 1522 1210 1591 ponderis
1250 1537 1374 1577 esse
1429 1523 1783 1589 existimavit,
1819 1536 1874 1579 et

291 1617 582 1686 Epiphanii
607 1631 670 1671 ac
708 1614 992 1684 Theophili
1019 1615 1227 1671 litteras
1265 1616 1502 1685 neglexit
1531 1632 1635 1670 :ex
1674 1629 1870 1686 poten-

293 1711 532 1765 tioribus
555 1724 684 1763 vero
717 1708 794 1773 hi,
827 1708 921 1778 qui
953 1706 1151 1762 Joanni
1181 1708 1433 1778 privatim
1461 1707 1658 1764 infensi
1691 1717 1870 1775 erant,

295 1819 421 1860 cum
463 1802 858 1856 intellexissent
901 1799 1260 1869 The0philum
1308 1800 1360 1855 id
1400 1816 1578 1872 agere,
1616 1811 1675 1854 ut
1705 1800 1872 1856 Joan-

1977 628 2040 667 ea
2072 627 2260 682 gerere
2295 627 2419 681 qua:
2449 625 2552 665 nec
2576 609 2725 678 justa
2753 616 2958 672 essent,
2991 622 3092 662 nec
3145 605 3247 675 ipsi
3297 605 3554 675 privatim

1978 706 2136 759 utilia
2172 724 2185 759 :
2215 704 2485 774 siquidem
2517 702 2752 758 tumultu
2781 700 2966 771 p0puli
3003 699 3259 761 excitato,
3289 697 3405 766 ipse
3434 706 3554 750 tan-

1977 811 2142 865 quam
2173 795 2338 863 hujus
2376 795 2453 848 rei
2488 804 2682 848 auctor
2714 791 3016 862 periculum
3052 789 3344 868 subiturus,
3386 793 3547 840 esset.

1979 886 2094 942 llac
2126 887 2338 941 ratione
2367 885 2639 940 cohibitus
2673 894 2754 939 est
2775 884 3008 952 impetus
3039 877 3346 949 Epiphanii.
3381 876 3550 931 Inter:

1978 992 2043 1031 ea
2097 976 2296 1031 accidit
2325 982 2383 1028 ut
2432 973 2772 1043 imperatoris
2837 970 3004 1033 filius,
3055 968 3349 1023 admodum
3397 979 3550 1035 puer,

1977 1067 2175 1121 morbo
2210 1067 2610 1135 corriperetur;
2644 1072 2817 1118 mater
2853 1077 2983 1117 vero
3029 1059 3263 1115 sollicita
3305 1072 3375 1110 ne
3423 1055 3556 1125 quid

1981 1159 2194 1214 tristius
2235 1173 2405 1227 puero
2445 1159 2806 1227 contingeret,
2846 1155 3016 1208 misso
3063 1152 3131 1206 ad
3189 1149 3555 1219 Epiphaniam

1980 1252 2196 1316 nuntio,
2228 1260 2289 1304 ut
2318 1267 2418 1320 pro
2445 1265 2511 1305 eo
2543 1249 2712 1304 Deum
2750 1255 3086 1318 precaretur,
3116 1242 3433 1314 postulavit.
3465 1240 3560 1294 Ille

1980 1357 2210 1410 puerum
2249 1341 2520 1396 victurum
2542 1354 2664 1394 esse
2690 1336 2994 1407 respondit,
3032 1335 3078 1390 si
3103 1335 3349 1403 Augusta
3379 1332 3558 1386 haere-

1980 1435 2139 1501 ticos,
2174 1437 2268 1504 qui
2293 1449 2416 1490 cum
2449 1433 2711 1487 Dioscoro
2739 1437 2918 1495 erant-,
2955 1434 3318 1483 aversaretur.
3352 1423 3557 1477 Verum

1980 1525 2223 1594 Augusta
2265 1525 2364 1578 :Si
2421 1524 2586 1590 Deus,
2647 1522 2846 1592 inquit,
2902 1519 3074 1574 tilium
3134 1531 3316 1594 meum
3349 1516 3562 1584 eripere

1980 1592 2116 1669 mihi
2145 1615 2398 1680 voluerit,
2445 1616 2522 1669 ita
2564 1614 2691 1678 fiat;
2741 1612 3009 1667 Dominus
3055 1608 3202 1664 enim
3245 1592 3340 1677 qui
3388 1603 3559 1670 dedit,

1981 1704 2125 1760 idem
2161 1715 2215 1760 et
2241 1705 2439 1761 aufert.
2469 1705 2624 1772 Quod
2652 1704 2698 1758 si
2728 1713 2788 1757 tu
2816 1712 3062 1756 mortuos
3098 1699 3167 1752 ad
3194 1699 3362 1752 vitam
3399 1709 3562 1750 revo-

1982 1810 2109 1850 care
2136 1811 2350 1866 posses,
2375 1811 2486 1851 non
2517 1804 2661 1851 esset
2687 1805 2937 1849 mortuus
2960 1791 3381 1847 archidiaconus
3407 1799 3558 1842 tuus.

297 1911 419 1949 nem
443 1895 764 1964 episcopatu
797 1902 1038 1952 exueret,
1083 1893 1184 1962 ipsi
1211 1909 1431 1963 quoque
1461 1909 1684 1961 operam
1715 1910 1871 1949 suam
1904 1883 1948 1938 Β
1977 1886 2192 1941 Etenim
2226 1887 2373 1942 haud
2420 1887 2592 1942 multo
2635 1897 2763 1942 ante
2808 1902 2840 1941 e
2888 1885 3029 1940 vivis
3082 1889 3395 1938 excesserat
3442 1881 3565 1935 Cri-

298 2000 361 2038 ac
413 1983 658 2038 studium
719 1983 1110 2045 contulerunt,
1177 1992 1345 2050 utque
1398 1982 1874 2053 Constantinopoli

297 2076 540 2129 maxima
571 2075 814 2145 synodus
837 2074 987 2128 fieret
1019 2085 1404 2142 procurarunt.
1447 2075 1658 2142 Quibus
1687 2077 1878 2148 cogni-

295 2168 368 2222 tis
398 2167 736 2236 Theophilus
769 2166 949 2220 adhuc
975 2165 1149 2235 magis
1197 2166 1464 2232 incubuit,
1501 2178 1552 2220 et
1591 2169 1878 2238 episcopos

295 2255 519 2324 quidem
558 2253 780 2325 Egypti
817 2255 1072 2325 navigare
1112 2255 1277 2324 jussit
1320 2255 1876 2326 Constantinopolim,

297 2347 606 2418 Epiphanio
639 2363 769 2403 vero
791 2359 847 2403 et
868 2349 990 2405 aliis
1014 2365 1109 2419 per
1133 2348 1408 2405 Orientem
1433 2352 1708 2421 episcopis
1743 2352 1880 2406 scri-

297 2440 432 2509 psit,
461 2449 524 2493 ut
553 2455 716 2510 quam
757 2441 994 2510 primum
1033 2441 1086 2496 in
1116 2458 1286 2496 unum
1316 2443 1676 2497 convenirent
1711 2461 1726 2498 :
1764 2444 1880 2513 ipse

299 2533 536 2605 pedestri
566 2534 759 2588 itinere
790 2533 1175 2602 proﬁciscitur.

371 2626 462 2681 57.
502 2645 521 2678 ‹
558 2624 666 2681 Nec
695 2626 868 2680 multo
897 2635 1016 2695 post
1032 2625 1385 2696 Epiphanius,
1420 2641 1544 2680 cum
1568 2626 1781 2696 primus
1813 2642 1881 2681 ex

303 2719 483 2773 insula
512 2718 693 2788 Cypro
743 2718 1014 2781 solvisset,
1049 2718 1114 2772 ad
1153 2719 1335 2773 locum
1381 2717 1525 2772 haud
1577 2717 1766 2788 procul
1813 2719 1882 2774 ab

303 2809 440 2864 urbe
469 2806 1097 2878 Constantinopolitana,
1134 2823 1296 2878 quem
1324 2806 1630 2873 Septimum
1660 2819 1880 2874 vocant,

301 2899 603 2970 applicuit;
634 2897 885 2968 factaque
913 2900 1160 2954 oratione
1199 2900 1256 2953 in
1306 2901 1539 2957 ecclesia
1597 2918 1721 2971 quae
1772 2902 1884 2957 illic

301 3001 409 3054 est,
444 2991 496 3044 in
531 2991 718 3045 urbem
747 2991 1013 3045 introivit.
1045 2989 1182 3045 Eum
1219 2992 1612 3061 ingredientem
1643 2992 1884 3050 Joannes

302 3097 538 3138 occursu
567 3084 697 3140 cleri
736 3085 905 3138 totius
931 3083 1222 3138 honoravit
1254 3103 1266 3139 :
1294 3095 1350 3139 at
1384 3084 1721 3156 Epiphanius
1756 3101 1883 3154 per-

302 3177 496 3246 spicue
532 3175 848 3240 declaravit,
888 3177 1032 3245 quod
1066 3176 1358 3231 calumniis
1408 3177 1672 3232 adversus
1711 3175 1884 3231 Joan-

304 3283 432 3322 nem
469 3269 811 3323 concinnatis
835 3269 997 3324 ﬁdem
1033 3270 1334 3326 habuisset.
1362 3270 1627 3324 Invitatus
1653 3270 1800 3324 enim
1828 3280 1886 3324 ut

305 3361 363 3414 in
391 3359 600 3414 aedibus
637 3359 1028 3416 ecclesiasticis
1069 3377 1290 3416 manere
1330 3361 1512 3425 vellet,
1566 3362 1883 3431 neutiquam

306 3451 583 3520 acquievit
616 3469 628 3503 :
665 3458 866 3506 etcum
900 3452 1111 3506 Joanne
1156 3450 1377 3522 quidem
1427 3452 1683 3522 congredi
1727 3452 1886 3522 peni-

308 3554 397 3598 tus
427 3543 753 3598 detrectavit
777 3559 791 3597 :
813 3543 1072 3612 privatim
1101 3557 1234 3599 vero
1267 3546 1583 3600 convocatis
1609 3545 1886 3614 episcOpis

306 3637 401 3706 qui
433 3646 544 3690 tum
568 3636 1041 3705 Constantinopoli
1072 3636 1447 3702 morabantur,
1473 3652 1536 3692 ea
1558 3653 1681 3708 quae
1701 3639 1889 3692 adver-

308 3743 407 3783 sus
438 3727 610 3782 libros
633 3727 884 3797 Origenis
917 3726 1133 3781 decreta
1165 3726 1384 3781 fuerant
1413 3726 1480 3780 iis
1511 3727 1750 3782 ostendit
1787 3747 1798 3780 :
1824 3742 1889 3782 ac

307 3819 590 3874 nonnullis
636 3819 852 3887 quidem
900 3819 1173 3887 persuasit
1205 3827 1264 3873 ut
1299 3819 1530 3874 decretis
1566 3819 1887 3874 subscribe—

305 3921 472 3976 rent;
512 3909 692 3978 plures
732 3925 861 3965 vero
898 3910 951 3965 id
997 3910 1175 3966 facere
1222 3920 1668 3966 recusarunt.....
1718 3911 1888 3965 Porro

305 3999 550 4054 Joannes
581 3999 762 4056 adhuc
795 4001 1154 4056 nihilominus
1194 4003 1555 4057 reverentiam
1593 4002 1892 4058 exhibebat

307 4091 635 4162 Epiphanio,
664 4107 902 4162 eumque
943 4094 1266 4149 hortabatur
1309 4101 1370 4148 ut
1411 4095 1668 4150 collectas
1699 4110 1888 4149 secum

309 4184 608 4246 celebrare,
642 4193 694 4238 et
733 4184 1180 4240 contubernalem
1231 4184 1413 4255 ipsum
1456 4185 1657 4239 habere
1705 4186 1886 4240 vellet.

312 4277 515 4331 Verum
547 4278 901 4348 Epiphanius,
952 4294 1011 4334 se
1049 4294 1227 4349 neque
1275 4281 1396 4349 ejus
1439 4279 1603 4333 domo
1636 4295 1890 4342 usurum,

312 4386 415 4425 nec
440 4386 565 4425 cum
591 4386 656 4426 eo
695 4381 978 4425 oraturum
1007 4386 1130 4427 esse
1159 4371 1467 4441 respondit,
1506 4371 1611 4426 nisi
1641 4371 1892 4442 Origenis

233 4520 256 4534 θ
310 4460 487 4514 libros
523 4460 675 4530 prius
727 4460 1064 4524 damnasset,
1122 4469 1176 4514 et
1224 4460 1546 4516 Dioscorum
1599 4477 1708 4516 una
1767 4477 1891 4516 cum

1981 1981 2218 2049 spio.....
2255 1996 2419 2050 quem
2460 1980 2799 2050 Epiphanius
2825 1995 2950 2033 cum
2982 1977 3434 2034 contubernalem
3464 1972 3565 2027 ha-

1979 2073 2150 2138 beret,
2181 2074 2633 2129 archidiaconum
2667 2089 2828 2128 suum
2853 2075 3238 2129 constituerat.

2051 2165 2142 2220 59.
2185 2184 2204 2215 ε
2245 2165 2570 2219 Ammonius
2602 2181 2732 2220 vero
2761 2175 2814 2219 et
2837 2167 2928 2234 qui
2969 2180 3094 2219 cum
3126 2165 3220 2218 illo
3251 2171 3408 2218 erant
3433 2159 3564 2231 Epic

1980 2259 2242 2326 phanium
2269 2257 2557 2322 adierunt;
2599 2256 2653 2310 id
2700 2256 2846 2310 enim
2888 2256 2990 2324 ipsi
3034 2271 3256 2324 quoque
3303 2253 3565 2322 Augusta!

1980 2355 2282 2424 placuerat.
2320 2351 2571 2420 Cumque
2613 2349 2953 2420 Epiphanius
3007 2349 3398 2419 interrogasset
3441 2346 3564 2416 qui—

1982 2460 2108 2499 nam
2146 2452 2356 2511 essent,
2387 2444 2671 2513 respondit
2699 2441 3060 2496 Ammonius:
3088 2440 3257 2511 Longi
3283 2454 3495 2504 sumus,
3527 2453 3559 2491 o

1983 2535 2180 2600 Pater;
2208 2535 2438 2590 libenter
2454 2543 2636 2588 autem
2667 2532 3027 2595 disceremus,
3056 2539 3240 2585 utrum
3265 2529 3560 2598 aliquando

1983 2627 2038 2680 in
2080 2627 2382 2696 discipulos
2419 2634 2514 2680 aut
2549 2625 2606 2679 in
2653 2624 2825 2677 libros
2874 2630 3094 2677 nostros
3135 2620 3418 2675 incideris.
3470 2617 3566 2671 Illo

1983 2729 2236 2790 negante,
2278 2720 2476 2773 iterum
2510 2717 2782 2788 quaesivit
2826 2715 3156 2769 Ammonius
3191 2732 3203 2767 :
3239 2711 3393 2767 Unde
3436 2726 3566 2782 ergo

1988 2813 2274 2868 haereticos
2299 2812 2423 2866 illos
2469 2825 2594 2865 esse
2637 2807 2917 2878 judicasti;
2979 2807 3076 2876 qui
3133 2805 3346 2859 nullum
3400 2804 3568 2858 habes

1986 2893 2393 2974 argumentum,
2424 2921 2534 2974 quo
2575 2901 2902 2958 sententiam
2943 2899 3162 2954 illorum
3211 2899 3391 2968 possis
3431 2913 3568 2952 con-

1985 2993 2242 3048 vincere?
2281 2995 2347 3047 Et
2394 3009 2520 3048 cum
2561 2991 2904 3063 Epiphanius
2933 2989 3161 3055 diceret,
3195 2988 3248 3042 id
3285 3004 3344 3042 se
3374 2989 3566 3043 auditu

1987 3083 2301 3153 accepisse:
2337 3081 2450 3140 Nos
2482 3098 2632 3148 vero,
2666 3080 3105 3144 aitAmmonius,
3140 3081 3302 3150 plane
3336 3090 3559 3135 contra-

1989 3174 2132 3227 rium
2164 3173 2425 3240 fecimus;
2457 3189 2586 3229 nam
2607 3182 2662 3228 et
2683 3174 2984 3243 discipulos
3014 3181 3138 3227 tuos
3165 3187 3308 3242 saepe
3335 3185 3567 3226 numero

1992 3267 2252 3332 vidimus,
2286 3276 2340 3321 et
2379 3266 2549 3321 libros
2577 3266 2946 3336 perlegimus;
2977 3283 3045 3322 ex
3076 3267 3278 3336 quibus
3309 3281 3454 3318 unus
3483 3275 3570 3320 est

1988 3358 2080 3428 qui
2132 3357 2430 3411 Ancoratus
2473 3357 2815 3412 inscribitur.
2854 3357 3106 3428 Cumque
3144 3351 3302 3410 mulli
3357 3357 3570 3426 vitupe-

1989 3464 2114 3504 rare
2135 3459 2189 3503 et
2220 3459 2479 3518 tanquam
2505 3449 2823 3503 haereticum
2856 3448 3182 3503 calumniari
3216 3449 3435 3512 vellent,
3469 3465 3570 3503 nos

1989 3555 2089 3609 pro
2117 3537 2300 3605 Patre,
2334 3539 2411 3592 uti
2438 3553 2535 3608 par
2561 3547 2699 3600 erat,
2729 3538 3119 3608 pugnavimus,
3160 3546 3214 3593 et
3255 3553 3440 3593 causa;
3465 3549 3571 3594 tum

1989 3630 2368 3686 defensionem
2396 3631 2763 3700 suscepimus.
2808 3629 3045 3685 Proinde
3094 3645 3196 3685 nec
3237 3639 3294 3684 tu
3349 3645 3415 3683 ex
3453 3631 3571 3686 solo

1990 3725 2178 3778 auditu
2229 3725 2485 3779 absentes
2539 3724 2800 3778 damnare
2853 3721 3124 3788 debuisti,
3175 3737 3316 3794 quos
3357 3739 3570 3792 nequa-

1992 3833 2155 3887 quam
2188 3827 2242 3871 tu
2271 3817 2387 3888 ipse
2418 3818 2584 3873 certis
2617 3815 2956 3887 argumentis
3003 3816 3262 3871 inductus
3312 3819 3568 3872 convice-

1990 3925 2103 3973 ras,
2134 3925 2234 3964 nec
2254 3911 2520 3976 ejusmodi
2545 3911 2776 3980 gratiam
2803 3909 3009 3965 referre
3030 3910 3410 3965 laudatoribus
3435 3911 3565 3967 tuis.

1994 4000 2240 4056 Posthzec
2263 4001 2604 4072 Epiphanius
2633 4003 2812 4058 lenius
2839 4020 2964 4060 eum
2997 4007 3287 4072 allocutus,
3314 4017 3429 4062 tum
3453 4007 3578 4078 qui-

1992 4093 2114 4148 dem
2147 4094 2215 4147 ab
2254 4109 2314 4148 se
2342 4094 2574 4159 dimisit,
2607 4096 2757 4150 brevi
2792 4109 2974 4151 autem
3008 4098 3294 4168 interjecto
3321 4108 3565 4170 tempore

1993 4185 2232 4256 Cyprum
2274 4187 2570 4256 navigavit,
2616 4203 2710 4241 seu
2765 4189 2907 4256 quod
2952 4189 3574 4261 Constantinopolitanae

1995 4279 2350 4348 profectionis
2382 4279 2559 4348 ipsum
2592 4280 2899 4348 paeniteret,
2944 4296 3040 4335 seu
3073 4282 3221 4351 quod
3270 4282 3414 4338 Deus
3445 4299 3574 4338 ora-

1995 4369 2120 4424 culo
2145 4369 2321 4439 ipsum
2348 4372 2748 4435 admonuisset,
2790 4383 3135 4443 mortemque
3164 4374 3268 4444 ipsi
3303 4390 3458 4430 suam
3493 4377 3575 4447 (ut

1997 4461 2296 4516 verisimile
2313 4461 2416 4532 est)
2438 4464 2885 4532 praenuntiasset.
2916 4464 3186 4520 Caeterum
3221 4482 3346 4522 cum
3376 4483 3572 4525 navem

313 4552 484 4606 sociis
515 4552 833 4618 expulisset.
868 4549 974 4607 Sed
1010 4568 1136 4606 cum
1170 4542 1264 4608 ille
1297 4563 1421 4608 ante
1466 4569 1647 4609 causa;
1694 4554 1884 4623 eogni-
1921 4559 1968 4615 D
1996 4569 2400 4610 conscensurus
2429 4565 2594 4622 esset,
2626 4558 2920 4627 episcopis,
2951 4559 3046 4628 qui
3083 4559 3258 4630 ipsmn
3303 4561 3370 4616 ad
3422 4561 3576 4619 littus

313 4645 520 4698 tionem
556 4643 668 4698 htec
699 4642 878 4698 facere
913 4643 1366 4713 haudquaquam,
1391 4643 1600 4712 justum
1635 4659 1754 4700 esse
1801 4645 1881 4699 di-

311 4748 466 4788 ceret
495 4743 550 4788 et
571 4735 1098 4804 procrastinaretur,
1138 4735 1224 4788 die
1261 4750 1374 4805 quo
1421 4737 1644 4791 collecta
1682 4736 1891 4806 agenda

311 4837 432 4882 erat
467 4827 520 4880 in
554 4827 787 4881 ecclesia
820 4827 1227 4896 Apostolorum,
1259 4836 1628 4896 procurarunt
1659 4824 1890 4882 Joannis

312 4917 524 4973 inimici
557 4925 616 4971 ut
639 4915 980 4987 Epiphanius
1020 4918 1074 4970 in
1113 4917 1402 4972 ecclesiam
1441 4917 1676 4982 veniret,
1707 4926 1760 4970 et
1795 4932 1894 4985 pu-

311 5011 459 5065 blice
491 5025 674 5064 coram
702 5011 903 5080 popqu
935 5021 1050 5064 tum
1078 5007 1332 5079 Origeuis
1361 5011 1554 5075 libros,
1595 5018 1709 5063 tum
1765 5010 1861 5063 Dio
1889 5043 1892 5048 -

314 5117 536 5156 scorum
575 5109 626 5154 et
655 5116 749 5154 eos
797 5101 889 5169 qui
935 5116 1057 5155 cum
1097 5100 1190 5154 illo
1242 5109 1419 5164 erant,
1456 5109 1714 5168 tanquam
1751 5101 1892 5155 idem

314 5191 616 5244 sentientes
640 5206 764 5244 cum
783 5189 1036 5259 Origene,
1070 5189 1420 5244 anathemate
1445 5190 1768 5255 damnaret;
1799 5206 1894 5246 ea-

315 5282 552 5348 demque
596 5295 760 5348 opera
803 5279 1122 5349 episcopum
1174 5281 1326 5336 urbis
1371 5281 1786 5351 perstringeret,
1835 5291 1895 5336 ut

313 5375 407 5444 qui
444 5374 551 5426 illis
585 5373 830 5426 addictus
854 5383 1027 5438 esset;
1066 5373 1455 5427 existimabant
1494 5374 1648 5426 enim
1690 5389 1750 5428 se
1790 5373 1892 5428 hac

315 5468 530 5520 ratione
558 5465 765 5534 plebem
795 5465 860 5518 ah
892 5465 983 5518 illo
1012 5480 1134 5519 esse
1179 5465 1532 5519 alienaturos.

385 5554 477 5609 58.
532 5575 556 5607 τ
591 5539 817 5610 Postero
870 5555 1034 5624 igitur
1078 5555 1185 5621 die,
1235 5571 1357 5610 cum
1407 5557 1473 5609 ad
1526 5556 1576 5610 id
1621 5557 1891 5625 agendum

312 5663 637 5715 progressus
669 5646 1009 5716 Epiphanius
1030 5646 1152 5716 .jam
1199 5646 1444 5700 ecclesiae
1492 5648 1896 5716 appropinqua-

314 5751 417 5800 ret,
452 5741 668 5795 obviam
700 5740 750 5793 ei
780 5739 1023 5793 occurrit
1061 5738 1307 5808 Serapio,
1342 5741 1548 5795 missus
1605 5757 1634 5794 a
1683 5739 1896 5795 Joanne

313 5833 697 5905 (praesenserat
738 5830 886 5885 enim
912 5829 1150 5884 Joannes
1183 5847 1245 5884 ea
1280 5847 1402 5900 quae
1452 5833 1627 5901 pridie
1678 5834 1893 5890 fuerant

555 5928 827 5985 l’ATnOL.
874 5923 992 5983 Gn.
1042 5924 1200 5987 XLI.

1995 4659 2173 4714 usque
2223 4647 2501 4715 prosecuti
2561 4646 2801 4712 fuerant,
2855 4647 3064 4704 dixisse
3119 4649 3337 4705 fertur:
3371 4649 3572 4708 Urbem

1993 4738 2148 4792 vobis
2175 4750 2231 4794 et
2260 4738 2524 4806 palatium
2571 4749 2624 4794 et
2677 4754 2898 4794 scenam
2955 4741 3243 4812 relinquo;
3293 4757 3398 4815 ego
3445 4758 3574 4799 vero

1996 4831 2227 4886 abscedo
2254 4849 2266 4884 :
2293 4829 2491 4886 festino
2514 4832 2685 4896 enim,
2708 4839 2762 4886 et
2787 4831 3006 4901 quidem
3041 4833 3218 4888 valde.

2065 4924 2154 4977 40.
2209 4943 2228 4974 α
2282 4923 2444 4978 Aliud
2515 4933 2776 4991 praeterea
2829 4925 3109 4995 quidpiam
3171 4927 3374 4991 audivi,
3429 4930 3575 4998 quod

1997 5019 2292 5072 multorum
2364 5018 2712 5072 sermonibus
2787 5019 3090 5074 etiamnum
3166 5019 3573 5086 circumfertur,

1996 5107 2260 5164 Joannem
2302 5109 2523 5180 quidem
2578 5109 2882 5179 Epiphanio
2936 5111 3254 5181 przedixisse
3313 5110 3465 5166 illum
3519 5112 3573 5167 in

1997 5202 2344 5272 navigatione
2384 5217 2508 5257 esse
2567 5203 2920 5268 moriturum,
2971 5204 3340 5275 Epiphaniam
3393 5213 3574 5259 autem

1998 5294 2392 5362 praenuntiasse
2418 5293 2615 5348 Joanni
2633 5295 3030 5350 abdicationem
3047 5296 3411 5364 episcopatus.
3439 5295 3574 5351 Nam

1996 5383 2126 5438 dum
2195 5384 2337 5437 inter
2395 5400 2456 5439 se
2529 5387 2895 5451 dissiderent,
2960 5377 3298 5456 Epiphanius
3352 5389 3574 5458 quidem
3667 5387 3670 5390 ’

1997 5473 2190 5528 Joanni
2231 5476 2516 5541 scripsisse
2542 5477 2967 5547 dicitur:Spero
3006 5487 3055 5531 te
3085 5494 3428 5548 nequaquam
3463 5481 3576 5550 epi-

1999 5579 2220 5634 scopum
2275 5566 2625 5619 moriturum.
2667 5567 2906 5620 Joannes
2945 5583 3076 5621 vero
3124 5569 3404 5638 rescripsit
3445 5569 3576 5639 Epi-

1999 5654 2230 5724 phanio:
2261 5653 2371 5708 Nec
2395 5670 2494 5724 ego
2529 5670 2690 5724 spero
2716 5665 2767 5709 te
2792 5657 2843 5709 in
2880 5657 3066 5712 urbem
3098 5668 3243 5713 tuam
3270 5660 3574 5715 rediturum

2000 5761 2138 5798 esse.
2168 5765 2185 5797 ι
2211 5745 2332 5799 llmc
2365 5746 2727 5813 Sozomenns,
2769 5747 3068 5803 Historiam
3098 5767 3253 5806 suam
3279 5753 3438 5807 annis
3467 5754 3575 5807 cir-

2001 5839 2134 5893 citer
2169 5838 2385 5908 triginta
2435 5848 2554 5907 post
2593 5838 2880 5909 Epiphanii
2934 5844 3141 5898 obitum
3183 5844 3573 5911 scribens;cui

3211 5939 3248 5997 ὅ
