4058 6452
506 359 608 415 139

1533 364 1590 418 S.
1627 361 1973 421 EPIPHANII
2003 361 2186 419 ACTA
2225 360 2730 419 BOLLANDIANA.

3663 354 3768 413 ιιο

506 476 705 533 similia
741 476 934 534 iisdem
976 478 1090 536 fere
1131 482 1305 538 verbis
1358 482 1520 538 habet
1567 482 1824 541 Socrates
1871 486 1966 540 lib.
2008 499 2083 550 vt,
2116 489 2162 546 Α
2262 485 2354 538 42.
2383 482 2453 539 Ut
2479 493 2539 539 nt
2571 483 2662 549 sit,
2696 489 2943 553 apparet,
2986 480 3257 551 optimum
3303 479 3441 536 alias
3477 480 3767 537 sanctissi-

508 582 628 636 cap.
659 567 759 633 li;
790 569 936 637 paris
966 570 1125 639 plane
1148 587 1273 625 cum
1294 571 1598 628 Sozomeno
1626 576 1800 631 aetatis
1825 577 2086 646 scriptor,

508 668 563 713 et
589 673 654 713 ex
679 675 788 728 quo
805 676 958 715 suam
988 660 1098 717 fere
1118 662 1417 718 Historiam
1436 673 1719 722 mutuatus
1747 665 2093 724 Sommenus

509 747 769 805 creditur.
802 749 1105 808 Sozomeno
1141 761 1318 809 tamen
1357 753 1615 811 libentius
1651 773 1784 813 usus
1814 758 1906 813 hic
1939 774 2085 823 sum,

509 854 619 894 non
656 841 785 921 quia
814 840 1170 899 Salaminium
1199 847 1531 904 eum'luisse
1570 850 1756 914 credo,
1794 851 1938 907 sicut
1966 853 2090 921 opi-

511 939 673 984 natur
701 914 1037 1003 Nicephorus
1074 936 1278 1006 aliique
1320 947 1444 1008 post
1487 955 1649 1009 eum;
1692 957 1821 997 cum
1845 944 1959 1013 ipse
1991 914 2083 1001 lib.

510 1036 564 1083 ν,
593 1037 713 1091 cap.
750 1025 836 1088 ιδ,
881 1024 1026 1079 haud
1075 1027 1309 1084 obscure
1351 1029 1555 1085 indicet
1599 1047 1657 1089 se
1689 1031 2089 1103 Palaestininm,

510 1126 574 1164 ex
610 1114 729 1169 vico
753 1117 996 1186 quodam
1017 1117 1174 1187 juxta
1198 1119 1411 1175 ‘Gazam
1438 1122 1527 1178 cui
1570 1139 1768 1180 nomen
1808 1124 2085 1193 Bethclia;

510 1204 599 1258 sed
639 1206 763 1274 quia
790 1207 903 1276 jam
933 1209 1058 1264 inde
1096 1210 1166 1266 ab
1191 1212 1559 1269 adolescentia
1591 1214 1934 1273 familiariter
1961 1234 2086 1273 cum

511 1299 799 1355 monachis
826 1300 894 1354 ibi
926 1302 1258 1370 celebribus,
1302 1304 1597 1364 Hilarionis
1623 1309 1906 1380 discipulis
1939 1313 2089 1367 suis-

508 1405 614 1457 que
654 1399 715 1446 ut
739 1392 953 1448 videtur
984 1398 1427 1467 consanguineis,
1468 1410 1746 1469 versatus;
1801 1402 2091 1459 Salamane

466 1508 475 1515 -
508 1482 739 1548 scilicet,
768 1499 892 1538 cum
939 1500 1057 1555 quo
1075 1502 1369 1543 commune
1395 1505 1595 1546 nomen
1624 1493 1814 1548 habuit
1844 1494 2083 1564 (diceba-

511 1581 603 1626 tur
626 1574 795 1638 enim,
834 1576 913 1630 uti
945 1576 1177 1634 Photius
1210 1590 1384 1647 notat,
1429 1601 1447 1634 ι
1489 1581 1807 1641 Salamanet
1841 1587 2095 1645 Hermias

512 1662 877 1731 Sosomenns,
915 1690 933 1722 ι
979 1671 1122 1738 quod
1161 1672 1300 1729 alios
1345 1675 1577 1745 decepit,
1622 1686 1683 1733 ut
1728 1678 2086 1737 Salaminium

509 1758 813 1829 crederent)
846 1760 1073 1830 citusque
1115 1761 1378 1820 fratribus
1410 1748 1679 1836 Fuscoue,
1710 1768 2003 1827 Nachione
2035 1781 2091 1828 et

509 1849 813 1920 CriSpioue,
851 1869 1083 1922 quorum
1108 1868 1418 1927 postremus
1450 1860 1510 1916 S.
1549 1862 1854 1933 Epiphanio
1898 1867 2085 1922 adhae-

508 1957 656 2007 rens,
692 1946 745 1998 in
782 1961 1009 2002 munere
1040 1950 1414 2008 archidiaconi
1449 1953 1926 2027 Constantinopoli
1962 1968 2089 2017 ante

511 2047 689 2100 Ipsum
730 2035 887 2105 obiit,
924 2047 985 2093 ut
1010 2057 1178 2111 supra
1221 2043 1483 2101 vidimus.
1534 2047 1761 2104 Accedit
1798 2050 1949 2120 quod
1982 2051 2086 2106 So-

507 2125 647 2179 crati
686 2129 945 2215 nonnulia
987 2132 1149 2187 etiam
1185 2134 1275 2191 hic
1320 2137 1591 2194 addiderit
1633 2139 1996 2210 Sozomenus,
2033 2153 2088 2201 et

504 2218 817 2275 accuratius
858 2221 1044 2292 aliqua
1099 2224 1350 2282 videatur
1404 2229 1661 2288 edidisse.
1710 2231 1960 2291 Notabile
2003 2245 2090 2292 est

505 2316 685 2364 tamen
717 2311 865 2381 quod
896 2313 1064 2370 relata
1112 2314 1403 2389 Epiphaaii
1442 2328 1497 2377 et
1534 2319 1763 2382 Joannis
1802 2336 1991 2383 mutua
2021 2330 2089 2385 de

508 2416 567 2456 se
615 2402 844 2459 invicem
904 2407 1277 2478 praedictione,
1304 2411 1466 2468 addat
1495 2412 1788 2474 Socrates:
1825 2437 1845 2470 ι
1893 2419 2087 2475 Utrum

503 2507 670 2562 porro
690 2510 821 2551 vera
845 2497 980 2553 mihi
1012 2498 1250 2558 dixerint
1275 2505 1369 2575 qui
1406 2505 1512 2562 ista
1557 2519 1875 2577 narrarunt,
1925 2514 2086 2583 equi-

446 2582 459 2599 ‘
504 2584 625 2637 dem
659 2599 767 2638 non
804 2600 1028 2656 possum
1059 2589 1363 2662 aﬁrmare;
1410 2598 1627 2668 utrique
1659 2606 1841 2655 tamen
1868 2582 2086 2659 illorum

512 2673 828 2742 huiusmodi
881 2680 1063 2763 esitus
1095 2684 1337 2755 contigit.
1373 2685 1513 2743 Nam
1534 2705 1710 2761 neque
1750 2690 2089 2763 Epiphanius

505 2780 696 2821 navem
732 2771 939 2839 appulit
959 2772 1229 2844 Cyprum,
1260 2788 1386 2847 post
1417 2780 1720 2839 discessum
1755 2785 1901 2840 enim
1935 2803 2088 2843 mor-

506 2866 630 2912 tuus
664 2870 749 2914 est
782 2861 836 2914 in
866 2864 1087 2934 navigio
1112 2886 1125 2921 :
1151 2875 1205 2922 et
1225 2866 1465 2926 Joannes
1494 2874 1639 2929 haud
1674 2877 1846 2933 multo
1870 2889 1994 2948 post
2016 2895 2084 2936 ex

504 2950 821 3022 episcopatu
853 2956 1089 3026 dijectus
1117 2972 1222 3017 est.
1257 2983 1275 3015 ι

573 3041 662 3096 tl.
686 3041 873 3099 Potuit
909 3061 1041 3103 sane
1066 3048 1384 3120 hnjusmodi
1414 3057 1597 3111 exitus
1618 3057 1904 3129 utriusque
1927 3075 2085 3116 occa-

2189 591 2452 645 mumqne
2511 589 2734 638 senem,
2783 574 3071 643 deceptum
3127 572 3300 628 fuisse
3359 588 3390 627 a
3438 570 3769 642 Theophila,

2189 678 2299 725 tam
2329 668 2384 723 in
2416 683 2587 723 causa
2611 682 2803 723 eorum
2846 682 2986 737 quos
3015 664 3257 722 Joannes
3285 665 3551 721 tolerabat
3577 680 3769 721 mons-

2189 761 2441 821 chorum,
2489 774 2654 830 quam
2702 758 2876 830 ipsius
2918 756 3183 824 Joannis;
3218 765 3274 812 et
3314 772 3382 812 ex
3431 754 3773 811 almndamiaI

2190 849 2290 904 zeli
2324 862 2547 918 passum
2581 861 2717 901 esse
2752 846 3054 901 humanum
3104 845 3335 915 aliquid.
3384 846 3543 915 cujus
3584 846 3775 915 ipsum:

2189 942 2301 997 cito
2344 940 2682 1011 pmnituerit,
2739 938 3025 1011 magisque
3064 938 3337 1009 potuisset
3381 938 3681 1009 perlitare,
3719 936 3772 993 si

2188 1048 2312 1103 qua:
2335 1043 2457 1103 post
2486 1033 2790 1089 discessum
2823 1045 2985 1086 suum
3020 1040 3150 1086 sant
3178 1037 3495 1097 consecuta,
3519 1029 3766 1085 vidisset.

2189 1123 2413 1179 Interim
2442 1122 2548 1178 hoc
2571 1121 3044 1177 ministrationum
3090 1136 3317 1177 suarum
3357 1134 3623 1175 successu
3661 1119 3772 1175 ela-

2190 1227 2285 1273 tus
2302 1215 2660 1297 Theophilus,
2714 1215 3039 1284 priusquam
3068 1211 3605 1282 Constantinopolim
3643 1225 3770 1280 pro-

2190 1310 2523 1366 ﬁcisceretur
2544 1309 2611 1363 ad
2641 1309 2932 1379 synodum,
2970 1321 3085 1377 qua
3113 1303 3343 1361 Joannis
3375 1304 3649 1375 depositio
3671 1302 3769 1359 de-

2189 1410 2338 1457 creta
2369 1407 2475 1466 est,
2518 1401 2593 1455 ita
2627 1401 2695 1454 de
2744 1413 2811 1453 eo
2858 1396 2926 1452 ad
2972 1397 3033 1452 S.
3088 1396 3481 1468 Hieronymum
3526 1395 3781 1464 scripsit,-

2195 1514 2213 1547 ι
2248 1490 2590 1563 Origenistas
2617 1492 2671 1547 in
2716 1508 2879 1547 suam
2925 1492 3198 1563 recipiens
3241 1490 3671 1546 familiaritatem
3715 1498 3770 1544 et

2189 1600 2254 1641 es
2281 1584 2366 1638 his
2395 1583 2664 1654 plurimos
2699 1583 2769 1638 ad
2813 1583 3180 1639 sacerdotium
3229 1582 3557 1653 provehens,
3610 1590 3773 1649 atque

2189 1678 2263 1732 ob
2297 1677 2399 1731 hoc
2438 1675 2619 1731 scelus
2668 1675 2841 1729 beata
2885 1674 3165 1730 memoriae
3206 1674 3481 1728 hominem
3517 1672 3613 1727 Dei
3642 1671 3771 1741 Epio

2190 1769 2475 1840 pltauium,
2504 1766 2598 1837 qui
2632 1766 2774 1821 inter
2806 1766 3094 1836 episcopos
3118 1764 3329 1819 clarum
3365 1766 3423 1819 in
3455 1764 3591 1819 orbe
3620 1764 3777 1818 sidus

2190 1860 2413 1924 eﬁulsit,
2454 1859 2599 1913 haud
2647 1873 2818 1928 parvo
2868 1872 3106 1913 τειχει-οη
3155 1858 3517 1919 contristaris,
3568 1856 3773 1910 meruit

2190 1952 2383 2007 audire
2414 1970 2429 2005 :
2459 1948 2663 2004 Cecidit
2704 1949 2948 2020 Babylon
2975 1948 3115 2021 (ιω.
3149 1966 3265 2013 xxi,
3292 1948 3370 2019 9).
3413 1968 3437 2001 ι
3477 1948 3654 2015 Quem
3687 1948 3762 2002 lo-

2189 2060 2315 2101 cum
2340 2043 2465 2097 ideo
2489 2042 2576 2096 hic
2595 2042 2891 2097 adductum
2921 2040 3094 2106 volui,
3121 2050 3181 2095 ut
3208 2038 3542 2108 intelligatur
3562 2051 3772 2106 nequa-

2190 2152 2354 2209 quam
2391 2135 2799 2207 ambigendum,
2832 2133 2966 2204 quin
2997 2133 3183 2189 statim
3215 2140 3339 2202 post
3371 2146 3534 2187 suum
3566 2145 3599 2184 a
3626 2127 3769 2184 Con-

2190 2229 2549 2299 stantinopoli
2606 2228 2951 2291 discessum,
3012 2226 3090 2280 uti
3150 2223 3497 2279 Sozontenus
3558 2221 3771 2285 scribit,

2190 2322 2386 2377 abierit
2416 2318 2778 2391 Epiphanius,
2810 2319 2878 2373 de
2911 2332 3024 2387 quo
3071 2323 3131 2371 ut
3172 2316 3291 2386 jam
3325 2325 3551 2369 mortuo
3589 2312 3771 2367 'l‘hco-t

2190 2413 2374 2484 philus
2398 2412 2671 2482 loquitur;
2698 2423 2938 2480 cumque
2968 2410 3036 2462 12
3058 2406 3186 2462 Maii
3214 2408 3407 2462 saltem
3434 2407 3508 2461 sit
3528 2406 3647 2460 dies
3676 2404 3766 2459 de-

2190 2505 2477 2577 positionis
2518 2505 2570 2558 in
2605 2503 2807 2575 Cypro,
2855 2516 3035 2571 neque
3072 2500 3165 2555 diu
3216 2508 3375 2553 antea
3425 2498 3637 2553 obiisse
3677 2510 3771 2565 po-

2190 2596 2386 2659 tuerit,
2440 2595 2599 2666 cujus
2655 2594 2843 2657 naris,
2890 2600 2951 2647 ut
3006 2600 3203 2661 prater
3255 2589 3379 2661 ejus
3433 2589 3764 2643 voluntatem

2190 2688 2511 2761 procederet
2541 2689 2707 2751 lente,
2745 2699 2989 2740 mensem
3010 2693 3191 2739 tamen
3223 2683 3307 2737 vel
3333 2683 3765 2751 sesquimcnsem

2190 2781 2371 2838 itineri
2403 2782 2487 2835 vix
2524 2781 2701 2850 potuit
2744 2778 3109 2848 impendisse;
3152 2788 3498 2843 consequens
3536 2780 3622 2828 est
3648 2786 3769 2826 eum

2190 2875 2395 2930 obiissc
2426 2887 2615 2927 mense
2647 2870 2843 2927 saltem
2869 2867 3041 2940 Aprili
3073 2867 3203 2922 anui
3229 2866 3357 2931 ωδ,
3394 2862 3603 2919 Maium
3627 2874 3773 2919 certe

2190 2979 2336 3036 aegre
2386 2964 2652 3034 attigisse.
2715 2959 2868 3015 Unde
2921 2958 3112 3014 mirari
3168 2956 3337 3019 subit,
3401 2971 3512 3025 qua
3567 2956 3773 3009 ratione

2190 3057 2391 3113 dixerit
2444 3054 2735 3117 Baronius,
2779 3068 2799 3101 ι
2840 3049 3081 3122 ignorari
3137 3056 3311 3120 quoto
3365 3046 3587 3101 Domini
3630 3061 3771 3100 antro

503 3131 713 3189 sionem
749 3135 1327 3211 dedissehominibu‘s,
1365 3158 1573 3206 mutuae
1615 3152 1759 3207 inter
1806 3153 1927 3211 illos
1972 3156 2086 3212 dis-

2192 3149 2407 3205 obierit.
2459 3166 2480 3198 ι
2520 3144 2679 3200 Sicut
2712 3144 2858 3198 enim
2899 3156 2967 3196 ex
3015 3142 3287 3212 Apologiis
3344 3138 3663 3212 Hieronymi
3702 3138 3763 3192 ad

504 3230 782 3287 sensionis
812 3235 1074 3299 consciis,
1118 3238 1380 3309 virosque
1424 3253 1645 3302 sanctos
1684 3261 1786 3302 suo
1809 3250 1944 3318 pede
1974 3264 2089 3305 me-

505 3322 784 3389 tientibus,
809 3335 869 3379 ut
891 3326 1303 3386 alteroationem
1328 3335 1618 3392 verborum
1647 3341 1866 3411 utrique
1892 3358 2086 3412 parum

504 3413 723 3484 dignam
773 3416 1111 3489 ﬁngerent.
1160 3426 1630 3491 quemadmodum
1672 3431 1933 3500 iudicavit
1983 3434 2083 3489 Ba-

506 3506 717 3569 roniu-s,
746 3515 803 3563 et
839 3519 961 3577 post
992 3527 1118 3566 eum
1153 3512 1395 3571 Socratis
1422 3528 1585 3589 atque
1633 3519 1920 3578 Sozomcni
1965 3526 2089 3579 illn-

437 3633 448 3644 .
506 3604 709 3653 strator
746 3608 800 3652 et
844 3600 1111 3672 interpres
1139 3590 1471 3664 novissimus
1510 3609 1777 3670 Henricus
1812 3613 2083 3671 Valesius.

508 3685 735 3763 Dubitat
786 3691 952 3746 etiam
1001 3693 1289 3765 Duronius,
1344 3715 1542 3757 verene
1594 3702 1951 3775 Epiphanius,
2006 3711 2085 3765 uti

507 3779 698 3836 scribit
738 3781 1016 3849 Socrates,
1052 3805 1071 3837 σ
1117 3785 1254 3842 Cum
1300 3791 1367 3844 ad
1419 3790 1706 3849 Basilicam
1755 3797 1813 3851 S.
1861 3797 2089 3858 Joannis

508 3871 827 3939 appulisset,
875 3890 998 3944 qua:
1028 3886 1235 3947 septem
1266 3894 1530 3949 passuum
1566 3885 1807 3942 millibus
1847 3890 1916 3944 ab
1955 3891 2089 3947 urbe

507 3963 701 4028 distat,
729 3981 866 4021 nave
915 3982 1191 4036 egressus,
1236 3974 1521 4030 collectam
1573 3976 1646 4031 ibi
1695 3980 1982 4037 celebrarit
2034 3990 2088 4038 et

506 4053 798 4110 diaconum
825 4058 1115 4127 ordinarit,
1148 4063 1469 4136 priusquam
1521 4070 1797 4128 civitatem
1834 4074 2087 4145 ingrede-

508 4157 679 4205 retur.
714 4172 733 4202 ι
769 4150 1001 4207 Veretur
1031 4170 1272 4226 namque
1303 4174 1370 4214 ne
1398 4160 1676 4229 querelam
1707 4160 1938 4221 Joannis
1969 4163 2089 4221 Hie-

505 4242 889 4313 rosolymitani
913 4244 983 4300 de
1005 4244 1335 4317 Epiphanio,
1371 4251 1439 4306 ad
1468 4249 1736 4308 Joannem
1771 4255 2086 4312 Constanti-

505 4333 880 4403 nopolitannm
912 4351 1197 4407 perperam
1225 4342 1563 4399 transtulerit
1587 4343 1862 4413 Socrates,
1893 4363 2090 4419 quam-

505 4424 590 4480 vis
622 4433 754 4480 tunc
782 4441 907 4481 cum
941 4442 1029 4482 res
1058 4437 1315 4499 ageretur
1351 4430 1827 4507 Constantinopoli
1875 4440 2084 4495 vivens.

2192 3242 2486 3306 Bullinum,
2518 3238 2740 3308 scriptis
2776 3251 2925 3291 anno
2954 3234 3082 3302 403,
3113 3244 3261 3289 recte
3289 3234 3482 3304 probat
3505 3247 3632 3287 eum
3662 3245 3769 3284 non

2190 3334 2392 3390 ohiisse
2422 3333 2619 3387 eodem
2640 3346 2788 3384 anno
2822 3342 3007 3383 mense
3044 3326 3228 3393 Maio;
3274 3326 3349 3379 ita
3378 3340 3444 3380 ex
3472 3325 3593 3395 jam
3611 3324 3773 3379 dictis

2190 3426 2481 3495 colligitur,
2519 3424 2633 3478 isto
2652 3421 2875 3492 quidem
2918 3433 3068 3473 anno
3108 3434 3214 3471 non
3267 3416 3494 3479 obiisse,
3536 3416 3628 3471 sed
3673 3428 3769 3470 nec

2192 3518 2332 3571 ultra
2366 3517 2575 3586 primos
2599 3514 2719 3569 dies
2754 3511 2878 3566 Maii
2915 3511 3043 3566 anni
3085 3510 3381 3582 sequentis
3413 3510 3586 3564 vitam
3646 3522 3764 3578 pro-

2189 3623 2437 3679 rogasse.

2258 3702 2349 3757 45.
2380 3700 2616 3755 Excusat
2652 3697 2794 3753 idem
2829 3694 3101 3751 Batonius
3136 3692 3525 3765 Epiphaniam,
3563 3702 3620 3750 et
3657 3706 3765 3747 me-

2189 3794 2299 3848 rito
2325 3800 2572 3855 excusat,
2606 3791 2660 3844 in
2690 3789 2759 3844 iis
2782 3802 2903 3858 qua:
2942 3788 3009 3843 de
3040 3787 3337 3842 Ammonio
3368 3794 3422 3842 ct
3454 3786 3626 3841 sociis
3651 3798 3765 3839 cre-

2188 3886 2360 3953 didit;
2401 3899 2470 3939 eo
2500 3882 2644 3954 quod
2686 3900 2707 3933 σ
2746 3879 3089 3950 Theophilus
3121 3893 3229 3933 non
3281 3879 3510 3949 privatis
3561 3888 3763 3932 tantum

2189 3979 2412 4045 litteris,
2452 3978 2547 4033 sed
2606 3975 2962 4048 synodalibus
3008 3988 3076 4029 ex
3126 3973 3361 4029 concilio
3398 3971 3767 4026 Alexandrino

2189 4070 2443 4138 scriptis,
2506 4067 2730 4122 haeresis
2778 4081 2876 4121 eos
2930 4064 3217 4121 convictos
3262 4072 3429 4134 atque
3481 4061 3769 4116 damnatos

2190 4161 2630 4231 signiﬁcaverat;
2667 4177 2684 4209 ι
2714 4158 2811 4213 sed
2844 4171 2953 4211 non
2998 4155 3123 4210 ideo
3160 4153 3532 4209 Sozomenum
3579 4165 3765 4222 argue-

2191 4254 2292 4308 rim
2318 4253 2533 4323 injuriae
2575 4250 2843 4306 adversus
2880 4247 3268 4320 Epiphaniutn,
3305 4254 3399 4300 aut
3431 4245 3601 4301 nimis
3641 4256 3762 4313 erga

2192 4341 2766 4415 Origenem'l'avoris,
2821 4342 2954 4397 dum
3014 4339 3226 4394 inducit
3278 4337 3431 4391 illum
3482 4336 3760 4397 fatentem,

2193 4436 2337 4506 quod
2369 4436 2488 4490 solo
2514 4434 2704 4489 auditu
2738 4434 2804 4488 de
2838 4432 2909 4486 iis
2943 4431 3279 4501 cognoverit.
3310 4427 3445 4482 Nam
3478 4442 3654 4498 neque
3688 4435 3763 4480 te-

504 4511 691 4584 Neque
711 4516 859 4572 enim
881 4526 1108 4585 apparet
1139 4519 1229 4574 hic
1260 4530 1368 4575 tam
1401 4501 1568 4593 justai
1595 4501 1760 4595 quam
1805 4528 1878 4583 ibi
1916 4544 2088 4584 excu-
2120 4501 2166 4556 θ
2196 4501 2344 4582 mere
2399 4526 2631 4581 credidit
2678 4524 2790 4580 illis
2836 4522 3125 4593 Theophili
3176 4522 3373 4576 litteris
3409 4519 3760 4590 Epiphanius,

506 4607 664 4661 sandi
722 4608 1013 4679 Epiphanii
1060 4612 1223 4677 ratio,
1266 4629 1392 4670 cum
1444 4615 1690 4673 Ecclesia
1745 4618 1804 4674 S.
1858 4619 2087 4676 Joannis

507 4699 645 4755 citra
677 4703 1105 4759 controversiam
1130 4714 1275 4762 esset
1300 4709 1404 4764 sub
1422 4709 1786 4779 dispositione
1815 4712 2091 4768 Constan-

505 4791 852 4861 tinopolitani
881 4794 1145 4867 episcopi,
1174 4798 1266 4854 ubi
1300 4815 1402 4857 nec
1432 4801 1599 4872 huius
1647 4803 1859 4873 injussu
1897 4804 2088 4861 licuis-

506 4893 591 4940 set
610 4881 917 4954 Epipbanio
948 4886 1240 4947 Missarum
1273 4894 1562 4962 solemnia,
1611 4898 1810 4952 nedum
1861 4899 2089 4955 ordina-

505 4977 685 5051 tiones
738 4966 1069 5035 célebrare:
1120 4984 1187 5039 de
1250 4995 1483 5058 utroque
1537 4997 1715 5044 tamen
1770 5000 2087 5060 querentem

507 5067 962 5140 Chrysostomum
998 5070 1259 5133 Socrates
1289 5077 1531 5146 inducit;
1561 5082 1693 5150 quin
1729 5082 1892 5136 etiam
1922 5084 1992 5138 de
2020 5082 2091 5137 iis

511 5176 633 5230 quae
660 5161 715 5215 in
754 5162 1149 5233 Apostolorum
1185 5169 1390 5239 templo
1413 5169 1663 5227 facturus
1696 5183 1816 5228 erat
1848 5172 2089 5244 Epipha-

508 5252 659 5318 nius,
694 5254 801 5309 nisi
830 5256 1252 5315 denuntiatione
1294 5260 1528 5318 Joannis
1578 5280 1676 5333 per
1729 5264 2088 5335 Serapionem

512 5341 616 5396 sibi
650 5342 794 5399 facta
834 5346 1031 5405 fuisset
1065 5351 1414 5417 absterritus,
1448 5355 1515 5410 de
1548 5356 1635 5420 iis,
1693 5356 1938 5426 inquam,
1967 5374 2092 5428 quae

509 5431 688 5512 solum
750 5440 1045 5496 constituta
1109 5441 1247 5498 dicit
1297 5446 1656 5513 Sozomenus,
1719 5434 1977 5520 tanquam
2026 5452 2093 5505 de

510 5521 693 5591 reipsa
725 5522 884 5581 factis
909 5531 1092 5587 minus
1114 5534 1502 5591 verosimiliter
1535 5539 1780 5607 loquitur
1810 5543 2087 5605 Socrates,

512 5623 577 5662 ac
602 5618 717 5663 tum
747 5612 966 5670 demum
1013 5617 1278 5675 Joannem
1323 5625 1415 5687 ait,
1476 5640 1543 5679 ue
1594 5626 1783 5680 cadent
1824 5626 2093 5694 postridie

516 5700 865 5766 “Narem”.
908 5704 1158 5775 ingresso
1198 5726 1389 5768 rursus
1419 5716 1472 5768 in
1521 5716 1807 5771 ecclesiam
1853 5715 2092 5786 Epipha-

519 5789 610 5842 nio
641 5789 860 5845 misisse
886 5792 1258 5866 Serapionem.

2192 4627 2379 4688 utpote
2410 4635 2428 4667 ι
2470 4631 2592 4686 qua:
2626 4615 2900 4671 scirentur
2934 4615 2986 4668 in
3037 4613 3227 4680 orbem
3274 4611 3566 4682 divulgata:
3609 4620 3762 4679 atque

2192 4718 2422 4778 recepue
2461 4708 2539 4761 ab
2564 4707 2857 4761 Anastasio
2898 4704 3145 4760 Romano
3181 4704 3439 4775 pontiﬁce
3477 4723 3490 4758 :
3535 4722 3554 4755 ι
3594 4714 3761 4771 neque

2190 4809 2373 4855 tamen
2403 4800 2469 4853 ad
2506 4800 2867 4868 qumstionem
2897 4797 3177 4853 Ammonii
3216 4797 3378 4851 aliter
3405 4797 3638 4851 debebat
3677 4809 3761 4849 re-

2192 4890 2484 4961 spondere,
2513 4892 2606 4961 qui
2636 4894 2755 4961 ejus
2787 4906 2850 4947 ac
2877 4891 3152 4946 sociorum
3192 4906 3414 4946 causam
3439 4905 3537 4961 per
3575 4905 3632 4946 se
3659 4902 3759 4943 nun

2192 4991 2559 5053 cognoverat;
2589 4992 2643 5036 et
2667 4983 2898 5037 audiens
2933 4990 3140 5052 quanto
3168 4981 3244 5035 illi
3279 4997 3403 5051 erga
3441 4996 3501 5035 se
3530 4969 3758 5051 egissent

2192 5076 2665 5145 circumspectius,
2701 5090 2807 5129 non
2838 5082 3051 5145 poterat
3087 5089 3194 5129 non
3238 5074 3423 5144 aliquo
3460 5073 3758 5127 humanita-

2194 5169 2263 5223 tis
2295 5182 2458 5223 sensu
2494 5168 2851 5223 commoveri.
2886 5167 3044 5234 Quod
3071 5183 3203 5223 vero
3225 5168 3373 5222 dicat
3417 5165 3754 5226 Ammonius,

2193 5268 2425 5314 tutatum
2485 5273 2544 5313 se
2598 5257 2800 5312 famam
2853 5257 3141 5328 Epiphanii
3200 5258 3469 5312 adversus
3518 5271 3611 5311 eos
3671 5252 3755 5321 qui

2194 5352 2346 5405 illum
2381 5342 2654 5405 hzereseOs
2691 5351 3109 5412 insimulabant,
3148 5350 3432 5405 sciendum
3465 5357 3548 5402 est
3578 5348 3628 5401 in
3658 5345 3754 5403 his.

2196 5441 2504 5497 Sozomeno
2538 5450 2675 5497 teste
2701 5442 2799 5496 lib.
2831 5458 2949 5501 vm.
2987 5456 3107 5510 cap.
3141 5440 3230 5507 14,
3280 5441 3453 5495 fuisse
3481 5441 3755 5509 ipsummet

2195 5534 2584 5603 Theophilum,
2640 5534 2883 5589 nondum
2938 5533 3217 5587 Ammonii
3259 5541 3314 5587 et
3364 5531 3593 5585 fratrum
3647 5527 3755 5596 eius

2196 5626 2511 5691 inimicum;
2573 5628 2665 5695 qui
2729 5646 2747 5677 ι
2797 5635 2953 5680 antea
3006 5624 3365 5695 Epiphanium
3425 5618 3758 5693 reprehendit

2195 5720 2352 5789 quasi
2395 5717 2558 5773 Deum
2598 5721 2839 5774 humana
2865 5721 3046 5788 specie
3083 5719 3365 5787 prmditnm
3411 5718 3752 5784 opinaretur;

2203 5821 2388 5873 postea
2415 5825 2567 5875 vero,
2600 5810 2761 5880 quasi
2807 5809 3132 5876 resipiscens
3174 5823 3355 5863 veram
3401 5808 3612 5862 tandem
3643 5815 3757 5856 scan
