4058 6434
251 324 346 388 ltl

1299 332 1355 389 s.
1402 333 1746 390 animum:
1782 323 1966 421 acia
2000 339 2502 395 BOLI..~\NDIANA.

3430 333 3533 403 “‘3

250 455 479 509 tentiam
513 455 639 525 ejus
669 468 797 510 esse
822 455 1157 524 agnovisset,
1197 453 1338 509 idem
1369 470 1428 509 se
1451 470 1578 510 cum
1613 456 1703 510 illo
1729 473 1842 511 sen-
1876 466 1919 519 Α
1951 459 2061 513 tine
2114 460 2258 513 edita
2312 460 2615 513 habebatur
2675 459 2728 512 in
2793 458 2834 513 11
2897 470 3043 514 tomo
3085 460 3320 529 Operum
3371 461 3490 530 ejus
3513 503 3529 531 ,

251 550 355 600 tire
386 547 636 617 scripsit,
658 557 715 602 et
734 546 995 617 Origenis
1018 547 1187 601 libros
1211 546 1533 601 calumniari
1567 547 1787 611 institit,
1821 566 1840 599 ι

252 642 443 709 inquo
474 641 852 710 reprobando,
883 640 930 695 si
972 640 1197 694 haberet
1244 638 1552 708 adjutorem
1610 640 1848 709 Epipha-

253 731 430 795 nium,
468 731 685 786 facilem
744 732 848 787 sibi
906 732 1215 800 spondebat
1268 732 1337 785 de
1394 733 1682 787 monachis
1737 734 1846 788 illis

252 823 567 888 victoriam,
604 824 698 894 qui
737 823 866 878 dum
918 823 1030 878 Deo
1082 823 1406 894 incorporeo
1455 826 1708 894 corporis
1750 829 1848 879 hu—

253 916 402 968 mani
468 913 704 970 formam
768 931 881 971 non
929 931 1052 972 esse
1090 914 1459 972 defendebant
1494 918 1847 973 'auctoritate

253 1009 536 1079 Origenis,
595 1009 701 1064 sub
751 1009 955 1064 invidia
1011 1009 1176 1079 hujus
1227 1009 1466 1066 nominis
1522 1011 1847 1066 videbantur

258 1116 423 1168 posse
451 1101 713 1170 Opprimi.
754 1101 910 1168 Quod
943 1117 1070 1157 cum
1110 1117 1274 1172 agere
1304 1100 1672 1172 Theophilum
1700 1102 1848 1157 videe

256 1201 337 1244 ret
365 1190 825 1263 Chrysostotnus,
854 1193 1159 1249 nionachos
1185 1193 1309 1249 illos
1334 1206 1441 1248 non
1470 1193 1579 1249 nisi
1610 1201 1762 1250 recta
1781 1194 1848 1249 de

260 1281 369 1338 Deo
412 1294 646 1342 eatenus
694 1287 899 1342 sentire
929 1286 1298 1356 comperiens,
1345 1287 1661 1342 merebatur
1691 1296 1847 1342 extra

260 1374 477 1442 culpam
510 1374 700 1429 haberi
738 1376 792 1429 in
830 1389 899 1431 eo
939 1392 1105 1444 quem
1136 1376 1272 1447 ipsis
1306 1378 1603 1447 praestabat
1638 1376 1842 1433 favore.

259 1462 532 1518 Caeterum
564 1468 647 1520 uti
697 1465 1059 1537 Epiphanium
1089 1468 1159 1523 de
1199 1468 1847 1539 Anthropomorphoseos

258 1556 455 1610 haeresi
512 1565 835 1626 suspectum
879 1557 1221 1627 Theophilus
1282 1559 1558 1613 immerito
1615 1559 1844 1624 habuit,

263 1664 281 1696 ι
317 1648 645 1703 haereticum
690 1659 747 1705 et
790 1651 1107 1706 schismatis
1150 1661 1439 1707 auctorem
1469 1671 1491 1704 ι
1521 1652 1574 1706 in
1615 1653 1844 1722 epistola

261 1739 495 1807 quadam
528 1741 696 1809 priori
729 1758 961 1809 vocans,
998 1745 1075 1798 uti
1097 1744 1289 1800 scribit
1322 1724 1602 1798 Palladius
1636 1744 1690 1798 in
1719 1743 1848 1799 Dia-

1948 555 2111 604 etiam
2141 551 2328 604 multis
2364 550 2579 606 inlocis
2610 567 2639 605 a
2685 567 2745 606 se
2788 550 3120 621 recognitum
3180 550 3312 605 dare
3358 553 3532 606 voluit

1953 640 2241 712 Dionysius
2274 642 2551 704 Petavius,
2590 662 2609 695 ε
2648 659 2716 696 ne
2739 643 2891 713 quid,
2928 643 3075 713 quod
3114 640 3401 712 Epiphanii
3426 658 3529 697 no-

1951 734 2095 787 mine
2130 744 2409 803 utcunque
2434 744 2517 789 est
2557 735 2902 806 inscriptum,
2938 734 3277 789 desideraret
3298 735 3525 789 lector.»

1951 827 2277 897 Quanquam
2311 827 2457 882 enim
2498 828 2614 899 ipse
2668 843 2890 898 quoque
2922 825 3223 897 judicaret,
3273 826 3418 896 quod
3466 840 3531 878 ea
3566 874 3569 877 λ

1955 940 1976 971 ‹
2018 921 2073 975 in
2102 921 2377 992 plerisque
2413 920 2610 976 fabulae
2641 930 2726 975 est
2759 935 2926 991 quam
2979 918 3226 975 historiae
3275 919 3526 988 prbpior,

1945 1010 2273 1083 jamdudum
2332 1014 2386 1067 in
2447 1015 2743 1067 Annalibus
2804 1012 3072 1067 Baronius
3121 1011 3442 1074 admonuit,
3506 1020 3525 1061 ν

1949 1104 2208 1174 sperabat
2240 1112 2423 1159 tamen
2456 1122 2474 1155 ‹
2502 1103 2616 1159 fore
2641 1125 2660 1155 ι
2693 1113 2752 1159 ut
2786 1121 2805 1154 ι
2838 1104 2892 1158 in
2918 1102 3183 1159 lutulenta
3213 1101 3302 1157 illa
3337 1118 3532 1157 narra-

1949 1198 2101 1253 tione
2138 1217 2155 1250 ι
2189 1207 2334 1253 esset
2359 1215 2378 1250 ι
2425 1195 2677 1252 fortassis
2711 1195 2857 1267 quod
2918 1197 3106 1252 tollere
3142 1196 3323 1266 possis
3356 1214 3370 1250 :
3402 1210 3529 1249 nam

1955 1308 1975 1342 ι
2010 1289 2240 1359 alioqui,
2279 1309 2298 1341 ι
2333 1290 2533 1359 inquit,
2570 1307 2589 1340 ι
2622 1289 2791 1343 multa
2812 1289 3075 1353 continet,
3094 1303 3215 1358 quae
3244 1302 3371 1342 cum
3403 1302 3531 1340 vera

1950 1390 2284 1453 receptaque
2312 1383 2381 1438 ab
2411 1383 2673 1438 omnibus
2711 1382 2941 1437 historia
2975 1390 3344 1437 consentanea
3380 1387 3530 1445 sunt,

1951 1478 2045 1531 sed
2086 1478 2279 1530 eadem
2310 1476 2547 1531 admista
2584 1475 2738 1532 falsis
2766 1492 2782 1530 :
2815 1476 2870 1530 in
2900 1476 3102 1545 quibus
3128 1475 3528 1537 discernendis,

1950 1568 2158 1623 si-nihil
2190 1568 2362 1632 aliud,
2396 1579 2569 1633 tuum,
2601 1569 2775 1624 lector
2806 1569 3230 1631 humanissime,
3259 1567 3530 1637 judicium

1951 1676 2016 1717 ac
2075 1662 2298 1732 κριτικὴ
2360 1661 2461 1733 τῆς
2526 1659 2767 1733 ἱστορίας
2824 1660 3052 1731 δύναμις
3103 1660 3347 1715 exerceri
3402 1675 3532 1730 pos-

1950 1753 2041 1807 sit.
2084 1770 2102 1803 »
2143 1751 2275 1818 Quae
2321 1760 2376 1807 et
2417 1764 2690 1823 quatenus
2739 1767 2867 1807 vera
2907 1753 3054 1808 credi
3103 1752 3357 1816 debeant,
3397 1751 3533 1805 satis

260 1827 384 1898 1°80
425 1830 493 1884 de
521 1830 577 1884 δ·
611 1830 821 1887 Joanne
858 1835 1295 1906 Chrysostomo;
1328 1835 1411 1891 Sic
1445 1835 1644 1890 πηνίιο
1668 1837 1845 1904 Ροῑυὶι
1876 1821 1918 1877 Β
1945 1860 2013 1900 ex
2044 1846 2315 1916 capitibus
2348 1821 2787 1916 praecedentibus
2808 1845 2984 1900 lector
3017 1844 3285 1914 intelliget
3318 1862 3330 1896 :
3362 1858 3528 1914 quam

259 1938 384 1978 eum
425 1925 572 1994 apud
612 1941 670 1980 se
701 1936 1025 1983 excusatum
1063 1929 1468 1998 probatumque
1508 1928 1843 1999 signiﬁcare,

260 2030 368 2067 non
418 2026 480 2069 ut
532 2015 1153 2089 Anthropomorphitam
1174 2021 1223 2090 __(
1240 2020 1387 2090 quod
1437 2036 1627 2075 revera
1676 2020 1844 2075 etiam

260 2102 601 2175 TheOphilus
634 2124 744 2163 non
778 2108 924 2180 fuit),
969 2112 1063 2166 sed
1097 2120 1155 2166 ut
1205 2112 1491 2167 commode
1528 2112 1640 2181 jam
1682 2112 1846 2167 intel—

259 2197 483 2263 lectum,
523 2212 684 2269 prout
706 2203 933 2273 intelligi
964 2219 1126 2275 posse
1147 2204 1313 2260 etiam
1345 2205 1673 2260 Ammonius
1696 2219 1845 2259 com-

259 2290 540 2358 probarat.

331 2383 422 2437 44.
459 2382 631 2439 Multa
655 2395 787 2440 sunt
814 2387 918 2441 alia
952 2387 1095 2442 haud
1119 2388 1303 2460 magni
1332 2389 1761 2460 momenti,qute
1788 2390 1843 2444 in

262 2470 554 2529 Sozomeni
582 2477 651 2531 de
700 2476 1006 2548 Epiphanio
1050 2482 1368 2535 narratione
1410 2482 1631 2552 sugillat
1675 2481 1845 2536 Baro-

260 2566 407 2629 nius,
439 2567 642 2635 quibus
682 2584 793 2622 non
841 2579 925 2625 est
974 2585 1155 2640 operte
1206 2572 1441 2640 pretium
1508 2572 1839 2627 immorari:

260 2673 427 2710 unum
452 2667 633 2713 tamen
671 2677 778 2715 non
812 2663 1280 2731 prattermiserim,
1313 2663 1461 2733 quod
1492 2666 1686 2719 attinet
1718 2680 1847 2720 con—

258 2750 559 2804 tuitionem
594 2753 881 2822 Epiphanii
929 2772 1054 2810 cum
1106 2757 1477 2826 impcratrice,
1519 2759 1679 2828 quasi
1722 2759 1845 2812 lon-

255 2848 486 2913 gissime
514 2867 532 2900 t
571 2850 787 2906 aberret
826 2865 856 2904 a
893 2867 1043 2917 vero,
1092 2862 1153 2906 ut
1210 2853 1481 2916 Eudoxia,
1530 2853 1844 2923 perinfensa

253 2937 674 3007 Chrysostomo,
725 2941 919 2995 faverit
966 2945 1256 3000 monachis
1312 2944 1458 3009 illis,
1510 2957 1565 2999 et
1616 2943 1847 3014 Epipha-

255 3028 421 3083 nium'
445 3029 613 3085 fuerit
645 3044 912 3101 aversata,
955 3053 976 3087 ι
1012 3051 1111 3092 eos
1143 3035 1394 3091 damnari
1431 3034 1512 3091 sic
1556 3036 1845 3105 postulan-

1948 1939 2116 1993 multa
2151 1940 2261 1995 sint
2299 1939 2587 1995 manifeste
2622 1938 2783 2005 falsa,
2817 1953 2968 1992 nunc
3007 1937 3297 2009 aggrediar
3350 1936 3529 2005 expli-

1945 2048 2089 2087 care.
2125 2031 2238 2088 Hoc
2261 2043 2442 2088 autem
2474 2032 2638 2095 facto,
2667 2032 2968 2103 apparebit,
3004 2039 3201 2086 extera
3236 2032 3378 2086 inter
3414 2031 3531 2085 hate

1946 2127 2125 2181 media
2150 2127 2424 2196 ejusmodi
2455 2142 2598 2191 esse,
2627 2135 2686 2181 ut
2714 2126 2840 2181 licet
2872 2140 2968 2194 per
3004 2125 3185 2194 seipsa
3215 2125 3375 2179 lldem
3419 2134 3526 2177 non

1946 2218 2265 2283 excludant,
2308 2233 2430 2295 eam
2481 2225 2662 2271 tamen
2715 2215 2957 2285 prudens
3000 2228 3164 2268 nemo
3220 2213 3337 2267 dari
3396 2212 3530 2281 ipsis

1946 2310 2145 2380 possit,
2175 2310 2419 2379 quandiu
2450 2324 2557 2364 non
2582 2310 2749 2364 alium
2778 2298 3056 2363 suetorem
3089 2306 3340 2360 sciuntur
3360 2304 3531 2358 habe-

1946 2417 2005 2456 re
2039 2417 2067 2456 a
2102 2400 2532 2457 mendacissimo
2574 2400 2736 2455 istius
2775 2397 2909 2453 Vita:
2965 2394 3341 2466 compilatore.
3375 2394 3532 2449 Hunc

1949 2500 2002 2544 tu
2035 2506 2165 2545 cave
2205 2505 2272 2545 ne
2302 2489 2726 2560 Metaphrastem
2758 2503 2881 2543 esse
2911 2502 2979 2542 ex
2999 2487 3153 2558 vulgi
3189 2500 3378 2541 errore
3411 2500 3534 2540 cre-

1945 2581 2067 2645 das,
2121 2596 2247 2637 cum
2299 2582 2474 2653 stylus
2535 2581 2742 2651 passim
2794 2578 3049 2636 concisus
3089 2592 3121 2634 a
3170 2577 3313 2649 stylo
3361 2575 3533 2631 MelaJ

1946 2674 2187 2743 phrastis
2217 2674 2498 2743 periodico
2534 2682 2587 2728 et
2616 2673 2786 2728 ﬂuido
2818 2671 3236 2728 diversissimus
3260 2670 3353 2725 sit.
3386 2667 3563 2722 Prae--
3589 2674 3592 2678 ‘

1948 2764 2052 2818 fert
2096 2763 2189 2817 illa
2250 2761 2377 2816 Vita
2437 2763 2673 2818 duorum
2739 2763 3136 2832 discipulorum
3205 2760 3433 2815 Joannis
3482 2768 3569 2815 ειτ-

1946 2854 2177 2926 I’olynii,
2215 2864 2275 2908 ut
2298 2854 2432 2917 dixi,
2464 2854 2689 2908 nomina
2724 2873 2736 2908 :
2776 2853 2870 2924 qui
2895 2861 2950 2909 et
2990 2853 3046 2907 in
3084 2854 3257 2920 prima
3300 2866 3533 2921 persona

1947 2946 2151 3015 ubique
2183 2946 2506 3015 loquuntur,
2548 2943 2677 3000 licet
2717 2960 2860 3000 unus
2896 2943 3154 3014 idemque
3187 2945 3258 2998 sit
3309 2959 3337 2997 a
3386 2943 3532 3011 prin-

1948 3038 2095 3108 cipio
2116 3026 2293 3106 u‘sque
2320 3037 2386 3091 ad
2420 3036 2583 3092 finem
2621 3037 2816 3109 stylus,
2846 3037 3075 3107 proinde
3098 3052 3207 3089 non
3234 3036 3338 3089 nisi
3366 3048 3533 3088 unum

255 3130 386 3175 tem.
427 3119 564 3177 Nam
593 3132 650 3179 et
673 3125 750 3178 illi
778 3125 987 3196 absque
1011 3126 1225 3182 Joanne
1256 3135 1553 3198 potuerunt
1586 3142 1710 3183 sese
1734 3128 1837 3181 im-
1876 3163 1918 3222 ϐ
1954 3140 2232 3184 auctorem
2269 3129 2498 3195 referat;
2536 3144 2643 3182 non
2687 3137 2871 3184 tamen
2891 3129 3119 3183 omnino
3149 3128 3528 3197 rejicieudnm,

256 3215 494 3269 mediate
521 3216 572 3269 in
603 3217 722 3286 ejus
752 3220 982 3288 gratiam
1028 3221 1359 3285 insinuasse,
1391 3229 1446 3275 et
1487 3231 1613 3291 post
1639 3222 1846 3293 primas

254 3306 329 3359 ob
361 3322 552 3376 agrum
583 3309 761 3362 vidua:
789 3309 1030 3364 ablatum
1083 3311 1255 3377 rixas,
1298 3327 1472 3383 usque
1511 3314 1649 3368 adeo
1705 3328 1849 3369 rese-

251 3398 807 3467 deratimperatricis
852 3401 1175 3473 indignatio,
1225 3414 1285 3458 ut
1326 3404 1380 3459 in
1439 3406 1671 3475 gratiam
1718 3422 1845 3461 cum

252 3489 470 3546 Joanne
495 3492 692 3547 debeat
719 3494 948 3550 rediisse
984 3497 1231 3564 censeri;
1270 3499 1474 3567 quippe
1524 3513 1648 3569 quae
1700 3500 1843 3555 haud

254 3584 347 3637 diu
379 3596 504 3653 post
533 3586 672 3639 inter
701 3585 969 3642 Joannem
1019 3599 1072 3643 et
1128 3589 1485 3645 Severianum
1538 3592 1846 3647 concordiae

252 3676 573 3741 mediatrix,
602 3695 621 3726 ι
667 3677 723 3730 in
760 3680 992 3734 ecclesia
1026 3680 1417 3752 Apostolorum
1463 3684 1632 3739 lilium
1683 3701 1842 3741 suum

252 3764 652 3834 Theodosium,
693 3778 824 3825 tunc
873 3773 1170 3827 admodum
1226 3791 1480 3844 puerum,
1540 3776 1608 3831 ad
1667 3792 1843 3845 genua

247 3859 487 3916 Joannis
516 3862 803 3932 abjiciens,
835 3875 889 3917 et
921 3881 1015 3933 per
1051 3866 1201 3921 illius
1234 3877 1401 3937 caput
1450 3867 1645 3923 crebro
1691 3870 1846 3923 obte-

250 3962 433 4018 stans,
465 3953 650 4008 abillo
682 3944 921 4011 obtinuit
952 3967 1013 4011 ut
1057 3956 1413 4013 Severianum
1454 3960 1508 4013 in
1545 3960 1843 4014 amicitiam

247 4059 417 4100 suam
438 4046 768 4114 admitteret,
808 4067 828 4100 ι
861 4049 938 4104 ιιιί
972 4050 1166 4105 scribit
1192 4051 1451 4107 Socrates
1487 4051 1582 4106 lib.
1613 4067 1693 4115 vx,
1717 4065 1838 4120 cap.

251 4137 277 4190 ι
299 4137 349 4189 l.
378 4133 513 4201 Qua:
535 4147 718 4193 autem
745 4139 943 4195 deinde
970 4153 1174 4197 secuta.-
1214 4149 1345 4196 sunt
1392 4143 1678 4212 graviores
1710 4158 1845 4212 que-

247 4225 408 4293 relae,
436 4245 516 4284 ea:
541 4231 779 4300 primum
817 4242 1104 4301 coeperunt
1131 4242 1422 4303 postquam
1456 4233 1843 4288 Constantino-

252 4322 365 4394 poli
395 4322 741 4379 discessisset
771 4322 1131 4394 Epiphanius.
1184 4324 1288 4379 Sed
1344 4325 1481 4379 nihil
1523 4326 1574 4378 iu
1612 4327 1712 4378 hac
1741 4324 1846 4378 Ba-

250 4413 405 4469 ronii
454 4428 688 4470 censura
739 4417 983 4471 admiror
1036 4419 1246 4488 magis,
1300 4432 1464 4488 quam
1515 4419 1661 4488 quod
1709 4408 1857 4473 Acta‘

1951 3221 1999 3277 si
2020 3237 2147 3277 vera
2182 3222 2416 3283 duorum
2443 3222 2675 3275 istorum
2700 3221 2905 3291 scripta
2935 3235 3049 3290 prae
3079 3221 3255 3274 oculis
3304 3219 3531 3279 habens,

1949 3331 2051 3371 suo
2093 3316 2182 3369 illa
2221 3315 2492 3373 duntaxat
2528 3322 2858 3369 exornasset
2899 3328 3176 3375 sermone,
3214 3315 3384 3366 Sensu
3415 3325 3535 3364 ser-

1948 3420 2095 3465 vato.
2127 3408 2246 3476 Qua
2289 3418 2471 3462 autem
2515 3417 2673 3463 aetate
2724 3407 2816 3461 ille
2864 3405 3171 3476 scripserit,
3214 3403 3340 3473 quis
3395 3403 3538 3457 divi-—

1947 3503 2131 3557 nando
2187 3502 2595 3572 consequetur?
2629 3497 2748 3555 Hoc
2793 3508 3029 3566 certum,
3078 3496 3294 3554 decimo
3334 3495 3537 3552 saeculo

1951 3599 2185 3668 priorem
2218 3595 2410 3662 fuisse,
2466 3595 2692 3665 quando
2724 3605 2779 3650 et
2819 3592 2932 3650 Leo
2978 3594 3299 3662 imperator,
3328 3604 3537 3661 cognoa

1949 3698 2132 3743 mento
2167 3687 2418 3758 Sapiens,
2446 3688 2550 3742 sub
2573 3701 2685 3756 quo
2712 3687 2877 3741 etiam
2903 3683 3300 3753 Metaphrastes
3328 3680 3535 3740 floruit,
3635 3695 3639 3699 ·

1962 3782 2140 3836 Vitam
2167 3783 2315 3837 illam
2351 3789 2575 3838 secutus
2600 3788 2683 3836 est
2716 3781 2769 3833 in
2799 3778 3074 3834 laudando
3105 3776 3535 3846 Chrysostomo;

1946 3886 2001 3932 et
2022 3876 2263 3946 el0gium
2302 3890 2367 3927 ex
2408 3889 2473 3927 ea
2509 3882 2787 3944 sumptum
2816 3872 3093 3926 invenitur
3136 3870 3187 3923 in
3235 3868 3539 3939 Sguaxurio

1951 3971 2131 4023 Basilii
2176 3969 2525 4037 imperatoris
2572 3962 3054 4035 Purphyrogeniti,
3108 3970 3168 4015 ut
3211 3961 3278 4015 de
3320 3959 3537 4012 Mena’is

1947 4061 2168 4117 excusis
2196 4058 2334 4113 nihil
2355 4058 2556 4112 dicam.

2018 4152 2106 4206 $6.
2143 4151 2202 4206 In
2239 4151 2340 4204 hac
2388 4148 2498 4202 vita
2532 4144 2869 4217 Epiphanius
2931 4154 3085 4216 patre
3118 4143 3379 4215 agricola,
3418 4156 3538 4195 ma-

1946 4253 2028 4300 tre
2075 4223 2298 4304 linitica,
2349 4239 2619 4295 ambobus
2653 4237 2880 4302 Judteis,
2930 4246 3093 4292 natus
3150 4236 3353 4291 dicitur
3410 4246 3535 4287 cum

1948 4351 2138 4393 sorore
2164 4334 2490 4403 Callitrope;
2540 4346 2779 4400 cumque
2826 4330 3089 4389 decennis
3131 4336 3280 4384 esset
3329 4328 3536 4382 amisso

1946 4438 2119 4499 patre,
2146 4428 2338 4497 jussus
2383 4426 2451 4481 ad
2488 4424 2746 4505 alendam
2796 4422 3063 4478 familiam
3111 4422 3335 4477 unicum
3387 4434 3532 4491 quon

250 4506 576 4577 Epiphanii,
610 4523 732 4577 quae
763 4517 894 4562 sunt
932 4510 1076 4578 apud
1112 4509 1478 4579 Lipomanum
1518 4519 1573 4564 et
1615 4509 1839 4565 Surium

1949 4520 2272 4591 suppetebat
2304 4517 2541 4573 vendere
2561 4517 2897 4587 jumentum,
2934 4524 3083 4571 tanta
3117 4515 3394 4585 negotium
3421 4514 3540 4569 sin-

249 4602 358 4658 sub
392 4601 618 4655 nomine
644 4599 1046 4671 Metaphrastis,
1066 4602 1368 4658 mendaciis
1393 4612 1605 4658 scatere
1628 4602 1841 4668 dicens,

250 4696 331 4750 uti
367 4708 562 4749 revera
592 4703 803 4750 scatere
846 4710 975 4751 mox
1013 4697 1337 4761 ostendam;
1387 4712 1454 4751 ex
1509 4697 1578 4751 iis
1618 4711 1846 4767 prorsus

249 4786 480 4844 veritati
507 4786 842 4841 contrariam
888 4785 1138 4857 proferat
1183 4787 1559 4843 narrationem
1602 4788 1669 4842 de
1712 4802 1843 4843 con-

250 4893 475 4947 gresstr
501 4885 554 4931 et
589 4878 943 4932 contentione
981 4876 1274 4953 Epiphanii
1333 4873 1498 4946 atque
1557 4876 1840 4933 Eudoxitc.

250 4969 365 5026 Nec
411 4969 578 5024 refert
633 4970 777 5038 quod
820 4971 1011 5024 eadem
1038 4971 1252 5036 ,eudem
1305 4956 1421 5025 fere
1466 4970 1630 5025 modo
1682 4970 1736 5025 in
1784 4968 1841 5024 S.

251 5061 489 5118 Joannis
514 5061 894 5133 Chrysostomi
924 5062 1180 5117 encomio
1210 5062 1432 5131 scripsit
1457 5061 1570 5117 Leo
1617 5061 1847 5131 impera-

254 5165 341 5211 tor
374 5172 391 5207 :
419 5155 509 5210 hic
533 5157 703 5220 enim,
734 5155 982 5225 quinque
1028 5162 1155 5224 post
1186 5169 1304 5210 rem
1348 5163 1558 5224 gestam
1601 5154 1840 5219 sarculis,

254 5248 520 5317 deceptus
558 5246 662 5302 fuit
714 5247 918 5317 spuriis
974 5246 1084 5301 illis
1143 5246 1324 5311 Actis;
1370 5262 1544 5317 eaque
1582 5248 1846 5303 transcri-

254 5347 362 5411 psit
388 5351 662 5414 quatenus
710 5341 781 5396 ad
822 5357 983 5398 suum
1035 5350 1423 5411 argumentum
1467 5341 1649 5396 facere
1695 5342 1846 5397 vide-

256 5436 474 5495 bantur.

870 5526 1100 5584 CAPUT
1145 5526 1230 5581 Vl.

369 5647 773 5704 Examinantur
810 5647 944 5699 Acta
974 5647 1139 5709 edita,
1160 5655 1436 5717 quatenus
1470 5662 1502 5699 a
1533 5643 1740 5700 Joanne

729 5720 1030 5793 conscripta
1070 5720 1366 5789 ﬁnguntur.

332 5812 419 5869 45.
463 5810 640 5867 Vitam
674 5809 924 5867 Graecam
959 5811 1016 5863 S.
1051 5809 1364 5880 Epiphanii,
1395 5824 1517 5880 qua:
1569 5811 1698 5866 olim
1749 5808 1848 5863 Le-

1947 4611 2171 4667 ceritate
2191 4610 2392 4681 egisse,
2411 4615 2473 4663 ut
2496 4608 2750 4679 quamvis
2773 4606 3101 4664 indomitum
3140 4606 3298 4673 alias,
3330 4604 3386 4659 in
3414 4605 3536 4676 ipso

1949 4700 2070 4758 foro
2101 4700 2374 4771 placidum
2416 4713 2475 4754 se
2500 4698 2766 4769 praeberet
2800 4706 3000 4770 praeter
3047 4713 3280 4763 morem,
3340 4697 3535 4752 vitium

1948 4803 2130 4850 tamen
2164 4792 2420 4848 iudicarit
2452 4792 2683 4848 licitauti
2712 4791 2945 4857 Iacobo,
2973 4793 3123 4863 quod
3145 4791 3399 4863 religioni
3429 4791 3536 4847 sibi

1947 4889 2175 4943 duceret
2197 4886 2383 4942 fallere
2412 4885 2660 4955 ejusdem
2692 4886 2973 4955 religionis
3002 4886 3282 4941 hominem
3317 4903 3330 4939 :
3364 4898 3536 4955 quare

1949 4980 2123 5036 tribus
2169 4981 2239 5034 ab
2270 4993 2336 5034 eo
2371 4980 2608 5035 donatus
2661 4980 2927 5045 nummis,
2982 4978 3206 5035 domum
3249 4978 3538 5033 reverterit

1948 5087 2071 5127 cum
2122 5073 2242 5142 ipso
2266 5072 2516 5143 jumento
2557 5090 2571 5125 :
2610 5086 2641 5126 a
2681 5085 2792 5141 quo
2827 5070 3023 5126 deinde
3042 5084 3311 5126 excussus
3346 5070 3401 5123 in
3448 5068 3535 5124 via
3598 5133 3601 5136 ,

1949 5165 2295 5236 graviterque
2335 5166 2517 5230 latsus,
2564 5179 2660 5235 per
2712 5164 3184 5234 supervenientem
3241 5164 3533 5234 quemdam

1950 5256 2237 5313 Cleobium
2294 5255 2714 5319 Christianum,
2784 5265 3012 5311 sanatus
3082 5258 3286 5310 virtute
3355 5259 3535 5311 crucis

1953 5347 2135 5403 fuerit.
2174 5346 2367 5402 Postea
2399 5360 2522 5401 cum
2555 5348 2790 5417 agellum
2827 5355 3111 5417 paternum
3144 5345 3532 5417 Eleutheropo-

1951 5440 2119 5494 litano
2159 5439 2378 5495 cuidam
2431 5440 2565 5512 legis
2618 5440 2794 5510 perito
2851 5453 2918 5494 ac
2966 5438 3120 5494 diviti
3179 5437 3393 5507 Iudaeo,
3443 5442 3534 5496 cui

1950 5529 2209 5601 Tryphon
2247 5545 2468 5599 nomen,
2519 5531 2741 5586 offerret
2788 5531 3057 5595 venalem,
3100 5534 3170 5589 ab
3197 5549 3265 5589 eo
3299 5534 3533 5605 adopta-

1948 5633 2087 5687 tum,
2130 5632 2191 5677 ut
2240 5624 2595 5679 matrimonio
2637 5624 2762 5679 lilia:
2802 5625 2979 5680 unicae
3024 5626 3386 5697 jungendum,
3424 5626 3529 5682 nisi

1952 5720 2066 5772 haec
2095 5719 2206 5772 cito
2258 5726 2470 5773 mortua
2506 5717 2729 5783 fuisset;
2772 5726 2938 5788 atque
2974 5719 3048 5774 ita
3103 5728 3324 5796 mortuo
3365 5718 3530 5773 etiam

1953 5810 2303 5880 ’l‘hryphone,
2338 5812 2458 5879 ejus
2484 5819 2541 5865 et
2578 5809 2842 5864 doctrinae
2863 5819 2916 5865 et
2941 5810 3231 5879 opulentiae
3260 5809 3533 5864 mansisse
