4058 6458
1530 172 1558 191 \

504 362 610 417 .155

1519 358 1573 409 S.
1620 352 1963 408 EPIPHAMI
2003 349 2186 405 ACTA
2231 344 2739 402 BOLIANDIANA.

3694 338 3814 397 ιιι

507 478 798 532 haeredem.
839 476 977 531 Tum
1023 491 1152 530 vero
1202 476 1457 530 incidisse
1498 475 1552 528 in
1598 474 1930 529 monachum
1975 471 2083 526 Lu-
2112 480 2155 535 Α
2184 466 2604 538 quinquaginta,
2654 466 2865 520 leonem
2907 461 3096 517 multis
3128 461 3358 515 noxium
3392 473 3493 514 sua
3537 471 3817 529 presen-

509 572 730 624 cinnum
761 588 772 622 :
806 584 966 638 quem
999 584 1122 622 cum
1158 566 1383 621 vidisset
1410 568 1610 620 donata
1647 566 1871 636 pauperi
1909 572 2082 629 veste,

510 658 737 715 candida
771 660 877 714 alia
912 660 1130 714 caelitus
1180 657 1352 723 indui,
1396 656 1613 727 petierit
1651 666 1706 712 et
1737 655 2085 712 Christianus

511 763 563 806 et
620 753 924 806 monachus
979 750 1143 804 ﬁeri:
1195 762 1545 818 congrueque
1595 748 1902 802 instructus
1958 760 2084 798 eum

511 857 721 909 sorore,
760 849 814 897 et
842 842 909 896 ad
938 842 1246 910 ingressum
1270 840 1516 895 ecclesia:
1549 838 1924 894 decidentibus
1948 836 2089 890 ultro

512 933 711 989 calceis
738 933 987 1000 nudipes,
1014 932 1323 1001 baptizatus
1352 931 1519 985 luerit
1559 929 1631 984 ah
1673 929 1969 999 episcopo;
2001 941 2092 981 ae-

514 1026 794 1095 ecptisque
847 1024 995 1078 mille
1047 1024 1252 1090 aureis,
1300 1022 1587 1080 Veronicae
1622 1028 1930 1078 materterae
1978 1034 2093 1075 suae

513 1115 797 1182 eidemque
826 1112 1254 1176 sanctimoniali,
1280 1127 1527 1169 sororem
1574 1110 1992 1173 commendans,
2034 1108 2092 1162 in

514 1205 740 1261 Luciani
788 1205 1125 1259 monasterio
1182 1204 1359 1259 factus
1416 1188 1495 1259 sit.
1544 1203 1869 1264 monachus,
1920 1215 2094 1256 annos

514 1305 676 1351 natus
717 1296 982 1361 sedecim,
1029 1308 1085 1350 et
1136 1293 1193 1349 S.
1255 1295 1526 1349 Hilarioni
1578 1293 1824 1363 ejusdem
1864 1290 2095 1346 Luciani

513 1386 782 1457 discipulo
814 1387 1253 1450 commendatus,
1297 1385 1476 1456 ipsum
1511 1392 1637 1454 post
1679 1391 1909 1438 mortem
1940 1396 2094 1436 com-

516 1480 700 1536 munis
729 1480 972 1550 magistri
1038 1478 1291 1534 habuerit
1344 1492 1470 1533 cum
1516 1484 1712 1532 caetera
1755 1472 2098 1530 fraternitate

517 1572 885 1643 liegumenum
918 1585 1014 1625 seu
1056 1570 1329 1624 abbatem.

586 1665 677 1720 47.
716 1664 823 1719 Sed
862 1664 975 1734 jam
1032 1663 1252 1718 aliunde
1295 1672 1551 1718 constare
1596 1661 1858 1727 vidimus,
1906 1674 2101 1715 mona-

519 1759 669 1813 stica:
710 1758 833 1812 vitae
884 1756 1137 1811 tirocinia
1194 1757 1248 1810 in
1295 1754 1531 1827 Egypto
1569 1755 1822 1826 posuisse
1862 1752 2099 1823 Epipha-

523 1850 696 1913 nium,
730 1864 794 1904 ea
836 1847 978 1904 forte
1025 1864 1149 1919 quae
1201 1848 1288 1903 hic
1349 1852 1571 1903 notatur
1619 1856 1798 1911 astate,
1852 1845 2105 1917 quamvis

522 1941 738 1996 mallem
767 1940 991 1995 biennio
1023 1942 1290 2010 majorem
1322 1942 1562 1997 credere.
1596 1940 1677 1995 Ad
1717 1938 2023 1994 Lucianum
2051 1945 2106 1991 et

521 2030 855 2089 llilarionem
882 2033 1029 2103 quod
1074 2032 1289 2097 attinet,
1322 2041 1469 2101 patet
1511 2031 1783 2086 mendacii
1827 2028 2104 2084 evidentia

520 2137 584 2176 ex
611 2121 783 2191 ipsius
797 2119 1093 2175 Hilarionis
1118 2120 1259 2188 Vita,
1282 2121 1374 2191 qui
1396 2136 1574 2176 annos
1600 2120 1918 2190 quindecim
1943 2128 2107 2171 natus

521 2214 587 2269 ad
617 2212 914 2267 Antonium
945 2211 1147 2269 abiisse
1179 2213 1233 2267 in
1264 2210 1562 2284 Egyptum
1613 2211 1816 2266 dicitur
1863 2210 1932 2265 ab
1980 2209 2108 2263 Hie-

523 2316 773 2375 ronymo,
802 2301 1040 2371 indeque
1072 2310 1198 2372 post
1238 2301 1524 2357 biennium
1571 2312 1850 2356 revertens
1896 2300 2111 2370 primus

523 2394 851 2449 monasticae
892 2392 1018 2448 vitae
1077 2394 1389 2463 exemplum
1443 2393 1695 2447 retulisse
1740 2392 1795 2446 io
1852 2392 2110 2462 patriam,

524 2488 670 2557 quod
702 2501 847 2542 anno
877 2485 999 2557 ejus
1026 2486 1203 2540 aetatis
1243 2485 1314 2539 2‘2
1364 2487 1523 2541 multi
1572 2486 1840 2556 coeperint
1883 2484 2113 2550 imitari,

524 2590 752 2636 eatenus
789 2588 975 2634 autem
1025 2595 1045 2630 ι
1106 2578 1340 2633 necdum
1396 2577 1618 2634 fuerant
1666 2576 2000 2633 monasteria
2059 2575 2113 2629 in

526 2672 835 2740 Palaestina,
864 2686 966 2727 nec
1000 2671 1296 2742 quisquam
1344 2671 1676 2727 monachum
1708 2682 1835 2725 ante
1869 2667 1929 2723 S.
1962 2666 2115 2723 Hila-

482 2766 741 2834 .,rionem
806 2765 859 2819 in
925 2761 1085 2836 Syria
1156 2773 1402 2819 noverat.
1461 2782 1481 2815 ι
1546 2762 1799 2833 Fiugitur
1854 2770 2114 2833 praeterea

532 2858 932 2914 monasterium
966 2856 1087 2927 ejus
1113 2857 1261 2927 quod
1291 2871 1458 2927 prope
1486 2854 1689 2911 Gazam
1724 2853 1892 2910 fuisse
1914 2854 2112 2921 scitur,

414 2978 425 2983 -
528 2968 595 3005 eo
613 2950 784 3003 fuisse
814 2948 937 3004 loco
969 2958 1028 3002 ut
1058 2948 1125 3003 ad
1155 2948 1401 3018 quinque
1430 2947 1689 3001 milliaria
1709 2947 1939 3017 petenda
1973 2956 2117 3002 esset

531 3056 673 3111 aqua
719 3059 731 3095 :
789 3055 897 3110 qua
950 3039 1242 3095 occasione
1290 3054 1414 3094 cum
1458 3039 1777 3109 contigisset
1818 3039 2006 3092 vinum
2049 3038 2120 3092 ab

532 3134 841 3204 Epiphanio
866 3132 919 3186 in
953 3147 1152 3203 aquam
1179 3134 1426 3188 converti
1452 3132 1519 3186 ad
1554 3129 1908 3186 refectionem
1936 3141 2118 3186 trans-

531 3222 779 3277 euntium
811 3243 822 3277 :
857 3221 947 3276 ille
994 3221 1180 3292 gloria:
1225 3218 1466 3290 fugitans
1504 3219 1614 3275 alio
1654 3235 1715 3275 se
1772 3218 2117 3285 subduxerit,

534 3315 626 3369 ubi
655 3329 781 3370 cum
816 3314 1221 3369 Saracenorum
1255 3313 1700 3382 praetereuntium
1732 3312 1958 3382 quidam
1990 3327 2116 3366 eum

535 3407 699 3463 ferire
738 3406 949 3472 volens,
992 3406 1226 3462 miratus
1284 3414 1432 3461 esset
1483 3406 1686 3476 aperiri
1742 3405 1845 3461 sibi
1897 3405 2119 3460 oculum

539 3499 796 3563 alterum,
821 3513 983 3568 quem
1009 3512 1225 3569 semper
1248 3497 1495 3555 clausum
1523 3498 1819 3564 habuerat;
1841 3512 1905 3554 ea
1924 3510 1984 3552 re
2004 3512 2120 3552 mo-

538 3601 651 3646 tum
682 3605 852 3644 unum
883 3604 915 3644 e
936 3590 1116 3655 turba,
1144 3591 1455 3659 suscepisse
1482 3589 1676 3655 fidem;
1706 3589 1798 3660 qui
1817 3590 2123 3660 baptizatus

537 3682 608 3739 ab
636 3677 1230 3734 Hilarioneetloannes
1252 3679 1451 3747 dictus,
1479 3678 1771 3734 adhmserit
1794 3677 2120 3749 Epiphanio,

532 3780 706 3841 atque
742 3770 858 3825 haec
885 3769 1072 3847 omnia
1102 3769 1391 3839 scripserit
1420 3788 1433 3825 :
1467 3785 1531 3825 ac
1559 3769 1762 3839 primo,
1790 3768 1861 3823 ab
1891 3784 2124 3839 etiergu-

541 3878 703 3918 meno
740 3861 960 3932 pulsum
1008 3861 1315 3935 daemonem
1353 3862 1753 3916 comminatum
1791 3877 1934 3926 esse,
1978 3862 2126 3933 quod

541 3958 597 4013 in
636 3954 919 4010 Persidem
944 3952 1131 4010 venire
1160 3952 1364 4009 faceret
1414 3950 1809 4023 Epiphaniam.
1850 3953 2126 4024 Occupala

542 4050 708 4119 igitur
735 4046 881 4118 regis
922 4046 1034 4101 lilia
1060 4045 1357 4112 indicasse,
1404 4045 1552 4116 quod
1596 4045 1704 4101 nisi
1743 4045 1953 4100 veniret
1994 4043 2126 4115 Epi-

543 4141 802 4211 phanius,
843 4139 1096 4195 exiturus
1147 4154 1180 4193 a
1229 4137 1410 4209 puella
1456 4154 1567 4194 non
1615 4147 1781 4195 esset.
1823 4137 2127 4205 Quaesitum

543 4247 674 4306 ergo
703 4243 755 4289 et
796 4233 852 4289 in
885 4230 1195 4305 Spanydrio
1239 4247 1342 4289 suo
1390 4240 1707 4304 repertum,
1747 4243 1870 4304 post
1916 4231 2127 4288 aridam

544 4341 767 4382 manum
799 4326 891 4382 uni
932 4326 1229 4382 missorum
1276 4323 1610 4391 restitutam,
1657 4325 1875 4382 venisse
1932 4326 1987 4380 in
2037 4340 2126 4380 re-

544 4421 722 4488 giam,
761 4434 885 4488 quae
926 4418 1214 4474 dicebatur
1262 4413 1463 4482 Urion,
1514 4418 1822 4473 daemonem
1875 4434 1908 4474 a
1964 4418 2131 4473 filiola

2187 560 2260 613 tia
2304 557 2588 619 occiderit,
2629 568 2991 627 synonymnm
3029 552 3133 608 sibi
3174 551 3246 607 ab
3279 549 3483 606 Edessa
3523 549 3818 620 philoso-

2186 650 2354 720 phum
2391 650 2685 717 exceperit,
2724 661 2849 701 cum
2888 658 3064 713 eoque
3085 643 3357 713 integrum
3407 655 3633 697 annum
3674 640 3819 693 dis-

2189 740 2393 811 putarit
2461 753 2645 794 coram
2685 757 2704 789 ι
2745 736 2951 792 Calisto
2980 734 3123 790 Aetii
3163 749 3375 804 magna:
3413 731 3617 787 Roma
3659 745 3818 800 prae-

2191 833 2317 889 lecti
2364 832 2496 899 lilio,
2531 850 2551 883 ι
2596 844 2761 901 quem
2811 843 2842 882 a
2902 829 3153 883 damone
3200 826 3488 880 liberatum
3541 823 3822 878 habebat

2191 926 2564 996 discipulum;
2609 932 2665 978 et
2691 920 2971 993 quomodo
3011 918 3365 989 theogoniam
3403 915 3643 971 Hesiodi
3682 927 3821 984 per-

2195 1019 2452 1075 tinaciter
2492 1015 2898 1080 defendentem,
2949 1012 3199 1082 opposita
3251 1008 3452 1064 veriori
3503 1006 3823 1063 Geueseos

2197 1110 2427 1166 historia
2464 1108 2682 1163 ﬂectere
2720 1105 3015 1177 nequiens,
3060 1103 3377 1173 provocarit
3431 1101 3498 1155 ad
3549 1112 3824 1169 energn-

2197 1192 2339 1258 meni
2371 1201 2778 1265 liberationem,
2810 1212 2979 1268 quam
3021 1196 3116 1267 qui
3154 1194 3428 1250 effecisset
3469 1193 3604 1262 ejus
3669 1190 3825 1244 fides

2197 1311 2322 1350 vera
2355 1303 2670 1350 censeretur
2702 1310 2716 1347 :
2752 1299 2916 1361 atque
2943 1289 3015 1344 ita
3038 1301 3368 1343 conversum
3407 1281 3821 1355 Epiphanium

2200 1386 2615 1458 philosophum,
2643 1382 3091 1451 monacbnmque
3132 1378 3342 1433 factum
3399 1387 3455 1431 et
3504 1374 3825 1446 presbyte-

2200 1494 2322 1533 rum
2382 1476 2700 1532 ordinatum
2749 1475 2819 1529 ab
2871 1462 3415 1541 Eleutheropolitauo
3466 1468 3759 1537 episcopo
3806 1482 3822 1518 :

2201 1584 2365 1639 quem
2417 1566 2617 1623 deinde
2672 1566 2729 1620 in
2786 1562 3081 1636 Egyptum
3142 1560 3403 1616 recedens
3451 1555 3827 1628 Epiphanius

2203 1667 2430 1715 sanctus
2462 1655 2799 1713 monasterio
2826 1669 2931 1712 suo
2964 1653 3314 1724 praepositum
3343 1648 3668 1718 reliquerit.
3708 1645 3827 1700 Sed

2206 1760 2569 1823 praeterquam
2595 1748 2741 1819 quod
2767 1762 2832 1802 ea
2861 1745 3180 1816 disputandi
3218 1757 3373 1798 mora
3397 1750 3452 1796 et
3478 1741 3638 1795 ratio
3676 1737 3827 1792 ridi-

2139 1824 2178 1878 Β
2209 1845 2332 1900 enla
2359 1843 2585 1897 omnino
2614 1841 2889 1906 videatur,
2915 1848 2969 1893 et
2999 1837 3068 1893 de
3092 1836 3269 1891 altero
3315 1835 3425 1890 isto
3477 1830 3827 1903 Epiphanio

2209 1937 2339 1992 alibi
2361 1935 2573 2006 legatur
2603 1932 2774 1997 nihil;
2811 1945 2982 1986 unum
3016 1929 3107 1985 hic
3131 1928 3274 1983 Aetii
3327 1926 3601 1982 Romana
3653 1922 3825 1977 urbis

2209 2029 2447 2100 praefecti
2478 2027 2641 2082 velim
2676 2039 2883 2080 nomen
2927 2029 3199 2085 notatum,
3248 2019 3397 2091 quod
3446 2034 3512 2072 ex
3569 2016 3827 2072 cerebro

2211 2133 2317 2174 suo
2351 2125 2727 2173 commentum
2763 2123 3045 2170 auctorem
3078 2120 3230 2183 patet
3260 2126 3328 2167 ex
3375 2110 3826 2165 accuratissime

2209 2226 2278 2266 eo
2316 2208 2600 2279 Catalogo,
2653 2222 2815 2278 quem
2870 2205 3174 2261 Bucherius
3216 2219 3250 2259 ι
3295 2202 3561 2259 Bollando
3617 2210 3829 2257 nostro

2212 2310 2499 2372 acceptum
2524 2298 2697 2355 edidit
2746 2298 2814 2353 ad
2864 2296 3147 2352 Canouem
3194 2293 3516 2350 Paschalem
3580 2289 3823 2347 Victorii

2212 2411 2265 2449 c.
2300 2395 2388 2461 13,
2421 2409 2477 2463 p.
2510 2391 2639 2459 3‘56,
2684 2390 2777 2445 ubi
2819 2408 2839 2442 ι
2884 2405 2956 2445 ex
2996 2388 3337 2458 temporibus
3377 2384 3645 2449 Gallieni,
3691 2404 3712 2436 ι
3754 2384 3826 2437 ah

2214 2499 2362 2541 anno
2393 2484 2521 2552 254,
2574 2494 2752 2554 usque
2796 2481 2903 2537 554
2950 2481 3246 2545 indicatur,
3285 2499 3305 2533 ι
3355 2479 3482 2551 quis
3533 2486 3823 2550 quantum

2220 2578 2491 2649 temporis
2523 2576 2904 2648 praefecturam
2933 2572 3094 2630 Urbis
3125 2573 3547 2638 administrarit,
3594 2591 3616 2623 ι
3648 2586 3829 2641 quan-

2215 2671 2397 2743 doque
2424 2670 2697 2741 prasfectis
2727 2669 3036 2725 successive
3061 2674 3301 2736 quatuor
3375 2665 3518 2719 intra
3551 2662 3823 2719 eumdem

2223 2778 2430 2819 annum
2458 2763 2689 2833 positis;
2732 2776 2833 2816 nec
2878 2761 2995 2816 sola
3040 2759 3287 2824 nomina,
3338 2757 3433 2813 sed
3478 2765 3533 2811 et
3594 2768 3825 2826 praeno-

2222 2856 2370 2910 mina
2411 2856 2820 2924 exprimuntur.
2864 2851 3090 2907 Interim
3137 2866 3204 2906 ex
3262 2850 3437 2921 ipsius
3484 2847 3825 2903 fabulatoris

2220 2948 2452 3014 calculo,
2506 2960 2778 3002 annorum
2831 2944 3227 3017 quinquaginta
3283 2957 3379 2997 sex
3432 2941 3822 3010 episcopatum

2226 3040 2536 3111 Epiphanio
2569 3038 2884 3106 tribuentis,
2921 3047 3041 3092 acta
3074 3036 3190 3091 haec
3222 3045 3409 3091 essent
3438 3042 3494 3088 ut
3518 3033 3820 3087 minimum

2224 3142 2352 3189 ante
2375 3132 2703 3187 decennium
2731 3129 3134 3186 ordinationem
3159 3141 3546 3200 praegressum,
3567 3127 3826 3194 adeoque

2224 3235 2350 3280 ante
2389 3238 2594 3278 annum
2621 3222 2746 3277 558.

2290 3318 2380 3373 49.
2418 3316 2547 3372 Post
2571 3317 2923 3371 hmcdemum
2953 3323 3228 3378 sanctum,
3271 3328 3435 3383 quem
3476 3328 3579 3368 nos
3626 3311 3823 3367 admo-

2223 3409 2354 3466 dum
2385 3410 2646 3480 juvenem
2675 3406 2848 3462 fuisse
2876 3407 2932 3460 in
2955 3405 3162 3478 Egypto
3187 3407 3449 3471 diximus,
3479 3404 3821 3461 celebritatis

2226 3503 2411 3558 nimiae
2445 3501 2771 3573 fugientem,
2813 3501 2948 3555 illuc
2999 3514 3186 3555 secum
3232 3499 3495 3571 navigare
3538 3516 3611 3553 ex
3649 3497 3823 3567 Joppc

2227 3594 2359 3651 facit
2392 3591 2894 3665 pseudo-Joannes,
2920 3601 3047 3661 post
3068 3605 3491 3662 energnmenam
3513 3590 3568 3644 in
3593 3601 3819 3660 egressu

2227 3686 2569 3742 Hierusalem
2617 3686 2935 3750 liberatam;
2981 3692 3037 3739 et
3079 3684 3465 3738 Alexandriam
3520 3683 3819 3754 appulsum

2225 3773 2501 3840 Judanim,
2531 3774 2789 3844 Aquilam
2830 3773 3054 3828 nomine
3089 3773 3424 3844 disputando
3472 3781 3819 3832 convertere.

2229 3884 2296 3924 ac
2355 3866 2414 3922 S.
2470 3866 2776 3922 Athanasio
2822 3865 3081 3936 episcopo
3141 3866 3335 3921 sistere
3391 3866 3819 3937 baptizandum;

2229 3961 2425 4015 deinde
2467 3975 2592 4015 cum
2637 3957 2697 4013 S.
2752 3956 3083 4028 Paphnutio,
3149 3961 3334 4029 magni
3377 3958 3600 4013 Antonii
3657 3958 3823 4014 disci-

2196 4112 2203 4115 _
2231 4052 2385 4123 pulo,
2410 4051 2465 4104 in
2497 4048 2778 4105 .Thebaide
2802 4050 3092 4119 congredi,
3124 4065 3191 4106 eo
3213 4052 3446 4106 consilio
3472 4060 3530 4106 ut
3549 4052 3607 4105 in
3634 4048 3820 4104 Nitriae
3874 4069 3887 4087 ι

2230 4157 2423 4199 eremo
2477 4142 2729 4198 habitare
2789 4144 3237 4211 permitteretur;
3280 4144 3378 4198 sed
3416 4144 3486 4199 ab
3535 4145 3645 4200 hoc
3696 4158 3820 4213 pro-

2233 4235 2448 4306 phetice
2473 4235 2717 4305 jussum,
2745 4233 2975 4289 collecto
3015 4233 3159 4304 apud
3200 4233 3390 4289 Patres
3433 4237 3629 4292 aestivo
3671 4234 3816 4296 feuo,

2233 4327 2389 4383 abire
2434 4327 2490 4381 in
2532 4324 2775 4398 Cyprum
2818 4332 2983 4396 atque
3025 4340 3158 4382 oves
3193 4341 3434 4397 pascere.
3478 4325 3617 4383 Tum
3654 4338 3818 4398 prope

2236 4418 2618 4490 Leontopolim
2657 4417 2882 4489 tingitur
2917 4431 3155 4477 sanctus.
3175 4420 3439 4475 accedere
3467 4424 3535 4475 ad
3575 4419 3817 4476 Hieracis

546 4512 692 4580 regis
736 4510 854 4579 ipsa
883 4517 1166 4580 spectante
1204 4508 1504 4579 expulisse,
1537 4506 1839 4563 blandienti
1877 4510 1982 4565 sibi
2016 4510 2131 4564 ine-
2168 4531 2210 4585 ι)
2236 4511 2653 4567 celeberrimum
2694 4514 3118 4578 monasterium,
3149 4512 3428 4582 istumque
3464 4514 3682 4581 publice
3726 4511 3816 4565 dor

524 4604 696 4673 ptius
735 4617 896 4672 mago
940 4601 1214 4672 loquelam
1251 4601 1549 4657 abstulisse
1586 4609 1641 4655 et
1677 4600 1963 4670 pmnitenti
2009 4600 2133 4656 red-

450 4692 453 4699 ’
548 4694 791 4758 didissc,
848 4693 996 4762 regia
1052 4706 1279 4746 munera
1327 4690 1630 4761 epulasque
1683 4690 1971 4747 recusasse
2014 4691 2134 4747 solo

548 4797 687 4853 pane
719 4789 1039 4835 contentum
1077 4792 1093 4833 :
1127 4789 1181 4835 et
1206 4781 1561 4847 resuscitato,
1593 4782 1688 4853 qui
1719 4791 1973 4838 mortuus
2000 4780 2135 4837 effe-

548 4874 790 4937 rebatur,
825 4872 1196 4937 adolescente,
1227 4873 1295 4926 ab
1326 4887 1453 4942 rege
1497 4872 1803 4930 honorifice
1843 4874 2134 4930 dimissum

549 4968 740 5023 fuisse.
773 4963 970 5021 Nescio
1009 4981 1077 5020 an
1133 4962 1207 5019 Ur
1241 4964 1650 5031 Chaldaeorum,
1694 4966 1994 5022 Abrahami
2038 4982 2138 5037 pa-

551 5067 739 5129 triam,
780 5061 1115 5116 intellexerit
1152 5059 1258 5115 hoc
1289 5060 1410 5116 loco
1450 5060 1727 5116 fabulator
1768 5061 1918 5131 (nam
1970 5058 2139 5116 Urion

459 5190 464 5196 -
553 5157 690 5211 alias
714 5155 926 5210 nullum
960 5152 1148 5223 novi):
1180 5152 1248 5208 ad
1281 5152 1548 5207 miracula
1573 5153 1718 5223 quod
1747 5154 1960 5219 attinet,
1991 5152 2142 5208 audi-

557 5252 735 5305 vimus
787 5250 1154 5306 Sozomenum
1204 5263 1467 5319 expresse
1507 5257 1821 5319 negantem,
1860 5252 2007 5319 quod
2058 5250 2141 5304 vi-

554 5343 702 5397 venti
727 5342 1018 5412 contigerit
1037 5340 1227 5413 fugare
1242 5346 1520 5395 dannones
1560 5341 1893 5411 morbosque
1921 5357 2139 5397 curare.

626 5431 716 5485 48,
756 5430 938 5501 Pergit
964 5432 1188 5486 interim
1220 5428 1708 5502 pseudo-Joannes
1732 5445 1981 5494 narrare,
2010 5446 2145 5499 quo-

559 5523 726 5576 modo
764 5522 830 5575 ad
873 5520 1215 5593 Spanydrion
1261 5537 1518 5577 reversus
1567 5536 1754 5576 secum
1804 5521 2144 5591 Epiphanius

563 5613 772 5669 fontem
803 5613 876 5666 ibi
905 5614 1176 5676 elicuerit,
1222 5613 1365 5670 feras
1402 5615 1746 5684 prohibuerit
1777 5614 1848 5670 ab
1881 5614 2146 5678 oleribus,

566 5717 620 5760 ct
653 5705 706 5758 in
731 5720 898 5759 novas
931 5704 1246 5759 mansiones
1272 5706 1375 5759 sibi
1418 5723 1449 5761 a
1491 5706 1805 5773 Saracenis,
1835 5706 2036 5775 prioris
2061 5714 2146 5759 tu-

569 5796 713 5869 gurii
778 5794 1154 5851 conditoribus
1203 5805 1547 5865 exstructas,
1611 5799 1877 5867 receperit
1952 5796 2149 5852 fratres

2237 4612 2452 4658 centem
2481 4616 2701 4658 errores
2730 4604 2938 4658 multos
2967 4612 3181 4658 mutum
3217 4605 3450 4674 imperio
3481 4604 3730 4667 reddere,
3755 4615 3815 4657 ac

2238 4692 2591 4762 paenitentem
2640 4705 2871 4758 sanare;
2924 4692 3165 4761 denique
3201 4702 3398 4746 curato
3446 4691 3502 4746 in
3547 4688 3814 4762 superiori

2238 4782 2517 4839 Thebaide
2544 4798 2936 4855 energumeno,
2962 4783 3149 4839 venire
3171 4785 3239 4839 ad
3269 4785 3385 4840 loca
3416 4799 3539 4855 qua:
3564 4786 3814 4839 dicuntur

2239 4876 2458 4931 Bucolia
2498 4877 2684 4945 ibique
2718 4877 3006 4947 septennia
3042 4877 3341 4942 habitasse,
3386 4879 3479 4933 ubi
3531 4879 3814 4934 Eudaemo-

2241 4986 2366 5024 nem
2419 4970 2805 5040 philosophum
2861 4972 3195 5027 converterit
3252 4982 3448 5027 sanato
3496 4974 3649 5043 pueri
3700 4970 3812 5038 ejus

2241 5062 2432 5128 oculo;
2490 5078 2658 5132 seque
2707 5063 2775 5118 ad
2821 5063 3197 5132 episcopatum
3247 5064 3420 5132 quaeri
3462 5071 3809 5134 cognoscens,

2242 5157 2525 5209 reverterit
2554 5156 2606 5208 in
2640 5153 2878 5226 Syriam,
2909 5156 3147 5225 primum
3173 5157 3532 5225 quadraginta
3563 5157 3676 5211 dies
3697 5166 3811 5208 con-

2245 5256 2497 5301 versatus
2541 5246 2596 5299 in
2657 5248 2995 5301 monasterio
3049 5246 3108 5300 S.
3162 5245 3477 5312 Hilarionis,
3534 5255 3809 5319 postquam

2246 5342 2337 5395 ille
2384 5343 2438 5393 in
2481 5340 2721 5411 Cyprum
2763 5356 2823 5396 se
2864 5351 3170 5410 receperat,
3226 5343 3277 5395 id
3328 5351 3413 5397 est
3456 5354 3580 5412 post
3619 5349 3806 5395 annum

2246 5432 2371 5497 565,
2411 5431 2567 5501 juxta
2613 5432 3042 5502 Hieronymum;
3094 5445 3217 5485 cum
3280 5439 3459 5485 tamen
3506 5432 3561 5485 in
3617 5425 3810 5485 calculo

2249 5522 2424 5592 ipsius
2455 5520 2803 5585 fabulatoris,
2830 5522 2923 5575 diu
2954 5531 3082 5576 ante
3114 5519 3413 5578 Hilarionis
3444 5525 3730 5577 adventum
3759 5514 3806 5567 in

2249 5602 2511 5685 Cyprum,
2546 5614 2620 5667 ibi
2650 5614 2941 5683 episcOpus
2969 5613 3143 5669 fuisse
3178 5612 3515 5684 Epiphanius
3557 5608 3806 5675 debuerit-

2252 5706 2309 5760 ln
2344 5704 2570 5760 llierace
2606 5716 2787 5760 autem
2814 5706 3083 5776 insignem
3118 5708 3626 5776 parachronismum
3655 5706 3804 5759 etiam

2254 5798 2455 5853 notavit
2486 5797 2754 5853 Baronius
2779 5797 2846 5852 ad
2876 5813 3005 5853 ann.
3035 5798 3161 5865 571,
3189 5814 3340 5854 num.
3374 5800 3497 5867 ΗΟ,
3532 5801 3808 5857 observans
