4058 6436
304 401 400 456 145

1334 390 1399 449 S.
1442 389 1786 447 EPIPIIANll
1823 388 2008 444 ACTA
2045 385 2551 443 ROLLANDIANA.

3478 381 3576 443 HG

302 516 456 583 plane
484 509 576 566 hic
604 508 872 565 eumdem
910 507 1170 572 describi,
1205 507 1273 563 de
1316 522 1427 577 quo
1478 506 1597 575 ipse
1645 505 1884 575 Epipha-
1917 508 1962 564 Α
1991 512 2301 569 exstruere,
2340 502 2508 557 variis
2554 499 2841 556 miraculis
2886 500 3187 556 obtinuerit
3227 511 3482 570 sumptus
3508 504 3577 556 ad

304 605 427 659 nius
453 600 576 656 fuse
611 609 821 655 tractat
847 600 1043 656 haeresi
1074 615 1249 667 uvu,
1292 608 1555 669 tanquam
1606 613 1638 652 a
1677 596 1892 652 Manete

304 691 577 763 proximo,
604 697 663 746 et
705 701 836 745 ante
868 688 1216 745 Meletianum
1274 689 1517 744 schisma
1560 695 1726 759 atque
1773 687 1891 741 Arii

306 784 556 838 haeresim
584 782 736 852 apud
777 782 1066 853 Egyptios
1105 791 1267 849 noto;
1328 795 1646 851 quanquam
1683 779 1737 834 in
1780 779 1893 833 An-

307 883 490 928 corato
514 873 664 928 dicat
686 889 743 927 n.
779 872 871 936 85,
894 889 954 928 se
979 872 1310 942 comperisse
1340 891 1359 923 r
1396 870 1688 926 nonnullos
1720 885 1895 940 nuper

304 948 603 1030 excitatos,
641 983 660 1015 ι
697 962 751 1018 id
781 971 866 1017 est
898 962 1042 1017 circa
1079 977 1283 1018 annum
1312 961 1440 1025 570,
1480 978 1500 1011 ι
1536 960 1741 1031 quibus
1774 960 1892 1029 ple-

310 1057 467 1125 rique
500 1053 751 1109 omnium
788 1053 1149 1109 monasticam
1192 1052 1247 1105 in
1283 1050 1538 1122 lEgypto,
1593 1048 1891 1114 Thebaide,

311 1143 643 1214 ceterisque
693 1143 1012 1214 regionibus
1060 1142 1432 1198 exercentium
1486 1140 1647 1197 facile
1687 1142 1895 1211 primas

311 1234 598 1299 deferunt,
633 1233 729 1304 qui
757 1234 815 1288 in
840 1234 1032 1288 eodem
1060 1248 1187 1288 cum
1224 1231 1515 1288 Hieracitis
1542 1247 1733 1287 errore
1774 1247 1895 1288 ver-

311 1335 533 1389 eantur,
570 1339 637 1378 ac
671 1321 899 1394 perinde
928 1332 987 1378 ut
1012 1323 1089 1378 illi
1136 1338 1245 1378 non
1287 1322 1744 1378 resurrectionem
1772 1338 1898 1379 car-

314 1418 425 1484 nis,
466 1433 578 1472 non
610 1417 777 1488 hujus
805 1432 971 1487 quam
1004 1413 1269 1471 habemus
1307 1416 1638 1480 modo,-sed
1670 1416 1898 1471 alterius

313 1509 370 1563 in
426 1509 592 1579 hujus
649 1509 832 1564 locum
886 1507 1279 1564 substituendae
1325 1508 1647 1577 praedicant.
1689 1526 1709 1560 ι
1744 1506 1899 1574 Quod

315 1601 384 1656 ad
419 1599 792 1671 Paphnutium
827 1600 1045 1665 attinet,
1077 1599 1217 1655 inter
1253 1600 1499 1655 celebres
1544 1598 1734 1655 Nitriae
1779 1614 1899 1654 mo-

318 1692 556 1756 nachos,
602 1706 744 1761 quos
788 1688 848 1745 S.
889 1689 1058 1745 Paula
1111 1688 1361 1745 Romana
1408 1690 1598 1758 adivit,
1642 1699 1901 1745 numerat

318 1782 601 1839 Palladius
628 1781 774 1837 Hist.
804 1780 1086 1836 Lausiacw
1117 1796 1168 1835 e.
1198 1781 1321 1845 117,
1357 1780 1726 1852 Paphnutium
1766 1782 1900 1837 Sce-

2000 609 2140 665 opus
2165 594 2525 650 necessarios.
2564 591 2696 648 Nam
2735 593 2913 665 primo
2944 609 3072 649 cum
3105 591 3376 649 Draconis
3397 593 3583 663 cujus-

2001 684 2126 739 dam
2177 682 2384 747 divitis,
2446 683 2542 739 sed
2603 682 2846 753 gentilis,
2901 682 3008 738 sibi
3068 682 3348 738 illudentis
3406 684 3581 737 liliutn

2001 783 2266 844 aegrotum
2318 782 2606 840 sanasset;
2666 775 2862 829 morbo
2918 774 2973 829 in
3032 784 3242 845 patrem
3293 776 3581 837 translato.

2005 881 2335 936 rursumque
2383 866 2450 921 ad
2492 881 2647 921 suam
2697 867 3134 923 benedictionem
3182 870 3366 925 ablato
3415 869 3588 939 impe-

2006 968 2180 1012 trasse
2242 957 2312 1012 ab
2347 944 2563 1024 eodem,
2605 972 2904 1023 converso,
2938 973 3061 1014 cum
3094 957 3303 1013 familia
3329 967 3383 1012 et
3422 958 3590 1028 bapti-

2005 1058 2148 1111 zato,
2202 1046 2446 1118 quinque
2500 1047 2671 1102 millia
2738 1062 3087 1103 nummorum
3147 1065 3160 1101 :
3220 1048 3415 1103 deinde
3462 1063 3585 1103 cum

2005 1136 2361 1210 Eustorgium
2404 1136 2621 1210 Synesii
2674 1140 2929 1195 similiter
2982 1138 3200 1210 gentilis
3249 1139 3443 1205 tilium,
3500 1155 3590 1193 ro-

2006 1238 2170 1301 gante
2202 1239 2400 1295 matre,
2434 1230 2762 1286 suscitasset
2811 1245 2843 1285 a
2891 1229 3147 1298 mortuis,
3186 1230 3257 1285 ab
3292 1244 3359 1284 eo
3410 1229 3590 1283 oblata

2007 1324 2110 1378 tria
2139 1322 2313 1378 millia
2342 1339 2630 1379 nummum
2658 1324 2942 1380 remisisse
2969 1323 3038 1379 ad
3064 1322 3351 1378 fabricam.
3386 1320 3585 1377 Postea

2006 1431 2132 1470 cum
2160 1414 2385 1488 Polybio
2412 1416 2526 1487 jam
2567 1417 2886 1487 presbytero
2931 1426 3191 1471 narratur
3246 1416 3592 1485 Epiphanius

2007 1512 2173 1568 ivisse
2199 1511 2634 1587 Hierosolymam
2686 1514 2755 1570 ad
2801 1513 3032 1571 Joannis
3067 1514 3332 1585 episcopi,
3368 1515 3452 1570 sui
3488 1514 3593 1569 sub

2010 1602 2307 1660 Hilarionis
2336 1605 2629 1677 disciplina
2655 1606 3034 1676 condiscipuli,
3064 1606 3436 1677 castigandam
3464 1622 3594 1659 ava-

2012 1700 2215 1767 ritiam,
2246 1711 2309 1754 ut
2335 1698 2542 1754 dictum
2574 1716 2628 1753 n.
2668 1700 2755 1764 l7,
2793 1698 3033 1770 indeque
3065 1699 3377 1770 regrediens
3420 1698 3594 1752 offen-

2010 1793 2159 1850 disse
2190 1793 2471 1850 mendicos
2513 1791 2672 1857 duos,
2726 1807 2966 1863 quorum
3017 1791 3154 1847 alter
3200 1806 3261 1848 se
3312 1800 3594 1846 mortuum

323 1876 519 1938 tioten,
538 1874 631 1943 qui
656 1884 937 1943 utcunque
965 1872 1154 1928 reduci
1191 1882 1380 1942 posset
1407 1874 1474 1928 ad
1502 1874 1665 1945 hujus
1689 1874 1829 1930 fictae
1847 1875 1902 1929 in

2013 1888 2326 1954 simulabat,
2357 1886 2503 1958 quod
2536 1886 2590 1940 in
2626 1861 2805 1958 Cypro
2845 1884 3049 1942 factum
3085 1885 3298 1940 videtur
3351 1884 3596 1939 indicare

319 1967 563 2039 ,ιι-Σεῖριο
586 1964 1048 2036 peregrinationis
1070 1973 1285 2034 tempus
1319 1981 1333 2018 :
1375 1966 1556 2021 czeteri
1588 1966 1708 2036 ejus
1732 1967 1906 2022 nomi-

319 2060 407 2113 nis
446 2058 693 2113 celebres
741 2056 834 2111 alii
872 2057 1124 2126 juniores
1157 2064 1320 2126 sunt;
1371 2073 1496 2111 nam
1530 2041 1599 2112 de
1644 2059 1903 2130 episcopo

315 2148 640 2206 confessore
664 2149 766 2203 sub
804 2147 1124 2215 Maximino,
1169 2148 1263 2218 qui
1293 2149 1528 2204 concilio
1560 2147 1781 2205 Nicaeno
1820 2151 1904 2206 in-

317 2240 531 2307 terfuit,
578 2255 686 2295 non
711 2250 796 2295 est
824 2241 927 2295 hoc
955 2240 1078 2295 loco
1112 2241 1487 2321 cogitandum.

393 2334 482 2390 5t).
510 2332 684 2389 Porro
702 2341 957 2389 manente
983 2333 1139 2404 juxta
1161 2333 1546 2406 Spanlrydrion
1575 2334 1901 2406 Epiphanio,

322 2425 499 2481 fames
534 2426 712 2481 valida
758 2426 1074 2484 incubuisse
1097 2425 1397 2482 Pbceniciaa
1428 2426 1650 2493 dicitur,
1673 2443 1908 2499 eamque

323 2521 616 2590 impetrata
662 2519 915 2573 triduana
965 2518 1151 2588 pluvia
1187 2534 1413 2575 curasse
1450 2527 1708 2587 sanctus;
1736 2535 1909 2591 quare

324 2629 425 2682 pro
454 2627 520 2666 eo
549 2612 617 2666 ad
642 2612 1018 2681 episcopatum
1065 2611 1347 2668 evehendo
1381 2614 1598 2669 collecti
1641 2615 1909 2685 episcopi,

323 2724 452 2763 cum
487 2707 555 2762 ad
580 2707 830 2761 eumdem
875 2707 1225 2776 quaarendum
1265 2707 1525 2777 juvenem
1574 2709 1907 2764 monachum

326 2798 613 2869 Polybium
651 2798 1073 2865 submisissent;
1106 2799 1222 2868 ipse
1257 2800 1524 2856 adventus
1556 2816 1725 2856 causa
1763 2800 1909 2855 divi-

326 2892 480 2945 nitus
506 2890 751 2961 cognita,
780 2906 907 2944 cum
939 2891 1131 2945 eodem
1162 2889 1389 2963 Polybio
1444 2906 1634 2947 secum
1668 2901 1907 2959 retento,

322 2992 380 3037 et
411 2997 539 3037 cum
574 2979 785 3036 Joanne
813 2980 1011 3051 fugerit
1042 2982 1098 3037 in
1141 2981 1381 3054 Cyprum
1432 2983 1501 3037 ad
1555 2983 1615 3039 S.
1674 2982 1913 3040 Hilario-

327 3090 455 3129 nem
486 3094 499 3129 :
531 3090 561 3129 a
595 3074 913 3144 quojussus
945 3073 1278 3129 Salaminam
1315 3074 1618 3130 habitatum
1653 3075 1825 3145 adire,
1857 3085 1912 3133 et

328 3164 538 3220 invitus
561 3180 626 3219 ac
652 3174 971 3234 tempestate
997 3166 1315 3236 compulsus
1353 3166 1483 3223 illuc
1513 3168 1789 3239 appellens
1821 3186 1912 3225 na-

329 3259 484 3323 vim,
544 3273 709 3328 quam
772 3258 1129 3329 navigaturus
1191 3259 1515 3317 Ascalonem
1567 3264 1910 3329 ascenderat,

325 3349 761 3420 comprehensus
817 3351 872 3404 in
917 3350 1036 3404 foro
1071 3350 1237 3406 fuerit
1274 3368 1305 3406 a
1351 3350 1409 3408 S.
1460 3352 1665 3425 Pappo,
1703 3355 1771 3411 de
1804 3371 1915 3426 quo

328 3457 495 3512 supra
518 3458 575 3496 n.
607 3442 699 3506 l5,
726 3456 853 3497 cum
886 3440 1029 3498 forte
1061 3458 1195 3499 uvas
1229 3444 1560 3512 licitaretur,
1594 3456 1913 3518 tractusque

328 3538 399 3591 ad
436 3536 725 3592 ecclesiam
761 3535 1049 3592 ordinatus
1086 3536 1252 3592 fuerit
1292 3554 1390 3609 per
1439 3539 1548 3594 vim
1583 3539 1910 3611 episcopus;

328 3644 444 3700 quo
481 3629 537 3683 in
590 3644 816 3686 munere
863 3630 1123 3686 habuerit
1176 3631 1469 3688 diaconum
1513 3632 1842 3702 Charinum,
1882 3650 1914 3688 a

331 3735 446 3791 quo
483 3721 812 3777 calumniam
852 3738 1051 3793 passus
1091 3732 1310 3794 propter
1352 3740 1553 3781 aureos
1597 3737 1817 3781 centum
1845 3728 1912 3783 ad

328 3814 739 3870 dissolvendum
764 3815 964 3885 captivi
989 3815 1364 3887 Eugnomonis
1389 3817 1633 3875 debitum
1660 3820 1729 3876 de
1753 3820 1913 3878 bonis

329 3906 591 3960 Ecclesiae
618 3920 910 3976 expansos,
949 3909 1205 3977 quamvis
1235 3910 1414 3965 eidem
1456 3912 1785 3980 restitutos;
1832 3914 1914 3969 ei-

327 4000 454 4053 dem
485 3998 747 4064 Charino,
795 4000 899 4055 sibi
943 4000 1013 4056 ad
1065 4010 1148 4057 ter
1184 4003 1469 4073 repetitam
1520 4006 1743 4076 prandii.
1779 4014 1916 4062 tem-

330 4101 467 4157 pore
501 4088 645 4141 cervi
682 4102 874 4143 vocem
917 4089 1190 4157 illudenti,
1245 4102 1479 4148 mortem
1528 4096 1601 4150 ab
1643 4097 1747 4152 hoc
1775 4111 1915 4167 pra:-

332 4178 638 4233 nuntiatam
667 4179 1027 4249 significarit;
1068 4198 1299 4239 uxorem
1330 4196 1515 4240 autem
1549 4188 1671 4256 ejus
1702 4203 1733 4242 a
1759 4203 1918 4259 para-

330 4269 436 4340 lysi
491 4270 776 4325 liberatam
833 4272 1103 4329 ordinarit
1160 4275 1557 4345 diaconissam,
1610 4294 1720 4333 non
1792 4280 1914 4337 sine

331 4361 453 4416 utili
483 4362 551 4416 ad
590 4364 863 4433 reliquum
917 4366 1126 4422 clerum
1173 4369 1230 4423 in
1289 4368 1467 4425 olIicio
1514 4372 1909 4430 continendum

328 4454 610 4523 exemplo;
641 4456 775 4525 quin
814 4456 978 4511 etiam
1013 4458 1209 4515 solitus
1239 4476 1347 4515 non
1387 4463 1649 4532 perficere
1679 4465 1913 4520 oblatio-

2013 1979 2354 2037 Sozomenus
2386 1981 2500 2051 (lib.
2540 1996 2638 2044 vn,
2677 1996 2796 2049 cap.
2839 1978 2955 2051 27).
2986 1978 3105 2035 Huc
3125 1993 3290 2049 porro
3341 1993 3596 2033 reversus

2011 2071 2257 2128 lsaacum
2293 2070 2541 2126 Judaeum
2588 2072 2724 2142 legis
2759 2071 2993 2141 peritum
3021 2071 3127 2126 sibi
3161 2070 3495 2140 adjunxerit,
3544 2078 3598 2125 et

2011 2182 2195 2222 coram
2229 2165 2496 2221 Romanis
2525 2164 2757 2228 nuntiis,
2783 2166 2853 2219 ab
2885 2164 3122 2220 Arcadio
3146 2172 3203 2218 et
3227 2161 3470 2218 Honorio
3493 2163 3598 2217 im-

2013 2258 2359 2329 peratoribus
2392 2257 2458 2312 ad
2490 2258 2671 2327 ipsum
2709 2256 2941 2310 Romam
2975 2254 3355 2317 adducendum
3385 2255 3593 2319 missis,

2019 2351 2474 2408 caiumniatorem
2516 2365 2676 2405 suum
2714 2349 3157 2417 Faustinianum,
3200 2350 3426 2407 innoxio
3461 2352 3599 2406 alias

2023 2444 2159 2499 fabri
2207 2443 2444 2514 alicujus
2494 2443 2646 2513 lapsu
2692 2456 3051 2514 oppressum,
3105 2444 3402 2507 suscitans,
3453 2445 3601 2498 mille

2019 2552 2275 2593 nummos
2300 2539 2370 2591 ab
2412 2535 2529 2606 ejus
2560 2552 2731 2591 uxore
2764 2536 2980 2592 oblatos
3009 2536 3211 2591 dicitur
3244 2535 3468 2593 fabrica:
3498 2553 3600 2607 ap-

2016 2626 2272 2695 plicasse,
2302 2634 2468 2695 atque
2503 2624 2576 2679 ita
2627 2624 2858 2681 Romam
2911 2626 3218 2697 navigasse,
3252 2642 3377 2682 cum
3414 2627 3601 2683 lsaaco

2016 2726 2181 2787 atque
2214 2717 2460 2788 Polybio,
2510 2718 2702 2773 relicto
2745 2718 2814 2773 ad
2864 2718 3112 2774 ecclesiae
3159 2716 3599 2788 Constantiensis

2015 2811 2277 2869 vicariam
2310 2826 2498 2867 curam
2534 2811 2784 2878 Philone,
2816 2826 2926 2866 uno
2952 2826 3017 2866 ex
3060 2811 3273 2881 legatis,
3308 2826 3469 2882 quem
3503 2782 3604 2882 pi?)

2017 2904 2242 2959 civitate
2302 2902 2548 2975 Carpasii
2598 2906 2914 2975 episcopum
2973 2905 3302 2960 nominarat.
3352 2904 3603 2975 Carpasii

2017 2995 2213 3051 civitas
2243 3009 2410 3065 quam
2455 2995 2635 3051 norim
2677 2996 2826 3050 nulla
2876 3004 2961 3050 est
2993 3014 3007 3050 :
3036 2994 3347 3065 Carpathus
3396 2996 3598 3061 insula,

2020 3087 2317 3160 Cycladum
2349 3090 2553 3144 extima
2595 3088 2736 3145 inter
2777 3087 2996 3144 Cretam
3031 3097 3086 3143 et
3127 3088 3407 3153 Rhodum,
3440 3089 3604 3160 longo

2022 3181 2191 3238 maris
2226 3189 2407 3236 tractu
2439 3181 2611 3237 distat
2646 3196 2678 3234 a
2711 3180 2915 3253 Cypro,
2959 3181 3028 3236 ad
3077 3181 3238 3251 cujus
3289 3181 3605 3251 metropoli-

2020 3281 2132 3328 tam
2157 3289 2502 3343 nequaquam
2545 3273 2826 3344 spectabat
2851 3274 2899 3328 ei
2938 3272 3246 3343 providere.

2091 3365 2181 3421 52.
2216 3363 2326 3420 Sed
2349 3363 2465 3420 haec
2496 3363 2701 3420 leviora
2727 3372 2858 3420 sunt
2892 3382 2906 3419 :
2942 3379 3065 3434 qua:
3094 3373 3402 3434 sequuntur
3435 3381 3601 3434 quam

2017 3468 2249 3530 possunt
2290 3457 2536 3528 speciem.
2567 3457 2770 3513 habere
2814 3457 2898 3512 vel
2948 3457 3248 3513 tolerabilis
3294 3458 3602 3514 mendacii?

2015 3548 2299 3604 Arcadius.
2315 3556 2478 3603 natus
2503 3555 2629 3603 erat.
2648 3562 2801 3602 anno
2824 3547 2932 3602 574
2967 3547 3234 3603 decennio
3259 3556 3383 3618 post
3408 3545 3601 3604 Hono-

2017 3643 2155 3707 rius,
2187 3651 2487 3711 utrumque
2508 3640 2577 3696 de
2600 3640 2875 3710 baptismo
2911 3640 3154 3711 suscepit
3187 3641 3268 3696 vir
3303 3642 3355 3696 in
3385 3640 3601 3697 Palatio

2017 3735 2272 3792 sublimis
2312 3734 2540 3788 nomine
2566 3733 2859 3798 Arsenius,
2905 3740 2961 3788 et
3006 3734 3296 3803 utriusque
3328 3733 3603 3803 juvent-uti

2018 3828 2381 3884 infnrmanda:
2415 3825 2660 3898 praefuit;
2700 3826 2864 3883 simul
2897 3826 2973 3880 illi
3000 3824 3190 3883 Romae
3216 3825 3438 3907 fuerunt
3465 3844 3609 3882 nun-

2015 3936 2204 3992 quam,
2236 3921 2330 3977 sed
2374 3934 2479 3974 nec
2520 3917 2883 3989 Epiphanius,
2926 3917 3075 3988 quod
3125 3918 3346 3989 quidem
3392 3919 3603 3975 sciatur

2016 4012 2124 4068 nisi
2158 4010 2326 4066 semel
2362 4020 2574 4066 tantum
2618 4025 2765 4065 anno
2807 4010 2934 4065 582.
2980 4010 3202 4066 illorum
3241 4026 3401 4066 soror
3444 4014 3601 4067 unica

2017 4103 2169 4163 Galla
2198 4103 2438 4158 Placidia
2489 4102 2604 4173 (sed
2646 4118 2711 4156 ex
2759 4102 2998 4158 secundo
3029 4101 3322 4159 Theodosii
3362 4101 3602 4175 impera--

2019 4195 2159 4252 toris
2185 4194 2466 4266 conjugio,
2486 4194 2589 4249 sub
2613 4210 2819 4249 annum
2849 4195 3116 4250 duntaxat
3136 4195 3242 4252 587
3263 4198 3598 4269 contracto),

2016 4303 2127 4358 quo
2153 4286 2374 4358 quidem
2409 4301 2555 4341 anno
2586 4286 2813 4355 przecise
2855 4286 2929 4341 sit
2964 4296 3093 4341 nata
3142 4286 3460 4357 ignoratur;
3504 4291 3599 4344 sed

2015 4378 2259 4449 quandiu
2284 4376 2554 4431 Arcadius
2580 4376 2735 4443 vixit,
2778 4374 2965 4431 Romae
2991 4391 3099 4432 non
3136 4376 3258 4433 fuit.
3297 4377 3375 4434 Eo
3413 4389 3599 4435 autem

2016 4470 2120 4525 sub
2147 4483 2352 4523 annum
2382 4467 2487 4523 408
2540 4474 2779 4535 mortuo,
2825 4468 2892 4523 ad
2935 4466 3158 4522 fratrem
3208 4466 3510 4524 Honorium
3545 4472 3598 4525 in

330 4562 480 4610 nem,
544 4548 721 4604 donec
769 4550 1034 4606 visionem
1088 4552 1355 4622 vidisset;
1407 4571 1534 4610 cum
1589 4572 1650 4612 ea
1708 4568 1906 4629 praeter
1939 4575 1984 4631 ι)
2016 4557 2224 4612 Italiam
2276 4556 2556 4629 profecta,
2595 4557 2726 4611 dum
2785 4557 2970 4612 Romae
3025 4573 3218 4615 secure
3256 4561 3369 4630 agit
3416 4561 3601 4617 adhuc

329 4656 545 4695 morem
578 4641 910 4708 differretur,
955 4661 1145 4702 orasse
1174 4654 1230 4701 et
1263 4651 1608 4720 cognovisse,
1652 4652 1704 4706 in
1740 4669 1909 4710 causa

328 4746 502 4788 mora:
543 4748 665 4789 esse
711 4739 1061 4804 praesentiam
1100 4738 1339 4804 diaconi,
1391 4740 1581 4796 eadem
1625 4753 1785 4801 nocte
1828 4746 1911 4801 usi

326 4825 567 4897 conjuge
594 4842 730 4892 sua;
760 4843 933 4898 quare
969 4830 1118 4887 solos
1165 4833 1385 4889 caelibes
1427 4834 1684 4908 deinceps
1713 4838 1781 4895 ad
1808 4841 1913 4895 mi-

328 4918 617 4973 nisterium
647 4920 839 4978 altaris
873 4920 1169 4979 ordinarit.

928 5056 1161 5115 CAPUT
1199 5059 1306 5115 νη.

324 5165 554 5231 thera,
577 5176 632 5221 ut
665 5184 698 5221 a
727 5167 948 5239 Polybio
974 5171 1231 5241 adjuncta
1263 5173 1644 5241 obtruduutur,
1670 5177 1910 5249 explosa.

402 5280 492 5335 5i.
525 5280 714 5352 Capite
741 5285 1012 5355 superiori
1044 5289 1215 5344 relata
1263 5290 1446 5346 omnia
1475 5293 1788 5362 scripsisse,
1824 5295 1911 5348 in-

324 5369 445 5423 scio
469 5368 754 5441 invitoque
780 5384 989 5443 sancto,
1019 5376 1243 5447 tingitur
1265 5378 1379 5450 jam
1421 5396 1565 5452 saepe
1591 5385 1911 5443 nominatus

321 5458 903 5533 Joannes,_Epiphanii
935 5468 1220 5540 presbyter
1255 5480 1310 5526 et
1354 5472 1616 5529 itinerum
1660 5478 1907 5532 omnium

323 5548 542 5616 socius;
573 5550 669 5620 qui
698 5552 997 5611 moriturus
1028 5556 1295 5615 advocato
1318 5561 1386 5615 ad
1413 5577 1473 5618 se
1500 5561 1725 5637 Polybio
1750 5574 1753 5579 '
1776 5566 1914 5624 lam-

324 5641 465 5712 pada
496 5642 807 5700 tradiderit.
850 5643 949 5702 Hic
988 5663 1120 5718 ergo
1159 5648 1437 5708 inducitur
1459 5670 1713 5724 narrans,
1769 5675 1912 5729 quo-

324 5735 489 5788 modo
537 5743 764 5791 sanctus
819 5737 1149 5810 episcopus,
1205 5741 1468 5803 divinitus
1519 5750 1763 5806 monitus
1809 5769 1908 5822 pro

324 5834 549 5885 silanus
597 5843 765 5896 parva
812 5844 1062 5902 magnam
1124 5835 1409 5893 ecclesiam
1462 5858 1491 5892 a
1539 5842 1909 5904 fundamentis

2017 4653 2193 4723 virgo,
2224 4667 2370 4707 anno
2408 4649 2516 4706 409
2561 4666 2601 4706 α
2629 4649 2844 4718 Gothis,
2886 4651 2952 4717 ad
2982 4651 3181 4707 Urbem
3232 4663 3360 4709 ante
3391 4671 3598 4710 annum

2016 4753 2230 4813 captam
2256 4757 2330 4797 ex
2353 4742 2652 4813 improviso
2692 4745 2980 4814 regressis,
3015 4746 3175 4801 etiam
3210 4747 3327 4817 ipsa
3357 4748 3596 4817 capitur,

2015 4836 2086 4891 ab
2136 4850 2325 4891 eorum
2350 4851 2477 4907 rege
2518 4835 2794 4907 Ataulpho
2821 4839 2874 4893 in
2912 4853 3139 4895 uxorem
3162 4845 3422 4906 sumitur,
3460 4843 3595 4898 etin

2015 4925 2332 4998 Hispaniam
2367 4930 2687 4998 abducitur;
2721 4930 2873 4986 fratri
2919 4940 3101 4988 autem
3137 4934 3348 4989 reddita
3377 4944 3431 4990 et
3460 4934 3598 4990 Con-

2016 5020 2219 5075 stantio
2246 5020 2537 5089 desponsa,
2583 5020 3029 5077 Valentinianum
3067 5022 3349 5080 Juniorem
3389 5030 3599 5097 peperit

2014 5126 2162 5166 anno
2191 5112 2317 5178 M8,
2371 5128 2472 5168 nec
2519 5114 2684 5168 alium
2735 5115 2909 5170 scitur
2949 5116 3117 5170 lilium
3176 5117 3453 5180 habuisse,
3488 5120 3597 5176 nisi

2016 5203 2200 5260 forsan
2231 5219 2297 5259 ex
2327 5221 2453 5275 rege
2494 5207 2722 5262 barbaro
2761 5208 2814 5262 in
2850 5207 3112 5277 Hispania
3172 5209 3271 5265 SS.
3316 5210 3595 5268 Theodul-

2016 5295 2182 5364 phum
2225 5311 2290 5350 ac
2339 5293 2744 5353 Theodericum
2796 5301 3033 5370 peperit,
3085 5302 3152 5357 de
3201 5304 3399 5373 quibus
3456 5310 3598 5377 apud

2015 5386 2269 5445 Treviros
2307 5391 2540 5448 mortuis
2591 5402 2772 5448 aetum
2823 5410 2856 5449 a
2905 5396 3111 5454 nobisl
3146 5401 3300 5457 Maii.
3333 5402 3598 5471 Quamvis

2015 5490 2196 5536 autem
2231 5481 2345 5538 haec
2371 5484 2554 5539 omnia
2601 5486 2909 5543 certissima
2959 5491 3089 5556 sint,
3143 5495 3366 5566 tingitur
3413 5509 3597 5559 tamen

2016 5571 2353 5644 Epiphanius
2392 5575 2461 5630 ab
2476 5576 2715 5635 Arcadio
2740 5588 2795 5635 et
2826 5579 3090 5652 llonorio,
3120 5597 3178 5643 ut
3205 5589 3340 5648 dixi.
3366 5604 3594 5652 vocatus

2015 5662 2246 5721 Romam
2278 5666 2346 5721 ad
2363 5682 2552 5721 eorum
2576 5685 2775 5740 aegram
2802 5688 3046 5732 sororem
3074 5684 3372 5739 curandam
3396 5705 3408 5740 :
3430 5687 3596 5758 idque

2016 5772 2123 5810 non
2170 5768 2378 5813 tantum
2406 5762 2757 5828 praestitisse,
2793 5765 2891 5821 scd
2916 5768 3078 5824 etiam
3096 5772 3215 5842 ejus
3239 5775 3410 5829 lilium
3444 5794 3595 5834 mor-

2018 5858 2170 5906 tuum
2268 5852 2601 5920 suscitasse,
2657 5857 2746 5912 tali
2836 5860 2993 5931 lege,
3087 5877 3144 5921 ut
3228 5869 3590 5939 impcralores
