4058 6424
568 371 671 429 147

1592 370 1652 426 S.
1696 370 2043 427 EPIPIIAMI
2083 373 2265 427 ACTA
2307 371 2789 427 BOLLANDIANA

3743 372 3847 430 M3

567 504 693 544 cum
726 502 918 544 sorore
957 496 1119 557 alque
1154 496 1348 556 nepote
1388 486 1547 540 ﬁdem
1600 486 1947 553 susciperent
1984 488 2149 542 Cbri-
2180 496 2223 548 Α
2257 498 2405 541 retur
2423 489 2490 542 ad
2508 487 2736 541 fundum
2755 483 3849 559 cuiusbivindkandumAdditimpera-

567 583 801 636 stianam
850 601 862 638 :
906 581 1052 651 quod
1099 589 1153 634 et
1206 578 1455 642 fecerint,
1524 579 1783 649 baptizati
1836 596 2032 635 omnes
2081 582 2150 635 ab

565 670 904 744 Epiphanid,
962 672 1394 742 suscipientibus
1441 688 1461 721 ι
1522 671 1823 726 Arcadium
1888 672 2150 744 Polybio,

568 767 873 822 llonorium
927 765 1136 825 lsaaco.
1192 785 1210 816 ι
1264 780 1458 820 eorum
1505 785 1523 816 ι
1586 781 1833 821 sororem
1887 765 2148 823 Proclisia

565 856 824 919 Patricia,
861 866 915 911 et
954 856 1124 910 ﬁlium
1168 855 1333 925 hujus
1369 857 1609 925 quodam
1660 858 1936 922 eunucho,
1984 878 2001 909 ι
2041 875 2150 913 non

564 948 683 1004 sine
710 949 990 1019 prodigiis.
1020 948 1083 1003 Et
1107 949 1222 1004 haec
1254 949 1476 1017 quidem
1518 951 1700 1004 omnia
1730 950 1945 1007 vivente
1971 953 2153 1007 adhuc

568 1041 879 1096 Theodosio
914 1039 1145 1097 Seniore
1173 1041 1448 1112 Augusto,
1490 1050 1655 1112 atque
1708 1042 1846 1097 adeo
1890 1053 2015 1099 ante
2050 1060 2150 1097 an-

566 1149 697 1187 num
720 1132 846 1198 595,
879 1149 991 1203 quo
1019 1133 1113 1188 hic
1145 1148 1176 1189 e
1200 1134 1312 1189 vita
1342 1134 1615 1205 migravit.

635 1224 724 1279 55.
758 1222 934 1280 Roma
971 1226 1025 1279 in
1060 1226 1299 1296 Cyprum
1332 1241 1607 1293 reversus,
1646 1236 1705 1282 ut
1748 1226 1992 1299 ﬁngitur,
2027 1225 2153 1297 Epi-

562 1320 801 1390 phanius
848 1336 956 1375 non
1011 1320 1329 1374 diuturnam
1375 1320 1447 1374 ibi
1497 1320 1739 1390 quietem
1796 1321 2007 1385 habuit,
2058 1321 2152 1376 sed

563 1423 855 1482 postquam
888 1410 1021 1466 fami
1062 1411 1317 1482 publicae,
1355 1412 1621 1480 coemptis
1656 1411 1998 1467 Faustiniani
2034 1410 2151 1466 fru-

561 1508 721 1575 gibus
750 1506 1046 1577 prudenter
1074 1507 1473 1571 consuluisset,
1504 1517 1557 1561 et
1591 1506 1818 1562 insidias
1834 1507 1958 1561 vita:
1983 1522 2097 1562 sua:
2120 1522 2151 1561 a

565 1596 766 1653 Ruﬁno
806 1598 1045 1654 diacono
1070 1614 1195 1657 suo.
1233 1615 1300 1653 ex
1350 1600 1595 1670 ejusdem
1641 1600 1985 1656 Faustiniani
2015 1617 2150 1672 sug-

564 1688 833 1757 gestione,
867 1699 1088 1759 paratas
1109 1689 1295 1744 divina
1327 1692 1667 1759 praenotione
1697 1692 1999 1758 evasisset,
2028 1708 2153 1747 evo-

564 1791 721 1835 catur
762 1781 1325 1852 Constantinopolim,
1370 1785 1436 1837 ad
1478 1784 1797 1855 praedictum
1852 1786 2148 1855 imperato-

2256 582 2446 634 tricem
2481 581 2751 637 obtulisse
2790 581 2968 644 viduae
3011 580 3247 649 pretium
3298 579 3484 644 illius;
3531 579 3686 648 quod
3713 595 3850 634 sane

2255 680 2315 726 ut
2350 674 2440 726 illa
2490 682 2798 742 acceptaret
2822 683 2919 727 aut
2946 672 3190 728 oblatum
3230 671 3360 726 alibi
3392 672 3686 741 prae-lium,
3720 689 3848 725 ron-

2256 766 2465 820 sultius
2510 765 2708 821 fuisset
2755 765 2992 820 suadere
3037 767 3200 827 laesae,
3258 778 3426 834 quam
3481 780 3578 833 pro
3620 779 3846 833 summa

2250 860 2378 929 jure
2406 868 2592 914 tantas
2625 859 2816 913 turbas
2858 872 3104 920 movere,
3149 866 3387 926 quantas
3425 856 3698 923 consequi
3748 872 3844 909 ne-

2256 967 2413 1008 cesse
2444 959 2585 1015 erat,
2618 951 2665 1007 si
2698 966 2794 1020 per
2842 948 3430 1005 excommunicationis
3471 946 3716 1017 rigorem
3749 964 3837 1001 ea-

2253 1043 2571 1099 cluderetur
2598 1041 2669 1095 ab
2697 1040 2933 1095 ecclesia
2972 1038 3318 1108 imperatrix.
3366 1035 3553 1107 Itaque
3577 1036 3848 1090 existimo

2256 1150 2436 1205 neque
2466 1134 2575 1188 tale
2605 1130 2905 1203 quidquam
2938 1129 3007 1183 ab
3044 1129 3146 1183 hac
3195 1127 3464 1190 oblatum,
3516 1135 3844 1195 praetextum

2256 1235 2440 1282 autem
2467 1226 2619 1281 illius
2637 1225 2752 1293 agri
2777 1221 3085 1292 usurpandi
3115 1220 3284 1275 alium
3314 1234 3422 1274 non
3453 1217 3645 1284 fuisse,
3676 1232 3843 1286 quam

2256 1318 2406 1390 quod
2437 1327 2689 1373 mortuus
2716 1324 2862 1371 esset
2884 1315 2939 1369 in
2972 1313 3170 1369 exsilio
3196 1312 3372 1367 vidua:
3390 1308 3767 1381 ejusmaritus
3796 1319 3848 1361 et

2255 1412 2399 1467 bona
2441 1412 2573 1467 olim
2628 1411 2761 1466 ﬁsco
2830 1408 3063 1465 addicta.
3103 1405 3292 1475 Neque
3341 1419 3431 1459 me
3466 1411 3654 1458 movet
3700 1402 3845 1471 quod

2253 1506 2504 1560 eamdem
2543 1520 2654 1559 rem
2688 1503 2741 1557 in
2775 1501 3032 1557 encomio
3070 1495 3457 1571 Chrysostomi
3502 1502 3695 1548 narret
3739 1490 3849 1545 Leo

2256 1601 2595 1669 imperator;
2632 1602 2858 1666 apparet
2891 1593 3037 1649 enim
3066 1605 3194 1646 eum
3230 1588 3539 1648 inhtesisse,
3581 1585 3708 1641 sine
3739 1583 3849 1637 ullo

2253 1691 2526 1754 examine,
2563 1688 2692 1743 huic
2722 1696 2829 1741 tam
2868 1691 3201 1756 portentosa:
3245 1679 3381 1736 Vita
3421 1678 3480 1735 S.
3531 1676 3846 1748 Epiphanii.

2330 1782 2419 1838 55.
2458 1778 2594 1835 Utut
2627 1780 2719 1843 sit,
2756 1776 2980 1849 ﬁngitur
3015 1791 3083 1831 eo
3137 1788 3313 1845 usque
3347 1774 3486 1828 irata
3519 1771 3850 1840 imperatrix

568 1890 679 1927 rem
720 1873 1085 1929 Theodosium
1107 1847 1317 1945 {quem
1348 1847 1575 1945 pedibus
1610 1847 1951 1933 laborantem
1986 1893 2152 1934 sana-
2184 1847 2226 1902 Β
2257 1885 2317 1931 ut
2356 1876 2422 1931 de
2458 1872 2670 1929 Joanne
2696 1847 3018 1942 deponendo
3057 1868 3289 1937 emperit
3329 1866 3540 1937 agitare
3584 1861 3844 1921 consilia.

565 1972 724 2028 verit,
754 1964 999 2019 ltetitiam
1038 1963 1246 2021 faciens
1270 1981 1377 2021 non
1414 1976 1622 2021 tantum
1653 1967 1780 2036 ipsi,
1816 1967 1912 2023 sed
1934 1978 1989 2023 et
2024 1968 2150 2023 ﬁliis

565 2052 802 2111 Ani-adio
852 2066 1020 2127 atque
1073 2056 1335 2123 Honorio,
1382 2074 1479 2127 per
1529 2060 1750 2116 eosdem
1801 2061 1921 2115 dies
1976 2059 2149 2121 Roma

561 2150 1093 2219 Constantinopolim
1126 2152 1380 2207 reversis.
1403 2151 1563 2207 Prius
1595 2161 1775 2208 autem
1798 2170 1963 2225 quam
1995 2154 2154 2211 abiis

562 2241 867 2296 discederet
907 2250 1155 2307 sanctus,
1209 2241 1602 2301 Faustinianus
1650 2245 1844 2300 eodem
1882 2245 2152 2302 adductus

566 2335 618 2387 in
654 2334 889 2389 vinculis
918 2335 1058 2389 male
1097 2336 1301 2392 dicitur
1331 2337 1593 2407 periisse;
1644 2337 1987 2408 rediisseque
2026 2337 2153 2408 Epi-

564 2426 805 2491 phanius
836 2426 892 2480 in
922 2426 1170 2498 Cyprum
1198 2444 1323 2484 cum
1351 2429 1649 2494 mandatis,
1696 2437 1755 2485 ut
1808 2444 2153 2501 quaecunque

564 2515 714 2572 illius
738 2514 957 2572 fuerant
988 2517 1250 2573 retineret
1270 2518 1358 2588 pia
1391 2535 1528 2574 uxor
1553 2535 1679 2589 qua:
1708 2521 1895 2576 omnia
1924 2521 1992 2576 ad
2018 2537 2153 2578 usus

563 2606 810 2661 ecclesia:
869 2607 1211 2677 consignarit
1252 2608 1511 2665 ordinata
1570 2610 1903 2666 diaconissa.
1948 2610 2155 2669 Deinde

563 2698 784 2752 Aetium
842 2698 1357 2755 Valentinianorum
1403 2701 1724 2771 episcopum
1771 2703 2155 2760 obmutescere

508 2762 783 2857 .l'ecet‘it;
822 2791 917 2846 sed
964 2801 1019 2847 et
1053 2802 1244 2847 contra
1291 2762 1543 2863 Ophitas,
1585 2762 1949 2865 éabellianos,
1988 2796 2152 2855 Nico~

567 2882 751 2949 laitas,
804 2883 1176 2952 Simoniauos,
1227 2885 1693 2956 Carpocratianos
1734 2889 2052 2954 haereticos;
2096 2891 2153 2945 in

565 2976 744 3046 Cypro
779 2976 1119 3042 nidulantes,
1152 2979 1480 3049 rescriptum
1514 2978 1814 3036 Theodosii
1857 2985 2150 3055 acceperit,

568 3076 628 3121 ut
658 3069 992 3137 pellerentur
1023 3069 1095 3125 ab
1121 3071 1323 3127 insula.
1356 3072 1603 3138 Quorum
1629 3088 1797 3144 quam
1824 3090 1968 3147 aegre
1991 3077 2155 3148 quid-

2253 1967 2377 2037 Quo
2441 1966 2666 2039 cognito
2718 1963 3062 2034 Theophilus
3122 1960 3465 2033 persuaserit
3530 1957 3844 2031 Epiphanio

2255 2060 2517 2129 navigare
2577 2054 3139 2125 Constantinopolim.
3198 2050 3311 2107 Huc
3376 2052 3675 2122 appulsum
3724 2068 3843 2106 cum

2253 2152 2481 2225 Polybio
2511 2159 2567 2207 et
2599 2149 2788 2205 lsaaco
2824 2147 2995 2221 (nulla
3024 2146 3167 2200 facta
3200 2145 3482 2200 mentione.
3510 2143 3842 2214 Crispionis,

2257 2247 2323 2302 de
2340 2260 2449 2317 quo
2474 2241 2623 2315 mox)
2649 2239 3029 2299 sollicitaverit
3050 2237 3394 2309 imperatrix,
3424 2244 3484 2291 ut
3509 2235 3563 2289 in
3593 2234 3841 2298 Joannis,

2257 2350 2517 2411 tanquam
2566 2334 2966 2410 perturbatoris
3014 2341 3071 2389 et
3122 2331 3387 2397 hzeretici,
3439 2331 3841 2401 depositionem

2254 2431 2632 2497 consentiens,
2660 2428 2903 2499 seipsum
2935 2427 2989 2480 in
3016 2425 3138 2496 ejus
3173 2424 3357 2479 locum
3398 2433 3685 2491 pateretur
3714 2423 3843 2477 sub-

2256 2527 2440 2594 stitui;
2468 2522 2719 2579 molliora
2752 2537 2880 2579 vero
2914 2520 3169 2577 suadenti
3211 2517 3523 2588 Epiphanio
3544 2518 3755 2571 minata
3779 2516 3844 2570 sit

2254 2618 2477 2673 dicens:
2503 2636 2521 2670 ι
2549 2617 2606 2672 Si
2634 2615 2804 2672 fueris
2831 2612 3221 2685 impedimento
3260 2611 3562 2681 quominus
3604 2612 3843 2664 mittatur

2254 2710 2492 2767 Joannes
2537 2711 2593 2765 in
2641 2708 2936 2770 exsilium,
2997 2705 3238 2775 aperiam
3293 2703 3493 2772 templa
3546 2702 3839 2762 idolorum,

2255 2814 2362 2860 etc.
2402 2823 2421 2856 ι
2465 2802 2717 2872 Cumque
2748 2800 2815 2855 ad
2855 2800 2973 2855 [nec
3007 2797 3377 2869 ingemiscens
3416 2793 3765 2865 Epiphanius
3790 2806 3844 2847 se

2258 2895 2327 2951 ab
2360 2895 2465 2950 hoc
2493 2893 2704 2962 judicio
2743 2892 3091 2946 innocentem
3127 2896 3549 2958 protestaretur,
3607 2902 3716 2939 non
3770 2894 3844 2937 la-

2258 3002 2384 3042 men
2440 2984 2722 3055 effugisse,
2776 2981 3073 3052 quominus
3126 2979 3408 3033 diceretur
3462 2977 3841 3038 consensisse;

2260 3079 2445 3148 itaque
2480 3074 2746 3132 Joannem
2783 3083 3005 3143 accepta
3029 3073 3218 3126 charta
3245 3071 3296 3126 ei
3330 3070 3661 3139 scripsisse:
3700 3087 3718 3117 ι
3754 3065 3844 3119 Sa-

567 3177 732 3231 quam
764 3164 1081 3232 possiteum
1115 3164 1343 3220 veritate
1373 3166 1699 3232 consistere,
1746 3169 1946 3238 partim
1979 3170 2151 3241 liquet
2182 3191 2227 3252 C
2257 3172 2414 3241 piens
2436 3167 2728 3239 Epiphani,
2775 3182 3039 3223 assensus
3054 3179 3112 3220 es
3135 3179 3256 3218 meo
3287 3161 3524 3217 exsilio?
3556 3159 3616 3215 In
3650 3159 3839 3213 throno

567 3272 629 3308 ex
655 3255 838 3321 dictis,
872 3256 1073 3347 partim
1125 3256 1309 3326 quoad
1354 3255 1699 3313 Sabellianos
1730 3259 1940 3315 revinci
1977 3268 2155 3329 potest

564 3363 629 3401 ex
655 3345 960 3417 Epiphanio
990 3345 1086 3418 qui
1120 3348 1314 3404 haeresi
1342 3365 1454 3403 LXII
1493 3364 1800 3420 agnoscens
1827 3352 1994 3422 hujus
2022 3360 2155 3407 tunc

567 3453 723 3493 nova:
748 3439 928 3493 adhuc
961 3447 1125 3493 secta:
1158 3439 1425 3507 plurimos
1466 3450 1580 3494 tum
1637 3440 1692 3494 in
1731 3439 2150 3511 LiesOpotamia,
2212 3452 2225 3457 ‘

568 3542 686 3585 tum
723 3530 913 3586 Romae
958 3532 1191 3597 versari,
1226 3547 1339 3585 non
1392 3533 1749 3602 praateriisset
1796 3533 2057 3605 Cyprum,
2110 3535 2157 3591 si

569 3626 635 3680 ad
672 3640 793 3679 eam
835 3626 1082 3694 ipsorum
1120 3620 1431 3694 pertigisset
1473 3641 1767 3693 venenum,
1807 3627 1952 3683 sicut
1994 3629 2048 3683 id
2088 3629 2157 3684 de

572 3720 974 3777 V'alentinianis
998 3721 1216 3775 dixerat
1243 3723 1435 3776 haeresi
1465 3737 1621 3786 uxr,
1647 3722 1898 3791 Ophites,
1924 3722 2157 3779 Nicolai-

570 3826 674 3876 tas,
706 3812 1080 3875 Simonianes,
1096 3814 1583 3883 Carpocratianos,
1602 3816 1708 3871 sub
1734 3816 1819 3872 his
1842 3817 2158 3873 nominibus

570 3906 751 3969 adhuc
785 3906 1127 3976 superfuisse
1174 3907 1379 3962 saeculo
1411 3923 1483 3974 Iv,
1512 3918 1745 3964 exeunte
1782 3910 1908 3980 quis
1938 3909 2161 3965 credat?

642 3996 728 4051 ἐή.
764 3995 955 4051 Restat
988 3997 1204 4060 ultima,
1256 4008 1352 4053 aut
1390 3998 1573 4054 verius
1623 3998 1812 4061 unica,
1867 3998 2158 4069 Epiphauii

570 4091 637 4142 ad
691 4089 880 4143 urbem
942 4088 1615 4160 Constantinopolitanam
1668 4088 1957 4161 profectio,
2014 4105 2160 4147 anno

569 4182 676 4236 J02
698 4182 764 4236 ad
794 4181 955 4237 ﬁnem
983 4192 1259 4253 vergente,
1286 4193 1382 4238 aut
1407 4184 1657 4255 sequenti
1678 4185 1790 4256 jam
1818 4184 1974 4241 inito.
2007 4183 2162 4239 Hanc

572 4277 639 4339 ab
682 4292 789 4331 ovo
833 4277 1127 4333 exordiens
1168 4275 1445 4334 fabulator
1485 4288 1694 4341 noster,
1751 4278 1929 4347 primo
1971 4284 2161 4331 narrat

571 4367 857 4437 Theophili
891 4369 1182 4424 dissidium
1217 4384 1343 4423 cum
1380 4358 1662 4424 fratribus
1703 4368 1928 4437 Longis,
1981 4368 2161 4424 tribus

575 4459 782 4513 scilicet
821 4459 948 4515 filiis
991 4457 1346 4523 Heracleenis
1390 4459 1720 4528 imperantis
1770 4459 2158 4524 Alexandriae,

2258 3268 2357 3317 tuo
2382 3266 2499 3317 non
2528 3259 2746 3317 sedcbis
2791 3258 3064 3328 amplius;
3114 3276 3131 3307 ι
3174 3254 3540 3325 Epiphanium
3580 3265 3712 3306 vero
3763 3262 3843 3300 te-

2259 3355 2550 3426 scripsisse
2582 3372 2592 3409 :
2627 3371 2647 3403 ι
2685 3352 2907 3408 Athleta
2942 3350 3169 3415 Christi,
3207 3349 3521 3410 verberare,
3554 3357 3614 3400 ct
3647 3344 3795 3397 vince
3826 3355 3838 3390 ε

2259 3447 2527 3503 inlocutn
2582 3453 2787 3509 autem,
2844 3443 2910 3498 ad
2961 3457 3125 3513 quem
3181 3440 3333 3495 fuisti
3388 3439 3689 3508 relegatus,
3741 3450 3840 3490 non

2262 3539 2469 3595 venies.
2504 3559 2522 3592 ι
2555 3537 2810 3593 Potuitne
2843 3545 3121 3606 postrema
3151 3535 3267 3589 haec
3311 3548 3411 3603 pro
3440 3531 3619 3596 falsis,
3656 3543 3713 3585 ut
3752 3546 3838 3584 ne-

2261 3631 2506 3688 cessario
2545 3639 2676 3684 sunt
2712 3627 3031 3693 falsissima,
3068 3626 3271 3681 habere
3315 3624 3620 3687 Baronius;
3648 3634 3702 3677 et
3735 3638 3832 3675 non

2262 3723 2450 3779 videre
2512 3721 2854 3792 colloquium
2922 3718 3216 3789 Epiphanii
3280 3731 3406 3771 cum
3468 3713 3835 3783 impcratrice,

2262 3815 2512 3886 ejusdem
2545 3823 2606 3870 ut
2644 3812 2889 3869 auctoris
2936 3812 3020 3867 sic
3063 3820 3116 3865 et
3157 3809 3281 3864 ﬁdei
3324 3807 3489 3863 esse?
3526 3806 3843 3874 Cur,igitur

2264 3908 2452 3978 ipsum
2481 3905 2741 3977 opposuit
2780 3903 3092 3959 auctoritati
3137 3901 3431 3956 Sozomeni
3484 3908 3749 3969 tanquam
3791 3895 3839 3947 iu

2264 3998 2508 4054 favorem
2551 3995 2987 4068 Origenistarum
3038 4003 3259 4065 propter
3304 3990 3570 4046 Joannem
3620 4004 3838 4059 propen-

2265 4090 2465 4146 sioris?
2499 4088 2810 4160 Utrumque
2853 4103 2988 4143 sane
3026 4087 3188 4142 velim
3238 4084 3525 4155 aequaliter
3563 4086 3818 4153 rejectum

2264 4182 2487 4254 quando
2514 4182 2756 4251 priorem
2786 4178 3049 4234 Eudoxize
3077 4194 3203 4232 cum
3230 4177 3635 4249 Chrysostomo
3659 4176 3818 4228 rixam

2265 4293 2391 4348 qua:
2429 4274 2727 4329 Theodosii
2767 4273 3011 4343 junioris
3048 4270 3395 4326 nativitatem
3427 4284 3492 4325 ac
3524 4267 3667 4323 forte
3693 4266 3828 4321 etiau

2267 4387 2358 4425 an.
2395 4369 2523 4431 391,
2571 4365 2887 4427 antecessit,
2938 4371 3159 4419 constat
3225 4361 3400 4417 fuisse
3440 4358 3836 4429 compositam:

2266 4472 2322 4519 et
2387 4460 2729 4532 posteriores
2785 4457 3041 4527 querelas
3097 4454 3335 4525 primum
3391 4468 3515 4509 esse
3565 4450 3834 4507 subortas.

572 4553 719 4622 quod
748 4553 878 4607 alibi
906 4567 1017 4607 non
1070 4552 1297 4622 legitur;
1349 4564 1403 4607 ct
1445 4568 1637 4607 eorum
1692 4568 1861 4607 causa
1910 4561 2161 4633 exortam
2200 4548 2242 4601 Ι)
2267 4554 2487 4626 quando
2520 4571 2537 4602 ι
2576 4551 2827 4621 digresso
2859 4549 2929 4604 ab
2959 4548 3094 4603 urbe
3126 4546 3457 4617 Epiphanio,
3510 4544 3747 4601 Joannes
3795 4541 3839 4589 in

575 4647 718 4697 inter
762 4642 1125 4713 Theophilum
1180 4653 1236 4697 et
1291 4643 1557 4698 Joannem
1605 4644 1979 4711 discordiam;
2044 4653 2158 4699 tum

576 4740 791 4807 longam
823 4737 891 4791 de
919 4753 1051 4808 agro
1076 4737 1278 4804 viduae,
1308 4754 1400 4807 per
1437 4736 1739 4793 Eudoxiam
1774 4746 2040 4809 usurpato
2067 4752 2163 4808 per

574 4831 1028 4901 Chrysostomum
1102 4831 1256 4885 reddi
1321 4831 1513 4900 jussu,
1586 4830 1908 4886 relationem
1986 4832 2158 4894 texit;

572 4940 737 4992 quam
766 4939 949 4979 veram
987 4923 1041 4976 in
1074 4923 1385 4978 substantia
1415 4939 1537 4979 esse
1575 4923 1827 4980 dubitare
1867 4939 1977 4977 non
2032 4924 2165 4978 sinit

572 5016 790 5073 Marcus
819 5014 1110 5081 diaconus,
1142 5016 1219 5069 in
1280 5013 1403 5069 Vita
1439 5014 1502 5071 S.
1556 5015 1849 5087 Porphyrii
1906 5015 2161 5071 Gazenst's

571 5108 644 5173 26
676 5107 835 5163 Febr.
883 5124 939 5161 ιι.
977 5107 1065 5173 37,
1126 5108 1223 5163 sed
1273 5117 1599 5179 pratextum
1650 5109 1772 5179 ejus
1827 5111 1941 5181 agri
1997 5124 2163 5165 usur-

578 5202 741 5285 pandi
771 5216 894 5256 eum
928 5201 1155 5255 adducit
1180 5199 1457 5256 fabulator
1483 5209 1691 5265 noster,
1721 5201 1814 5271 qui
1847 5217 1957 5257 non
1986 5203 2165 5271 possit

578 5309 687 5346 non
716 5310 839 5349 esse
859 5294 927 5347 de
959 5293 1201 5349 falsitate
1228 5302 1553 5364 suspectus;
1582 5293 1729 5364 quod
1755 5294 1967 5349 scilicet
1993 5313 2011 5345 ι
2045 5309 2165 5351 mos

580 5394 667 5437 est
699 5384 1126 5453 imperatoribus
1149 5395 1204 5441 et
1230 5386 1695 5457 imperatricibus,
1746 5387 1794 5442 si
1834 5388 1920 5442 vel
1968 5389 2161 5458 pedem

581 5477 829 5531 intulerit
860 5478 912 5531 in
944 5487 1145 5533 terram
1178 5481 1434 5546 alienam,
1472 5491 1525 5536 et
1558 5482 1604 5537 si
1650 5481 1893 5536 fructum
1937 5496 2166 5551 accepe-

582 5570 655 5620 rit
683 5583 748 5621 ex
767 5568 953 5637 aliquo
979 5584 1171 5624 eorum
1202 5587 1326 5641 quae
1352 5572 1589 5627 fructum
1626 5572 1832 5635 ferunt,
1881 5582 1940 5627 ut
1980 5573 2167 5628 nullus

583 5661 724 5713 alius
770 5661 825 5713 in
869 5676 934 5713 ea
992 5672 1315 5731 potestatem
1369 5666 1564 5719 habeat
1624 5665 1728 5720 nisi
1789 5667 2107 5735 imperator.
2144 5684 2163 5717 ι

583 5753 777 5822 itaque
808 5753 1012 5808 factum
1050 5756 1146 5819 ait,
1180 5766 1237 5809 ut
1268 5771 1393 5810 eum
1433 5774 1565 5810 casn
1621 5757 1750 5811 illuc
1790 5757 2037 5826 ingressa
2066 5756 2167 5809 im-

575 5848 824 5923 ,pet'att‘ix
859 5847 1070 5903 botrum
1099 5848 1201 5903 sibi
1231 5851 1578 5917 rcsecuissel,
1602 5851 1704 5904 hoc
1732 5850 1851 5918 ipso
1880 5850 1997 5918 cogi
2026 5850 2169 5904 vidc-

2265 4648 2502 4704 ecclesia
2531 4645 2701 4700 verba
2742 4643 2972 4706 faciens,
3021 4655 3373 4698 communem
3425 4639 3693 4694 adversus
3728 4651 3836 4688 mu—

2265 4744 2427 4800 lieres
2471 4745 2934 4812 vituperationem
2990 4735 3249 4800 instituit,
3293 4749 3462 4804 quam
3504 4734 3736 4803 populus
3775 4731 3837 4781 ita

2266 4836 2498 4906 accepit,
2547 4834 2706 4906 quasi
2750 4832 3016 4886 adversus
3061 4826 3413 4897 imperatoris
3471 4825 3754 4896 conjugem
3785 4823 3837 4873 li-

2268 4941 2461 5003 gurate
2488 4927 2792 4998 composita
2824 4924 3040 4987 fuisset,
3080 4941 3099 4968 ι
3140 4922 3218 4977 uti
3252 4921 3448 4977 scribit
3490 4920 3833 4977 Sozomcnus,

2269 5024 2325 5079 in
2361 5024 2466 5078 hoc
2486 5019 2792 5079 conformis
2813 5017 3053 5077 Soerati.
3080 5014 3222 5073 Tum
3253 5015 3469 5071 scilicet
3495 5011 3832 5085 Theophilus.

2268 5116 2362 5186 qui
2402 5116 2552 5172 solus
2595 5112 2775 5169 fuerat
2820 5119 3052 5166 vocatus
3086 5109 3142 5163 in
3188 5107 3403 5174 urbem,
3456 5106 3834 5176 jmlicamlus‘a

2270 5208 2481 5265 Joanne
2510 5207 2564 5262 in
2593 5221 2761 5262 causa
2810 5203 3236 5265 monachorum,
3286 5200 3577 5272 agentibus
3624 5193 3832 5253 Joannis

2269 5300 2484 5357 :emulis
2515 5308 2570 5354 et
2619 5298 2885 5354 suadente
2936 5294 3307 5365 impcratrice,
3365 5301 3532 5362 atque
3583 5286 3830 5362 synodum

2271 5404 2462 5451 contra
2491 5407 2612 5448 eam
2646 5389 3061 5446 convocandam
3098 5394 3381 5457 poscente,
3430 5385 3726 5455 permissus
3762 5383 3829 5430 est

2273 5486 2561 5557 «Egyptios
2595 5485 2885 5553 episcopos
2915 5496 3103 5537 secum
3134 5479 3340 5534 dueere
3376 5494 3389 5529 :
3425 5478 3518 5549 qni
3555 5477 3607 5531 in
3651 5473 3826 5528 subur-

2272 5578 2362 5631 bio
2395 5575 2758 5631 Chalcedonis
2789 5574 2855 5628 ad
2905 5572 3182 5639 Qucrcum
3222 5567 3537 5639 congregati
3589 5565 3827 5619 Joannem

2272 5668 2577 5738 depositum
2624 5668 3009 5731 declararunt;
3057 5664 3150 5718 sed
3203 5662 3429 5724 frustra,
3478 5660 3673 5731 popqu
3718 5663 3827 5704 eum

2277 5763 2360 5815 vel
2394 5761 2625 5814 invitum
2651 5758 2994 5813 restituente.
3032 5756 3170 5810 Cum
3214 5765 3395 5809 autem
3442 5765 3658 5823 propter
3692 5766 3708 5797 ι
3753 5758 3827 5795 ar-

2280 5861 2527 5913 genteam
2559 5860 2797 5906 statuam
2839 5869 2858 5901 ι
2896 5840 3078 5903 denuo
3107 5862 3335 5903 ascensa
3374 5855 3521 5901 esset
3554 5832 3825 5911 indignatio
