4058 6476
414 363 512 419 NQ

1437 366 1494 421 S.
1540 362 1875 421 EPIPHANII
1918 361 2097 417 ACTA
2141 359 2640 415 BOLLANDIANA.

3558 322 3662 404 ιὲίο

410 482 811 549 imperatricis,
870 483 926 539 in
969 485 1138 540 altera
1197 495 1386 554 postea
1442 487 1654 559 synodo
1704 488 1989 543 decretum
2021 491 2067 545 Α
2103 482 2349 547 Petavio,
2385 482 2824 552 ψευδεπίγραφον
2856 476 3102 543 credere,
3138 494 3155 527 ι
3198 483 3417 545 propter
3445 486 3666 527 sexcen-

410 576 588 631 saneti
643 576 908 631 exsilium
956 584 1075 643 est,
1131 592 1199 633 eo
1257 578 1436 634 solum
1491 588 1775 649 praetextu,
1842 578 1990 648 quod

411 666 706 720 damnatus
735 666 794 719 in
816 666 1044 737 synodo,
1064 659 1273 737 absque
1299 670 1694 724 numerosioris
1714 684 1878 739 quam
1904 668 1991 722 illa

409 757 484 811 ad
536 755 811 822 Quen-cm
851 756 1035 814 {Iterat
1066 760 1257 831 synodi
1299 761 1587 827 sententia,
1618 761 1803 817 sedem
1830 774 1990 816 suam

416 860 737 917 recepisset.

490 939 583 995 56.
615 939 698 996 Ad
728 949 1034 998 extremum
1062 942 1116 998 in
1144 941 1321 1010 Actis,
1362 952 1518 1000 tanto
1543 943 1669 1015 jure
1695 942 1994 1014 reproban-

414 1036 528 1101 dis,
555 1035 755 1091 dicitur
807 1034 1145 1108 Epiphanius
1198 1038 1519 1094 adhortatus
1565 1035 1619 1090 in
1664 1035 1787 1090 navi
1837 1048 1989 1098 suos,

419 1128 648 1184 sedasse
693 1130 947 1200 precibus
998 1137 1378 1199 tempestatem
1439 1127 1772 1193 triduanam,
1830 1133 1996 1195 atque

418 1219 760 1289 exspirasse.
789 1219 961 1289 Cuius
990 1220 1261 1276 demortui
1292 1234 1518 1289 corpus,
1537 1216 1997 1273 circumcisumue

415 1319 591 1373 esset,
619 1309 903 1378 explorare
929 1310 1117 1366 volens
1162 1310 1494 1376 navarchus,
1528 1308 1639 1363 ictu
1711 1303 1864 1375 pedis
1908 1319 1994 1357 re-

418 1408 509 1453 tro
539 1408 697 1455 actus
721 1400 1135 1472 exstinctusque
1183 1401 1252 1457 ad
1288 1401 1514 1457 eosdem
1561 1397 1730 1469 pedes
1784 1395 1997 1466 positus

418 1492 702 1546 revixerit.
747 1492 991 1562 Cumque
1035 1492 1412 1549 Constantiam
1470 1491 1777 1561 appulisset
1818 1485 1993 1552 navis,

418 1582 665 1637 tenebm
684 1582 915 1652 quidem
962 1583 1059 1639 toti
1102 1582 1452 1639 incubuerint
1495 1579 1738 1647 civitati;
1771 1588 1881 1633 tres
1913 1587 1997 1630 ta-

421 1687 551 1727 men
607 1670 737 1728 caeci
793 1672 1007 1730 obviam
1062 1672 1361 1744 progressi,
1423 1685 1551 1728 cum
1600 1669 1828 1738 reliquis
1873 1679 1998 1721 sese

420 1778 592 1818 manu
626 1765 961 1830 tenentibus.
988 1764 1167 1820 visum
1197 1765 1539 1833 receperint;
1577 1774 1779 1829 corpus
1812 1767 1993 1812 autem

418 1854 704 1910 conditum
744 1856 901 1911 melle
933 1822 1233 1925 prostiterit
1261 1822 1580 1910 ita-ecclesia
1614 1822 1809 1908 diebus
1853 1849 1998 1903 mul-
2030 1822 2070 1877 Β

421 1945 517 2006 tis,
551 1961 618 1999 eo
648 1947 790 2015 quod
818 1946 1099 2019 Longinus
1130 1958 1183 2004 et
1200 1944 1494 2001 Petronius
1537 1943 1777 2009 diaconi,
1803 1938 1998 1996 haeresi

425 2034 808 2090 Valentiniana
851 2035 989 2090 clam
1038 2033 1245 2102 infecti,
1280 2033 1436 2089 nefas
1466 2048 1589 2088 esse
1634 2031 1879 2087 dicerent
1918 2033 2002 2085 in-

418 2135 506 2179 tra
533 2124 805 2179 civitatem
857 2125 910 2178 in
962 2125 1194 2180 ecclesia
1251 2123 1467 2195 sepeliri
1518 2133 1827 2187 mortuum;
1869 2120 2000 2189 quia

420 2224 606 2269 autem
642 2215 871 2284 sepelire
894 2230 1023 2271 cum
1060 2215 1421 2272 nihilominus
1452 2213 1764 2269 volentibus
1816 2212 1894 2266 illi
1941 2226 2002 2268 se

420 2305 793 2373 opponebaut,
823 2306 891 2359 ad
929 2306 1223 2361 venerandi
1252 2304 1469 2361 diaconi
1504 2302 1716 2369 Sabini,
1762 2302 2001 2372 Epipha-

422 2393 577 2447 nium
614 2394 941 2460 invocantis,
966 2409 1190 2465 preces;
1233 2394 1514 2465 Longinus
1545 2394 1766 2464 quidem
1801 2392 1990 2448 conci-

419 2481 567 2535 derit
601 2480 719 2550 ipso
772 2481 895 2536 loco
946 2495 1217 2551 mortuus,
1274 2483 1563 2540 Petronius
1607 2499 1759 2545 vero,
1815 2482 1994 2539 elatus

422 2569 554 2625 inde
587 2571 916 2643 paralyticus
938 2588 1002 2627 ac
1026 2583 1234 2641 mutus,
1256 2584 1454 2644 quarto
1485 2574 1574 2629 die
1601 2574 1821 2628 obierit.
1855 2571 1996 2627 Tum

417 2677 554 2717 vero
615 2662 815 2717 missos
862 2662 1393 2735 Constantinopolim
1459 2664 1667 2735 legatos
1723 2678 1842 2726 sex,
1899 2663 1994 2732 qui

417 2753 642 2808 Arcadii
685 2754 1030 2824 imperatoris
1086 2756 1420 2811 voluntatem
1463 2756 1853 2826 exquirerent;
1906 2754 2001 2811 hic

419 2867 553 2906 vero
596 2867 690 2906 eos
745 2852 1060 2919 detinuerit,
1102 2853 1277 2907 donec
1316 2869 1503 2914 suum,
1560 2861 1618 2906 ut
1668 2849 1996 2921 appellabat,

416 2951 630 3013 patrem
666 2942 899 2998 lusisset
934 2943 1138 2999 diebus
1168 2944 1563 3014 quadraginta;
1600 2943 1777 3012 iisque
1807 2939 1995 3009 exple-

421 3034 493 3088 tis
524 3033 741 3088 eosdem
775 3032 1048 3088 remiserit
1078 3049 1204 3088 cum
1238 3033 1475 3102 quodam
1514 3031 1773 3096 Maximo,
1822 3032 1993 3086 mole-

421 3128 569 3174 stum
595 3119 699 3174 sibi
734 3119 1035 3174 daemonem
1071 3117 1508 3174 circumferente.
1532 3118 1614 3172 Ab
1645 3118 1749 3173 hoc
1781 3125 1989 3181 autem,

419 3218 547 3263 ante
575 3224 794 3264 sacrum
836 3224 1035 3278 corpus
1084 3218 1361 3281 prostrato
1412 3224 1478 3264 ac
1516 3208 1765 3273 liberato,
1802 3208 1995 3261 lectam

424 3300 758 3370 imperialem
783 3301 1094 3370 epistolam,
1123 3316 1283 3356 versu
1318 3302 1558 3357 secundo
1585 3301 1666 3356 sic
1710 3302 1999 3358 continen-

423 3402 560 3445 tem:
591 3410 610 3442 ο
640 3389 777 3444 Eum
801 3391 894 3459 qui
923 3390 1055 3446 visit
1082 3407 1247 3462 supra
1279 3400 1496 3447 nostras
1536 3393 1702 3463 leges,
1734 3392 1994 3451 nolunms

425 3482 608 3553 jacere
668 3482 1054 3537 convenienter
1114 3484 1318 3539 nostris
1361 3485 1604 3553 legibus;
1654 3504 1671 3535 ι
1706 3493 1871 3555 atque
1923 3484 1997 3539 ita

426 3574 644 3628 demum
672 3574 953 3644 depositus
980 3575 1137 3629 fuerit
1165 3587 1390 3631 sanctus
1430 3576 1484 3631 in
1529 3578 1683 3631 theca
1718 3578 1785 3632 ad
1828 3576 1879 3631 id
1913 3574 1998 3630 fa-

426 3664 657 3728 bricata,
693 3685 711 3715 ε
746 3666 865 3734 ipso
892 3665 1015 3722 loco
1047 3666 1137 3720 ubi
1176 3681 1341 3737 supra
1374 3666 1794 3722 Fanstiniauum
1853 3669 1999 3724 ceci-

420 3753 578 3808 derat
607 3752 922 3822 fabricator,
955 3774 973 3808 ι
1005 3757 1194 3825 utique
1220 3758 1501 3813 mensibus
1535 3759 1710 3814 tribus
1737 3769 1833 3813 aut
1863 3774 2000 3829 qua-

422 3854 571 3910 tuor,
606 3846 760 3916 juxta
796 3840 953 3901 banc
1006 3846 1269 3915 fabulam,
1333 3860 1455 3919 post
1506 3853 1677 3906 sancti
1739 3868 1995 3908 mortem.

423 3937 549 3995 Haec
574 3946 780 4005 autem,
818 3948 876 3993 ut
904 3938 1142 3992 indicavi
1171 3954 1224 3992 η.
1262 3940 1315 4003 5,
1353 3940 1574 4009 ﬁngitur
1603 3944 1842 3999 scribere
1870 3945 1997 4012 Epi-

424 4029 935 4102 phanii'successor
973 4029 1211 4085 Sabinus
1245 4032 1310 4085 ad
1341 4030 1621 4104 Polybium
1671 4036 1991 4091 octavordie

423 4120 670 4178 durantis
704 4136 802 4191 pro
848 4121 1127 4190 sepultura
1161 4123 1528 4177 contentionis
1571 4124 1879 4195 digressum
1930 4130 1998 4185 ab

424 4212 626 4277 insula,
664 4220 880 4282 etpost
923 4213 1089 4267 unius
1136 4216 1266 4267 anni
1326 4229 1537 4267 moram
1592 4216 1648 4268 in
1698 4214 1996 4288 Thebaide,

426 4311 639 4372 raptum
708 4302 778 4356 ab
828 4300 1182 4368 Heracleone,
1242 4302 1408 4358 tetius
1462 4302 1680 4375 Egypti
1742 4308 1995 4376 praeside,

423 4394 820 4449 Rhinocernris
858 4403 992 4449 tunc
1038 4396 1341 4462 habitante,
1393 4405 1457 4450 ut
1497 4406 1645 4452 esset
1679 4398 1800 4468 ejus
1846 4402 1998 4456 urbis

2094 582 2181 630 tas
2221 574 2628 629 mendaciorum
2660 586 2854 642 nugas,
2894 570 3096 640 quibus
3122 566 3259 621 liber
3303 565 3391 618 ille
3433 561 3666 617 refertus
3710 614 3713 619 ,

2093 672 2201 721 est.
2243 682 2263 715 ι
2284 662 2506 717 «Ραωγίο
2537 659 2868 716 Sirmundus
2895 669 2948 714 et
2970 657 3240 713 Labbteus
3268 651 3665 721 subscripsere,

2094 755 2271 811 sancti
2308 753 2489 809 Patris
2540 754 2732 808 honori
2782 750 3057 818 faventes;
3107 757 3162 805 et
3200 748 3397 803 borum
3445 751 3668 801 senten-

2094 846 2229 900 tiam
2263 862 2328 899 ex
2368 846 2558 900 eodem
2602 844 2811 899 motive
2856 842 3116 899 libentius
3157 852 3335 904 teneo,
3376 837 3500 892 licet
3531 836 3667 891 satis

2096 937 2393 1007 intelligam
2429 951 2555 990 cum
2594 934 2846 1001 Labhazo,
2886 948 3008 990 esse
3044 932 3139 1004 qui
3183 941 3462 992 censeant,
3502 947 3521 981 ι
3563 942 3671 981 non

2095 1027 2279 1082 omnia
2337 1025 2608 1081 veteribus
2658 1024 2912 1079 Patribus
2970 1021 3363 1087 subtrahenda,
3391 1020 3446 1073 in
3474 1018 3671 1088 quibus

2097 1114 2453 1171 Thalmudica
2489 1121 2797 1169 commenta
2829 1120 2883 1167 et
2922 1110 3200 1167 Hebraicae
3251 1108 3504 1180 quaedam
3537 1106 3672 1162 deu-

2096 1217 2306 1264 tcroses
2333 1207 2707 1261 continentur.

2168 1300 2256 1355 58.
2290 1298 2383 1354 Sic
2411 1288 2549 1354 liber
2580 1298 2657 1353 De
2693 1297 2815 1351 Vita
2843 1307 2891 1350 et
2920 1305 3086 1352 morte
3107 1295 3397 1365 iustorum,
3435 1289 3671 1349 Baronio

2100 1390 2153 1444 in
2182 1390 2329 1444 notis
2362 1388 2430 1443 ad
2463 1386 2773 1443 Romanum
2802 1385 3249 1457 Martyrologium
3282 1384 3308 1436 1
3346 1380 3469 1435 Maii
3509 1389 3563 1434 et
3601 1380 3671 1431 εἶῆ

2104 1498 2123 1532 t
2160 1480 2465 1550 cujuspiam
2490 1480 2719 1535 alterius
2766 1478 2951 1549 potius
2994 1491 3160 1547 quam
3206 1476 3266 1533 S.
3322 1473 3510 1530 isidori
3552 1487 3672 1525 esse

2099 1555 2333 1633 videtur,
2369 1584 2435 1625 eo
2456 1569 2602 1639 quod
2639 1568 2692 1623 in
2736 1582 2802 1623 eo
2836 1566 3119 1637 complura
3161 1564 3523 1635 reperiantur,
3572 1559 3673 1615 lsi-

2098 1664 2232 1719 doro
2264 1663 2509 1733 indigna,
2544 1669 2921 1733 coagmentata
2971 1659 3254 1715 mendacia
3285 1674 3299 1710 :
3340 1677 3358 1709 ι
3389 1657 3457 1713 de
3494 1672 3559 1711 eo
3602 1664 3668 1709 ta-

2101 1769 2223 1810 men
2247 1768 2358 1815 non
2385 1754 2516 1810 sinit
2544 1769 2645 1809 nos
2681 1752 2930 1810 dubitare
2966 1750 3023 1807 S.
3062 1750 3284 1806 Braulio
3310 1749 3366 1804 in
3404 1756 3672 1819 praenota-

2102 1847 2248 1902 tione
2278 1846 2545 1902 librorum
2574 1846 2695 1916 ejus
2730 1863 2742 1899 :
2778 1845 2851 1899 ita
2887 1852 2949 1899 ut
2992 1844 3122 1899 huic
3160 1841 3475 1899 excusando
3526 1840 3672 1894 aliud

2100 1953 2211 1993 non
2242 1945 2516 2008 suppetat,
2566 1952 2731 2007 quam
2782 1952 2906 1991 cum
2961 1934 3195 1991 Labbazo
3245 1934 3327 1990 vel
3379 1946 3674 2001 agnoscere

2106 2049 2125 2082 ι
2164 2030 2234 2085 ab
2265 2031 2450 2100 aliquo
2482 2029 2874 2099 interpolatore
2899 2039 3241 2097 corruptum,
3284 2044 3303 2077 ι
3336 2026 3420 2079 vel
3445 2025 3675 2094 ingenue

2100 2120 2281 2185 fateri,
2313 2121 2461 2191 quod
2499 2140 2517 2174 ι
2559 2121 2724 2175 nimis
2761 2118 3045 2184 credulus,
3073 2134 3196 2187 quas
3226 2117 3295 2171 ab
3326 2101 3449 2171 aliis
3475 2116 3674 2185 scripta

2102 2213 2331 2282 reperit,
2356 2211 2537 2266 minus
2567 2210 2839 2276 discussa,
2882 2225 2992 2265 non
3038 2219 3150 2263 tam
3180 2222 3280 2262 sua
3306 2220 3469 2276 quam
3501 2204 3674 2259 aliena

2101 2301 2390 2373 protulerit
2417 2299 2541 2355 ﬁde.
2570 2321 2590 2351 ι
2616 2298 2868 2366 Quandiu
2909 2308 3091 2353 tamen
3121 2295 3446 2350 alterutrum
3472 2292 3675 2359 dicere,

2100 2407 2200 2463 pro
2228 2393 2432 2446 tuendo
2454 2391 2549 2463 qui
2580 2392 2684 2447 sub
2712 2389 3003 2460 Epiphanii
3046 2388 3269 2442 nomine
3305 2382 3672 2439 controvcrti-

2102 2495 2192 2538 tur
2238 2482 2400 2548 libro,
2437 2483 2632 2538 similis
2683 2481 2939 2551 ponderis
2994 2495 3104 2533 non
3154 2478 3299 2549 cogit
3348 2477 3673 2537 auctoritas,

2103 2575 2237 2629 bene
2270 2573 2452 2629 deillo
2480 2588 2674 2627 omnes
2710 2571 2909 2627 mereri
2954 2570 3234 2633 existimo,
3276 2568 3369 2639 qui
3420 2568 3475 2623 id
3529 2568 3674 2637 quod

2101 2667 2221 2738 ejus
2249 2667 2517 2739 gravitate
2546 2665 2828 2736 indignum
2855 2678 2977 2719 esse
3004 2662 3400 2717 rationabiliter
3428 2668 3673 2723 censent,

2101 2760 2171 2814 ab
2198 2758 2318 2829 ipso
2348 2757 2613 2828 scriptum
2641 2771 2763 2812 esse
2806 2770 2914 2810 non
2966 2754 3197 2809 libenter
3235 2752 3498 2816 credunt;
3537 2752 3674 2805 male

2101 2859 2343 2913 econtra,
2382 2850 2476 2919 qui
2514 2847 2792 2902 mordicus
2827 2845 2880 2900 id
2923 2845 3198 2900 sustinere
3225 2844 3438 2908 volunt,
3474 2851 3534 2896 nt
3559 2834 3673 2910 éjus

2100 2940 2453 3005 auctoritate,
2485 2940 2629 2995 sicut
2679 2946 2734 2992 et
2784 2934 2844 2991 S.
2896 2935 3087 2991 lsidori
3134 2934 3316 2989 fulciri
3369 2934 3673 2996 videantur,
3748 2935 3770 2955 ί

2102 3046 2225 3100 qua:
2249 3030 2324 3084 ibi
2357 3029 2425 3085 de
2449 3028 2884 3099 Eliaa‘prophetaz
2908 3028 3182 3082 natalibus
3211 3027 3490 3097 leguntur.
3518 3024 3688 3094 Equi-

2102 3122 2223 3177 dem
2246 3121 2503 3176 existimo
2524 3118 2716 3175 Patres
2750 3121 2907 3185 istos,
2941 3118 2989 3175 si
3020 3119 3151 3174 talia
3191 3118 3294 3189 ipsi
3320 3131 3509 3172 revera
3540 3116 3710 3170 scri-~

2100 3221 2349 3283 pserunt,
2403 3226 2552 3266 mere
2613 3211 2972 3279 interpretum
3018 3218 3072 3264 et
3121 3210 3473 3265 collectorum
3522 3206 3676 3274 fungi

2100 3303 2277 3358 cilicio
2320 3303 2585 3369 voluisse,
2637 3301 2849 3355 nullum
2899 3309 3083 3356 autem
3124 3300 3190 3355 iis
3239 3314 3306 3354 ex
3357 3313 3415 3353 se
3463 3296 3678 3367 pondus

2100 3392 2342 3447 addere:
2386 3407 2455 3445 an
2515 3399 2696 3445 autem
2756 3404 2944 3443 revera
3003 3404 3184 3458 operte
3230 3387 3464 3458 pretium
3516 3386 3679 3441 fuerit
3734 3452 3737 3455 _

2102 3482 2477 3537 Rabbinorum
2503 3482 2570 3537 de
2623 3480 2828 3537 sanctis
2872 3481 3146 3536 veteribus
3186 3460 3423 3544 somnia,
3477 3479 3677 3548 quibus

2102 3574 2180 3630 illi
2215 3589 2407 3630 omnes
2438 3588 2611 3629 sacrae
2637 3570 2936 3642 Scriptura:
2971 3572 3233 3627 historias
3253 3569 3674 3641 interpolarunt,

2100 3668 2186 3723 vel
2206 3669 2319 3739 jam
2355 3667 2488 3721 olim
2536 3665 2761 3722 collecta
2790 3664 2981 3720 Graece
3020 3663 3322 3734 Latineque
3357 3661 3673 3727 reddidisse,

2101 3761 2183 3815 vel
2218 3760 2272 3813 in
2325 3758 2545 3813 illorum
2600 3755 2757 3812 libris
2802 3756 3055 3827 pluribus
3104 3756 3349 3824 dispersa
3404 3754 3457 3807 in
3505 3770 3677 3808 unum

2101 3851 2345 3906 libellum
2392 3849 2703 3919 collegisse,
2751 3845 3165 3916 prudentiorum
3209 3854 3327 3900 esto
3373 3844 3673 3914 judicium;

2101 3939 2404 3995 curiositati
2443 3946 2592 3993 certe
2634 3946 2688 3992 et
2729 3935 3081 3991 oblectationi
3134 3934 3384 3988 nonnihil
3434 3934 3678 3989 serviuzt

2099 4030 2226 4098 ista,
2266 4044 2442 4100 neque
2485 4028 2647 4083 alicui
2698 4041 2897 4082 nocere
2947 4035 3181 4096 possunt
3236 4026 3331 4096 qui
3381 4026 3461 4081 eis
3514 4025 3673 4079 fidem

2101 4135 2208 4175 non
2251 4135 2505 4193 magnam
2549 4118 2824 4182 habuerit,
2872 4118 3180 4187 intelligam
3212 4133 3339 4173 eum
3370 4108 3675 4186 Theophila

2098 4213 2403 4285 Raynando
2449 4220 2657 4276 nostro,
2690 4212 2762 4266 de
2789 4213 2950 4267 bonis
2994 4221 3049 4267 et
3085 4212 3244 4266 malis
3274 4210 3430 4265 libris
3460 4227 3512 4265 n.
3546 4209 3672 4272 352,

2099 4320 2289 4360 eorum
2324 4322 2345 4355 ί
2378 4305 2603 4360 multant
2639 4304 3057 4358 mendacitateln
3087 4311 3143 4357 et
3172 4302 3604 4365 fabulesitatern,
3651 4322 3668 4352 ι

2100 4393 2354 4465 quodque
2385 4393 2468 4465 (ut
2514 4393 2659 4448 idem
2702 4410 2760 4447 n.
2800 4393 2908 4448 548
2951 4397 3124 4462 notat)
3157 4411 3181 4445 ι
3230 4392 3495 4447 Rabbinis
3546 4407 3675 4461 pro-

420 4485 750 4555 episcepus;
806 4499 933 4539 cum
982 4485 1236 4554 petiisset
1272 4486 1347 4540 de
1403 4486 1550 4542 illius
1604 4490 1997 4545 controversiae
2030 4499 2071 4549 D
2103 4487 2279 4555 prium
2296 4494 2505 4556 quarto
2528 4487 2696 4541 modo
2744 4496 2829 4543 est
2866 4485 3121 4554 fabulari,
3144 4496 3353 4556 etqua:
3390 4500 3672 4556 nunquam

419 4576 573 4631 exitu
605 4576 791 4630 doceri
822 4592 860 4630 a
909 4575 1138 4642 Sabino,
1194 4576 1324 4647 quia
1372 4594 1440 4631 ex
1488 4578 1723 4650 Calippo
1763 4580 1996 4635 diacono

421 4665 659 4721 audierit
682 4667 833 4721 illum
863 4667 1198 4723 Constantia:
1229 4669 1546 4739 episcopum
1580 4670 1919 4729 ordinatum.

492 4759 582 4812 57.
614 4758 812 4825 Habes,
839 4758 1063 4824 Lecton
1089 4760 1176 4815 his
1205 4761 1421 4818 duobus
1446 4763 1719 4831 capitibus
1743 4779 1995 4834 compre-

420 4851 649 4905 hensam
684 4851 861 4907 totius
886 4850 1120 4919 prolixa:
1166 4851 1306 4906 alias
1346 4851 1543 4907 fabulae
1582 4868 1883 4920 summam,
1927 4870 1994 4909 eo

423 4942 552 5008 line,
586 4952 648 4998 ut
682 4942 728 4997 si
754 4943 889 5012 quid
920 4942 1051 4999 alibi
1095 4943 1340 5011 reperias
1386 4959 1418 4997 a
1470 4943 1632 4999 nobis
1657 4943 1992 5012 praeteritum

417 5035 472 5088 in
502 5035 694 5102 primis
724 5035 968 5104 quinque
1000 5033 1273 5104 capitibus
1308 5034 1457 5103 quod
1497 5034 1587 5089 hic
1636 5035 1799 5091 etiam
1818 5036 1991 5091 attin-

415 5135 578 5196 gatur
605 5143 621 5193 ;
659 5127 974 5183 discernere
1002 5127 1200 5195 pessis,
1225 5134 1408 5183 utrum
1438 5127 1491 5185 id
1537 5126 1668 5185 hinc
1704 5138 1989 5196 acceptum

414 5219 673 5273 aestimari
707 5234 817 5273 non
840 5218 1071 5282 debeat;
1101 5232 1174 5274 an
1219 5233 1366 5297 vero,
1412 5228 1475 5277 ut
1513 5234 1581 5275 ex
1628 5218 1844 5277 meliori
1887 5234 1990 5274 au-

414 5318 568 5363 ctore
598 5310 705 5364 huc
735 5310 1082 5377 translatum,
1114 5310 1276 5366 iidem
1306 5320 1588 5367 mereatur
1620 5325 1745 5365 cum
1786 5309 1990 5379 priori'

414 5401 518 5455 bus
545 5400 814 5455 obtinere.
837 5398 1101 5461 Similiter
1119 5402 1347 5459 arbitrio
1369 5411 1464 5457 tuo
1486 5402 1759 5471 relinquo,
1780 5402 1991 5457 velisne

415 5506 514 5559 pro
540 5492 780 5561 genuino
808 5490 866 5545 S.
901 5491 1188 5561 Epiphanii
1228 5492 1339 5548 fetu
1373 5494 1575 5550 habere
1615 5509 1738 5548 cum
1780 5492 1989 5547 Bellar-

416 5583 566 5635 mino
589 5582 788 5635 librum
817 5580 890 5634 De
926 5583 1037 5635 vita
1078 5584 1451 5652 prophetarum
1495 5600 1778 5657 eorumque
1807 5582 1988 5653 sepul-

416 5685 560 5736 tura,
588 5673 843 5742 quamvis
868 5673 1109 5743 ignotum
1137 5673 1334 5730 Pbotio
1356 5692 1416 5733 η.
1442 5675 1548 5729 122
1602 5683 1659 5730 et
1686 5689 1839 5745 seqq.
1869 5674 1988 5744 ejus

414 5780 577 5831 opera
602 5765 947 5833 recensenti;
972 5781 1040 5820 an
1061 5782 1185 5829 cum
1212 5767 1508 5824 novissimo
1536 5766 1657 5837 ejus
1689 5766 1986 5837 interprete

2097 4578 2323 4635 "Suerunt
2336 4587 2573 4634 eruntve
2596 4595 2869 4650 unquam,
2895 4589 3154 4649 tanquam
3180 4593 3309 4634 vera
3340 4593 3671 4649 proponere,

2097 4671 2234 4726 adeo
2272 4686 2461 4728 crasse
2489 4687 2556 4727 ac
2589 4673 2809 4738 stolide,
2844 4681 3001 4727 utne
3033 4671 3239 4743 ingenii
3272 4672 3492 4741 quidem
3529 4671 3673 4725 mica

2095 4763 2539 4832 deprehendatur
2568 4764 2623 4818 in
2655 4764 3127 4820 comminiscendo
3167 4763 3363 4818 dextro
3410 4772 3465 4817 et
3510 4777 3673 4831 appo-

2096 4854 2218 4917 site,
2257 4854 2617 4924 [ingentiaque
2648 4855 3002 4924 probabiliter
3049 4865 3103 4910 et
3147 4862 3271 4924 apte
3324 4854 3391 4908 ad
3444 4868 3672 4922 persua-

2094 4945 2354 5003 dendum.
2388 4964 2415 4999 ,ο
2445 4945 2718 5001 Convenit
2750 4945 2994 5015 profecto
3019 4960 3129 5001 non
3164 4955 3272 5001 tam
3318 4944 3669 4999 considerare

2092 5037 2219 5106 quis
2244 5036 2377 5105 quid
2402 5037 2705 5106 scripserit.
2750 5038 2821 5093 de
2864 5037 2934 5092 iis
2982 5052 3109 5107 quae
3152 5044 3278 5093 ante
3312 5034 3668 5102 longissimas

2091 5137 2280 5187 aetates
2311 5137 2431 5184 aeta
2460 5129 2734 5194 feruntur,
2761 5130 2927 5186 certis
2957 5129 3124 5185 nullis
3149 5138 3435 5184 auctorum
3459 5140 3671 5182 coaevo-

2092 5236 2215 5276 rum
2239 5224 2611 5276 monumentis
2642 5231 2870 5289 testata;
2905 5221 3002 5276 sed
3038 5233 3181 5290 quos
3219 5218 3384 5274 fuerit
3408 5218 3580 5274 duces
3609 5218 3666 5273 in

2092 5313 2383 5370 scribemlo
2417 5297 2673 5381 secutus;
2706 5313 2763 5368 bi
2791 5320 2994 5377 autem,
3042 5311 3185 5366 ineo
3208 5310 3353 5383 quod
3396 5310 3671 5381 tangimus

2092 5413 2437 5473 argumento,
2457 5402 2546 5456 alii
2566 5417 2729 5471 quam
2749 5400 2980 5456 Rabbini
3004 5416 3111 5455 non
3129 5399 3521 5469 fuerunt,iiqne
3536 5414 3666 5455 vero

2093 5495 2343 5551 similiter
2361 5494 2857 5565 Hierosolymitano
2875 5493 3087 5549 excidio
3108 5495 3438 5563 posteriores
3454 5507 3667 5547 omnes.

2162 5586 2251 5639 59.
2283 5584 2574 5643 Carterum,
2593 5584 2719 5651 quia
2743 5584 2876 5637 liber
2896 5584 3147 5654 vulgatus
3172 5585 3275 5640 sub
3306 5585 3522 5639 nomine
3551 5582 3681 5652 Epi-

2094 5674 2300 5745 phanii,
2330 5674 2565 5743 primum
2595 5674 2864 5742 superiori
2900 5676 3101 5732 saeculo
3130 5675 3320 5731 Latine
3345 5675 3449 5746 legi
3480 5675 3666 5743 coepit,

2096 5765 2291 5822 merito
2333 5774 2739 5835 praesumuntur
2793 5766 3088 5837 scriptores
3139 5768 3316 5824 Latini
3361 5768 3666 5837 praesertim
