4058 6436
465 339 557 394 Ilii
1349 338 1529 394 DION.
1573 335 1846 392 PETAVII
1888 340 2276 392 llPUUEilPIA
2318 338 2386 392 IN
2428 332 2807 391 PANARIUM.

3634 323 3738 379 152

462 458 500 511 li
530 471 672 527 quos
700 453 949 511 Graecam
998 455 1298 512 nescivisse
1347 468 1586 524 constat,
1637 459 1768 515 dum
1831 457 2041 528 aliquid
2077 461 2124 516 Α
2157 455 2452 525 Ιὶεγυευάο
2478 463 2710 513 taceam,
2745 449 2907 518 cujus
2945 445 3158 516 judicio
3187 442 3326 498 liber
3371 447 3457 496 est
3493 457 3510 490 ι
3549 433 3741 492 infan-

463 545 737 616 ejusmodi
777 547 846 601 de
872 546 1010 616 legis
1051 548 1290 616 antiquae
1307 549 1583 618 prophetis
1609 549 1902 604 scribendo
1930 549 2050 603 alti-

462 645 683 707 gerunt,
724 653 832 693 non
866 637 1017 692 illum
1064 638 1168 692 sub
1209 639 1427 692 nomine
1462 637 1758 710 Epiphanii
1817 639 2046 703 librum,

465 727 560 782 sed
595 728 764 783 alium
797 728 900 783 sub
939 727 1162 782 nomine
1217 726 1277 780 S.
1328 726 1612 793 Dorothei,
1665 727 1858 782 Latine
1910 729 2052 782 dun-

465 829 617 874 taxat
645 829 972 884 exstantem,
1009 834 1122 893 prae
1153 820 1327 874 oculis
1350 819 1628 884 habuisse,
1668 829 1832 890 prout
1853 820 1907 874 in
1941 831 2053 875 tra-

465 911 712 984 ctatu.de
741 911 822 964 ‘B.
865 911 1090 966 Alberto
1137 909 1636 984 Hierosolymitano
1683 911 1749 966 ad
1785 912 1819 966 8
1852 912 2053 982 Aprilis

465 1002 722 1057 indicavi.
762 1001 861 1059 Hic
906 1012 1086 1058 autem
1123 1002 1283 1066 liber,
1336 1003 1508 1059 multo
1551 1005 1706 1074 prius
1746 1013 1801 1058 et
1826 1004 2050 1070 certius,

463 1109 628 1162 quam
687 1096 824 1151 alter
863 1096 952 1151 ille
1004 1094 1332 1166 Epiphanio,
1392 1096 1736 1166 adjudieatus
1779 1095 2054 1152 Dorotbeo

465 1185 588 1251 fuit,
627 1187 809 1240 statim
844 1203 908 1242 ac
937 1203 1034 1257 per
1063 1189 1484 1257 impressionem
1521 1187 1701 1252 lactus
1752 1197 1837 1243 est
1879 1189 2054 1258 magis

463 1279 667 1348 publici
712 1279 856 1350 juris
897 1300 909 1334 :
949 1279 1242 1352 Synopsim
1289 1281 1534 1352 intelligo
1565 1279 1638 1334 De
1665 1281 1775 1334 vita
1801 1291 1849 1334 et
1888 1291 2054 1334 morte

463 1371 849 1440 apostolorum,
885 1373 1266 1442 prophetarum
1294 1391 1356 1428 ac
1381 1373 1770 1443 discipulorum
1813 1372 2051 1437 Domini,

464 1479 587 1531 quas
616 1464 720 1518 sub
750 1463 1009 1518 Dorothei
1038 1466 1261 1520 nomine
1289 1480 1493 1520 excusa
1524 1465 1648 1532 fuit,
1682 1475 1795 1519 tum
1822 1466 2053 1520 seorsim

465 1563 582 1610 tum
611 1557 662 1609 in
687 1555 1042 1611 Bibliothecis
1065 1566 1310 1612 veterum
1338 1556 1594 1624 Patrum;
1626 1557 1768 1612 hanc
1794 1557 1962 1622 enim,
1995 1565 2057 1610 ut

464 1647 678 1699 notavit
707 1644 999 1710 Labbaaus,
1034 1665 1052 1697 ι
1086 1646 1200 1716 jam
1231 1648 1440 1716 pridem
1477 1657 1536 1701 ut
1565 1646 1766 1700 fabulis
1795 1646 2052 1700 refertam

468 1735 787 1805 nulliusque
818 1736 960 1806 apud
983 1736 1176 1792 doctos
1213 1737 1581 1803 auctoritatis,
1623 1736 1782 1791 obelo
1813 1735 2055 1790 ﬁxerunt

2152 548 2286 612 tilis,
2314 555 2533 602 scatens
2555 542 2826 599 labulosis
2852 536 3261 594 narrationibus
3320 551 3340 585 ι
3374 530 3586 597 Quibus
3609 544 3740 584 cum

2153 639 2363 695 similes
2391 639 2504 694 sint
2529 638 2583 692 in
2606 636 2822 691 duobus
2850 633 2965 704 jam
2998 644 3166 700 supra
3202 625 3455 682 indicatis
3499 636 3742 692 opuscu-

2153 729 2242 796 lis,
2271 729 2330 783 S.
2357 728 2600 784 Isidorus
2627 726 2850 797 quidem
2877 723 2957 778 sic
2976 729 3298 784 excusatur,
3324 726 3387 773 ut
3410 727 3593 771 tamen
3624 727 3745 767 tne-

2154 821 2260 876 lius
2285 820 2451 876 fuerit
2487 819 2710 891 proprio
2749 817 2944 872 honori
2976 814 3358 875 consulturus,
3403 809 3450 863 si
3495 815 3745 874 praecau-

2156 913 2301 966 tione
2335 913 2529 967 saltem
2567 910 2751 980 aliqua
2771 923 2906 963 usus
2933 906 3231 961 indicasset
3249 918 3360 957 non
3388 912 3646 969 magnam
3679 897 3746 951 iis

2155 1019 2186 1058 a
2217 1019 2276 1059 se
2313 1004 2473 1058 tidem
2511 1000 2733 1065 haberi;
2769 996 3108 1068 Epiphanius
3135 1003 3318 1049 autem
3367 1006 3468 1046 nec
3504 1003 3745 1043 excusa-

2157 1097 2303 1150 tione
2322 1094 2542 1165 quidem
2572 1101 2715 1162 eget,
2748 1089 2995 1160 quandiu
3021 1087 3174 1142 nullo
3204 1084 3373 1139 veteri
3403 1091 3457 1138 et
3484 1080 3750 1135 inelucta-

2156 1186 2249 1241 bili
2281 1183 2594 1242 testimonio
2631 1183 2917 1253 probatur,
2958 1181 3076 1234 hinc
3109 1193 3237 1233 vere
3270 1176 3419 1230 illius
3447 1188 3570 1228 esse
3602 1170 3749 1224 scri-

2156 1279 2291 1349 ptio.
2327 1277 2480 1332 Adde
2513 1277 2660 1347 quod
2704 1275 2892 1346 plures
2936 1270 3227 1342 Epiplianii
3281 1267 3488 1323 fuerint
3544 1264 3747 1320 subse-

2158 1371 2454 1442 quentibus
2484 1369 2723 1434 saeculis,
2756 1369 2922 1422 etiam
2948 1367 3002 1420 in
3022 1366 3203 1436 Cypro
3219 1363 3746 1444 episcopolquorutn

2159 1464 2342 1533 aliqua
2375 1473 2436 1517 ut
2471 1461 2590 1517 ﬁeri
2624 1461 2788 1532 vulgo
2831 1459 2991 1523 solet,
3025 1455 3403 1529 principaliori
3437 1451 3608 1520 hujus
3647 1465 3750 1503 no-

2157 1553 2323 1608 minis
2375 1553 2628 1623 scriptori
2672 1551 2838 1606 tribui
2887 1556 3206 1621 potuerunt.
3241 1547 3384 1602 sicut
3411 1562 3430 1594 ι
3466 1542 3751 1597 orationes

2158 1647 2262 1701 illa:
2307 1662 2450 1717 quae,
2516 1644 2805 1716 Epiphanii
2859 1643 3082 1698 nomine
3131 1640 3316 1696 lucum
3365 1639 3481 1707 jam
3533 1634 3750 1705 pridem

2159 1739 2387 1804 faciunt,
2424 1737 2651 1793 Petavio
2691 1737 2900 1808 judice,
2951 1735 3086 1791 satis
3121 1748 3244 1788 cum
3290 1731 3431 1800 stylo
3472 1731 3593 1798 ipso
3635 1735 3750 1780 tum

471 1824 742 1892 Molanus,
783 1826 1074 1893 Baronius,
1112 1826 1478 1884 Bellarminus
1527 1839 1581 1884 et
1627 1827 1719 1881 alii
1759 1828 2048 1891 Catholici,
2085 1818 2127 1873 Β
2161 1829 2281 1882 aliis
2316 1829 2646 1898 quibusdam
2681 1827 2918 1892 indiciis,
2960 1825 3186 1880 alterius
3219 1821 3304 1876 vel
3339 1817 3633 1890 Epiphanii
3668 1815 3752 1869 vel

464 1919 666 1988 quibus
685 1919 1003 1974 heterodoxi
1026 1919 1473 1990 subscripserunt
1496 1939 1510 1976 :
1538 1940 1557 1972 ι
1582 1929 1640 1978 ut
1661 1920 1727 1974 de
1746 1919 2050 1990 Theophilo

473 2207 2010 2241 W.ﬂ__
1969 2226 2010 2231 --

2162 1921 2403 1975 auctoris
2434 1937 2492 1974 se
2515 1935 2638 1975 esse
2663 1919 2964 1974 declarant.

1871 2200 3739 2236 mm

1542 2464 2106 2557 DIONYSII
2189 2468 2676 2560 PETAVll

1831 2747 1859 2784 Ε
1903 2747 2202 2788 εοειΕτΑτε
2242 2747 2366 2786 ιεευ

951 2941 1338 2998 ΠΡΟΘΕΩΡΙΑ
1377 2935 1444 2993 ιΝ
1484 2936 1831 2992 EPlPllANll
1875 2935 2049 2992 OPUS

2155 2935 2290 2992 UOD
2332 2934 2745 2992 PANARIUM
2787 2935 3253 2994 lNSCRIBlTUB.

2065 3143 2134 3157 ._.

532 3301 593 3356 Si
631 3319 750 3356 cum
789 3304 1056 3374 exquisita
1109 3316 1306 3364 rerum,
1351 3316 1469 3364 qua:
1509 3298 1564 3352 in
1607 3297 1702 3350 hoc
1745 3296 1913 3367 Opere
1965 3305 2291 3362 tractantur,
2351 3297 2606 3351 varietate
2655 3315 2718 3350 ac
2767 3298 2920 3366 copia
2957 3297 3241 3366 adaquare
3282 3305 3752 3353 commentationes

463 3407 675 3452 nostras
725 3399 1100 3462 instituissem,
1159 3415 1264 3452 non
1313 3395 1554 3451 brevibus
1610 3395 1748 3448 notis
1797 3403 1846 3447 et
1891 3393 2468 3458 animadversionibus,
2533 3393 2625 3446 sed
2687 3393 2985 3463 ingentibus
3041 3391 3192 3446 libris
3253 3392 3636 3447 committenda
3675 3410 3754 3446 res

464 3493 660 3562 fuerat.
701 3493 969 3558 Quoniam
999 3502 1176 3545 autent
1215 3509 1376 3562 neque
1413 3507 1492 3544 me
1527 3489 2034 3544 commentariorum
2069 3491 2232 3545 moles
2286 3490 2386 3544 illa
2433 3489 2686 3552 delectat,
2729 3499 2780 3540 et
2825 3486 3161 3540 eruditorum
3203 3485 3462 3540 lectorum
3520 3486 3754 3557 fastidiis

463 3565 844 3642 occurrendum
875 3586 1051 3654 potius
1077 3585 1174 3639 hoc
1217 3586 1273 3638 in
1310 3601 1493 3656 genere
1522 3594 1601 3638 est
1633 3600 1795 3652 quam
1827 3582 2061 3637 aliorum
2098 3584 2347 3638 tarditati
2379 3581 2785 3646 consulendum,
2816 3580 2967 3634 nulla
2997 3590 3074 3634 est
3107 3578 3407 3633 obtinenda:
3439 3595 3471 3631 a
3497 3594 3578 3631 me
3614 3580 3754 3631 ratio

465 3679 825 3750 pra'termissa
857 3679 1150 3733 brevitatis.
1178 3678 1261 3732 Ea
1290 3695 1408 3733 vero
1442 3680 1551 3733 visa
1579 3689 1657 3733 est
1697 3679 1751 3732 in
1788 3680 1976 3747 primis
2008 3679 2293 3748 ejusmodi,
2331 3690 2386 3733 ut
2418 3679 2666 3732 diversas
2697 3693 2764 3731 ea:
2797 3687 3028 3731 veterum
3055 3675 3438 3744 exemplarium
3466 3689 3756 3741 compara-

464 3772 630 3838 tione,
662 3780 754 3822 aut
792 3785 857 3825 ex
896 3771 1203 3840 conjectura
1231 3771 1482 3825 lectiones
1518 3771 1587 3825 ad
1627 3789 1780 3825 oram
1807 3782 2087 3827 contextus
2112 3775 2432 3828 ascriberem
2453 3789 2471 3826 :
2495 3772 2631 3827 Tum
2673 3781 2730 3824 ut
2761 3773 2962 3826 leviora
2995 3786 3234 3842 qumque,
3273 3786 3334 3822 ac
3364 3769 3645 3838 faciliora,
3680 3769 3757 3822 vel

466 3861 738 3922 commode
760 3860 824 3914 ab
857 3862 982 3916 aliis
1005 3861 1298 3932 explicata,
1325 3879 1388 3916 ne
1417 3865 1734 3933 attingerem
1761 3863 2000 3928 omnino,
2035 3874 2130 3918 aut
2159 3866 2388 3934 carptim
2416 3864 2739 3934 breviterque
2761 3864 3188 3932 perstringerem.
3227 3860 3584 3927 Quamobrem
3609 3871 3755 3915 certa

466 3953 804 4021 potissimum
844 3963 1160 4023 argumenta
1185 3953 1498 4024 delegimus,
1533 3956 1589 4008 in
1617 3955 1808 4026 quibus
1837 3955 2181 4010 elaborandis
2209 3967 2365 4026 atque
2395 3955 2738 4010 illustrandis
2781 3955 3087 4023 plusculum
3128 3969 3301 4021 opera:
3339 3951 3754 4020 disputationis-

465 4065 564 4120 que
596 4059 965 4118 consumptum
993 4060 1071 4103 est
1097 4065 1115 4104 :
1139 4066 1257 4120 qua:
1295 4050 1548 4104 nimirum
1581 4052 1717 4104 talia
1741 4068 1854 4105 esse
1890 4052 2309 4118 consideremus,
2333 4062 2388 4106 at
2415 4051 2485 4105 ad
2508 4067 2692 4106 eorum
2727 4049 3066 4104 minuendam
3097 4051 3476 4104 obscuritatem
3506 4049 3750 4102 nonnihil

466 4161 627 4215 opera
659 4155 846 4201 nostra
879 4155 1057 4214 posset
1091 4145 1361 4203 accedere.
1395 4145 1602 4201 Fuerat
1627 4147 1955 4217 jamdudum
1993 4149 2228 4214 animus,
2277 4149 2514 4202 omnium
2551 4148 2818 4202 luereseon
2852 4161 2970 4215 quas
3015 4147 3070 4198 in
3105 4147 3201 4198 hoc
3243 4161 3395 4214 opere
3433 4161 3756 4200 commemo-

465 4250 680 4308 rantur,
719 4239 791 4294 τὰ
817 4243 1219 4312 ἱστορούμενα
1249 4243 1507 4310 primum,
1537 4242 1725 4298 deinde
1755 4246 2027 4313 opiniones
2058 4262 2122 4298 ac
2154 4245 2408 4315 dogmata
2436 4245 2620 4298 omnia
2663 4252 2915 4312 separato
2949 4241 3128 4296 libello
3165 4242 3430 4312 persequi,
3466 4251 3515 4294 et
3543 4257 3667 4294 cum
3689 4240 3752 4292 iis

467 4348 585 4402 qua:
613 4333 945 4403 Epiphanius
979 4339 1311 4408 perscripsit,
1341 4356 1458 4409 qua:
1490 4338 1556 4393 ab
1589 4340 1714 4394 aliis
1745 4349 1872 4394 sunt
1913 4339 2173 4394 Patribus
2207 4342 2477 4410 exposita,
2511 4339 2753 4408 conferre
2783 4353 2802 4392 :
2830 4338 2922 4393 sed
2951 4340 3016 4392 ab
3041 4355 3101 4393 eo
3126 4337 3353 4391 consilio
3377 4337 3618 4391 revocavi
3647 4338 3758 4404 ipse

467 4443 568 4491 me,
599 4428 738 4496 quod
768 4445 890 4483 eum
931 4429 1065 4483 mihi
1109 4431 1348 4488 laborem
1392 4432 1713 4498 iamdudum
1757 4435 1990 4487 aliorum
2030 4434 2304 4488 industria
2348 4435 2696 4489 sublevasset.
2745 4432 2962 4486 Etenim
2991 4441 3186 4500 praeter
3219 4440 3412 4484 veteres
3452 4429 3600 4492 illos,
3643 4427 3757 4482 Ire-

469 4532 665 4583 naeum,
697 4521 1075 4590 Augustinum,
1129 4521 1508 4588 Philastrium,
1561 4523 1980 4590 Damascenum,
2020 4525 2434 4592 Tertullianum,
2471 4524 2796 4580 Clementem
2834 4522 3284 4588 Alexandrinum,
3335 4521 3749 4592 Hieronymum,

469 4631 533 4669 ac
563 4625 802 4682 ceteros,
842 4619 934 4686 qui
977 4628 1070 4672 aut
1115 4618 1178 4672 de
1213 4618 1503 4674 hwresibus
1538 4622 1858 4676 nominatim
1897 4623 2249 4692 scripserunt,
2297 4635 2390 4676 aut
2429 4640 2613 4677 earum
2655 4625 2712 4677 in
2751 4622 2901 4676 libris
2947 4623 3059 4676 suis
3090 4631 3354 4691 utcunque
3383 4624 3752 4682 meminerant,

469 4709 784 4762 recentiores
815 4711 1019 4779 aliquot
1044 4710 1225 4765 eodem
1256 4713 1310 4764 in
1344 4725 1658 4782 argumento
1687 4731 1899 4768 summa
1921 4732 2042 4769 cum
2072 4716 2232 4770 laude
2265 4727 2504 4770 versatos
2537 4717 2916 4780 memineram;
2947 4717 3004 4769 in
3036 4715 3224 4783 primis
3249 4725 3429 4770 autem
3453 4713 3754 4770 Gabrielem

471 4800 800 4868 Prateolum,
831 4811 987 4872 atque
1013 4803 1439 4859 illustrissimum
1463 4823 1781 4876 magnorum
1805 4810 2096 4863 Annalium
2127 4811 2475 4867 conditorem.
2509 4809 2748 4875 Quorum
2776 4810 2868 4864 ille
2887 4813 3154 4866 Iuereseon
3184 4813 3421 4866 omnium
3446 4811 3755 4864 luculentis-

471 4899 665 4952 simum
705 4897 1286 4968 catalogum'litterato
1319 4901 1505 4957 ordine
1539 4905 1854 4958 contexuit:
1881 4905 1966 4958 hic
1990 4906 2048 4958 in
2076 4905 2379 4960 Annalibus
2411 4922 2507 4960 suo
2540 4923 2804 4977 quamque
2836 4917 3066 4976 tempore
3093 4910 3464 4980 consignatum
3500 4908 3752 4979 reliquit;

470 5001 683 5063 uterque
724 5010 828 5048 uno
861 4995 915 5047 in
951 5006 1233 5064 conspectu
1266 5013 1383 5064 quis
1417 4997 1560 5065 apud
1603 5007 1796 5052 veteres
1829 4998 1952 5053 illos
1981 4999 2230 5068 dispersa
2272 5010 2429 5054 erant
2474 5017 2538 5054 ac
2565 4999 2831 5069 dissipata
2866 5003 3163 5070 proposuit.
3197 4991 3316 5056 Hac
3353 5003 3517 5072 igitur
3547 5017 3677 5054 cura
3705 5007 3754 5053 et

471 5088 791 5156 cogitatione
818 5088 1048 5154 solutus,
1079 5091 1216 5143 hunc
1249 5106 1414 5142 unum
1441 5089 1512 5142 ad
1541 5107 1760 5158 scopum
1789 5091 2188 5145 commentandi
2216 5091 2453 5146 laborem
2485 5093 2647 5146 istum
2687 5092 2982 5162 conferam,
3033 5103 3090 5147 ut
3131 5096 3222 5163 qui
3256 5093 3448 5148 Latine
3483 5095 3626 5163 jam,
3659 5093 3752 5145 hoc

473 5190 547 5234 est
576 5182 772 5245 minus,
807 5191 864 5235 ut
896 5199 1068 5251 spero,
1101 5171 1327 5238 barbare
1348 5187 1528 5239 studio
1565 5196 1748 5240 nostro
1780 5189 2016 5258 loquitur
2049 5186 2408 5258 Epiphanius,
2446 5189 2584 5243 idem
2615 5190 2757 5243 notis
2791 5200 2840 5243 et
2874 5191 3440 5245 Animadversionibus
3465 5207 3571 5260 qua
3593 5190 3754 5244 casti-

475 5281 651 5342 gatus,
678 5291 782 5341 qua
814 5275 1080 5330 illustrior
1111 5276 1310 5345 factus,
1344 5277 1576 5330 dilucide
1609 5293 1766 5347 atque
1801 5277 2152 5347 intelligenter
2189 5279 2246 5331 id
2282 5279 2471 5348 faciat,
2509 5283 2656 5336 omni
2682 5283 3004 5338 obscuritate
3025 5281 3254 5336 detersa.

1151 5493 1217 5530 DE
1253 5493 1624 5531 INSCBIPTIONE
1670 5493 1880 5545 OPERIS,
1915 5497 1975 5533 AC
2022 5497 2049 5534 Χ

2155 5496 2370 5537 ’RIORUI
2402 5499 2696 5541 ΠεΕΚΕδΕΟΝ
2733 5503 2930 5542 ΡᾹΙΠΊΪ
2943 5505 3084 5543 ιοκε.

551 5624 684 5676 Cum
718 5623 965 5679 adversus
1003 5643 1144 5683 Lxxx
1181 5633 1428 5697 haereses,
1457 5650 1572 5702 quis
1605 5635 1673 5686 ad
1711 5651 1867 5687 suam
1899 5645 2107 5691 aetatem
2132 5637 2472 5704 exstiterant,
2515 5653 2816 5711 susceptura
2849 5663 2880 5698 a
2916 5664 2970 5700 se
2999 5647 3094 5699 hoc
3125 5665 3254 5716 opus
3284 5648 3602 5716 proﬁteatur
3634 5647 3749 5714 Epi-

479 5716 729 5793 phanius,
773 5715 875 5769 duo
905 5722 1146 5787 qtta'tlam
1183 5737 1466 5778 occurrtmt
1512 5729 1564 5780 in
1605 5745 1662 5780 co
1709 5729 1914 5796 negotio
1949 5731 2361 5786 consideranda.
2394 5733 2660 5803 Alterum,
2690 5737 2906 5794 hwrcsis
2932 5756 3120 5793 nomen
3154 5741 3415 5796 latissime
3447 5742 3500 5795 in
3531 5739 3750 5796 auibus-
