4058 6486
259 423 359 479 155
1138 415 1318 469 [11οΝ.
1362 414 1583 467 PETAV
1597 413 1638 467 ll
1680 412 1860 466 ΠΡΟΘ

1928 414 2066 466 1Ρ1Α
2107 411 2173 466 IN
2216 409 2602 469 PANABIUM.
3426 413 3530 470 15h

255 542 382 592 dam
411 534 698 596 usurpari;
725 548 820 586 nec
851 531 920 584 ad
955 528 1316 598 theologorum
1349 545 1589 582 normam
1622 527 1865 582 vocabuli
1898 545 2053 581 usum
2081 528 2235 582 istius
2263 529 2425 598 exigi,
2451 545 2484 581 a
2513 529 2703 599 quibus
2735 529 2863 598 quid
2893 527 3102 596 proprie
3125 529 3192 580 sit
3216 526 3455 590 lueresis,
3481 536 3532 582 et

254 638 510 698 quantum
557 625 779 695 reliquis
830 621 896 675 ab
943 630 1098 674 sectis
1141 621 1394 688 differat,
1440 619 1688 672 subtilius
1736 628 1892 689 atque
1935 618 2267 673 enucleatius
2305 619 2570 673 declarari
2604 618 2757 673 solet.
2803 617 2949 672 Nam
2997 635 3156 688 neque
3195 621 3395 686 priores
3426 618 3534 671 ilia:

253 730 431 786 secta,
459 719 866 783 Barbarismus,
892 715 1245 785 Scythismus,
1271 713 1614 779 Judaismus,
1655 723 1916 784 quatenus
1949 711 2153 769 Christi
2177 725 2353 768 ortum
2387 715 2691 779 antecessit,
2713 715 2858 768 inter
2880 715 3106 768 ha'reses
3140 715 3325 768 merito
3357 729 3536 766 recen-

253 826 475 880 sentur;
502 832 664 888 neque
693 814 820 868 ulla:
841 812 1050 881 proprie
1083 819 1239 864 secta:
1271 809 1658 874 Barbarorum,
1696 819 1788 862 aut
1821 807 2140 879 Scytharum
2177 809 2412 878 fuerunt.
2449 811 2639 879 Atque,
2672 818 2731 862 ut
2774 810 3078 879 diligentius
3109 808 3165 861 in
3197 805 3531 870 llellenismi,

249 907 530 962 Judaismi
581 923 643 960 ac
667 905 1036 961 Samaritismi
1067 903 1257 970 species
1295 904 1618 966 inquiratur,
1649 903 1912 973 pleneque
1937 903 2169 972 forsitan
2202 920 2228 957 e
2258 920 2476 957 numero
2509 913 2795 969 sectarum,
2822 904 2928 957 sive
2955 902 3222 955 ha’reseon
3248 899 3534 954 eximenda:

252 1007 440 1060 erunt;
470 995 536 1050 de
565 1013 671 1068 qua
706 1013 763 1049 re
794 995 1027 1063 sparsim
1086 1007 1149 1044 ac
1187 992 1299 1046 suis
1334 990 1466 1046 locis
1502 995 1854 1062 opportunius
1887 1003 2094 1064 agetur.
2140 991 2208 1046 In
2257 992 2587 1048 Hellenismo
2623 993 2857 1064 quidem,
2889 1011 3009 1048 cum
3037 1006 3269 1064 quatuor
3299 1003 3536 1046 tantum-

255 1091 411 1146 modo
442 1100 615 1144 sectas
642 1089 970 1159 Epiphanius
1000 1095 1274 1150 numeret,
1305 1088 1532 1155 infinita:
1565 1085 1787 1157 adjungi
1815 1087 1940 1141 alia!
1969 1097 2290 1156 potuerunt;
2323 1103 2550 1157 quorum
2573 1087 2852 1156 plerasque
2885 1089 2939 1141 in
2967 1091 3111 1141 calce
3146 1086 3304 1154 hujus
3337 1087 3533 1154 operis,

252 1183 305 1235 in
337 1182 467 1252 fidei
495 1180 787 1236 Catholica:
828 1179 1149 1249 Compendio
1189 1188 1499 1248 prosecutus
1527 1191 1628 1235 est.
1682 1179 1926 1233 Alterum
1959 1181 2056 1234 hoc
2104 1183 2161 1234 in
2198 1182 2406 1249 negotio
2453 1179 2899 1235 considerandum
2945 1192 3052 1244 est;
3087 1186 3324 1251 quamris
3358 1196 3534 1232 omnes
3595 1211 3601 1225 ι

253 1267 361 1328 illa:
383 1283 545 1328 sectae
580 1273 716 1327 inter
765 1274 989 1328 haereses
1039 1272 1180 1326 haud
1222 1272 1487 1326 immerito
1525 1285 1862 1340 censeantur,
1905 1291 2238 1345 nequaquam
2273 1281 2448 1330 tamen
2479 1274 2780 1343 Epiphanio
2812 1277 3209 1346 octogenarium
3232 1276 3384 1329 illum
3411 1291 3535 1327 con-

252 1375 400 1420 stare
426 1382 724 1420 numerum.
758 1364 972 1418 Etenim
1016 1364 1071 1415 in
1119 1363 1407 1430 partitione
1434 1364 1548 1430 ipsa
1579 1372 1771 1417 contra
1813 1363 2084 1418 dividendi
2113 1375 2379 1434 praecepta
2414 1381 2519 1419 non
2570 1364 2914 1418 mediocriter
2954 1374 3233 1433 peccatum
3262 1376 3340 1418 est
3372 1381 3535 1420 :cum

252 1459 515 1528 principio
550 1459 777 1528 quinque
811 1465 933 1510 ante
975 1453 1249 1535 Christum
1287 1465 1556 1509 sectarum
1582 1456 1808 1528 fastigia
1837 1469 2251 1528 proponuntur;
2286 1458 2693 1522 Barbarismus,
2745 1456 3104 1529 Scythismus,
3151 1458 3534 1525 llellenismus,

252 1550 593 1615 Judaismus,
635 1550 1046 1606 Samaritismus
1074 1563 1092 1602 :
1124 1566 1187 1603 ac
1220 1548 1410 1604 deinde
1457 1552 1755 1619 posteriora
1803 1552 1910 1606 tria
1953 1569 2148 1622 genera
2190 1570 2244 1607 in
2287 1554 2426 1607 alias
2475 1553 2673 1620 species
2723 1551 3050 1604 tribuuntur.
3087 1549 3156 1603 Et
3189 1551 3536 1606 nihilominus

253 1659 444 1715 genera
472 1659 592 1696 cum
638 1641 892 1712 subjectis
935 1643 1038 1695 sibi
1081 1643 1326 1711 partibus
1355 1643 1596 1698 eumdem
1629 1645 1684 1697 in
1725 1661 2001 1699 numerum
2043 1663 2408 1716 summamque
2457 1645 2828 1715 conferuntur.
2879 1645 3033 1712 Quod
3077 1653 3156 1698 est
3187 1644 3244 1698 in
3277 1644 3538 1698 divisione

254 1742 680 1797 vitiosissimum.
709 1737 892 1808 Neque
915 1740 1056 1794 enim
1091 1756 1252 1809 genus
1283 1741 1434 1809 πρὸς
1457 1739 1530 1794 τὰ
1553 1740 1685 1808 εἴδη
1710 1741 1856 1795 dum

1936 1741 2177 1811 ιιρεῖται.
2226 1740 2293 1796 Ut
2324 1743 2371 1797 si
2422 1743 2604 1795 anima
2633 1742 2840 1811 vitaque
2869 1741 3154 1810 prteditum
3196 1756 3383 1807 corpus
3427 1742 3538 1809 pri-

262 1857 404 1893 mum
431 1839 486 1892 in
512 1837 716 1890 animal
743 1852 806 1889 ac
831 1837 1070 1905 plantam
1101 1839 1343 1905 partiare
1374 1854 1392 1890 :
1426 1847 1536 1890 tum
1568 1838 1774 1891 animal
1815 1839 1869 1892 in
1902 1848 2168 1901 terrestre,
2197 1839 2454 1908 aquatile,
2482 1837 2728 1901 volatile;
2763 1838 3006 1907 plantam
3027 1839 3080 1890 in
3109 1835 3344 1900 herbam,
3372 1837 3536 1905 fruti-

255 1953 358 1991 cem
382 1945 434 1989 et
459 1933 700 1987 arborem
726 1947 744 1984 :
779 1948 842 1984 ac
873 1930 1058 1985 deinde
1114 1932 1350 1987 collectis
1380 1934 1647 1998 omnibus,
1679 1943 1796 1987 octo
1845 1935 2082 2003 corporis
2124 1935 2350 1988 animati
2389 1945 2568 2003 partes
2609 1951 2722 1989 esse
2768 1935 3104 1988 constituas:
3137 1937 3387 1988 nimirum
3420 1936 3536 1988 ani-

254 2033 383 2094 mal,
421 2028 703 2096 plantam;
741 2035 984 2080 terrestre
1015 2026 1241 2091 animal,
1273 2028 1528 2096 aquatile,
1561 2029 1775 2082 uolatile
1801 2044 1820 2081 :
1852 2029 2091 2094 herbam,
2118 2031 2366 2097 fruticem
2393 2042 2442 2084 et
2493 2029 2757 2085 arborem.
2792 2030 2879 2083 Ita
2907 2033 3048 2084 enim
3077 2032 3214 2086 inter
3250 2032 3533 2085 divisionis

250 2133 428 2191 partes
459 2111 662 2191 'genera
694 2121 834 2188 ipsa,
868 2135 986 2188 qua:
1018 2118 1354 2183 dividuntur,
1393 2135 1670 2189 perperam
1697 2120 1920 2189 referas.
1955 2120 2111 2187 Quod
2154 2123 2209 2175 in
2250 2122 2351 2174 illa
2389 2124 2657 2175 haereseon
2696 2121 3074 2175 distributione
3107 2124 3373 2176 commisit
3404 2123 3536 2193 Epi-

249 2216 495 2284 phanius.
531 2213 738 2279 Quippe
771 2219 880 2264 tres
905 2210 1033 2275 illaz,
1062 2227 1193 2281 quas
1227 2211 1366 2276 dixi,
1398 2211 1781 2278 Hellenismus,
1815 2212 2166 2278 Judaismus,’
2197 2213 2616 2270 Santaritismus
2648 2231 2770 2267 cum
2811 2215 2922 2268 suis
2957 2215 3202 2284 partibus
3235 2216 3535 2284 conjuncta:

247 2328 510 2366 summam
534 2308 855 2377 conﬁciunt.
898 2305 1046 2361 Unde
1076 2308 1350 2363 subductis
1377 2320 1516 2364 recte
1547 2311 1811 2373 omnibus,
1840 2326 1957 2364 xv"
1999 2311 2262 2364 duntaxat
2303 2319 2423 2364 ante
2463 2310 2757 2373 Christum,
2791 2310 3029 2362 universe
3055 2326 3175 2364 vero
3204 2326 3388 2364 Lxxvu
3425 2311 3536 2363 hw-

250 2425 402 2468 reses.
431 2423 539 2459 non
569 2420 719 2475 Lgxx
757 2412 1126 2459 numerantur.
1154 2403 1425 2460 Prazterea
1448 2421 1516 2459 xx
1542 2407 1782 2473 priorum
1826 2405 2092 2460 hcereseon
2127 2405 2292 2458 alium
2328 2408 2380 2458 in
2409 2405 2651 2475 Epistula
2683 2406 2748 2456 ad
2781 2405 3040 2456 Acacium
3077 2413 3128 2458 et
3153 2403 3384 2457 Paulum
3415 2419 3536 2473 pre-

248 2504 514 2571 sbyteros,
553 2508 606 2552 et
652 2498 711 2551 in
753 2496 1225 2567 Anacephalzeosi,
1255 2515 1414 2569 quam
1458 2498 1512 2550 in
1551 2498 1666 2566 ipso
1706 2499 1933 2554 decursu
1975 2501 2147 2568 operis
2191 2497 2428 2552 ordinem
2451 2498 2707 2552 instituit.
2771 2495 3060 2562 Utrumque
3093 2514 3186 2550 nos
3218 2498 3272 2549 in
3304 2495 3537 2554 sequenti

247 2596 419 2650 tabula
445 2596 865 2667 proposuimus.

1105 2748 1202 2803 XX
1245 2748 1502 2803 Priorum
1558 2749 1842 2807 hareseon
1879 2739 1896 2754 ’
2805 2746 2900 2800 XX
2952 2747 3206 2803 Priorum
3252 2751 3535 2804 iwereseon

1175 2821 1312 2875 ordo
1335 2819 1391 2873 in
1419 2818 1740 2888 Anacephal.
2041 2845 2044 2856 ι
2827 2819 2965 2873 ordo
2986 2835 3050 2873 ex
3077 2835 3242 2882 onere
3262 2820 3513 2874 Panarii.

1143 2963 1166 3014 1
1213 2963 1598 3018 Barbarismus
2840 2959 2864 3009 1
2908 2957 3291 3017 Bai-barismus

1140 3033 1176 3086 2
1212 3034 1562 3103 ξργιιιὶεηιυε
2832 3028 2869 3103 ἓ
2906 3027 3257 3103 _S_cy_thismus

1143 3103 1177 3157 5
1216 3097 1583 3160 Πέιιθηίεωυε
2836 3099 2869 3150 3
2905 3097 3276 3157 Hellenismus

1147 3173 1180 3225 4
1215 3172 1538 3229 Judaismus
2841 3169 2875 3222 4
2912 3167 3228 3226 Judaismns

1146 3244 1180 3298 5
1220 3243 1636 3297 Samaritismus
2724 3255 2745 3298 ι
2837 3239 2870 3292 5
2910 3239 3078 3294 Stoici

1147 3314 1180 3408 εξ
1216 3311 1543 3408 Ξξξειθὲεεεί
2097 3346 2416 3408 Hellenismi
2723 3309 2748 3408 ὶ

2097 3346 2416 3408 Hellenismi
2723 3309 2748 3408 ὶ
2843 3309 2876 3408 ξ
2915 3311 3234 3408 ἔξὲἒῖξῗὲἒέηε

1147 3324 1180 3366 6
1216 3324 1543 3384 Pythagorei
2292 3349 2304 3361 .
2400 3353 2411 3362 .
2843 3324 2876 3362 ο
2919 3324 3184 3366 ιἰίιιυηιρι

381 3421 719 3482 Hclienismi
1032 3324 1057 3581 3
1150 3383 1180 3436 ⁷
1219 3383 1490 3465 Ρίθξθῃίθί
1900 3438 1906 3442 -
2097 3346 2416 3408 "euenmm
2721 3324 2748 3510 ἱ
2846 3379 2876 3431 ⁷
2915 3377 3238 3463 Pt'f‘mgofei
3281 3451 3286 3455 .

1149 3454 1182 3506 8
1223 3455 1397 3508 Stoncn
1456 3524 1468 3534 ο
2844 3449 2877 3502 8
2915 3447 3166 3533 Epicurei

1148 3523 1181 3578 9
1221 3524 1471 3581 Epicurei
2842 3521 2875 3573 9
2919 3520 3220 3577 Samariten.

1148 3523 1181 3578 9
1221 3524 1478 3594 Epicurei,
2915 3520 3220 3594 §amaritw.

1120 3593 1184 3647 10
1217 3590 1484 3648 Gurtheni
2808 3590 3104 3646 iO'Esseni

1117 3663 1178 3717 11
1222 3664 1436 3720 Sebumi
2808 3661 2866 3711 11
2917 3659 3104 3717 Sebuzn

443 3692 767 3720 ......._:.:.....:
1039 3659 1059 3720 ὶ
1117 3663 1178 3717 11
1222 3664 1436 3720 501)υωὶ

2808 3661 2866 3711 11
2917 3659 3125 3717 Sublimi

1120 3605 1184 3647 Ιυ
1217 3605 1484 3648 b‘orthem
2808 3605 3104 3646 1U'ILSSCDI

1121 3804 1190 3858 15
1227 3803 1473 3859 Dosithci
2811 3801 2876 3853 15
2916 3799 3157 3858 Dosithci

1121 3804 1190 3858 15
1227 3803 1473 3859 Dosithci

2811 3801 2876 3853 15
2916 3799 3156 3858 Dosithci

1119 3876 1186 3928 M
1220 3873 1426 3929 Scriba;
2659 3913 2666 3920 .
2735 3895 2756 3929 1
2815 3871 2881 3924 14
2923 3871 3212 3928 Sadducaai

1124 3944 1188 3998 15
1224 3944 1484 4000 Pharisaai

2731 3940 2752 4000 ι
2813 3942 2877 3994 15
2921 3940 3128 3999 Scriba:

1122 4015 1186 4068 16
1228 4013 1514 4069 Sudducaei
2735 4011 2758 4069 1
2817 4013 2878 4066 16
2921 4011 3180 4067 Pharisaei

403 4093 680 4150 Judaismi
1037 4082 1063 4155 ί
1120 4085 1189 4136 17
1228 4084 1714 4154 Hemerobaptista:
2100 4082 2369 4138 Judaismi
2733 4082 2756 4155 (
2814 4083 2878 4155 Π
2915 4083 3405 4155 ilemorobaptistae

1120 4156 1188 4209 18
1223 4155 1392 4208 0853³1
1536 4151 1552 4154 “

2741 4151 2759 4209 ι
2815 4152 2881 4204 18
2915 4151 3155 4207 Nazarazi

1121 4225 1186 4278 -19
1227 4224 1466 4277 Nazarwi
2732 4220 2756 4278 1
2817 4222 2882 4273 ⁸19
2923 4220 3119 4277 Osseui

1118 4295 1188 4348 ‘20
1229 4293 1528 4350 Herodiani
2735 4289 2755 4343 \
2813 4289 2882 4344 ΞΟ
2921 4291 3218 4348 llcrodiani

336 4453 400 4508 1η
431 4453 714 4522 posteriori
750 4452 886 4506 serie
923 4449 1086 4506 Stoici
1123 4460 1245 4505 ante
1275 4458 1496 4505 cceteras
1527 4445 1961 4521 philosophorum
2005 4455 2176 4499 sectas
2212 4443 2576 4508 collocantur;
2610 4444 2766 4500 aliter
2809 4457 2963 4518 atque
3013 4449 3065 4502 in
3108 4451 3278 4518 priori
3325 4452 3540 4521 fecerat.

246 4565 373 4619 qua:
415 4547 571 4616 longe
613 4561 677 4598 ac
707 4546 765 4599 in
805 4553 958 4615 parte
1003 4543 1338 4600 tolerabilior
1388 4551 1488 4598 est.
1528 4541 1670 4595 Hinc
1701 4550 1802 4602 est,
1838 4559 1848 4591 ι

1937 4537 1977 4591 κά
2007 4536 2307 4593 Stoicorum
2356 4546 2498 4591 secta
2547 4539 2712 4608 τρίτη
2747 4540 2866 4593 ἀπὸ
2913 4542 3317 4612 Ἑλληνισμοῦ
3359 4546 3428 4599 sit
3463 4548 3539 4599 in-

247 4640 479 4709 scripta.
518 4634 666 4689 Nam
703 4636 920 4689 tertium
951 4632 1016 4688 ab
1043 4633 1372 4688 Hellenismo
1402 4633 1576 4687 locum
1600 4631 1754 4686 habet
1783 4632 1840 4684 in
1870 4630 2028 4694 serie,
2060 4639 2118 4682 ut
2149 4628 2418 4683 Platonici
2444 4640 2715 4698 quartum,
2751 4640 2906 4702 atque
2936 4633 3011 4686 ita
3039 4636 3319 4706 deinceps;
3351 4655 3450 4691 non
3487 4649 3541 4692 ut

250 4738 309 4792 in
331 4735 688 4790 inscriptione
717 4731 919 4786 Latina
952 4740 1068 4795 est;
1100 4731 1260 4786 tertia
1288 4729 1612 4785 Hellenismi
1639 4734 1794 4784 sccla
1824 4745 1837 4782 :
1872 4743 1978 4798 pro
2001 4743 2107 4798 quo
2139 4725 2310 4779 scribe
2339 4740 2356 4777 :
2388 4723 2572 4781 Tertia
2602 4727 2670 4781 ab
2698 4726 3032 4786 llellenismo
3073 4739 3242 4787 secta.
