4058 6474
317 410 418 465 15⁸1

1055 405 1398 462 ΕΡΙΡΗΑΝΠ
1445 388 1892 464 RESCRlPTUM
1940 408 2035 462 AD
2070 409 2507 471 ACACIURLET
2548 409 2855 465 PACLUM.

3488 414 3590 469 158

313 546 413 597 της
433 526 580 591 ὁδοῦ,
617 524 714 578 καὶ
745 525 1145 594 νεοκατηχήτου
1176 524 1348 588 ὄντος,
1387 526 1769 597 ἐπετρέψαμεν
1794 528 1893 596 τὴν

2011 528 2559 599 iammnmgnitudine
2607 529 2959 592 stimulatus,
2999 528 3064 581 ad
3116 538 3167 584 te
3221 529 3435 598 pietatis
3485 538 3592 583 tute

314 618 583 689 τοσαύτην
634 617 794 688 ἡμῶν
847 616 1050 686 τόλμαν
1095 614 1204 668 τῶν
1244 617 1585 686 ἀμαρτωλίυν
1628 619 1765 688 πρὸς
1807 620 1899 671 τὸν

320 710 568 782 μαθητήν
617 727 679 763 σε
729 708 822 762 τοῦ
859 709 1128 779 Σωτῆρος.
1162 711 1226 761 Ὃ
1266 708 1323 761 δὲ
1355 708 1614 779 ἀξιοῦμεν
1652 710 1760 762 τῶν
1805 712 1903 780 ρη-

316 803 513 855 θέντων
543 819 626 854 σοι
654 802 792 872 πρός
821 817 974 863 τινας
1000 799 1280 868 ἀδελφοὺς,
1315 800 1395 863 εἰς
1440 799 1687 851 παιδείαν
1726 798 1901 869 δωρή-

315 892 511 946 σασθαι
540 894 679 963 ὅπερ
708 894 792 945 σοὶ
815 893 912 962 μὲν
936 891 1014 963 τῷ
1039 892 1234 962 δικαίῳ
1272 891 1512 961 ἀϐαρὲς,
1537 893 1668 962 ἡμῖν
1701 891 1759 944 δὲ
1793 894 1906 955 τοῖς

314 985 663 1057 ἁμαρτωλοῖς
713 983 1108 1055 μεταλαὸοὖσιν
1152 984 1527 1055 εὐφρανθῆναι
1576 987 1634 1037 ὲν
1690 983 1899 1056 Κυρίῳ.

325 1072 765 1144 Ἐμπλησθὲντες
783 1073 894 1145 γάρ
924 1090 1017 1129 σου
1053 1072 1162 1126 τῶν
1197 1074 1586 1143 πνευματικῶν
1618 1074 1901 1145 ῥημάτων,

312 1164 785 1236 ὲπικουφιζόμεθα
819 1164 927 1218 τῶν
966 1165 1207 1235 ἀνομιῶν
1246 1165 1424 1235 ἡμῶν.
1467 1164 1812 1234 Ἢκούσαμεν
1842 1164 1906 1219 δὲ

311 1256 678 1329 ἐπικληθέντα
723 1257 963 1328 ὀνόματα
1005 1257 1112 1311 ὑπὸ
1153 1258 1253 1326 τῆς
1291 1258 1392 1329 σῆς
1436 1258 1749 1328 τιμιότητος
1781 1260 1903 1320 ταῖς

313 1349 612 1420 αἱρέσεσιν,
648 1342 722 1403 ὧν
756 1351 992 1420 ἑκᾰστης
1030 1347 1326 1421 θρησκείας
1368 1348 1630 1420 ἀξιοῦμεν
1662 1349 1759 1419 τὴν
1806 1349 1904 1420 σὴν

312 1440 626 1495 θεοσέϐειαν
653 1440 951 1511 διαρρήδην
972 1441 1104 1510 ἡμῖν
1127 1438 1366 1510 δηλῶσαι
1392 1440 1490 1512 τὴν
1516 1438 1750 1510 αἵρεσιν.
1782 1438 1904 1509 ’Ίση

311 1532 420 1603 γὰρ
436 1532 695 1586 ἁπάντων
721 1533 753 1603 η
778 1531 973 1603 δωρεά.
992 1533 1106 1588 Καὶ
1125 1533 1184 1585 σὲ
1198 1531 1463 1602 ἀξιοῦμεν
1488 1530 1651 1602 εὐχὴν
1674 1532 1904 1601 ποιήσα-

313 1622 459 1683 σθαι,
493 1622 555 1673 σὲ
578 1621 673 1673 τὸν
697 1620 904 1674 δίκαιον
934 1620 1014 1691 τῷ
1049 1622 1258 1693 Κυρίῳ,
1291 1623 1432 1695 ὑπὲρ
1453 1622 1672 1676 πάντων
1700 1620 1809 1675 τῶν
1844 1637 1904 1674 σε

309 1711 646 1773 ποθούντων,
678 1712 770 1763 καὶ
795 1711 1162 1782 ἐκδεχομένων
1211 1713 1310 1783 τὴν
1341 1712 1495 1783 παρὰ
1536 1712 1632 1765 σοῦ
1671 1711 1902 1783 δωρεάν.

323 1804 412 1857 Ἐν
445 1805 675 1875 νηστείᾳ
716 1804 810 1855 καὶ
842 1805 975 1874 εὐχῇ
1014 1805 1181 1873 ἐσμεν
1226 1804 1316 1856 τὸν
1344 1804 1521 1858 κοινὸν
1559 1803 1715 1875 ἡμῶν
1753 1803 1905 1857 ἀδελ-

310 1898 432 1966 φὺν,
465 1896 726 1966 δεχθέντα
754 1895 859 1949 ὑπὸ
881 1896 983 1965 τῆς
1026 1896 1123 1966 σῆς
1161 1896 1475 1966 τιμιότητος
1507 1894 1782 1966 ἁσμένως,
1809 1893 1905 1947 καὶ

310 1989 540 2059 κομίσαι
568 1987 668 2059 τὴν
696 1988 800 2042 ὑπὸ
820 1986 913 2040 σοῦ
932 1987 1141 2058 δεδωρη
1152 1987 1319 2057 μένην
1352 1987 1580 2058 δωρεὰν,
1615 1986 1708 2038 καὶ
1729 1985 1917 2048 οὖτωςυ

304 2083 638 2152 ἀναπέμψαι
671 2081 772 2145 τὰς
801 2078 861 2145 ἐξ
894 2079 1049 2143 ἔθους
1087 2079 1253 2149 εὐχὰς
1286 2080 1486 2150 Πατρὶ,
1518 2080 1610 2132 καί
1645 2077 1776 2147 Υἰῴ,
1807 2077 1900 2131 καὶ

310 2176 453 2246 ἁγίῳ
506 2174 810 2245 Πνεύματι.
857 2173 1064 2235 Πάντες
1114 2172 1427 2237 ἐλπίζουσιν
1466 2172 1515 2225 οἱ
1567 2169 1801 2240 ἀδελφοί
1830 2172 1899 2242 τῇ

308 2268 416 2321 ὑπὸ
450 2267 546 2320 σοῦ
582 2267 719 2337 εὐχῇ
755 2266 894 2337 ὑπὲρ
936 2265 1116 2318 αὐτῶν
1165 2264 1462 2334 γιγνομένῃ
1516 2262 1895 2333 στηριχθῆναι.

308 2358 747 2429 Παρακαλοῦμεν
782 2358 854 2427 μὴ
893 2357 1123 2425 ὀκνῆσαι
1166 2354 1679 2426 μεταδοῦναιῆχάριν
1710 2352 1896 2424 θεῖκὴν

305 2449 586 2520 ἐσχηκότα
619 2447 952 2501 ἀποστόλων.
990 2447 1197 2511 Πάντες
1223 2448 1272 2501 οἱ
1305 2445 1492 2517 μικροὶ
1523 2447 1579 2497 ἐν
1610 2447 1729 2509 ταῖς
1765 2444 1899 2514 μάν-

307 2542 464 2611 δραις
492 2540 646 2604 ὄντες
684 2539 848 2611 εὐχὴν
885 2538 963 2609 τῷ
998 2539 1268 2609 κρείττονι
1306 2538 1693 2607 ἀναπέμπουσι
1735 2552 1901 2606 μετα-

309 2634 494 2687 λαϐεῖν
516 2634 626 2686 ἀπὸ
656 2633 753 2702 τῆς
776 2633 877 2702 σῆς
907 2631 1218 2694 θεοσεϐείας
1257 2629 1634 2702 πνευματικὴν
1668 2629 1898 2700 δωρεάν.

320 2725 669 2798 Ἐρρωμένος
709 2726 768 2778 ὲν
809 2725 1018 2796 Κυρίῳ,
1051 2725 1147 2776 καὶ
1177 2723 1415 2794 εὔθυμος
1450 2725 1510 2775 ἐν
1539 2722 1761 2794 Χριστῷ
1788 2723 1902 2776 δια-

307 2818 525 2888 τελοίης
555 2858 570 2881 ,
617 2818 711 2870 καί
766 2818 821 2869 ὲν
874 2817 1025 2887 ἀγίῳ-
1061 2816 1341 2886 Πνεύματι
1387 2815 1478 2868 τὸν
1543 2815 1766 2868 δοθέντα
1819 2832 1901 2868 σοι

308 2910 523 2981 θρόνον,
551 2910 642 2963 καὶ
681 2908 784 2979 τὴν
808 2907 994 2979 θεῖκὴν
1028 2908 1237 2979 δωρεὰν
1268 2908 1368 2979 (1),
1402 2908 1562 2979 μέχρι
1589 2906 1682 2959 τοῦ
1725 2907 1785 2958 σὲ
1814 2906 1907 2958 ὲκ-

307 3001 603 3070 δεχομένου
637 3000 923 3068 στεφάνου.

2007 618 2278 673 desiderio
2330 618 2672 682 traheretur,
2720 620 2972 687 idemque
3021 618 3352 673 monasterio
3403 628 3595 672 nostro
3673 657 3679 663 ρ

2006 717 2154 764 esset
2193 709 2505 778 ascriptus;
2541 708 2817 763 hominem
2854 711 3027 765 nacti.
3060 711 3153 780 qui
3190 709 3595 779 longinquitate

2008 809 2157 855 tanta
2187 801 2400 856 itineris
2428 810 2621 856 nostra
2640 803 2761 857 vice
2792 801 3117 872 fungeretur
3136 843 3152 868 ,
3193 803 3387 855 rudem
3415 801 3593 855 adhuc

2005 898 2060 945 et
2090 891 2357 958 tironem;
2394 892 2523 947 huic
2573 893 2674 962 ipsi
2714 902 3104 965 peccatorum;
3156 893 3402 947 omnium
3446 891 3598 945 vide-

2006 981 2132 1036 licet
2168 991 2451 1044 nostrum,
2496 984 2920 1052 postulationem
2967 985 3035 1039 ad
3084 994 3135 1038 te
3173 982 3379 1037 Christi
3427 981 3597 1035 disci-

2004 1072 2195 1142 pulum
2243 1071 2663 1142 perferendam;
2713 1074 2873 1142 paulo
2916 1089 3036 1127 eam
3077 1074 3297 1143 quidem
3334 1071 3599 1127 audacio-

2007 1178 2145 1229 rem,
2177 1162 2578 1218 mamlavitnus.
2611 1164 2898 1221 Petitionis
2943 1181 3107 1235 porro
3151 1174 3353 1221 11081.ηὲ
3383 1179 3597 1221 summa

2005 1255 2123 1311 lucc
2159 1264 2268 1326 est,
2297 1268 2358 1311 ut
2385 1272 2508 1328 quae
2546 1259 2828 1313 nonnullis
2867 1259 3133 1313 fratribus
3180 1257 3368 1312 dixisti
3390 1297 3404 1320 ,
3437 1273 3501 1311 ea
3530 1257 3600 1311 ad

2006 1357 2257 1404 nostram
2292 1349 2693 1405 institutionem
2724 1350 2994 1420 impertiri
3018 1364 3125 1403 non
3155 1349 3420 1418 graveris.
3441 1347 3599 1412 Quod

2007 1450 2068 1496 ut
2101 1441 2196 1495 tibi
2222 1439 2431 1495 homini
2468 1440 2630 1510 justo
2678 1440 2972 1496 molestum
3004 1456 3112 1495 non
3154 1440 3295 1494 erit:
3330 1440 3405 1492 ita
3439 1437 3601 1492 nobis

2006 1532 2393 1603 peccatoribus
2414 1572 2428 1594 .
2474 1532 2520 1587 si
2553 1531 2853 1603 impetrare
2906 1532 3286 1601 potuerimus,
3324 1530 3600 1599 ingentem

2006 1621 2063 1677 in
2112 1620 2342 1678 Domino
2406 1623 2649 1678 laetitiam
2713 1638 2776 1678 ac
2817 1624 3154 1693 voluptatem
3205 1622 3412 1677 afferet.
3462 1620 3598 1674 Cum

2004 1713 2151 1769 enim
2186 1714 2530 1783 spiritalibus
2558 1716 2668 1769 tuis
2693 1714 3042 1769 sermonibus
3070 1712 3358 1775 satianmr,
3396 1710 3600 1779 iniqui-

2005 1811 2179 1857 tatum
2242 1816 2556 1860 nostrarum
2610 1821 2777 1861 onere
2825 1805 3198 1861 sublevantur.
3250 1806 3326 1859 Ac
3382 1804 3602 1859 nomina

2006 1885 2223 1968 quidem
2258 1900 2392 1969 ipsa,
2428 1914 2549 1969 quae
2575 1913 2605 1952 a
2636 1907 2687 1954 te
2713 1908 2843 1954 sunt
2877 1899 3181 1955 ltmresibus
3204 1899 3462 1968 imposita
3489 1897 3601 1966 jam

2009 1991 2336 2045 audivimus.
2377 1990 2535 2046 Nunc
2573 1992 3012 2063 uniuscujusque
3051 1999 3213 2047 sectae
3254 1991 3449 2060 dogma
3483 2006 3604 2059 per-

2008 2081 2198 2152 spieue
2226 2083 2489 2135 declarari
2541 2098 2571 2136 a
2606 2093 2692 2135 tua
2732 2084 2931 2151 pietate
2978 2083 3253 2153 cupimus.
3306 2081 3419 2136 lloc
3450 2067 3597 2136 enim

2006 2188 2297 2227 commune
2326 2188 2390 2226 ex
2447 2189 2604 2241 atque
2640 2175 2843 2228 donum
2900 2184 2982 2228 est
3033 2173 3291 2226 omnibus
3329 2171 3600 2228 futurum.

2007 2260 2145 2314 Tum
2178 2261 2307 2315 illud
2332 2261 2492 2316 enixe
2524 2277 2801 2331 rogamus,
2838 2272 2896 2317 ut
2923 2278 3022 2332 pro
3061 2263 3362 2324 universis,
3393 2262 3487 2330 qui
3519 2262 3599 2315 tui

2003 2352 2277 2407 desiderio
2301 2360 2576 2415 tenentur,
2611 2353 2813 2423 quique
2854 2352 2985 2407 illud
3018 2369 3047 2406 a
3077 2362 3130 2409 te
3160 2369 3361 2407 tnunus
3409 2369 3597 2422 exspe-

2006 2451 2177 2505 ctant,
2206 2453 2287 2509 tu,
2312 2444 2405 2513 qui
2430 2444 2617 2512 justus
2642 2461 2721 2509 es,
2757 2445 3045 2499 Dominum
3073 2444 3336 2515 preceris.
3376 2443 3603 2497 lntcrim

2007 2552 2109 2591 nos
2140 2536 2194 2589 in
2224 2536 2437 2605 jejunio
2479 2545 2532 2590 et
2563 2538 2813 2592 oratione
2840 2537 2906 2590 ad
2933 2537 3065 2591 illud
3099 2534 3454 2591 obtinendum
3484 2552 3604 2604 per-

2011 2628 2293 2694 sistimus,
2335 2638 2393 2681 ut
2429 2628 2597 2683 frater
2631 2630 2721 2686 ille
2765 2641 2953 2685 noster
2984 2630 3222 2700 benigne
3262 2644 3290 2682 a
3324 2640 3376 2684 te
3413 2643 3605 2682 susce»

2008 2729 2156 2790 ptus,
2179 2729 2462 2790 acceptum
2499 2722 2628 2776 illud
2660 2739 2861 2777 munus
2886 2722 2951 2776 ad
2986 2736 3085 2777 nos
3118 2728 3356 2791 reportet
3391 2738 3403 2774 :
3440 2728 3604 2789 atque

2012 2813 2085 2864 ita
2115 2811 2220 2865 Deo
2279 2811 2449 2877 Patri,
2487 2813 2625 2868 Filio
2666 2831 2730 2868 ac
2762 2814 2988 2886 Spiritui
3028 2822 3222 2869 sancto
3257 2813 3448 2868 solitas
3480 2830 3605 2881 pre-

2013 2919 2107 2958 ces
2147 2904 2459 2960 offeramus.
2512 2903 2715 2961 Omnes
2769 2907 2944 2960 nostri
2983 2906 3184 2961 fratres
3237 2905 3391 2959 valde
3434 2905 3605 2958 confi-

2015 2996 2175 3061 dunt,
2213 2995 2352 3049 fusis
2378 3012 2406 3050 a
2434 3006 2486 3051 te
2515 3015 2611 3068 pro
2644 3000 2776 3068 ipsis
2826 3000 3083 3068 precibus
3109 3015 3231 3054 sese
3278 3012 3621 3069 magnopere

308 3094 696 3148 conﬁrmatum
727 3078 810 3149 iri.
834 3091 1071 3146 Oramus
1103 3099 1173 3156 te,
1213 3090 1386 3161 utqui
1411 3090 1651 3145 divinam
1676 3089 2051 3157 apostolorum
2111 3092 2342 3157 gratiam
2385 3101 2719 3149 consecutus
2755 3109 2834 3159 es,
2868 3094 3014 3165 quod
3082 3094 3320 3164 petimus
3382 3106 3450 3145 ne
3506 3089 3606 3142 tri-

310 3186 480 3240 bmre
521 3187 819 3240 cunt-teris.
849 3183 1040 3239 Pusilli
1082 3198 1294 3247 omnes,
1321 3184 1412 3253 qui
1449 3184 1505 3236 in
1552 3181 1907 3237 monasteriis
1941 3181 2167 3253 degunt,
2197 3184 2367 3237 Deum
2400 3193 2724 3253 precantur,
2781 3194 2841 3239 ut
2907 3202 2937 3240 a
2983 3192 3036 3240 te
3087 3185 3332 3257 Spiritale
3402 3182 3606 3237 donum

312 3283 448 3337 illud
470 3284 776 3335 obtlneant.
822 3280 1010 3334 Valere
1038 3290 1090 3335 te
1114 3279 1169 3333 in
1203 3278 1455 3343 Domino,
1481 3292 1544 3331 ac
1568 3278 1750 3332 laetum
1781 3276 2000 3332 assidue
2034 3279 2231 3349 degere
2261 3289 2518 3350 Optamus
2550 3280 2846 3348 plurimum
2900 3299 2912 3332 :
2989 3288 3043 3337 et
3083 3280 3443 3335 commissum
3506 3274 3605 3329 tibi

311 3375 597 3429 thronum.
638 3374 690 3426 in
730 3372 936 3443 Spiritu
960 3379 1173 3451 sancto,
1205 3371 1560 3441 divinumque
1598 3369 1740 3425 tueri
1778 3384 2004 3435 munus,
2070 3372 2245 3426 donec
2302 3388 2444 3437 eam,
2498 3387 2622 3442 quae
2655 3380 2709 3427 te
2760 3381 2983 3439 manet,
3049 3387 3309 3427 coronam
3343 3371 3397 3427 in
3462 3369 3604 3425 toelo

308 3467 703 3536 consequaris.
1188 3472 1210 3481 ‘

1047 3609 2007 3812 RESCRIPTUM~
2087 3695 2876 3807 EPIPHANII.

320 3883 398 3938 'II
437 3879 869 3949 ἀντιῖρίιςεεῖσιι
921 3879 1074 3946 πρὸς
1119 3876 1262 3943 τοὺς
1314 3876 1448 3944 περὶ
1479 3877 1765 3949 ΔἉᾳιιάκιον
1806 3877 1905 3949 καὶ

2013 3876 2303 3947 Epipltanii
2352 3876 2583 3945 episcopi
2637 3873 2902 3944 epistola,
2948 3889 3108 3944 quam
3153 3874 3221 3927 ad
3268 3876 3520 3926 Acacium
3560 3884 3607 3928 et

386 3946 636 4006 Παῦλον
673 3946 1119 4019 ¹πτρεσϐυτέρους
1166 3948 1287 4019 ὑπὸ
1316 3946 1506 4019 αὐτοῦ
1554 3948 1909 4019 Ἐπιςοανίου

385 4022 541 4090 πρὸς
580 4022 649 4075 τὰ
692 4017 794 4075 ὑπ’
828 4019 1026 4090 αὐτῶν
1059 4018 1221 4083 αὐτῷ
1268 4018 1572 4088 πφαέρέντα
1618 4018 1755 4087 περὶ
1803 4017 1911 4073 τοῦ

389 4089 543 4145 κατὰ
578 4091 867 4160 αἱρέσεων
894 4089 1121 4159 γράψαι
1156 4090 1363 4142 αὐτόν.

392 4204 619 4272 κυρίοις
641 4202 989 4272 τιμιωτάτοις
1012 4198 1263 4269 ἀδελφοῖς
1286 4199 1379 4253 καὶ
1404 4197 1914 4269 ωμπρεσὸυτέροις

328 4295 577 4364 Ἀκακίῳ
639 4295 730 4348 καὶ
788 4291 987 4363 Παύλῳ
1042 4291 1359 4361 Ἐπιφάνιος
1444 4293 1502 4344 ἐν
1551 4291 1743 4360 Κυρίῳ
1791 4290 1914 4360 χαί-

317 4405 461 4459 ρειν.
509 4387 823 4457 Προοίμιον,
856 4385 953 4438 εἴτ’
988 4381 1083 4438 οὖν
1119 4384 1310 4439 λαλιὰν
1343 4383 1678 4456 ἐπιγραφὴν,
1724 4381 1915 4453 ὥσπερ

313 4479 716 4548 διαγράφοντες
747 4477 962 4530 παλαιοὶ
985 4478 1320 4547 συγγραφεῖς
1358 4476 1442 4529 διὰ
1466 4474 1559 4528 τοῦ
1593 4473 1915 4544 αἰνίγματος

315 4570 597 4638 ὑπόφασιν
643 4569 914 4621 ἐδείκνυον
977 4566 1157 4635 πάσης
1216 4565 1590 4636 ὑποκειμένης
1651 4580 1915 4639 πραγμα-

312 4662 498 4725 τείας.
525 4661 683 4714 Ὅθεν
710 4661 804 4714 καὶ
853 4660 1027 4726 αὐτοὶ,
1060 4657 1140 4729 τῷ
1189 4658 1338 4729 αὑτῴ
1376 4656 1706 4730 κεχρημένοι
1741 4672 1917 4727 χαρα-

314 4754 514 4825 κτῆρι,
546 4754 1018 4826 προοιμιαζόμεθα
1046 4754 1196 4825 ὑμῖν,
1230 4750 1530 4821 ἀγαπητοὶ,
1555 4749 1625 4802 τὰ
1646 4749 1747 4819 τῆς
1774 4746 1917 4801 κατὰ

315 4846 595 4918 αἱρέσεων
619 4848 890 4917 αἰτήσεως
913 4844 1087 4916 ὑμῶν,
1117 4846 1176 4897 ὲν
1203 4843 1369 4913 ὀλίγῳ
1396 4840 1494 4912 τὴν
1523 4840 1753 4910 δύναμιν
1788 4841 1919 4894 ἀνα-

315 4932 804 5009 κτφαλαὶούμενοι.
859 4937 1080 5008 Ἐπειδὴ
1127 4936 1235 5007 γὰρ
1281 4934 1549 5006 μέλλομεν
1585 4935 1714 5005 ὑμῖν
1742 4934 1813 4989 τά
1858 4951 1918 4991 τε

318 5033 569 5102 φύματα
612 5032 719 5085 τῶν
748 5032 1014 5103 αἱρέσεων
1067 5029 1285 5102 δηλοῦν,
1316 5028 1416 5092 τάς
1461 5045 1522 5080 τε
1576 5029 1707 5099 παρ’
1733 5028 1917 5089 αὐτοῖς

313 5121 624 5192 ἀθεμίτους
684 5120 913 5193 πράξεις
961 5119 1400 5178 ἀνακαλύπτειν,
1445 5116 1633 5188 ὥσπερ
1675 5117 1786 5179 ἰοὺς
1826 5116 1919 5171 καὶ

2089 3968 2323 4022 Paulum
2358 3965 2693 4037 presbyteros
2731 3963 2801 4017 ad
2851 3982 2914 4018 ea
2950 3964 3221 4033 rescripsi!
3244 4005 3257 4028 ,
3282 3982 3399 4034 qua:
3426 3966 3509 4018 illi
3546 3966 3608 4021 de

2086 4060 2450 4113 lucubratione
2481 4059 2577 4111 illa
2614 4067 2799 4110 contra
2824 4057 3051 4128 ngreses
3083 4057 3531 4126 signiﬁeavemnt.

2088 4196 2336 4251 Dominis
2374 4195 2782 4249 venerabilibus
2832 4211 2894 4249 ac
2925 4194 3222 4258 fratribus.
3269 4205 3322 4251 et
3353 4198 3600 4268 collegis,

2015 4288 2214 4343 Acacio
2272 4293 2326 4341 et
2376 4286 2564 4347 Paulo,
2599 4284 2937 4356 Epiphanius
2989 4290 3042 4340 in
3091 4287 3314 4343 Christo
3348 4290 3604 4346 salutem.

2020 4379 2490 4448 Quemadmodum
2524 4379 2733 4449 antiqui
2773 4380 3073 4450 scriptores
3112 4389 3514 4437 consueverant
3552 4383 3606 4437 in

2016 4472 2432 4544 prmfationibus
2462 4487 2527 4525 ac
2567 4472 2875 4542 proloquiis
2896 4511 2910 4535 ,
2943 4481 2996 4527 et
3039 4473 3497 4543 inscriptionibus
3527 4482 3608 4529 to-

2017 4566 2128 4620 tius
2149 4565 2332 4636 operis
2358 4565 2627 4636 prepositi
2654 4567 2891 4634 speciem
2924 4565 3346 4623 aduinbratione
3371 4569 3607 4637 quadam

2017 4658 2369 4714 informatam
2392 4657 2711 4725 ostendere;
2744 4659 2819 4713 ita
2838 4669 2890 4715 et
2908 4677 3008 4717 nos
3025 4662 3214 4716 eodem
3234 4662 3501 4717 orationis
3524 4663 3606 4716 usi
3640 4704 3651 4715 .

2018 4768 2216 4822 genere
2236 4752 2562 4821 prooemium
2595 4751 2697 4805 hoc
2723 4751 3085 4817 instituimus,
3118 4753 3332 4817 dilecti,
3368 4762 3425 4807 ut
3446 4794 3460 4815 ,
3487 4768 3608 4823 qua:

2018 4845 2315 4915 postulatio
2346 4853 2529 4899 vestra
2558 4843 2682 4909 fuit,
2715 4860 2904 4901 eorum
2934 4862 3055 4917 quae
3080 4847 3345 4902 adversus
3374 4848 3609 4901 haereses

2019 4938 2355 5010 disputanda
2413 4946 2577 5002 sunt,
2637 4934 2853 4994 summa
2911 4939 3103 5010 paucis
3151 4940 3604 5009 complectamur.

2019 5036 2292 5103 Quoniam
2327 5035 2474 5089 enim
2513 5034 2798 5091 haereseon
2850 5034 3096 5091 omnium
3142 5035 3369 5089 nomina
3424 5032 3606 5085 decla-

2020 5129 2188 5184 randa
2216 5128 2368 5184 vobis
2400 5129 2503 5183 hoc
2524 5129 2579 5183 in
2615 5129 2758 5193 libro
2779 5130 3153 5199 suscepimus.
3182 5142 3285 5182 nec
3309 5141 3419 5195 non
3445 5142 3605 5183 exse-

315 5215 627 5287 ὃηλητήρια
676 5215 827 5279 ὄντα,
865 5216 962 5269 σὺν
1000 5215 1184 5276 αὐτοῖς
1229 5212 1285 5265 δὲ
1320 5211 1437 5280 ἅμα
1478 5210 1573 5263 καὶ
1610 5208 1907 5272 ἀντιδὸτους

2018 5220 2244 5284 oranda,
2292 5233 2356 5272 ac
2404 5219 2615 5273 nefaria
2652 5220 2869 5277 illarum
2927 5219 3162 5288 flagitia,
3216 5220 3297 5272 sic
3342 5225 3603 5289 tanquam

316 5307 805 5379 ὲφαρμοσάμενοι,
850 5305 1181 5377 ἀλεξητήρια
1237 5301 1345 5357 τῶν
1384 5300 1767 5372 δεδηγμένων,
1818 5300 1913 5354 καὶ

317 5397 825 5471 προκαταληπτικὰ
849 5397 958 5451 τῶν
988 5395 1291 5467 μελλόντων
1326 5396 1406 5457 είς
1433 5393 1591 5446 τοῦτο
1618 5393 1911 5463 ἐμπίπτειν

316 5494 442 5552 τοῖς
481 5490 795 5560 φιλοκάλοις
834 5490 1242 5559 διαγράφομεν·
1280 5486 1413 5542 αὐτὸ
1457 5484 1618 5539 τοῦτο
1666 5486 1726 5538 τὸ
1755 5483 1913 5555 [upo-

318 5580 528 5654 οίμιον]
576 5582 884 5652 Πανάριον,
933 5580 1031 5633 εἴτ’
1077 5576 1168 5633 οὖν
1208 5577 1463 5633 κιϐώτιον
1510 5575 1772 5646 ἰατρικὸν,
1821 5575 1912 5629 καὶ

322 5673 746 5744 θηριοδηκτικὺν
790 5671 1205 5745 ἑρμηνεύοντες,
1256 5671 1392 5740 ὅπερ
1414 5668 1531 5721 ἐστὶ
1561 5669 1649 5722 διὰ
1693 5667 1915 5737 βιϐλίων

323 5766 495 5837 τριῶν
523 5755 766 5838 αἱρέσεις
798 5766 1148 5835 ὁγδοήκοντα,
1180 5763 1381 5826 αἵτινές
1412 5765 1518 5816 εἰσι
1538 5816 1539 5819 η
1559 5761 1787 5832 θηρίων,
1816 5760 1917 5813 εἶτ’

406 5884 481 5948 Η)
512 5882 675 5942 Deest
695 5883 920 5938 verbum
956 5882 1099 5955 quod
1132 5881 1324 5936 Latino
1358 5881 1491 5941 lucri
1524 5878 1875 5957 respondeat.

2019 5307 2447 5380 praesentissima
2469 5306 2716 5377 quaedam
2741 5322 2974 5366 venena.
2994 5305 3302 5376 patefacere
3331 5309 3603 5372 volumus,

2019 5408 2183 5471 atque
2233 5397 2317 5452 his
2347 5398 2493 5452 velut
2529 5399 2775 5457 antidota
2800 5399 3048 5473 quredam
3084 5411 3453 5469 opponentes,
3485 5414 3605 5470 qum

2018 5488 2101 5543 vel
2138 5487 2227 5552 iis,
2269 5488 2362 5557 qui
2398 5502 2583 5541 morsu
2607 5488 2763 5557 petiti
2794 5495 2924 5542 sunt
2955 5488 3196 5544 remedio
3218 5504 3340 5546 esse
3371 5489 3604 5559 possint,

2019 5581 2105 5635 vel
2143 5595 2258 5641 eos.
2288 5579 2491 5650 quibus
2526 5595 2593 5635 ne
2618 5580 2863 5635 incidant
2890 5582 3196 5650 periculum
3231 5590 3334 5647 est,
3373 5595 3605 5651 praemu-

2026 5673 2178 5726 niant
2223 5688 2287 5725 ac
2335 5678 2683 5734 conservent,
2718 5672 3072 5728 boncStarum
3121 5688 3304 5728 rerum
3334 5672 3604 5729 studiosis

2027 5760 2375 5816 conscribere
2408 5779 2421 5816 :
2453 5758 2770 5827 Panarium,
2797 5761 2912 5817 sive
2943 5763 3185 5818 arculam
3218 5760 3509 5823 medicam,
3534 5757 3602 5813 ad
