4058 6492
513 412 540 476 ἰ
548 422 617 479 59

1266 422 1608 478 EPIPHANII
1650 418 2101 477 RESCRIPTUM
2143 419 2233 474 ΑΙ)
2276 416 2583 474 ACACIUM
2624 416 2711 472 ET
2751 410 3062 473 PAULUM.
3660 421 3748 477 160

507 552 721 602 eorum,
755 540 848 610 qui
884 554 915 593 a
942 543 1291 612 serpentibus
1325 544 1417 596 icti
1449 549 1597 606 sunt,
1637 540 1937 596 remedium
1966 540 2077 609 jure

2190 535 2283 593 οὖν
2317 536 2564 608 ἑρπετῶν
2589 535 2888 605 αἰνίγματα
3050 532 3166 585 Μία
3196 531 3254 585 δὲ
3279 531 3417 602 μετά
3450 532 3548 595 τὰς
3583 532 3752 606 ὀγδοή.

424 642 427 645 ·
505 643 646 697 Opus
676 630 832 694 illud,
861 646 926 686 ac
971 632 1170 686 librum
1214 631 1733 702 interpretabimur;
1769 631 1862 701 qui
1895 630 1949 684 in
1977 636 2091 684 tres

506 724 691 785 partes
712 717 945 784 divisus,
970 719 1205 776 haereses
1234 721 1512 790 octoginta
1536 720 1940 790 complectitur,
1967 733 2089 788 qua:

503 817 819 878 serpentum
879 826 946 866 ac
997 812 1276 881 reptilium
1317 812 1528 869 similes
1570 820 1721 867 sunt.
1771 809 2087 865 Secundum

503 914 640 968 quas
670 901 911 958 veritatis
958 902 1386 968 firmamentum,
1419 911 1475 959 et
1506 903 1765 959 salutaris
1814 902 2088 965 doctrina,

495 987 738 1059 ﬁdeique
776 990 1010 1046 formula
1045 993 1295 1062 subjecta
1349 1002 1467 1060 est,
1504 1007 1570 1049 ac
1610 993 1815 1048 Christi
1864 1008 2089 1063 sponsa,

500 1087 691 1133 sancta
716 1081 967 1138 videlicet
1020 1082 1265 1139 Ecclesia
1300 1085 1602 1140 declarata.
1646 1083 1778 1151 Quae
1806 1099 1931 1139 cum
1973 1085 2090 1155 jam

499 1175 612 1222 tum
635 1171 706 1225 ab
728 1172 861 1228 orbe
883 1174 1106 1229 condito
1129 1190 1253 1231 esse
1277 1177 1529 1246 coeperit,
1569 1184 1761 1247 postea
1783 1184 1965 1229 tamen
1990 1191 2089 1246 per

498 1260 699 1317 Christi
722 1262 935 1321 Domini
951 1265 1389 1323 lncarnationem
1404 1275 1710 1339 temporum
1732 1267 2087 1324 successione

496 1361 622 1411 ante
647 1368 1107 1416 commemoratas
1136 1376 1329 1417 omnes
1361 1361 1602 1417 hareses
1646 1361 1887 1432 vulgata,
1922 1368 2089 1432 atque

497 1445 791 1514 patefacta,
822 1450 1126 1522 eademque
1170 1468 1199 1507 a
1249 1453 1412 1509 nobis
1464 1453 1519 1508 in
1561 1452 1989 1508 commentarios
2020 1467 2085 1508 cx

495 1536 702 1594 Christi
728 1542 1118 1610 praedicatione
1158 1545 1329 1601 relata
1360 1564 1375 1600 :
1408 1560 1473 1601 ac
1499 1561 1721 1601 rursum
1753 1556 1874 1617 post
1911 1546 2087 1616 expli-

496 1641 675 1687 catam
711 1649 928 1692 omnem
962 1636 1193 1694 istarum
1228 1639 1508 1696 haereseon
1553 1639 1992 1711 improbitatem,
2020 1652 2087 1693 ex

2199 648 2396 693 κοντα,
2424 632 2458 700 ὴ
2496 628 2599 698 τῆς
2645 626 2904 698 ἀληθείας
2953 625 3108 695 βάσις
3140 625 3258 695 ἅμα
3300 625 3393 678 καὶ
3436 625 3749 694 διδασκαλία,

2196 720 2290 773 καὶ
2317 717 2585 788 σωτήριος
2614 714 2992 787 πραγματεία,
3022 714 3119 767 καὶ
3153 711 3394 783 Χριστοῦ
3434 712 3612 785 νύμφη
3637 716 3754 783 ἁγία

2206 808 2524 881 Ἐκκλησία,
2561 804 2700 862 οὖσα
2732 807 2832 878 μὲν
2863 807 2957 861 ἀπ’
2993 804 3210 869 αἰῶνος,
3242 803 3332 859 διά
3361 804 3420 858 δὲ
3446 805 3544 875 τῆς
3573 806 3751 877 ὲνσάρ-

2193 920 2291 958 κου
2318 899 2556 973 Χριστοῦ
2590 899 2895 971 παρουσίας
2923 896 3065 953 κατά
3091 896 3192 968 τὴν
3230 896 3483 967 διαδοχὴν
3520 896 3610 949 τοῦ
3638 899 3753 967 χρό-

2192 1012 2285 1047 νου
2319 993 2484 1064 μέσον
2530 992 2639 1044 τῶν
2682 991 3099 1063 προειρημένων
3141 987 3588 1058 ἀποκαλυφθεῖσα
3605 1030 3620 1054 ,
3672 991 3757 1044 καὶ

2192 1087 2283 1156 ὑφ’
2329 1084 2486 1156 ἡμῶν
2530 1087 2587 1137 ὲν
2620 1084 2928 1155 ὑπομνήσει
2972 1082 3063 1137 διὰ
3110 1081 3207 1136 τοῦ
3246 1082 3600 1152 κηρύγματος
3640 1083 3759 1150 Χρι-

2196 1174 2323 1229 στοῦ
2376 1173 2676 1246 ταχθεῖσα,
2721 1173 2818 1227 καὶ
2869 1171 3033 1227 πάλιν
3085 1169 3226 1243 μετά
3277 1170 3460 1234 πάσας
3517 1170 3614 1235 τὰς
3661 1170 3761 1222 τῶν

2193 1268 2461 1339 αἱρέσεων
2503 1266 2710 1320 τούτων
2756 1263 3062 1337 μοχθηρίας
3101 1265 3184 1328 εἱς
3226 1262 3512 1335 ἀναψυχὴν
3538 1263 3641 1317 τῶν
3682 1263 3761 1316 τὸν

2193 1360 2441 1431 κάματον
2479 1357 2588 1412 τῶν
2646 1357 2917 1428 αἱρέσεων
2970 1356 3061 1410 διὰ
3102 1356 3202 1427 τῆς
3240 1353 3598 1425 ἀναγνώσεως
3637 1353 3762 1407 διελ-

2192 1451 2397 1506 θόντων
2416 1491 2431 1515 ,
2481 1452 2571 1519 ὑφ’
2609 1448 2770 1521 ¹ἡμῶν
2817 1449 2939 1521 μετ’
2974 1448 3245 1519 ἐπιτομῆς
3291 1446 3388 1501 τοῦ
3414 1446 3606 1516 λόγου,
3635 1444 3763 1499 κατὰ

2191 1542 2292 1615 τὴν
2342 1541 2473 1631 ἰίἳὺνκ
2497 1540 2816 1596 ἀποστόλων
2853 1539 3237 1607 διδασκαλίαν,
3273 1538 3466 1609 σαφῶς
3498 1536 3761 1606 ἀπαγγελ-

2192 1635 2369 1691 θεῖσα.

497 1726 870 1793 apostolorum
895 1729 1185 1802 disciplina
1215 1740 1474 1789 accurate
1500 1747 1566 1787 ac
1621 1732 1909 1803 perspicue
1930 1730 2078 1786 brevi
2116 1729 2354 1800 quodam
2385 1734 2472 1783 est
2528 1727 2858 1798 compendio
2903 1726 3185 1796 subjecta;
3229 1725 3308 1780 uti
3333 1739 3399 1781 ea
3443 1739 3506 1781 re
3561 1723 3762 1779 illorum

496 1830 816 1877 recreentur
846 1839 912 1880 ac
938 1826 1259 1883 reficiantur
1277 1830 1468 1891 animi,
1496 1828 1591 1899 qui
1620 1828 1766 1883 hunc
1793 1828 2075 1883 haereseon
2115 1823 2610 1896 percurrendarum
2636 1822 2879 1878 laborem
2916 1822 3281 1891 susceperint.

569 1915 610 1970 1.
645 1915 820 1974 Porro
848 1936 948 1976 vos
976 1935 1191 1987 omnes,
1239 1922 1592 1979 honestarum
1630 1939 1814 1980 rerum
1845 1922 2077 1980 studiosi

2254 1920 2334 1975 A'.
2369 1918 2769 1991 Παρακλήθητε
2811 1917 2891 1985 δὲ,
2930 1918 3133 1980 πάντες
3166 1917 3215 1969 οἱ
3248 1912 3557 1985 φιλοκάλως
3585 1913 3763 1979 ἐντυγ-

495 2001 754 2070 lectores.
786 2017 1006 2079 rogatos
1036 2010 1311 2077 volumus,
1351 2013 1818 2081 utetprowmium
1853 2015 2033 2083 ipsum
2058 2055 2073 2078 ,

494 2102 549 2147 et
572 2094 982 2166 insequentium
1015 2100 1296 2157 haereseon
1331 2102 1754 2172 expositionem,
1787 2117 1852 2157 ac
1880 2103 2078 2158 verita-

492 2187 565 2242 tis
595 2189 1016 2259 professionem,
1047 2201 1102 2248 et
1132 2191 1464 2259 doctrinam,
1514 2210 1579 2250 ac
1629 2202 1835 2250 sancta:
1892 2202 1945 2250 et
1989 2210 2081 2249 ca-

491 2280 712 2335 tholica:
741 2281 999 2338 Ecclesia-
1026 2283 1187 2341 fidem
1223 2299 1255 2339 a
1289 2285 1451 2341 nobis
1503 2301 1822 2356 expressam
1849 2301 2079 2356 percur-

491 2380 699 2439 rentes,
736 2375 1055 2433 condonare
1091 2376 1294 2445 velitis,
1325 2386 1518 2449 utpote
1552 2379 1892 2442 hominibus,
1929 2386 1983 2434 et
2006 2380 2080 2433 ita

489 2466 843 2535 potissimum
878 2467 1115 2534 affectis,
1152 2479 1212 2524 ut
1240 2484 1364 2524 cum
1399 2470 1609 2535 labore,
1646 2486 1712 2525 ac
1743 2470 1929 2526 divino
1962 2473 2081 2527 zelo

489 2550 714 2624 pietatis
739 2565 925 2627 partes
949 2574 1298 2631 propugnare
1320 2576 1586 2617 conemur
1628 2578 1640 2613 :
1671 2562 1805 2616 illud
1838 2578 2078 2633 unquam

490 2645 815 2716 ignoscatis,
852 2649 899 2705 si
932 2651 1063 2720 quid
1118 2652 1281 2721 paulo
1309 2653 1547 2723 amplius
1603 2669 1668 2709 ac
1726 2655 2080 2724 praestantius

492 2737 560 2790 ad
587 2738 926 2795 sanctissimi
958 2749 1014 2798 et
1041 2742 1191 2798 Omni
1247 2747 1600 2800 veneratione
1629 2745 1943 2816 dignissimi
1977 2763 2079 2817 pa-

489 2831 785 2886 trocinium
837 2835 1078 2892 nominis
1127 2852 1400 2908 usurpare
1448 2838 1651 2894 divinis
1687 2838 1810 2895 freti
1868 2840 2079 2896 viribus

491 2925 611 2979 ausi
644 2923 943 2994 fuerimus,
991 2928 1229 3000 idipsum
1270 2931 1609 2988 concedente
1641 2931 1787 2997 Deo,
1820 2932 2073 3004 quando-

462 3016 710 3084 quidem
733 3031 819 3080 ea,
839 3034 959 3090 quae
987 3019 1298 3079 facultatem
1325 3035 1569 3095 nostram
1600 3035 1883 3096 superant,
1905 3025 2080 3097 inqui-

489 3108 688 3165 rimus.
745 3108 881 3165 Nam
925 3120 981 3167 et
1035 3129 1136 3185 pro
1182 3118 1411 3174 veritate
1460 3119 1639 3174 oratio
1676 3118 1817 3184 ista,
1869 3129 1924 3173 et
1975 3130 2078 3189 pro

488 3197 693 3267 pietate
718 3200 1035 3279 lucubratio
1082 3207 1410 3278 suscipitur.
1445 3208 1529 3264 Ad
1584 3210 1698 3265 haec
1722 3209 2079 3265 vehementer

486 3304 519 3342 a
542 3290 699 3348 vobis
732 3296 975 3364 postulo,
1025 3304 1085 3352 ut
1114 3299 1163 3354 si
1189 3299 1322 3370 quid
1376 3299 1519 3357 forte
1548 3302 1840 3372 reperiatis
1877 3303 2076 3373 (quan-

2184 2014 2441 2087 χάνοντες
2471 2012 2551 2083 τῷ
2586 2028 2647 2065 τε
2678 2010 2955 2082 προοιμίῳ
2996 2009 3092 2063 καὶ
3135 2010 3255 2072 ταῖς
3297 2007 3596 2078 μετέπειτα
3620 2005 3765 2075 αἱρέ-

2186 2121 2325 2169 σεσι,
2363 2104 2459 2160 καὶ
2487 2107 2554 2175 τῇ
2600 2102 2730 2175 περὶ
2761 2099 3022 2173 ἀληθείας
3076 2098 3344 2170 ἀπολογίᾳ
3373 2115 3436 2151 τε
3465 2099 3563 2151 καὶ
3593 2096 3765 2150 διδασυ

2182 2197 2347 2267 καλίᾳ
2375 2195 2476 2265 τῆς
2502 2193 2783 2265 ἀληθείας,
2816 2191 2909 2246 καὶ
2939 2191 3121 2245 πίστει
3154 2190 3255 2260 τῆς
3288 2190 3453 2258 ἁγίας
3482 2187 3768 2257 καθολικῆς

2194 2287 2545 2358 Ἐκκλησίας,
2602 2284 2912 2354 συγγνῶναι
2964 2284 3097 2355 ἡμῖν
3144 2281 3458 2354 ἀνθρώποις
3492 2276 3648 2345 οὖσι,
3680 2281 3767 2334 καὶ

2184 2379 2323 2449 μετά
2373 2377 2538 2431 πόνου
2572 2376 2669 2429 καὶ
2700 2375 2862 2446 ζήλου
2906 2373 3091 2427 θεῖκοῦ
3127 2370 3606 2443 φιλοτιμουμένοις
3638 2370 3774 2441 ὑπὲρ⁶

2181 2467 2493 2532 θεοσεϐείας
2528 2466 2937 2535 ἀπολογεῖσθαι,
2970 2463 3075 2537 [εἰς
3106 2464 3158 2537 ὃ]
3186 2466 3240 2518 εί
3265 2482 3318 2518 τι
3351 2464 3660 2534 ὑπέρογκον
3696 2464 3767 2525 είς

2180 2561 2312 2614 αὐτὸ
2345 2561 2406 2615 τὸ
2439 2560 2707 2628 πανάγιον
2762 2559 2858 2613 καὶ
2911 2557 3323 2629 πανσεϐάσμιον
3352 2556 3524 2628 δνομα
3558 2556 3768 2627 θελήσο-

2183 2668 2284 2723 μεν
2345 2650 2487 2705 κατὰ
2545 2649 2644 2722 τὴν
2697 2649 2775 2721 (2)
2827 2648 2993 2719 ἁγίαν
3049 2648 3281 2720 δύναμιν
3343 2647 3768 2719 ὑπεραπολογεῖ-

2182 2744 2327 2807 σθαι,
2365 2745 2462 2798 τοῦ
2496 2743 2635 2798 Θεοῦ
2671 2742 3085 2815 συγχωροῦντος
3111 2742 3181 2796 τά
3214 2742 3355 2814 ὑπὲρ
3372 2741 3607 2809 δύναμιν
3644 2741 3770 2811 ἡμῖν

2179 2835 2521 2906 ἐκζητοῦσιν,
2556 2835 2747 2906 ἐπειδὴ
2798 2834 2868 2888 δι’
2898 2834 3157 2906 ἀλήθειαν
3215 2836 3348 2906 ἡμῖν
3392 2836 3422 2888 ό
3460 2833 3640 2902 λόγος,
3683 2831 3770 2884 καὶ

2177 2929 2245 2982 δι’
2280 2929 2559 2983 εὐσέϐειαν
2591 2930 2624 3000 ἡ
2661 2928 3032 3000 πραγματεία.
3087 2928 3199 2982 Καὶ
3228 2926 3310 2980 ἔτι
3362 2924 3767 2999 παρακλήθητε,

2179 3023 2267 3087 ἵν’,
2297 3022 2349 3075 εί
2375 3039 2479 3075 που
2512 3021 2746 3093 εὕροιτε,
2775 3020 2980 3094 (καίτοι
3008 3038 3073 3090 γε
3112 3020 3186 3091 μὴ
3228 3020 3289 3072 ὲν
3316 3018 3426 3072 ἔθει
3459 3018 3624 3081 ὄντας
3660 3018 3771 3068 ἔπι-

2179 3116 2445 3186 σκήπτειν
2465 3113 2639 3177 τινὰς,
2662 3112 2695 3185 ἢ
2723 3112 3256 3185 ὲπισκωμματίζειν)
3284 3133 3295 3145 ο
3326 3112 3417 3167 διὰ
3447 3112 3506 3166 δὲ
3526 3112 3623 3167 τὸν
3645 3109 3771 3182 πρδς

2176 3206 2274 3268 τὰς
2304 3204 2545 3278 αἱρέσεις
2598 3203 2779 3277 ζῆλον,
2817 3205 2911 3258 καὶ
2949 3204 3030 3268 είς
3069 3202 3390 3276 ἀποτροπὴν
3426 3202 3542 3257 τῶν
3589 3204 3771 3270 ἐντυγ-

2175 3295 2469 3367 χανόντων,
2520 3297 2677 3350 είπου
2728 3296 3161 3369 παροξυνόμενοι
3212 3294 3523 3367 λέξομεν,ῆ
3576 3296 3774 3349 ἀπατε-

485 3396 650 3450 quam
709 3400 822 3439 non
881 3386 1015 3443 illud
1076 3388 1214 3445 adeo
1244 3391 1417 3448 moris
1456 3400 1542 3448 est
1573 3392 1757 3459 nobis,
1811 3393 2075 3450 vellicare

2181 3388 2320 3454 ὦνάς
2367 3405 2522 3452 τινας
2566 3387 2884 3454 καλοῦντες,
2910 3388 2943 3459 ἢ
2973 3387 3239 3458 ἀγύρτας,
3270 3388 3305 3458 ἢ
3334 3386 3558 3452 ἀθλίους
3582 3403 3597 3417 “
3640 3385 3771 3456 αύτὴ

486 3475 824 3544 quempiam,
859 3486 954 3532 aut
983 3479 1038 3533 in
1084 3496 1210 3536 eum
1245 3483 1391 3538 dicta
1410 3480 1859 3556 jacere),’verum
1890 3485 1936 3542 si
1973 3501 2074 3556 pro

489 3562 881 3622 ardentissimo
906 3576 1099 3625 nostro
1132 3570 1400 3629 adversus
1426 3573 1665 3631 haereses
1695 3573 1901 3637 studio,
1930 3584 1985 3631 et
2015 3583 2076 3630 ut

489 3653 724 3713 lectores
776 3658 847 3714 ab
893 3660 964 3716 iis
1011 3661 1420 3731 deterreamus,
1468 3667 1804 3723 concitatius
1865 3667 2074 3739 aliquid

493 3745 799 3805 dixerimus
832 3767 845 3804 :
881 3759 1077 3823 utputa
1108 3756 1153 3810 si
1186 3756 1543 3825 impostores,
1578 3759 1941 3814 circulatores
1976 3775 2075 3830 ap-

490 3839 785 3909 pellemus,
818 3843 873 3898 id
904 3846 1089 3903 velitis
1135 3849 1455 3919 ignoscere,
1500 3849 1635 3905 Nam
1665 3859 1720 3906 et
1748 3851 1866 3923 ipsa
1894 3861 2077 3908 certa-

486 3930 653 3985 minis
701 3946 765 4001 ac
809 3932 1202 4005 disputationis
1250 3940 1562 3996 necessitas
1615 3940 1889 4010 eiusmodi
1923 3942 2076 3997 labo-

487 4037 602 4077 rem
636 4024 798 4082 nobis
848 4029 1148 4100 imposuit,
1183 4048 1294 4109 quo
1338 4033 1408 4087 ab
1436 4033 1548 4088 illis
1581 4034 1816 4090 lectores
1875 4050 2068 4091 avoca-

486 4122 706 4184 rentur,
739 4126 907 4191 utque
941 4121 1158 4178 illorum
1209 4124 1547 4191 functiones,
1572 4126 1836 4198 mysteria
1871 4142 1937 4181 ac
1971 4128 2073 4183 do-

484 4214 667 4271 gmata
698 4206 769 4262 ab
796 4210 1051 4267 instituto
1097 4221 1290 4268 nostro
1345 4213 1525 4269 aliena
1553 4229 1677 4270 esse
1709 4222 1875 4286 atque
1904 4216 2075 4271 inter-

2175 3482 2282 3554 γὰρ
2308 3485 2340 3553 ἡ
2362 3483 2626 3553 ἀνάγκηή
2654 3482 2790 3554 πρὸς
2816 3483 2944 3546 τοὺς
2981 3481 3173 3550 λόγους
3208 3479 3303 3535 τοῦ
3350 3480 3568 3550 ἀγῶνος
3607 3494 3771 3552 napa-

2175 3574 2434 3640 σκευάζει
2464 3577 2595 3647 ἡμῖν
2632 3575 2724 3628 τὸν
2764 3574 3002 3630 τοιοῦτον
3050 3573 3270 3646 ίδρῶτα,
3324 3572 3391 3627 δι’
3452 3572 3771 3645 ἀποτροπὴν

2176 3669 2286 3722 τῶν
2336 3668 2798 3739 ἐντυγχανόντων,
2854 3669 2949 3722 καὶ
2997 3668 3147 3732 ὅπως
3203 3669 3453 3740 δείξομεν
3493 3666 3770 3729 navalia;

2175 3760 2631 3833 ἀπηγορευμένας
2669 3760 2763 3815 τοῦ
2805 3761 3075 3834 ἡμετέρου
3110 3763 3459 3834 φρονήματος
3484 3761 3591 3826 τὰς
3620 3759 3760 3814 ὲκεί-

2174 3870 2280 3907 νων
2331 3853 2616 3925 ἐργασίας,
2653 3854 2748 3907 καὶ
2787 3856 3086 3926 μυστήρια,
3144 3855 3241 3909 καὶ
3273 3854 3631 3919 διδασκαλίας
3659 3868 3674 3880 ·
3711 3852 3771 3905 ἶν’

2172 3945 2283 3999 ἀπὸ
2333 3945 2444 4000 τῶν
2498 3946 2694 4015 λόγων,
2744 3948 2841 4001 καὶ
2880 3948 2980 4019 τῆς
3009 3947 3271 4019 ὀξύτητος
3302 3948 3403 4018 τῆς
3440 3945 3769 4015 ἀντιλογίας.

2174 4036 2270 4089 καὶ
2318 4037 2379 4090 τὸ
2420 4038 2687 4108 ἡμέτερον
2719 4037 3028 4110 ἐλευθέριον
3070 4039 3470 4111 ἀποδείξωμεν,
3496 4040 3597 4095 καί
3627 4053 3773 4099 τινας

2174 4127 2283 4181 ἀπὸ
2316 4127 2427 4181 τῶν
2470 4128 2652 4182 αὐτῶν
2696 4127 3037 4201 ὲκκλίνωμεν
3073 4132 3169 4185 καὶ
3203 4131 3293 4185 διὰ
3332 4131 3443 4184 τῶν
3469 4128 3777 4186 δοκούντων

2178 4216 2496 4291 βαρυτέρων
2519 4217 2715 4290 λόγων.

484 4293 632 4390 dicta
693 4308 974 4358 constaret
1039 4313 1256 4375 :atque
1315 4316 1375 4362 ut
1426 4325 1491 4364 ex
1547 4310 1798 4367 oratione
1845 4312 1985 4383 ipsa,
2036 4320 2093 4369 et
2141 4316 2398 4371 acumine
2447 4316 2834 4386 disputationis
2888 4316 3157 4374 libertatis
3200 4319 3450 4389 ingenuas
3492 4318 3770 4390 specimen

482 4386 771 4445 edet-emus
814 4408 827 4444 :
877 4402 991 4448 tum
1039 4405 1100 4450 ut
1145 4397 1383 4470 denique
1433 4400 1629 4473 majori
1686 4403 1780 4458 illa
1828 4405 2125 4460 verborum
2176 4409 2474 4478 asperitate
2525 4408 2740 4479 aliquos
2790 4410 2982 4466 saltem
3037 4410 3108 4466 ab
3166 4386 3384 4467 illorum
3445 4386 3779 4482 contagione

482 4494 742 4536 revocare
780 4498 1084 4552 possemus.

560 4564 616 4626 Η.
653 4572 786 4639 Quae
809 4577 1031 4647 quidem
1057 4582 1242 4636 omnia
1264 4583 1372 4640 hoc
1388 4584 1456 4640 'in
1481 4602 1648 4658 opere
1663 4588 2066 4660 comprehensa

2244 4583 2321 4637 B'.
2343 4582 2453 4637 Καὶ
2475 4581 2619 4637 ἔστιν
2642 4584 2700 4637 ὲν
2720 4586 2788 4656 τῇ
2812 4586 2960 4657 πάσῃ
2978 4586 3335 4658 πραγματείᾳ
3352 4585 3441 4640 διὰ
3454 4587 3564 4642 τῶν
3588 4606 3769 4661 προει-

483 4665 660 4722 tribus
689 4667 846 4724 libris
876 4671 1244 4743 explicantur,
1280 4677 1496 4747 primo,
1548 4680 1793 4737 secundo
1843 4696 1908 4737 ac
1958 4693 2070 4737 ter-

480 4756 579 4814 tio.
615 4760 784 4816 Iidem
822 4778 990 4833 porro
1035 4766 1161 4823 libri
1196 4778 1405 4841 septem
1458 4773 1514 4828 in
1564 4781 1744 4831 tomos
1787 4776 2068 4832 distributi

478 4860 611 4907 sunt
647 4868 662 4905 :
700 4868 938 4924 quorum
994 4857 1199 4929 singuli
1229 4870 1440 4917 certum
1489 4864 1773 4921 haereseon
1806 4880 1872 4921 ac
1921 4867 2071 4924 schi-

477 4953 718 5001 smatum
748 4963 1043 5004 numerum
1088 4954 1403 5010 continent.
1444 4954 1581 5023 Quae
1624 4957 1791 5013 simul
1837 4961 2069 5015 collecta

477 5052 617 5093 uxr
663 5040 987 5097 conficiunt.
1023 5042 1271 5110 Quorum
1301 5049 1705 5119 appellationes
1736 5052 1821 5107 hae
1849 5063 1981 5109 sunt
2002 5067 2069 5110 ac

478 5130 824 5202 dogmatazt,
860 5133 1277 5207 Barbarismus;
1313 5156 1373 5208 ιι,
1404 5140 1789 5216 Scythismus;
1822 5163 1907 5213 ιιι,
1939 5147 2067 5204 Hel-

478 5221 780 5293 lenismus;
816 5242 893 5294 Iv,
915 5225 1267 5300 Judaismus;
1321 5248 1380 5301 ν,
1416 5233 1859 5295 Samaritismus.
1893 5239 1978 5295 Ab
1998 5240 2069 5297 iis

478 5311 742 5386 deinceps
799 5319 1031 5389 reliqua
1077 5332 1246 5378 sectae
1301 5322 1707 5394 proﬂuxerunt,
1759 5344 1888 5385 nam
1940 5339 2071 5387 ante

477 5399 686 5494 Christi
720 5402 1026 5465 Salvatoris
1056 5411 1354 5469 adventum
1372 5422 1497 5486 post
1523 5415 1823 5473 Barbaram
1851 5427 1907 5477 et
1933 5418 2069 5494 Scy-

479 5493 652 5549 thiam
711 5501 1155 5568 superstitionem
1204 5521 1238 5562 e
1292 5504 1486 5562 Graeca
1542 5507 1664 5564 ista;
1713 5493 2064 5581 prodierunt.

478 5600 558 5651 vr,
613 5584 1114 5660 Pythagoreorum,
1149 5597 1245 5669 qui
1292 5605 1347 5655 et
1406 5598 1784 5670 Peripatetici,
1840 5612 2068 5660 auctore

481 5675 777 5734 divisionis
808 5680 1135 5754 Aristotele;
1169 5705 1268 5757 vn,
1292 5691 1739 5761 Platonicorum;
1764 5711 1886 5761 vm,
1918 5694 2070 5752 Stoi-

561 5831 642 5892 (ι)
678 5831 839 5890 Forte
862 5837 1139 5905 δήγματα.
1183 5847 1257 5917 (2)
1291 5848 1417 5903 For.
1456 5849 1643 5908 Ξόείαν.
1683 5853 1758 5921 (3)
1784 5852 1845 5910 C.
1876 5854 2031 5927 ἕκτη.

2164 4675 2432 4750 ρημένων
2467 4675 2635 4748 τριῶν
2667 4674 2910 4748 βιϐλίων,
2945 4676 3187 4749 πρώτου,
3233 4673 3644 4752 καὶδευτέρου,
3677 4682 3771 4735 καὶ

2172 4770 2358 4842 τρίτου
2379 4786 2391 4799 ·
2418 4769 2577 4823 ἅτινα
2609 4770 2735 4842 τρία
2768 4769 2951 4841 βιϐλία
2975 4772 3056 4834 εἱς
3078 4771 3220 4825 ἑπτὰ
3249 4771 3450 4843 τόμους
3474 4772 3764 4844 διείλομεν.

2186 4861 2276 4914 Ἐν
2306 4861 2365 4914 δὲ
2395 4860 2613 4932 ἑκάστῳ
2662 4862 2816 4933 τόμῳ
2849 4862 3081 4934 ἀριθμός
3108 4880 3194 4927 τις
3224 4864 3493 4933 αἱρέσεων
3526 4866 3626 4919 καὶ
3655 4882 3770 4935 σχι-

2174 4952 2397 5022 σμάτων
2447 4951 2712 5021 ἔγκειται.
2773 4951 2940 5023 Ὁμοῦ
2984 4952 3043 5005 δὲ
3094 4953 3154 5006 αἱ
3215 4954 3383 5006 πᾶσαί
3432 4955 3573 5009 εἰσιν
3613 4954 3766 5021 ὀγδοο

2171 5044 2412 5115 ήκονταο
2449 5040 2524 5098 ὧν
2557 5044 2615 5097 αἱ
2658 5044 2947 5116 ὀνομασίαι
2978 5045 3072 5099 καὶ
3114 5048 3171 5100 αἱ
3216 5047 3523 5117 προφάσεις
3565 5043 3765 5103 αὗται·

2172 5137 2371 5210 Πρώτη
2431 5136 2847 5210 Βαρϐαρισμός·
2914 5137 3144 5210 δευτέρα
3205 5138 3550 5211 Σκυθισμόςο
3607 5140 3764 5212 τρίτη

2184 5214 2570 5302 Ἑλληνισμόξ·
2606 5228 2847 5302 τετάρτη
2894 5229 3265 5302 ἰουδαῖσμός’
3305 5230 3533 5303 πέμπτη
3580 5232 3768 5302 Σαμαγ-

2173 5322 2471 5393 ρειτισμός.
2550 5322 2645 5376 Ἐκ
2679 5322 2884 5378 τούτων
2919 5324 2975 5377 αἱ
3036 5323 3309 5396 καθεξῆς’
3365 5324 3474 5396 πρὸ
3522 5320 3764 5395 Χριστοῦ

2173 5415 2273 5486 μὲν
2312 5414 2451 5485 μετά
2497 5414 2886 5488 Βαρϐαρισμὸν
2938 5417 3033 5470 καὶ
3068 5415 3168 5488 τὴν
3202 5416 3472 5488 Σκυτικὴν
3503 5416 3765 5470 δεισιδαι-

2172 5504 2362 5578 μονίαν
2387 5509 2445 5559 αἱ
2473 5506 2691 5561 ἀπὸτοῦ
2720 5506 3074 5579 Ἑλληνισμοῦ
3094 5506 3336 5576 φύσασαι
3349 5500 3531 5562 αὗται.
3552 5507 3633 5578 ('5)
3645 5506 3761 5570 Ἐξ,

2170 5596 2560 5669 Πυθαγόρειοι,
2603 5599 2781 5653 είτουν
2843 5599 3293 5672 Περιπατητικοὶ,
3338 5598 3427 5653 διὰ
3475 5597 3586 5652 τῶν
3636 5599 3765 5666 περὶ

2183 5687 2561 5759 Ἀριστοτέλην
2580 5688 2940 5761 διαιρεθεῖσα·
2965 5674 3168 5761 ἑϐδόμη
3198 5688 3533 5743 Πλατωνικοί
3555 5705 3569 5719 ·
3599 5688 3768 5758 ὀγδῶλ
