4058 6496
293 405 375 463 161

291 522 519 578 Στωϊκοί·
573 524 733 597 ἑνάτη
805 525 1188 598 Ἐπικούρειοι.
1268 523 1400 580 Εἶτα
1459 527 1833 602 Σαμαρειτικὴ
1862 537 1908 592 Α

288 617 484 688 αἵρεσις,
517 611 646 670 οὖσα
675 617 740 669 ἐκ
773 616 864 670 τοῦ
912 616 1273 689 Ἰουδαῖσμοῦ.
1312 620 1424 673 Καὶ
1471 620 1673 689 ταύτης
1705 620 1830 673 τέσ-

289 728 405 782 σαρα
433 708 571 782 ἔθνη.
626 711 835 782 Δεκάτη
881 711 1174 784 Γορθηνοίσ
1217 713 1479 784 ἑνδεκάτη
1518 712 1827 767 Σεϐουαῖοι*

285 803 525 874 δωδεκάτη
577 804 856 874 Ἐσσηνοί·
903 805 1327 876 τρισκαιδεκάτη
1374 804 1635 859 Δοσίθεοι.
1694 800 1833 859 Εἶτα

285 896 307 946 ὁ
329 894 471 955 αὐτὸς
500 896 893 965 προειρημένος
919 896 1277 966 Ἰουδαῖσμὸς,
1312 896 1420 951 ἀπὸ
1445 897 1543 950 τοῦ
1581 896 1833 969 Ἀϐραὰμ

282 986 357 1039 τὸν
382 988 686 1057 χαρακτῆρα
728 986 984 1058 εἰληφὼς,
1010 987 1105 1042 καὶ
1133 988 1222 1041 διὰ
1266 988 1360 1041 τοῦ
1391 988 1638 1053 δοθέντος
1662 990 1830 1060 νόμου

283 1076 345 1146 τῷ
378 1076 565 1149 Μωῡσῇ
611 1077 969 1141 πλατυνθεὶς,
1024 1079 1121 1133 καὶ
1169 1079 1278 1132 ἀπὸ
1335 1078 1431 1132 τοῦ
1492 1080 1661 1134 Ἰούδα
1711 1080 1830 1134 υἱοῦ

293 1166 460 1221 Ἰακὼϐ
483 1167 583 1221 τοῦ
605 1170 695 1223 καὶ
742 1168 973 1240 Ἰσραὴλ,
1003 1169 1089 1223 διὰ
1129 1170 1422 1232 Δαϐὶδ,τοῦ
1454 1171 1549 1224 καὶ
1583 1170 1833 1242 βασιλεύ-

285 1278 466 1325 σαντος,
502 1262 670 1332 ὲκτῆς
705 1266 895 1316 τούτου
925 1262 1101 1333 φυλῆς
1148 1263 1209 1317 τὸ
1239 1263 1530 1335 ἐπώνυμον
1563 1263 1657 1317 τοῦ
1703 1265 1834 1318 Ἰου-

281 1353 478 1424 δαῖσμοῦ
515 1353 831 1424 κληρωθείς.
884 1357 994 1409 Καὶ
1018 1355 1114 1409 ἀπ’
1159 1355 1325 1409 αὐτοῦ
1361 1356 1454 1410 τοῦ
1496 1356 1829 1429 Ἰουδαϊσμοῦ

282 1444 397 1498 ἑπτά
437 1446 669 1516 αἱρέσεις
696 1439 856 1499 αὗται
881 1463 895 1479 ο
935 1447 1525 1520 τεσσαρεσκαιδεκάτη,
1560 1448 1831 1520 Γραμμα-

280 1535 420 1588 τέων·
484 1538 973 1610 πεντεκαιδεκάτη,
1036 1539 1379 1612 Φαρισαίωνο
1444 1540 1830 1611 ἑκκαιδεκάτη,

280 1628 646 1683 Σαδδουκαίων’
727 1631 1164 1703 ἑπτακαιδεκάτη
1191 1672 1206 1696 ,
1254 1631 1780 1703 Ἠμεροϐαπτιστῶν
1813 1649 1827 1662 ’

279 1720 702 1795 ὀκτωκαιδεκάτη,
762 1722 1028 1777 Ὀσσαίων
1054 1741 1067 1754 ο
1114 1722 1594 1794 ὲννεακαιδεκάτη,
1639 1723 1826 1776 Νασα-

281 1812 441 1881 ραίων·
467 1815 702 1887 εἰκοστὴ,
750 1815 1117 1887 Ἣρωδιανῶν.

348 1906 429 1958 Ἐκ
461 1906 662 1961 τούτων
717 1909 826 1962 τῶν
881 1909 1148 1980 αἱρέσεων
1204 1909 1308 1985 και
1343 1908 1635 1979 μετέπειτα
1687 1907 1829 1963 κατὰ
1862 1888 1903 1946 Β

278 1996 491 2070 διαδοχὴν
532 2000 639 2052 τῶν
674 2000 881 2070 χρόνων
930 2002 1174 2071 ἐπεφάνη
1221 2001 1255 2072 ή
1292 2001 1558 2070 σωτήριος
1589 1999 1826 2072 Χριστοῦ

278 2089 354 2141 τοῦ
383 2089 574 2162 Κυρίου
628 2091 787 2162 ἡμῶν
832 2092 1094 2164 ἑνσαρκος
1126 2090 1419 2162 παρουσία,
1456 2092 1547 2145 καὶ
1598 2093 1829 2160 εὐαγγεο

276 2180 377 2253 λικὴ
428 2182 744 2237 διδασκαλία
785 2201 871 2245 τε,
922 2184 1016 2238 καὶ
1065 2185 1334 2255 κήρυγμα
1377 2182 1678 2252 βασιλείας,
1706 2183 1828 2252 ἥτις

277 2270 389 2341 μόνη
417 2273 525 2325 ἐστὶ
562 2272 717 2343 πηγὴ
768 2272 1043 2345 σωτηρίας
1088 2272 1183 2326 καὶ¹
1236 2271 1417 2336 πίστις
1448 2271 1707 2342 ἀληθείας
1727 2271 1829 2340 τῆς

274 2362 533 2434 καθολικῆς
550 2363 646 2416 καί⁸
662 2361 1030 2433 άποστολικῆς
1058 2362 1152 2415 καὶ
1171 2360 1452 2434 ὀρθοδὸξου
1487 2359 1825 2431 Ἐκκλησίας.

284 2452 362 2506 Ἐκ
395 2454 446 2508 δὲ
483 2455 689 2526 ταύτης
738 2454 1212 2527 περιεκλάσθησάν
1247 2472 1329 2518 τε,
1363 2455 1459 2508 καὶ
1500 2452 1829 2525 ἐσχίσθησαν

272 2544 414 2617 δνομα
451 2548 607 2618 μόνον
635 2547 879 2620 Χριστοῦ
912 2546 1155 2618 ἔχουσαι,
1183 2545 1324 2600 ἀλλὰ
1354 2547 1472 2617 ούχὶ
1494 2545 1592 2616 τὴν
1624 2546 1827 2608 πίστιν,

273 2637 477 2707 αἱρέσεις
509 2635 669 2694 αὗται
693 2656 707 2669 ·
740 2638 931 2712 πρώτη
970 2638 1325 2711 Σιμωνιανοί’
1353 2639 1582 2710 δευτέρα
1617 2640 1832 2691 Μεναν-

272 2726 444 2797 δριανοί
461 2746 472 2757 ·
497 2729 656 2801 τρίτη
678 2728 1082 2803 Σατορνιλιανοί
1105 2749 1116 2760 ·
1142 2729 1380 2802 τετάρτη
1407 2727 1825 2782 Βασιλειδιανοί’

271 2816 466 2892 πέμπτη
518 2819 841 2875 Νικολαῗται
864 2839 877 2851 ’
925 2822 1057 2893 ἓκτη
1094 2821 1411 2888 Γνωστικοὶ,
1449 2822 1499 2874 οἱ
1533 2822 1626 2874 καὶ
1658 2822 1832 2893 Στρα-

270 2911 502 2974 τιωτικοὶ,
551 2912 600 2964 οἱ
649 2911 807 2963 αὐτοὶ
833 2909 1151 2975 Φιόιονῖται,
1180 2911 1330 2981 παρὰ
1371 2910 1428 2963 δέ
1457 2927 1567 2963 τισι
1602 2911 1832 2963 Σεκουν-

268 3001 430 3063 διανοὶ,
470 3000 621 3074 παρὰ
653 3000 837 3063 ἄλλοις
867 3000 922 3053 δὲ
962 3001 1322 3071 Σωκρατῖται,
1369 2998 1498 3069 παρ’
1532 2998 1741 3068 ἑτέροις
1772 2999 1829 3053 δὲ

268 3093 514 3164 Σακχαῖοι,
571 3092 730 3165 παρὰ
785 3092 841 3146 δέ
887 3110 996 3147 τισι
1032 3091 1313 3145 Κοδδιανοὶ
1358 3089 1705 3162 καλούμενοι,
1738 3095 1831 3146 καὶ

270 3184 576 3258 Βορϐορῖται,
612 3184 713 3239 καὶ
764 3183 1121 3255 Βαρϐηλῖται.
1175 3182 1409 3253 Ἑϐδόμη
1437 3183 1828 3253 Καρποκρατῖ-

268 3293 370 3329 ται·
395 3277 547 3349 ὀγδόη
570 3276 953 3349 Κηρινθιανοὶ,
980 3277 1031 3327 οἱ
1071 3275 1166 3329 καὶ
1200 3275 1566 3347 Μηρινθιανοί
1587 3292 1599 3305 ·
1630 3277 1823 3349 ἐννάτη

269 3368 574 3443 Ναξωραῖοι⁸
613 3370 819 3440 δεκάτη
889 3367 1228 3433 Ἐὸςιωναῖοιο
1282 3368 1542 3441 ἑνδεκάτη
1591 3371 1827 3423 Οὐαλεν-

267 3460 413 3513 τῖνοι·
450 3459 732 3527 δωδεκάτη
762 3458 1156 3522 Σεκουνδιανοὶ,
1186 3452 1267 3521 οἷς
1302 3459 1630 3513 συνάπτεται
1674 3461 1827 3513 Ἐπι-

269 3550 417 3620 (pa-ri};
458 3552 548 3606 καὶ
603 3550 880 3621 Ἰσίδωρος
906 3567 919 3579 ·
988 3550 1409 3622 τρισκαιδεκάτη
1469 3551 1823 3624 Πτολεμαῖοι·

267 3640 809 3712 τεσσαρεσκαιδεκάτη
901 3638 1258 3712 Μαρκώσιοι·
1364 3642 1828 3714 πεντεκαιδεκάτη

268 3732 619 3804 Κολορὸάσιοι·
661 3731 1024 3803 ἑκκαιδεκάτη
1067 3718 1525 3804 Ἠρακλεωνῖται·
1566 3735 1825 3788 ἑπτακαιο

267 3821 438 3897 δεκάτη
481 3827 698 3896 Ὀφῖται
725 3840 739 3855 ⁸
786 3824 1226 3897 ὀκτωκαιδεκάτη
1258 3827 1486 3880 Καῖανοί
1509 3844 1522 3857 ·
1551 3828 1830 3882 ἑνακαιδε-

266 3916 386 3988 κάτη
410 3919 664 3989 Σηθιανοί
686 3935 699 3948 ο
732 3916 950 3987 εἰκοστὴ
990 3917 1325 3988 Ἀρχοντικοί
1343 3934 1357 3948 ⁸
1389 3919 1609 3991 εἰκοστὴ
1637 3921 1827 3993 πρώτη

266 4002 624 4078 Κερδωνιανοίο
671 4008 892 4079 ε’ίκοστὴ
937 4007 1165 4077 δευτέρα
1202 4007 1530 4074 Μαοκίωνες
1554 4026 1566 4039 '
1607 4014 1827 4086 εἰκοστὴ

1856 3233 1898 3289 C

978 403 1326 462 EPIPIIANII
1377 407 1828 467 RESCRIPTUM
1882 412 1976 466 AD
2018 415 2338 472 ACACIUM
2382 414 2813 475 ET-PAULUM.

3425 426 3527 484 l8?

1937 546 2161 598 eorum;
2195 550 2271 595 Ix,
2324 533 2744 604 Epicureorum.
2779 535 2917 591 Tum
2953 535 3298 596 Samaritana
3349 553 3521 609 Secta,
3600 582 3605 591 -

1934 640 2058 694 quae
2109 641 2175 680 ex
2223 624 2924 698 Judaica-pullnlavit:ea
2962 646 3126 699 porro
3178 643 3418 704 quatuor
3467 638 3523 690 in

1936 718 2206 773 factiones
2236 719 2393 775 abiit.
2439 736 2496 784 ι,
2519 720 2963 788 Gorthenorum;
3019 739 3099 787 ιι,
3127 722 3520 795 Sebuaeorum;

1935 822 2037 871 xu,
2097 809 2467 877 Essenurum;
2503 827 2630 874 xm,
2686 812 3095 869 Dositheorum.
3132 813 3396 888 Sequitur
3424 816 3524 872 Ju-

1935 898 2210 967 daismus,
2265 901 2335 957 de
2390 918 2502 971 quo
2553 905 2758 959 dictum
2793 916 2900 972 est,
2938 908 3049 977 qui
3111 910 3392 979 propriam
3453 912 3523 964 ab

1932 988 2502 1063 Abrahamoliguram
2570 1009 2634 1049 ac
2680 1005 2862 1050 notam
2895 999 3128 1067 accepit.
3167 998 3374 1055 Deinde
3422 1017 3522 1070 per

1932 1080 2139 1153 Moysis
2199 1083 2370 1154 legem
2407 1085 2665 1142 dilatatus
2717 1087 2786 1141 ab
2819 1085 2960 1142 Juda
2989 1087 3180 1145 Jacobi
3215 1089 3362 1157 lilio,
3424 1093 3520 1163 qui

1933 1175 2103 1232 Israel
2132 1179 2435 1248 appellatus
2469 1190 2574 1243 est,
2606 1194 2701 1249 per
2721 1178 2978 1235 Davidem
3009 1182 3193 1251 populi
3231 1182 3414 1245 istiu‘s,
3451 1198 3517 1238 ex

1934 1267 2125 1325 eadem
2180 1269 2270 1324 illa
2307 1270 2475 1333 tribu,
2512 1285 2719 1341 regem,
2765 1268 3033 1326 Judaismi
3094 1273 3518 1343 appellationem

1933 1360 2193 1415 obtinuit.
2224 1362 2309 1416 Ab
2343 1362 2447 1417 hoc
2479 1371 2688 1433 septem
2731 1362 2814 1417 hae
2864 1364 3185 1433 prodierunt
3235 1364 3512 1419 hzereses:

1932 1469 2048 1517 xw,
2078 1451 2433 1521 Scribarum;
2462 1472 2551 1519 xv,
2574 1454 3012 1523 Pharisaeorum;
3039 1472 3152 1519 xw,
3186 1455 3511 1510 Sadduemo-

1932 1562 2088 1612 rum;
2120 1562 2234 1600 xvu
2259 1586 2274 1610 ,
2313 1545 2917 1618 Hemerobaptistarum
2939 1565 2955 1615 ;
2979 1565 3134 1609 xvtn,
3168 1547 3479 1606 Ossam-um
3501 1591 3516 1615 ,

1933 1653 2048 1705 xui,
2081 1636 2497 1706 Nasarawrum;
2531 1654 2623 1704 xx,
2663 1638 3125 1695 Herodianorum.

2007 1902 2325 1963 Secundum
2357 1903 2460 1959 has
2488 1912 2671 1960 sectas
2699 1902 3051 1959 successione
3080 1909 3385 1972 temporum
3416 1900 3521 1955 Do-

1933 1994 2069 2047 mini
2105 1995 2281 2049 nostri
2315 1992 2446 2049 Jesu
2478 1994 2684 2049 Christi
2740 1993 3056 2049 lncarnatio
3086 1992 3184 2047 toti
3215 1993 3335 2048 orbi
3371 1994 3520 2048 salu-

1932 2086 2068 2141 taris
2104 2087 2302 2147 illuxit,
2338 2096 2393 2141 et
2445 2101 2571 2140 cum
2627 2087 2731 2140 hac
2764 2086 3042 2155 Evangelii
3079 2084 3364 2150 doctrina,
3402 2098 3519 2139 caa-

1934 2179 2200 2248 lestisqne
2230 2179 2381 2250 regni
2410 2178 2751 2250 praedicatio.
2797 2177 2899 2245 Qui
2949 2178 3171 2248 quidem
3204 2179 3404 2232 unicus
3435 2189 3521 2232 est

1932 2270 2056 2328 l‘ons
2085 2272 2284 2327 salutis
2341 2279 2396 2327 et
2450 2271 2736 2325 catholica:
2769 2272 3196 2342 apostolicaeque
3256 2269 3520 2324 Ecclestaa

1931 2377 2059 2416 vera
2110 2362 2266 2417 ﬁdes.
2312 2362 2356 2415 Α
2387 2376 2495 2431 qua
2524 2362 2880 2431 insequentes
2927 2376 3122 2416 omnes
3179 2368 3363 2426 scene,
3397 2376 3520 2431 quae

1933 2455 2111 2510 solum
2143 2454 2351 2510 Christi
2377 2470 2602 2519 nomen,
2633 2471 2742 2509 non
2778 2454 2935 2508 iidem
2969 2455 3288 2524 praeferunt,
3324 2468 3520 2524 ampu~

1934 2556 2058 2600 tata:
2084 2555 2237 2620 sunt,
2268 2556 2323 2602 et
2356 2548 2561 2602 avulsa:
2595 2563 2609 2599 :
2636 2564 2676 2612 ι,
2707 2546 3044 2606 Simoniani;
3082 2562 3143 2609 ιι,
3173 2545 3521 2600 Menamlria-

1933 2640 2019 2705 ni;
2057 2655 2138 2702 ιιι,
2177 2637 2538 2693 Saturniliani
2562 2657 2578 2706 ;
2605 2655 2679 2701 tv,
2715 2637 3068 2701 Basilidiani;
3120 2654 3172 2702 v,
3203 2636 3517 2702 Nicolaitge;

1932 2746 2008 2794 vI,
2034 2729 2306 2796 Gnostici,
2334 2730 2427 2801 qui
2455 2737 2509 2785 et
2538 2728 2864 2791 Stratiotici,
2884 2727 3295 2795 etPhihinnitae,
3330 2742 3361 2781 a
3389 2728 3519 2797 qui-

1936 2822 2164 2877 busdam
2191 2821 2561 2889 Secundiani;
2597 2821 2668 2876 ab
2715 2822 2840 2876 aliis
2896 2819 3206 2884 Socratitm,
3240 2820 3324 2874 vel
3385 2817 3521 2873 Zac-

1933 2914 2108 2981 ehaai;
2141 2915 2210 2969 ab
2244 2915 2367 2970 aliis
2392 2930 2523 2970 vero
2551 2913 2820 2970 Coddiani
2873 2914 3243 2993 appellantur,
3296 2928 3362 2967 ac
3387 2912 3523 2967 Bor-

1936 3005 2172 3067 boriani,
2204 3008 2291 3061 vel
2318 3006 2645 3072 Barbelitaz;
2680 3022 2775 3070 vn,
2805 3004 3234 3076 Carpocratitze;
3266 3020 3387 3070 vm,
3417 3002 3521 3060 Ce-

1934 3098 2219 3163 rinthiani,
2282 3101 2376 3169 qui
2432 3108 2487 3153 et
2544 3097 2930 3161 Merinthiani;
2990 3113 3068 3161 ix,
3120 3094 3399 3160 Nazoraai;
3462 3111 3518 3159 ιι,

1936 3189 2221 3256 Ebionaei;
2258 3207 2338 3254 x1,
2373 3188 2688 3255 Valentini;
2730 3206 2829 3250 xu,
2888 3187 3246 3243 Secundiani.
3305 3187 3520 3253 Quibus

1934 3284 2146 3339 accedit
2178 3283 2487 3354 Epiphanes
2528 3290 2583 3337 et
2606 3281 2876 3337 Isidorus.
2918 3296 3038 3344 xm,
3069 3278 3377 3345 Ptolemaai;
3404 3295 3517 3342 xw,

1935 3376 2225 3443 Marcosii;
2264 3393 2355 3437 xv,
2380 3374 2720 3438 Colorbasii;
2765 3389 2879 3434 xw,
2911 3371 3344 3437 Hcracleonilaa;
3378 3385 3519 3435 xvu,

1933 3465 2176 3537 Ophitae;
2214 3481 2375 3529 xvm,
2405 3463 2634 3534 Cajani;
2669 3479 2783 3527 xu,
2825 3461 3111 3528 Sethiani;
3145 3476 3235 3523 xx,
3264 3460 3522 3515 Archon-

1937 3558 2066 3625 tici;
2102 3574 2216 3623 xxu,
2250 3556 2618 3623 Cerdoniani;
2655 3572 2792 3618 χχιι,
2823 3554 3166 3620 Marciones;
3225 3568 3383 3617 mu,
3419 3550 3524 3605 Lu-

1937 3652 2276 3715 cinianistae;
2337 3667 2510 3715 xxrv,
2567 3648 2948 3720 Appelleiani;
3007 3663 3144 3712 xxv,
3206 3644 3521 3712 Severiani;

1933 3759 2102 3808 xxvi,
2148 3741 2403 3810 Tatiani;
2454 3758 2630 3804 xxvn,
2692 3740 3028 3807 Encratitae;
3089 3754 3294 3802 xxvm,
3355 3737 3520 3792 Cata-

1934 3833 2191 3904 phryges,
2224 3833 2315 3904 qui
2339 3841 2393 3887 et
2415 3830 2763 3887 Montanista:
2786 3841 2840 3885 et
2869 3829 3304 3898 Tascodrugitaa,
3342 3828 3434 3897 qui
3464 3834 3522 3880 et

1937 3924 2045 3994 ipsi
2081 3925 2243 3981 divisi
2276 3932 2429 3992 sunt;
2452 3940 2586 3980 xm
2607 3963 2623 3989 ,
2656 3923 2977 3995 Pepuziani,
3007 3921 3103 3993 qui
3131 3929 3186 3975 et
3212 3918 3517 3974 Priscillia-

1938 4020 2016 4083 ni,
2056 4034 2121 4073 ac
2150 4018 2500 4083 Quintiliani.

264 4105 400 4175 τρίτη
433 4103 820 4159 Λουκιανισταί
845 4121 857 4134 ·
887 4102 1107 4173 εἰκοστὴ
1140 4106 1380 4176 τετάρτη
1431 4105 1783 4178 Ἀπελληανοί
1811 4125 1824 4139 ο
1866 4112 2087 4184 εἰκοστὴ
2118 4113 2348 4183 πέμπτη
2384 4100 2704 4183 Σευηριανοί
2722 4127 2735 4140 ·
2805 4108 3026 4179 εἰκοστὴ
3056 4109 3192 4178 ἑκτη
3243 4103 3521 4159 Τατιανοί·

264 4198 455 4269 εἰκοστὴ
503 4197 712 4269 ἑϐδόμη
782 4194 1161 4264 Ἑγκρατῖται·
1214 4198 1435 4257 εἰκοστὴ
1474 4197 1636 4268 ὀγδόη
1681 4200 1822 4253 κατὰ
1859 4201 2215 4271 Φρυγαστῶν,
2265 4202 2361 4255 καὶ
2411 4199 2820 4264 Μοντανιστῶν,
2885 4200 2981 4252 καὶ
3014 4192 3519 4267 Τασκοδρουγιτῶν.

265 4285 399 4344 Οὗτοι
433 4292 486 4344 δὲ
546 4291 717 4346 πάλιν
762 4289 812 4342 ol
864 4288 1326 4362 Τασκοδρουγῖται
1370 4292 1701 4364 διῃρέθησαν
1750 4295 1829 4357 εἰς
1868 4295 2114 4360 ἑαυτούς.
2151 4298 2385 4369 Είκοστὴ
2430 4295 2625 4366 ἑννάτη
2664 4292 3048 4358 Πεπουζιανοὶ,
3102 4294 3150 4345 οἱ
3202 4289 3297 4344 καὶ
3350 4289 3522 4360 Πρισ-
3598 4332 3599 4335 η

265 4387 518 4449 κιλλιανοὶ.
546 4390 647 4466 κοι)ἶ
674 4388 1092 4444 Κυϊντιλλιανοί.

324 4476 408 4545 Οἷς
435 4486 801 4538 συνάπτονται
837 4482 1240 4554 Ἀρτοτυρῖται’
1288 4485 1583 4557 τριακοστὴ
1621 4485 1827 4538 Τεσσα-

2010 4485 2223 4553 Quibus
2280 4483 2618 4553 adjiciuntur
2691 4478 3044 4552 Artotyritaa;
3111 4495 3261 4543 xxx,
3317 4478 3519 4537 Tessa-

267 4574 753 4642 ρεπκαιδεκατῖται,
819 4574 868 4626 οἱ
922 4572 986 4627 τὸ
1035 4574 1227 4645 Πάσχα
1288 4577 1417 4647 μίαν
1474 4577 1686 4651 ἡμέραν
1728 4578 1821 4632 τοῦ

1936 4577 2372 4639 ιοερεοιιθοιιῑίιω,
2408 4575 2500 4646 qui
2522 4573 2809 4643 Pasehatis
2842 4573 3150 4628 celebritati
3175 4588 3338 4628 unam
3362 4584 3526 4644 quot-

264 4662 397 4730 ἔτους
436 4667 750 4730 ποιοῦντες·
796 4664 1095 4737 τριακοστὴ
1146 4666 1336 4739 πρώτη
1380 4668 1622 4738 Ἀλογοι,
1682 4672 1729 4723 οί
1773 4671 1838 4723 τὸ

266 4754 572 4828 Εὐαγγέλιον
623 4759 721 4812 καὶ
752 4760 851 4831 τὴν
883 4758 1249 4829 ’Δποκάλυψιν
1287 4760 1531 4814 Ἰωάννου
1578 4763 1652 4833 μὴ
1683 4761 1835 4833 δεχὸ-

268 4866 429 4914 μενοιθ
492 4852 798 4924 τριακοστὴ
840 4853 1069 4926 δευτέρα
1116 4853 1471 4925 Ἀδαμιαναιῖ⁸
1536 4856 1835 4928 τριακοστὴ

263 4942 400 5014 τρίτη
441 4946 717 5017 Σαμψαῖοι
737 4989 752 5013 ,
790 4947 838 4999 οἱ
879 4947 974 5001 καὶ
1032 4945 1334 5001 Ἐλκεσαῖοι
1355 4962 1368 4977 ο
1403 4948 1703 5020 τριακοστὴ
1750 4966 1836 5003 τε·

263 5035 417 5108 τάρτη
456 5038 796 5093 Θεοδοτιανοι
822 5055 837 5070 ·
892 5041 1191 5112 τριακοστὴ
1246 5040 1475 5112 πέμπτη
1510 5042 1837 5114 Μελχισεδε-

266 5125 450 5178 κιανοί·
482 5128 786 5199 τριακοστὴ
834 5127 968 5200 ἕκτη
1014 5130 1468 5203 Βαρδησιανισταί
1498 5149 1511 5162 ’
1538 5134 1836 5205 τριακοστὴ

266 5213 447 5289 ἑϐδόμη
504 5219 836 5289 Νοητιανοί⁶
898 5222 1195 5293 τριακοστὴ
1268 5223 1429 5293 ὀγδόη
1504 5222 1833 5295 Οὐαλήσιοιο

264 5311 543 5380 τριακοστὴ
604 5310 801 5379 ἑννάτη
851 5312 1118 5383 Καθαροὶ,
1159 5314 1208 5365 οἱ
1260 5314 1354 5367 καὶ
1394 5314 1670 5367 Ναυᾶτοιο
1714 5332 1840 5368 τεσ-

266 5401 561 5473 σαρακοστὴ
611 5402 950 5470 ’Λγγε).ικοί·
996 5405 1411 5476 τεσσαρακοστὴ
1445 5405 1638 5477 πρώτη
1680 5407 1840 5460 Ἀπο-

266 5490 504 5555 στολικοὶ,
552 5495 619 5569 οἱ,
650 5495 744 5547 καὶ
786 5495 1201 5549 Ἀποτακτικοί·
1256 5498 1671 5569 τεσσαρακοστὴ
1720 5498 1838 5552 δευ-

265 5582 383 5652 τέρα
425 5585 775 5641 Σαόελλιανοί
804 5602 814 5615 “
841 5589 1256 5660 τεσσαρακοστὴ
1292 5590 1449 5662 τρίτη
1501 5590 1836 5661 Ὠριγένειοι,

266 5673 309 5723 οἱ
347 5677 685 5748 αἱσχροποιοί
709 5695 723 5709 ·
771 5682 1179 5751 τεσσαρακοστὴ
1220 5683 1457 5754 τετάρτη
1499 5682 1835 5754 Ὠριγένειοι,

265 5764 349 5816 τοῦ
370 5770 460 5822 καὶ
502 5770 862 5841 Ἀδαμαντίου
880 5790 893 5802 ·
921 5775 1334 5844 τεσσαρακοστὴ
1365 5774 1591 5847 πέμπτη
1626 5775 1838 5829 Παύλου

266 5854 349 5909 τοῦ
386 5859 779 5928 Σαμοτατέωςο
824 5864 1238 5935 τεσσαρακοστὴ
1285 5865 1416 5938 ἕκτη
1448 5865 1756 5936 Ἀίανιχαῖοι,
1788 5869 1837 5921 οἱ

1940 4670 2101 4726 annis
2151 4670 2298 4726 diem
2321 4667 2671 4739 praeliniunt;
2724 4682 2882 4731 xui,
2931 4666 3087 4738 Alogi
3122 4667 3214 4737 qui
3275 4665 3525 4736 Evange-

1939 4763 2075 4817 lium
2113 4769 2169 4817 et
2191 4759 2559 4832 Apocalypsin
2589 4756 2819 4813 Joannis
2848 4758 3108 4829 rejicinnt
3132 4776 3147 4827 ;
3175 4774 3348 4820 xxxii,
3382 4758 3526 4813 Ada-

1940 4853 2107 4908 miani
2135 4870 2152 4919 ;
2182 4868 2380 4918 xxxm,
2409 4850 2697 4923 Sampsaei,
2728 4852 2819 4921 qui
2855 4859 2910 4907 et
2968 4849 3265 4917 Helcesasi;
3323 4868 3522 4914 xxxiv,

1941 4944 2541 5010 Theodotiani;xxxv,
2573 4942 3092 5011 Melchisedecianl;
3147 4959 3333 5005 xxxvi,
3389 4943 3522 4997 Bar-

1940 5035 2295 5101 desianistte;
2357 5051 2572 5103 xxxvn,
2635 5034 2928 5100 Noetiani;
2987 5050 3220 5100 xxxvnt,
3279 5032 3524 5100 Valesii;

1940 5146 2134 5191 xxxrx,
2186 5128 2435 5191 Cathari,
2491 5129 2584 5200 qui
2635 5137 2690 5184 et
2739 5127 3074 5194 Novatiani;
3110 5141 3202 5186 ιι,
3232 5125 3524 5195 Angelici;

1944 5240 2059 5290 xu,
2091 5221 2423 5292 Apostolici.
2449 5223 2541 5293 qui
2570 5230 2625 5277 et
2650 5221 2999 5291 Apotactidi;
3028 5235 3165 5282 XLII,
3193 5218 3525 5281 Sabelliaui;

1941 5330 2097 5381 χιιιι,
2133 5312 2457 5384 Origenista:
2492 5313 2757 5369 foeditatis
2806 5321 3098 5377 auctores:
3151 5327 3297 5375 xuv,
3333 5310 3527 5383 Orige-

1940 5405 2121 5470 nislae,
2153 5405 2220 5459 ah
2253 5406 2510 5475 Origene,
2546 5406 2641 5476 qui
2680 5405 2844 5460 etiam
2871 5402 3240 5458 Adamantius
3281 5403 3526 5474 appella-

1944 5507 2072 5565 tur;
2135 5502 2258 5560 χιιι,
2321 5497 2477 5552 Pauli
2517 5497 2965 5561 Samosatensis;
3024 5511 3173 5560 XLVI,
3218 5495 3523 5560 Manichmi.

1941 5592 2036 5663 qui
2073 5599 2128 5647 et
2158 5591 2480 5655 Acuanitae;
2540 5606 2708 5653 xrvn,
2765 5588 3093 5654 Hieracitae;
3126 5605 3321 5653 xum,
3358 5589 3526 5645 Mele-

1943 5685 2102 5747 tiani,
2150 5685 2241 5753 qui
2280 5682 2334 5737 in
2395 5683 2634 5754 JEgypto
2683 5681 2926 5738 schisma
2970 5680 3315 5749 conﬂarunt;
3372 5697 3524 5745 ms,

1945 5777 2135 5832 Ariani
2172 5778 2265 5847 qui
2297 5760 2765 5843 etAriumanitaa;
2806 5791 2858 5841 t.,
2903 5774 3280 5831 Audianomm
3336 5783 3524 5839 secta;

1944 5884 2020 5936 ιι,
2053 5867 2406 5932 Photiniani;
2437 5884 2535 5936 ιιι,
2565 5867 2942 5933 Marcelliani;
2978 5882 3092 5936 ιιιι,
3155 5865 3527 5925 Semiariani:
