4058 6464
527 383 631 437 MSS

1284 376 1621 432 EPlPllANll
1654 328 2102 433 PRESCRIPTUM

2204 374 2243 429 D
2284 375 2584 433 ACACIUM
2627 376 2712 432 ΕΤ
2751 375 3058 434 PM'LL'RI.
3683 375 3769 441 1M

525 539 641 585 ιιν,
678 518 1170 574 Pneumatomachi
1202 517 1318 572 sive
1367 517 1783 582 Macedoniam;
1820 523 1875 571 et
1909 515 2102 571 Eleusii

2219 516 2313 568 καὶ
2358 517 2701 569 ’Λκουανῖται
2725 532 2741 547 α
2772 513 3188 586 τεσσαρακοστὴ
3224 514 3422 585 ἑϐδόμη
3470 516 3768 586 Ἱερακῖταιο

416 680 427 686 ὴ
524 613 777 683 discipuli
802 612 895 683 qui
941 613 995 666 in
1021 619 1269 667 sanctum
1293 609 1384 665 Dei
1418 609 1681 679 Spiritum
1721 609 2110 664 contumeliosi

524 714 670 771 sunt;
686 720 773 767 ιν,
789 701 1004 756 Aeriani
1024 700 1099 773 [ct
1118 699 1310 753 Eleusii
1328 696 1622 769 discipuli];
1640 713 1748 762 LVI,
1765 696 1997 762 Aetiani,
2016 696 2110 767 qui

523 798 866 858 etAnomtm,
888 794 1092 863 quibus
1118 790 1433 860 adjungitur
1463 788 1805 855 Eunomius;
1846 805 1979 853 LVII,
2020 787 2112 843 Di-

522 887 870 956 n:<eu-it:r,qui
892 884 1186 955 perfectam
1205 882 1409 937 Christi
1430 883 1864 936 lncarnationem
1885 881 2109 936 minime

522 981 876 1039 comitentur,
903 976 994 1045 qui
1020 983 1074 1029 et
1111 973 1520 1044 Apollinarista:
1562 973 2108 1038 nominantur;t.vut

521 1088 733 1133 eorum,
766 1071 860 1141 qui
920 1068 1148 1122 Mariam
1204 1082 1425 1137 semper
1463 1067 1753 1137 virginem,
1813 1073 2104 1136 postquam

523 1163 865 1218 Salvatorem
902 1162 1111 1231 genuit,
1149 1174 1279 1213 cum
1314 1158 1558 1229 Josepho
1612 1160 1969 1214 consuevisse
2022 1156 2101 1212 di-

520 1266 670 1320 cunt,
732 1269 876 1324 quos
933 1251 1524 1307 Antidicomarianitas
1564 1250 1946 1320 appellamus;
1983 1265 2100 1318 th,

516 1363 727 1410 eorum,
765 1347 945 1415 quiin
998 1359 1199 1399 nomen
1236 1343 1485 1413 ejusdem
1539 1343 1726 1399 Maria:
1776 1343 2098 1415 collyridem

514 1441 774 1504 offerunt.
808 1448 862 1493 et
885 1438 1245 1509 Collyridiani
1275 1447 1583 1503 vocantur;
1636 1454 1727 1503 ιχ,
1758 1437 2095 1502 Massaliani,

515 1531 582 1585 ad
614 1546 753 1599 quos
781 1528 1157 1599 adjunguntur
1175 1527 1519 1600 Martyriani,
1551 1546 1582 1584 e
1612 1530 1895 1600 gentilium
1924 1535 2097 1592 secta,

514 1635 568 1678 et
602 1623 960 1699 Eupltemilte,
998 1637 1063 1675 ac
1089 1621 1353 1675 Satanici.

2213 609 2623 679 τεσσαρακοστὴ
2651 608 2809 679 ὀγδόη
2867 607 3221 677 Μελητιανοὶ,
3258 609 3307 660 οἱ
3355 609 3477 661 κατ’
3504 610 3771 678 Αίγυπτιον

2215 700 2420 770 σχίσμα
2468 698 3091 771 ὄντεςοτεσσαρακοστὴ
3139 700 3335 770 ὲννάτη
3393 702 3676 774 Ἀρειαναὶ,
3729 707 3772 759 οἱ

2215 793 2309 845 καὶ
2345 794 2400 845 Ἀ
2412 793 2752 863 ρειομανῖται
2771 807 2784 821 ο
2813 790 3161 862 πεντηκοστὴ
3186 791 3460 844 Αὐδιανῶν
3481 793 3540 845 τὸ
3562 795 3770 865 σχίσμα·

2212 885 2553 954 πεντηκοστὴ
2582 882 2774 954 πρώτη
2793 884 3140 937 Φωτεινιανοί
3162 901 3176 915 ·
3207 885 3545 956 πεντηκοστὴ
3567 886 3773 959 δευτέρα

2213 974 2614 1046 Μαρκελλιανοί
2634 992 2648 1005 ο
2696 974 3038 1046 πεντηκοστὴ
3058 975 3219 1046 τρίτη
3234 976 3541 1047 ’ἒιμιάρειοι
3559 994 3571 1005 -
3598 995 3774 1049 πεντη-

2212 1066 2379 1137 κοστὴ
2398 1066 2631 1137 τετάρτη
2662 1065 3139 1138 Πνευματομάχοι.
3164 1067 3214 1119 οἱ
3258 1067 3355 1121 καὶ
3390 1067 3772 1132 Μακεδονιανοὶ,

2210 1160 2305 1213 καὶ
2350 1159 2624 1213 Ἐλευσίου
2659 1158 2918 1230 μαθηταὶ,
2936 1160 2986 1211 οἱ
3013 1159 3074 1212 τὸ
3095 1159 3249 1227 ἆγιον
3276 1158 3369 1213 τοῦ
3402 1158 3536 1212 Θεοῦ
3573 1160 3775 1232 Πνεῦμα

2210 1250 2658 1323 βλασφημοῦντες
2682 1268 2696 1281 ο
2754 1250 3096 1322 πεντηκοστὴ
3176 1250 3401 1322 πέμπτη
3427 1293 3441 1313 ,
3533 1254 3779 1324 Ἀεριανοὶ

2208 1344 2327 1417 [καὶ
2354 1343 2626 1398 Ἑλευσὶου
2648 1342 2911 1415 μαθηταί]
2934 1361 2947 1376 ·
2977 1343 3320 1415 πεντηκοστὴ
3348 1344 3482 1416 ἓκτη
3510 1346 3776 1404 Ἀετιανοὶ.

2206 1438 2254 1489 οἱ
2285 1436 2379 1489 καὶ
2416 1436 2664 1506 ’Λνομοι,
2686 1431 2768 1495 οἷς
2808 1434 3139 1487 συνάπτεται
3193 1435 3476 1505 Εὑνόμιος,
3522 1436 3778 1505 μᾶλλονδὲ

2206 1532 2235 1583 ὁ
2282 1530 2552 1599 Ἀνομος’
2604 1528 2945 1599 πεντηκοστὴ
2998 1528 3198 1599 ἑϐδόμη
3246 1531 3577 1599 Διμοιρῖται.
3623 1531 3668 1582 οἱ
3715 1529 3781 1599 μὴ

2207 1619 2417 1673 τελείαν
2452 1617 2687 1689 Χριστοῦ
2720 1619 2819 1689 τὴν
2849 1617 3269 1689 ὲνανθρώπησιν
3301 1618 3708 1688 ὁμολογοῦντες,
3736 1620 3779 1670 οἱ

515 1719 610 1771 καὶ
671 1717 1109 1789 Ἀπολλιναρῖται
1136 1733 1148 1749 ·
1203 1715 1544 1788 πεντηκοστὴ
1584 1717 1769 1787 ὀγδόη,
1798 1718 1892 1769 καὶ
1923 1717 1971 1769 οἱ
2002 1715 2103 1785 τὴν
2141 1715 2302 1783 ἁγίαν
2334 1713 2553 1785 Μαρίαν
2579 1714 2681 1783 τὴν
2713 1713 2800 1766 ἀεὶ
2827 1712 3096 1785 παρθένον
3151 1712 3401 1781 λέγοντες
3440 1712 3579 1781 μετὰ
3608 1711 3663 1765 τὸ
3701 1711 3780 1763 τὸν

514 1815 743 1883 Σωτῆρα
766 1812 1173 1881 γεγεννηκέναι,
1197 1810 1276 1880 τῷ
1314 1811 1512 1881 Ἰωσὴφ
1548 1810 1835 1881 συνῆφθαι,
1895 1809 2151 1873 οὕστινας
2212 1809 2552 1879 ἐκαλέσαμεν
2624 1806 3254 1877 ’Λντιδικομαριανίτας⁰
3309 1804 3646 1876 πεντηκοστὴ
3706 1804 3783 1856 ἐν-

511 1906 668 1975 vim,
699 1906 791 1957 γαὶ
818 1906 866 1956 οἱ
894 1905 973 1966 είς
1006 1903 1175 1973 ὄνομα
1212 1902 1311 1971 τῆς
1350 1901 1548 1971 αὐτῆς
1578 1901 1798 1971 Μαρίας
1852 1900 2141 1964 κολλυρίδα
2182 1899 2607 1969 προσφέροντες,
2655 1896 2705 1949 οἳ
2733 1894 3028 1949 καλοῦνται
3050 1895 3461 1966 Κολλυριδιανοί
3484 1910 3496 1925 ·
3534 1892 3781 1967 ἑξηκοστὴ

512 1991 909 2056 Μασσαλιανοὶ,
962 1987 1044 2056 οἷς
1087 1993 1447 2045 συνάπτονται
1481 1992 1878 2061 Μαρτυριανοὶ,
1920 1994 1970 2045 οἱ
1998 1990 2106 2044 ἀπὸ
2152 1990 2443 2059 Ἑλλήνων,
2483 1989 2578 2042 καὶ
2605 1988 2944 2058 Εὗφημῖται,
2982 1988 3075 2040 καὶ
3104 1987 3444 2042 Σατανιανοί.

581 2088 740 2144 Nthtc
776 2089 1007 2158 repetita
1040 2090 1380 2155 narratione,
1439 2099 1490 2143 et
1524 2088 1578 2143 iu
1609 2088 1861 2159 singulos
1920 2088 2094 2142 libros
2130 2096 2170 2151 Β

513 2183 827 2237 distributis
851 2182 1176 2244 haeresibus,
1212 2182 1315 2235 hoc
1339 2182 1396 2235 in
1446 2181 1600 2236 brevi
1639 2181 1967 2250 compendio
2002 2181 2098 2235 de-

509 2276 759 2336 clarabo.
784 2283 1048 2343 quotnam
1076 2290 1139 2328 ex
1167 2273 1278 2329 illis
1308 2274 1613 2329 haeresihus
1641 2275 1696 2328 in
1728 2273 1910 2345 priore
1933 2274 2095 2334 libro,

508 2375 640 2437 quot
692 2367 747 2419 in
778 2363 1019 2420 secundo
1072 2379 1136 2418 ae
1185 2366 1348 2419 tertio
1396 2366 1820 2431 contineantur;
1880 2374 1993 2418 tum
2043 2363 2098 2417 in

508 2457 738 2527 reliquis
773 2457 1035 2511 oumibus
1065 2464 1390 2511 cmterorum
1451 2458 1717 2511 librorum
1752 2458 1917 2511 tomis
1967 2465 2101 2525 quot

511 2550 810 2619 unicuique
847 2548 1089 2602 haereses
1143 2549 1425 2602 attributae
1460 2556 1613 2602 sunt.
1670 2546 1875 2601 llarum
1915 2549 2100 2617 itaque

508 2640 752 2692 omnium
785 2639 958 2691 series
988 2645 1074 2691 est
1119 2637 1415 2705 ejusmodi.
1469 2637 1526 2690 In
1558 2637 1736 2707 primo
1773 2637 1913 2690 libro
1967 2639 2097 2690 tomi

511 2743 625 2788 tres
659 2740 812 2798 sunt,
852 2732 1093 2787 haereses
1122 2746 1268 2798 XLVI,
1301 2733 1417 2787 suis
1440 2732 1756 2786 nominibus
1779 2739 2095 2801 conceptae:

507 2824 890 2879 Barbarismus
943 2824 1217 2888 videlicet,
1281 2837 1346 2876 ac
1398 2822 1792 2893 Scythismus;
1854 2820 2099 2875 Helleni-

508 2930 685 2981 smus,
717 2913 1058 2979 Judaismus,
1114 2928 1178 2968 ac
1224 2912 1667 2969 Samaritismus.
1735 2912 1795 2967 In
1854 2912 2100 2969 secundo

508 3007 651 3061 libro
677 3007 810 3062 tonui
839 3007 948 3061 duo
1002 3014 1152 3070 sunt,
1191 3005 1434 3062 bmrescs
1473 3022 1633 3061 mn.
1669 3005 1727 3061 ln
1757 3006 1923 3061 tertio
1957 3005 2099 3058 libro

505 3097 642 3150 tomi
672 3096 802 3159 duo,
852 3096 1093 3153 haereses
1123 3113 1203 3151 Il.
1234 3095 1293 3151 In
1343 3098 1546 3167 prioris
1585 3097 1767 3169 itaque
1798 3097 1921 3151 libri
1950 3105 2099 3151 tomo

506 3187 684 3257 primo
709 3187 947 3242 haereses
978 3203 1046 3241 xx
1080 3194 1232 3250 sunt,
1274 3186 1687 3254 Barbarismus,
1724 3186 2095 3259 Scythismus,

505 3278 1221 3347 tiraecismusJudaismus.
1246 3278 1558 3335 Graecorum
1584 3296 1750 3352 porro
1773 3279 2098 3335 discrimina

504 3372 609 3427 ista
635 3380 765 3427 sunt
796 3387 813 3425 :
846 3371 1198 3444 Pythagorei,
1235 3374 1355 3429 sive
1382 3372 1761 3443 Peripatetici,
1801 3374 2094 3438 Platonici,

506 3464 702 3528 Stoici,
757 3442 1045 3535 Epicurei,
1097 3463 1431 3520 Samaritica
1468 3442 1719 3527 haeresis,
1760 3481 1886 3535 quae
1932 3481 1963 3519 a
2001 3463 2096 3519 Ju-
2125 3442 2167 3496 (ἶ

504 3555 725 3611 daismo
753 3555 1020 3610 manavit.
1062 3554 1401 3611 Samaritani
1436 3565 1675 3628 quatuor
1703 3557 1759 3612 in
1788 3565 1975 3628 partes
1999 3559 2102 3611 tri-

506 3647 576 3702 bu
589 3655 779 3714 untur,
807 3646 1143 3714 Gorthenos,
1167 3648 1452 3715 Sebuaaos,
1475 3648 1757 3718 Esseuios,
1780 3649 2092 3706 Dositheos.

503 3737 818 3794 Iudaeorum
882 3740 1122 3797 haereses
1177 3749 1387 3811 septem
1432 3757 1449 3795 :
1512 3740 1741 3809 Scribat,
1802 3740 2096 3805 Phariszei,

508 3829 818 3895 Sadduczei,
865 3828 1380 3903 Hemerobaptistaz,
1417 3832 1615 3899 Ossrei,
1659 3836 1904 3892 Nasaraei
1935 3876 1950 3901 ,
1993 3834 2101 3890 He-

504 3921 745 3999 rodiani,
777 3922 833 3977 In
860 3923 1108 3978 secundo
1138 3932 1292 3979 tomo
1341 3925 1467 3979 libri
1503 3926 1666 3995 primi
1700 3926 1939 3983 hasreses
1996 3943 2096 3981 xm

505 4020 638 4069 sunt
657 4018 688 4068 ':
727 4013 1060 4079 Simoniani,
1092 4015 1493 4080 Menandriani,
1526 4016 1916 4083 Saturniliani,
1945 4019 2100 4074 Basi-

505 4107 717 4171 lidiani,
750 4106 1058 4172 Nicolaitae,
1085 4106 1359 4173 Gnostiei,
1411 4111 1503 4180 qui
1550 4118 1605 4166 et
1649 4108 1978 4174 Stratiotici,
2035 4127 2099 4166 ac

503 4197 835 4256 Phibiouitae
859 4218 873 4268 ;
908 4201 977 4255 ab
1002 4202 1127 4256 aliis
1178 4215 1308 4258 vero
1335 4202 1696 4269 Secundiaui,
1727 4205 1796 4260 ab
1820 4205 1943 4260 aliis
1967 4203 2098 4261 Zac-

502 4290 663 4356 ehaei,
688 4306 792 4346 nec
831 4307 943 4346 non
988 4291 1279 4357 Coddiani,
1321 4304 1374 4349 et
1408 4295 1739 4361 Borboritae,
1794 4311 1859 4352 ac
1891 4295 2097 4353 Barbe-

502 4382 627 4454 lytm
672 4382 960 4449 dicuntur;
1020 4384 1451 4455 Carpocratitaa,
1491 4387 1862 4455 Cerinthiani,
1915 4391 2009 4461 qui
2044 4399 2099 4446 et

503 4471 894 4539 Merinthiani,
920 4472 1193 4539 Nazorzei,
1249 4476 1516 4546 Ebionaei,
1551 4478 1845 4547 Valentini,
1895 4482 2101 4537 Secun-

503 4563 989 4635 diniani:quibus
1039 4568 1313 4624 accedunt
1349 4569 1665 4642 Epiphanes
1715 4580 1770 4628 et
1824 4573 2094 4640 Isidorus,

504 4653 812 4710 Ptolemaei.
846 4656 901 4711 In
938 4659 1105 4716 tertio
1140 4671 1322 4718 autem
1364 4673 1514 4719 tomo
1550 4665 1758 4735 prioris
1812 4666 1939 4720 libri
1987 4666 2099 4722 hae-

2283 2084 2552 2139 Ἐπανιὼν
2603 2085 2661 2138 δὲ
2714 2080 2890 2147 αὖθις,
2946 2084 3040 2137 καὶ
3077 2084 3265 2139 διελὼν
3311 2083 3518 2147 ταύτας
3555 2083 3690 2137 κατὰ
3715 2084 3784 2155 βία

2202 2177 2347 2241 ϐλον,
2405 2175 2673 2241 ὑποδείξω
2723 2176 2782 2229 ὲν
2836 2176 3011 2247 ταύτῃ
3051 2194 3153 2247 μου
3189 2180 3253 2248 τῇ
3303 2178 3782 2247 ἀνακεφαλαιώσει.

2203 2266 2367 2319 πόσαι
2391 2265 2599 2319 τούτων
2624 2264 2732 2317 τῶν
2754 2265 3087 2337 ὀγδοήκοντα
3108 2268 3377 2338 αἱρέσεων
3408 2269 3465 2321 ὲν
3487 2268 3565 2340 τῷ
3602 2268 3785 2340 πρώτῳ

2205 2359 2416 2429 βιϐλίῳ.
2459 2358 2553 2411 καὶ
2569 2352 2806 2429 καθεξῆς
2838 2359 2896 2410 ὲν
2924 2357 3004 2429 τῷ
3026 2358 3287 2430 δευτέρῳ,
3322 2359 3429 2424 ἓως
3461 2362 3557 2415 τοῦ
3590 2363 3781 2433 τρίτου’

2201 2450 2337 2503 ἀλλὰ
2368 2449 2461 2503 καὶ
2482 2449 2606 2504 καθ’
2629 2450 2862 2505 ἕκαστον
2896 2452 3006 2505 τῶν
3037 2452 3176 2507 ἑπτὰ
3211 2453 3396 2525 τόμιον
3416 2494 3430 2518 ,
3460 2454 3572 2507 τῶν
3606 2458 3660 2507 ὲν
3687 2457 3782 2517 τοῖς

2200 2543 2347 2613 τρισὶ
2372 2541 2598 2612 βιϐλίοις
2624 2543 3092 2614 συντεταγμένων,
3129 2545 3293 2601 πόσαι
3315 2547 3453 2598 εἰσὶν
3479 2547 3536 2599 αἱ
3571 2547 3626 2600 ὲν
3650 2546 3787 2616 αὐτῷ

2203 2633 2539 2704 χωρηθεῖσαι
2592 2634 2854 2702 αἱρέσεις.
2911 2635 3020 2689 Καὶ
3085 2636 3232 2690 ἔστιν
3284 2637 3458 2702 οὕτως
3511 2639 3569 2691 ὲν
3603 2638 3698 2706 μὲν
3717 2635 3786 2706 τῷ

2204 2724 2406 2797 πρώτῳ
2449 2725 2640 2798 βιϐλίῳ
2658 2727 2816 2798 τόμοι
2863 2731 3033 2798 τρεῖς,
3067 2728 3308 2799 αἱρέσεις
3338 2728 3391 2780 δὲ
3429 2746 3786 2800 τεσσαρακον-

2200 2817 2331 2881 ταὲξ
2365 2820 2461 2871 σὺν
2494 2822 2616 2882 ταῖς
2658 2820 2977 2890 ὀνομασίαις
3026 2819 3259 2872 τούτων·
3305 2821 3448 2891 φημὶ
3497 2822 3554 2875 δὲ
3590 2821 3787 2894 Βαρϐα-

2206 2910 2422 2981 ρισμοῦ,
2484 2911 2579 2985 καὶ
2618 2911 2951 2981 Σκυθισμοῦ,
2993 2912 3089 2965 καὶ
3125 2911 3508 2984 Ἑλληνισμοῦ,
3541 2915 3635 2967 καὶ
3670 2915 3788 2967 ’1ου-

2200 3001 2431 3072 δαῖσμοῦ
2464 3003 2556 3056 καὶ
2575 3002 3022 3074 Σαμαρειτισμοῦ
3043 3020 3055 3033 ·
3074 3004 3131 3056 ὲν
3155 3003 3212 3056 δὲ
3245 3003 3323 3074 τῷ
3346 3003 3588 3076 δευτέρῳ
3615 3005 3789 3075 βιϐλίῳ

2200 3095 2355 3165 τόμοι
2377 3094 2491 3158 δύο,
2512 3095 2755 3165 αἱρέσεις
2773 3098 3101 3167 εἰκοσιτρεῖς
3121 3115 3132 3129 ·
3164 3098 3221 3150 ὲν
3243 3096 3299 3151 δὲ
3322 3097 3400 3168 τῷ
3423 3099 3593 3169 τρίτῳ
3615 3096 3791 3167 βιϐλίῳ

2200 3187 2357 3259 τόμοι
2379 3186 2492 3250 δύο,
2530 3189 2771 3261 αἱρέσεις
2796 3187 3006 3241 ἕνδεκα.
3048 3189 3135 3241 Ἑν
3157 3188 3234 3260 τῷ
3254 3185 3347 3243 οὖν
3377 3189 3582 3261 πρώτῳ
3612 3189 3789 3259 βιϐλίῳ

2203 3279 2422 3351 πρώτου
2452 3280 2619 3347 τόμου
2645 3280 2888 3351 αἱρέσεις
2936 3282 3162 3342 εἴκοσιν,
3194 3281 3256 3334 αἵ
3289 3283 3428 3334 εἰσιν
3465 3283 3585 3335 αἵδε
3608 3298 3625 3313 ο
3660 3281 3792 3351 Βαρ-

2201 3371 2492 3443 ϐαρισμδς,
2549 3370 2886 3442 Σκυθισμὸς,
2971 3372 3358 3445 Ἑλληνισμὸς,
3432 3373 3788 3442 Ἰουδαϊσμόςσ

2213 3464 2483 3535 Ἑλλήνων
2518 3462 2796 3533 διαφοραὶ,
2833 3463 3220 3536 Πυθαγόρειοι,
3256 3466 3433 3518 εῐτουν
3454 3494 3461 3503 η
3483 3467 3790 3535 Περιπατη-

2199 3556 2363 3613 τικοὶ,
2400 3555 2763 3618 Πλατωνικοὶ,
2794 3555 3046 3621 Στωϊκοὶ,
3082 3554 3450 3627 Ἐπικούρειοι
3482 3571 3497 3587 ⁸
3535 3557 3793 3626 Σαμαρει-

2200 3649 2346 3721 τικὴ,
2396 3644 2533 3704 οῦσα
2584 3650 2650 3702 ὲκ
2704 3648 2802 3702 τοῦ
2848 3648 3209 3720 Ἰουδαῖσμοῦ.
3264 3649 3627 3722 Σαμαρειτῶν
3667 3647 3789 3716 ἔθνη

2199 3743 2463 3815 τέσσαρα,
2517 3741 2733 3808 οὕτως’
2780 3742 3087 3814 Γορθηνοὶ,
3145 3742 3466 3806 Σεϐουαῖοι,
3533 3742 3793 3814 Ἐσσηνοὶ,

2202 3834 2462 3889 Δοσίθεοι.
2512 3834 2785 3888 Ἰουδαίων
2811 3833 3054 3907 αἱρέσεις
3091 3834 3255 3897 ἑπτὰ,
3287 3834 3460 3899 οὕτως
3487 3854 3501 3866 ·
3539 3836 3794 3906 Γραμμα·

2207 3928 2361 3990 τεῖς,
2415 3928 2738 3998 Φαρισαῖοι,
2815 3926 3206 3991 Σαδδουκαῖοι,
3261 3928 3792 3999 Ἦμεροϐαπτισταὶ,

2215 4018 2481 4078 ’οσσαῖοι,
2520 4018 2849 4091 Νασαραῖοι,
2879 4019 3226 4089 Ἦρωδιανοί.
3255 4020 3344 4073 Ἑν
3365 4019 3423 4073 δὲ
3450 4020 3534 4091 τῷ
3566 4019 3795 4090 δευτέρῳ

2200 4110 2353 4181 τόμῳ
2407 4109 2503 4164 τοῦ
2562 4110 2780 4183 πρώτου
2830 4109 3038 4183 βιϐλίου
3067 4111 3332 4176 ὡσαύτως
3372 4111 3622 4185 αἱρέσεις
3648 4112 3797 4165 δέκα·

2200 4206 2369 4274 τρεῖς,
2420 4201 2629 4265 οὕτως’
2680 4203 3029 4276 Σιμωνιανοὶ,
3064 4204 3482 4276 Μενανδριανοὶ,
3553 4207 3794 4275 Σατορνι-

2199 4295 2395 4361 λιανοὶ,
2425 4286 2818 4350 Βασιλειδιανοὶ
2844 4337 2857 4351 .
2894 4296 2943 4349 Ν
2950 4295 3245 4361 ικολαῖται,
3279 4296 3605 4358 Γνωστικοὶ,
3636 4298 3685 4351 οἱ
3711 4295 3798 4350 καὶ

2202 4389 2618 4458 Στρατιωτικοὶ.
2658 4388 3093 4464 καὶ-Φιϐιωνῖται
3127 4389 3370 4454 οἰαύτοὶ,
3403 4390 3563 4462 παρὰ
3602 4390 3657 4444 δέ
3698 4404 3799 4442 τισι

2202 4479 2597 4545 Σεκουνδιανοὶ,
2642 4482 2793 4553 παρὰ
2836 4481 2892 4535 δὲ
2922 4480 3103 4544 ἄλλοις
3133 4482 3419 4552 Ζακχαῖοι,
3452 4484 3504 4535 οἱ
3539 4481 3798 4552 καλοῦμε-

2202 4589 2283 4626 νοι
2311 4573 2409 4626 καὶ
2447 4572 2751 4633 Κοδδιανοὶ.
2800 4575 2895 4628 καὶ
2929 4574 3278 4646 Βορϐορῖται,
3313 4574 3407 4629 καὶ
3443 4575 3800 4648 Βαρϐηλῐται,

2202 4665 2683 4735 Καρποκρατῖται,
2699 4665 3076 4736 Κηρινθιανοὶ,
3093 4667 3143 4719 οἱ
3168 4667 3264 4721 καὶ
3291 4669 3380 4740 Μη
3390 4667 3678 4741 ρινθιανοί·
3697 4669 3799 4723 Να-

502 4761 655 4802 reses
681 4746 867 4802 itidem
896 4766 993 4805 xm
1030 4760 1162 4808 sunt
1197 4770 1212 4806 :
1251 4753 1528 4821 Mareosii,
1562 4757 1891 4823 Colorbasii,
1926 4756 2099 4814 Hera-

2204 4756 2452 4828 ζωραῖοι,
2507 4756 2835 4823 Ἑϐιωναῖοι,
2878 4759 3248 4824 Οὑαλεντῖνοι,
3282 4760 3688 4827 Σεκουνδιανοὶ,
3725 4754 3799 4824 οἷς

501 4838 789 4903 eleonitas,
847 4838 1080 4911 Ophitm,
1141 4844 1353 4910 Caiani,
1418 4845 1689 4916 Sethiani,
1753 4849 2098 4919 Archontici,

500 4930 871 4998 Cerdoniani,
920 4934 1264 5002 Hareiones,
1322 4938 1690 5008 Lucianistaa,
1739 4944 2099 5016 Appelleiani,

505 5023 824 5092 Severiani,
886 5025 1129 5085 Tatiani.
1193 5029 1321 5087 Haec
1392 5042 1479 5090 est
1548 5050 1763 5092 summa
1826 5046 2098 5093 tomorum

503 5119 667 5173 trium
726 5120 885 5190 primi
941 5121 1092 5178 libri.
1153 5122 1390 5180 Secundi
1446 5142 1580 5182 vero
1633 5129 1757 5183 libri
1815 5131 1945 5185 tomi
1991 5130 2103 5185 duo

504 5219 653 5273 sunt,
692 5213 855 5279 cujus
900 5214 952 5268 in
1000 5216 1184 5287 priore
1241 5225 1414 5282 tome,
1471 5222 1564 5291 qui
1611 5230 1841 5292 quartus
1887 5232 1990 5288 εει,
2056 5224 2100 5279 si

506 5310 684 5355 tomos
712 5304 971 5376 deinceps
1019 5309 1087 5364 ab
1128 5310 1288 5365 initio
1331 5326 1624 5377 numeres,
1666 5316 1900 5371 haereses
1967 5331 2101 5370 mu

507 5393 866 5449 continentur
921 5398 1025 5454 hoe
1082 5402 1245 5457 modo
1279 5420 1292 5457 :
1323 5402 1638 5465 Encratitaa,
1672 5432 1675 5433 ν
1703 5404 2099 5478 Cataphryges,

505 5479 601 5549 qui
653 5490 708 5535 et
751 5482 1117 5550 Montanistae,
1175 5506 1239 5546 ac
1294 5493 1727 5565 Tascodrugitm.
1787 5497 2101 5567 Pepuziani,

505 5570 597 5660 qui
633 5580 680 5624 ct
721 5570 1065 5641 Quintiliani,
1103 5583 1304 5650 quibus
1347 5585 1723 5657 adjungttntur
1760 5589 2100 5660 Artotyritrc,

509 5656 1125 5729 'l'essarescmdecatitze.
1172 5675 1263 5740 qui
1313 5674 1525 5731 Pascha
1574 5679 1627 5731 in
1678 5682 1922 5735 eauulem
1973 5683 2098 5734 anni

510 5744 653 5800 diem
683 5751 987 5818 conjiciunt
1019 5775 1033 5809 :
1064 5758 1237 5827 Alogi,
1270 5765 1363 5831 qui
1397 5773 1450 5817 et
1484 5763 1835 5835 Evangelium
1872 5778 1926 5822 et
1958 5769 2101 5837 Apo-

512 5839 757 5909 calypsin
796 5842 1027 5903 Joannis
1077 5855 1384 5921 repudium,
1448 5858 1757 5924 Adamiani,
1810 5861 2097 5932 Sampsmi,

2209 4850 2569 4905 συνάπτονται
2585 4852 2889 4925 Ἐπιφανὴς
2905 4854 3001 4908 καὶ
3031 4855 3323 4927 Ἰσίδωρος,
3346 4856 3700 4929 Πτολεμαῖοι.
3718 4856 3801 4909 Ἐν

2205 4941 2263 4996 δὲ
2276 4943 2353 5014 τῷ
2384 4943 2556 5016 τρίτῳ
2583 4945 2736 5016 τόμῳ
2755 4944 2853 4999 τοῦ
2883 4946 3050 5000 αὐτοῦ
3067 4946 3290 5019 πρώτου
3316 4946 3526 5019 βιϐλίου
3563 4948 3801 5023 αἱρέσεις

2204 5034 2509 5107 δεκατρεῖς,
2553 5037 2757 5102 οὕτως·
2815 5038 3162 5110 Μαρκώσιοι,
3207 5040 3595 5114 Κολορϐἀσιοι,
3645 5044 3800 5112 Ἠρα-

2208 5128 2517 5195 κλεωνῖται,
2558 5131 2794 5200 Ὀφῖται,
2836 5134 3089 5198 Καῖανοὶ,
3125 5133 3399 5205 Σηθιανοὶ,
3444 5132 3799 5208 ’Δρχοντικοὶ,

2208 5224 2597 5294 Κερδωνιανοὶ,
2613 5226 2706 5279 Μα
2714 5225 2962 5296 ρκίωνες,
2977 5226 3382 5293 Λουκιανισταὶ,
3402 5224 3799 5296 ’Δπελληῖανοᾯ

2207 5317 2548 5388 Σευηριανυὶ,
2591 5317 2867 5371 Τατιανοί.
2927 5316 3078 5391 Αὕτη
3117 5322 3151 5391 ὴ
3192 5319 3675 5388 ἀνακεφαλαίωσις
3712 5313 3798 5368 τοῦ

2210 5407 2428 5478 πρώτου
2464 5407 2669 5478 βιϐλίου
2711 5410 2819 5463 τῶν
2869 5410 3039 5483 τριῶν
3060 5411 3263 5483 τόμων.
3319 5410 3425 5464 Τοῦ
3468 5410 3527 5463 δὲ
3551 5410 3803 5480 δευτέρου

2212 5497 2417 5568 βιϐλίου
2442 5501 2599 5571 τόμοι
2626 5501 2738 5556 δύο.
2788 5501 2876 5554 Ἐν
2902 5502 3106 5574 πρώτῳ
3136 5504 3236 5573 μὲν
3262 5503 3415 5574 τόμῳ
3436 5500 3530 5555 τοῦ
3554 5500 3798 5570 δευτέρου

2211 5589 2438 5659 βιϐλίου,
2486 5593 2733 5664 τετάρτῳ
2764 5593 2821 5645 δὲ
2852 5593 2967 5647 ὄντι
2995 5594 3135 5647 κατὰ
3177 5595 3276 5666 τὴν
3322 5594 3417 5648 ἀπ’
3448 5594 3631 5665 ἀρχῆς
3674 5592 3798 5644 ἀκοο

2210 5682 2429 5736 λουΘίαν
2447 5684 2540 5737 τοῦ
2556 5684 2811 5757 ἀριθμοῦ,
2826 5686 3378 5758 αἱρέσειςδεκαοκτὼ,
3392 5685 3567 5748 οὕτως
3584 5684 3799 5753 Ἐγκρα·

2148 5830 2155 5833 _
2209 5777 2368 5831 τῖται,
2389 5775 2526 5828 κατὰ
2544 5778 2892 5847 Φρυγαστῶν,
2919 5779 3325 5844 Μοντανιστῶν,
3353 5780 3445 5832 καὶ
3463 5775 3797 5846 Τασκοδρῦυί

2208 5866 2375 5934 γιτῶν
2392 5882 2403 5894 ⁸
2432 5870 2477 5919 οἱ
2500 5867 2553 5918 δὲ
2580 5868 3041 5938 Τασκοὸρουγῖται
3063 5868 3391 5941 διῃρέθησαν
3416 5867 3524 5921 ἀπὸ
3545 5866 3655 5919 τῶν
3672 5878 3796 5933 προ-
