4058 6472
238 342 319 404 ita
778 350 783 355 '
946 345 1290 406 EPIPHAMI
1332 316 1783 404 uasculorum
1830 348 1921 403 Al)
1963 348 2271 413 ACACIUM
2320 348 2402 403 ar
2448 349 2763 408 PAULUM.

3379 360 3483 418 166

214 462 515 535 ειρημένων,
556 463 953 529 Πεπουζιανοὶ.
983 465 1076 517 καί
1102 462 1527 526 Κυϊντιλλιανοὶ,
1555 456 1637 525 οἷς
1666 479 1787 515 συν-

1895 465 1985 532 qui
2016 471 2069 516 et
2097 465 2375 527 llelreszei,
2409 464 2792 528 Thcodotiani,
2825 465 3327 537 Melchisedeciani,
3356 473 3491 532 Bar.

216 562 445 614 ἅπτονται
482 557 888 627 ’Ᾱοτοτυρῖται.
926 553 1605 626 Τεσσαρεσκαιδεκατῖται.
1646 556 1694 607 οἱ
1724 554 1784 606 τὸ

215 649 383 718 Πάσχα
408 649 537 715 μίαν
567 647 791 719 ἡμέραν
807 646 902 700 τοῦ
926 636 1082 709 ἔτους
1114 645 1397 709 ποιοῦντες
1416 662 1430 676 °
1464 644 1702 713 Ἀλογοι,
1735 645 1783 698 οἱ

210 739 601 807 τὺΕὐαγγέλιον
641 739 893 792 Ἰωάννου
918 738 1015 791 καί¹
1047 736 1149 807 τὴν
1186 735 1556 806 Ἀποκάλυψιν
1598 736 1677 807 μὴ’
1700 735 1776 788 δε·

209 828 437 898 χὸμενοι·
502 827 845 897 ’Δδαμιανο“ι,
897 825 1189 897 Σαμψαῖοι,
1233 828 1281 878 oi
1317 826 1411 878 καὶ
1460 825 1783 887 Ἐλκεσαῖοι,

208 920 554 979 Θεοδοτιανοὶ.
590 918 1092 991 Μελχισεδεκιανοὶ,
1142 916 1621 989 Βαρδησιανισταὶ,
1650 916 1788 985 Non-

206 1010 386 1075 τιανοὶ,
403 1010 716 1081 Οὑαλήσιοι,
732 1010 1003 1083 Καθαροὶ,
1031 1009 1359 1077 Ἀγγελικοὶ,
1390 1007 1783 1073 Ἀποστολικοὶ,

205 1103 251 1154 οἱ
286 1102 385 1154 καὶ
418 1102 824 1166 Ἀιποτακτικοὶ,
859 1098 939 1166 οἷς
990 1101 1354 1154 συνάπτονται
1384 1102 1433 1153 οἱ
1462 1097 1787 1169 καλούμενοι

207 1192 537 1262 Σακκοφόροι
553 1207 568 1219 ⁸
592 1192 961 1251 Σαϐελλιανοὶ,
991 1189 1343 1261 Ὠριγενιανοὶ
1359 1189 1408 1241 oi
1423 1184 1785 1257 αἰσχροποιοὶ,

216 1286 567 1355 Ὠριγενιανοὶ
591 1286 642 1336 οἱ
673 1283 766 1336 τοῦ
806 1282 1187 1354 Ἀδαμαντίου.
1233 1282 1326 1336 Ἑν
1353 1280 1410 1333 δὲ
1441 1279 1522 1351 τῷ
1547 1278 1787 1349 δευτέρῳ

203 1378 345 1448 τόμῳ
385 1376 479 1429 τοῦ
522 1376 688 1429 αὑτοῦ
735 1376 991 1447 δευτέρου
1024 1375 1252 1447 βιϐλίου,
1287 1374 1522 1445 πέμπτῳ
1567 1388 1627 1425 τε
1671 1371 1789 1424 ὄντι

202 1470 285 1520 τὸν
307 1468 546 1539 ἀριθμὸν
570 1470 662 1522 τὸν
680 1451 1099 1540 προειρημένον,
1122 1468 1363 1539 αἱρέσεις
1385 1466 1568 1529 πέντε,
1587 1463 1780 1527 οὕτως*

204 1560 608 1620 Παυλιανισταὶ,
636 1562 948 1631 Μανιχαῖοι,
977 1563 1024 1613 οί
1052 1561 1147 1613 καὶ
1210 1560 1575 1621 ’Λκουανῖται,
1617 1557 1788 1629 Ἱερα-

202 1654 371 1718 κῖται,
406 1653 756 1713 Μελετιανοὶ,
799 1653 1005 1722 σχίσμα
1050 1652 1107 1703 ἐν
1145 1648 1434 1719 Αἰγύπτῳ,
1498 1647 1783 1718 Ἀρειανοί.

201 1743 343 1814 Αὕτη
372 1746 468 1797 καὶ
506 1746 539 1815 ἡ
574 1744 670 1797 τοῦ
711 1744 967 1813 δευτέρου
1000 1742 1207 1813 βιϐλίου
1244 1740 1353 1793 τῶν
1379 1740 1562 1809 τόμων
1589 1739 1790 1792 ἀνακε-

1893 555 2236 620 desiauistw,
2288 555 2569 621 Noetiani,
2621 556 2848 626 Valcsii,
2909 560 3156 618 Cathari.
3216 563 3484 637 Angelici,

1891 648 2215 717 Apostolici,
2264 649 2356 718 qui
2414 651 2577 704 etiam
2639 650 2969 721 Apotactici,
3018 654 3222 724 quibus
3284 661 3485 714 annexi

1893 748 2021 794 sunt
2068 737 2422 811 Saccriphori,
2475 740 2798 806 Sabelliani,
2843 744 3168 813 Origenista:
3221 747 3489 808 foeditatis

1893 838 2170 899 aut-tores,
2200 832 2524 903 Origenistae
2554 836 2621 890 ab
2657 835 2891 907 Origene
2930 832 3278 897 Adamanlio.
3312 841 3371 897 In
3405 859 3488 899 se-

1893 922 2073 976 cundo
2114 930 2295 977 autem
2332 933 2479 979 tomo
2522 925 2767 995 ejusdem
2816 929 2963 995 libri,
3018 932 3113 1000 qui
3162 933 3349 1003 priore
3398 934 3490 989 illa

1892 1015 2218 1070 numerandi
2274 1017 2487 1072 ratione
2530 1019 2763 1088 quintus
2800 1029 2913 1081 est.
2965 1022 3203 1080 haereses
3246 1025 3489 1096 quinque

1894 1113 2024 1162 sunt
2055 1124 2070 1162 :
2108 1105 2263 1162 Pauli
2293 1107 2721 1178 Samosatensis,
2755 1110 3061 1177 Mauichaei,
3094 1115 3187 1186 qui
3226 1125 3281 1172 et
3320 1117 3489 1171 Acua-

1893 1199 2041 1264 nitai,
2077 1198 2388 1264 llieracitaa,
2419 1201 2695 1258 Meletiani
2716 1245 2731 1270 ,
2763 1206 2856 1275 qui
2895 1206 2950 1260 in
2980 1206 3219 1279 Egypto
3249 1203 3490 1264 schis'ma

1894 1285 2173 1355 fecerunt;
2208 1290 2419 1345 Ariani.
2458 1292 2639 1362 Atque
2679 1293 2795 1349 haec
2832 1304 2917 1351 est
2957 1284 3227 1353 tomortim
3256 1300 3383 1355 libri
3412 1316 3488 1356 se-

1894 1379 2058 1433 cundi
2089 1392 2325 1435 summa.
2362 1371 2714 1438 ~Similiter'et
2749 1384 2803 1438 in
2842 1387 3003 1439 tertio
3042 1388 3183 1442 libro
3219 1389 3349 1443 tomi
3380 1390 3492 1444 duo

1895 1475 2024 1521 sunt
2084 1468 2140 1522 ln
2176 1469 2354 1539 primo
2409 1477 2559 1525 tomo
2599 1472 2749 1526 tertii
2791 1472 2942 1538 libri,
2981 1481 3137 1529 sexto
3178 1486 3358 1530 autem
3404 1489 3491 1538 eo,

1895 1574 2056 1627 quem
2092 1559 2333 1616 diximus
2359 1561 2588 1630 ordine,
2626 1563 2862 1619 haereses
2896 1580 2993 1628 vn,
3030 1574 3161 1621 sunt
3190 1584 3203 1620 :
3238 1565 3494 1633 Audiani,

1895 1648 2232 1714 Photiniani,
2278 1652 2638 1718 Marcelliani,
2681 1653 3031 1719 Semiariani,
3075 1656 3490 1712 Pneumatoma-

1896 1744 2007 1803 chi,
2055 1745 2146 1814 qui
2197 1743 2427 1815 Spiritui
2483 1753 2676 1801 sancto
2729 1748 3122 1804 contumeliose
3177 1749 3492 1812 detrahunt,

201 1833 520 1901 φαλαίωτις.
565 1836 795 1906 Ὁμοίως
813 1837 906 1889 καὶ
921 1838 979 1887 ἐν
1002 1834 1080 1906 τῷ
1099 1835 1268 1904 τρίτω
1287 1832 1477 1903 βιϐλίῳ
1501 1833 1605 1884 εἰσὶ
1631 1831 1787 1900 τόμοι

1895 1836 2132 1899 Aeriani,
2170 1836 2408 1903 Aetiani,
2436 1839 2503 1891 ab
2525 1839 2684 1892 Aetio
2715 1838 3018 1906 Anommo;
3050 1841 3253 1909 quibus
3274 1841 3492 1895 accedit

201 1926 306 1979 δύο,
375 1927 465 1980 Ἐν
511 1929 611 1997 μὲν
648 1927 727 1997 τῷ
768 1927 968 1999 πρώτῳ
1000 1928 1155 1997 τόμῳ
1194 1925 1289 1979 τοῦ
1334 1926 1520 1996 τρίτου
1562 1923 1789 1994 βιϐλίου,

200 2017 361 2070 ἕκτου
376 2018 435 2071 δὲ
455 2020 624 2089 τόμου
642 2019 783 2072 ·καθ’
812 2019 870 2072 ὃν
892 2018 1126 2091 ἀριθμὸν
1151 2018 1509 2088 προείπομεν,
1548 2017 1791 2088 αἱρέσεις

200 2108 349 2170 ἑπτὰ,
388 2107 565 2171 οὕτως
588 2124 603 2137 ’
659 2110 932 2173 meum,
974 2109 1179 2180 σχίσμα
1217 2108 1390 2172 ὄντες,
1423 2092 1786 2171 Φωτεινιανοὶ,

200 2201 621 2273 ιιαρκελλιανοὶ,
694 2201 1026 2273 Ἥμιὰρειοι,
1086 2200 1565 2271 Πνευματομάχοι,
1626 2199 1675 2252 οί
1730 2198 1791 2251 τὸ

176 2294 333 2371 ,11νεῦ
342 2312 420 2364 μα
445 2294 540 2347 τοῦ
568 2294 703 2348 Θεοῦ
730 2296 792 2348 τὸ
818 2294 973 2363 ἅγιον
996 2293 1465 2364 βλασφημοῦντες,
1499 2291 1787 2363 Ἀεριανοὶ,

210 2386 495 2451 Ἀετιανοὶ,
540 2386 649 2440 ἀπὸ
699 2387 908 2440 ’Δετίου
955 2386 1052 2440 τοῦ
1095 2387 1399 2458 Ἀνομοίου,
1443 2377 1488 2453 ᾧ
1542 2383 1787 2455 συνῆφθη

200 2478 484 2548 Εὑνόμιος,
521 2480 549 2530 ὁ
585 2478 680 2531 καὶ
726 2478 1026 2548 Ἀνὸμοιος,
1069 2479 1125 2531 ὲν
1167 2477 1225 2530 δὲ
1261 2477 1597 2548 τῷδευτέρῳ
1638 2476 1789 2547 τόμῳ

195 2568 288 2621 τοῦ
340 2566 514 2622 αὑτοῦ
552 2569 741 2640 τρίτου
788 2567 1034 2638 βιϐλίου,
1090 2567 1304 2640 ἑϐδόμῳ
1354 2568 1411 2622 δὲ
1455 2568 1606 2637 τὸμῳ
1651 2565 1787 2631 ὄντι,

197 2658 317 2711 καθ’
362 2659 430 2730 ἦν
487 2659 716 2730 εἴπομεν
759 2658 868 2712 τῶν
910 2659 1092 2729 τόμων
1145 2659 1238 2712 τοῦ
1294 2656 1531 2729 ἀριθμοῦ
1585 2656 1792 2727 διαίρε-

198 2765 301 2811 σιν,
349 2751 410 2813 ὃς
460 2753 577 2802 ἐστι
611 2751 775 2821 τόμος
806 2749 1056 2820 ἕϐδομος,
1085 2751 1179 2804 καὶ
1208 2750 1362 2812 τέλος
1398 2750 1498 2821 τῆς
1525 2765 1790 2819 πραγμα-

194 2840 366 2903 τείας,
414 2840 656 2910 αἱρέσεις
701 2840 985 2911 τέσσαρες,
1018 2839 1197 2893 οὕτω·
1255 2843 1585 2910 Διμοιρῖται,
1634 2842 1682 2890 οί
1714 2838 1788 2911 μὴ

194 2933 407 2986 τελείαν
439 2933 541 3002 τὴν
570 2931 807 3004 Χριστοῦ
843 2932 1254 3003 ὲνανθρώπησιν
1300 2930 1711 3001 ὁμολογοῦντες,
1739 2931 1787 2982 οί

194 3025 287 3079 καὶ
313 3023 745 3096 Ἀπολιναρῖται,
773 3026 821 3078 οί
845 3025 937 3078 καὶ
956 3024 1055 3095 τὴν
1088 3024 1251 3092 ἁγίαν
1275 3022 1374 3093 τὴν
1403 3021 1789 3092 Ἀειπάρθενον

196 3117 335 3188 μετὰ
364 3117 428 3170 τὸ
442 3117 536 3170 τὸν
557 3116 789 3188 Σωτῆρα
810 3117 1168 3187 γεγενηκέναι
1192 3115 1270 3186 τῷ
1297 3114 1494 3185 Ἰωσὴφ
1518 3112 1788 3183 συνῆφθαι

1889 1936 1944 1982 et
1969 1927 2272 1984 Eunomius
2296 1930 2617 1986 Anommus.
2644 1930 2704 1985 In
2731 1932 2976 1985 secundo
3007 1947 3137 1986 vero
3167 1941 3315 1986 tomo
3344 1934 3493 2003 ejus-

1868 2013 2013 2073 “dem
2060 2022 2205 2074 tertii
2249 2022 2395 2083 libri,
2444 2023 2679 2091 septimo
2723 2034 2904 2077 autem
2953 2039 3017 2076 ex
3065 2023 3337 2079 divisione
3379 2025 3494 2089 illa,

1893 2127 2057 2182 quam
2111 2112 2375 2178 diximus,
2437 2115 2641 2185 quique
2696 2113 2891 2185 Operis
2950 2116 3118 2169 totius
3178 2123 3495 2186 postremus

1893 2213 1998 2268 est,
2052 2204 2292 2260 hmreses
2347 2218 2585 2277 quatuor
2635 2216 2763 2261 sunt
2808 2226 2819 2260 :
2866 2206 3180 2271 Dimmritar,
3242 2210 3334 2278 qui
3381 2226 3491 2263 non

1894 2297 2194 2365 perfectam
2245 2295 2449 2352 Christi
2497 2298 2933 2352 incarnationem
2984 2300 3340 2364 conﬁtentur,
3397 2301 3493 2370 qui

1894 2387 2058 2441 etiam
2092 2387 2467 2457 Apollinarita:
2506 2390 2864 2442 nominantur
2897 2406 2911 2442 :
2941 2397 3053 2442 tum
3112 2390 3203 2458 qui
3246 2397 3492 2443 sanctam

1894 2478 2117 2532 Mariam
2171 2494 2388 2548 semper
2441 2481 2737 2548 virginem,
2790 2488 3081 2549 postquam
3152 2480 3491 2536 Salvatorem

1892 2567 2103 2635 genuit,
2136 2582 2261 2621 cum
2297 2566 2537 2639 Josepho
2570 2570 2933 2624 consuevisse
2961 2571 3173 2631 dicunt,
3212 2587 3354 2641 quos
3386 2580 3493 2624 An-

1893 2659 2391 2713 tidicomariauitas
2454 2662 2806 2717 nominamus
2853 2680 2867 2717 :
2914 2669 2967 2715 ct
3024 2663 3114 2732 qui
3183 2663 3237 2716 in
3294 2677 3492 2718 nomen

1891 2751 2140 2819 ejusdem
2191 2750 2375 2806 Maria:
2430 2753 2725 2823 collyridas
2777 2752 3032 2818 olicnmt,
3079 2756 3170 2825 qui
3228 2764 3495 2809 vocantur

1891 2841 2273 2911 Collyritliani,
2309 2842 2648 2898 Massaliani.
2681 2843 2893 2911 Quibus
2926 2846 3185 2914 adjuncta
3217 2857 3499 2914 postremo

1894 2938 1978 2984 est
2013 2931 2300 2984 catholicae
2376 2931 2498 2986 ﬁdei
2547 2949 2611 2986 ac
2661 2934 2908 2987 veritatis
2954 2934 3363 3003 compendiaria
3402 2935 3497 2989 de—

1896 3022 2090 3077 fensio.
2140 3023 2194 3076 In
2242 3038 2346 3093 qua
2396 3034 2585 3079 sancta
2644 3026 2911 3080 catholica
2955 3038 3009 3080 et
3050 3026 3351 3096 apostolica
3396 3023 3499 3079 Ec-
3536 3079 3545 3091 ,

1901 3113 2068 3169 clcsia
2105 3115 2383 3170 consistit.

192 3209 466 3277 λέγοντες,
500 3209 595 3272 οὒς
623 3209 964 3281 ἐκαλέσαμεν
1004 3207 1599 3278 ’Λντιδικομαριανίτας
1624 3221 1637 3235 ·
1689 3206 1783 3258 καὶ
1818 3206 1869 3258 οἱ
1892 3207 1972 3269 είς
1996 3204 2168 3275 ὄνομα
2193 3208 2291 3277 τῆς
2315 3208 2486 3278 αὐτῆς
2545 3209 2765 3279 Μαρίας
2805 3208 3091 3278 κολλυρίδα
3151 3210 3495 3282 προσφέρον-

190 3323 303 3371 τες,
345 3307 548 3367 οἵτινες
576 3303 866 3357 καλοῦνται
906 3300 1332 3373 Κολλυριδιανοὶ,
1371 3298 1780 3352 Μασσαλιανοί·
1820 3298 1916 3351 xui.
1949 3284 2078 3367 περί
2132 3300 2232 3369 τῆς
2277 3299 2444 3370 ὀρθῆς
2498 3300 2736 3365 πίστεως
2802 3303 2896 3355 καὶ
2929 3302 3187 3372 ἀληθείας
3230 3303 3497 3374 ἀπολογία

193 3401 314 3471 μετ’
344 3396 619 3468 ἐπιτομῆς
638 3394 735 3448 τοῦ
761 3395 945 3463 λόγου,
991 3394 1115 3464 ἥτις
1144 3395 1293 3447 ἐστὶν
1320 3395 1352 3464 ἡ
1378 3394 1508 3462 ἁγία
1530 3393 1794 3464 καθολικὴ
1833 3393 1929 3446 καὶ
1958 3378 2288 3465 ἀποστολικὴ
2331 3393 2649 3467 Ἐκκλησία.
3499 3453 3504 3459 ν

261 3489 418 3559 Αὕτη
450 3491 485 3559 ἡ
532 3486 1007 3555 ἁνακεφαλαίωσις
1040 3484 1135 3539 καί⁹
1172 3485 1454 3557 ἐπιγραφὴ
1482 3486 1583 3556 τῆς
1614 3484 1787 3556 πάσης

1975 3481 2261 3552 Ejusmodi
2312 3493 2397 3540 est
2448 3500 2662 3541 summa
2712 3487 3154 3557 comprehensio,
3207 3503 3270 3541 ac
3327 3490 3496 3544 totius

188 3581 338 3634 κατὰ
381 3579 650 3651 αἱρέσεων
694 3578 1022 3648 ὀγδοήκοντα
1073 3577 1481 3649 πραγματείας,
1534 3578 1631 3631 καὶ
1689 3578 1790 3649 μία

188 3674 292 3743 τῆς
311 3672 460 3742 ὑπὲρ
479 3669 733 3742 ἀληθείας
750 3669 1045 3738 ἀπολογίας
1067 3669 1168 3739 τῆς
1197 3669 1383 3739 μόνης,
1415 3668 1668 3722 τουτέστι
1691 3669 1791 3740 τῆς

190 3764 497 3835 καθολικῆς
541 3763 636 3817 καὶ
678 3762 959 3835 ὀρθοδόξου
1014 3760 1363 3831 Ἐκκλησίας,
1400 3763 1463 3815 ὲν
1494 3762 1643 3832 τρισὶ
1691 3761 1790 3831 μὲν

190 3856 431 3926 βιϐλίοις
454 3857 836 3928 ὑποκειμένοις
869 3855 1297 3928 συντεταγμένη,
1341 3856 1401 3908 ὲν
1438 3854 1580 3909 ἑπτὰ
1620 3854 1676 3907 δὲ
1698 3855 1789 3909 τό-

192 3966 322 4020 μοις
343 3947 704 4021 διαιρεθεῖσα,
722 3947 791 4000 τὰ
820 3948 876 4001 δὲ
904 3946 1113 4000 ἔνεστιν
1137 3946 1611 4017 ἀνακεφαλαίωσις
1640 3945 1791 4018 πρώ-

187 4058 289 4094 του
311 4039 488 4111 τόμου
518 4039 613 4093 τοῦ
643 4038 862 4111 πρώτου
893 4038 1121 4111 βιϐλίου,
1152 4038 1244 4092 τοῦ
1277 4038 1421 4092 κατὰ
1445 4037 1554 4091 τῶν
1587 4038 1792 4091 εἴκοσιν

185 4134 471 4204 αἱρέσεων
492 4131 714 4204 ἐλέγχου
735 4132 877 4186 οὓτω
893 4148 907 4162 ο
940 4131 1160 4202 πρῶτον
1190 4130 1288 4202 μὲν
1312 4132 1367 4183 αἱ
1396 4130 1506 4183 τῶν
1521 4128 1790 4201 αίρέσεων

188 4227 396 4281 πασῶν
425 4225 656 4298 μητέρες
683 4241 745 4278 τε
775 4227 867 4279 καὶ
897 4224 1244 4296 πρωτότυποι
1270 4224 1362 4276 καὶ
1388 4222 1698 4293 ὀνομασίαι,
1730 4221 1790 4287 ἐξ

182 4315 269 4373 ὧν
294 4321 541 4393 μητέρες
569 4320 725 4383 πέντε
761 4320 816 4372 αί
846 4318 1001 4373 ἄλλαι
1035 4317 1301 4389 ἐφύησαν,
1335 4316 1428 4369 καί
1460 4316 1599 4367 εἰσιν
1628 4306 1789 4367 αὗται

186 4415 421 4487 πρῶται
448 4415 736 4485 τέσσαρες.

265 4504 479 4578 Πρώτη
510 4505 911 4577 Βαρϐαρισμὺς,
940 4506 1063 4576 ἧτις
1090 4504 1212 4559 καθ’
1240 4504 1438 4575 ἑαυτήν
1466 4503 1601 4567 ἐστι,
1638 4500 1789 4572 διαρ-

185 4599 418 4650 κέσασα
437 4598 532 4667 ἀφ’
554 4597 775 4668 ἡμερῶν
794 4596 886 4650 τοῦ
918 4597 1043 4649 Ἀδὰ
1051 4615 1089 4667 μ
1111 4597 1202 4649 ἐπὶ
1217 4596 1348 4649 δέκα
1364 4596 1555 4663 γενεὰς
1572 4595 1676 4658 ἕως
1694 4594 1787 4647 τοῦ

184 4689 341 4743 Νῶε.
389 4690 768 4762 Βαρϐαρισμὸς
789 4689 845 4742 δὲ
861 4688 1122 4758 κέκληται
1150 4689 1257 4741 ἀπὸ
1282 4687 1374 4740 τοῦ
1413 4687 1491 4760 μὴ
1513 4688 1640 4751 τοὺς
1665 4687 1787 4740 τότε

184 4780 529 4852 ἀνθρώπους
566 4781 807 4852 ἀρχηγόν
841 4798 960 4834 τινα
1000 4780 1164 4852 ἔχειν,
1213 4779 1246 4851 ἢ
1281 4780 1408 4850 μίαν
1440 4779 1782 4850 συμφωνίαν,

1898 3579 2081 3647 operis
2114 3577 2378 3634 adversus
2409 3578 2689 3648 octoginta
2736 3579 2974 3633 limi-eses
3018 3579 3328 3650 inscriptio,
3368 3597 3496 3635 cum

1896 3670 2058 3723 unica
2108 3684 2171 3724 ac
2217 3669 2481 3741 singulari
2537 3669 2858 3725 defensione
2914 3670 3187 3737 veritatis,
3247 3673 3350 3727 hoc
3413 3683 3498 3728 est

1901 3761 2064 3817 unius
2092 3762 2376 3826 Ecclesiae,
2414 3772 2577 3832 atque
2613 3762 3108 3835 catholicac.‘Quod
3141 3781 3279 3835 opus
3313 3765 3499 3819 distri-

1899 3854 2088 3909 butum
2133 3855 2188 3909 in
2226 3863 2411 3926 partes
2452 3867 2585 3919 tres,
2628 3864 2807 3910 tomos
2849 3830 3057 3926 septem
3086 3858 3494 3927 complectitur.

1898 3943 2055 4000 Nunc
2100 3946 2258 4000 aliam
2300 3946 2562 4017 deinceps
2607 3946 2741 4003 tomi
2789 3946 2992 4017 prioris
3035 3946 3160 4001 libri
3196 3964 3496 4012 summam,

1899 4053 1962 4092 ac
2002 4038 2392 4109 compendium
2431 4040 2823 4105 instituemus,
2859 4055 2969 4112 quo
3006 4040 3227 4110 quidem
3263 4042 3317 4094 in
3354 4041 3501 4096 libro

1896 4127 2089 4196 viginti
2127 4129 2366 4184 haereses
2399 4129 2777 4183 continentur.
2813 4125 2871 4197 In
2903 4128 3098 4198 primis
3132 4131 3278 4185 enim
3318 4130 3495 4186 haere-

1898 4233 2031 4275 seon
2062 4218 2306 4273 omnium
2339 4228 2564 4284 matres,
2600 4234 2664 4273 ac
2710 4219 2986 4291 primariae
3023 4208 3440 4291 appellationes,
3465 4238 3503 4277 a.

1896 4311 2097 4383 quibus
2125 4319 2337 4366 caetera:
2371 4310 2748 4379 dimanarunt,
2765 4319 2895 4367 sunt
2917 4312 3191 4383 ejusmodi
3234 4322 3495 4383 quatuor.

1967 4493 2184 4549 Primus
2242 4502 2327 4549 est
2378 4488 2799 4559 Barbarismus,
2849 4492 2943 4563 qui
2991 4508 3087 4564 per
3136 4492 3379 4563 seipsum
3428 4494 3511 4556 ab-

1895 4586 2107 4641 Adamo
2152 4585 2216 4639 ad
2255 4586 2444 4639 decem
2494 4586 2876 4655 generationes
2913 4592 2968 4640 et
3009 4583 3199 4640 Noemi
3251 4593 3505 4655 tempora

1882 4678 2286 4749 perseveravit.
2341 4675 2447 4743 Qui
2498 4676 2892 4733 Barbarismus
2942 4685 3229 4749 propterea
3271 4677 3503 4740 dicitur,

1893 4773 2043 4843 quod
2074 4770 2441 4826 vetustissimi
2478 4770 2555 4823 illi
2588 4769 2904 4824 mortalium
2931 4784 3109 4840 neque
3149 4777 3363 4824 certum
3403 4770 3500 4824 ali-

184 4874 316 4927 ἀλλ⁹
348 4875 434 4927 ὅτι
490 4875 596 4937 πᾶς
636 4891 720 4937 τις
759 4872 937 4944 ἑαυτῷ
970 4873 1225 4944 ὲστοίχει,
1266 4873 1358 4926 καὶ
1403 4872 1565 4943 νόμος
1610 4871 1787 4942 ἑαυτῷ

1895 4879 2057 4935 quem
2106 4870 2387 4917 auctorem
2427 4862 2726 4927 habebant,
2762 4876 2867 4917 nec
2907 4861 3051 4917 inter
3092 4877 3152 4917 se
3193 4862 3508 4917 consentie—-

185 4966 343 5019 κατὰ
364 4964 469 5018 τὴν
512 4964 840 5037 προτίμησιν
879 4964 973 5019 τοῦ
1004 4965 1133 5020 ἰδίου
1164 4964 1499 5036 βουλήματος
1519 4964 1748 5032 ἐγίνετο.
1787 4998 1792 5002 ~

268 5230 519 5302 Δευτέρα
544 5229 850 5301 Σκυθισμὸς
892 5228 1003 5282 απὸ
1034 5227 1144 5280 τῶν
1175 5227 1399 5299 ἡμέρων
1419 5225 1515 5280 τοῦ
1542 5225 1667 5279 Νῶε
1693 5225 1788 5279 καὶ

192 5325 507 5391 μετέπειτα
535 5323 775 5394 ἄχρις-ἦς
801 5319 895 5373 τοῦ
920 5319 1128 5392 πύργου
1152 5318 1465 5389 οἰκοδομῆς,
1497 5319 1592 5371 καὶ
1608 5317 1787 5371 Βαϐυ-

439 5416 534 5468 καὶ
576 5414 715 5485 μετὰ
754 5414 844 5466 τὸν
874 5413 967 5466 τοῦ
1005 5414 1215 5485 πύργου
1242 5411 1433 5482 χρόνον
1460 5411 1553 5464 ἐπὶ
1586 5409 1788 5479 ὀλίγοις

195 5507 370 5571 heat,
417 5506 661 5559 τουτέστι
694 5504 872 5557 Φαλὲκ
914 5503 1005 5555 καὶ
1043 5501 1298 5569 Ῥαγαοῦ,
1342 5501 1557 5564 οἵτινες,
1593 5501 1688 5553 ἐπὶ
1731 5501 1792 5552 τὸ

188 5599 299 5667 τῆς
340 5596 615 5667 Εὐρώπης
657 5594 829 5664 κλίμα
869 5594 1178 5656 νενευκότες
1208 5592 1284 5661 τῷ
1308 5590 1408 5660 τῆς
1432 5589 1669 5654 Σκυθίας
1695 5591 1791 5661 μέ-

191 5710 308 5764 ρει,
340 5692 581 5753 καὶτοῖς
618 5687 801 5742 αὐτῶν
835 5685 1008 5738 ἔθνεσι
1047 5683 1506 5756 προσεκρίϐησαν,
1543 5684 1650 5737 ἀπὸ
1693 5685 1792 5754 τῆς

188 5782 291 5837 τοῦ
318 5783 509 5853 Θήρας
535 5779 755 5852 ἡλικίας
784 5778 879 5831 καὶ
904 5777 1180 5838 ἐπέκεινα,
1219 5776 1276 5838 ἐξ
1305 5772 1475 5846 οὗπερ
1499 5778 1546 5829 οἱ
1571 5774 1786 5846 Θρᾶικες

187 5877 478 5942 γεγόνατι.

1899 4956 2063 5021 bant;
2118 4955 2214 5009 sed
2267 4954 2649 5025 unusquisque
2696 4969 2797 5025 pro
2841 4969 2939 5010 sua
2989 4954 3273 5009 voluntate
3327 4954 3505 5007 vitam.

1900 5047 2241 5111 instituebat,
2279 5061 2342 5101 ac
2377 5061 2475 5117 pro
2507 5046 2624 5117 lege
2655 5062 2814 5102 suum
2848 5046 3084 5117 quisque
3111 5054 3302 5100 nutum
3328 5056 3504 5117 atque

1896 5140 2184 5195 arbitrium
2215 5138 2316 5194 sibi
2344 5139 2705 5210 proponebat.

1972 5228 2279 5294 Secundus,
2333 5229 2680 5300 Scythismus
2720 5244 2749 5284 a
2788 5226 2981 5285 Noemi
3029 5228 3372 5299 temporibus
3423 5232 3491 5286 ad

1897 5314 2073 5394 usque
2130 5325 2301 5378 turris
2368 5330 2422 5378 et
2484 5323 2778 5396 Babylonis
2842 5320 3370 5385 exaedificationem,
3431 5338 3497 5378 ac

1900 5424 2022 5485 post
2054 5413 2248 5467 turrim
2293 5414 2483 5483 paucis
2527 5414 2708 5468 adhuc
2753 5414 2916 5468 annis
2958 5412 3218 5480 obtinuit,
3264 5414 3366 5469 hoc
3410 5427 3497 5472 est

1900 5521 2073 5576 usque
2125 5505 2189 5558 ad
2249 5503 2451 5557 Phatac
2513 5513 2567 5559 et
2616 5503 2864 5574 Rhagau,
2938 5503 3030 5573 qui
3093 5503 3161 5558 ad
3220 5503 3507 5575 Europam:

1900 5604 2248 5651 tranSeuutcs
2277 5597 2328 5649 in
2373 5594 2652 5667 Scythiam
2673 5639 2685 5657 ,
2719 5611 2782 5650 ac
2815 5597 3067 5652 nationes
3092 5596 3362 5667 ejusmodi
3401 5615 3501 5668 pe~

1899 5697 2186 5743 netraruut
2216 5689 2286 5743 ab
2313 5687 2495 5743 Thare
2521 5689 2862 5760 temporibus
2889 5696 2944 5743 et
2970 5689 3101 5757 vita,
3127 5705 3157 5743 a
3182 5705 3292 5760 quo
3326 5687 3495 5743 Thra»

1898 5781 1995 5837 ces'
2017 5781 2231 5835 oriundi
2271 5793 2419 5836 sunt.
