4058 6422
571 350 672 406 187

641 490 882 554 Tertius,
940 489 1306 546 llellenismus
1357 489 1525 558 coepit
1575 504 1603 538 a
1663 485 1893 541 Serucbi
1945 496 2157 555 tempo—
2188 492 2231 545 Α

570 585 746 639 ribus.
782 581 934 638 Unde
985 582 1254 636 idolorum
1285 581 1466 634 cultus
1503 577 1715 632 initium
1759 576 1968 630 habuit.
2000 575 2160 631 Cum-

522 740 528 744 _
572 691 680 746 que
718 681 848 728 tunc
884 673 1146 742 temporis
1187 671 1320 725 falsa
1363 670 1595 739 quisque
1634 668 2025 738 superstitione
2062 665 2160 719 du-

573 774 818 828 ceretur,
847 765 1105 834 deinceps
1137 763 1440 818 civiliorem
1473 761 1541 815 ad
1577 775 1758 822 usum,
1794 768 1850 814 et
1879 759 1944 812 ad
1979 766 2158 813 certas

575 860 742 928 leges.
784 857 1315 924 simulacrorumque
1364 861 1507 907 ritus
1550 852 1800 906 homines
1837 865 1960 905 sese
1986 858 2161 904 trans-

575 951 832 1003 tulerunt.
876 947 1116 1012 Quorum
1165 961 1230 1000 ex
1285 945 1607 1015 praescripto
1674 943 1776 996 sibi
1819 942 1951 996 deos
1994 941 2162 995 tinxe-

576 1046 718 1091 ruut.
766 1037 842 1089 Ac
888 1037 1121 1104 primum
1170 1049 1286 1097 eos,
1335 1048 1474 1102 quos
1524 1033 1576 1084 in
1630 1031 1836 1085 honore
1885 1029 2160 1099 quondam

578 1127 924 1189 habuissent,
962 1125 1075 1178 sive
1112 1133 1376 1194 tyrannos
1397 1161 1412 1186 ,
1449 1129 1542 1174 aut
1574 1119 2031 1189 przestigiatores,
2065 1118 2159 1187 qui

575 1217 929 1270 memorabile
958 1214 1218 1284 quiddam
1248 1215 1301 1268 iu
1337 1216 1448 1268 vita
1485 1215 1746 1275 fecerant,
1786 1225 1850 1264 ac
1896 1209 2164 1263 fortitudi-

575 1309 681 1372 nis,
717 1317 772 1362 et
803 1307 1016 1362 roboris
1054 1307 1266 1361 illustre
1307 1306 1583 1375 specimen
1626 1302 1937 1361 ediderant.
1975 1301 2163 1370 depin-

577 1414 703 1468 gere
736 1398 1013 1452 coloribus
1050 1405 1105 1452 et
1149 1398 1454 1451 assimilare
1499 1395 1766 1450 solebant.
1803 1392 2000 1447 Postea
2037 1406 2162 1446 vero

577 1492 645 1544 ab
683 1491 861 1544 'l‘bare
906 1489 1076 1558 patris
1125 1487 1382 1540 Abraami
1437 1493 1680 1554 tempore
1724 1483 2038 1537 simulacris
2098 1495 2163 1535 ac

582 1581 782 1634 statuis
841 1578 1093 1633 eumdem
1123 1591 1366 1630 errorem
1392 1573 1715 1628 idololatriae
1773 1578 2162 1642 propagarunt.

578 1671 792 1741 Quippe
850 1670 1084 1738 majores
1133 1682 1264 1721 suos
1323 1665 1634 1721 simulacris
1685 1664 2056 1728 honestantes,
2100 1674 2165 1716 ac

579 1770 846 1824 mortuos,
892 1759 1124 1828 priumm
1168 1767 1282 1811 arte
1326 1755 1504 1826 ﬁglina
1554 1763 1766 1809 statuas
1803 1751 2161 1815 cilinxerunt;

1309 342 1654 400 EPIPHANII
1696 331 2140 396 RESCBIPTUM
2183 339 2273 392 AD
2314 336 2623 394 ACACIUM
2668 337 2755 391 ET
2799 329 3106 393 PAULUM.
3735 332 3818 390 168

2331 484 2500 555 Τρίτη
2549 482 2922 552 Ἑλληνισμὸς,
2971 480 3080 534 άπὸ
3124 476 3233 531 τῶν
3267 477 3472 548 χρόνων
3518 475 3614 530 τοῦ
3643 475 3827 547 Σεροῦκ

2263 577 2650 646 ἐναρξάμενος,
2666 575 2754 628 διά
2768 591 2850 626 τοι
2866 573 2966 642 τῆς
2988 569 3448 642 είδωλολατρείας,
3468 570 3568 623 καὶ
3581 570 3657 634 ὡς
3675 572 3828 625 ἐστοί-

2262 683 2389 735 χουν
2417 665 2479 717 τὸ
2499 663 2799 734 τηνικαῦτα
2819 663 3051 722 ἕκαστος
3080 661 3223 714 κατά
3246 677 3370 714 τινα
3400 659 3830 731 δεισιδαιμονίαν,

2264 757 2356 809 ἐπὶ
2375 757 2436 809 τὸ
2459 755 2659 826 μᾶλλον
2677 751 3121 823 πολιτικώτερον,
3137 752 3232 806 καὶ
3253 751 3347 804 ἐπὶ
3366 750 3462 822 ἔθη
3478 749 3576 804 καὶ
3591 749 3830 821 θεσμοὺς.

2265 848 2515 902 Εἰδώλων
2538 847 2720 918 μέντοι
2741 862 2804 914 γε
2826 843 3171 916 ὲναρξάμενα
3203 841 3492 898 τάττεσθαι
3529 841 3599 894 τὰ
3621 841 3725 895 τῶν
3751 844 3833 894 ἀνι

2266 940 2498 1014 θρὼτεων
2532 940 2688 1009 γένη,
2717 933 2798 1002 οἷς
2827 938 2949 990 τότε
2978 938 3368 1008 στοιχήσαντες
3395 933 3726 997 ὲθεοποίουν,
3755 933 3834 987 διὰ

2270 1034 2368 1102 μὲν
2399 1033 2704 1102 χρωμάτων
2727 1030 3121 1099 διαγράφοντες
3147 1028 3247 1098 τὴν
3273 1027 3467 1098 ἀρχὴν,
3497 1026 3598 1079 καὶ
3625 1027 3834 1078 ἀπεικο-

2266 1125 2503 1189 νίζοντες
2533 1126 2657 1186 τοὺς
2686 1124 2854 1178 πάλαι
2885 1124 3013 1194 παρ’
3042 1122 3224 1185 αὐτοῖς
3249 1118 3668 1190 τετιμημένους,
3693 1119 3724 1189 ἢ
3749 1136 3834 1170 τυ-

2270 1220 2518 1292 ράννους,
2557 1218 2589 1287 ἢ
2621 1217 2843 1288 γόητας,
2876 1216 2910 1287 ἢ
2937 1215 3090 1278 τινάς
3115 1232 3169 1267 τι
3198 1213 3506 1284 δράσαντας
3537 1213 3596 1264 ὲν
3626 1211 3702 1280 τῷ
3728 1211 3834 1282 βίῳ,

2272 1315 2490 1383 μνήμης
2527 1327 2578 1362 τι
2605 1308 2797 1362 δοκοῦν
2840 1307 3022 1372 ἄξιον,
3063 1306 3130 1358 δι’
3159 1305 3333 1375 ἀλκῆς
3373 1321 3462 1369 τε,
3513 1302 3547 1372 ἢ
3586 1303 3836 1372 σωμάτων

2268 1402 2590 1475 εύρωστίας,
2621 1400 2814 1453 ἔπειτα
2840 1399 2898 1452 δὲ
2928 1390 3038 1450 άπδ
3061 1397 3170 1450 τῶν
3201 1395 3407 1466 χρόνων
3434 1393 3531 1447 τοῦ
3546 1393 3732 1463 Θάρῤα
3753 1392 3834 1445 τοῦ

2270 1493 2474 1564 πατρὸς
2514 1492 2765 1563 Ἀϐραὰμ
2797 1491 2890 1543 καὶ
2923 1489 2992 1542 δι’
3027 1489 3360 1558 ἀγαλμάτων
3386 1485 3483 1556 τὴν
3520 1483 3726 1553 πλάνην
3749 1483 3836 1553 τῆς

2270 1583 2712 1653 εἰδωλολατρείας
2755 1580 3201 1651 εἰσηγησάμενοι,
3237 1579 3364 1639 τοὺς
3397 1575 3608 1630 ἑαυτῶν
3649 1573 3838 1645 προπά-

2269 1693 2434 1746 τορας
2479 1675 2546 1728 δι’
2581 1672 2988 1742 ἀπεικονισμῶν
3029 1669 3406 1740 τετιμηκότες,
3448 1669 3544 1720 καὶ
3577 1666 3702 1730 τοὺς
3743 1665 3836 1736 πρὸ

2271 1766 2450 1820 αὐτῶν
2479 1763 2936 1835 τετελευτηκότας
2963 1761 3381 1831 τεχνησάμενοι,
3416 1759 3481 1811 ὲκ
3515 1757 3836 1828 κεραμεικῆς

578 1861 695 1904 tum
743 1851 807 1904 ad
852 1863 1044 1903 omnes
1085 1855 1231 1901 artes
1283 1845 1530 1900 imitandi
1577 1843 1821 1914 pervenit
1865 1841 2159 1897 industria.

2276 1855 2578 1925 ἐπιστήμης
2601 1854 2660 1906 τὸ
2691 1851 2927 1922 πρῶτον,
2956 1850 3146 1902 ἔπειτα
3178 1847 3417 1916 ἑκάστης
3444 1846 3644 1916 τέχνης
3679 1859 3836 1914 μιμη-

578 1943 714 1996 Nam
784 1953 836 1997 et
883 1940 1167 1994 architecti
1216 1940 1380 1993 sectis
1429 1937 1720 2006 lapidibus,
1769 1933 2065 2005 argentarii
2111 1940 2166 1985 et

579 2035 835 2088 aurilices
862 2074 876 2097 ,
935 2048 1034 2086 nec
1079 2047 1186 2084 non
1226 2031 1364 2085 labri
1413 2045 1511 2084 sua
1557 2029 1760 2098 quique
1806 2025 2058 2085 materia.
2102 2037 2166 2076 ac

575 2113 774 2198 reliqui
815 2129 1073 2196 deinceps
1101 2126 1302 2194 elligies
1337 2123 1506 2178 moliti
1540 2132 1690 2178 sunt.
1727 2119 1889 2174 Primi
1921 2116 2163 2174 omnium

577 2227 817 2298 lEgyptii
861 2241 924 2279 ac
953 2222 1270 2294 Babylonii,
1327 2238 1425 2276 nec
1461 2237 1568 2275 non
1630 2218 1872 2287 Phryges
1918 2230 1984 2269 ac
2012 2212 2166 2268 P1103-

578 2321 731 2374 nices
807 2317 1176 2388 superstitiosi
1245 2317 1449 2378 cultus,
1506 2321 1562 2368 et
1621 2311 2047 2368 simulacrorum
2101 2320 2166 2359 ac

579 2412 960 2483 mysteriorum
1005 2418 1258 2463 auctores
1297 2407 1643 2462 exstiterunt.
1672 2407 1713 2456 Α
1751 2403 1952 2472 quibus
1996 2400 2168 2470 plera-

579 2520 686 2573 que
729 2512 857 2557 sunt
896 2504 964 2556 ad
1002 2501 1221 2555 Graecos
1268 2499 1532 2553 translata
1565 2516 1578 2551 :
1610 2497 1722 2566 jam
1758 2503 1872 2550 tum
1907 2494 1977 2547 ab
2007 2500 2166 2546 aatate

579 2583 862 2666 Cecropis,
901 2605 954 2650 et
1007 2595 1283 2663 deinceps.
1330 2593 1525 2647 Postea
1573 2605 1702 2646 vero
1748 2591 1911 2658 longo
1946 2587 2165 2642 demum

582 2687 868 2741 intervallo
897 2683 1217 2746 Saturnum,
1251 2683 1480 2744 Rheam,
1505 2679 1714 2744 Jovem,
1742 2679 2070 2748 Apollinem,
2103 2690 2166 2729 ac

584 2779 824 2845 reliquos
863 2775 992 2830 deos
1022 2773 1300 2828 celebrare
1325 2779 1609 2841 coeperunt

652 2870 828 2924 Graeci
843 2884 1038 2922 nomen
1061 2867 1128 2920 ab
1141 2865 1363 2920 Hellene
1384 2863 1620 2934 quodam
1639 2861 1814 2918 s'ortiti
1835 2870 1980 2922 sunt,
1995 2860 2087 2930 qui
2111 2859 2164 2912 in

583 2955 793 3010 Graacia
820 2955 1022 3025 degens
1035 2954 1081 3008 ei
1115 2952 1322 3020 regioni
1343 2951 1759 3022 appellationem
1787 2950 2003 3004 indidit.
2027 2947 2166 3002 Sunt

553 3049 676 3119 'qui
706 3050 774 3102 ab
802 3047 954 3108 elaea,
983 3047 1086 3100 hoc
1118 3054 1204 3102 est
1236 3046 1397 3112 oliva,
1431 3058 1554 3114 quae
1589 3042 1818 3096 Athenis
1839 3049 2028 3095 exorta
2059 3046 2163 3102 est,

2271 1947 2536 2017 σαμένης,
2564 1945 2835 2014 οἰκοδόμοι
2869 1944 2966 2014 μὲν
2995 1942 3141 1994 λίθον
3173 1941 3450 2008 ξέσαντες,
3478 1935 3836 2010 ἀργυροκόποι

2266 2039 2343 2100 δὲ,
2379 2040 2473 2092 καὶ
2511 2037 2795 2108 χρυσοχόοι
2834 2035 2924 2087 διὰ
2973 2034 3071 2104 τῆς
3115 2032 3247 2095 ἰδίας
3289 2031 3420 2101 ὕλης
3447 2028 3834 2098 τεκτονάμενοι,

2269 2130 2410 2184 οὕτω
2428 2129 2523 2182 καὶ
2541 2129 2815 2188 τέκτονες,
2840 2124 2936 2178 καὶ
2955 2124 3004 2176 οἱ
3022 2122 3278 2192 καθεξῆς.
3313 2120 3605 2189 Αἰγύπτιοι
3623 2118 3679 2170 δὲ
3694 2115 3834 2186 ὁμοῦ,

2270 2221 2363 2274 καὶ
2408 2215 2761 2278 Βαϐυλώνιοι,
2814 2213 2907 2266 καὶ
2941 2210 3173 2281 Φρύγες,
3222 2209 3317 2262 καὶ
3339 2208 3587 2268 Φοίνικες
3624 2200 3836 2271 ταυτησὶ

2269 2313 2368 2380 τῆς
2398 2309 2696 2380 θρησκείας
2721 2305 2926 2377 πρῶτοι
2953 2300 3242 2374 εἰσηγηταὶ
3271 2299 3584 2368 γεγόνασιν,
3609 2293 3832 2363 ἀγαλμαι·

2267 2405 2513 2466 τοποιίας
2541 2419 2599 2454 τε
2649 2400 2743 2452 καὶ
2786 2394 3099 2468 μυστηρίων
3123 2410 3138 2424 ·
3191 2393 3282 2462 ἀφ’
3307 2385 3382 2445 ὧν
3417 2389 3486 2442 τὰ
3518 2389 3738 2440 πλεῖστα
3767 2384 3836 2443 εἰς

2273 2494 2538 2563 Ἕλληνας
2566 2487 2872 2561 μετηνέχθη
2903 2484 3011 2539 ἀπὸ
3036 2483 3136 2554 τὴς
3163 2482 3449 2554 Κέκροπος
3493 2477 3726 2550 ἡλικίας,
3757 2471 3837 2524 καὶ

2271 2583 2508 2655 καθεξῆς
2531 2601 2544 2614 ο
2593 2581 2893 2653 μετέπειτα
2919 2579 2978 2632 δὲ
3010 2576 3107 2630 καὶ
3144 2574 3356 2645 ὑστέρῳ
3395 2570 3532 2624 πολὺ
3578 2569 3700 2628 τοὺς
3727 2563 3838 2655 περὶ

2270 2681 2478 2750 Κρόνον
2498 2678 2592 2730 καὶ
2634 2674 2812 2736 Ῥέαν,
2849 2673 2949 2725 Δία
2975 2687 3035 2724 τε
3067 2670 3165 2724 καὶ
3207 2665 3540 2728 Ἀπόλλωνα,
3609 2659 3699 2714 καὶ
3723 2654 3837 2710 καθ·

2270 2773 2398 2841 εξῆς
2425 2771 2578 2834 θεοὺς
2598 2767 3082 2838 ἀναγορεύσαντες.

2344 2838 2603 2934 Ἕλληνες
2633 2861 2691 2913 δὲ
2722 2859 3016 2928 κέκληνται
3061 2855 3170 2908 ἀπὸ
3197 2849 3458 2922 Ἕλληνάς
3498 2863 3642 2906 τινος
3667 2838 3836 2911 ἀνδρὸς

2271 2956 2378 3009 τῶν
2401 2956 2456 3008 ὲν
2489 2955 2558 3023 τῇ
2583 2950 2794 3004 Ἐλλάδι
2820 2946 3221 3018 κατῳκηκότων
3239 2961 3252 2974 ·
3283 2943 3360 3005 ὡς
3387 2940 3443 2994 δὲ
3471 2936 3650 3009 ἕτεροί
3675 2948 3838 3004 φασιν.

2272 3046 2378 3101 ἀπὸ
2402 3045 2502 3114 τῆς
2529 3042 2715 3103 ἐλαίας
2736 3041 2835 3110 τῆς
2867 3039 2926 3090 ἐν
2959 3037 3210 3107 Ἀθήναις
3241 3031 3640 3106 βλαστησάσης.
3677 3027 3836 3083 Ἴωνες

585 3147 930 3209 nuncupatos
975 3155 1096 3194 esse
1139 3138 1326 3192 velint.
1360 3135 1534 3205 Hujus
1566 3133 1785 3204 generis
1822 3141 2076 3186 auctores
2104 3145 2168 3184 ac

2276 3137 2331 3189 δὲ
2374 3135 2580 3187 τούτων
2613 3132 2849 3204 ἀρχηγοὶ
2895 3129 3200 3198 γεγόνασιν,
3249 3125 3324 3187 ὼς
3369 3122 3483 3194 ἔχει
3524 3123 3559 3191 ἡ
3591 3114 3836 3209 ἀκρίϐειαν

584 3231 895 3287 conditores
923 3229 1078 3285 Iones
1105 3231 1438 3283 lueruntzut
1461 3243 1526 3282 ex
1565 3227 1908 3281 accuratiore
1945 3222 2170 3277 historia

2276 3228 2384 3281 ἀπὸ
2409 3226 2502 3280 τοῦ
2541 3225 2761 3288 Ἰουνᾶν,
2796 3223 2912 3286 ἑνὸς
2938 3219 3130 3290 ἀνδρὸς
3161 3216 3269 3271 τῶν
3297 3215 3388 3268 τὸν
3423 3213 3632 3283 πύργον
3661 3204 3837 3261 οίκώο·

585 3330 820 3384 eonstat,
841 3319 1200 3393 quiabJavan
1229 3319 1466 3390 quodam
1498 3317 1750 3388 appellati
1785 3322 1936 3376 sunt.
1969 3329 2078 3368 uno
2108 3327 2174 3366 ex

2281 3321 2592 3391 μησὰντων,
2608 3318 2697 3369 ὅτε
2719 3316 2774 3368 αί
2796 3313 3038 3383 γλῶσσαι
3058 3307 3479 3380 διεμερίσθησαν
3504 3303 3610 3357 τῶν
3626 3299 3836 3353 πάντων.

585 3417 673 3477 iis,
706 3417 797 3484 qui
823 3415 1016 3467 turrim
1037 3419 1453 3476 exstruxerunt,
1472 3409 1693 3479 quando
1717 3409 1915 3478 lingua:
1928 3402 2173 3460 omnium

587 3507 779 3561 divisa:
809 3513 958 3570 sunt.
991 3503 1162 3568 Quam
1190 3503 1258 3556 ob
1276 3518 1499 3556 causam
1521 3499 1769 3570 Meropes
1789 3514 1980 3553 oinues
1999 3497 2175 3551 vocati

588 3608 720 3655 sunt
743 3598 811 3652 ab
837 3597 1106 3650 divisione
1129 3591 1670 3665 linguarum.Postea
1705 3606 1834 3645 vero
1858 3588 2178 3644 recentiori-

589 3691 694 3744 bus
718 3688 1056 3759 temporibus
1084 3687 1271 3741 Gra’ca
1296 3685 1614 3754 superstitio
1639 3692 1818 3739 certas
1847 3682 1901 3735 in
1921 3682 2153 3735 haereses

591 3795 657 3834 ac
685 3787 863 3834 sectas
895 3778 1070 3846 abiit;
1110 3785 1300 3846 utputa
1331 3775 1818 3846 Pythagoreorum,
1843 3771 2176 3836 Stoicorum,

590 3870 1041 3932 Platonicorum,
1088 3867 1516 3936 Epicureorum,
1576 3871 1682 3920 etc.
1741 3861 1945 3916 Eodem
2014 3875 2180 3930 porro

594 3972 840 4030 tempore
898 3959 1118 4030 propria
1162 3958 1333 4012 forma
1385 3971 1446 4012 ac
1489 3963 1616 4010 nota
1673 3970 1812 4009 vera:
1859 3953 2077 4023 pietatis
2126 3958 2181 4006 et

594 4052 875 4122 religionis
914 4051 1145 4112 exstitit,
1191 4064 1296 4102 una
1328 4064 1451 4103 cum
1509 4049 1625 4118 lege
1660 4055 1904 4105 naturae;
1947 4059 2070 4115 quae
2113 4043 2182 4097 ab

595 4148 806 4216 origine
863 4144 1047 4199 mundi
1107 4143 1342 4198 seseab
1393 4142 1501 4196 illis
1550 4140 1868 4194 nationibus
1919 4144 2182 4208 perpetuo

596 4240 919 4311 segregavit,
961 4237 1028 4290 ad
1066 4236 1207 4290 hanc
1244 4249 1417 4303 usque
1457 4234 1624 4296 diem,
1673 4233 1813 4288 inter
1862 4230 2179 4292 Barbarum,

597 4332 910 4403 Scythicam
957 4327 1312 4394 Graecamque
1375 4323 1824 4394 superstitionem
1869 4319 2179 4388 interjecta,

598 4423 773 4477 donec
826 4436 949 4475 cum
1008 4418 1264 4473 Abraami
1327 4416 1527 4486 pietate
1577 4415 1800 4468 coaluit.
1854 4410 1993 4464 Tum
2053 4423 2182 4463 vero

2277 3387 2354 3468 Διλ
2381 3415 2447 3484 ἢν
2477 3412 2656 3465 αἰτίαν
2688 3409 2784 3462 καὶ
2800 3407 3053 3472 Μέροπες
3086 3403 3287 3466 πάντες
3317 3398 3631 3467 κέκληνται,
3660 3391 3740 3445 διὰ
3756 3387 3838 3484 τὴν

2282 3479 2694 3579 μεμερισμένην
2727 3504 2931 3570 φωνήν.
2976 3498 3240 3567 ’Ὕστερον
3269 3494 3324 3545 δὲ
3347 3494 3376 3545 ό
3413 3479 3838 3579 Ἑλληνισμὸς-ἐἱς

2280 3570 2786 3667 αἱρέσεις-κατέστη
2817 3588 3114 3658 κατωτέρῳ
3138 3584 3216 3656 τῷ
3243 3583 3422 3655 χρόνῳ
3447 3597 3461 3611 ·
3498 3596 3572 3649 φη
3581 3579 3642 3648 μὶ
3665 3570 3839 3667 δε-Πυ·

2282 3662 2610 3758 θαγορείων,
2633 3685 2729 3737 καὶ
2754 3680 3026 3745 Στωϊκῶν,
3053 3679 3145 3732 καὶ
3167 3672 3554 3737 Πλατωνικῶν,
3587 3667 3679 3722 καὶ
3701 3662 3839 3758 ΣΕπι-

2281 3796 2377 3832 κου
2387 3755 2566 3848 ρείων,
2581 3775 2676 3828 καὶ
2685 3772 2910 3827 λοιπῶν.
2923 3767 3243 3828 Θεοσεϐείας
3253 3764 3309 3817 δὲ
3321 3762 3610 3836 χαρακτὴρ
3626 3755 3840 3848 ὑπῆρχέ*

2283 3840 2402 3942 ἅμα
2429 3870 2524 3924 καὶ
2552 3869 2581 3921 ὁ
2617 3866 2755 3938 μετὰ
2777 3865 2938 3935 φύσιν
2968 3863 3151 3932 νόμος,
3175 3855 3592 3926 πολιτευόμενος
3615 3848 3718 3942 άπδ
3740 3840 3840 3896 τοὺ-

2281 3940 2389 4018 των
2420 3963 2528 4017 τῶν
2552 3960 2747 4026 ἐθνῶν,
2774 3957 2964 4011 ἑαυτὸν
2991 3951 3266 4024 ἀφορίζων
3295 3949 3403 4005 ἀπὸ
3422 3948 3523 4018 τῆς
3550 3944 3640 3998 τοῦ
3661 3940 3838 4026 κόσμῗυ

2283 4052 2590 4122 καταϐολῆς
2624 4021 2926 4118 καὶτδεῦρο,
2959 4021 3123 4116 μέσος
3153 4041 3436 4113 τυγχάνων
3467 4021 3837 4122 βαρϐαρισ-μοίδν

2285 4147 2380 4198 καὶ
2410 4113 2743 4212 Σκυθισμοῦ,
2778 4113 2872 4193 καλ
2912 4113 3291 4206 Ἑλληνισμοῦ,
3340 4132 3444 4192 ἓως
3471 4130 3597 4182 ὅτου
3626 4113 3839 4212 συνήεξθη

2285 4243 2353 4311 τῇ
2399 4207 2653 4308 Ἀϐραὰμ
2678 4231 2980 4300 θεοσεϐείᾳ.
3028 4230 3137 4282 Καὶ
3171 4225 3466 4297 μετέπειτα
3517 4207 3838 4311 Ἰουδαίσμξςς

2285 4295 2394 4383 ddo
2435 4295 2544 4381 τῶν
2587 4295 2795 4397 χρόνων
2843 4295 3096 4393 Ἀϐραὰμ
3135 4295 3226 4371 τόν
3271 4314 3596 4388 χαρακτῆρα
3636 4295 3840 4397 εἰληφὼξ

2289 4425 2382 4477 καὶ
2427 4423 2485 4474 ὲν
2769 4387 2983 4486 ὲϐδόμίρ
3023 4387 3132 4468 eice
3165 4387 3434 4481 Ἀϐραὰμ,
3470 4406 3561 4459 διὰ
3594 4400 3681 4456 τοῦ
3716 4387 3839 4488 ait“?

597 4515 915 4570 Judaismus
951 4513 1017 4567 ab
1055 4479 1349 4565 Abrahami
1389 4507 1728 4576 temporibus
1762 4503 2041 4574 propriam
2082 4500 2174 4555 lor-

2289 4513 2532 4576 δοθὲντος
2559 4479 2732 4580 νόμου,
2753 4508 2857 4561 ὑπὸ
2883 4479 2978 4560 τοῦ
2997 4503 3132 4558 Θεοῦ
3159 4479 3504 4562 πλατυνθείς.
3547 4494 3673 4550 ’Δπὺ
3693 4490 3742 4580 δὲ
3764 4479 3838 4536 τοὖ

603 4622 746 4659 mam
784 4602 1013 4671 adeptus
1036 4641 1049 4666 ,
1084 4616 1148 4654 ac
1179 4616 1272 4668 per
1303 4598 1522 4668 Moysen
1565 4597 1633 4650 ab
1665 4596 1980 4649 Abrahamo
2020 4592 2190 4662 septi-

603 4712 775 4762 mum,
805 4711 868 4749 ac
901 4695 1072 4764 legem
1103 4708 1133 4744 a
1167 4691 1277 4746 Deo
1313 4689 1570 4744 traditam
1607 4685 2008 4757 aniplilicatus,
2039 4693 2093 4738 et
2121 4684 2190 4737 ab

602 4786 740 4843 Juda
781 4795 976 4857 quarto
1013 4783 1202 4839 Jacobi
1249 4782 1379 4846 lilio,
1423 4779 1518 4850 qui
1564 4787 1620 4834 et
1663 4775 1829 4832 Israel
1874 4776 2190 4830 nominatus

603 4891 709 4940 est,
740 4893 836 4949 per
867 4877 1120 4932 Davidem
1146 4916 1161 4940 ,
1188 4875 1280 4944 qui
1314 4874 1526 4944 primus
1553 4887 1584 4925 e
1615 4869 1762 4923 tribu
1785 4865 1926 4921 Iuda
1963 4881 2189 4936 regnum

605 4980 894 5029 assecutus
929 4979 1032 5035 est,
1067 4968 1371 5038 perlectum
1398 4961 1667 5018 Judaismi
1703 4975 1899 5014 nomen
1929 4957 2189 5038 obtinuit.

609 5063 902 5135 Perspicue
944 5062 1089 5117 enim
1124 5059 1423 5129 Apostolus
1458 5056 1524 5109 de
1563 5064 1800 5125 quatuor
1830 5052 1940 5104 illis
1972 5034 2195 5103 haeresi-

608 5154 710 5209 bus
745 5153 1058 5207 summatim
1096 5151 1326 5218 loquens
1358 5147 1464 5201 ista
1494 5146 1633 5199 dixit
1668 5163 1680 5198 :
1713 5141 1780 5195 In
1810 5140 2022 5194 Christo
2051 5140 2190 5192 enim

608 5244 734 5300 Jesu
769 5261 928 5306 neque
960 5243 1231 5296 Barbarus
1260 5283 1273 5306 ,
1303 5255 1465 5309 neque
1493 5237 1690 5306 Scytha
1710 5276 1723 5299 ,
1753 5249 1911 5303 neque
1939 5231 2154 5285 Gra'cus
2176 5270 2190 5292 ,

613 5353 772 5406 neque
795 5335 1038 5400 Judwus,
1075 5335 1163 5389 sed
1188 5351 1319 5387 nova
1350 5341 1595 5385 creatura
1622 5331 1661 5381 ‘.
1697 5326 2006 5380 Graecorum
2032 5338 2196 5393 porro

612 5429 714 5480 ista
752 5437 877 5480 sunt
901 5428 1240 5481 discrimina.

687 5518 1028 5587 Pythagorei,
1065 5518 1179 5576 sive
1210 5515 1557 5585 Peripatetici
1603 5511 1889 5566 monadem
1929 5519 1983 5562 et
2021 5508 2198 5576 provi-

619 5605 857 5660 dentiam
905 5615 1290 5672 asseruerunt;
1326 5607 1429 5660 diis
1473 5605 1566 5675 qui
1608 5603 1769 5671 vulgo
1809 5601 2079 5654 habentur
2111 5610 2200 5650 sa-

621 5697 902 5759 crificare,
953 5697 1207 5750 animatis
1255 5697 1436 5762 vesci,
1489 5711 1552 5749 ac
1610 5693 1735 5748 vino
1789 5694 1863 5748 uti
1917 5687 2199 5762 prohibuit

698 5812 714 5840 ι
750 5809 954 5863 Coloss.
994 5825 1087 5875 ut;
1123 5807 1160 5860 li
1190 5810 1313 5863 (lor.
1343 5827 1390 5876 v,
1430 5811 1519 5862 t7.

2237 4665 2239 4667 _
2304 4604 2471 4658 Ἰούδα
2505 4603 2766 4673 τετάρτου
2805 4599 2922 4652 υἱοῦ
2955 4596 3051 4650 τοῦ
3092 4593 3309 4658 Ἰακὼϐ,
3349 4591 3444 4645 τοῦ
3491 4579 3838 4673 turmam-oc

2303 4695 2542 4768 Ἰσραὴλ,
2571 4664 2658 4746 διά
2679 4690 2845 4744 Δαϐὶδ
2864 4689 2955 4742 τοῦ
2973 4685 3190 4758 πρώτου
3218 4682 3633 4754 βασιλεύσαντος
3648 4669 3746 4768 άπὸ

2290 4789 2382 4841 τοῦ
2423 4785 2586 4840 αὐτοῦ
2626 4783 2795 4837 Ἰούδα
2835 4779 3041 4850 φυλῆς,
3086 4778 3148 4830 τὸ
3172 4775 3375 4828 τέλειον
3415 4773 3508 4826 τοῦ
3549 4766 3839 4853 Ἰουδαῖσμξυ

2291 4878 2462 4948 ονομα
2502 4873 2943 4945 κεκληρωμένος
2997 4866 3194 4936 Σαφῶς
3221 4866 3345 4936 γὰρ
3376 4863 3505 4934 ’περἱ
3541 4857 3732 4914 τούτων

2293 4935 2573 5040 τεσὶτάρων
2603 4935 2868 5038 αἱρέσεων
2892 4965 2922 5015 ό
2948 4935 3268 5021 ’Δπόστολος
3290 4953 3565 5040 ἐπιτεμὼν
3599 4950 3695 5016 ἔφη
3712 4958 3723 4970 ⁹
3759 4935 3840 5040 ’ἓν

2295 5063 2406 5134 γὰρ
2432 5026 2677 5130 lipara};
2698 5055 2894 5123 Ἰησοῦ
2921 5056 2993 5109 οὐ
3026 5038 3451 5121 Βάρόαρος.ὀὺ
3483 5026 3838 5134 Σκύθηεςῃίζπῖκ

2299 5113 2556 5218 τ’ἐὲλην,
2581 5113 2694 5202 vim
2728 5113 3028 5210 ‘I‘ové‘at'oc,
3057 5113 3424 5206 ἀλλὰ-καινὴ
3452 5137 3663 5196 κτίσις.
3685 5113 3838 5180 Ἐλλίγ

2297 5262 2401 5298 νων
2428 5241 2700 5312 διαφοραί.

2369 5499 2749 5570 Πυθαγόρειοι,
2807 5494 2984 5547 είτουν
3047 5487 3509 5561 Περιπατητικοί·
3560 5483 3643 5536 τὸν
3668 5464 3837 5546 μονάσι

2300 5594 2396 5646 καὶ
2420 5593 2694 5665 πρόνοιαν,
2720 5592 2812 5643 κα)⁸
2832 5589 2890 5640 τὺ
2912 5585 3144 5640 κωλύειν
3170 5582 3390 5634 θύεσθαι
3407 5583 3518 5642 τοῖς
3536 5575 3681 5645 δῆθεν
3700 5559 3833 5665 es???

2302 5648 2624 5754 Πυθαγόρας
2655 5648 3026 5752 ἐδογμάτισεν,
3051 5676 3307 5746 ἐμψύχων
3328 5690 3385 5726 τε
3422 5672 3496 5742 μὴ
3526 5648 3836 5741 μεταλαμβά-
