4058 6454
211 382 314 438 169

1009 385 1364 444 ΕΡΙΡΠΑΝΙΙ
1391 385 1839 446 liESCRIPTUM
1877 391 1968 447 AD
1994 391 2305 451 ACACIUM
2348 395 2437 451 ET
2472 395 2783 452 PAULLI“.

3425 395 3528 452 1Ἱο

208 515 346 562 νειν,
374 494 484 550 ἀπὸ
509 497 662 550 αἴνου
690 497 750 552 δὲ
785 498 1238 571 ἐγκρατεύεσθαι.
1276 497 1508 572 Διώριζε
1535 499 1594 554 δὲ
1624 499 1744 572 ἅμα
1763 499 1828 555 τὰ

1936 501 2296 577 Pythagoras.
2331 507 2477 565 Idem
2511 523 2633 578 quae
2665 507 2736 563 ab
2770 507 2899 562 luna
2936 522 3157 565 sursum
3183 516 3404 579 patent,
3438 511 3534 564 im-

214 591 324 644 ἀπὸ
356 587 617 660 σελήνης,
644 591 744 644 καί⁸
769 591 840 645 τὰ
866 592 978 647 ἄνω
1005 592 1252 647 ἀθάνατα
1280 591 1478 662 λέγων,
1507 591 1578 646 τὰ
1605 592 1662 646 δὲ
1699 593 1832 647 ὑπο-

214 684 371 736 κάτω
412 680 608 750 θνητὰ,
665 683 1081 753 μεταγγισμούς
1123 700 1182 736 τε
1211 682 1400 753 ψυχῶν
1427 682 1536 736 ἀπὸ
1565 684 1831 754 σωμάτων

215 777 300 837 εἰς
324 772 578 842 σώματα,
604 772 737 844 ἄχρι
765 772 919 837 ζώων
944 774 1039 828 καὶ
1061 775 1368 828 κνωδάλων.
1399 774 1614 846 Σιωπὴν
1637 775 1693 828 δὲ
1715 776 1832 845 ἅμα

215 867 414 918 ἀσκεῖν
437 864 535 918 ἐπὶ
560 865 756 935 χρόνον
781 865 942 919 πέντε
960 866 1098 920 ἐτῶν
1128 866 1395 920 ἐδίδασκε.
1425 867 1499 920 Τὸ
1524 867 1832 920 τελευταῖον

215 957 275 1008 δὲ
301 956 501 1009 ἑαυτὸν
529 956 652 1009 θεὸν
698 956 969 1027 ὠνόμασε.

293 1049 646 1101 Πλατωνικοὶ
675 1049 830 1116 Θεὸν,
858 1051 953 1104 καὶ
978 1044 1140 1112 εἶδος,
1167 1050 1260 1103 καὶ
1285 1046 1379 1103 τὸν
1407 1049 1612 1120 κόσμον
1640 1065 1831 1120 γεννηι

217 1143 312 1193 τὸν
343 1142 444 1193 καὶ
475 1140 720 1212 φθαρτὸν
755 1143 1044 1218 ὑπάρχειν,
1070 1144 1169 1213 τὴν
1205 1142 1383 1216 ψυχὴν
1421 1143 1478 1196 δὲ
1511 1142 1828 1212 ἀγέννητον,

218 1234 319 1286 καὶ
351 1233 647 1300 ἀθάνατον,
690 1236 784 1288 καὶ
825 1235 990 1288 θείαν.
1029 1231 1182 1288 Εἶναι
1208 1236 1266 1288 δὲ
1309 1235 1482 1306 αὐτῆς
1505 1235 1633 1306 τρία
1665 1235 1827 1306 μέρη,

217 1324 479 1393 λογικὸν,
521 1325 783 1396 θυμικὸν,
828 1325 1245 1398 ἐπιθυμητικόν.
1302 1327 1414 1390 Τὰς
1461 1327 1519 1379 δὲ
1565 1332 1831 1397 γυναῖκας

218 1419 415 1482 κοινὰς
449 1421 563 1481 τοῖς
588 1421 722 1471 πᾶσι
756 1418 1024 1486 γίνεσθαι,
1051 1419 1146 1471 καὶ
1178 1419 1383 1490 μηδένα
1405 1420 1533 1490 μίαν
1559 1418 1704 1490 ἔχειν
1735 1437 1831 1488 γα-

221 1512 401 1581 μετὴν
449 1510 607 1575 ἰδίαν,
648 1511 784 1564 ἀλλὰ
835 1512 962 1575 τοὺς
1001 1511 1259 1574 θέλοντας
1304 1514 1427 1574 ταῖς
1476 1511 1831 1582 βουλομέναις

220 1606 491 1656 συνεῖναι.
544 1602 936 1673 Μεταγγισμὸν
982 1602 1039 1655 δὲ
1073 1603 1337 1666 ὡσαύτως
1379 1601 1568 1673 ψυχῶν
1612 1603 1692 1666 είς
1726 1602 1832 1654 σώ-

219 1713 381 1766 ματα
412 1695 669 1765 διάφορα,
710 1695 838 1766 ἄχρι
872 1693 1177 1749 κνωδάλων.
1247 1694 1416 1766 Ὁμοῦ
1445 1694 1501 1748 δὲ
1545 1695 1640 1748 καὶ
1673 1694 1830 1759 θεοὺς

217 1789 290 1842 ὲκ
315 1787 413 1842 τοῦ
437 1788 557 1851 ἐνὸς
582 1772 1176 1858 πολλοὺςὲδογμάτισε.

295 2078 536 2132 Στωϊκοὶ
570 2078 729 2150 σῶμα
767 2078 828 2130 τὸ
855 2079 965 2132 πᾶν
997 2076 1437 2148 δογματίζοντες,
1475 2075 1569 2130 καὶ
1611 2074 1702 2130 τὸν
1742 2074 1828 2130 αἰ-

221 2168 429 2239 σθητὸν
449 2169 639 2221 τοῦτον
657 2168 861 2239 κόσμον
877 2167 1011 2220 Θεὸν
1029 2166 1360 2236 νομίζοντες.
1385 2164 1616 2228 Τινὲςδὲ
1643 2165 1708 2216 ὲκ
1728 2164 1828 2234 τῆς

221 2259 318 2313 τοῦ
351 2259 531 2331 πυρὸς
556 2260 742 2322 οὐσίας
766 2259 865 2331 τὴν
900 2259 1060 2328 φύσιν
1089 2257 1234 2329 ἔχειν
1257 2257 1422 2312 αὐτὸν
1453 2257 1823 2328 ἀπεφήναντο.

223 2352 337 2404 Καὶ
369 2351 462 2404 τὸν
489 2351 589 2421 μὲν
605 2350 736 2403 Θεὸν
758 2349 884 2403 νοῦν
900 2350 1163 2421 ὁρίζουσι,
1195 2349 1290 2402 καὶ
1313 2347 1390 2412 ὡς
1415 2346 1594 2418 ψυχὴν
1627 2346 1829 2410 παντὸς

220 2442 318 2496 τοῦ
352 2444 510 2506 ὄντος
541 2442 757 2510 κύτους,
801 2441 1034 2513 οὐρανοῦ
1061 2441 1157 2496 καὶ
1186 2440 1291 2510 γῆς
1313 2457 1326 2471 ⁸
1367 2440 1528 2510 σῶμα
1570 2440 1627 2493 δὲ
1660 2439 1826 2494 αὐτοῦ

221 2536 286 2588 τὸ
320 2538 456 2599 πᾶν,
500 2535 576 2597 ὡς
613 2534 775 2606 ἔφην,
834 2535 931 2588 καὶ
963 2534 1283 2605 ὀφθαλμοὺς
1328 2533 1456 2598 τοὺς
1509 2534 1824 2605 φωστῆρας.

225 2628 340 2697 Τὴν
357 2627 416 2680 δὲ
440 2627 620 2699 σάρκα
640 2627 857 2679 πάντων
879 2626 1234 2688 ἀπόλλυσθαι,
1259 2625 1353 2679 καὶ⁸
1373 2624 1470 2696 τὴν
1490 2624 1667 2697 ψυχὴν
1692 2625 1830 2679 πάν·

221 2732 333 2773 των
365 2717 802 2790 μεταγγίζεσθαι
829 2718 937 2773 ἀπὸ
965 2717 1216 2790 σώματος
1242 2719 1322 2781 εὶς
1350 2716 1527 2787 σῶμα.

309 2894 681 2966 Ἐπικούρειοι
712 2896 892 2965 ἄτομα
920 2894 1015 2948 καὶ
1040 2893 1221 2965 ἀμερῆ
1254 2893 1505 2964 σώματα,
1527 2891 1827 2964 ὁμοιομερῆ

225 3005 284 3040 τε
315 2989 413 3040 καὶ
442 2988 647 3060 ἄπειρα
679 2988 779 3058 τὴν
808 2986 983 3058 ἀρχὴν
1022 2982 1162 3040 εἶναι
1191 2984 1300 3039 τῶν
1341 2985 1558 3040 πάντων
1587 2985 1827 3054 ὑπεστή-

228 3099 415 3145 σαντο,
457 3081 554 3134 καὶ
586 3081 737 3143 τέλος
769 3075 911 3134 εἶναι
951 3079 1300 3151 εὐδαιμονίας
1341 3077 1440 3149 τὴν
1478 3077 1671 3149 ἡδονὴν
1717 3078 1830 3132 εδο-

225 3175 527 3244 τματισαν,
550 3173 643 3226 καὶ
665 3174 808 3245 μήτε
824 3173 956 3228 Θεὸν
981 3174 1118 3245 μήτε
1143 3172 1406 3245 Πρόνοιαν
1434 3169 1505 3224 τὰ
1529 3171 1829 3243 πράγματα

220 3266 473 3320 διοικεῖν.

298 3356 762 3428 Σαμαρειτισμὸς,
805 3354 901 3410 ικαὶ
943 3357 990 3409 οί
1031 3357 1124 3410 ἀπ’
1172 3355 1337 3409 αὑτοῦ
1381 3357 1744 3426 Σαμαρεῖται,
1799 3354 1828 3407 ὃ

223 3446 379 3500 ἐστιν
413 3448 522 3500 ἀπὸ
558 3446 918 3520 Ἰουδαῖσμοῦ,
943 3447 1050 3519 πρὸ
1076 3447 1175 3518 μὲν
1193 3446 1288 3501 τοῦ
1311 3445 1650 3516 καταστῆναι
1677 3444 1830 3514 αἱρέ-

227 3557 342 3602 σεις
379 3542 461 3603 είς
492 3539 780 3609 Ἕλληνας,
813 3540 907 3593 καὶ
955 3540 1059 3612 πρὸ
1091 3539 1185 3592 τοῦ
1223 3539 1490 3610 συστῆναι
1535 3539 1714 3594 αὐτῶν
1761 3538 1830 3595 τὰ

225 3631 478 3701 δόγματα
501 3647 515 3660 ο
555 3630 693 3700 μετὰ
719 3631 775 3684 δὲ
801 3629 894 3684 τοῦ
918 3626 1058 3685 εἶναι
1088 3631 1358 3702 Ἑλλήνων
1383 3631 1483 3702 τὴν
1508 3631 1824 3703 θρησκείαν,

226 3723 323 3773 καὶ
367 3722 534 3792 μέσον
577 3721 671 3774 τοῦ
731 3721 1070 3794 Ἰουδαϊσμοῦ
1119 3723 1220 3794 τὴν
1261 3723 1535 3794 πρόφασιν
1566 3722 1824 3793 εἰληφὼς,

223 3812 336 3865 ἀπὸ
385 3812 494 3864 τῶν
525 3812 733 3883 χρόνων
768 3812 1245 3885 Ναϐουχοδονόσορ
1285 3813 1380 3866 καὶ
1420 3814 1519 3884 τῆς
1553 3813 1661 3866 τῶν
1695 3814 1826 3866 Ἰου-

225 3905 394 3958 δαίων
420 3904 816 3975 αίχμαλωσίας.
851 3905 1112 3958 Μέτοικοι
1133 3905 1188 3958 δὲ
1210 3905 1361 3969 ὄντες
1392 3905 1500 3960 ἀπὸ
1528 3905 1827 3978 Ἀσσυρίων

227 4000 308 4062 είς
337 3998 440 4066 τὴν
477 3997 757 4060 Ἰουδαίαν,
790 3997 883 4050 καὶ
917 3996 1176 4062 λαϐόντες
1209 3997 1307 4069 τὴν
1338 3997 1708 4067 Πεντὰτευχον
1742 3997 1831 4068 μό·

227 4107 325 4158 νην
371 4088 674 4155 Μωῦσέως,
714 4088 808 4143 τοῦ
852 4088 1120 4159 βασιλέως
1173 4089 1360 4152 αὐτοῖς
1408 4087 1830 4151 ἀποστείλαντος

228 4182 337 4234 ἀπὸ
379 4181 700 4246 Βαϐυλῶνος
739 4181 827 4234 διὰ
878 4182 1069 4254 ἱερέως
1106 4181 1313 4252 Ἔσδρα
1357 4179 1714 4250 καλουμένου,
1761 4179 1830 4233 τὰ

230 4271 411 4324 πάντα
432 4270 649 4341 ἔχοντές
675 4273 813 4324 εἰσιν
838 4271 1130 4336 Ἰουδαίων,
1157 4271 1297 4341 πλὴν
1317 4269 1412 4323 τοῦ
1449 4267 1828 4341 βδελύττεσθαι
1857 4339 1860 4342 _

225 4364 296 4417 τὰ
325 4365 478 4435 ἔθνη,
526 4365 621 4418 καὶ
671 4365 809 4436 μήτε
853 4364 1188 4436 προσψαύειν
1221 4362 1404 4427 τινῶν,
1442 4362 1535 4416 καὶ¹
1557 4361 1694 4432 πλὴν
1733 4359 1827 4413 τοῦ

229 4456 519 4526 ἀρνεῖσθαι
556 4455 764 4527 νεκρῶν
805 4457 1122 4522 ἀνάστασιν,
1160 4455 1258 4518 τὰς
1299 4454 1466 4518 ἄλλας
1492 4451 1830 4526 προφητείας

228 4548 327 4610 τὰς
385 4547 527 4618 μετά
566 4547 826 4601 Μωῦσὲα.
883 4547 1240 4619 Σαμαρειτῶν
1275 4547 1330 4599 δὲ
1384 4546 1512 4617 ἔθνη
1561 4545 1828 4616 τέσσαρα,

230 4640 270 4691 Γ
272 4640 519 4710 ορθηνοὶ,
556 4640 606 4692 οἱ
652 4642 709 4692 ὲν
748 4639 928 4703 ἄλλοις
953 4642 1167 4711 καιροῖς
1212 4640 1312 4703 τὰς
1360 4639 1556 4709 ἑορτὰς
1602 4638 1828 4706 ἄγοντες

232 4732 383 4803 παρὰ
407 4734 533 4796 τοὺς
562 4731 878 4802 Ἐὅραίουςο
916 4732 1216 4794 Σεϐουαῖοι,
1243 4732 1294 4784 οἱ
1326 4731 1415 4786 διὰ
1445 4730 1616 4800 αὐτὴν
1644 4730 1826 4782 αἰτίαν

231 4825 338 4877 τῶν
366 4823 574 4895 ἑορτῶν
597 4824 732 4895 πρὸς
763 4824 890 4889 τοὺς
908 4825 1215 4897 Γορθηνοὺς
1249 4822 1658 4893 διαφερόμενοι’
1703 4821 1826 4874 Ἐσ-

234 4919 411 4987 σηνοὶ,
443 4917 566 4987 μηδ’
589 4919 870 4990 ὁποτέροις
892 4915 1136 4972 ὲναντιού
1145 4932 1317 4987 μενοι,
1336 4917 1448 4978 τοῖς
1464 4914 1522 4967 δὲ
1543 4931 1820 4984 παρατυγ-

232 5012 458 5081 χάνουσι
509 5012 961 5084 συνεορτάζοντες
1009 5011 1345 5081 ἀδιαφόρως·
1401 5008 1676 5073 Δοσίθεοι,
1715 5011 1828 5071 τοῖς

233 5105 420 5166 αὐτοῖς
457 5102 655 5168 ἔθεσιν,
697 5101 788 5158 οἷα
812 5105 877 5175 δὴ
920 5105 1279 5176 Σαμαρεῖται,
1319 5101 1822 5174 ὲμπολιτευὸμενοι,

237 5197 508 5265 περιτομῇ
539 5213 598 5248 τε
632 5197 728 5250 καὶ
755 5195 1026 5266 Σαϐϐάτῳ
1054 5196 1150 5249 καὶ⁵
1176 5197 1290 5257 τοῖς
1318 5195 1520 5256 ἄλλοις,
1551 5191 1826 5264 χρώμενοί

235 5302 289 5336 τε
325 5287 394 5356 τῇ
433 5285 792 5356 Πεντατεύχῳ
814 5303 828 5317 ’
879 5285 1262 5356 περιττότερον
1296 5284 1352 5338 δὲ
1379 5283 1486 5337 τῶν
1519 5283 1694 5340 ἄλλων
1723 5301 1825 5351 φυ-

236 5376 518 5441 λάττοντες
548 5377 609 5430 τὸ
648 5378 951 5449 ἀπέχεσθαι
999 5377 1282 5448 ἐμψύχων,
1319 5375 1412 5428 καὶ
1449 5377 1506 5427 ὲν
1549 5374 1826 5442 νηστείαις

237 5475 282 5528 6‘:—
318 5473 693 5544 συνεχέστατα
725 5472 906 5543 βιοῦν
945 5473 1126 5544 ἔχουσι
1149 5471 1206 5523 δὲ
1237 5469 1334 5522 καὶ
1356 5467 1654 5540 παρθενίαν
1682 5466 1826 5529 τινες

133 5627 144 5640 ,
236 5567 433 5630 αὐτῶν,
458 5564 886 5636 ἐγκρατεύονται
909 5565 968 5617 δὲ
993 5562 1164 5629 ἄλλοι,
1191 5559 1510 5614 πιστεύουσί
1528 5575 1588 5612 τε
1616 5556 1826 5629 νεκρῶν

236 5662 550 5725 ἀνάστασιν,
582 5660 720 5729 ὅπερ
753 5656 898 5720 ξενον
920 5655 1037 5709 ἐστὶ
1059 5652 1448 5726 Σαμαρείταις.

1930 599 2219 667 mortalia;
2280 615 2402 670 quae
2451 601 2712 656 inferiora
2769 609 2918 665 sunt,
2986 601 3244 656 morta‘lia
3291 602 3528 658 dicebat.

1858 758 1864 763 .
1931 691 2160 746 Animas
2186 706 2217 746 e
2245 692 2572 762 corporibus
2613 693 2667 747 in
2700 693 2805 747 alia
2837 709 3094 765 corpora,
3127 695 3292 750 etiam
3325 695 3532 750 anima-

1932 783 2065 838 lium
2081 798 2143 838 ac
2158 783 2484 851 bestiarum,
2509 786 2842 840 transfundi.
2869 786 2948 841 Ad
2971 787 3086 841 haec
3117 787 3531 858 quinquennale

1931 871 2152 927 interim
2190 873 2468 929 silentium
2506 875 2787 931 observari
2823 878 3112 948 praecepit;
3150 893 3214 933 ac
3248 886 3530 949 postremo

1931 965 2092 1020 deum
2125 966 2314 1021 haberi
2348 983 2408 1022 se
2438 968 2633 1022 voluit.

2001 1055 2271 1112 Platonici
2303 1057 2492 1124 Deum,
2524 1067 2578 1114 et
2614 1061 2894 1114 materiam
2916 1101 2930 1125 ,
2965 1076 3028 1115 ac
3057 1060 3290 1115 formam
3327 1063 3532 1117 consti-

1927 1159 2175 1207 tuerunt.
2191 1151 2454 1208 Mundum
2471 1155 2739 1224 genitum,
2755 1169 2817 1208 ac
2833 1155 3175 1225 corruptioni
3191 1155 3525 1210 obnoxium:

1932 1245 2171 1299 animam
2221 1246 2554 1317 ingenitam,
2605 1255 2660 1302 et
2717 1247 3112 1314 immortalem,
3171 1262 3238 1301 ac
3285 1247 3526 1302 divinam

1931 1336 2186 1391 arbitrati
2223 1345 2375 1394 sunt.
2425 1337 2604 1408 Hujus
2649 1346 2762 1396 tres
2803 1354 2931 1394 esse
2976 1347 3159 1409 partes
3193 1357 3206 1393 :
3243 1353 3407 1394 unam
3447 1351 3530 1393 ra-

1930 1431 2083 1485 tione
2122 1431 2440 1500 prteditam;
2490 1433 2719 1487 alteram
2763 1447 2870 1502 qua
2913 1431 3242 1499 irascimur;
3287 1432 3524 1494 tertiam,

1931 1539 2039 1594 qua
2089 1525 2559 1596 concupiscimus.
2617 1525 2954 1580 Communes
3013 1525 3272 1579 omnibus
3333 1538 3530 1579 uxores

1931 1629 2055 1671 esse
2088 1616 2295 1682 voluit;
2333 1631 2492 1671 nemo
2521 1624 2582 1670 ut
2613 1619 2881 1686 privatam
2913 1615 3212 1679 obtineret,
3248 1630 3310 1669 ac
3343 1613 3533 1685 praeci.

1931 1719 2132 1774 puam;
2167 1704 2264 1761 sed
2297 1714 2351 1759 ut
2391 1706 2626 1776 quilibet
2656 1721 2889 1775 quarum
2923 1706 3085 1761 vellet
3110 1706 3329 1776 copiam
3368 1704 3532 1759 hahe-

1932 1807 2036 1854 ret.
2062 1798 2209 1854 ldem
2234 1799 2545 1854 animarum
2575 1801 2627 1854 in
2655 1801 2806 1854 varia
2838 1815 3094 1870 corpora,
3129 1800 3295 1854 etiam
3327 1800 3531 1854 bestia-

1863 1893 1905 1948 B
1935 1905 2079 1955 rum,
2107 1892 2373 1947 transitus
2404 1891 2726 1947 atiirmabat.
2770 1892 2911 1948 Deos
2950 1892 3188 1962 denique
3212 1892 3529 1961 complures

1936 1983 2004 2038 ab
2036 1998 2146 2038 uno
2173 1999 2295 2038 esse
2331 1983 2650 2054 productos.

2009 2073 2182 2130 Stoici
2213 2090 2415 2146 corpus
2450 2079 2767 2133 universum
2823 2093 2947 2134 esse
2982 2076 3272 2143 definiunt,
3301 2084 3356 2132 et
3378 2091 3532 2147 aspe-

1936 2165 2190 2222 ctabilem
2213 2167 2361 2224 hunc
2390 2169 2654 2223 mundum
2692 2168 2862 2224 Deum
2903 2184 3027 2225 esse
3072 2177 3339 2224 statuunt.
3381 2167 3530 2222 Non-

1937 2258 2071 2312 nulli
2109 2259 2274 2313 etiam
2315 2276 2378 2314 ex
2422 2261 2546 2331 igne
2582 2269 2835 2315 naturam
2869 2262 3014 2316 illius
3050 2271 3306 2316 constare
3341 2259 3532 2315 defen-

1936 2351 2095 2406 dunt.
2130 2351 2300 2406 Deum
2333 2353 2534 2424 quippe
2562 2362 2800 2409 mentem
2834 2369 2958 2410 esse
2988 2361 3202 2424 putant,
3231 2369 3295 2408 ac
3326 2353 3530 2408 vastisc

1937 2444 2092 2500 sima:
2123 2444 2290 2499 totius
2320 2447 2500 2510 molis,
2529 2446 2653 2500 coeli
2679 2455 2949 2517 terrmque
2969 2447 3240 2509 videlicet,
3266 2445 3528 2500 animam.

1937 2530 2110 2600 Citius
2139 2546 2342 2601 corp-us
2365 2572 2380 2597 ,
2421 2541 2480 2587 ut
2523 2533 2674 2597 dixi,
2716 2542 2892 2589 totum
2934 2535 3038 2589 hoc
3069 2535 3141 2591 sit
3171 2535 3489 2589 universum
3511 2572 3529 2599 ,

1936 2625 2085 2680 oculi
2137 2640 2268 2680 vero
2317 2626 2518 2680 sidera.
2595 2627 2853 2683 Omnium
2905 2628 3135 2683 interire
3181 2643 3430 2696 carnem,
3474 2635 3533 2684 et

1937 2717 2178 2772 animam
2217 2720 2272 2773 in
2311 2719 2532 2775 diversa
2571 2721 2810 2777 transire
2855 2736 3086 2792 corpora
3147 2721 3251 2776 sibi
3302 2736 3532 2792 persua-

1937 2807 2088 2864 dent.

2011 2893 2265 2965 Epicurei
2307 2906 2521 2956 atomos
2557 2907 2613 2955 et
2656 2899 2934 2956 individua
2981 2917 3211 2973 corpora
3261 2902 3533 2958 similibus

1936 2986 2246 3039 constantia
2303 2991 2574 3057 partibus,
2636 2999 2689 3046 et
2744 2991 2980 3060 inﬁnita,
3038 3009 3220 3047 rerum
3283 2993 3528 3048 omnium

1936 3075 2288 3146 principium,
2343 3094 2466 3134 esse
2523 3080 2849 3136 docuerunt.
2909 3081 3196 3138 Summum
3237 3083 3442 3138 bonum
3472 3081 3530 3136 in

1938 3167 2217 3239 voluptate
2243 3179 2548 3240 posuerunt
2575 3188 2592 3227 :
2622 3171 2791 3228 Deum
2826 3189 2890 3228 ac
2919 3173 3325 3230 Providentiam
3351 3177 3422 3230 ab
3443 3191 3530 3232 re-

1939 3276 2059 3316 rum
2083 3261 2556 3318 administratione
2581 3266 2946 3320 sustulerunt.

2009 3351 2462 3422 Samaritismus,
2501 3363 2554 3410 et
2591 3354 2898 3411 Samaritm.
2941 3355 3117 3426 llujus
3153 3357 3220 3410 ab
3245 3356 3530 3414 Judaismo

1928 3443 2085 3514 origo
2124 3444 2437 3512 deducitur,
2487 3461 2609 3516 quae
2657 3456 2932 3502 sectarum
2983 3447 3128 3516 apud
3176 3445 3398 3503 Graecos
3444 3448 3530 3502 di-

1927 3535 2144 3599 vortiis,
2172 3543 2227 3591 et
2257 3551 2447 3590 earum
2478 3535 2716 3592 decretis
2759 3552 2824 3592 ac
2857 3537 3208 3608 dogmatibus
3253 3540 3530 3610 antiquior

1927 3635 2033 3683 est:
2071 3627 2388 3683 Graecorum
2434 3644 2598 3699 porro
2642 3630 3091 3700 superstitionem
3134 3633 3439 3701 complexa,
3477 3642 3532 3687 et

1929 3733 2054 3773 cum
2094 3718 2340 3776 Judaicis
2373 3721 2718 3792 dogmatibus
2751 3723 2934 3792 aliqua
2981 3738 3047 3778 ex
3069 3731 3226 3793 parte
3265 3725 3524 3787 miscens.

1930 3805 2023 3859 illa
2055 3815 2205 3861 secta
2242 3807 2392 3860 circa
2421 3806 2957 3862 Nabuchodonozori
2997 3816 3050 3863 et
3081 3807 3324 3862 Judaicm
3347 3809 3525 3878 capti-

1929 3897 2115 3952 vitatis
2156 3906 2402 3968 tempora
2437 3899 2668 3969 prodiit.
2710 3897 2877 3953 Primi
2917 3908 3080 3954 sectae
3108 3899 3425 3954 conditores
3462 3913 3530 3953 ex

1929 3988 2174 4059 Assyriis
2204 3989 2258 4043 in
2295 3987 2539 4045 Iudaeam
2587 3991 2949 4061 transportati
2985 3992 3232 4061 quinque
3260 3990 3531 4044 duntaxat

1932 4080 2135 4152 Moysis
2165 4081 2335 4137 libros
2361 4092 2714 4152 acceperunt,
2757 4099 2897 4153 quos
2936 4100 3032 4153 per
3073 4083 3302 4138 Esdram
3349 4097 3531 4138 sacer-

1930 4169 2112 4224 dotem
2141 4184 2236 4224 rex
2263 4169 2332 4224 ad
2378 4170 2502 4224 illos
2536 4169 2812 4242 Babylone
2843 4172 3196 4226 submiserat.
3218 4170 3405 4240 Itaque
3425 4185 3531 4224 cce-

1931 4269 2048 4316 tera
2087 4261 2294 4316 habent
2324 4276 2449 4315 cum
2479 4261 2688 4317 Judaeis
2717 4263 3031 4316 communia
3063 4279 3076 4315 :
3129 4262 3176 4317 si
3223 4262 3328 4317 hoc
3359 4279 3528 4316 unum

1932 4353 2196 4423 excipias,
2233 4352 2379 4424 quod
2397 4362 2452 4408 et
2472 4361 2663 4424 gentes
2698 4354 3108 4419 abominentur,
3143 4371 3321 4424 neque
3337 4370 3527 4424 quem-

1931 4459 2095 4513 quam
2137 4444 2456 4514 contingere
2497 4444 2668 4498 velint
2703 4464 2714 4498 :
2751 4444 3005 4514 quodque
3047 4453 3391 4498 mortuorum
3439 4458 3528 4498 re.

1935 4536 2366 4600 sur-rectionem,
2415 4551 2478 4591 ac
2526 4546 2755 4592 czetcras
2787 4544 2910 4606 post
2945 4535 3169 4608 Moysen
3209 4535 3528 4606 prophetias

1934 4630 2212 4701 rejieiunt.
2245 4629 2716 4685 Samaritanorum
2742 4638 2827 4684 est
2859 4630 3023 4685 factio
3049 4631 3223 4688 divisa
3254 4632 3310 4685 in
3344 4637 3527 4702 partes

1935 4734 2195 4796 quatuor.
2227 4723 2398 4778 Primi
2429 4732 2559 4780 sunt
2588 4723 2876 4790 Gortheui,
2915 4723 3007 4794 qui
3038 4723 3209 4778 festos
3235 4723 3353 4778 dies
3379 4721 3525 4786 aliis,

1935 4833 2098 4888 quam
2152 4816 2384 4881 Hebr-(ci,
2419 4816 2760 4884 temporibus
2811 4815 3080 4868 indicunt.
3134 4813 3240 4866 Alii
3294 4812 3529 4875 Sebuwi,

1936 4909 2030 4977 qui
2083 4909 2153 4962 ob
2205 4909 2454 4962 eamdem
2508 4908 2772 4963 festorum
2827 4908 3040 4961 dierum
3103 4905 3451 4960 occasionem
3499 4919 3530 4955 a

1937 4999 2235 5055 Gortbcnis
2300 4998 2658 5054 dissentiunt.
2720 4997 2893 5053 Tertii
2949 5005 3078 5055 sunt
3143 4995 3372 5060 Esseni,
3435 4995 3527 5063 qui

1938 5091 2118 5146 neutri
2148 5089 2290 5159 parti
2333 5098 2664 5160 repugnant,
2700 5089 2795 5144 sed
2833 5105 2958 5143 cum
3001 5090 3091 5153 iis,
3127 5089 3185 5143 in
3217 5101 3356 5156 quos
3393 5083 3531 5139 inci-

1937 5183 2140 5250 derint,
2186 5182 2305 5238 sine
2363 5183 2476 5235 ullo
2537 5181 2860 5239 discrimine
2907 5183 3045 5236 festa
3092 5184 3376 5249 peragunt.
3424 5175 3532 5229 Po-

1938 5275 2125 5329 stremi
2152 5280 2280 5327 sunt
2301 5271 2540 5328 Dosithei
2562 5291 2574 5328 :
2596 5273 2690 5342 qui
2709 5272 2924 5335 iisdem,
2945 5271 3147 5340 quibus
3168 5266 3530 5333 Samaritani,

1938 5363 2204 5420 institutis
2232 5371 2463 5417 utuntur
2501 5381 2513 5416 :
2543 5363 3024 5418 circumcisionem
3045 5401 3060 5426 ,
3093 5361 3426 5426 Sabbatum,
3465 5375 3532 5416 ac

1935 5465 2152 5523 caetera,
2211 5457 2510 5527 itidemque
2559 5453 2989 5510 Pentateuchum
3040 5453 3324 5509 adhibent.
3376 5451 3529 5506 Prae-

1935 5552 2096 5622 cipue
2132 5565 2285 5617 vero,
2325 5564 2388 5606 ac
2430 5564 2545 5620 prae
2595 5547 2826 5619 reliquis
2869 5547 3128 5605 omnibus
3157 5547 3260 5603 sibi
3303 5546 3372 5600 ab
3409 5545 3528 5597 aui-

1937 5644 2096 5697 matis
2136 5650 2464 5713 temperant,
2507 5657 2570 5696 ac
2608 5647 2873 5712 perpetuo
2914 5640 3028 5696 fere
3071 5639 3346 5710 jejunant.
3385 5633 3528 5690 Sunt

237 5752 372 5808 inter
410 5754 560 5816 illos,
606 5752 698 5821 qui
737 5751 1105 5822 virginitatem
1152 5749 1360 5814 colunt,
1414 5745 1506 5802 alii
1552 5742 1966 5802 continentiam.
2000 5739 2430 5798 liesurrccturos
2490 5753 2615 5795 esse
2667 5745 2914 5793 mortuos
2949 5737 3219 5803 credunt;
3282 5731 3429 5804 quod
3499 5742 3530 5786 ο

240 5845 713 5902 Samaritanorum
743 5843 997 5916 dogmate
1034 5842 1316 5897 abhorret.

558 5941 837 6000 PATROL.’
869 5938 984 6000 Gn.
1024 5935 1189 5996 XLI.

3210 5917 3248 5976 6
