4058 6448
645 385 738 436 171

642 593 776 663 legis
805 593 988 663 periti,
1014 601 1066 648 et
1094 593 1449 648 traditionum
1470 635 1485 660 ,
1509 608 1648 663 quas
1671 607 1700 645 a
1748 592 2052 662 majoribus
2076 607 2232 645 acce—

645 690 838 751 perant
867 682 1242 753 (δευτερώσεις
1285 683 1594 753 vocabant),
1633 682 2018 737 observatores
2058 681 2232 746 fuere,

645 786 708 825 ac
737 773 875 828 ritus
905 787 1097 829 omnes
1140 774 1579 843 superstitiosius
1609 773 1823 829 caeteris
1842 813 1856 837 ,
1893 773 2238 844 diligentius-

642 879 750 933 que
782 874 1120 919 tenueruut:
1169 881 1310 935 quos
1358 879 1468 919 non
1519 881 1549 919 e
1599 866 1714 934 lege
1753 864 2089 932 didiceram,
2142 866 2236 920 sed

643 955 1022 1025 sibimetipsis,
1055 964 1314 1027 tanquam
1342 957 1574 1027 iustitia:
1609 957 1747 1028 legis
1777 957 2088 1028 singulares
2118 961 2237 1014 cul-

643 1059 751 1116 tus,
786 1066 850 1105 ac
880 1051 1239 1120 caeremonias
1269 1051 1598 1106 indixerant.

709 1125 992 1206 Pharisaei,
1019 1155 1158 1211 quos
1186 1151 1487 1212 segregatos
1532 1142 1880 1214 interpretari
1898 1143 2113 1214 possis,
2143 1144 2236 1214 qui

638 1232 1048 1288 sanctissimam
1074 1234 1196 1288 vita:
1230 1236 1497 1289 rationem
1530 1234 1787 1305 professi,
1823 1236 2097 1306 probitate
2129 1252 2236 1290 ca:-

639 1323 772 1378 teris
801 1323 1129 1379 antecellere
1159 1324 1507 1380 videbantur.
1552 1324 1892 1380 Mortuorum
1941 1325 2083 1395 apud
2116 1326 2239 1380 illos

638 1417 1004 1481 resurrectio,
1033 1425 1171 1473 utet
1210 1417 1355 1488 apud
1387 1417 1639 1482 Scribas,
1679 1416 1994 1473 defenditur
2023 1437 2036 1473 :
2075 1418 2238 1474 iidem

641 1509 901 1578 angelos,
957 1525 1020 1564 ac
1054 1509 1319 1580 Spiritum
1371 1517 1623 1565 sanctum
1682 1525 1806 1566 esse
1857 1526 1968 1566 non
2012 1519 2235 1582 negant.

645 1599 780 1657 Vitae
802 1602 1064 1658 eximium
1103 1603 1415 1659 institutum
1448 1618 1560 1672 prae
1593 1619 1653 1658 se
1689 1602 1889 1658 ferunt.
1935 1603 2240 1659 Continen-

642 1695 775 1747 tiam
820 1703 1032 1749 certum
1080 1695 1147 1750 ad
1205 1705 1454 1764 tempus,
1486 1709 1550 1748 ac
1603 1695 1968 1764 virginitatem
2019 1710 2239 1766 quoque

643 1786 973 1856 suscipiunt.
1010 1786 1098 1843 Bis
1126 1787 1466 1843 hebdomade
1483 1800 1702 1858 quaque
1723 1787 1999 1858 jejunare,
2021 1803 2237 1853 ureeos,

1380 381 1726 438 'EPIPHANII
1752 378 2198 438 RESCRIPTUM
2230 381 2318 434 AD
2349 379 2651 436 ACACIUM
2694 379 2780 437 ET
2819 380 3104 439 PAULUM
3802 394 3882 450 ΓΗ

713 499 1027 556 Judaeorum
1045 509 1206 557 sectae
1226 516 1454 557 numero
1476 510 1705 573 septem.
1724 503 1796 555 Ac
1816 501 1991 571 primo
2011 499 2236 565 Scribm,
2273 505 2314 560 Α

2429 500 2698 554 Ἰουδαίων
2730 501 2969 572 αἱρέσεις
3001 501 3171 555 ὲπτά·
3200 501 3571 574 Γραμματεϊς,
3610 503 3789 568 οἵτινες
3817 526 3885 561 νο-

2348 595 2498 662 μικοὶ
2542 593 2642 663 μὲν
2690 590 2853 664 ἦσαν,
2909 594 3004 647 καὶ
3052 593 3383 664 δευτερωταὶ
3433 595 3766 666 παραδόσεων
3796 599 3886 653 τῶν

2345 686 2475 755 παρ’
2505 685 2687 747 αὐτοῖς
2721 685 3131 756 πρεσϐυτέρων,
3163 688 3228 756 τῇ
3257 687 3610 758 περιττοτέρᾳ
3637 687 3887 761 ἐθελοθρη-

2348 775 2502 846 σκείᾳ
2524 774 2620 845 ἔθη
2654 775 3038 843 φυλάττοντες,
3081 775 3115 829 ἂ
3142 773 3204 829 ὀύ
3235 776 3324 830 διὰ
3355 776 3450 829 τοῦ
3478 777 3640 848 νόμου
3665 780 3889 851 μεμαθή-

2345 885 2524 931 κασιν,
2557 869 2673 921 ἀλλ’
2701 870 2915 932 ἑαυτοῖς
2949 868 3239 923 έτύπωσαν
3274 870 3596 942 σεϐάσματα
3615 870 3888 941 δικαιώμα-

2345 975 2436 1021 τος
2464 959 2561 1028 τῆς
2594 959 2938 1031 νομοθεσίας.

2415 1145 2728 1216 Φαρισαῖοι,
2784 1148 3213 1219 έρμηνευόμενοι
3275 1147 3694 1218 ἀφωρισμέναι,
3748 1148 3791 1201 οἱ
3841 1147 3888 1202 τὸ

2345 1237 2648 1308 ἀκρότατον
2684 1238 2947 1308 βιοῦντες,
2985 1240 3082 1293 καὶ
3107 1239 3266 1311 δῆθεν
3293 1241 3398 1293 τῶν
3429 1241 3605 1294 ἀλλων
3632 1239 3889 1310 δοκιμώτεο

2350 1345 2452 1399 ροι·
2483 1328 2614 1400 παρ’
2651 1325 2733 1392 οἷς
2774 1331 2865 1382 καὶ
2906 1331 3119 1401 νεκρῶν
3160 1333 3476 1393 ἀνάστασις,
3522 1332 3600 1395 ὡς
3638 1331 3728 1385 καὶ
3766 1331 3890 1401 παρᾶ

2346 1420 2456 1481 τοῖς
2486 1419 2916 1489 Γραμματεῦσι,
2957 1422 3051 1475 καὶ
3081 1423 3115 1492 ἡ
3150 1423 3276 1492 περὶ
3311 1422 3579 1490 ἀγγέλων,
3623 1423 3714 1475 καὶ
3743 1423 3888 1474 Πνεύ-

2349 1529 2518 1581 ματος
2565 1513 2747 1581 ἀγίου,
2794 1513 2877 1567 ὅτι
2927 1513 3064 1578 ἔστι,
3111 1514 3534 1582 συγκατάθεσις,
3581 1514 3812 1569 πολιτεία
3844 1531 3889 1567 τε

2343 1604 2622 1676 διάφορος,
2665 1606 2966 1679 ἐγκράτεια
2999 1606 3106 1670 ἕως
3140 1607 3356 1678 χρόνου,
3392 1606 3487 1663 καὶ
3517 1606 3790 1677 παρϐενία·
3814 1623 3890 1675 νη-

2348 1694 2499 1748 στεία
2530 1695 2586 1748 δὲ
2623 1695 2703 1760 δὶς
2741 1695 2836 1750 τοῦ
2868 1695 3172 1763 Σαϐϐάτου,
3217 1696 3421 1766 ξεστῶν
3452 1697 3792 1768 καθαρισμοὶ,
3818 1695 3889 1748 καὶ

2358 1785 2602 1839 πινάκων
2631 1788 2725 1840 καὶ
2756 1787 3054 1858 ποτηρίων,
3084 1788 3161 1852 ὡς
3190 1788 3285 1841 καὶ
3309 1789 3359 1841 οἱ
3386 1789 3754 1861 Γραμματεῖς,
3781 1788 3891 1840 ἀπο-

644 1892 708 1931 ae
739 1877 950 1943 discos,
977 1886 1030 1934 et
1061 1879 1257 1949 pocula
1303 1880 1503 1950 saepius
1548 1880 1763 1944 eluere,
1813 1888 1870 1934 ut
1923 1887 1975 1936 et
2011 1881 2238 1947 Scribae,

2347 1875 2695 1941 δεκατώσεις,
2746 1879 2837 1932 καὶ
2865 1879 3135 1950 ἀπαρχαὶ,
3171 1881 3264 1935 καὶ
3301 1881 3601 1950 ὲνδελεχεῖς
3631 1879 3794 1950 εὐχαὶ,
3819 1881 3888 1932 καὶ

643 1969 811 2023 soliti.
841 1969 922 2024 Ad
947 1970 1062 2025 haec
1105 1971 1346 2026 decimas
1382 1980 1436 2026 et
1463 1971 1732 2042 primitias
1760 1972 1990 2028 oﬂ‘erre:
2022 1974 2244 2030 assidue
2275 1995 2281 2000 ·

644 2063 855 2130 precari
891 2081 904 2116 :
941 2071 1121 2118 certos
1161 2064 1344 2120 cultus
1374 2079 1438 2118 ac
1469 2067 1854 2135 superstitiosa
1879 2067 2240 2124 vestimento-

642 2170 764 2209 rum
793 2169 992 2225 genera
1013 2156 1291 2212 curiosius
1315 2157 1570 2213 aﬂectare
1604 2177 1616 2210 :
1646 2159 1952 2227 cujusmodi
1973 2170 2102 2215 sunt
2123 2161 2243 2214 dal-

642 2243 877 2307 maticae,
926 2259 989 2298 ac
1025 2245 1261 2310 colobia,
1295 2253 1349 2301 et
1385 2247 1576 2301 latiora
1609 2248 1856 2318 quaedam
1889 2249 2240 2320 phylactcria,

644 2335 746 2388 hoc
779 2343 864 2390 est
898 2345 1199 2407 segmenta,
1233 2337 1570 2410 ﬁmbrizeque
1603 2355 1926 2410 purpureae,
1963 2357 2026 2397 ac
2065 2344 2243 2398 malo-

642 2437 870 2496 granata
901 2429 970 2483 ad
1011 2431 1243 2484 vestium
1270 2444 1400 2485 oras
1428 2445 1669 2500 appensa
1692 2471 1706 2492 .
1739 2446 1861 2502 qua:
1900 2433 2244 2503 temporariae

643 2521 790 2576 illius
824 2522 1180 2578 continentiae
1225 2523 1382 2593 signa
1415 2522 1794 2592 praeferebant.
1827 2522 1996 2578 Iidem
2031 2535 2242 2594 postre-

645 2625 734 2666 mo
762 2626 992 2681 geneses
1027 2627 1092 2665 ac
1125 2611 1299 2666 fatum
1333 2612 1775 2666 introducebaut.

719 2701 1041 2759 Sadduczeis
1069 2703 1137 2758 ab
1170 2703 1525 2758 exactissima
1545 2703 1757 2773 justitia
1779 2718 1978 2759 nomen
1995 2715 2098 2760 est.
2133 2705 2243 2771 Qui

646 2813 675 2846 ιε
708 2793 1180 2849 Samaritanorum
1212 2809 1408 2865 genere
1436 2809 1466 2847 a
1495 2795 1782 2850 sacerdote
1805 2795 2042 2864 quodam
2063 2795 2244 2850 Sadoc

646 2894 825 2940 ortum
857 2885 1186 2943 habuerunt.
1229 2885 1569 2941 Mortuorum
1602 2887 2060 2942 resurrectionem
2091 2889 2246 2942 dam-

649 2987 814 3043 nant,
856 2979 1106 3050 angelum
1159 2995 1224 3034 ac
1272 2979 1526 3050 spiritum
1577 2978 1825 3034 [traditus
1876 2987 2106 3051 negant;
2139 2994 2246 3034 ca:-

650 3082 762 3126 tera
792 3071 1104 3127 Juclreorum
1138 3072 1370 3128 similes.

718 3163 1207 3234 llemerobaptistae
1231 3164 1369 3219 nihil
1397 3166 1468 3220 ab
1499 3164 1706 3222 Judazis
1739 3162 2106 3235 praeterquam
2139 3163 2243 3217 hoc

648 3273 758 3311 uno
793 3257 1201 3327 discreparunt,
1226 3257 1374 3328 quod
1397 3259 1671 3314 neminem
1693 3265 1913 3314 aeternae
1944 3258 2068 3310 vitae
2097 3270 2246 3310 com-

649 3359 830 3420 potem
860 3365 984 3406 esse
1017 3365 1180 3422 posse
1207 3350 1473 3414 dicerent,
1497 3352 1604 3407 nisi
1635 3350 1880 3424 quotidie
1910 3350 2137 3404 lavaret.

719 3440 940 3506 Osseni,
991 3458 1228 3513 quorum
1268 3459 1468 3499 nomen
1515 3445 1921 3513 procacissime:
1953 3439 2245 3512 signiﬁcat.

650 3532 754 3600 Qui
787 3549 851 3589 ex
889 3537 1214 3605 praescripto
1243 3535 1377 3607 legis
1401 3536 1583 3590 omnia
1638 3533 1943 3601 iaciebant;
1975 3532 2072 3587 sed
2105 3546 2246 3602 prte-

651 3633 804 3682 terea
857 3623 1174 3697 Seripturas
1216 3626 1545 3683 adhibebant
1580 3646 1592 3682 :
1629 3634 1685 3684 et
1724 3642 1787 3683 ex
1846 3624 2246 3698 posterioribus

652 3716 934 3786 prephetis
966 3717 1258 3787 plerosque
1283 3717 1628 3789 rejiciebant.

725 3807 1009 3866 Nasaraeos
1070 3811 1413 3865 esstinctores
1475 3809 1825 3880 interpretari
1878 3807 2094 3880 possis,
2151 3809 2245 3880 qui

655 3901 841 3958 carnis
880 3917 983 3957 usu
1012 3917 1237 3971 prorsus
1275 3901 1632 3957 interdicunt.
1669 3901 1751 3955 Ah
1799 3901 2056 3956 animatis
2081 3900 2248 3956 absti-

659 4002 789 4048 nent
821 4010 834 4046 :
867 3993 1210 4064 patriarchas
1253 4009 1475 4060 omnes,
1512 3993 1603 4063 qui
1659 3993 1714 4046 in
1759 3990 2137 4048 Peutateucho
2177 3992 2246 4047 ad

659 4085 861 4158 Moysis
926 4095 980 4142 et
1027 4085 1158 4143 Jesu
1217 4085 1312 4141 ﬁlii
1344 4084 1489 4140 Nave
1543 4094 1789 4156 tempora
1855 4086 2250 4150 continentur,-

658 4177 960 4242 asciscuut,
993 4185 1047 4232 et
1077 4177 1144 4232 iis
1193 4175 1354 4232 ﬁdem
1383 4175 1644 4232 adhibent
1677 4191 1692 4229 :
1734 4173 2042 4244 cujusmodi
2094 4184 2243 4243 sunt,

657 4268 916 4332 Abraam,
956 4267 1108 4324 Isaac
1139 4276 1193 4324 et
1214 4267 1418 4333 Iacob,
1450 4267 1628 4338 iisque
1674 4266 1989 4336 superiores
2027 4281 2260 4332 omnes,

660 4375 874 4416 necnon
924 4359 1140 4432 Moyses
1179 4361 1298 4432 ipse
1329 4376 1455 4415 cum
1491 4362 1728 4423 Aarone,
1758 4365 1922 4429 atque
1953 4357 2106 4416 Jesu.
2130 4359 2248 4415 Ca)-

660 4461 836 4506 terum
873 4451 1114 4522 quinque
1142 4451 1234 4506 illa
1273 4450 1550 4506 volumina
1593 4450 1798 4521 Moysis
1837 4465 1961 4506 esse
2006 4465 2117 4505 non
2145 4467 2248 4521 pu-

2350 1970 2606 2039 σχήματα
2659 1969 3187 2042 ἐθελοθρησκευτικά
3227 1972 3328 2042 τῆς
3368 1972 3706 2043 ὲνδυμενίας,
3748 1971 3889 2025 διάτοι

2344 2058 2444 2127 τῆς
2484 2059 2821 2129 ἀμπεχόνης,
2863 2061 2957 2113 καὶ
2997 2059 3107 2114 τῶν
3137 2060 3510 2132 δαλματικῶν,
3547 2061 3582 2132 ἢ
3625 2060 3731 2114 τῶν
3767 2061 3889 2113 κολο-

2345 2149 2499 2217 ϐίων,
2558 2151 2653 2204 καὶ
2708 2151 3030 2223 πλατυσμοῦ
3072 2153 3182 2206 τῶν
3228 2153 3641 2224 φυλακτηρίων,
3683 2153 3888 2206 τουτέστι

2347 2238 2609 2309 σημάτων
2632 2239 2732 2309 τῆς
2756 2240 3059 2312 πορφύρας,
3088 2241 3184 2294 καὶ
3205 2240 3556 2311 κρασπέδων,
3581 2241 3673 2294 καὶ
3696 2242 3890 2313 ῥοΐσκων

2347 2329 2442 2382 ἐπὶ
2476 2330 2545 2382 τὰ
2585 2330 2853 2401 πτερύγια
2883 2333 2984 2403 τῆς
3017 2331 3356 2403 ἀμπεχόνης,
3390 2333 3553 2387 ἀτινα
3580 2332 3744 2386 ταῦτα
3765 2331 3891 2398 ἐτύγ-

2347 2435 2478 2488 χανε
2509 2423 2712 2490 σημεῖα
2736 2422 2836 2492 τῆς
2860 2422 2992 2493 παρ’
3020 2422 3202 2486 αὐτοῖς
3225 2424 3330 2487 ἓως
3359 2423 3558 2494 καιροῦ
3584 2424 3886 2495 ἐγκρατείας,

2345 2509 2394 2562 οἳ
2426 2512 2520 2565 καὶ
2549 2514 2946 2601 παρεισέφερον
2979 2516 3190 2582 γένεσιν
3219 2516 3315 2569 καὶ
3340 2516 3702 2587 εἱμαρμένην.

2420 2697 2793 2762 Σαδδουκαῖοι,
2825 2701 2873 2751 oi
2904 2699 3331 2770 έρμηνευόμενοι
3361 2699 3738 2767 δικαιότατοι,
3768 2700 3811 2754 οἳ
3841 2703 3889 2753 ὲκ

2345 2792 2534 2860 γένους
2565 2790 2664 2861 μὲν
2685 2786 2829 2862 ἦσαν
2859 2791 3213 2862 Σαμαρειτῶν
3237 2791 3372 2863 ὁμοῦ
3396 2793 3491 2845 καὶ
3520 2793 3702 2864 ἱερέως
3723 2792 3889 2845 Σαόοὺκ

2345 2885 2630 2954 ὀνόματος,
2666 2883 2874 2954 νεκρῶν
2907 2884 3007 2954 μὲν
3035 2884 3333 2938 ἀνάστασιν
3357 2885 3704 2957 ἀρνούμενοι,
3732 2885 3813 2938 καί
3833 2884 3888 2952 μὴ

2347 2975 2778 3046 παραδεχόμενοι
2819 2975 3048 3044 ἄγγελον
3097 2977 3234 3048 μήτε
3274 2976 3518 3048 πνεῦμα·
3568 2979 3637 3033 τὰ
3664 2978 3717 3032 δὲ
3748 2978 3889 3032 πάντα

2345 3067 2498 3130 ὅντες
2537 3068 2795 3123 Ἰουδαῖοι.

2431 3160 2953 3231 Ἦμεροϐαπτισταί.
2989 3153 3150 3216 Οὗτοι
3179 3163 3280 3234 μὲν
3309 3163 3453 3219 κατὰ
3477 3166 3655 3220 πάντα
3689 3164 3888 3219 Ἰουδαῖοι

2347 3247 2507 3324 ἦσαν·
2536 3251 2776 3322 ἔφασκον
2803 3253 2859 3306 δὲ
2891 3254 3098 3325 μηδένα
3125 3253 3268 3326 ζωῆς
3292 3257 3589 3326 τυγχάνειν
3616 3255 3832 3319 αίωνίου,
3852 3255 3887 3306 εἰ

2349 3346 2424 3416 μή
2457 3363 2510 3399 τι
2535 3346 2601 3400 ἂν
2637 3345 2758 3399 καθ’
2785 3346 3021 3418 ἑκάστην
3047 3345 3381 3418 βαπτίζοιτο.
3615 3344 3618 3346 ’

2433 3436 2703 3506 Ὀσσηνοὶ,
2741 3435 2791 3490 οἳ
2830 3435 2894 3506 δὴ
2919 3435 3265 3506 ὶταμώτατοι
3293 3439 3710 3510 ἑρμηνεύονται.
3738 3433 3885 3491 Ἦσαν

2345 3531 2401 3585 δὲ
2431 3526 2576 3585 οὗτοι
2602 3529 2670 3583 τὰ
2695 3529 2872 3584 πάντα
2897 3528 3039 3582 κατά
3061 3529 3224 3600 νόμον
3245 3531 3555 3596 τελοῦντες.
3584 3531 3826 3601 Ἐχρῶντο
3843 3528 3888 3580 δὲ

2349 3624 2442 3676 καὶ
2463 3623 2710 3694 Γραφαῖς
2733 3621 2950 3692 ἑτέραις
2983 3621 3123 3690 μετά
3139 3620 3231 3675 τὸν
3251 3621 3435 3693 νόμον.
3475 3624 3615 3687 Τοὺς
3635 3622 3690 3676 δὲ
3709 3619 3889 3680 πλείους

2342 3716 2453 3770 τῶν
2481 3714 2774 3784 μετέπειτα
2805 3711 3104 3784 προφητῶν
3129 3712 3523 3768 ἀπεϐάλλοντο.

2415 3807 2756 3877 Νασαραϊοι,
2806 3802 3238 3875 έρμηνευόμενοι
3289 3804 3628 3874 ἀφανισται
3657 3805 3693 3856 ί.
3736 3801 3889 3855 Πᾶσαν

2347 3894 2726 3969 σαρκοφαγίαν
2781 3892 3244 3964 ἀπαγορεύουσιν·
3309 3892 3575 3966 ἐμψύχων
3632 3892 3736 3947 οὐδ’
3781 3891 3888 3949 ὅλως

2349 3986 2881 4061 μεταλαμϐάνουσινο
2930 3985 3058 4058 ἄχρι
3113 3984 3172 4038 δὲ
3225 3985 3532 4048 Μωῦσέως,
3596 3986 3686 4039 καὶ
3747 3978 3886 4053 Ἰησοῦ

2343 4078 2439 4132 τοῦ
2480 4079 2640 4148 Ναυῆ
2685 4079 2799 4141 τοῖς
2838 4077 2896 4130 ἐν
2933 4079 3002 4148 τῇ
3044 4075 3404 4147 Πεντατεύχῳ
3470 4077 3648 4146 ἁγίοις
3695 4074 3885 4144 ὀνόμασι

2347 4169 2702 4242 πατριαρχῶν
2754 4168 3088 4240 κεχρημένοι
3131 4184 3193 4221 τε
3235 4168 3331 4222 καὶ
3380 4168 3742 4229 πιστεύοντες·
3775 4161 3887 4233 φημὶ

2345 4263 2403 4316 δὲ
2459 4261 2744 4335 Ἀϐραὰμ,
2810 4261 2903 4315 καὶ
2965 4259 3180 4325 Ἰσαὰκ,
3231 4261 3328 4314 καὶ
3389 4259 3611 4327 Ἰακὼϐ,
3667 4259 3756 4313 καὶ
3802 4253 3886 4308 τῶν

2346 4355 2628 4420 ἀνωτάτω,
2681 4356 2776 4407 καί
2824 4352 2991 4407 αὑτοῦ
3039 4352 3342 4417 Μωῡσέως,
3394 4353 3491 4405 καὶ
3553 4351 3771 4422 Ἀαρὼν,
3815 4344 3886 4398 καὶ

2360 4447 2556 4520 Ἰησοῦ.
2605 4446 2717 4509 Τὰς
2753 4446 2812 4500 δὲ
2854 4446 2956 4516 τῆς
3004 4444 3378 4516 Πεντατεύχου
3409 4444 3630 4515 γραφὰς
3659 4443 3752 4496 οὐκ
3776 4433 3886 4491 εἶναι

662 4552 800 4608 tant,
835 4552 888 4598 et
917 4544 1022 4599 alia
1057 4544 1126 4598 ab
1163 4543 1230 4599 iis
1269 4543 1485 4599 diversa
1514 4558 1686 4614 penes
1722 4557 1782 4596 se
1815 4556 1938 4598 esse
1967 4543 2243 4612 iactitant.

2347 4538 2629 4598 Μωῦσέως
2661 4533 3101 4606 δογματίζουσιν,
3131 4531 3296 4597 άλλας
3331 4532 3389 4586 δὲ
3423 4534 3559 4604 παρ’
3586 4529 3747 4592 αὑτὰς
3773 4526 3885 4596 ἔχειν

737 4726 1031 4782 Herodiani
1067 4741 1192 4782 eum
1230 4724 1448 4783 Iudaeos
1476 4727 1532 4782 in
1572 4727 1828 4782 omnibus
1865 4741 1986 4783 sese
2018 4732 2244 4796 praesta-

664 4827 819 4882 rent,
869 4817 1136 4874 Herodem
1167 4818 1448 4873 Christum
1480 4833 1606 4874 esse
1638 4817 2052 4888 proﬁtebantur,
2086 4819 2245 4889 eique

664 4910 865 4965 Christi
898 4908 1212 4981 dignitatem
1252 4922 1317 4963 ac
1343 4923 1539 4962 nomen
1565 4906 1911 4976 aliingebant.

735 5004 954 5060 Primus
991 5004 1092 5060 iste
1124 5012 1306 5059 tomus
1329 5011 1416 5058 est
1441 5041 1456 5066 ,
1486 5002 1581 5072 qui
1617 5002 1849 5057 haereses
1880 5016 1948 5054 xx
1979 4999 2242 5055 continet.

665 5092 725 5150 In
753 5097 942 5152 eodem
974 5096 1043 5152 de
1069 5093 1450 5150 lncarnatione
1481 5093 1709 5155 Christi,
1748 5107 1811 5147 ac
1844 5089 2092 5147 veritatis
2118 5104 2246 5160 pro-

672 5184 908 5242 fessione
929 5197 1204 5258 postremo
1247 5187 1364 5241 loco
1395 5183 1705 5241 disseritur.

752 5421 767 5449 ¹
809 5423 856 5476 Γ
856 5440 913 5492 ρ.
940 5425 1290 5493 ἀφηνιασται.
1664 5453 1679 5491 χ

2259 5585 2340 5606 ⁸

2351 4622 2803 4680 διαϐεϐαιοῦνται.

2430 4715 2767 4786 Ἦρωδιανοὶ,
2803 4714 2853 4767 οἳ
2898 4715 3144 4768 Ἰουδαῖοι
3196 4713 3294 4786 μὲν
3332 4709 3476 4785 ἦσαν
3532 4709 3673 4767 κατά
3724 4708 3882 4764 πάντα,

2361 4804 2608 4876 Ἡρώδην
2635 4805 2694 4858 δὲ
2728 4804 2961 4875 Χριστὸν
3000 4803 3366 4874 προσεδόκων,
3407 4805 3502 4857 καὶ
3541 4802 3711 4872 τούτῳ
3737 4799 3789 4851 τὸ
3813 4793 3884 4848 τοῦ

2349 4897 2588 4969 Χριστοῦ
2619 4897 2941 4950 ἀπεδίδοσαν
2963 4895 3131 4966 γέρας
3157 4896 3253 4950 καὶ
3280 4895 3470 4966 ὄνομα.

2421 4985 2587 5051 Οὗτος
2619 4989 2646 5040 ὁ
2673 4988 2888 5060 πρῶτος
2909 4987 3096 5056 τόμος,
3126 4987 3399 5059 περιέχων
3432 4987 3574 5040 κατά
3601 4982 3775 5038 πασῶν
3801 4976 3883 5029 τῶν

2349 5082 2523 5136 εῐκοσι
2549 5079 2756 5134 τούτων
2783 5079 3070 5150 αἱρέσεων.
3110 5081 3197 5133 Ἐν
3226 5079 3376 5149 αὑτῷ
3401 5079 3459 5133 δὲ
3489 5080 3584 5132 καὶ
3609 5080 3643 5149 ἡ
3676 5070 3882 5144 περὶτῆς

2352 5171 2589 5244 Χριστοῦ
2618 5170 2874 5242 ὲνδημίας
2899 5169 3175 5237 ὑπόθεσις,
3212 5171 3306 5225 καὶ
3333 5173 3368 5242 ἡ
3394 5171 3493 5242 τῆς
3518 5165 3762 5240 ἀληθείας
3781 5163 3881 5230 ἀμφ

2352 5263 2533 5332 λογία,
