4058 6432
208 372 299 431 l'z3

3363 374 3470 429 m
3554 354 3564 363 ’

237 497 3474 535 W

967 746 1195 834 ΤΟΥ
1243 745 1390 833 ΕΝ
1454 740 1821 833 ΑΓΙΟΙΣ
1877 748 2315 836 ΠΑΤΡΟΣ
2386 750 2714 839 ΗΜΩΝ

850 954 2833 1195 ΕΠΙΦΑΝΙΟΥ

1112 1276 1517 1334 ΕΠΙΣΚΟΠΟΥ
1546 1276 2081 1335 ΚΩΝΣΤΔΝΤΕΙΑΣ
2129 1279 2266 1335 ΤΗΣ
2297 1281 2586 1338 ΚΥΠΡΟΥ

538 1444 1003 1582 ΚΑΤΑ
1073 1447 1883 1583 ΑΙΡΕΣΕΩΝ
1982 1451 3172 1592 ΟΓΔΟΗΚΟΝΤΑ

1576 1686 1664 1738 T0
1701 1684 2143 1741 ΕΠΙΚΛΗΘΕΝ

1122 1841 1675 1938 ΠΑΝΑΡΙΟΣ
1724 1873 1854 1929 su“
1891 1874 2033 1930 orN
2069 1851 2611 1942 ΚΙΒΩΤΙΟΣ.

858 2171 1337 2444 8,15.
1408 2220 1641 2399 Ν.
1752 2217 2877 2401 EPIPHANII
3016 2474 3028 2489 '

1069 2513 1539 2575 CONSTANTM‘I
1581 2517 1748 2585 ρυλε
1784 2517 1849 2573 ΙΝ
1881 2517 2109 2576 CYPRO
2148 2517 2281 2576 EST
2322 2516 2638 2576 EPISCOPI

500 2693 1344 2830 ADVERSUS
1438 2684 2375 2829 OCTOGINTA‘
2453 2696 3216 2835 HfERESES

1370 2934 1560 2991 OPUS
1600 2934 1804 3002 QUOD
1859 2934 2348 2994 INSGRIBITUR

1070 3107 1755 3277 PANARIUM
1850 3159 2005 3216 SIVE
2099 3109 2648 3219 ABCULA.

1125 3317 1420 3397 Dionysio
1441 3317 1693 3379 Petavio
1716 3317 2042 3381 Societatis
2064 3321 2212 3381 Iesu
2232 3319 2593 3399 interprete.

1331 3654 1657 3746 LIBRI
1741 3658 1770 3743 Ι
1835 3656 2241 3750 TOMUS
2314 3656 2391 3743 Ι.

299 3856 382 3909 Δν.
424 3850 747 3925 ’Δρχόμενος
769 3847 950 3903 πίστιν
976 3863 1037 3900 τε
1059 3845 1153 3902 καὶ
1181 3819 1458 3912 ἀπιστίαν,
1476 3845 1718 3913 εὐδοξίαν
1749 3863 1808 3901 τε
1838 3863 1887 3920 Α

1987 3849 2030 3918 1
2061 3845 2101 3903 1.
2122 3845 2433 3903 Instituenti
2471 3847 2604 3903 mihi
2626 3845 2695 3905 de
2713 3847 2817 3905 ﬁde
2833 3848 3059 3921 pariter,
3081 3861 3137 3910 et
3158 3852 3493 3927 inﬁdelitate,

223 3947 324 4005 καὶ
352 3942 689 4016 ἑτεροδοξίαν
718 3940 1068 4011 ἀναγγέλλειν
1087 3956 1147 3993 τε
1171 3939 1265 3993 καὶ
1279 3938 1477 4009 λέγειν,
1504 3939 1810 4013 μνησθήσο-

225 4056 329 4109 μαι
363 4036 467 4106 τῆς
499 4034 672 4106 ἀρχῆς
712 4033 810 4104 τῆς
840 4030 936 4085 τοῦ
980 4030 1183 4101 κόσμου
1222 4029 1526 4101 καταϐολῆς
1556 4030 1651 4085 καὶ
1682 4030 1811 4083 ἀκο·

221 4127 478 4191 λουθίας,
538 4125 600 4180 οὐ
639 4123 730 4178 διὰ
803 4124 904 4194 τῆς
969 4120 1164 4175 ἑαυτοῦ
1240 4122 1257 4156 ⁸
1313 4121 1629 4191 δυνάμεως,
1689 4120 1811 4174 οὐδὲ

223 4222 336 4276 ὑπὸ
408 4222 430 4252 ⁸
500 4218 642 4273 ἰδίων
706 4214 986 4287 λογισμῶν
1059 4212 1414 4287 ὁρμώμενος,
1479 4212 1597 4268 ἀλλ’
1655 4213 1730 4276 ὼς
1781 4212 1811 4265 ὁ

222 4312 365 4375 Θεὸς
413 4311 443 4362 ὁ
492 4308 708 4363 πάντων
752 4306 1018 4377 δεσπότης
1062 4305 1155 4360 καὶ
1200 4306 1447 4377 ἐλεήμων
1493 4303 1811 4374 ἁπεκάλυψε

223 4405 343 4468 τοῖς
378 4400 572 4455 ἑαυτοῦ
605 4400 934 4470 προφήταις,
969 4398 1063 4451 καὶ
1094 4398 1163 4451 δι’
1195 4397 1375 4453 αὐτῶν
1410 4397 1558 4468 ἡμᾶς
1590 4396 1689 4468 τῆς
1715 4394 1810 4449 τοῦ

223 4492 435 4556 παντὸς
462 4489 713 4560 γνώσεως
744 4489 885 4544 κατὰ
907 4489 968 4543 τὸ
1000 4487 1278 4560 ἐγχωροῦν
1304 4487 1811 4560 ἀνθρωπείᾳοφύσει

225 4582 562 4656 κατηξίωσε.
611 4583 722 4637 Καὶ
753 4582 1053 4652 ἀρχόμενος
1082 4579 1209 4649 περὶ
1248 4579 1454 4633 τούτων
1495 4578 1659 4642 εὐθὺς
1699 4578 1813 4633 δια-

228 4676 483 4737 σκοπεῖν,
515 4671 731 4746 πρῷτον
762 4672 858 4742 μὲν
889 4673 987 4724 οὐκ
1018 4672 1076 4723 ὲν
1121 4666 1303 4740 μικρῷ
1348 4668 1521 4738 ἀγῶνι
1559 4669 1814 4725 καθίστα-

231 4786 355 4837 μαι,
407 4765 543 4819 ἀλλὰ
584 4765 679 4818 καὶ¹
728 4764 931 4833 σφόδρα
978 4761 1146 4829 δέδια,
1194 4761 1615 4833 ἐπιϐαλλόμενος
1667 4761 1813 4834 ἔργῳ

226 4862 289 4913 οὐ
319 4859 405 4929 τῷ
430 4858 666 4929 τυχόντι.
714 4857 826 4909 Καὶ
856 4854 1223 4926 ἐπικαλοῦμαι
1272 4855 1433 4909 αὐτὸν
1472 4854 1563 4907 τὸν
1598 4854 1754 4923 ἅγιον
1792 4855 1813 4887 ³

226 4952 326 5004 καὶ
356 4949 450 5001 τὸν
486 4947 748 5020 μονογενῆ
782 4945 947 5001 αὐτοῦ
982 4944 1145 5000 παῖδα
1193 4943 1397 5015 Ἰησοῦν
1436 4943 1689 5016 Χριστὸν,
1720 4945 1813 4998 καὶ

226 5040 291 5093 τὸ
330 5038 490 5107 ἅγιον
533 5037 698 5093 αὐτοῦ
731 5036 976 5109 Πνεῦμα,
1014 5037 1162 5100 ὅπως
1206 5037 1525 5109 καταυγάσῃ
1555 5036 1654 5107 τῆς
1679 5037 1814 5107 ἠμε-

226 5131 402 5202 τέρας
435 5128 707 5194 εὐτελείας
744 5130 835 5184 τὸν
870 5128 993 5183 νοῦν
1021 5129 1158 5203 πρὸς
1193 5128 1470 5198 φωτισμὸν
1495 5128 1593 5199 τῆς
1622 5127 1810 5182 τούτου

1910 3938 2086 4010 deque
2113 3939 2283 3996 rectis
2314 3954 2379 3994 ac
2403 3940 2678 4010 perversis
2705 3941 3054 4014 dogmatibus
3078 3962 3388 4006 sermonem
3412 3950 3495 4007 in-

1909 4030 2084 4102 gredi,
2117 4030 2364 4086 omnium
2392 4031 2571 4103 primo
2599 4031 2667 4088 de
2689 4035 2877 4089 mundi
2898 4038 3296 4109 procreatione;
3321 4040 3499 4111 dequo

1911 4122 1982 4178 iis
2010 4137 2132 4193 qua:
2170 4121 2431 4194 deinceps
2466 4131 2597 4179 sunt
2643 4136 2973 4193 consecuta,
3005 4128 3254 4186 facienda
3290 4133 3497 4188 mentio

1910 4221 2014 4270 est.
2047 4212 2217 4283 quue
2245 4228 2345 4285 ego
2374 4229 2485 4269 non
2519 4215 2655 4270 meis
2684 4216 2912 4282 viribus,
2946 4226 3041 4272 aut
3063 4221 3291 4289 privatis
3320 4222 3495 4278 ratio-

1912 4300 2284 4357 cinationibus
2314 4301 2487 4357 fretus
2516 4301 2823 4374 aggrediar;
2854 4305 2948 4359 sed
2973 4315 3245 4375 quatenus
3272 4309 3494 4380 quidem

1914 4391 2178 4448 Dominus
2206 4393 2450 4448 omnium
2473 4408 2537 4450 ac
2564 4395 2882 4452 misericors
2911 4395 3053 4454 Deus
3080 4401 3363 4471 prophetis
3380 4403 3497 4461 suis

1914 4482 2148 4553 aperuit,
2187 4498 2489 4555 eorumque
2514 4484 2674 4541 nobis
2708 4485 2975 4543 beneﬁcio
3002 4490 3386 4548 universarum
3410 4509 3497 4551 re-

1914 4590 2037 4629 rum
2069 4575 2344 4640 notitiam,
2396 4586 2661 4647 quantum
2696 4578 2978 4635 hominum
3014 4591 3211 4638 natura
3239 4584 3364 4661 fert,
3394 4588 3497 4641 im-

1915 4666 2118 4737 pertire
2141 4667 2396 4738 dignatus
2424 4677 2530 4725 est.
2569 4667 2653 4725 Me
2673 4685 2802 4726 vero
2824 4670 2936 4741 jam
2964 4684 3077 4729 tum
3106 4674 3226 4745 ipso
3248 4675 3496 4748 disputa-

1914 4758 2082 4814 tionis
2127 4758 2283 4814 initio
2334 4762 2485 4832 angit
2544 4760 2689 4817 haud
2728 4762 3079 4821 mediocriter
3113 4774 3278 4837 atque
3331 4776 3500 4825 terret

1915 4850 2152 4919 suscepti
2219 4851 2401 4921 operis
2462 4852 2800 4923 magnitudo.
2860 4852 3039 4920 Quare
3085 4858 3497 4913 sanctissimum

1915 4940 2067 4994 illum
2130 4942 2334 5007 Deum,
2393 4942 2446 5011 2
2496 4941 2725 5016 ejusque
2783 4944 2983 5000 Filium
3032 4948 3255 5002 unicum
3308 4946 3497 5004 Iesum

1914 5031 2221 5098 Christum,
2273 5049 2375 5088 nec
2412 5050 2524 5091 non
2551 5043 2608 5091 et
2640 5045 2891 5092 sanctum
2931 5038 3051 5106 ejus
3093 5038 3356 5108 Spiritum
3400 5053 3498 5109 ap-

1916 5124 2060 5193 pello
2079 5164 2095 5190 ,
2147 5134 2205 5179 ut
2236 5125 2304 5180 ad
2338 5126 2569 5195 hujusce
2599 5129 2679 5183 rei
2708 5129 3093 5185 illustrandam
3124 5129 3494 5201 cognitionem

228 5219 510 5289 γνώσεως.
559 5221 622 5273 Οἱ
669 5221 767 5292 μὲν
820 5220 927 5293 γὰρ
975 5219 1084 5273 τῶν
1144 5218 1410 5290 Ἐλλήνων
1458 5222 1811 5289 συγγραφεῖς,
1844 5218 1887 5273 Β

1917 5223 2154 5271 mentem
2203 5227 2445 5271 nostram
2493 5218 2677 5274 divina
2720 5219 2843 5275 luce
2877 5220 3190 5290 perfundat.
3221 5220 3296 5276 Ut
3349 5222 3493 5276 enim

229 5311 457 5383 ποιηταί
500 5327 560 5364 τε
604 5313 700 5366 καὶ
743 5310 1091 5383 λογογράφοι,
1124 5309 1535 5381 ἐπιϐαλλόμενοι
1576 5326 1679 5363 τινι
1711 5328 1815 5379 μυ-

1914 5308 2147 5378 gentiles
2181 5307 2481 5379 scriptores
2513 5317 2625 5364 tam
2657 5317 2850 5380 poetae,
2881 5324 3046 5381 quam
3074 5309 3300 5365 alterius
3333 5326 3496 5381 gene-

229 5403 393 5463 θὼδε,ι
432 5405 846 5475 συγγράμματι,
876 5402 1099 5458 Μοῦσάν
1156 5418 1280 5455 τινα
1310 5400 1671 5456 ἐπεκαλοῦντο
1732 5401 1813 5471 (οὐ

1913 5398 1990 5453 ris
2016 5398 2228 5464 solent,
2261 5414 2384 5453 cum
2415 5398 2723 5457 fabulosum
2752 5400 2975 5470 aliquod
3008 5414 3149 5470 opus
3178 5400 3493 5465 instituunt,

230 5494 336 5564 γὰρ
371 5491 542 5545 Θεόνο
578 5490 933 5564 δὰιμονιὼδης
968 5489 1077 5562 γὰρ
1107 5492 1239 5561 παρ’
1283 5490 1452 5561 αὐτῆς
1490 5489 1513 5521 ’⁸
1551 5492 1584 5561 ἡ
1630 5490 1812 5559 σοφία,

1915 5488 2195 5546 Musarum
2223 5490 2520 5561 implorare
2559 5492 2875 5563 quampiam
2911 5495 3111 5564 (neque
3147 5492 3295 5548 enim
3326 5493 3495 5550 Deum

232 5586 326 5638 καὶ
357 5585 645 5656 ἐπίγειος,
674 5583 772 5639 καὶ
804 5586 916 5639 οὐκ
956 5584 1187 5639 ἄνωθεν
1220 5582 1646 5652 κατερχομένη,
1673 5582 1817 5636 κατὰ

1916 5581 2170 5636 invocant
2194 5579 2253 5645 il.
2274 5597 2508 5652 quorum
2530 5582 2711 5638 omnis
2738 5597 2806 5638 ex
2830 5581 3138 5640 daemonum
3160 5584 3343 5641 aﬂlatu
3372 5600 3495 5655 pro-

229 5669 291 5723 τὺ
322 5670 768 5742 γεγραμμένον)ο
816 5672 975 5743 ἡμεῖς
1015 5672 1072 5725 δὲ
1122 5670 1527 5743 ὲπικαλούμεθα
1572 5670 1662 5724 τὸν
1707 5671 1815 5724 τῶν

1913 5687 2101 5742 gressa
2144 5673 2415 5743 sapientia
2460 5683 2566 5740 est,
2601 5673 2904 5748 eademque
2941 5683 3171 5747 terrena,
3212 5694 3303 5733 nec
3349 5693 3378 5731 ε
3404 5692 3467 5730 su

304 5825 318 5856 ¹
356 5824 479 5879 Vel.
507 5810 769 5882 ἐμαυτοῦ.
843 5822 862 5852 ²
890 5824 1064 5881 Forte.
1095 5824 1221 5879 ἀπό.
1300 5825 1505 5897 {Deest
1540 5825 1680 5881 forte
1714 5827 1895 5893 Πατέρ

1913 5846 1951 5881 ι.
2035 5830 2055 5861 ⁸
2073 5830 2199 5885 Cor.
2234 5833 2436 5895 αὐτοῖς.
