4058 6474
202 426 284 503 m
877 426 1248 487 anveasus
1290 429 1633 488 omneses
1672 429 1800 490 Lm.
1837 430 1873 484 ι.
1920 428 2082 485 ron.
2128 430 2168 483 ι.
2211 459 2279 468 -
2318 426 2590 482 uanas.
2633 393 2770 481 Liv.

198 545 642 616 ὑπερϐάλλουσαν
669 549 780 604 τῶν
824 551 917 605 τοῦ
952 552 1087 606 Θεοῦ
1131 554 1331 609 δούλων
1357 554 1600 627 ἀγάπην,
1649 557 1727 618 είς
1766 554 1794 607 ὃ

1900 567 2129 607 numero
2161 566 2260 605 vos
2290 549 2394 620 ipsi
2420 564 2668 620 quoque,
2707 548 2872 603 Aeaci
2905 564 2968 603 ac
3000 547 3163 603 Paule
3195 537 3480 602 venerandi

200 637 490 711 παρελθεῖν
540 641 914 714 κατηξίωμαι,
969 644 1029 698 οὐ
1075 645 1141 699 δι’
1194 645 1451 710 εὐεπείας
1482 646 1677 715 λόγων,
1726 647 1787 699 ού

200 729 500 801 στωμύλοις
545 732 660 785 τισὶ
706 731 995 802 φθογγαῖς,
1042 734 1158 788 ἀλλ’
1202 735 1346 807 ἁπλῇ
1390 738 1456 807 τῇ
1500 734 1786 805 διαλέκτῳ,

200 816 351 888 ἁπλῷ
377 816 458 888 τῷ
481 817 652 890 λόγῳ,
694 819 951 893 ἀκριϐείᾳ
974 822 1029 875 δὲ
1063 822 1169 877 τῶν
1207 825 1265 877 ἐν
1303 823 1382 895 τῷ
1410 825 1554 896 λόγῳ
1602 823 1792 896 δηλου-

200 911 372 981 μένων
402 910 640 983 ἄρξομαι
668 911 761 965 τοῦ
787 912 984 981 λέγειν.

1896 642 2119 705 fratres,
2149 650 2202 698 et
2245 641 2626 697 honestissimi
2680 640 2975 696 sacerdotii
3010 642 3251 711 collegae,
3282 640 3422 696 idem
3453 658 3485 695 a

1899 750 1987 790 me
2035 731 2367 804 propheticis
2416 731 2616 787 litteris
2650 732 2993 801 postulastis.
3024 732 3191 804 Igitur
3222 730 3489 802 quoniam

1903 840 2010 880 non
2042 823 2162 878 sine
2195 820 2381 876 divino
2409 818 2661 884 Numine,
2692 836 2757 875 ex
2794 820 3057 875 immensa
3079 820 3169 876 Dei
3200 834 3485 876 servorum

1905 917 2176 971 cliaritate
2206 921 2286 969 tot
2318 914 2376 969 in
2405 927 2573 967 unum
2606 912 2765 987 video
2787 914 2984 967 collata
3018 913 3342 985 petitionum
3371 910 3490 966 suf-

201 1003 394 1073 fragia,
430 1004 582 1075 quod
609 1020 640 1059 a
676 1019 762 1060 me
791 1013 904 1059 tam
942 1005 1106 1062 enixe
1159 1005 1458 1079 ﬂagitatum
1489 1015 1605 1072 est,
1640 1007 1792 1062 nullo
1840 1023 2018 1078 neque
2056 1006 2325 1063 orationis
2349 1006 2524 1072 cultu,
2565 1020 2743 1075 neque
2780 1020 2973 1060 vocum
3021 1005 3341 1069 lenociniis,
3390 1000 3485 1057 sed

200 1096 548 1166 simplicibus
603 1097 821 1163 verbis,
852 1097 1084 1168 rudique
1139 1114 1428 1165 sermone,
1482 1099 1790 1156 certissima
1832 1107 2013 1156 tamen
2044 1098 2290 1155 omnium
2323 1112 2445 1153 qua:
2496 1094 2852 1168 proponenda
2900 1104 3030 1151 sunt
3078 1095 3215 1161 tide,
3267 1094 3485 1149 initium

198 1188 418 1243 dicendi
461 1187 681 1244 faciam.

267 1282 346 1341 l".
384 1282 496 1337 Καὶ
524 1284 823 1355 Νίκανδρος
859 1285 957 1355 μὲν
988 1286 1017 1338 6
1047 1286 1397 1359 συγγραφεὺς
1414 1284 1596 1358 θηρῶν
1615 1302 1673 1339 τε
1698 1286 1799 1339 καῖ

199 1375 451 1449 ἑρπετῶν
497 1377 790 1449 ἐποιήσατο
825 1377 943 1431 τῶν-
962 1377 1178 1448 φύσεων
1225 1379 1323 1450 τὴν
1359 1380 1596 1449 γνῶσινο
1642 1378 1790 1433 ἄλλοι

198 1468 256 1520 δὲ
286 1469 627 1540 συγγραφεῖς
673 1466 838 1538 ῥιζῶν
871 1484 931 1520 τε
973 1469 1068 1522 καὶ
1113 1467 1354 1539 βοτανῶν
1386 1468 1487 1533 τὰς
1518 1469 1683 1533 ῦλας·
1715 1468 1792 1532 ὡς

199 1559 593 1630 Διοσκουρίδης
630 1560 728 1629 μὲν
757 1561 785 1612 ό
828 1559 1110 1633 ὗλοτόμος,
1155 1561 1441 1632 Πάμφιλός
1484 1578 1544 1613 τε
1584 1561 1660 1632 (4)
1696 1559 1792 1614 καὶ

197 1650 553 1722 Μιθριδάτης
580 1653 609 1705 6
641 1650 912 1721 βασιλεὺς,
951 1651 1317 1724 Καλλισθένης
1350 1670 1409 1707 τε
1461 1654 1556 1708 καὶ
1595 1653 1788 1715 Φίλων,

210 1741 415 1804 Ἰόλαός
458 1758 521 1794 τε
553 1743 582 1794 6
609 1740 860 1807 Βιθυνὸς,
897 1743 991 1795 καὶ
1052 1743 1410 1816 Ἡρακλείδης
1447 1745 1476 1797 6
1522 1743 1787 1814 Τάραντι-

198 1833 465 1904 νὺςτεὸ),
522 1834 811 1905 Κρατεύας
856 1837 883 1889 6
930 1836 1235 1909 ῥιζοτόμος,
1294 1836 1545 1908 Ἀνδρέας
1591 1853 1651 1889 τε
1700 1835 1792 1889 καὶ

200 1925 416 1988 ΒΞσσος
444 1928 475 1979 6
507 1924 700 1990 Τύλιος
733 1925 830 1998 (6),
859 1927 1193 1999 Νικήρατος,
1228 1928 1323 1981 καὶ
1361 1926 1666 1999 Πετρώνιος
1695 1926 1792 1980 Νί-

198 2034 300 2087 γερ
328 2017 432 2087 (7),
477 2017 571 2070 καὶ
614 2018 880 2082 Διόδοτος,
912 2018 1006 2072 καὶ
1049 2018 1198 2073 ἄλλοι
1223 2019 1386 2083 τινές.
1435 2018 1526 2090 Τῷ
1555 2018 1611 2072 δὲ
1641 2018 1791 2089 αύτῷ

196 2110 391 2180 τρόπῳ
438 2110 535 2163 καὶ
579 2112 743 2188 ἡμεῖς
790 2110 889 2175 τὰς
935 2109 1043 2164 τῶν
1086 2110 1351 2183 αἱρέσεων
1404 2110 1560 2183 ῥίζας
1603 2096 1663 2164 τε
1697 2111 1792 2163 καὶ

196 2201 428 2272 γνώμας
456 2200 787 2272 πειρώμενοι
816 2202 1245 2266 ἀποκαλύπτειν,
1277 2203 1338 2256 οὐ
1379 2202 1582 2274 βλάϐης
1606 2202 1792 2256 ἕνεκεν

195 2297 309 2358 τοῖς
355 2295 796 2365 ἐντυγχάνουσιν,
842 2293 979 2349 ἀλλά
1010 2295 1261 2367 καθάπερ
1300 2298 1412 2359 τοῖς
1453 2295 1789 2368 προειρημέ-

196 2404 309 2450 νοις
342 2385 722 2457 συγγραφεῦσι
761 2384 852 2438 διὰ
892 2385 1125 2457 σπουδῆς
1171 2386 1387 2454 ἐγένετο
1420 2384 1479 2438 ού
1524 2383 1582 2438 τὸ
1624 2384 1793 2437 κακὸν

198 2482 467 2552 σημᾶναι,
518 2478 655 2532 ἀλλά
686 2478 823 2550 πρὸς
866 2478 1027 2548 φόϐον
1073 2478 1167 2533 καὶ
1215 2477 1514 2549 ἀσφάλειαν
1557 2475 1659 2547 τῆς
1700 2478 1797 2530 ἀνα

196 2572 487 2644 θρωπείας
536 2569 773 2639 φύσεως,
822 2570 903 2632 εἰς
945 2569 1006 2623 τὸ
1055 2568 1345 2638 γινώσκειν
1389 2568 1460 2622 τά
1505 2568 1653 2622 δεινά
1699 2568 1804 2621 καῖ

194 2664 479 2735 ὁλετήρια,
527 2663 624 2716 καὶ
672 2660 1196 2733 προασφαλίζεσθαι,
1250 2660 1345 2714 καὶ
1390 2659 1793 2733 διαδιδράσκειν

198 2758 297 2810 σὺν
438 2752 535 2807 τοῦ
567 2753 703 2807 Θεοῦ
731 2753 981 2824 δυνάμει,
1012 2751 1099 2806 διά
1133 2752 1228 2806 τοῦ
1260 2753 1550 2824 προσέχειν
1589 2753 1684 2806 καὶ
1719 2752 1794 2824 μὴ

200 2846 655 2919 συναμιλλᾶσθαι.
707 2846 832 2910 Τοῖς
882 2845 939 2899 δὲ
980 2845 1083 2899 καὶ⁷
1123 2846 1385 2911 τοιούτοις
1419 2844 1792 2917 περιτυχοῦσι,

200 2943 293 2996 καὶ
324 2940 435 2995 ὑπὸ
465 2939 578 2993 τῶν
617 2940 873 2992 τοιούτων
905 2937 1390 3000 ὲπιϐουλευθεῖσιν,
1436 2938 1469 3011 ἢ
1513 2939 1580 2992 δι’
1620 2941 1796 3010 ἐμφυ-

200 3037 470 3105 σήματος,
522 3033 556 3103 ἢ
606 3033 904 3104 δήγματος,
956 3032 996 3103 ἢ
1025 3030 1278 3103 θεωρίας,
1322 3033 1371 3084 οἱ
1421 3031 1574 3084 αὐτοὶ
1619 3030 1794 3085 ταῦτα

199 3126 666 3198 μεριμνήσαντες,
709 3125 805 3178 καὶ
845 3123 1178 3197 ἀλεξητήρια
1208 3122 1377 3195 ῥιζῶν
1417 3139 1478 3176 τε
1509 3123 1605 3177 καὶ
1637 3122 1827 3194 βοτα-·

1973 1279 2061 1337 lll'.
2098 1282 2175 1337 Ac
2205 1278 2477 1336 Nicander
2511 1278 2731 1351 quidem
2763 1286 2921 1351 poeta
2955 1280 3022 1336 de
3058 1278 3390 1350 serpentium
3424 1293 3489 1334 ac

1899 1374 2173 1444 reptilium
2206 1381 2402 1427 natura
2430 1372 2715 1428 disseruit.
2766 1372 2871 1425 Alii
2922 1387 3050 1427 vero
3090 1373 3389 1442 scriptorcs
3422 1373 3491 1427 de

1898 1465 2147 1521 radicum
2181 1465 2586 1534 herbarumque
2611 1463 2823 1519 viribus
2853 1464 3280 1519 commentarios
3304 1464 3491 1519 edide-

1898 1567 2047 1624 runt,
2081 1565 2141 1611 ut
2181 1555 2530 1631 Dioscorides
2578 1555 2871 1612 herbarius
2893 1598 2908 1624 ,
2938 1566 2992 1610 et
3041 1540 3392 1627 Pamphilus.
3425 1571 3491 1611 ac

1900 1647 2243 1704 Mithridates
2276 1662 2393 1711 rex,
2418 1654 2473 1703 et
2503 1647 2895 1711 Callisthenes,
2954 1663 3018 1702 ac
3053 1646 3490 1716 Philo,‘neenon

1899 1747 1953 1795 et
1980 1739 2159 1796 Iolaus
2185 1738 2473 1811 Bithynus,
2495 1750 2546 1795 et
2564 1738 2881 1798 Heraclides
2903 1737 3265 1804 Tarentinus,
3284 1749 3339 1796 et
3364 1741 3493 1796 Cra-

1900 1847 2052 1892 tevas
2108 1834 2420 1899 herbarius,
2447 1842 2503 1889 et
2542 1833 2814 1902 Andreas,
2844 1848 2908 1891 ac
2941 1833 3145 1890 Bassus
3199 1834 3411 1907 T.ylius,
3438 1846 3493 1891 et

1893 1925 2205 1992 Niceratus,
2242 1942 2308 1982 ac
2339 1925 2632 1983 Petronius
2660 1926 2847 1997 Niger,
2879 1935 2933 1984 et
2964 1927 3249 1992 Diodotus,
3287 1928 3494 1999 aliique

1894 2018 2163 2072 nonnulli.
2214 2017 2461 2084 Quorum
2496 2018 2777 2089 exemplo~
2810 2034 2911 2074 nos
2962 2020 3243 2076 baereseon
3278 2019 3491 2076 radices

1858 2096 1946 2165 ἐι
1978 2109 2267 2180 Opiniones
2301 2107 2615 2180 patefacere
2657 2109 3011 2173 conabimur,
3039 2126 3146 2165 non
3200 2118 3261 2165 ut
3311 2109 3491 2166 fraudi

1895 2200 2196 2256 lectoribus
2225 2200 2329 2256 ista
2360 2201 2505 2255 sint:
2526 2198 2623 2256 sed
2648 2200 3111 2272 quemadmodum
3140 2218 3280 2272 quos
3307 2202 3491 2272 proxi-

1894 2310 1980 2349 me
2009 2293 2431 2351 commemoravi
2478 2295 2813 2365 scriptores,
2847 2311 2956 2350 non
3007 2303 3068 2350 ut
3101 2298 3305 2351 malum
3348 2296 3490 2351 indi—

1895 2393 2084 2442 carent
2120 2382 2648 2450 istatradideru’nt,
2697 2387 2792 2442 sed
2830 2394 2888 2441 ut
2923 2386 3225 2442 humanum
3256 2388 3362 2444 sibi
3395 2403 3491 2459 ge-

1895 2494 2002 2534 nus
2025 2485 2265 2545 caveret,
2296 2494 2361 2534 ac
2398 2478 2685 2534 securitati
2720 2495 2834 2534 sum
2856 2479 3208 2542 consuleret,
3253 2478 3383 2534 dum
3426 2480 3493 2533 iis

1895 2587 2018 2644 quae
2048 2569 2358 2643 perniciosa
2402 2585 2465 2626 ac
2501 2569 2722 2625 letlialia
2753 2567 2931 2624 forent
2982 2570 3249 2640 cognitis,
3301 2571 3488 2640 opitu-

1896 2663 2042 2719 larte
2090 2662 2199 2718 Deo
2241 2662 2508 2718 adversus
2556 2644 2671 2716 haec
2706 2660 2920 2741 munire
2975 2676 3067 2724 se,
3110 2674 3175 2715 ac
3214 2658 3497 2717 declinare

1899 2764 2141 2826 possent,
2170 2753 2386 2827 sibique
2427 2753 2785 2827 providerent
2817 2753 2961 2823 ipsi,
3010 2767 3112 2808 nec
3155 2766 3278 2807 cum
3310 2752 3495 2808 noxiis

1894 2849 2007 2905 illis
2046 2850 2214 2905 rebus
2264 2848 2505 2920 experiri
2544 2847 2771 2904 vellent.
2819 2846 2999 2917 Atque
3042 2853 3102 2901 ut
3133 2847 3382 2902 omnium
3440 2846 3495 2901 in

1896 2943 2126 3015 gratiam
2162 2943 2254 3013 qui
2289 2942 2346 2998 in
2382 2948 2671 3013 serpentes
2705 2940 3097 3004 incurrissent,
3128 2946 3224 2993 aut
3247 2953 3496 3009 quoquo-

1900 3034 2061 3092 modo
2096 3033 2396 3105 perniciem
2424 3034 2493 3089 ab
2523 3032 2592 3089 iis
2622 3031 3059 3094 contraxissent,
3087 3030 3202 3085 sive
3237 3025 3498 3100 pestifero

1898 3126 2138 3199 quodam
2173 3124 2380 3193 aﬂlatu,
2419 3125 2537 3182 sive
2570 3140 2761 3181 morsu
2783 3164 2798 3189 ,
2832 3123 2949 3179 sive
2980 3116 3207 3193 aspectu
3262 3121 3498 3190 denique

194 3218 305 3270 νῶν
343 3214 747 3287 προετύπωσαν
790 3215 927 3286 πρὸς
965 3214 1225 3287 ἀθέτησιν
1252 3214 1354 3286 τῆς
1385 3212 1494 3267 τῶν
1537 3230 1796 3287 προειρη-

1902 3222 2021 3293 ipso
2047 3220 2243 3287 vitiati,
2270 3220 2436 3275 iidem
2466 3218 2543 3273 illi
2573 3217 2669 3288 qui
2700 3217 2756 3271 in
2784 3214 3057 3287 ejusmodi
3081 3212 3497 3268 lucubrationes

197 3310 389 3379 μένων
431 3306 680 3379 ἑρπετῶν
719 3306 1052 3379 μοχθηρίας’
1099 3306 1241 3360 οὕτω
1284 3306 1377 3360 καὶ
1411 3308 1546 3378 ἡμῖν
1592 3307 1653 3359 τὸ
1700 3306 1802 3360 πό-

193 3420 357 3474 νημα
410 3400 499 3454 διά
543 3400 646 3471 τῆς
692 3399 804 3453 τῶν
858 3399 1274 3473 προειρημένων
1328 3399 1648 3470 προτροπῆς
1702 3400 1797 3454 καῖ

196 3492 387 3563 ἡμῶν,
421 3487 814 3554 ποθεινότατοι,
845 3490 926 3553 είς
966 3490 1027 3543 τὸ
1070 3488 1419 3559 ἀποκαλύψαι
1464 3487 1573 3543 τῶν
1609 3488 1798 3543 δεινῶν

197 3581 455 3654 ἑρπετῶν
482 3580 577 3634 καὶ
609 3579 816 3652 Θηρίων
843 3581 1055 3652 μορφάς
1083 3579 1399 3651 τεάνιαράς
1424 3578 1518 3633 καὶ
1543 3579 1800 3650 δήγματα

197 3673 483 3745 όλετήρια.
531 3670 675 3742 Πρὸς
719 3669 994 3725 ἀντίθεσιν
1028 3670 1085 3723 δὲ
1128 3669 1352 3735 τούτων,
1402 3670 1610 3741 ὅσαπερ
1645 3669 1802 3725 δυνά-

205 3765 350 3832 μεθα
398 3765 458 3817 ὲν
511 3763 758 3835 συντόμῳ
810 3762 865 3816 εἴ
891 3779 994 3815 που
1023 3762 1081 3814 ἓν
1121 3761 1156 3833 ἢ
1201 3761 1294 3815 δύο
1347 3762 1570 3833 ῥήματα
1618 3763 1699 3825 εἰς
1742 3761 1804 3814 τὸ

197 3855 655 3929 ἀνακρούσασθαι
722 3856 822 3928 μὲν
866 3854 1059 3911 αὐτῶν
1093 3853 1183 3908 τὸν
1231 3854 1330 3919 ἰὸν,
1380 3854 1551 3908 σῶσαι
1601 3853 1658 3906 δὲ
1711 3853 1803 3908 τὸν

202 3950 539 4020 βουλόμενον
570 3946 711 4019 μετά
741 3950 830 4001 τὸν
857 3947 1085 4018 Κύριον,
1107 3947 1202 4000 καὶ
1219 3946 1358 4000 κατά
1383 3947 1638 4000 ἑκουσίαν
1663 3945 1809 4015 γνώ-

202 4058 318 4112 μην
336 4041 443 4094 καὶ
484 4039 746 4094 ἀκουσίαν
781 4040 862 4102 εἰς
891 4037 960 4091 τὰ
1003 4037 1144 4091 αύτά
1193 4036 1472 4108 ἑρπετώδη
1504 4036 1613 4092 τῶν
1647 4036 1799 4108 αἱρέ-

199 4152 346 4190 σεων
404 4134 711 4205 διδάγματα
769 4128 1253 4203 παραπεπτωκότα
1299 4127 1591 4183 ἀντιδότων
1640 4127 1798 4201 δίκην

198 4225 665 4299 παραθησόμεθα.

1892 3314 2282 3377 ineubuerant,
2318 3317 2513 3368 contra
2544 3309 2761 3364 illarum
2790 3306 2943 3362 virus
2973 3304 3221 3376 quaedam
3251 3319 3317 3359 ex
3344 3304 3497 3358 radi-

1894 3406 2053 3463 cibus
2087 3416 2250 3476 atque
2280 3402 2466 3459 herbis
2509 3402 2752 3460 remedia
2783 3410 3216 3474 compararunt:
3256 3401 3339 3456 sic
3392 3416 3496 3455 nos

1896 3496 2142 3568 ejusdem
2175 3495 2413 3550 instituti
2437 3509 2580 3565 opus
2618 3494 2769 3551 istud
2799 3509 2926 3550 cum
2961 3508 3156 3549 eorum
3194 3507 3334 3564 quos
3368 3501 3498 3547 ante

1898 3587 2033 3653 dixi,
2065 3593 2182 3641 tum
2212 3591 2416 3653 vestro,
2443 3583 2500 3657 4
2522 3583 2723 3642 fratres
2753 3583 3093 3648 eharissimi,
3128 3583 3351 3639 hortatu
3373 3598 3497 3640 sus-

1900 3678 2184 3750 cepimus,
2224 3685 2285 3732 ut
2329 3676 2638 3732 exitialium
2695 3685 3012 3747 serpentum
3069 3690 3134 3731 ac
3192 3676 3494 3731 bestiarum

1908 3769 2174 3825 molestas
2228 3767 2444 3840 species
2488 3783 2552 3823 ac
2600 3766 3133 3824 letiferosmorsus
3183 3766 3498 3837 explicare—

1904 3877 2049 3917 mus.
2079 3859 2139 3915 ln
2169 3877 2280 3931 quo
2321 3859 2545 3931 quidem
2576 3859 2682 3916 hoc
2712 3874 2825 3916 una
2857 3859 3264 3930 prastabimus,
3301 3857 3497 3913 utad-

1901 3967 2095 4009 versus
2132 3952 2226 4008 illa
2260 3950 2529 4023 quidquid
2570 3952 2628 4007 in
2673 3952 2835 4008 nobis
2862 3951 3030 4007 situm
3088 3950 3228 4015 erit,
3286 3949 3499 4020 paucis,

1901 4062 2011 4102 uno
2044 4046 2257 4101 scilicet
2303 4053 2470 4117 atque
2521 4045 2702 4100 altero
2733 4044 2941 4112 verbo,
2989 4045 3142 4100 velut
3190 4042 3500 4098 antidotum

1898 4147 2267 4203 opponamus,
2297 4149 2407 4204 quo
2456 4143 2511 4190 et
2545 4134 2779 4189 illorum.
2814 4150 3027 4189 venena
3072 4135 3495 4204 propulsemus,

1897 4232 1953 4281 et
1982 4224 2283 4281 secundum
2317 4224 2509 4293 Deum,
2550 4225 2882 4295 quemlibet,
2911 4225 3005 4295 qui
3056 4225 3140 4281 vel
3170 4232 3365 4294 sponte
3408 4222 3488 4277 vel

197 4322 421 4377 invitus
454 4321 510 4376 in
541 4319 802 4376 haeretica
846 4318 937 4373 illa
966 4317 1257 4389 dogmata,
1291 4315 1438 4371 velut
1489 4323 1807 4387 serpentum
1847 4320 1999 4377 virus
2065 4319 2340 4387 inciderit,
2409 4321 2701 4391 siquidem
2743 4321 2873 4377 velit
2900 4321 3051 4391 ipse,
3082 4321 3318 4377 liberare
3372 4333 3499 4391 pos-

198 4416 407 4471 simus.

276 4515 353 4565 Δ’.
400 4509 509 4564 Καὶ
541 4509 648 4582 γὰρ
673 4508 930 4580 ἀπαρχῆς
974 4507 1148 4580 Ἀδὰμ
1175 4510 1241 4580 τῇ
1277 4507 1410 4579 ’έκτῃ
1437 4506 1623 4579 ἡμέρᾳ
1658 4505 1796 4561 πλα-

1976 4503 2068 4561 ιν.
2094 4504 2309 4561 Etenim
2332 4505 2575 4562 Adamus
2594 4504 2754 4561 initio
2766 4520 2951 4562 rerum
2971 4505 3217 4560 omnium
3231 4512 3387 4561 sexta
3403 4506 3495 4563 die

198 4603 357 4666 σθεὶς
389 4602 501 4656 ἀπὸ
522 4602 645 4673 γῆς,
672 4603 769 4655 καὶ
796 4599 979 4655 λαϐὼν
1008 4600 1071 4673 τδ
1096 4599 1399 4673 ἐμφύσημα
1429 4597 1795 4671 ὲζωογονήθη.

197 4699 281 4750 Οὐ
307 4696 443 4768 γὰρ,
470 4695 545 4760 ὥς
577 4712 719 4759 τινες
750 4694 975 4760 οἴονται,
1006 4693 1115 4747 ἀπὸ
1154 4692 1415 4765 πέμπτης
1442 4690 1666 4764 ἤρξατο,
1692 4692 1801 4763 ,καὶ

195 4788 264 4840 ἐν
302 4790 375 4858 τῇ
406 4786 540 4859 ἕκτῃ
583 4785 827 4857 ἐπλάσθη
848 4803 863 4816 ·
893 4784 1158 4855 ἔσφαλται
1183 4784 1293 4856 γὰρ
1326 4785 1359 4856 ἡ
1386 4783 1496 4836 τῶν
1534 4778 1801 4852 λεγόντων

202 4879 368 4934 τοῦτο
421 4878 646 4933 διάνοια.
708 4876 940 4943 Ἀπλοῦς
983 4878 1006 4910 ⁸
1060 4895 1121 4931 τε
1166 4873 1236 4948 ἦν
1283 4876 1377 4930 καὶ
1423 4874 1648 4938 ἄκακος,
1701 4875 1803 4928 οὐκ

203 4971 384 5042 ὄνομά
428 4988 479 5024 τι
516 4970 851 5041 κεκτημένος
894 4970 1102 5043 ἕτερον,
1150 4969 1211 5023 οὑ
1257 4967 1434 5040 δόξης,
1462 4968 1521 5022 ού
1551 4966 1801 5039 γνώμης,

272 5134 299 5168 ⁷
329 5131 455 5188 Vel.
489 5132 835 5204 Ταραιγινός.
908 5132 930 5163 ⁸
959 5134 1066 5200 Γρ.
1107 5129 1309 5227 ἁπλοῦς
1333 5125 1466 5184 οὖν..

277 5251 361 5323 (4)
392 5249 701 5321 Πάμφιλός
756 5268 843 5305 τε.
878 5249 975 5306 Rei
1029 5249 1294 5323 herbaria:
1342 5249 1644 5323 scriptores
1686 5250 1787 5323 ali-

199 5319 355 5392 qunti
405 5319 673 5386 recenset,
713 5337 946 5392 quorum
999 5322 1290 5392 plerosque
1339 5319 1790 5392 Dioscoridesin

202 5388 542 5449 Praefatione
586 5388 1018 5454 commemorat,—
1054 5400 1109 5446 et
1161 5388 1302 5445 Plin.
1358 5390 1457 5444 lib.
1500 5407 1539 5445 ι.
1601 5388 1661 5443 ln
1707 5389 1794 5445 his

210 5463 536 5534 Pamphilus
573 5463 663 5518 ille
716 5463 833 5534 ipse
871 5461 1084 5534 videtur
1118 5476 1261 5522 esse,
1292 5461 1361 5516 de
1382 5476 1504 5534 quo
1557 5459 1791 5534 Suidas;

213 5535 309 5604 qui
338 5529 491 5588 inter.
524 5529 1158 5604 caneraiGeorgicorum
1198 5539 1311 5604 tres
1382 5531 1552 5604 libros
1598 5529 1791 5604 edidit,

252 5606 394 5660 atria
446 5601 837 5675 Amphipolim,
878 5599 964 5675 vel
1007 5600 1322 5675 Sicyonius,
1349 5599 1793 5675 velNi‘eopolita.

238 5676 287 5729 is
321 5690 439 5756 quo
461 5671 725 5756 nonnulla
748 5673 950 5756 passim
979 5681 1246 5756 excerpta.
1274 5671 1532 5756 leguntur
1547 5671 1626 5756 in
1661 5671 1825 5756 genu

208 5739 440 5803 stantini
489 5739 801 5808 Geoponici‘s
829 5782 843 5795 .
899 5739 1163 5797 Meminit
1199 5748 1253 5795 et
1303 5739 1506 5797 alicubi
1546 5739 1800 5795 Photius.

292 5815 371 5887 (5)
418 5816 538 5871 Kal‘
570 5811 961 5887 Ϊῌρακξείδης
1001 5813 1035 5864 ὁ
1098 5809 1730 5887 Ταραντινός.ῼίιειιιιε
1773 5824 1804 5863 a

217 5880 424 5954 Caleno
452 5888 507 5944 in
543 5880 707 5943 libris
738 5881 815 5937 De
848 5898 1076 5954 compos.
1102 5881 1378 5938 medicam.
1400 5880 1551 5938 κατὰ
1582 5881 1804 5949 τόπους

1898 4594 1967 4652 de
2002 4604 2151 4651 terra
2182 4594 2473 4665 formatus,
2503 4596 2692 4651 alllatu
2723 4594 2817 4651 Dei
2843 4596 2994 4651 vitali
3023 4596 3220 4667 spiritu
3243 4594 3498 4667 perfusus

1899 4695 2005 4745 est.
2033 4687 2222 4758 Neque
2251 4689 2396 4744 enim
2424 4729 2438 4754 ,
2495 4696 2555 4743 ut
2590 4689 2873 4745 nonnullis
2916 4689 3130 4759 placet,
3173 4689 3361 4760 quinta
3410 4690 3498 4746 die

1900 4781 2197 4837 inchoatus
2222 4822 2238 4851 ,
2289 4790 2443 4837 sexta
2474 4780 2696 4836 demum
2732 4781 3027 4837 absolutus
3052 4789 3138 4836 est
3169 4801 3181 4836 :
3218 4782 3366 4853 quod
3403 4783 3500 4852 qui

1903 4883 2181 4940 asserunt,
2227 4889 2558 4946 magnopere
2586 4873 2878 4929 falluntur.
2916 4871 3057 4928 Tum
3098 4889 3230 4930 vero
3270 4873 3503 4944 simplex-

1904 4975 2072 5038 atque
2110 4966 2317 5037 integer
2333 4974 2715 5038 .erot,,neque
2743 4968 3216 5039 alteroquepiam
3254 4968 3498 5031 nomine,

1896 5249 1991 5302 καὶ
2030 5246 2195 5317 γένη,
2260 5261 2485 5317 necnon
2516 5256 2595 5317 et
2622 5280 2625 5283 -
2651 5247 2721 5302 ab
2750 5246 3012 5317 Athean
3043 5246 3137 5300 lib.
3186 5261 3276 5317 tn,
3329 5244 3501 5317 Hera-

1897 5315 2063 5372 clides
2091 5317 2433 5370 Tarentinus.
2474 5316 2619 5371 Idem
2660 5325 2715 5371 et
2746 5316 2981 5370 Andrem
3003 5316 3197 5369 medici
3229 5315 3499 5370 meminit.

1970 5388 2051 5458 (6)
2094 5385 2342 5453 Βᾶσσος
2377 5390 2430 5458 id;
2470 5388 2700 5451 Τύλιος.
2742 5406 2760 5438 ι
2802 5385 2972 5458 Tylus
3003 5385 3311 5458 Messenia},
3346 5387 3527 5451 urbs,~

1943 5455 2063 5513 nam
2084 5458 2331 5511 nonnulli
2354 5456 2610 5524 OEtvlum
2635 5455 2887 5518 vocant,»
2924 5455 3000 5510 ait
3033 5455 3234 5511 Strabo
3260 5456 3355 5510 lib.
3377 5472 3500 5511 vm.

1908 5526 2015 5584 Sed
2057 5535 2317 5598 corrupta
2372 5528 2476 5581 hoc
2535 5529 2951 5598 lorovoxest,
2996 5526 3400 5597 legendumque
3435 5543 3502 5581 ex

1911 5596 2242 5655 Dioscoride
2282 5597 2492 5660 Βᾶσσος
2534 5597 2563 5649 ὁ
2587 5596 2823 5659 Ἰούλιος.

1982 5670 2061 5737 (7)
2093 5669 2203 5723 Καὶ
2242 5665 2571 5735 Πετρώνιος
2603 5664 3181 5737 Nirep.Dioscorides
3219 5666 3499 5720 Petronius

1914 5736 2082 5810 Niger
2131 5738 2470 5810 conjunctim
2519 5736 2699 5793 habet.
2728 5736 2961 5810 Plinius
2995 5753 3126 5810 vero
3186 5737 3497 5810 Petronium

1914 5806 2202 5936 Dibldotum
2231 5806 2472 5881 copulat,
2499 5813 2656 5880 quasi
2689 5806 2936 5880 ejusdem
2969 5808 3080 5863 sint
3113 5809 3500 5880 appellationes

1914 5896 1997 5936 am
2021 5895 2102 5936 ηιξ.

1912 5896 1997 5937 am
2007 5895 2084 5937 na:
2092 5924 2102 5936 .

3380 425 3480 481 FS
3588 416 3629 505 ί
