4058 6436
283 321 355 380 {SI

928 325 1302 387 ADVERSUS
1343 331 1688 411 HAZBESES
1729 334 1854 392 LIB.

1895 335 1935 392 1.
1985 336 2155 397 ΤΟΜ.
2190 336 2229 394 Ι.
2271 367 2339 380 -~
2382 340 2661 400 HAERES.
2705 346 2847 401 l-IV.
3391 358 3489 411 I32

278 445 488 513 Ἕλλην,
510 446 614 500 οὐκ
652 445 976 519 Ἰουδαῖος),
1000 448 1376 525 βαρϐαρισμὸς
1403 456 1526 510 τότε
1556 458 1799 512 ἐκαλεῖτο

1908 461 2367 531 appellatiOnibus
2399 478 2534 520 usus
2563 475 2647 520 est
2686 465 2985 536 Apostolus
3027 485 3152 525 cum
3185 472 3259 527 ita
3306 474 3488 545 loqui-

274 537 318 590 ίν
342 536 443 599 ταῖς
465 534 587 589 δέκα
613 539 825 604 γενεαῖς
855 536 947 591 τοῦ
982 539 1173 611 χρόνου
1208 541 1268 596 τὸ
1304 543 1612 616 ἐπώνυμον.
1641 548 1800 602 Μετὰ

273 628 316 683 δὲ
332 628 402 681 τὺν
423 628 785 701 κατακλυσμὸν
809 632 1108 705 ἐπιστάσης
1132 634 1231 705 τῆς
1258 634 1527 707 λάρνακος
1552 639 1653 694 τοῦ
1673 641 1798 695 Νῶε

271 723 317 775 ἐν
339 722 432 783 τοῖς
460 718 600 790 ὄρεσι
625 722 734 785 τοῖς
779 722 1017 794 Ἀραρὰτ
1047 724 1146 797 (9),
1166 725 1267 781 ἀνὰ
1289 727 1455 799 μέσον
1498 732 1798 803 Ἀρμενίων

270 811 341 864 καὶ
367 810 636 881 Καρδυέων
662 812 718 863 ὲν
745 811 820 883 τῷ
851 814 1071 891 Λουϐὰρ
1100 816 1215 888 ὄρει
1250 819 1589 894 καλουμένῳ,
1618 828 1797 880 ἐκεῖσε

270 902 443 975 πρῶτον
478 904 785 975 κατοίκησις
840 907 1049 975 γίνεται
1090 910 1228 980 μετὰ
1268 911 1357 966 τὸν
1412 916 1797 989 κατακλυσμὸν

268 994 347 1048 τῶν
366 994 662 1067 ἀνθρώπων.
689 998 1109 1069 Κάκεῖιρυτεύει
1133 1004 1434 1074 ἀμπελῶνα
1460 1008 1584 1062 Νῶε
1613 1010 1641 1062 ὁ
1664 1028 1797 1082 προ-

268 1088 423 1158 φῆτης.
460 1090 695 1161 οἰκιστής
745 1108 805 1144 τε
834 1091 1043 1159 γίνεται
1074 1093 1166 1147 τοῦ
1204 1096 1395 1151 τόπου.
1449 1098 1695 1156 Γίνονται
1738 1103 1796 1158 δὲ

268 1181 350 1242 τοῖς
370 1177 517 1232 αὑτοῦ
547 1181 731 1234 παισὶν
779 1181 860 1253 (οὐ
895 1182 1004 1255 γὰρ
1048 1184 1127 1239 ἔτι
1174 1186 1337 1242 αὐτὸν
1384 1189 1641 1259 ἐμφαίνει
1678 1193 1793 1268 [l0]

266 1270 615 1343 γεγεννηκέναι)
678 1274 864 1339 παῖδες
902 1277 996 1329 καὶ
1038 1279 1243 1334 παίδων
1267 1282 1477 1349 παῖδες,
1516 1286 1621 1351 ἕως
1651 1287 1794 1360 πέμ⁶

266 1377 371 1431 πτης
387 1361 563 1429 γενεᾶς
590 1361 725 1415 ἐτῶν
749 1362 1048 1428 ἑξακοσίων
1073 1375 1592 1442 πεντηκονταεννέα,
1620 1377 1795 1450 πάρεξ

262 1450 331 1504 τοῦ
360 1452 481 1524 Σήμ.
505 1454 637 1507 Κατ’
664 1454 983 1511 ἀκολουθίαν
999 1460 1055 1513 δὲ
1086 1460 1179 1515 τοῦ
1209 1462 1390 1532 λόγου,
1418 1464 1593 1538 ἔξειμι
1628 1470 1668 1502 ¹¹
1696 1471 1795 1542 τὴν

262 1542 559 1611 γενεαλογίαν
618 1544 713 1597 τοῦ
761 1546 877 1610 ἐνὸς
921 1548 1058 1601 υίοῦ.
1106 1550 1228 1622 Σὴμ
1274 1554 1451 1608 τοίνυν
1502 1561 1668 1631 γεννᾷ
1706 1561 1796 1615 τὸν

271 1629 521 1702 Ἀρφαξὰδ,
578 1635 855 1706 Ἀρφαξὰδ
902 1638 995 1691 τὸν
1036 1641 1220 1710 Κηνᾶ,
1278 1644 1451 1714 Κηνᾶ,
1478 1648 1569 1701 τὸν
1628 1629 1792 1718 Σαλᾶ,

263 1722 374 1777 Σαλᾶ
406 1725 488 1779 τὸν
538 1725 728 1800 Ἔϐερ,
774 1728 974 1801 εὐλαϐῆ
1023 1734 1115 1786 καὶ
1169 1733 1427 1809 θεοσεϐῆ·
1471 1740 1637 1813 Ἔϐερ
1702 1744 1807 1797 τὸν.

259 1813 413 1869 fluitat.

310 1993 371 2048 E';
410 1998 690 2051 Καὶόὑδέν
737 1994 805 2071 ἦν
844 2000 934 2053 ἐπὶ
985 2002 1084 2074 τῆς
1127 2005 1250 2076 γῆς,
1300 2004 1398 2079 οὐχ
1448 2010 1675 2083 αἵρεσις,
1730 2015 1789 2066 οὐ

261 2086 409 2159 γνώμη
440 2090 592 2164 ἑτέρα
616 2091 715 2144 καὶ
753 2093 935 2164 ἑτέρα,
973 2093 1087 2147 ἀλλ’
1109 2093 1143 2166 ἤ
1167 2095 1325 2166 μόνον
1353 2096 1629 2170 ἄνθρωποι
1663 2103 1793 2156 ἑκα-

261 2174 423 2243 λοῦντο,
447 2180 558 2246 ἑνὸς
590 2181 808 2252 χείλους
838 2183 933 2236 καὶ
963 2185 1093 2255 μιᾶς
1118 2185 1384 2258 γλώττης.
1416 2184 1524 2243 Ἷιν
1544 2190 1600 2243 δὲ
1631 2192 1791 2263 μόνον

256 2269 433 2325 ἀσέϐεια
453 2274 540 2325 καὶ
566 2273 825 2327 εὐσέϐεια
850 2276 878 2327 ὁ
899 2275 1043 2330 κατὰ
1071 2276 1232 2346 φύσιν
1252 2279 1439 2351 νόμος,
1468 2283 1560 2336 καὶ
1588 2284 1620 2355 ἡ
1651 2283 1793 2337 κατὰ

256 2360 381 2429 φύσιν
416 2365 531 2428 ἐνὸς
556 2367 793 2421 ἑκάστου
836 2368 1155 2442 προαίρεσις
1200 2370 1293 2425 τοῦ
1334 2370 1659 2446 θελήματος,
1699 2377 1793 2431 καὶ

256 2454 328 2507 οὐκ
349 2454 441 2509 ἀπὸ
462 2456 832 2521 διδασκαλίας,
876 2457 1000 2512 οὔτε
1034 2460 1143 2513 ἀπὸ
1182 2464 1633 2535 συγγραμμάτων
1667 2483 1792 2536 συγ-

258 2546 460 2615 γραφέων
501 2548 720 2620 πλάνη⁶
763 2550 865 2603 οὐκ
902 2550 1255 2623 Ἰουδαῖσμὸς,
1311 2554 1412 2625 οὐχ
1454 2556 1667 2625 αἵρεσίς
1710 2576 1793 2622 τις

256 2636 397 2710 ἑτέρα,
412 2638 538 2704 ἀλλ’,
554 2640 629 2704 ὡς
647 2642 848 2705 εἰπεῖν,
879 2643 912 2714 ἡ
940 2642 1035 2695 νῦν
1052 2642 1234 2709 πίστις
1251 2646 1713 2721 ὲμπολιτευομένη
1737 2652 1794 2704 ὲν

257 2731 302 2800 τῇ
322 2730 424 2799 ἄρτι
447 2731 573 2804 ἁγία
587 2732 687 2786 τοῦ
710 2732 845 2787 Θεοῦ
860 2732 1121 2806 καθολικῇ
1163 2736 1480 2811 Ἐκκλησία,
1499 2740 1595 2793 ἀπ’
1620 2742 1793 2814 ἀρχῆς

258 2814 370 2886 οὖσα,
397 2823 481 2876 καὶ
503 2823 732 2900 ὕστερον
752 2824 917 2879 πάλιν
932 2827 1400 2898 ἁποκαλυφθεῖσα.
1418 2830 1516 2902 ,Τῷ
1538 2832 1649 2905 γὰρ
1666 2833 1792 2903 βου-

260 2913 429 2990 ἰωμένῳ⁵
448 2917 757 2997 φιλαλήθως
801 2919 927 2975 ἰδεῖν
959 2920 1104 2994 ἁρχὴ
1134 2922 1355 2977 πάντων
1384 2924 1534 2978 ἐστὶν
1564 2926 1598 2997 ἡ
1630 2926 1796 2981 καθο-

254 3005 345 3079 iud]
366 3009 446 3064 mi
462 2992 584 3080 ἁγία
624 3010 933 3085 Ἐκκλησία
951 3012 1015 3078 ἐξ
1041 2992 1209 3069 αὖτοῦ
1234 3013 1328 3069 τοῦ
1357 2992 1596 3071 σκοποῦ.-
1628 3018 1797 3091 Ἀδὰμ

251 3099 332 3169 γὰρ
372 3104 788 3173 πρωτόπλαστος
841 3105 1183 3173 πέπλασται,
1232 3107 1333 3162 οὐκ
1386 3108 1792 3183 ὲμπερίτομος,

248 3166 339 3245 ἀλλ’
361 3166 696 3270 ἀκροϐυστης
728 3166 827 3270 μέν
866 3202 933 3271 τῇ
961 3201 1147 3272 σαρκί·
1169 3166 1276 3255 ὀὐκ
1304 3166 1698 3275 εἰδωλολατρᾷ
1822 3166 1866 3223 c

247 3280 316 3357 ἦν·
335 3290 414 3340 καὶ
427 3289 534 3361 ᾔδει
556 3290 788 3362 Πατέρα
803 3290 955 3355 Θεὸν,
976 3294 1070 3347 καὶ
1089 3292 1240 3358 Υίὸν,
1252 3295 1345 3348 καὶ
1360 3294 1514 3363 ἅγιον
1532 3295 1759 3366 Πνεῦμα
1777 3314 1791 3347 -_

246 3382 488 3454 προφήτης
516 3384 625 3456 γὰρ
662 3379 754 3454 ἦν.
799 3385 911 3439 Οὐκ
943 3384 1084 3455 ἔχων
1128 3387 1311 3440 τοίνυν
1341 3387 1664 3460 περιτομὴν,
1695 3390 1796 3442 οὐκ

246 3464 301 3541 ἢν
332 3470 591 3538 Ἰουδαῖοςο
628 3474 801 3542 ξόανα
826 3474 883 3528 δὲ
913 3475 989 3547 μὴ
1019 3476 1340 3548 προσκυνῶν
1373 3477 1409 3547 ἢ
1440 3477 1568 3533 ἄλλο
1594 3497 1668 3546 τι,
1695 3480 1809 3534 οὐκ.

246 3557 299 3635 ἧν
326 3565 723 3640 εἰδωλολάτρης.
755 3569 1048 3639 Προφήτης
1090 3567 1199 3641 γὰρ
1227 3570 1257 3622 ὁ
1301 3568 1497 3640 Ἀδὰμ,
1525 3572 1619 3625 καὶ
1656 3571 1799 3644 ᾔδει,

246 3657 312 3710 ὅτι
333 3659 358 3711 ὁ
380 3659 557 3732 Πατὴρ
584 3655 715 3713 εἶπε
762 3658 841 3729 τῷ
881 3657 1028 3730 Υίῷο
1071 3659 1426 3731 Ποιήσωμεν
1458 3661 1793 3731 ἄνθρωπον.

247 3746 298 3800 Τί
323 3745 404 3803 οὖν
422 3746 486 3822 ἦν
519 3754 665 3824 μήτε
692 3751 995 3822 περιτομὴν
1019 3751 1178 3823 ἔχων,
1206 3755 1341 3825 μήτε
1376 3753 1573 3809 εἴδωλα
1599 3755 1796 3820 σέϐων,

244 3839 356 3895 ἀλλὰ
386 3843 472 3898 τοῦ
505 3843 943 3916 Χριστιανισμοῦ
967 3845 1425 3917 τὸνχαρακτῆρα
1445 3848 1798 3916 ὑποφαίνωνς

245 3933 373 3990 οὕτω
403 3938 492 3992 καὶ
523 3940 614 3993 ἐπὶ
641 3937 738 3991 τοῦ
778 3937 963 4000 Ἅϐελ,
997 3939 1092 3991 καὶ
1128 3938 1220 3991 ἐπὶ
1251 3937 1348 3991 τοῦ
1399 3939 1530 4011 Σὴθ,
1567 3942 1659 3994 καὶ
1705 3942 1800 3995 ἐπὶ

244 4028 318 4082 τοῦ
348 4030 658 4100 Ἑνὼς,,καὶ
695 4030 790 4084 ἐπὶ
824 4030 920 4084 τοῦ
963 4030 1155 4102 Ἑνὼχ,
1184 4032 1279 4085 καὶ
1309 4033 1403 4085 ἐπὶ
1432 4032 1545 4087 τοῦ.
1576 4033 1800 4088 Μαθου-

244 4122 376 4190 σάλα,
405 4124 493 4179 καὶ
521 4125 615 4178 ἐπὶ
660 4122 753 4177 τοῦ
781 4121 929 4189 Νῶε,
960 4124 1055 4177 καὶ
1080 4124 1174 4177 ἐπὶ
1201 4124 1295 4178 τοῦ
1319 4123 1513 4195 Ἔϐερ,
1549 4124 1680 4196 ἄχρι
1705 4126 1798 4179 τοῦ

251 4214 472 4290 ’Δϐραὰμ
507 4217 859 4289 διαληπτέον.
900 4216 1153 4289 Ἐνήργει
1199 4218 1257 4272 δὲ
1304 4218 1428 4271 τότε
1460 4219 1710 4274 εὐσέϐειά
1740 4236 1801 4272 τε

243 4306 320 4358 καὶ
348 4308 581 4373 ἀσέϐεια,
628 4307 814 4371 πίστις
859 4306 954 4360 καὶ
1001 4306 1261 4360 ἀπιστία·
1309 4306 1493 4371 πίστις
1551 4307 1652 4379 μὲν
1705 4309 1802 4360 ὲπ-

240 4398 412 4468 ἔχουσα
427 4400 517 4453 τοῦ
542 4396 980 4471 Χριστιανισμοῦ
1006 4397 1106 4470 τὴν
1134 4398 1340 4463 εἰκόνα,
1368 4400 1595 4453 ἀπιστία
1616 4399 1675 4453 δὲ
1701 4399 1800 4453 ὲπ-

241 4492 410 4563 ἐχουσα
428 4495 687 4557 ἀσεϐείας
703 4492 796 4547 τὸν
811 4491 1136 4563 χαρακτῆρα
1148 4493 1243 4545 καὶ
1256 4492 1623 4564 παρανομίας,
1641 4495 1794 4547 ὲνανσ

241 4586 312 4639 sic
331 4587 418 4641 τοῦ
446 4588 589 4642 κατὰ
621 4586 784 4657 φύσιν
815 4584 1003 4655 νόμου,
1042 4583 1147 4648 ἕως
1184 4582 1377 4637 τούτου
1406 4583 1500 4638 τοῦ
1530 4585 1792 4658 προδεδηιτ

1903 560 1993 605 tur
2026 570 2038 605 :
2069 551 2133 607 In
2154 550 2377 609 Christo
2405 553 2534 609 Jeru
2566 572 2728 627 neque
2764 558 3046 626 barbarus,
3081 580 3243 635 neque
3270 564 3492 639 Scytha,

1902 659 2063 713 neque
2086 642 2330 710 Graecus,
2353 663 2515 716 neque
2546 645 2774 703 luditur
2807 661 2884 705 est
2915 653 3003 723 "),
3030 654 3249 719 illorum
3280 666 3494 730 tempo-

1902 748 2024 788 rum
2075 742 2290 801 status,
2344 738 2437 806 qui
2492 740 2613 794 sub.
2643 741 2830 797 decem
2887 748 3332 815 generationibus
3367 751 3491 823 fuit,

1901 826 2234 884 barbarismi
2275 844 2410 885 voce
2439 833 2859 902 cognominatus
2889 846 2993 893 εει.
3047 838 3176 895 Post
3222 842 3486 900 diluvitnn

1882 914 2024 973 ‘cuni
2060 918 2117 973 in
2152 919 2369 976 Ararati
2404 923 2714 991 montibus,
2750 928 3066 989 Armeniam
3100 932 3244 989 inter
3267 945 3323 991 et
3355 935 3488 992 Car-

1899 1008 2070 1080 dyeos
2099 1010 2156 1066 in
2181 1010 2400 1068 Lubare
2419 1013 2559 1071 colle
2577 1014 2767 1071 Noemi
2801 1032 2927 1074 arca
2958 1023 3303 1081 constitisset
3329 1028 3395 1091 ⁸³,
3416 1029 3486 1083 il-

1895 1101 1970 1157 lic
2018 1103 2195 1172 prima
2223 1102 2509 1159 hominum
2569 1108 2875 1163 secundum
2921 1110 3188 1167 diluvium
3221 1114 3490 1173 habitatio

1898 1192 2021 1249 fuit.
2071 1192 2388 1267 Ibidemque
2416 1196 2658 1254 Noemus
2710 1199 2972 1272 propheta
3024 1205 3187 1262 vitem
3219 1210 3487 1274 consevit,

1896 1285 2313 1343 aedoniieilium
2339 1290 2650 1346 constituit.
2693 1291 2868 1364 Cujus
2902 1294 3094 1354 liberis
3143 1299 3315 1369 (hunc
3341 1300 3488 1356 enim

1896 1377 2075 1448 ipsum
2103 1394 2366 1450 generare
2394 1379 2628 1439 desiisse
2660 1399 2836 1441 sacra
2884 1385 3109 1445 Litterae
3151 1390 3486 1461 signiﬁcant)

1899 1470 1992 1524 ﬁlii
2051 1485 2116 1525 ac
2155 1481 2381 1542 nepotes
2429 1472 2497 1527 ad
2556 1476 2807 1545 quintam
2855 1494 3030 1551 usque
3081 1485 3488 1552 gencrationem

1898 1557 2011 1611 nati
2058 1566 2209 1623 sunt,
2247 1561 2313 1615 ad
2369 1576 2546 1619 annos
2588 1564 2799 1622 scilicet
2835 1567 2974 1634 669,
3009 1578 3205 1639 praeter
3242 1571 3488 1630 Seruum.

1896 1648 2068 1718 Cujus
2117 1650 2281 1708 unius
2330 1654 2542 1723 prolem
2602 1656 2868 1728 deinceps
2915 1664 3488 1722 commemorabimus.

1896 1739 2067 1813 Igitur
2116 1741 2313 1801 Semus
2356 1744 2744 1816 Arphaxadum
2797 1753 3021 1822 genuit;
3085 1754 3188 1812 iste
3239 1757 3489 1823 Cainam,

1826 1827 1869 1881 Β
1896 1832 2109 1891 (Ξαίιιοεν
2137 1834 2361 1903 Salam;
2394 1835 2550 1896 Salas
2585 1838 2848 1908 Eberum,
2880 1834 3039 1913 pium
3091 1845 3265 1901 virum
3301 1862 3365 1903 ac
3395 1846 3489 1905 Dei
3584 1898 3593 1907 .

1896 1926 2198 1994 cultorem;
2230 1927 2320 1984 hic
2353 1927 2665 2005 Phalcrum.

1971 2016 2034 2072 V.
2068 2018 2224 2075 Nulla
2250 2036 2348 2092 per
2379 2022 2431 2077 id
2466 2031 2682 2094 tempus
2710 2026 2766 2081 in
2802 2027 2969 2083 terris
2999 2028 3258 2096 hmrcsis;
3281 2032 3492 2102 opinio-

1872 2123 2029 2163 -num
2076 2111 2225 2164 nulla
2258 2110 2577 2181 dissensio;
2617 2129 2745 2169 cum
2795 2116 3039 2173 universi
3079 2119 3196 2173 sola
3253 2118 3492 2177 hominis

1897 2201 2260 2271 appellatione
2280 2213 2643 2261 censerentur
2669 2223 2685 2272 ;
2716 2206 2862 2262 labio
2890 2222 3024 2274 uno,
3056 2225 3273 2282 unaque
3307 2212 3490 2284 lingua

1898 2294 2133 2365 praediti.
2167 2294 2351 2353 Pietas
2372 2312 2540 2368 porro
2565 2308 2730 2370 atque
2761 2300 3017 2372 impietas
3049 2304 3166 2358 sola
3193 2313 3314 2360 erat
3338 2316 3493 2361 natu-

1896 2402 1973 2442 rte
2005 2387 2143 2461 lege,
2175 2396 2270 2445 aut
2299 2390 2738 2463 uniuscujusque
2771 2393 2838 2448 ad
2888 2400 3144 2450 naturam
3178 2411 3491 2453 accommo-

1895 2478 2023 2533 data
2053 2480 2337 2539 voluntate
2387 2481 2637 2544 deﬁnita,
2674 2483 2919 2557 necdum
2956 2501 3115 2543 error
3164 2497 3489 2556 emerserat,

1898 2569 2015 2626 sive
2043 2570 2335 2643 disciplina
2368 2582 2725 2645 comparatus
2747 2615 2763 2641 ,
2805 2576 2922 2633 sive
2952 2578 3304 2637 monimentis
3351 2581 3488 2636 seri.

1897 2669 2115 2732 ptorum
2158 2664 2419 2722 traditus.
2454 2664 2643 2737 Neque
2695 2666 2862 2738 igitur
2895 2667 3255 2737 Judaismus,
3310 2688 3491 2743 neque

1898 2753 2005 2808 alia
2033 2755 2144 2809 ulla
2187 2766 2338 2812 secta
2372 2755 2654 2829 prodierat
2693 2777 2706 2814 :
2739 2758 2859 2824 sed,
2920 2766 2981 2815 ut
3027 2761 3104 2816 ita
3143 2760 3361 2825 dicam,
3400 2765 3492 2818 illa

1897 2840 2087 2898 eadem
2127 2843 2431 2911 obtinebat,
2476 2860 2599 2917 qua:
2629 2847 2793 2903 hodie
2812 2848 2958 2919 ain
3010 2858 3225 2906 sancta.
3259 2850 3353 2906 Dei
3383 2854 3491 2908 Ec-

1898 2934 2066 2989 clesia
2106 2948 2170 2989 ac
2204 2934 2477 2991 catholica
2520 2945 2839 3006 perseverat
2882 2936 3051 3002 ﬁdes,
3104 2954 3228 3008 qua:
3256 2954 3379 2996 cum
3425 2941 3492 2994 ab

1899 3022 2037 3094 ipsis
2060 3036 2245 3078 rerum
2282 3023 2602 3094 primordiis
2633 3024 2923 3095 viguisset,
2957 3041 3156 3082 rursus
3188 3036 3275 3084 est
3302 3038 3492 3098 postea

1899 3114 2192 3188 patefacta.
2225 3111 2443 3172 Etenim
2482 3117 2529 3171 si
2566 3116 2693 3186 quis
2722 3118 2828 3173 ista
2860 3119 2979 3174 solo
3017 3119 3266 3177 veritatis
3307 3122 3492 3176 studio

1900 3207 2172 3278 impulsus
2225 3207 2352 3261 velit
2388 3207 2737 3277 expendere,
2773 3224 2883 3264 non
2916 3208 3191 3264 dubitabit
3238 3220 3490 3267 sanctam

1899 3308 2063 3369 atque
2083 3296 2409 3354 catholicam
2438 3295 2743 3353 Eeclesiam
2778 3298 3010 3368 primam
3046 3299 3292 3353 omnium
3321 3302 3490 3357 exsti-

1897 3391 2054 3456 tisse,
2081 3388 2381 3445 dummodo
2416 3404 2647 3461 scopum
2703 3390 2885 3461 ipsum
2930 3390 3269 3447 consideret.
3317 3391 3490 3447 Adam

1898 3481 2043 3538 enim
2073 3481 2354 3536 hominum
2407 3479 2667 3551 princeps
2716 3495 2749 3534 a
2783 3478 2894 3535 Deo
2928 3480 3209 3547 conditus,
3239 3492 3351 3535 non
3385 3481 3491 3535 cir-

1900 3574 2197 3637 cumcisus,
2233 3572 2326 3629 sed
2343 3572 2613 3643 praeputio
2640 3570 2904 3642 praeditus
2931 3569 3056 3627 fuit.
3090 3570 3280 3644 Neque
3309 3580 3491 3627 tamen

1898 3667 2043 3723 idola
2082 3674 2369 3738 propterea
2400 3664 2592 3728 coluit,
2627 3671 2682 3718 et
2716 3662 2890 3718 Deum
2915 3661 3137 3719 Patrem
3171 3678 3299 3719 cum
3331 3662 3491 3727 Filio,

1899 3775 1964 3815 ae
1997 3756 2205 3830 Spiritu
2245 3764 2443 3813 sancto
2466 3762 2651 3825 utpote
2678 3755 2946 3824 propheta
2977 3753 3255 3825 cognovit.
3287 3753 3491 3819 Quam.

1890 3853 2090 3921 .obrem
2134 3850 2283 3922 quod
2332 3849 2764 3906 circumcisione
2817 3848 3033 3910 caruit,
3083 3845 3308 3901 Judaeus
3370 3861 3493 3901 esse

1898 3959 2010 4000 non
2039 3944 2221 4015 potuit
2261 3958 2276 3995 :
2314 3942 2604 3999 idololatra
2647 3955 2777 3997 vero
2808 3940 3035 3995 minime
3066 3938 3202 4003 l‘uit,
3236 3954 3359 3995 cum
3396 3955 3492 3995 ne-

1899 4052 2008 4107 que
2036 4036 2359 4102 simulacra,
2388 4051 2568 4105 neque
2612 4034 2720 4089 alia
2751 4033 2807 4088 id
2854 4049 3028 4105 genus
3060 4034 3333 4090 adoraret.
3366 4033 3493 4089 Fuit

1900 4128 2046 4183 enim
2076 4127 2167 4182 ille
2198 4125 2484 4196 propheta,
2517 4138 2571 4181 et
2604 4125 2709 4180 hoc
2726 4125 2871 4179 Filio
2893 4141 2924 4179 a
2947 4127 3112 4181 Patre
3139 4125 3347 4180 dictum
3369 4141 3493 4181 esse

1902 4219 2133 4285 sciebat,
2154 4217 2446 4273 Faciamus
2472 4218 2739 4272 hominem
2764 4216 2828 4271 ίδ.
2843 4215 3113 4283 Quidnam
3141 4216 3308 4289 igitur
3334 4219 3491 4272 erat?

1903 4309 2139 4365 Omnino
2166 4324 2344 4379 neque
2388 4308 2753 4366 circumcisus
2774 4349 2789 4375 ,
2824 4324 3004 4379 neque
3046 4309 3209 4366 idolis
3236 4308 3490 4367 addictus

1900 4404 2232 4460 Christianae
2250 4401 2533 4473 religionis
2552 4400 2846 4473 imaginem
2865 4401 3159 4458 referebat.
3187 4401 3295 4457 Par
3313 4403 3487 4459 idem-

1902 4511 2010 4581 que
2043 4495 2112 4551 de
2159 4493 2370 4558 Abelo,
2427 4492 2627 4560 Setbo,
2664 4493 2847 4560 Enos,
2889 4492 3100 4563 Enoch,
3159 4494 3486 4559 Mathusala,

1901 4587 2140 4652 Noemo,
2165 4584 2400 4650 Hebere,
2418 4585 2490 4641 ad
2519 4585 2799 4641 Abraham
2836 4602 3033 4659 usque,
3061 4585 3332 4661 judicium
3365 4603 3491 4646 esse

298 4699 333 4730 “
365 4698 521 4758 Forte
539 4699 794 4771 διέξειμι.
874 4698 917 4730 “
947 4695 1162 4755 Coloss.
1190 4712 1274 4765 ul,
1311 4697 1398 4751 11.
1476 4698 1522 4732 ¹³
1550 4699 1688 4758 Gen,
1722 4720 1792 4759 vu

1900 4718 2083 4775 isqq..
2139 4699 2183 4731 “
2207 4695 2343 4755 Gen.
2368 4714 2407 4763 I,
2426 4697 2518 4754 26.

301 4816 368 4887 (9)
391 4819 486 4891 ’ἓν
508 4818 638 4891 τοῖς
662 4817 831 4891 ὄρεσι
854 4816 982 4891 τοῖς
997 4816 1258 4891 Ἁραράτ.
1283 4817 1572 4891 Chaldaeus
1601 4818 1799 4887 Cordo,

1919 4818 2284 4891 Epiphanium
2324 4814 2821 4891 in_Arioinanitirr
2854 4817 3085 4891 Sedde,
3111 4819 3261 4891 labra
3324 4828 3489 4877 czete-

240 4883 282 4939 Id
302 4883 377 4943 est
401 4883 704 4962 Γορδιαῖοςζ
727 4886 1018 4962 Jusepbus,
1043 4883 1139 4962 lib.
1177 4903 1214 4951 ι.
1246 4891 1435 4962 (ξιιμ-4
1462 4907 1476 4945 :
1507 4883 1814 4962 ’ᾼποϐατήᾷ

242 4972 336 5024 ριον
372 4958 664 5031 τδν’τόπον
693 4958 884 5031 τοῦτον
931 4958 1209 5031 Ἀρμένιοι
1235 4958 1481 5031 καλοῦσι.
1526 4960 1647 5031 Mox
1710 4961 1811 5019 Be-

241 5040 405 5097 rosum
430 5030 750 5085 Chaldmum
782 5030 918 5083 citat
945 5047 957 5083 :
984 5023 1217 5097 Κέγεται
1246 5029 1303 5083 δὲ
1338 5030 1435 5083 καὶ
1483 5030 1578 5084 τοῦ
1617 5031 1804 5086 πλοίου
1838 5080 1846 5086 .

239 5095 288 5151 ὲν
311 5101 370 5174 τῇ
385 5100 649 5174 Ἀρμενίᾲ
672 5099 904 5174 πρρςτῷ
926 5100 1045 5174 ὄρει
1070 5095 1178 5153 τῶν
1199 5100 1517 5174 Κορδυαίων
1541 5101 1802 5174 ἐτιμέρος

240 5183 283 5244 τι
308 5155 460 5244 εἶναιί
486 5155 730 5244 itetn°e_x'
754 5155 981 5244 Nicolao
1017 5155 1395 5244 Damasceiio:
1430 5172 1617 5244 Ἔστιν
1636 5155 1803 5244 ’ξῦπὲρ

240 5239 324 5310 τὴν
349 5243 595 5314 Μινυάδα
627 5242 769 5314 μέγα
794 5241 919 5312 ὅρος
951 5240 1103 5314 κατὰΔ
1134 5241 1426 5314 Ἀρμενίαν
1452 5242 1621 5314 Βάρις
1649 5239 1807 5313 λεγόζ

242 5314 499 5384 μενον,είς
527 5313 558 5366 ὃ
591 5310 1362 5384 πολλοὺςήσυμφυγόνταςᾴὲπὶ
1408 5311 1501 5366 τοῦ
1536 5310 1807 5384 κατακλυρ

243 5382 375 5455 σμοῦᾷ
406 5384 568 5455 λόγος
624 5383 743 5455 ἔχει
784 5381 1177 5455 περισωθῆναι.
1226 5381 1558 5455 Franciscus
1601 5382 1801 5439 Junius

243 5462 335 5518 pro
351 5452 426 5507 Βά
465 5452 536 5520 ις,
558 5452 972 5510 rescribendum
996 5454 1271 5510 existimat
1302 5452 1575 5526 Λούϐαρις
1599 5473 1611 5508 :
1636 5471 1666 5509 a
1689 5471 1801 5526 quo

243 5535 335 5576 non
362 5471 648 5579 abhorreo.
675 5524 783 5579 Sed
814 5524 955 5579 idem
988 5523 1254 5579 solemnia
1284 5523 1516 5579 delirat.
1540 5540 1664 5579 cum
1685 5524 1797 5579 Lu-

242 5535 335 5576 non
362 5523 648 5581 abhorreo.
675 5524 783 5580 Sed
814 5524 955 5579 idem
988 5523 1254 5580 solemnia
1284 5523 1516 5591 delirat,
1540 5540 1664 5579 cum
1685 5523 1797 5579 Lu-

242 5588 329 5645 bar
345 5593 699 5659 Armenio,‘et
722 5593 1047 5665 Egyptiaco
1075 5608 1329 5665 sermone
1349 5595 1483 5665 dicit
1505 5594 1647 5665 idem
1676 5610 1799 5652 esse

246 5665 779 5732 θιῳιεάποϐατικόν,
802 5662 934 5720 sive
960 5662 1332 5736 ἀποϐατήριον
1357 5706 1370 5730 ,
1400 5664 1453 5719 id
1474 5672 1579 5733 est,
1616 5664 1795 5721 locum

242 5732 612 5790 editissimum.
664 5752 731 5790 ex
783 5751 892 5790 nuo
939 5734 1240 5789 descensus
1284 5742 1461 5790 natet.
1531 5750 1560 5788 a
1632 5737 1795 5790 verbo

244 5742 612 5803 editissimum,
664 5752 731 5792 ex
783 5751 892 5804 quo
939 5742 1240 5789 descensus
1284 5742 1461 5806 patet,
1531 5750 1560 5788 a
1632 5742 1799 5790 verbo

244 5799 400 5865 labar,
423 5806 772 5865 descendere.
804 5805 958 5864 Unde
988 5814 1041 5863 ct
1082 5803 1351 5876 labarum,
1389 5815 1443 5863 et
1472 5805 1621 5863 labra
1656 5807 1798 5877 apud

1917 4885 2102 4960 risque
2150 4886 2311 4960 nugis
2348 4885 2597 4960 dicemus
2626 4889 2699 4943 ad
2749 4890 2902 4960 illum
2944 4889 3230 4959 Epiphanii
3287 4892 3486 4946 locum.

1912 4956 2066 5028 Quod
2085 4957 2307 5031 quidem
2347 4956 2415 5011 ad
2448 4971 2689 5026 praesens
2717 4956 3002 5031 negotium
3022 4956 3237 5031 attinet,
3283 4961 3489 5031 ἀποϐα-

1908 5026 2364 5103 τῆριονξιιοεερίιρ
2396 5038 2749 5103 nuncupatur
2792 5026 2946 5086 locus
2990 5030 3101 5093 ille,
3131 5032 3188 5086 in
3218 5045 3327 5099 quo
3350 5030 3489 5086 Noc-

1906 5118 2030 5158 111118

1908 5174 2072 5237 fecit;
2104 5168 2394 5242 s'jyequod
2438 5169 2637 5242 ibidem
2678 5172 2748 5225 τὰ
2780 5170 3127 5242 ἁποϐατήρια
3166 5184 3323 5226 sacra
3361 5187 3487 5241 per-

1908 5244 2093 5298 solvit.
2129 5238 2252 5293 Hmc
2279 5239 2426 5293 enim
2456 5241 2541 5296 vis
2566 5249 2654 5298 est
2678 5242 2872 5296 borum
2906 5238 3318 5303 vocabulorum,
3345 5238 3484 5296 ἆπο-

1908 5313 2194 5384 ϐατήριαη
2222 5308 2575 5384 διαϐατήρια,
2615 5322 2669 5366 et
2698 5321 3057 5384 _cmteroru_m.
3116 5311 3283 5366 Valde
3320 5313 3487 5383 igitur

1909 5379 2132 5438 aberrat
2167 5379 2390 5453 Junius,
2409 5379 2532 5435 cum
2571 5382 2941 5453 ἀποϐατήριον
2975 5379 3368 5452 interpretatur
3395 5400 3486 5438 ατ-

1909 5398 2132 5438 aberrat
2167 5398 2532 5444 JUIIIUS,CIIII|
2571 5398 2941 5507 amoarqstov
2975 5398 3368 5452 interpretatur
3395 5400 3485 5438 ar-

1903 5454 2068 5508 duum
2118 5450 2506 5524 etaescenam,
2562 5469 2626 5510 ex
2682 5468 2793 5523 quo
2857 5454 3158 5508 escendere
3181 5462 3485 5524 oporteat:

1906 5525 2078 5596 quod
2099 5538 2129 5575 a
2159 5520 2368 5596 Graeca;
2395 5525 2549 5596 vocis
2571 5520 3028 5596 usu—alienumet
3061 5520 3340 5596 absonum
3375 5533 3482 5580 est.

1975 5593 2182 5665 (10)οὺ
2203 5593 2317 5665 γὰρ
2332 5592 2418 5665 ἑτι
2441 5594 2630 5648 αὐτὸν
2642 5594 2937 5663 ἐμφαίνει.
2959 5592 3297 5651 Putidissimi
3312 5593 3484 5650 Judai

1902 5662 2253 5737 Noem'um__a_
2281 5662 2517 5737 Chamor
2546 5662 2830 5737 exsectum
2888 5672 3289 5737 nuganturiwt
3336 5668 3483 5737 inter

1904 5736 2043 5807 alios
2074 5732 2141 5787 Β.
2168 5733 2407 5802 Sclomo,
2429 5736 2523 5805 qui
2544 5744 2598 5793 ct
2625 5732 2998 5807 aliaqutedatn
3018 5736 3209 5807 adjicit
3250 5736 3483 5793 nefanda

1903 5814 1955 5864 et
1985 5805 2218 5878 ἄρρητα,

2068 5099 2166 5171 τὴν
2208 5096 2510 5171 ἀπόϐασιν,
2558 5096 2663 5155 hoc
2688 5096 3310 5171 estexsceusionemex
3359 5117 3488 5157 arca
3569 5104 3575 5113 '
