4058 6430
265 362 365 421 135

989 342 1359 430 ADVERSUS
1395 376 1736 438 HAZRESES
1773 381 1849 439 Lli

1955 385 1980 442 ί.
2024 386 2187 444 ΤΟΜ.
2229 386 2272 444 Ι.
2314 420 2381 431 -
2423 386 2698 445 ΙΙᾸΞΒΕΞ.
2742 386 2878 445 ι-ιγ.

3450 391 3555 448 186

269 486 511 555 εήκασιν,
554 484 709 539 ἄλλοι
740 485 803 540 δὲ
847 487 940 542 ἐπὶ
971 489 1039 543 τά
1069 492 1257 563 πρόσω
1284 494 1384 564 τῆς
1406 496 1672 567 ἀνατολῆς
1695 518 1849 571 xtawa

1972 503 2185 558 illorum
2212 505 2417 576 linguis
2440 505 2804 576 septuaginta
2848 483 2986 559 duas
3018 519 3083 559 ex
3126 519 3231 559 una
3268 504 3416 569 fecit,
3452 525 3551 578 pro

265 576 509 648 ρηκότες.
544 576 772 646 Ἔτεροι
821 579 879 633 δὲ
922 581 1021 652 τὴν
1066 583 1272 655 Λιϐύην
1314 588 1728 659 κατειλήφασιν,
1778 591 1853 655 ὡς

263 669 353 722 καὶ
382 669 512 741 περὶ
548 668 764 723 τούτων
792 672 892 742 τὴν
919 673 1206 744 ἀκρίϐειαν
1227 675 1282 729 εἴ
1305 694 1391 741 τις
1415 678 1588 733 ἐθέλοι
1618 682 1855 736 καταλα-

261 755 469 821 ϐέσθαι,
514 756 671 830 εὖροι
702 758 748 811 δ’
798 759 864 813 ἂν
907 760 1139 817 ἕκαστον
1166 763 1276 819 τῶν
1311 770 1852 840 προσκεχωρηκότων

260 847 378 901 καθ’
419 849 662 921 ἑκάστην
691 852 819 905 τινὰ
861 853 1095 925 πατρίδα
1133 855 1252 920 πῶς
1285 858 1468 930 εἴληχε
1497 861 1588 913 τὸν
1624 861 1723 914 κλῆ
1734 880 1847 934 ρον.

269 940 355 1003 Ὠς
373 939 405 991 ὀ
436 937 692 1011 Μιστρὲμ
724 941 824 1011 μὲν
851 942 1152 1013 διαδέχεται
1170 947 1264 1000 τὸν
1286 949 1384 1019 τῆς
1411 950 1687 1018 Αἰγύπτου
1721 953 1850 1023 κλῆ-

259 1047 371 1101 ρον,
395 1031 540 1095 Χοῦς
556 1031 614 1084 δὲ
630 1032 728 1103 τὴν
744 1033 975 1088 Αἰθίοπα
999 1036 1063 1068 ⁸⁷⁸
1084 1037 1237 1103 Ψοῦς
1251 1040 1321 1094 τὰ
1346 1042 1713 1113 ’Λξιωματικὰ
1735 1045 1846 1118 (15)

260 1122 405 1193 μέρη
425 1137 438 1151 ·
487 1123 698 1195 Ῥεγμᾶ
727 1128 820 1179 καὶ
853 1127 1025 1193 Σαϐᾶ,
1052 1130 1197 1184 καθὰ
1222 1132 1334 1202 (16)
1369 1136 1461 1187 καὶ
1497 1135 1719 1208 Θωῦδὴν
1746 1138 1840 1190 καὶ

267 1212 477 1278 musa,
506 1213 577 1267 τὰ
608 1214 744 1284 πρὸς
774 1218 839 1288 τῇ
872 1210 1143 1289 Γαράμων
1180 1220 1334 1294 χώρᾳ
1361 1225 1497 1294 (17).

1963 594 2246 665 hominum
2293 612 2558 662 numero,
2613 597 2705 666 qui
2746 595 2840 650 illo
2888 601 3133 665 tempore
3166 605 3415 665 repertus
3442 604 3546 656 ρει.

1964 683 2117 740 Unde
2163 694 2220 741 et
2253 685 2501 756 Mei-opes
2534 686 2585 756 7
2634 700 2665 739 a
2701 685 2852 739 vocis
2911 686 3181 741 divisione
3223 691 3549 757 nuncupali.

1960 770 2155 828 Turris
2194 774 2313 843 ipsa
2350 774 2585 844 denique
2614 780 2902 828 ventorum
2936 773 3139 844 impetu
3171 774 3423 843 disiecta.
3451 774 3553 830 Se-

1958 866 2199 918 cundum
2253 865 2367 919 haec
2425 865 2501 919 illi
2535 879 2631 935 per
2672 865 3219 919 universum—orbem
3265 867 3453 921 dextra
3485 881 3551 920 ac

1957 958 2181 1013 sinistra
2214 958 2469 1028 dispersi,
2507 959 2598 1013 alii
2632 974 2697 1012 eo
2729 958 2941 1013 rediere
2972 958 3116 1013 unde
3140 958 3532 1025 discesserant,

1955 1047 2051 1105 alii,
2072 1049 2287 1117 longius
2321 1049 2387 1103 ad
2418 1047 2700 1103 Orientem
2733 1050 3009 1119 progressi
3035 1059 3182 1104 sunt.
3211 1049 3267 1103 In
3294 1050 3539 1105 Africam

1953 1139 2204 1194 nonnulli
2236 1133 2624 1210 pervenerunt.
2667 1140 2823 1207 Quod
2848 1141 2892 1195 si
2921 1140 3047 1211 quis
3075 1141 3180 1196 ista
3215 1141 3533 1212 diligentius

1955 1230 2214 1301 indagare
2245 1233 2509 1297 voluerit,
2560 1248 2668 1302 quo
2707 1233 2921 1287 illorum
2971 1234 3207 1303 quisque
3244 1236 3311 1290 sit
3348 1234 3534 1304 profe-

256 1316 404 1372 ctus,
438 1325 670 1380 quamve
693 1313 886 1367 sortito
907 1329 972 1368 ex
1002 1317 1259 1373 omnibus
1328 1322 1604 1391 regionem
1665 1326 1973 1395 occuparit,
2003 1371 2010 1377 .
2036 1329 2195 1382 facile
2259 1328 2650 1399 deprehendet.
2694 1327 2769 1382 lta
2796 1328 3032 1382 Mistrem
3063 1329 3116 1382 in
3145 1328 3362 1397 {Egypti
3406 1345 3535 1399 pose

255 1404 562 1460 sessionem
598 1406 834 1473 invadit,
880 1407 1028 1465 Chus
1063 1411 1398 1485 [Ethiopiam
1433 1417 1669 1473 obtinet:
1704 1418 1843 1476 Psus
1880 1422 2248 1479 Axumiticum
2276 1432 2549 1479 tractum:
2586 1422 2854 1495 Rhegma,
2917 1421 3242 1490 Sabacatha,
3276 1419 3545 1477 'l‘houdim

252 1508 305 1556 et
335 1500 476 1555 Elud
505 1499 867 1557 Garamorum
898 1505 953 1558 in
982 1508 1203 1576 regione
1239 1512 1633 1568 constiterunt.

323 1598 423 1663 ς’.
456 1594 567 1649 Καὶ
605 1595 693 1649 ἵνα
731 1597 806 1672 μὴ
840 1599 921 1660 εὶς
962 1598 1098 1653 πολὺ
1144 1600 1346 1665 πλάτος
1394 1605 1711 1675 ποιήσωμαι
1745 1603 1847 1676 τὴν

254 1686 496 1741 ἐνταῦθα
549 1685 800 1751 σύνταξιν
850 1685 944 1741 τοῦ
994 1691 1302 1761 προοιμίου,
1339 1692 1632 1765 ἐλεύσομαι
1684 1695 1847 1749 πάλιν

2025 1601 2114 1657 Vl.
2151 1602 2354 1659 Verum
2407 1619 2476 1659 ne
2509 1604 2718 1659 diutius
2750 1618 2915 1674 quam
2951 1618 3178 1659 necesse
3207 1604 3278 1659 sit
3300 1604 3355 1659 in
3381 1605 3546 1674 hujus

1952 1692 2136 1762 operis
2181 1691 2500 1762 praefatione
2543 1707 2986 1756 commoremur,
3036 1700 3284 1746 nostrum
3329 1710 3431 1751 nos
3477 1696 3544 1749 ad

256 1779 356 1831 ἐπὶ
398 1777 461 1830 τὺ
508 1776 891 1848 προκείμενον,
923 1781 1018 1834 καὶ
1056 1781 1195 1834 κατὰ
1245 1782 1344 1854 τὴν
1398 1785 1647 1857 διαδοχὴν
1694 1783 1848 1852 αὖθις

1955 1783 2264 1838 institutum
2309 1782 2650 1847 referemus,
2704 1791 2869 1853 atque
2918 1782 3229 1837 inchoatam
3270 1785 3544 1853 originum

257 1867 601 1940 ἐπιλήψομαι
626 1869 725 1938 τῆς
753 1869 1093 1936 ἀκολουθίας.
1131 1873 1350 1939 Μεταξὺ
1384 1875 1516 1944 γοῦν
1548 1876 1645 1931 τοῦ
1677 1878 1846 1949 Ἔϐερ

258 1961 355 2013 καὶ
382 1958 480 2012 τοῦ
509 1958 688 2013 eatea:
709 1961 804 2014 καὶ
836 1963 935 2032 τῆς
959 1964 1340 2033 πυργοποιίας,
1371 1967 1464 2019 καὶ
1494 1968 1593 2038 τῆς
1622 1966 1846 2039 πρώτης

250 2049 467 2113 πόλεως
498 2048 637 2120 μετά
669 2050 760 2104 τὸν
786 2051 1173 2122 κατακλυσμὸν
1218 2055 1553 2127 κτισθείσης,
1590 2059 1680 2110 ὑπ’
1705 2058 1842 2129 αὐτῇ

246 2141 315 2210 τῇ
350 2140 611 2211 οἰκοδομῇ
646 2141 789 2211 ἁρχὴ
827 2141 1013 2195 λοιπὸν
1051 2143 1386 2213 συμϐουλίας
1417 2145 1716 2217 ἀθροισμοῦ
1748 2148 1845 2201 καὶ⁹

248 2229 571 2300 τυραννίδος
632 2226 844 2298 γίνεται
902 2231 1154 2304 Νεϐρώθ.
1223 2234 1454 2305 Νεϐρὼθ
1523 2235 1633 2307 γὰρ
1692 2236 1846 2307 βασι-

248 2319 399 2373 λεύει
426 2318 540 2391 (18)
570 2321 684 2385 υίὸς
722 2321 813 2374 τοῦ
831 2321 972 2388 Χοῦς
985 2323 1080 2376 τοῦ
1114 2325 1391 2391 Αἰθίοπος,
1417 2328 1476 2393 ἐξ
1502 2321 1563 2381 οὗ
1612 2330 1842 2403 Ἀσσοὺρ

248 2415 599 2487 γεγέννηται.
628 2414 832 2469 Τούτου
873 2419 905 2488 ἡ
931 2417 1181 2488 βασιλεία
1216 2421 1274 2474 ὲν
1313 2422 1472 2494 Ὀρὲχ
1502 2423 1612 2494 (19)
1653 2426 1845 2495 γεγέν-

250 2522 433 2575 νηται,
466 2505 565 2558 καὶ
585 2506 644 2558 ὲν
679 2506 888 2577 ’Δρφὰλ
915 2508 1011 2561 καὶ
1033 2510 1304 2582 Χαλάννη.
1335 2514 1524 2580 Κτίζει
1547 2515 1604 2569 δὲ
1629 2518 1723 2570 καὶ
1744 2517 1843 2588 τὴν
1905 2572 1909 2578 .

249 2595 451 2667 Θειρὰς
474 2594 608 2667 (Ξθ),
639 2597 734 2650 καὶ
758 2598 858 2669 τὴν
883 2598 1071 2663 Θόϐελ,
1113 2604 1205 2656 καὶ
1238 2604 1410 2658 Λόϐον
1449 2607 1508 2659 ὲν
1542 2610 1606 2679 τῇ
1644 2609 1842 2661 Ἀσσυ-

253 2687 387 2758 ρίων
420 2684 592 2758 χώρᾳ.
622 2686 825 2741 Τοῦτόν
856 2706 987 2759 φασι
1032 2692 1226 2757 παῖδες
1266 2694 1535 2766 Ἑλλήνων
1574 2692 1712 2751 εἶναι
1748 2698 1842 2752 τὸν

254 2778 641 2850 Ζωροάστρην,
674 2780 753 2845 ὃς,
788 2782 976 2854 πρόσω
1015 2786 1275 2856 χωρήσας
1318 2787 1411 2841 ἐπὶ
1443 2786 1513 2841 τὰ
1546 2789 1842 2844 ἀνατολικὰ

261 2869 418 2941 μέρη,
441 2871 692 2943 οἰκιστὴς
724 2873 931 2942 γίνεται
971 2874 1252 2950 Βάκτρων.
1300 2878 1580 2933 Ἐντεῦθεν
1607 2879 1679 2934 τὰ
1699 2882 1841 2936 κατὰ

253 2957 348 3030 τήν
368 2958 477 3030 γῆν
503 2962 797 3034 παράνομα
820 2963 1222 3038 διανενέμηται.
1268 2968 1601 3042 Ἐφευρέτης
1623 2971 1732 3043 γὰρ
1759 2963 1842 3024 οὗ·

250 3068 340 3116 τος
378 3052 674 3126 γεγένηται
718 3055 897 3128 κακῆς
933 3057 1156 3128 διδαχῆς
1202 3058 1561 3130 ἀστρολογίας
1593 3062 1688 3114 καὶ
1730 3079 1838 3133 μα-

1949 1874 2358 1929 successionem
2394 1874 2577 1928 denuo
2631 1883 3000 1944 pertexemus.
3047 1872 3221 1944 Igitur
3261 1874 3404 1929 inter
3440 1874 3545 1931 He.

1949 1966 2095 2021 beris
2129 1981 2192 2020 ac
2247 1966 2471 2022 Phaleci
2503 1977 2772 2036 tempora,
2808 1982 2932 2020 cum
2966 1974 3020 2021 et
3052 1965 3318 2021 aediﬁcata
3351 1969 3543 2031 turris,

1947 2067 2001 2110 et
2029 2058 2205 2127 prima
2256 2058 2503 2111 omnium
2550 2058 2684 2110 urbs
2741 2065 2867 2125 post
2899 2056 3167 2109 diluvium
3219 2064 3365 2111 esset
3396 2058 3547 2112 exci-

1947 2152 2097 2212 tata,
2136 2147 2189 2201 in
2226 2148 2346 2217 ipsa
2391 2147 2576 2216 operis
2621 2146 3001 2201 exstructione
3039 2146 3213 2215 prima
3260 2145 3542 2200 hominum

1946 2239 2115 2294 coitio
2149 2254 2214 2293 ac
2247 2239 2570 2310 tyrannicus
2618 2238 2939 2292 dominatus
2972 2246 3202 2290 auctore
3240 2236 3541 2291 Nembroth

1947 2331 2281 2384 constitutus
2314 2335 2420 2383 est.
2446 2326 2670 2381 Primus
2702 2328 2807 2381 iste
2831 2342 3058 2396 regnum
3083 2326 3343 2390 obtinuit,
3371 2324 3541 2379 Chusi

1947 2420 2225 2490 A‘lthiopis
2260 2419 2427 2483 ﬁlius,
2477 2434 2544 2473 ex
2574 2434 2687 2488 quo
2716 2424 2881 2471 natus
2912 2419 3090 2471 Assur
3123 2436 3135 2472 :
3180 2415 3274 2487 qui
3320 2416 3537 2480 Orechi,

1945 2511 2216 2581 Arphale,
2269 2518 2324 2565 et
2371 2508 2659 2563 Chalanne
2711 2522 2938 2577 regnum
2978 2507 3246 2561 exercuit.
3299 2506 3441 2571 Quin
3487 2515 3543 2561 et

1945 2601 2143 2658 'l‘hiras
2179 2602 2368 2655 urbem
2398 2598 2666 2661 condidit,
2696 2608 2749 2653 et
2778 2597 3078 2652 Thobelem
3102 2638 3117 2662 ,
3160 2605 3212 2652 et
3241 2596 3451 2651 Lobum
3482 2598 3538 2651 in

1942 2692 2192 2763 Assyria.
2222 2689 2397 2745 Grmci
2434 2689 2781 2745 Zoroastrem
2826 2687 2972 2741 hunc
3003 2687 3175 2742 fuisse
3211 2695 3537 2755 memorant;

1942 2788 2036 2855 qui
2085 2781 2330 2839 Orientis
2376 2783 2638 2837 interiora
2670 2787 2968 2853 penetrans
3014 2779 3336 2833 Bactrorum
3384 2781 3541 2848 Oppia

1943 2878 2075 2932 dum
2108 2876 2305 2931 erexit.
2344 2873 2587 2945 Indeque
2611 2875 2819 2937 omnia,
2854 2888 2976 2943 qua:
3008 2874 3061 2926 in
3088 2872 3276 2926 orbem
3324 2873 3541 2926 invecta

1943 2975 2072 3023 sunt
2103 2967 2311 3022 scelera
2334 3007 2349 3030 ,
2378 2974 2678 3036 propagata
2718 2965 3001 3018 dicuntur.
3061 2960 3340 3033 Siquidem
3384 2963 3542 3017 mala:

1943 3064 2110 3120 artes,
2145 3055 2442 3124 astrologia
2473 3054 2726 3109 videlicet
2751 3070 2815 3108 ac
2844 3054 3044 3123 magia,
3066 3061 3293 3107 auctore
3323 3053 3417 3108 illo
3448 3067 3540 3106 re-

249 3144 427 3210 γεεας,
462 3143 539 3209 ὥς
570 3145 714 3210 τινές
750 3163 881 3217 φασι
927 3150 1054 3220 περὶ
1096 3148 1287 3203 τούτου
1331 3150 1427 3204 τοῦ
1462 3153 1840 3225 Ζωροάστρου.

1955 3155 2114 3218 ρει-ιω
2132 3156 2289 3212 sunt;
2319 3148 2371 3200 id
2395 3147 2540 3215 quod
2561 3145 2841 3200 Zoroastri
2867 3161 2897 3198 a
2926 3146 3210 3200 nonnullis
3234 3145 3498 3199 tribuitur
3515 3187 3532 3210 ,

249 3233 403 3304 Πλὴν
422 3236 500 3299 ὼς
523 3236 557 3307 ή
588 3235 843 3307 ἀκρίϐεια
866 3238 1132 3309 περιέχει,
1160 3238 1255 3291 τοῦ
1281 3238 1508 3311 Νεϐρὼθ
1534 3240 1629 3293 τοῦ
1653 3242 1841 3310 γίγαν-

246 3345 345 3391 τος
376 3318 531 3391 οὗτος
550 3322 618 3398 ἦν
644 3329 673 3380 ὁ
706 3327 918 3399 χρόνος.
947 3331 1021 3383 Ού
1051 3330 1185 3384 πολὺ
1208 3328 1264 3382 δὲ
1291 3330 1536 3401 ἀλλήλων
1563 3331 1640 3401 τῷ
1665 3331 1841 3403 χρόνῳ

247 3417 603 3490 διεστήκασιν
634 3418 747 3491 (21)
787 3421 973 3491 ἄμφω,
1021 3422 1049 3475 ὅ
1081 3438 1139 3475 τε
1173 3420 1401 3494 Νεϐρὼο
1438 3422 1585 3476 καὶὸ
1626 3423 1844 3494 Ζωροά-

324 3576 367 3608 ¹⁷
401 3577 453 3629 Γ
445 3593 510 3644 ρ.
542 3574 847 3632 Αἰθιοπίαν.

328 3732 443 3809 (15)
482 3732 649 3799 Ψοῦς
683 3732 759 3809 τᾷ
797 3734 1201 3809 Ἀξιῳματικά.
1225 3735 1485 3809 Mendose
1527 3752 1629 3809 pro
1666 3736 1852 3802 Ἀξου-

255 3804 451 3875 μιτικά
474 3844 492 3868 ,
529 3811 591 3858 ut
618 3811 711 3875 est
734 3805 790 3875 in
810 3804 1209 3875 Sethianorum
1240 3808 1436 3862 haeresi
1463 3827 1476 3862 :
1513 3804 1614 3863 nec
1662 3809 1848 3863 minus

249 3874 659 3930 emendandum
702 3874 853 3938 Ψούς
882 3890 988 3949 pro
1034 3892 1143 3946 quo
1189 3876 1326 3931 Φούθ
1362 3879 1674 3949 legendum.
1720 3878 1849 3933 Sive

253 3972 316 4018 ut
346 3974 432 4017 est
460 3962 528 4017 ιν
564 3961 695 4030 Reg.
720 3979 812 4029 xv,
850 3965 940 4030 19,
970 3948 1064 4027 51.13
1109 3965 1269 4020 Φούλ.
1301 3966 1374 4023 De
1406 3948 1678 4023 Axumitis
1707 3968 1846 4024 alius

262 4034 370 4089 erit
406 4032 621 4087 dieendi
652 4032 832 4089 locus.

328 4101 445 4173 (16)
490 4102 726 4174 Ῥεγμᾶ,
763 4105 861 4160 καὶ
894 4105 1074 4172 Σαϐᾶ,
1115 4106 1288 4162 καθά.
1323 4105 1479 4163 Corr.
1513 4107 1841 4162 Σαϐαθακά·

264 4175 358 4243 qui
381 4174 523 4243 inter
542 4172 682 4229 iitiOs
701 4172 852 4229 Cbus
875 4188 1218 4232 recensetur.
1249 4176 1353 4231 Pro
1390 4176 1598 4240 Ἐλούδ,
1619 4177 1851 4234 fortasse

257 4242 425 4298 Λούδ.
463 4242 676 4316 Quippe
697 4246 956 4318 Λουδιείμ
986 4248 1129 4302 inter
1163 4248 1306 4303 lilios
1340 4245 1618 4302 Mestraim
1660 4263 1855 4303 nume-

284 4322 471 4368 antur.

249 4330 556 4456 “2:95.13
601 4385 753 4455 πρὸς
792 4384 869 4455 τῇ
900 4387 1196 4456 Γαράμων
1223 4387 1405 4459 χώρᾳ.
1440 4387 1522 4441 An
1566 4387 1812 4459 Ἀράϐων
1835 4428 1850 4454 ,

253 4470 323 4496 an
362 4455 546 4496 nmine
585 4456 997 4496 Γηηηηάνη-,ηυν
1026 4457 1158 4496 Nam
1203 4459 1316 4496 hum
1360 4459 1541 4496 mining
1595 4467 1719 4496 cnnl
1752 4474 1850 4496 nn-

251 4470 328 4537 an
361 4456 997 4538 potiusl‘apouéwwv?
1022 4456 1317 4538 Nan-{bac
1360 4459 1544 4538 vicina
1595 4456 1724 4512 sunt
1752 4474 1852 4538 no-
1883 4475 1928 4529 ι)

252 4526 430 4599 mina.
482 4525 595 4599 list
629 4525 1077 4599 q'uilltegamam
1128 4527 1439 4599 Ptolemaei,
1484 4544 1606 4599 quae
1650 4538 1743 4599 est
1794 4530 1850 4583 in

251 4595 457 4650 Arabia
487 4594 665 4652 Felice
695 4595 762 4651 ad
779 4594 982 4667 Regina
1019 4599 1318 4655 tra’nsferat
1354 4618 1368 4655 :
1410 4598 1480 4654 de
1500 4594 1617 4669 'qua
1648 4597 1847 4655 Ezech.

251 4703 431 4750 xxvii,
458 4687 531 4742 22
563 4704 578 4742 :
611 4697 802 4752 mmﬂt
836 4697 969 4748 διιεῖ
1006 4671 1133 4747 353‘!

327 4758 379 4829 (i
396 4759 449 4829 8)
488 4758 724 4826 Νεϐρὼθ
753 4759 863 4829 γὰρ
882 4760 1223 4824 βασιλεύει.
1258 4759 1429 4826 Quem
1460 4761 1709 4884 plerique
1731 4776 1850 4815 om-

327 4848 359 4884 s
384 4829 705 4884 chronoloai
724 4869 740 4884 .
768 4831 880 4884 imo
901 4838 955 4884 et
979 4831 1193 4884 antiaui
1218 4829 1433 4884 Patres.
1505 4833 1648 4884 eluni
1679 4832 1850 4884 fuisse

257 4844 359 4884 nes
384 4829 705 4900 clironﬂologi
724 4869 740 4893 ,
768 4831 880 4884 imo
901 4838 955 4884 et
979 4831 1193 4900 antiqui
1218 4829 1433 4900 Patres,
1460 4829 1648 4887 Belum
1679 4832 1851 4888 fuisse

259 4906 514 4971 gensent,
544 4898 842 4971 Babylonis
863 4898 1226 4955 conditorem.
1264 4899 1443 4971 llujus
1474 4902 1643 4956 ﬁlium
1673 4902 1851 4957 Assur

256 4969 603 5042 Epiphanius
634 4968 769 5042 facit
800 4988 815 5023 :
845 4986 1009 5042 quem
1042 4971 1263 5042 quidem
1308 4968 1509 5042 Ninum
1546 4974 1717 5027 fuisse
1752 4987 1851 5042 par

254 5039 376 5103 est,
414 5041 461 5095 si
500 5040 801 5096 Nembroth
841 5041 985 5096 idem
1026 5039 1150 5096 cum
1179 5039 1311 5099 Belo
1344 5041 1528 5096 fuerit.
1566 5042 1630 5096 Et
1656 5039 1847 5098 ead—em

251 5109 558 5184 utrobique
600 5111 1110 5184 colligendiuratio;
1153 5126 1279 5184 nam
1315 5111 1476 5167 Belus
1520 5112 1848 5184 Babylonem

251 5178 561 5253 exstruiit,
594 5190 647 5236 et
672 5178 847 5239 Ninus
875 5180 1149 5253 Ninivem.
1173 5182 1337 5251 Atqui
1368 5184 1604 5253 priorem
1632 5178 1664 5236 2.
1688 5182 1849 5237 Nem-

250 5251 452 5323 broth,
489 5253 852 5323 posteriorem
902 5252 973 5307 ab
1020 5254 1200 5307 Assur
1233 5251 1513 5306 civitatem
1567 5254 1846 5308 conditam

260 5320 774 5393 Muyses’aﬂirmat.
806 5320 1008 5378 V'erum
1040 5324 1215 5377 Assur
1258 5323 1395 5379 Gen.
1446 5339 1501 5386 κ,
1536 5323 1620 5390 11,
1670 5323 1848 5393 gentis

258 5392 473 5463 nomen
521 5408 667 5458 esse,
717 5407 827 5447 non
886 5392 991 5448 viri
1036 5393 1319 5463 proprium
1353 5392 1845 5459 existiniant’alii;

258 5462 469 5533 quibus
502 5463 740 5519 libenter
784 5462 1233 5533 subscripserunt.
1267 5462 1373 5518 Sed
1420 5465 1535 5517 haec
1566 5465 1846 5518 annalium

257 5550 325 5587 ac
354 5534 845 5605 chronologiarum
884 5533 1112 5605 paginas
1145 5535 1395 5604 implent,
1431 5549 1532 5589 nec
1559 5542 1689 5589 sunt
1720 5535 1846 5605 plu-

260 5605 419 5674 ribus
446 5609 545 5661 hoc
575 5606 698 5658 loco
723 5604 1102 5674 disceptanda.

312 5672 441 5797 £19)
478 5674 706 5760 Τούτου
738 5675 777 5742 ὴ
814 5672 1107 5755 ﬁdentem
1148 5674 1220 5727 ἐν
1261 5672 1449 5744 Ὀρέχ.
1473 5673 1579 5731 Pro
1620 5674 1845 5748 ’Λρφάλ,

262 5741 306 5798 L
367 5744 407 5797 lt
444 5745 668 5805 Ἀργαδ,
703 5744 917 5801 Hebraei
952 5755 1080 5805 'DR.

338 5764 407 5797 ut
449 5764 668 5818 'Apxao,
703 5764 917 5801 nenrwt
952 5764 1080 5805 13x.

338 5815 448 5889 (20)
481 5814 674 5880 Κτίζει
697 5815 767 5870 δὲ
797 5815 897 5870 καὶ
933 5815 1048 5885 τὴν
1082 5814 1310 5885 Θεφάς.
1345 5813 1540 5873 Nescio
1569 5816 1711 5873 unde
1741 5817 1822 5873 hac

1948 3251 2139 3294 revera
2194 3238 2261 3292 ad
2314 3238 2620 3294 Nembroth
2691 3239 2930 3308 gigantis
2986 3245 3231 3308 tempora
3269 3239 3542 3307 pertinere

1949 3330 2251 3401 putandum
2281 3338 2386 3385 est.
2416 3330 2740 3399 Quanquam
2772 3330 2914 3383 inter
2939 3335 3233 3398 utrumque
3257 3344 3366 3381 non
3392 3328 3535 3380 ntul-

1950 3432 2064 3479 tum
2090 3422 2357 3492 temporis
2394 3423 2745 3492 interjectum
2776 3427 2881 3476 est.
2913 3419 3021 3475 Sed
3051 3422 3121 3477 iis
3150 3411 3371 3475 omiSsis
3399 3417 3543 3472 Pha-

1961 3733 2652 3807 eXpiscatus__sit,rquze_in
2697 3733 2973 3807 Geneseos
3015 3751 3047 3787 x
3093 3733 3186 3788 illo
3204 3734 3391 3807 rapite
3430 3752 3542 3807 non

1959 3804 2240 3877 leg—untur.
2280 3804 2380 3859 Ubi
2414 3804 2525 3877 hoe
2560 3805 2834 3877 duntaxat
2855 3805 3107 3877 habetur
3135 3824 3171 3877 :o
3202 3804 3539 3877 Principium

1957 3873 2122 3948 regni
2146 3874 2449 3948 Nembrth
2477 3875 2664 3948 fuisse
2700 3873 3052 3948 Babylonem,
3092 3873 3405 3948 xal.__’0péx,
3449 3878 3543 3929 καὶ

1970 3943 2190 4018 Ἀρχὰδ,
2223 3947 2321 4018 καὶ
2340 3945 2591 4018 Χαλάννη
2619 3945 2674 4018 in_
2700 3943 2845 4018 terra
2882 3943 3146 4018 sentiaar.
3182 3943 3543 4018 Unde-Assur

1955 4013 2215 4084 egressus
2259 4013 2590 4086 ᾠκοδόμησε
2625 4013 2725 4086 τὴν
2766 4015 2985 4086 Νινευζ,
3022 4014 3252 4086 καὶώτὴν
3286 4014 3540 4086 Ῥοωϐὼθ

1956 4083 2131 4151 πόλιν,
2162 4087 2257 4139 καὶ¹
2276 4083 2379 4155 τὴν
2399 4083 2608 4137 Χαλάκ.
2644 4083 2749 4136 Pro
2793 4084 3041 4155 'Pomﬁdge
3067 4083 3244 4151 πόλιν,
3279 4085 3543 4140 Hebraiee

1955 4158 2224 4225 scriptum
2281 4153 2365 4209 est
2410 4162 2513 4225 Ἷῒιτ
2547 4165 2733 4217 nam,
2785 4154 2930 4223 quod
2966 4153 3328 4225 Hieronymus
3357 4157 3539 4218 vertit,

1956 4224 2164 4296 plateas
2213 4224 2470 4289 civitatis,
2519 4232 2574 4296 et
2617 4239 2714 4291 pro
2750 4225 3077 4296 appellativo
3132 4224 3344 4291 habuit,
3393 4227 3540 4292 quod

1957 4294 2130 4350 Graeci
2183 4296 2463 4365 proprium
2525 4294 2789 4365 fecerant.
2838 4294 3093 4363 lntelligit
3154 4303 3334 4365 autem
3385 4297 3542 4365 urbis

1955 4362 2200 4421 Νἱηίισεεί
2222 4362 2453 4435 plateas,
2500 4362 2859 4435 quasNinus
2906 4362 3259 4435 exst’ruxcrit.
3304 4364 3379 4418 De
3414 4364 3543 4435 Epi-

1961 4437 2168 4506 phanio
2198 4434 2329 4505 quid
2366 4435 2584 4506 dicant,
2607 4434 2752 4506 aliud
2771 4435 3013 4506 occurrit
3044 4434 3201 4498 nihil,
3238 4434 3345 4489 nisi
3378 4450 3544 4490 voces

1957 4503 2116 4569 istas.
2144 4503 2357 4577 Ustde
2372 4513 2439 4577 et
2481 4503 2919 4577 666sl_alie_num
2947 4504 3000 4558 in
3029 4506 3206 4577 locum
3240 4506 3541 4565 translatas

1957 4593 2104 4633 esse.
2137 4573 2270 4631 Nam
2318 4575 2518 4631 Thiras
2557 4583 2611 4630 et
2652 4573 2865 4628 Thubal
2905 4575 3048 4630 inter
3070 4573 3323 4644 Japhethi
3356 4585 3542 4644 poste-

1958 4663 2051 4703 ros
2078 4656 2441 4701 numerantur
2469 4661 2609 4698 com.
2634 4646 2690 4709 2,
2728 4644 2953 4709 Thubal,
2984 4657 3032 4699 et
3065 4645 3303 4710 Mosoch,
3337 4655 3385 4699 et
3413 4646 3540 4699 Thi-

1956 4734 2068 4773 ras.
2103 4717 2381 4772 Fortassis
2423 4717 2572 4771 enim
2604 4730 2728 4769 cum
2773 4714 2999 4784 Regina,
3061 4715 3389 4775 Sabataeha.
3435 4731 3538 4770 ca:-

1956 4789 2224 4859 tcrisque,
2261 4788 2528 4859 qu_osdam
2583 4787 2743 4859 alios
2771 4787 3046 4859 recensuit
3080 4786 3437 4859 Epiphanius,
3481 4793 3538 4839 et

1954 4856 2289 4914 inter—illos
2315 4856 2529 4910 Thubal
2584 4867 2637 4910 et
2684 4856 2901 4910 Thiras.
2934 4858 3048 4911 [Visi
3087 4858 3200 4911 haec
3219 4858 3538 4925 conjectum

1953 4929 2187 5052 placeat.
2223 4943 2321 4998 pro
2347 4927 2546 5007 Θειράς
2590 4936 2644 4981 et
2674 4926 2863 5008 Θὸϐελ,
2900 4942 2964 4980 ac
2985 4926 3175 4991 Λόϐος,
3203 4927 3421 4996 propria
3446 4941 3537 4977 ur-

1994 5014 2104 5051 tum
2133 4999 2350 5052 illarum
2379 5011 2602 5051 nomina
2624 4999 3006 5052 substituenda
3032 5006 3178 5052 sunt.
3203 5013 3341 5052 uuas
3362 4996 3537 5049 Assur

1994 4999 2104 5051 ium
2133 4996 2350 5052 illa—rum
2379 4996 2602 5051 nomina
2624 4998 3006 5053 substituenda
3032 5006 3178 5057 sunt,
3203 5013 3341 5066 quas
3362 4996 3538 5049 Assur

1952 5068 2264 5123 aediﬁcavit.
2295 5067 2454 5122 Certe
2476 5068 2528 5119 in
2557 5066 2728 5137 A660;
2753 5068 3039 5137 vestigium
3071 5069 3343 5137 quoddam
3376 5080 3537 5134 appa-

1954 5147 2040 5194 ret
2070 5138 2323 5193 vocabuli
2365 5134 2635 5194 Ῥοωϐὼθ,
2678 5146 2731 5190 et
2762 5138 2815 5191 in
2847 5134 3043 5191 Thiras
3073 5134 3222 5190 vocis
3257 5143 3379 5196 'W,
3414 5150 3536 5203 qua)

1954 5209 2233 5263 civitatem
2288 5208 2581 5278 signiﬁcat.
2639 5205 2796 5263 Unde
2842 5207 2918 5260 ita
2963 5206 3253 5278 depravari
3292 5220 3395 5260 vox
3430 5210 3534 5259 ista

1952 5280 2130 5348 potuit
2168 5277 2533 5348 Ῥοωϐωθίρα.

2024 5393 2134 5465 (ﬁt)
2166 5394 2249 5465 0ῌὺ
2289 5392 2449 5446 πολὺ
2499 5391 2567 5445 δὲ
2610 5391 2902 5465 ἀλλήλων
2937 5391 3018 5456 τῷ
3060 5391 3262 5465 χρόνῳ.
3292 5388 3534 5459 διεστή-

1954 5461 2159 5519 κασιν.
2194 5462 2611 5518 Bactrianorum
2645 5478 2742 5516 rex
2777 5463 2887 5526 ille,
2934 5476 3177 5531 quocum
3201 5461 3376 5516 Ninus
3397 5476 3533 5515 cono

1955 5534 2115 5597 ﬂixit,
2146 5532 2414 5605 Oxyartes
2447 5530 2758 5605 a_Diodoro
2798 5530 3127 5605 vocaturaa
3156 5530 3395 5605 Justino,
3424 5531 3529 5605 Ar-

1952 5606 2121 5660 nobio
2139 5620 2203 5658 ac
2221 5600 2454 5666 éazteris,
2476 5600 3010 5666 Zoroastres.Neque
3029 5603 3279 5656 dissentit
3299 5600 3529 5662 Plinius.

1956 5687 2017 5729 ut
2048 5673 2326 5743 Scaligero
2361 5675 2590 5727 videtur.
2612 5671 2806 5743 ﬁeque
2832 5673 2976 5727 enim
3001 5672 3218 5726 dubitat
3249 5673 3358 5734 ille,
3387 5673 3532 5743 sitne

1954 5745 2147 5816 Magus
2176 5740 2314 5798 idem
2337 5759 2459 5816 cum
2475 5740 2900 5813 regeBactrianp
2928 5761 2941 5797 :
2964 5744 3257 5816 sed_utrum
3274 5756 3416 5795 unus
3440 5740 3528 5795 hic

1948 5813 2146 5886 fuerit;
2183 5830 2252 5871 an
2285 5823 2339 5872 et
2387 5815 2527 5869 alius
2563 5822 2794 5885 postea:
2850 5815 2996 5884 quod
3043 5813 3298 5871 Salianus
3334 5818 3545 5891 noster.
