4022 6426
517 291 623 348 205

1940 284 1997 343 S.
2041 282 2417 342 EPIPIIANl’l'

3682 282 3799 352 εθι

517 409 679 473 ratio,
710 406 1045 479 minimeque
1092 403 1329 464 cohaeret
1374 405 1494 477 ipsa
1532 418 1745 470 secum,
1783 418 1907 458 cum
1954 411 2012 455 ιιι
2047 412 2087 458 el

2215 403 2531 474 Ὀμολογεῖς
2578 399 2678 471 μὲν
2716 402 2825 472 γάρ
2870 420 2986 455 τινα
3031 394 3172 456 εἶναι
3215 404 3581 478 δημιουργὸν,
3612 408 3673 463 δν
3708 416 3791 466 καὶ

453 564 456 568 λ
516 502 770 572 opiﬁcem
824 500 1117 571 quemdam
1167 500 1416 569 omnium
1466 513 1648 553 rerum
1701 512 1825 553 esse
1875 496 2100 561 fateare,

516 609 678 667 quem
707 595 872 649 etiam
909 593 1341 663 omnipotentem
1385 589 1611 655 asseris,
1643 598 1697 644 et
1728 589 1783 642 in
1820 602 1886 642 eo
1921 596 2103 641 tamen

514 690 638 760 ipso
670 687 1022 743 divinitatum
1062 684 1299 741 divortia
1326 682 1656 739 constituas.
1679 679 2103 755 lacujusnam

515 795 644 835 vero
665 778 862 834 artifex
889 778 995 833 erit
1019 776 1131 842 ille,
1161 776 1207 831 si
1234 774 1462 846 aequalis
1485 783 1732 845 tempore
1760 771 1989 826 materia
2014 785 2103 841 po-

513 873 699 926 nitur?
721 871 838 925 Erit
869 870 1014 926 enim
1043 882 1140 939 per
1168 882 1292 923 sese
1322 866 1524 922 suimet
1558 867 1679 937 ipsa
1714 865 1879 935 juris,
1910 870 2101 933 utpote

513 979 635 1034 qua:
669 978 698 1017 a
727 962 879 1017 nullo
903 961 975 1016 sit
1005 960 1238 1031 originis
1266 959 1541 1031 principio
1564 956 1821 1020 deducta,
1855 955 2102 1025 adeoque

512 1055 758 1123 subjecta
792 1052 1017 1108 nemini.
1051 1050 1206 1118 Quod
1242 1051 1288 1108 si
1323 1051 1395 1107 ab
1421 1066 1506 1116 ea,
1540 1048 1845 1121 producere
1885 1057 1946 1101 ut
1976 1061 2101 1117 pos-

511 1155 612 1210 set,
643 1145 826 1217 opifex
852 1145 944 1216 qui
980 1161 1100 1200 eam
1132 1153 1331 1201 nactus
1378 1152 1464 1199 est
1509 1142 1802 1212 acceperit,
1834 1140 2100 1194 nonnulla

512 1238 625 1291 hate
658 1252 781 1292 esse
829 1236 990 1292 debet
1032 1236 1182 1291 illius
1227 1234 1599 1300 imbecillitas,
1635 1248 1700 1288 ac
1739 1232 1887 1287 velut
1920 1230 2099 1300 egenti

510 1328 653 1381 facta
683 1326 1022 1382 contributio
1053 1347 1067 1383 :
1104 1326 1368 1380 nimirum
1396 1325 1486 1396 qui
1516 1339 1626 1380 non
1644 1323 1887 1394 privatis
1912 1336 1979 1377 ex
2006 1337 2099 1377 co-

510 1418 637 1487 piis,
671 1416 768 1473 sed
801 1433 867 1473 ex
893 1417 1073 1471 aliena
1116 1416 1346 1471 materia
1391 1431 1551 1471 suum
1588 1426 1724 1485 opus
1754 1414 2095 1485 praestiterit.

506 1507 625 1564 Jam
659 1508 792 1563 illud
829 1508 896 1564 de
929 1508 1237 1562 animarum
1267 1507 1320 1562 in
1360 1507 1537 1562 aliena
1577 1517 1810 1577 corpora
1835 1505 2096 1569 transitu,

507 1607 769 1671 quantam
815 1600 871 1655 in
924 1607 976 1655 te
1015 1600 1291 1656 levitatem
1321 1600 1630 1670 depravata:
1659 1599 1862 1653 mentis
1897 1598 2096 1669 arguit,

2208 495 2624 567 παντοκράτορα
2651 495 2757 566 φής
2778 512 2790 524 ·
2812 496 3003 549 τοῦτον
3028 495 3084 549 δὲ
3110 496 3351 569 μερίζεις
3374 500 3452 562 είς
3480 499 3791 558 σιτολυθεΐαν⁴

2208 583 2365 646 Τίνος
2397 582 2441 635 δ’
2473 582 2539 636 ἂν
2591 582 2677 654 εἴη
2716 583 3084 655 δημιουργὸς,
3130 586 3143 615 ¹
3200 584 3233 656 ἦ
3276 586 3575 659 σύγχρονος
3628 592 3713 664 εἴη
3765 597 3796 665 η

2208 673 2341 745 ὓλη;
2377 675 2571 727 Ἔσται
2618 672 2730 745 γάρ
2770 672 2890 729 καθ’
2938 675 3138 746 ἑαυτὴν
3183 676 3386 748 ἑαυτῆς
3434 677 3795 746 δεσπόζουσα,

2204 766 2236 834 ἡ
2269 765 2342 835 μὴ
2373 764 2482 817 ἀπὸ
2505 763 2679 817 αἰτίου
2713 762 2858 828 τινὸς
2889 762 3127 816 λαϐοῦσα
3153 764 3252 835 τὴν
3281 765 3459 837 ἀρχὴν
3492 807 3509 831 ,
3564 769 3663 821 καὶ
3701 770 3797 840 οὐχ

2205 856 2642 928 ὑποτασσομένη.
2690 856 2755 909 Ei
2810 855 2868 909 δὲ
2918 857 2946 908 ὁ
2996 855 3328 929 δημιουργὸς
3389 858 3541 930 παρὰ
3594 858 3796 931 ταύτης

2203 946 2469 1018 λαμϐάνει
2503 946 2774 1019 προϐολὴν
2807 947 3013 1019 ταύτην
3044 948 3367 1020 εὑράμενος,
3405 949 3669 1023 ἀδράνειά
3715 970 3795 1015 τις

2204 1041 2270 1095 ἂν
2318 1039 2404 1111 εἴη
2453 1042 2547 1095 καὶ
2577 1040 2768 1113 ἔρανος
2805 1040 2871 1094 δι’
2903 1040 3137 1113 ἀπορίαν
3182 1040 3257 1112 τῷ
3298 1044 3796 1116 προσπορισαμένῳ

2201 1133 2302 1185 οὐκ
2329 1132 2437 1185 ἀπὸ
2474 1132 2582 1185 τῶν
2622 1132 2788 1194 ἰδίων,
2823 1131 2939 1185 ἀλλ’
2977 1131 3034 1197 ἐξ
3068 1131 3444 1201 ὑποκειμένων
3472 1132 3792 1206 ἀλλοτρίων,

2200 1223 2350 1284 ὅπως
2390 1221 2451 1275 τὸ
2497 1220 2627 1274 ίδιον
2660 1222 3028 1291 ὐποστήσεται
3068 1219 3481 1292 δημιούργημα.
3524 1223 3638 1275 Καὶ
3670 1226 3794 1296 περὶ

2200 1317 2293 1371 τοῦ
2328 1318 2439 1370 τῶν
2478 1316 2666 1386 ψυχῶν
2706 1315 3085 1387 μεταγγισμοῦ
3130 1316 3297 1387 πολλή
3342 1334 3427 1381 τις
3457 1319 3489 1389 ἡ
3522 1318 3793 1392 φαυλότης

2182 1409 2299 1481 ’τῆς
2327 1407 2861 1478 παραπεποιημένης
2893 1424 2987 1460 σου
3025 1408 3265 1472 διανοίας
3293 1447 3305 1471 ,
3342 1408 3667 1481 ἐθελόσοφε,
3701 1415 3793 1465 καὶ

2200 1498 2402 1569 γνῶσιν
2468 1498 2778 1569 ἀνθρώποις
2826 1499 3265 1571 ὲπαγγελλόμενε
3301 1503 3314 1554 i
3352 1500 3414 1555 El
3457 1502 3571 1575 γὰρ
3630 1506 3791 1575 μέρος

2199 1592 2335 1646 Θεοῦ
2365 1591 2601 1665 ὑπάρχει
2642 1591 2737 1645 καὶ
2790 1592 3090 1656 ἀθάνατος,
3129 1593 3361 1663 σώματα
3391 1594 3448 1647 δὲ
3504 1595 3703 1667 οἰκτρὰ
3732 1596 3788 1647 οὐ

507 1693 601 1762 qui
649 1700 704 1746 et
750 1691 1032 1763 sapientia:
1067 1693 1299 1763 gloriam
1346 1691 1591 1757 aﬂ‘ectas,
1624 1699 1675 1746 et
1722 1705 1904 1745 rerum
1953 1690 2087 1759 apud

2208 1684 2367 1755 μόνον
2393 1682 2605 1753 εἴποιμι
2639 1681 2823 1754 θηρῶν
2851 1698 2910 1735 τε
2954 1684 3047 1736 καὶ
3076 1684 3325 1755 ἑρπετῶν
3363 1684 3461 1738 καὶ
3505 1686 3790 1739 κνωδάλων

508 1761 759 1840 homines
794 1784 1079 1840 scientiam
1108 1784 1414 1854 proﬁteris!
1465 1782 1599 1838 Nam
1638 1783 1682 1839 si
1709 1797 1835 1854 pars
1880 1789 1964 1837 cst
2004 1782 2087 1835 illa

2196 1773 2472 1842 δυσγενῶν
2508 1777 2575 1844 τῇ
2614 1774 2807 1827 πλάσει
2854 1775 3023 1847 αὐτῆς
3060 1773 3383 1840 συνάπτεις,
3409 1779 3477 1848 τῇ
3514 1778 3625 1832 ἀπὸ
3659 1777 3788 1832 Θεοῦ

506 1871 626 1938 Dei,
658 1882 713 1927 et
741 1873 959 1944 quidem
983 1871 1344 1938 immortalis;
1380 1880 1437 1928 tu
1465 1887 1594 1928 vero
1620 1872 1685 1927 ad
1715 1871 2095 1926 infelicissima

505 1963 696 2020 nescio
729 1980 851 2036 quae
879 1978 1111 2034 corpora
1142 1979 1254 2019 non
1286 1963 1523 2019 ferarum
1554 1964 1738 2031 modo,
1767 1964 1860 2019 sed
1891 1970 1945 2019 et
1974 1976 2093 2018 ser-

2201 1866 2345 1945 καςιά
2364 1866 2422 1918 σὲ
2438 1866 2538 1937 τὴν
2560 1865 2749 1919 οὐσίαν
2766 1883 2947 1943 ’κεκτη
2959 1867 3094 1939 μένῃ
3118 1882 3133 1901 ’
3154 1867 3259 1920 καὶ
3274 1869 3325 1920 τί
3344 1868 3411 1923 ἂν
3431 1868 3649 1938 γένοιτο
3673 1870 3787 1922 τού-

2201 1974 2298 2011 του
2335 1955 2735 2027 μοχθηρότερον
2751 1972 2766 2023 ;

502 2063 753 2127 pentum,
779 2070 841 2111 ac
876 2055 1271 2110 vilissimorum
1309 2054 1691 2117 animantium,
1762 2052 2130 2109 conditionem
2171 2048 2319 2102 illius
2366 2046 2620 2113 dimittis,
2656 2060 2779 2116 quae
2831 2053 3105 2113 naturam,
3156 2050 3218 2103 te
3259 2048 3484 2120 quidem
3544 2052 3785 2116 auctore,

502 2151 758 2205 haustam
790 2164 821 2203 a
851 2147 963 2204 Deo
997 2155 1051 2204 et
1086 2164 1406 2218 expressam
1435 2149 1698 2217 obtinuit;
1733 2157 1912 2220 potest
1937 2147 2235 2219 quidquam
2266 2158 2329 2201 ea
2361 2157 2421 2198 re
2453 2158 2574 2198 esse
2604 2142 2958 2212 perversius?

572 2237 659 2291 ΙΙΙ.
697 2237 769 2292 Αι
804 2238 969 2293 etiam
1001 2235 1192 2294 Fatum
1227 2240 1388 2295 nobis
1422 2241 1637 2312 objicis,
1682 2255 1713 2294 a
1755 2256 1865 2312 quo
1903 2239 2088 2296 omnia

501 2327 948 2400 proﬁciscantur,
986 2343 1110 2400 quae
1139 2339 1248 2385 tam
1287 2330 1525 2399 homini,
1557 2346 1723 2402 quam
1752 2332 1968 2389 caneris
1999 2347 2090 2387 re-

502 2422 609 2479 bus
634 2420 913 2476 accidunt.
948 2420 1151 2475 Verum
1193 2438 1326 2488 uno,
1376 2438 1552 2494 eoque
1577 2424 1911 2479 brevissimo
1942 2424 2091 2481 dicto

499 2522 655 2568 tuum
702 2513 837 2569 illud
878 2518 1250 2568 commentum
1291 2524 1599 2569 evanescet.
1649 2515 1708 2570 Si
1756 2515 1902 2570 enim
1944 2516 2087 2571 istud

500 2608 722 2675 ipsum;
779 2605 1108 2675 sapientem,
1148 2619 1212 2660 ac
1269 2606 1595 2675 prudentem
1657 2606 1815 2673 ﬁeri;
1862 2607 2090 2663 rationis

500 2698 827 2768 participem
871 2704 1267 2767 expertemque
1313 2698 1490 2763 nasci,
1552 2699 1878 2771 reliquaque
1923 2700 2090 2770 hujus

488 2788 722 2859 generis
763 2787 858 2842 fati
907 2788 1218 2844 necessitas
1265 2787 1458 2856 aﬁert;
1511 2789 1710 2846 sileant
1756 2791 1979 2847 decreta
2020 2791 2091 2847 le-

498 2895 628 2951 gum
661 2879 844 2935 omnia
886 2879 1133 2950 :quippe
1181 2895 1306 2934 cum
1346 2880 1402 2936 in
1445 2882 1724 2938 adulteros
1765 2883 2090 2940 sceleratos-

497 2987 608 3041 que
651 2978 881 3026 caeteros
916 2969 1011 3024 fati
1040 2970 1124 3025 vis
1175 2970 1266 3024 illa
1316 2970 1648 3027 dominetur.
1693 2972 1837 3030 Sane
1866 2974 2086 3044 quidem
2116 3007 2156 3063 Ο

494 3060 700 3131 justius
727 3061 796 3115 ab
830 3060 1029 3126 stellis,
1072 3076 1194 3131 quae
1217 3063 1602 3118 necessitatem
1636 3065 1878 3136 pariunt,
1911 3081 2088 3137 ptente

498 3158 846 3222 repetantur,
883 3166 1048 3221 quam
1084 3152 1154 3207 ab
1181 3167 1248 3207 eo
1283 3154 1375 3224 qui
1415 3154 1563 3225 quod
1597 3156 1709 3228 agit
1737 3157 1962 3211 omnino
1993 3171 2086 3211 co.

498 3254 657 3300 actus
676 3244 1013 3315 aggreditur.
1037 3243 1211 3315 Atque
1232 3254 1294 3300 ut
1314 3246 1365 3301 id
1393 3247 1499 3301 alia
1526 3249 1739 3303 ratione
1761 3249 2037 3320 disputem
2068 3270 2080 3305 :

495 3336 546 3392 si
575 3335 649 3390 ita
687 3337 765 3389 uti
799 3335 987 3390 volunt
1023 3351 1084 3391 se
1112 3352 1202 3393 res
1234 3337 1430 3404 habet;
1458 3339 1693 3410 agedum
1723 3342 1928 3397 scholae
1950 3357 2087 3396 con-

495 3427 767 3483 ticescant
800 3447 813 3482 :
843 3428 1102 3484 desinant
1150 3431 1435 3500 sophistae,
1483 3433 1755 3501 rhetores,
1810 3450 2085 3506 gramma-

495 3521 860 3588 tici,medici,
898 3529 1219 3594 caeteraeque
1269 3523 1536 3581 doctrinae
1584 3543 1800 3592 omnes,
1852 3528 2085 3583 illibera-

494 3612 631 3667 lium
653 3613 853 3667 artium
880 3613 1170 3669 innumera
1205 3616 1519 3673 multitudo.
1556 3618 1667 3673 Nec
1700 3620 1898 3675 doceat
1927 3621 2083 3676 dein—

496 3719 627 3775 ceps
678 3705 996 3776 quispiam;
1054 3706 1101 3762 si
1166 3708 1387 3779 quidem
1429 3708 1550 3766 Fati
1608 3711 1910 3779 beneﬁcio,
1972 3731 2082 3770 non

494 3794 805 3850 litterarum
837 3795 1152 3868 disciplina,
1188 3800 1376 3870 generi
1407 3801 1651 3857 humano
1689 3804 1921 3860 scientia
1948 3821 2082 3877 sup—

496 3887 722 3957 peditat.
758 3885 894 3941 Nam
927 3887 974 3942 si
1004 3888 1199 3945 doctos
1237 3900 1401 3963 atque
1433 3893 1682 3965 eruditos
1710 3894 1923 3953 edicere
1958 3898 2079 3953 Fati

496 3979 806 4036 necessitas
834 3989 1035 4051 poteSt,
1067 3997 1228 4038 nemo
1262 3986 1584 4057 praeceptori
1620 3996 1782 4045 navet
1811 4004 2035 4061 operam
2065 4012 2076 4047 :

494 4071 593 4127 sed
637 4071 743 4127 illa:
793 4072 1031 4128 stamina
1069 4075 1356 4132 trahentes
1387 4076 1576 4134 Parcae
1628 4080 1846 4151 ingenia
1897 4084 2077 4138 homi-

493 4177 626 4217 num
652 4162 960 4234 disciplinis
988 4164 1260 4232 imbuant,
1291 4169 1750 4239 quemadmodum
1784 4172 1933 4229 inani
1977 4175 2080 4229 ful-

493 4268 665 4326 soque
694 4254 788 4308 illo
807 4253 1061 4326 dogmate
1088 4257 1384 4327 proﬁteris.

938 4366 1042 4439 ιε,
1072 4366 1162 4422 ne
1199 4367 1633 4437 PLATONICIS,

638 4450 769 4518 Quae
797 4468 875 4513 est
905 4458 1121 4515 lucraris
1156 4462 1431 4532 gentilium
1464 4464 1491 4519 Ι
1510 4463 1573 4530 γ,
1609 4469 1795 4524 ordine
1838 4467 1931 4524 Vl.

564 4628 689 4685 llaec
739 4638 934 4687 contra
982 4631 1259 4690 Zenonem
1319 4647 1373 4693 et
1415 4637 1632 4697 Stoicos
1680 4642 1826 4699 dicta
1889 4656 2076 4702 sunto.

492 4723 651 4790 Quod
687 4722 757 4778 ad
787 4723 1072 4781 Platonem
1099 4728 1313 4795 attinet,
1344 4731 1401 4786 in
1448 4734 1640 4790 eodem
1670 4736 1719 4793 is
1750 4737 1867 4794 luto
1893 4756 2078 4796 versa-

462 4823 598 4883 ,tur.
633 4813 770 4869 Nam
796 4814 865 4872 de
900 4816 1210 4874 animarum
1235 4835 1300 4876 ex
1331 4822 1455 4880 aliis
1484 4824 1540 4879 in
1565 4826 1670 4882 alia
1701 4843 1936 4900 corpora
1957 4839 2074 4887 tra-

462 4901 749 4975 'jcctione,
786 4921 851 4964 ac
892 4908 1304 4982 vicissitudine;
1337 4915 1515 4988 deque
1556 4920 1912 4980 multitudine
1944 4925 2079 4982 deo.

488 5010 634 5066 rum,
677 5015 743 5055 ac
778 5000 1005 5073 reliquis
1037 5002 1363 5063 idololatria
1409 5013 1936 5087 superstitionisque
1976 5033 2073 5089 ge-

488 5092 713 5150 neribus
749 5093 941 5150 eadem
977 5103 1064 5153 est
1092 5096 1241 5156 illius
1279 5104 1575 5158 sententia.
1606 5104 1719 5162 Sed
1745 5107 1811 5164 de
1843 5111 2072 5166 materia

487 5184 723 5244 fortasse
749 5203 860 5244 non
885 5190 1115 5246 omnino
1143 5206 1267 5249 cum
1286 5194 1513 5254 Zenone
1540 5199 1853 5271 Stoicisqne
1883 5207 2070 5262 sentit.

564 5343 577 5372 ¹
615 5342 777 5401 Forte
814 5348 862 5399 εί
897 5346 1214 5420 σύγχρονοςς.

481 5511 502 5581 ί
561 5496 674 5579 (ω)
720 5499 1371 5581 Τέῖμὲτενσῳμᾳτὼσει.
1416 5507 1673 5565 Socrates
1698 5500 1845 5581 apud
1877 5510 2060 5568 Plato‘

490 5567 614 5649 item
651 5567 705 5621 in
734 5567 1005 5649 Phiedone
1037 5567 1241 5649 de'Hhoc
1274 5579 1527 5649 dogmate
1553 5567 1817 5649 disputat.
1856 5567 1961 5639 Sed
2005 5567 2058 5637 et

490 5595 614 5621 "cm
651 5595 705 5621 Ill
736 5595 1005 5626 ruwuone
1037 5595 1104 5627 ue
1140 5595 1241 5630 IIOC
1274 5595 1344 5632 (10
1385 5595 1527 5636 mate
1553 5595 1817 5649 ﬂlSpUlaL
1856 5595 1961 5639 Sed
2005 5595 2057 5637 et

485 5630 914 5725 gliryuspstomu's
940 5641 1176 5713 Humilia
1208 5642 1314 5725 un
1335 5595 1497 5725 ἔσται.
1528 5649 1773 5725 Platonis
1796 5654 2057 5725 dogmata

486 5706 558 5763 de
589 5706 766 5763 anima
801 5706 1175 5781 redarguens:
1213 5715 1323 5769 Νῦν
1357 5721 1452 5788 μὲν
1488 5720 1595 5788 γὰρ
1628 5722 1794 5793 αὐτὴν
1824 5706 2058 5793 arma

2109 4373 2160 4433 ι)

2268 2235 2344 2294 Γ’,
2377 2233 2735 2305 Εἱμαρμένην
2758 2233 2816 2286 δὲ
2845 2234 3226 2305 παρεισάγεις,
3251 2233 3326 2298 ὡς
3361 2234 3419 2302 ἐξ
3446 2237 3625 2309 αὐτῆς
3649 2239 3783 2307 γίνε-

2196 2327 2320 2381 σθαι
2361 2325 2430 2380 τά
2465 2325 2543 2396 τῷ
2578 2323 2856 2395 ἀνθρώπῳ
2902 2323 3267 2396 συμϐαίνοντα
3314 2327 3410 2381 καὶ
3455 2327 3659 2393 ἄλλοις.
3702 2330 3782 2397 Ἐξ

2194 2420 2312 2483 ἐνὸς
2344 2419 2399 2471 δὲ
2430 2416 2595 2489 ῥητοῦ
2619 2417 2685 2469 δι’
2710 2416 2978 2487 ἐπιτομῆς
3003 2415 3098 2469 τοῦ
3131 2416 3313 2487 λόγου,
3343 2420 3783 2495 ἅνατραπήσεται

2193 2514 2228 2585 η
2253 2512 2319 2583 σὴ
2356 2509 2669 2582 μυθοποιία.
2714 2508 2778 2562 Εἰ
2822 2508 2931 2580 γάρ
2970 2511 3315 2582 εἱμαρμένης
3347 2512 3409 2566 τὸ
3446 2502 3779 2583 σοφίζεσθαι,

2192 2601 2252 2655 τὸ
2279 2600 2670 2667 συνετίξεσθαι,
2690 2600 2752 2654 τὸ
2776 2600 2993 2669 λογικὸν
3031 2601 3323 2669 γεννᾶσθαι
3346 2604 3441 2657 καὶ
3463 2604 3680 2674 ἄλογον,
3696 2606 3777 2658 καὶ

2192 2694 2262 2747 τὰ
2289 2691 2426 2747 ἄλλα
2459 2693 2660 2757 πάντα,
2687 2692 3092 2746 παυσάσθωσαν
3132 2693 3283 2764 νόμοι
3303 2711 3317 2725 ο
3363 2696 3657 2768 ἐπικρατεῖ
3682 2695 3779 2767 γὰρ

2192 2786 2225 2856 ἡ
2254 2784 2566 2856 εἱμαρμένη
2605 2783 2807 2854 μοιχῶν
2836 2798 2897 2835 τε
2937 2783 3031 2837 καὶ
3063 2782 3259 2838 ἄλλων.
3295 2787 3465 2858 Δίκην
3504 2787 3778 2858 δὲμᾶλλον

2190 2876 2431 2929 τίσουσιν
2477 2876 2527 2928 oi
2588 2873 2835 2945 ἀνάγκην
2886 2874 3221 2941 ἐπιτιθέντες
3287 2879 3523 2951 ἀστέρες
3578 2881 3776 2953 ἠπερὰ

2190 2967 2636 3037 ἀναγκαζόμενος
2692 2965 2888 3038 δρᾶσαι
2937 2968 2999 3021 τὸ
3048 2969 3405 3042 ἐπιχείρημα.
3481 2972 3638 3026 Ἀλλά
3692 2972 3775 3026 καὶ

2194 3059 2370 3124 ἄλλως
2395 3058 2476 3112 ἔτι
2506 3059 2633 3131 περὶ
2664 3057 2871 3112 τούτων
2903 3058 3034 3133 ἐρῶ.
3088 3060 3460 3132 Ἀργείτωσαν
3488 3066 3544 3118 αἱ
3579 3065 3770 3134 διατριο

2193 3151 2309 3214 δαὶ,
2331 3150 2731 3206 παυσάσθωσαν
2757 3153 3007 3221 σοφισταί
3028 3170 3086 3206 τε
3107 3154 3200 3207 καὶ
3233 3154 3466 3227 ῥήτορες
3488 3157 3582 3210 καὶ
3606 3173 3771 3227 γραμο

2198 3247 2435 3319 ματικοὶ,
2479 3248 2652 3322 ίατροί
2676 3248 2852 3301 τεκαὶ
2876 3245 3031 3302 ἄλλαι
3061 3244 3384 3320 ἐπιστῆμαι,
3414 3248 3695 3319 βαναύσων
3718 3264 3771 3301 τε

2192 3341 2395 3412 τεχνῶν
2422 3339 2718 3413 ἀμυθήτων
2767 3338 2992 3411 πλῆθος.
3040 3341 3152 3394 Καὶ
3193 3339 3394 3410 μηκέτι
3437 3341 3626 3414 μηδεὶς
3654 3357 3768 3392 παι-

2190 3433 2413 3497 δευέτω,
2446 3433 2607 3505 εἴπερ
2637 3433 2697 3499 ἐξ
2739 3434 3084 3505 εἱμαρμένης
3115 3433 3374 3504 τυγχάνει
3415 3435 3524 3488 τῶν
3556 3436 3769 3503 ἐπιστη-

2195 3527 2332 3598 μῶν,
2364 3526 2459 3580 καὶ
2491 3526 2566 3597 μὴ
2625 3527 2690 3579 ὲκ
2740 3526 3088 3596 γραμμάτων
3129 3526 3419 3598 μαθήσεως
3461 3529 3491 3581 ὁ
3518 3523 3768 3600 πορισμὸς

2189 3622 2257 3690 τῇ
2292 3618 2608 3690 ἀνθρωπεία
2636 3617 2817 3687 φύσει.
2856 3619 2919 3671 Et
2953 3617 3064 3689 γάρ
3109 3618 3424 3692 εἱμαρμένη
3459 3620 3552 3675 τὸν
3581 3633 3768 3672 πεπαι·

2189 3711 2449 3783 δευμένον
2490 3711 2586 3765 καὶ
2628 3711 2955 3779 λογιώτατον
3006 3711 3411 3783 παρεσκεύασε,
3456 3712 3531 3784 μὴ
3573 3707 3767 3781 μανθα-
3858 3769 3868 3779 _

2188 3804 2329 3858 νέτω
2351 3821 2434 3868 τις
2465 3803 2617 3877 παρά
2648 3802 2744 3856 τοῦ
2771 3803 3114 3867 διδάσκοντος
3133 3821 3145 3834 ·
3172 3803 3308 3859 ἀλλά
3335 3805 3400 3875 τῇ
3434 3803 3594 3875 φύσει
3618 3801 3765 3870 ’λαμ-

2189 3895 2503 3951 ϐανέτωσαν
2544 3897 2643 3967 τὴν
2684 3895 2888 3967 εἴδησιν
2937 3898 2993 3949 αἱ
3047 3897 3175 3960 τοὺς
3238 3896 3427 3968 μίτους
3476 3895 3766 3951 κλώθουσαι

2186 3988 2412 4059 Μοῖραι,
2441 3985 2581 4041 κατά
2613 3985 2676 4038 τὸ
2702 3984 2922 4055 φθέγμα
2948 3984 3050 4056 τῆς
3090 3985 3416 4057 κομπώδους
3462 4004 3555 4041 σου
3577 3984 3658 4038 διὰ
3686 3981 3764 4035 λό’

2185 4094 2299 4150 γων
2327 4096 2553 4150 πλανης.

2753 4384 3202 4452 ΠΛΑΤΩΝΙΚΟΙ,

2189 4476 2444 4546 Τετάρτῃ
2490 4479 2721 4547 αἵρεσις
2757 4479 2877 4550 ἀπὸ
2938 4476 3372 4549 Ἑλληνισμοῦ,
3413 4482 3555 4550 ἕκτη
3590 4480 3653 4534 δὲ
3692 4471 3756 4545 τῇ

2800 4549 3148 4618 ἀκολουθίᾳ.

2270 4662 2431 4716 Ἀλλά
2456 4661 2634 4717 ταῦτα
2677 4663 2814 4734 πρὸς
2844 4663 3067 4735 Ζήνωνα
3098 4663 3194 4717 καὶ
3217 4663 3344 4727 τοὺς
3373 4660 3641 4723 Στωϊκούς
3674 4670 3754 4729 μοι
3832 4721 3839 4725 ,

2182 4753 2436 4825 λελέχθω.
2459 4753 2685 4807 Πλάτων
2710 4754 2769 4807 δὲ
2815 4754 2934 4825 ἅμα
2970 4755 3065 4807 καὶ
3100 4755 3263 4819 αὐτὸς
3290 4755 3433 4809 κατά
3453 4753 3563 4810 τῶν
3587 4748 3754 4815 αὐτῷν

2182 4847 2501 4919 φερόμενος,
2519 4849 2585 4919 τῇ
2616 4845 3237 4920 μετενσωματώσειμ9)
3274 4847 3370 4902 καὶ⁸
3403 4839 3753 4920 μεταγγισμῷ

2180 4939 2289 4993 τῶν
2320 4939 2527 5011 ψυχῶν,
2556 4939 2653 4993 καὶ
2697 4938 3010 5003 πολυθεὴις
3049 4940 3145 4994 καὶ
3182 4942 3303 5003 ταῖς
3339 4939 3531 5003 ἄλλαις
3554 4934 3746 4991 εἰδωλο·

2181 5026 2458 5099 λατρείαις
2491 5028 2587 5082 καὶ
2632 5028 3094 5100 δεισιδαιμονίαις,
3124 5029 3186 5083 οὐ
3206 5032 3271 5101 τῇ
3301 5030 3402 5104 ὓλῃ
3430 5030 3604 5098 πάντη
3634 5025 3748 5084 ἴσως

2184 5121 2325 5175 κατά
2354 5124 2577 5194 Ζήνωνα
2597 5123 2691 5175 καὶ
2719 5123 2843 5187 τοὺς
2860 5123 3129 5188 Στωϊκοὺς
3156 5124 3477 5196 ἐφρόνησεν.
3509 5118 3627 5175 Οίδε
3652 5117 3748 5185 γὰρ

2184 5211 2346 5277 αὐτὸς
2379 5214 2532 5278 Θεὸν,
2556 5214 2624 5267 τὰ
2651 5215 2708 5269 δὲ
2734 5216 3001 5285 γενόμενα
3030 5216 3207 5271 πάντα
3227 5219 3291 5270 ὲκ
3316 5216 3411 5271 τοῦ
3445 5216 3594 5277 ὄντος
3622 5204 3746 5263 Θεοῦ

2167 5516 2301 5602 βεοξ
2313 5536 2508 5602 ’φησιν’
2528 5523 2717 5587 οὐσίας
2731 5520 2909 5602 εἶναι.
2941 5526 3057 5580 Νῦν
3084 5527 3141 5602 δέ
3165 5528 3339 5602 οὕτως
3366 5531 3634 5602 ἀμέτρως,
3659 5520 3743 5576 καὶ

2167 5588 2378 5671 ἀσῖερῶς
2398 5592 2623 5671 ἐπάρας
2654 5594 2775 5664 μεθ’
2806 5597 3003 5671 erepat;
3037 5588 3357 5671 καθυὸρίζὲι
3388 5588 3557 5671 πάλιν
3588 5588 3743 5671 ὕπερ·

2166 5658 2347 5738 ϐολῆς,
2381 5661 2461 5738 είς
2489 5658 2723 5738 χοίρους,
2754 5667 2845 5719 καὶ
2870 5658 3021 5732 ὅνους
3045 5658 3300 5738 εἰσάγων,
3331 5673 3421 5725 καὶ
3445 5671 3511 5725 τά
3535 5667 3609 5720 ἔτι
3630 5658 3736 5718 τοῦο

2167 5743 2274 5781 των
2301 5731 2596 5803 ἀτιμότερα
2628 5733 2761 5797 ζῶα,
