4022 6418
465 314 568 374 201

1886 301 1942 356 5.
1985 291 2332 352 EPIPHANH

3655 295 3760 356 208

463 458 572 514 quc
613 435 875 509 vertigine
919 435 1116 504 raptim
1164 431 1314 486 velut
1355 426 1582 483 ﬂexuosi
1627 423 1773 477 illius
1827 423 2054 492 spiritus

2176 419 2370 487 ἱστρων
2421 414 2495 478 ώς
2538 413 2646 467 ἀπὸ
2699 411 2798 464 τοῦ
2863 411 3301 483 δρακοντοειδοῦς
3356 413 3442 466 ἐτι
3479 413 3552 468 τὰ
3585 415 3760 470 πάντα

470 533 771 606 agitatione
803 528 1027 597 corripi.
1067 524 1192 580 llaec
1222 538 1321 578 nos
1354 521 1422 576 de
1450 523 1676 575 istorum
1699 515 2050 587 dogmatibus

465 626 645 682 obiter
672 623 940 678 duntaxat
967 619 1267 688 attigimus.

537 713 598 770 ll.
653 713 809 769 Nunc
872 720 932 766 ut
985 707 1289 765 lectoribus
1341 701 1611 759 brevitate
1663 698 2050 760 consulamus,

469 815 706 878 quatuor
743 803 908 861 simul
937 802 1019 855 ha:
1050 805 1214 853 sectae
1239 795 1494 851 oratione
1524 798 1713 848 nostra
1741 787 2054 845 refellenda:

469 907 618 958 sunt.
655 897 740 952 Ab
771 895 855 950 his
891 892 1036 948 enim
1073 887 1416 961 primordiis,
1445 886 1531 941 vel
1561 892 1688 939 ante
1723 882 1838 936 haec
1861 879 2051 944 etiam,

471 999 529 1046 ut
549 989 703 1046 initio
715 987 983 1050 diximus,
999 991 1192 1053 poetae,
1210 977 1484 1040 historici,
1503 973 1806 1044 reliquique
1822 970 2056 1040 scripto-

469 1095 578 1141 res,
611 1072 938 1136 astronomi,
970 1069 1157 1124 caeteri
1185 1067 1428 1137 denique
1455 1063 1664 1120 erroris
1709 1061 1948 1114 artiliccs
1991 1071 2055 1112 ac

468 1169 737 1241 magistri,
776 1165 870 1241 qui
897 1164 965 1218 ad
1002 1173 1262 1218 sexcenta
1302 1175 1489 1216 rerum
1531 1153 1820 1214 statuenda
1851 1151 2056 1222 princi-

471 1266 580 1335 pia,
619 1260 1002 1334 pessimasqtie
1037 1269 1239 1310 causas
1281 1251 1549 1322 impulere
1575 1247 1891 1304 mortalium
1936 1243 2057 1297 ani-

470 1372 611 1421 mos,
642 1351 1032 1408 communibus
1059 1345 1279 1420 generis
1306 1343 1534 1398 humani
1566 1339 1821 1398 sensibus
1850 1337 2058 1393 densis-

471 1451 640 1505 simas
671 1447 932 1504 tenebras
973 1442 1309 1498 offuderunt.
1353 1437 1533 1508 Atque
1569 1435 1661 1488 hic
1694 1433 1913 1488 demum
1947 1432 2059 1500 pri-

472 1561 594 1600 mus
637 1557 793 1599 error
823 1539 1058 1602 exstitit,
1112 1536 1388 1592 idolorum
1435 1530 1748 1600 excogitata
1790 1527 2054 1596 supersti-

475 1639 572 1701 tlo,
614 1634 915 1703 infelixque
967 1630 1060 1686 illa
1095 1626 1408 1696 disciplina.
1459 1623 1630 1676 Erant
1681 1626 1796 1673 tum
1827 1617 1966 1671 duas
2006 1615 2059 1668 in

477 1727 745 1782 factiones
783 1721 1044 1778 universa
1085 1717 1404 1779 distributa,
1437 1712 1720 1784 gentilium
1747 1723 1812 1762 ac
1840 1705 2058 1761 Judaaov

2157 508 2474 562 ἐλαύνεσθαι
2521 506 2849 577 πνεύματος.
2903 506 3030 579 Καὶ,
3074 505 3182 558 ἀπὸ
3231 505 3438 578 μέρους
3489 506 3595 561 μὲν
3637 511 3759 582 περῖ

2154 597 2360 651 τούτων
2393 596 2626 666 ἔφημεν.

2233 688 2312 741 B'.
2346 687 2437 758 Τῷ
2455 685 2512 740 δὲ
2538 685 2688 757 αὐτῷ
2709 685 2897 758 τρόπῳ
2927 685 3028 750 τὰς
3053 685 3324 758 τέσσαρας
3358 685 3578 749 ταύτας
3610 682 3731 760 αίρέ
3748 717 3762 726 -

2158 798 2271 845 σεις
2293 779 2664 852 ἀνατρεπτέον
2690 779 2788 832 διὰο
2810 779 2910 850 τὴν
2935 779 3227 850 συντομίαν
3243 780 3340 850 τῆς
3361 777 3758 848 ἀναγνώσεως.

2169 872 2448 927 Ἐντεῦθεν
2501 870 2597 925 καὶ
2643 871 2903 942 ἀνωτέρω
2941 870 3151 936 λοιπὸν,
3185 871 3260 935 ὼς
3302 871 3470 943 ἔφην,
3514 873 3759 940 ποιηταὶ,

2159 964 2604 1038 ἱστοριογράφοι,
2632 962 2982 1035 λογογράφοι,
3007 963 3330 1035 ἀστρονόμοι
3379 979 3443 1016 τε
3485 963 3583 1016 καὶ
3608 962 3659 1015 oi
3696 962 3762 1016 τὰ

2158 1059 2294 1112 ἄλλα
2319 1057 2416 1126 τῆς
2450 1055 2658 1124 πλάνης
2679 1056 3128 1126 εἰσηγησάμενοι,
3148 1055 3200 1108 οἱ
3227 1055 3763 1125 παρασκευάσαντες

2158 1149 2248 1202 τὸν
2309 1147 2432 1201 νοῦν
2482 1147 2574 1200 ἐπὶ
2602 1147 2804 1218 μυρίας
2859 1145 3035 1210 κακὰς
3077 1147 3259 1209 αἰτίας
3293 1147 3392 1200 καὶ
3437 1145 3762 1214 ἁναγωγὰς,
3805 1166 3815 1174 ·

2162 1241 2478 1295 ἐοκότωσαν
2543 1240 2638 1294 καὶ
2704 1239 2978 1292 ἐθόλωσαν
3024 1239 3123 1311 τὴν
3175 1239 3274 1309 τῆς
3330 1237 3763 1309 ἀνθρωπότητος

2163 1331 2448 1402 ὑπόληψιν.
2493 1331 2603 1385 Καὶ
2631 1331 2854 1400 γέγονεν
2893 1329 3032 1402 αῦτη
3071 1329 3264 1402 πρώτη
3299 1329 3507 1401 πλάνη,
3551 1330 3762 1384 ἐπίνοια

2163 1423 2418 1487 εἰδώλων,
2485 1423 2578 1476 καὶ
2632 1417 3026 1493 κακοδαιμονία
3072 1421 3446 1484 διδασκαλίας.
3474 1416 3589 1473 Ἦν
3621 1421 3678 1474 δὲ
3700 1421 3764 1472 τὸ

2165 1515 2345 1569 πάντα
2413 1514 2816 1584 μεμερισμένα,
2881 1512 3236 1584 Ἑλληνισμός
3283 1528 3342 1565 τε
3393 1511 3494 1566 καὶ
3554 1511 3764 1565 Ἰουδαῖ-

2167 1606 2301 1676 σμός
2322 1621 2335 1635 ·
2375 1605 2704 1676 Ἰουδαϊσμὺς
2743 1603 2897 1658 οὔπω
2938 1605 3204 1676 πρότερον
3233 1603 3606 1674 καλούμενος,
3634 1603 3764 1656 ἀλλὰ

2163 1698 2251 1751 διὰ
2271 1696 2363 1749 τοῦ
2404 1696 2618 1768 Ἰσραὴλ
2643 1697 2703 1750 τὸ
2722 1696 3007 1768 ἐπώνυμον
3026 1697 3125 1768 τῆς
3149 1695 3442 1759 θεοσεϐοῦς
3466 1695 3763 1767 θρησκείας

475 1834 619 1873 rum.
656 1815 856 1871 Verum
888 1811 1116 1868 Jttdaica
1147 1817 1292 1864 secta
1322 1816 1672 1874 nequaquam
1708 1800 1864 1854 initio
1898 1813 2058 1852 voca-

2176 1783 2616 1854 ἱπικεκλημένος,
2639 1783 2742 1848 ἕως
2763 1785 2850 1836 ὅτε
2876 1783 3114 1854 διαδοχαὶ
3142 1785 3532 1855 γεγέννηνται.
3575 1783 3633 1837 Ὀ
3663 1782 3764 1853 γὰρ

476 1912 660 1970 batur.
699 1907 792 1962 sed
837 1903 1002 1960 Israel
1028 1902 1230 1958 divinat-
1263 1899 1391 1953 huic
1433 1893 1680 1965 religioni
1729 1905 2061 1962 cognomen-

406 1998 422 2009 ’
479 2009 593 2053 tum
628 2005 780 2063 erat;
814 1983 1284 2064 donec'generum
1317 1995 1400 2044 est
1430 1995 1724 2057 propagata
1760 1981 2060 2038 successio.

477 2091 690 2145 Etenim
733 2087 1004 2150 Naasson,
1055 2085 1153 2154 qui
1185 2083 1360 2135 tribus
1391 2077 1545 2132 Juda:
1576 2077 1831 2146 princeps
1879 2073 1932 2126 in
1963 2071 2059 2126 de.

478 2189 628 2238 serto
649 2181 986 2236 constitutus
1013 2183 1120 2244 est,
1152 2172 1380 2229 Salmon
1401 2169 1612 2241 genuit,
1642 2163 1866 2221 Salmon
1890 2163 2061 2229 Boos;

477 2273 620 2328 Boos
653 2270 828 2330 Obetl.
861 2267 1014 2324 (lbed
1045 2265 1198 2322 Iesse
1232 2283 1246 2320 :
1281 2279 1407 2318 cum
1458 2262 1552 2332 qui
1595 2259 1847 2329 religiose
1893 2253 2066 2309 Deum

479 2365 720 2419 colerent
768 2359 946 2416 adhuc
993 2355 1253 2412 Israelita:
1298 2355 1634 2408 dicerentur.
1676 2346 1881 2402 Deinde
1909 2343 2067 2399 Jesse

400 2494 407 2500 -
478 2457 738 2512 Davidem
782 2451 993 2525 genuit,
1039 2449 1134 2519 qui
1162 2447 1374 2519 primus
1415 2459 1446 2499 e
1478 2441 1624 2496 tribu
1651 2436 1806 2493 Judaa
1837 2449 2066 2505 regnum

479 2549 736 2604 obtinuit.
773 2543 948 2613 Cujus
971 2541 1040 2596 ab
1061 2539 1233 2608 stirpe
1258 2537 1520 2604 deinceps
1556 2535 1822 2602 perpetua
1852 2538 2070 2581 succes-

481 2641 640 2696 sione
675 2651 831 2707 reges
859 2631 1089 2703 imperio
1128 2629 1284 2700 potiti
1324 2632 1474 2682 sunt.
1508 2621 1613 2678 Sed
1651 2627 1778 2674 ante
1807 2614 2068 2670 Davidem

481 2731 694 2803 primus
729 2705 1090 2784 Israeliticum
1113 2734 1339 2792 regnum
1368 2715 1568 2771 Saulus
1597 2717 1852 2766 tenuerat
1877 2722 1908 2761 e
1939 2705 2070 2761 Ben-

479 2822 676 2894 jamini
706 2821 870 2884 tribu,
896 2817 1061 2873 Ceiso
1085 2824 1241 2886 patre
1269 2809 1486 2879 genitus
1515 2825 1528 2862 ε
1553 2805 1659 2876 ιθ
1682 2817 1782 2857 nec
1809 2800 1860 2856 ei
1886 2806 2070 2852 tamen

483 2890 630 2972 lilius
659 2911 962 2977 successit;
1001 2907 1097 2964 sed
1146 2905 1214 2961 ad
1257 2904 1460 2959 tribum
1484 2898 1638 2955 Iudae
1677 2910 1775 2966 per
1810 2890 2068 2953 Davidem

485 3006 779 3078 imperium
805 3002 1134 3056 translatum
1167 3004 1270 3052 est.
1294 2992 1468 3066 Igitur
1496 2986 1738 3045 Iacobus
1769 2984 2070 3039 liberorum

2165 1874 2432 1929 Ναασσών
2465 1878 2494 1928 ὁ
2525 1877 2582 1928 ἐν
2605 1878 2670 1946 τῇ
2719 1877 2910 1946 ἐρήμῳ
2943 1874 3185 1956 γεγονὼς
3216 1875 3504 1948 φύλαρχος
3529 1875 3632 1945 τῆς
3670 1893 3763 1945 φυ-

2165 1971 2263 2040 λῆς
2325 1969 2499 2022 Ἰούδα
2545 1969 2722 2039 εγεννᾷ
2769 1967 2863 2021 τὸν
2897 1965 3162 2038 Σαλμών·
3206 1965 3444 2039 Σαλμὼν
3477 1967 3646 2038 γεννᾷ
3681 1965 3766 2019 τὸν

2167 2063 2296 2126 Βοός
2322 2079 2335 2092 ·
2365 2060 2498 2123 Βοὺς
2531 2061 2696 2130 γεννᾷ
2725 2058 2814 2112 τὸν
2858 2058 3022 2130 Ὠϐήδ
3044 2075 3058 2090 ·
3103 2057 3260 2129 Ὠὅὴδ
3294 2061 3468 2129 γεννᾷ
3501 2059 3596 2112 τὸν
3642 2059 3763 2111 Ἰεσ-

2169 2157 2258 2210 σαὶ
2307 2156 2401 2208 ἐπὶ
2453 2153 2558 2207 τῶν
2612 2152 2881 2207 θεοσεὸὦν
2961 2149 3312 2223 Ἰσραηλιτῶν
3367 2149 3726 2222 καλουμένων
3751 2166 3762 2179 ·

2180 2249 2378 2302 Ἰεσσαὶ⁸
2405 2251 2570 2320 γεννᾷ
2597 2249 2686 2301 τὸν
2717 2246 2881 2300 Δαὸὶδ
2928 2245 3018 2299 τὸν
3043 2244 3284 2316 βασιλέα,
3311 2239 3370 2308 ὃς
3397 2245 3620 2316 πρῶτος
3645 2241 3756 2295 ἐϐα-

2170 2341 2416 2394 σίλευσεν
2435 2342 2499 2392 ἐκ
2539 2339 2710 2410 φυλῆς
2757 2337 2947 2392 Ἰούδα.
2985 2336 3076 2402 Ἐξ
3103 2325 3164 2391 οῦ
3193 2336 3385 2390 λοιπδν
3413 2339 3465 2390 οἱ
3489 2335 3634 2390 κατὰ
3657 2333 3758 2387 δια-

2167 2432 2328 2506 δοχὴν
2367 2431 2629 2505 βασιλεῖς,
2665 2433 2730 2484 ἐκ
2770 2431 2864 2484 τοῦ
2923 2431 3242 2503 σπέρματος
3273 2429 3471 2497 αὑτοῦ,
3505 2426 3622 2494 υίὸς
3657 2427 3757 2482 δια-

2168 2525 2457 2596 δεχόμενος
2514 2523 2746 2594 πατέρα,
2805 2521 3042 2593 καθεξῆς
3109 2522 3534 2594 συνεστήκασιν.
3565 2517 3672 2574 Ἦν
3711 2517 3762 2571 δέ

2172 2617 2277 2688 πρὸ
2293 2616 2458 2672 αὑτοῦ
2488 2617 2580 2671 τοῦ
2611 2617 2778 2671 Δαϐὶδ
2816 2618 2843 2670 ὁ
2875 2615 3034 2685 φύσει
3079 2615 3294 2689 πρῶτος
3337 2613 3673 2686 βασιλεύσας
3710 2611 3762 2663 ἐν

2185 2707 2401 2780 Ἰσραὴλ
2417 2707 2588 2761 Σαοὺλ
2609 2707 2722 2770 υἱὸς
2743 2707 2874 2770 Κεὶς
2895 2706 2958 2758 ἐκ
2977 2705 3150 2776 φυλῆς
3165 2705 3452 2780 ῌενιαμίνο
3475 2704 3572 2759 καὶ
3586 2700 3765 2757 οὐκέτι

2174 2799 2340 2854 αὐτὸν
2371 2797 2640 2863 διεδέξατο
2671 2799 2783 2862 υἱός
2808 2815 2820 2827 ·
2864 2796 3000 2850 ἀλλὰ
3032 2798 3266 2869 μετέστη
3290 2797 3353 2850 τὸ
3382 2795 3658 2868 βασίλειον
3682 2789 3760 2844 διὰ

2173 2891 2336 2946 Δαδὶδ
2388 2890 2606 2964 πρώτου
2665 2893 2744 2954 εἰς
2792 2888 2893 2960 τὴν
2941 2887 3114 2958 φυλὴν
3160 2887 3353 2942 Ἰούδα.
3398 2885 3629 2960 Πρῶτος
3660 2879 3759 2950 γὰρ

2173 2982 2321 3054 αὐτῷ
2351 2983 2428 3054 τῷ
2470 2981 2665 3037 Ἰακὼὸ
2704 2984 2833 3044 παῖς
2860 2981 3066 3050 γίνεται
3107 2979 3352 3050 Ῥουϐὶμ,
3385 2978 3641 3049 δεύτερος
3670 2975 3757 3026 Συ-

489 3099 726 3170 primum
753 3093 999 3150 omnium
1040 3065 1342 3144 Bubettum
1359 3082 1610 3152 suscipit;
1633 3075 1830 3134 deinde
1857 3075 2066 3131 Simeo-

2177 3074 2343 3146 μεὼν,
2360 3075 2543 3147 τρίτος
2577 3073 2762 3137 Λευῒς,
2791 3073 3051 3142 τέταρτος
3077 3069 3295 3136 Ἰούδας,
3313 3070 3374 3138 ἐξ
3395 3065 3457 3125 οὗ
3486 3067 3757 3123 καλοῦνται

487 3164 611 3244 nem
646 3207 660 3243 :
706 3189 928 3242 tertiutn
964 3182 1114 3246 Levi,
1150 3187 1427 3248 quartum,
1456 3172 1727 3234 Judam,a
1762 3183 1871 3238 quo
1899 3164 2071 3220 Judaei

483 3277 858 3354 cognominati
885 3284 1035 3342 sunt,
1063 3274 1134 3328 ob
1157 3270 1311 3325 Judre
1349 3267 1580 3330 tribum,
1617 3262 1709 3332 qui
1751 3277 1818 3316 ex
1848 3257 2070 3328 religio-

485 3349 674 3429 sorum
701 3369 985 3424 hominum
1017 3377 1214 3435 genere
1251 3357 1546 3430 prodierat,
1583 3353 1652 3408 ad
1683 3367 1802 3408 eam
1831 3349 2074 3419 appella-

485 3465 692 3518 tionem
729 3459 984 3514 traducti.
1039 3452 1323 3523 Siquidem
1365 3446 1628 3504 lsraclitze
1659 3439 1932 3512 principio
1979 3453 2075 3492 vo-

483 3555 598 3611 cati
623 3560 774 3616 sunt,
797 3551 891 3620 qui
921 3546 1094 3602 Judaei
1129 3543 1290 3598 modo
1326 3541 1604 3596 dicuntur.

562 3644 652 3699 ιιι.
693 3642 774 3708 Ad
809 3642 916 3696 hoc
953 3652 1128 3707 usque
1166 3641 1382 3702 tempus
1421 3637 1659 3700 quatuor
1691 3625 1748 3680 in
1795 3623 1955 3680 terris
1985 3621 2076 3676 ho-

485 3739 700 3794 minum
729 3748 930 3806 genera
971 3728 1236 3801 perducta
1275 3733 1428 3790 sunt,
1459 3734 1692 3792 quorum
1729 3711 2076 3785 unumquod-

487 3847 596 3904 que
629 3845 730 3887 suo
763 3835 1008 3896 tempore
1031 3813 1330 3892 separatim
1361 3813 1583 3878 coaluit,
1615 3811 1684 3866 ad
1716 3825 1838 3866 eam
1858 3814 2075 3862 aetatem

489 3897 544 3980 et
591 3922 756 3984 ultra,
813 3930 978 3989 quam
1021 3913 1269 3985 proxime
1321 3904 1772 3979 significavimus.
1823 3899 1959 3955 Nam
2006 3897 2077 3954 ab

491 4013 700 4068 Adanto
723 4009 791 4064 ad
817 4007 1083 4063 Noemunt
1106 4001 1492 4057 Barbarismus
1515 3992 1771 4051 obtinuit.
1801 3993 1846 4046 A
1867 3989 2075 4046 Noemo

492 4106 559 4160 ad
592 4102 763 4158 turris
809 4098 1252 4159 aediﬁcationem,
1297 4101 1353 4146 et
1395 4087 1626 4147 Scruchi
1666 4095 1938 4156 tempora,
1978 4081 2075 4153 qui

493 4195 654 4248 ιιί·ῑὶ;ι
689 4184 812 4264 post
852 4191 1000 4244 illam
1037 4193 1197 4242 aetate
1228 4183 1382 4248 vixit,
1433 4178 1690 4252 Scythica
1728 4174 2072 4247 superstitio.

491 4291 537 4342 Α
585 4286 756 4342 turris
807 4279 1180 4338 cxstructione
1215 4315 1230 4341 ,
1289 4283 1343 4331 et
1395 4271 1688 4338 Serucbo,
1752 4285 1966 4325 necnon
2023 4275 2076 4322 et

491 4381 716 4440 Aramo,
765 4375 830 4429 ad
883 4373 1278 4432 Abrahamum,
1303 4365 1525 4438 gentilis
1572 4371 1722 4418 secta
1769 4361 1962 4432 tiguit.
1995 4360 2077 4415 Ab

2187 3167 2448 3230 Ἰουδαῖοι,
2465 3165 2553 3220 διὰ
2583 3166 2680 3237 τὴν
2712 3165 2884 3237 φυλὴν
2919 3163 3091 3218 Ἰούδα
3114 3163 3206 3217 τοῦ
3231 3165 3296 3217 ἐκ
3323 3161 3421 3217 τοῦ
3444 3161 3638 3232 γένους
3662 3156 3758 3210 τῶν

2175 3259 2464 3324 Θεοσεϐὦν,
2522 3260 2572 3312 οἱ
2632 3261 2711 3322 εἰς
2768 3257 2830 3311 τὸ
2887 3255 3060 3329 ὄνομα
3115 3255 3274 3310 τοῦτο
3341 3237 3756 3327 μεταπεσόντες

2188 3349 2513 3406 Ἐκαλοῦντο
2569 3349 2700 3419 γοῦν
2752 3351 2944 3421 πρώην
3004 3345 3365 3418 Ἰσραηλῖται,
3401 3347 3453 3400 οἱ
3509 3345 3600 3398 καὶ
3637 3336 3756 3395 Ἰον-

2174 3445 2335 3499 δαῖοι.

2247 3625 2323 3681 Γ¹.
2355 3625 2500 3688 Ἕως
2541 3623 2731 3678 τούτου
2784 3621 2878 3675 τοῦ
2920 3620 3114 3694 χρόνου
3164 3619 3520 3691 συνήφθησαν
3562 3616 3619 3669 αί
3649 3613 3757 3666 τέσ-

2181 3735 2349 3789 σαρες
2403 3713 2594 3786 γενεοιὶ¹
2645 3713 2748 3784 τῆς
2800 3713 2902 3783 γῆς
2947 3709 3055 3764 τῶν
3101 3709 3389 3780 τεσσάρων
3445 3704 3758 3779 τμημάτων.

2177 3811 2395 3863 Τούτων
2453 3805 2836 3878 διαιρεθέντων
2899 3803 3040 3858 κατὰ
3093 3803 3219 3865 τοὺς
3277 3800 3508 3873 χρόνους
3547 3797 3649 3859 ἓως
3672 3791 3758 3863 τοῦ

2177 3899 2373 3972 καιροῦ
2431 3897 2624 3952 τούτου
2680 3895 2774 3950 τοῦ
2831 3893 3066 3950 ἐνταῦθά
3115 3909 3204 3964 μοι
3265 3889 3638 3962 δεδηλωμένου
3673 3880 3759 3938 καὶ

2178 3993 2472 4047 ἐπέκεινα·
2525 3989 2805 4044 τουτέστιν
2837 3988 2946 4040 ἀπὸ
2993 3987 3165 4057 Ἀδὰμ
3193 3985 3298 4049 ἓως
3332 3984 3429 4038 τοῦ
3479 3981 3601 4037 Νῶε
3639 3978 3753 4050 βαρ·

2178 4084 2447 4158 ϐαρισμός
2471 4100 2484 4114 ·
2523 4081 2630 4136 ἀπὸ
2654 4080 2748 4134 τοῦ
2771 4078 2895 4132 Νῶε
2929 4079 3034 4142 ἓως
3058 4076 3152 4134 τοῦ
3186 4076 3400 4147 πύργου
3429 4075 3524 4152 καὶ
3545 4071 3758 4142 Σεροὺχ,

2181 4177 2320 4250 μετὰ
2339 4176 2432 4230 δύο
2459 4173 2650 4244 γενεὰς
2667 4172 2761 4226 τοῦ
2793 4171 3002 4242 πύργου
3024 4171 3056 4241 ἡ
3085 4167 3328 4240 Σκυθικὴ
3357 4160 3756 4234 δεισιδαιμονία,

2179 4271 2272 4324 καὶ
2333 4267 2626 4338 μετέπειτα
2671 4264 2780 4318 ἀπὸ
2838 4259 2934 4315 τοῦ
2987 4261 3198 4332 πύργου
3266 4260 3364 4312 καὶ
3423 4257 3626 4328 Σερούχ
3673 4249 3757 4304 καὶ

2191 4363 2369 4434 Ἀρὰμ
2401 4361 2511 4432 {53)
2543 4359 2647 4422 ἕως
2703 4347 2795 4411 τοῦ
2837 4355 3091 4428 ’Λεραὰμ
3138 4357 3166 4407 ὁ
3207 4350 3582 4424 Ἑλληνισμός.
3636 4339 3758 4397 Ἀπὺ

490 4466 805 4522 Abrahamo
843 4462 1078 4530 denique
1123 4467 1178 4514 et
1213 4436 1336 4527 ejus
1361 4455 1594 4526 posteris
1639 4453 1855 4508 sincera
1887 4451 2066 4522 religio

2181 4453 2370 4520 τούτου
2425 4453 2518 4506 καὶ
2572 4449 2681 4502 τῶν
2713 4450 3009 4520 μετέπειτα
3051 4445 3334 4500 θεοσέϐεια
3389 4436 3756 4509 συναπτομένη

489 4554 719 4628 prodiit,
749 4566 870 4622 quae
893 4551 964 4604 ab
988 4550 1222 4618 ipsomet
1254 4544 1569 4600 Abrahamo
1592 4552 1794 4612 empta,
1823 4556 1920 4611 per
1953 4540 2073 4610 ejus

493 4647 723 4716 stirpem
761 4650 847 4698 est
891 4640 1256 4704 transmissa;
1305 4635 1566 4705 Judaeque
1605 4633 1930 4704 cumprimis
1977 4631 2074 4685 tri—

491 4741 648 4802 bum,
676 4734 818 4790 unde
844 4731 1162 4788 Judaismus
1192 4743 1388 4784 nomen
1417 4726 1644 4795 accepit.
1668 4723 1824 4790 Quod
1850 4723 2071 4793 quidem

493 4847 525 4886 a
555 4844 643 4884 me
679 4841 807 4883 vere
845 4841 968 4881 esse
997 4823 1204 4878 dictum
1235 4819 1402 4875 divini
1454 4815 1904 4884 sanctissimith
1950 4827 2076 4884 apo-

491 4923 622 4983 stoli
663 4921 818 4976 Pauli
868 4918 1183 4975 testimonio
1232 4921 1466 4975 constat,
1523 4927 1648 4966 cunt
1704 4911 1773 4964 ita
1811 4909 2080 4980 disputat:

494 5017 562 5073 In
585 5016 797 5072 Christo
822 5011 954 5067 Jesu
976 5023 1135 5080 neque
1165 5007 1446 5068 barbarus,
1473 5011 1636 5073 neque
1666 5001 1886 5072 Scytha,
1909 5017 2072 5071 neque

494 5105 732 5170 σηοως,
787 5118 948 5172 naue
1001 5099 1224 5154 Judtrus
1273 5107 1374 5158 est,
1429 5094 1518 5149 sed
1566 5109 1700 5147 nova
1753 5093 2070 5146 creatura'.

495 5192 946 5265 Quandoquidem
973 5191 1134 5246 etiam
1173 5189 1350 5250 initio,
1382 5201 1511 5240 cum
1552 5184 1787 5254 primum
1819 5191 2074 5237 creatura

495 5287 716 5340 condita
759 5293 865 5348 est,
911 5299 1052 5338 nova
1099 5283 1277 5336 adhuc
1325 5281 1616 5340 cxsistens,
1661 5277 1872 5330 nullum
1909 5290 2075 5346 pecu—

498 5374 632 5428 liare
655 5389 720 5428 ac
749 5374 1066 5429 distinctum
1101 5387 1296 5426 nomen
1331 5370 1538 5423 habuit.
1572 5367 1668 5422 llis
1702 5376 2072 5420 consentanea

515 5544 524 5552 ’
569 5557 588 5582 ι
620 5547 832 5602 Coloss.
859 5561 940 5613 ιιι,
973 5547 1028 5598 ll
1056 5565 1070 5613 ;
1102 5545 1278 5600 Galat.
1304 5560 1378 5610 vt,
1405 5545 1491 5596 15S.

2177 4543 2255 4614 τῷ
2285 4541 2436 4613 αὐτῷ
2464 4540 2737 4614 Ἀϐραὰμ,
2769 4539 2876 4592 ἀπὸ
2891 4537 2986 4591 τοῦ
3004 4535 3146 4590 κατὰ
3176 4533 3427 4607 διαδοχὴν
3457 4531 3754 4602 σπέρματος

2178 4635 2364 4700 αὐτοῦ,
2412 4633 2660 4687 τουτέστι
2687 4631 2783 4684 τοῦ
2835 4625 3029 4694 Ἰούδα,
3073 4628 3164 4696 ἀφ’
3193 4620 3366 4698 οὗπερ
3409 4615 3751 4688 Ἰουδαϊσμὸς“

2177 4729 2252 4791 ὡς
2290 4726 2372 4780 ἔτι
2423 4727 2697 4798 μαρτυρεῖ
2744 4743 2834 4796 μοι
2891 4725 2920 4776 ὁ
2961 4720 3414 4790 πνευμιξτοφόρος
3471 4716 3565 4771 καὶ
3613 4712 3756 4778 ἅγιος

2181 4823 2274 4876 τοῦ
2305 4821 2438 4876 Θεοῦ
2479 4819 2780 4884 ἀπόστολος
2821 4817 3064 4884 Παῦλος,
3119 4811 3223 4872 ὧδέ
3274 4833 3393 4879 πως
3439 4812 3632 4881 λέγων,
3681 4803 3753 4856 ὅτι

2197 4917 2292 4968 Ἐν
2330 4911 2562 4981 Χριστῷ
2597 4911 2790 4980 Ἰησοῦ
2835 4912 2906 4964 οὺ
2921 4906 3248 4979 βάρϐαρος,
3267 4909 3339 4963 οὐ
3368 4906 3622 4969 Σκύθης,
3649 4896 3752 4961 οὐκ

2189 5008 2444 5072 Ἕλλην,
2470 5006 2581 5057 οὐκ
2597 5001 2894 5068 Ἰουδαῖος,
2915 5001 3080 5056 ἀλλὰ
3099 4999 3283 5072 καινὴ
3313 4999 3530 5062 κτίσις.
3548 4983 3750 5053 Ἐπεῶὴ

2184 5094 2244 5158 ἐξ
2266 5095 2519 5164 ὑπαρχῆς
2551 5091 2639 5144 ὅτε
2669 5091 2889 5145 ἔκτιστο
2916 5095 2950 5163 ἡ
2984 5091 3196 5154 κτίσις,
3229 5089 3390 5161 καινὴ
3425 5082 3576 5148 οὖσα,
3612 5074 3751 5132 οὐδέν

2181 5201 2236 5236 τι
2281 5181 2679 5253 διαφορώτερον
2736 5181 2894 5252 ἔσχεν
2947 5181 3139 5252 ὄνομα.
3188 5178 3406 5250 Συνῳδὰ
3455 5175 3512 5228 δὲ
3555 5167 3750 5253 τούτοις

2185 5271 2346 5328 πάλιν
2379 5251 2638 5343 ἐνγέτέρω
2668 5251 2830 5343 τόπωί
2848 5271 2997 5341 λέγει
3033 5251 3205 5334 οὕτως
3232 5285 3248 5302 ο
3292 5263 3621 5337 Ὀφειλέτης
3643 5251 3750 5324 εἶμι

2187 5366 2444 5433 Ἕλλησί
2461 5381 2525 5418 τε
2541 5365 2637 5418 καὶ
2657 5363 3004 5434 βαρϐάροις,
3020 5363 3235 5441 095907.;-
3257 5377 3321 5416 τε
3337 5358 3434 5418 καὶ
3462 5350 3746 5419 eratiram

581 5720 688 5795 (55)
739 5719 882 5776 Ἀπὸ
945 5723 1050 5777 τοῦ
1101 5723 1324 5792 Σεροὺχ
1370 5721 1464 5776 καὶ
1508 5721 1697 5790 Ἀράμ.
1744 5719 1848 5775 Pro
1893 5719 2066 5804 Ἀράμ

2183 5733 2257 5773 rr.
2287 5717 2457 5790 Θαρέ.
