4022 6440
262 446 365 503 ιιε

908 430 1233 491 ADVERSU
1248 432 1283 485 S
1324 431 1669 489 IIIERESES
1707 428 1833 485 ΗΒ.

1970 422 2132 481 ΓοΜ;ι
2161 422 2202 480 1.
2250 451 2314 461 --
2362 414 2638 473 ΙΙΛΕΗΕΒ.
2682 412 2808 470 Vill.

3422 406 3531 465 214

331 562 388 628 (ἶ
388 566 423 615 ⁸.
460 558 650 627 Ἔσχον
680 554 741 608 δὲ
773 544 918 607 οῦτοι
951 551 1001 603 οἱ
1039 550 1281 603 Ἰουδαῖοι
1318 548 1446 622 ἄχρι
1473 549 1569 620 τῆς
1594 548 1703 602 ἀπὸ
1732 546 1836 598 Βα-
1865 597 1867 605 λ

2009 539 2101 597 Vl.
2128 541 2207 595 Ac
2236 537 2385 609 quod
2409 536 2475 592 ad
2507 533 2730 591 Iudaeos
2767 532 2909 588 istos
2951 529 3173 594 attinet,
3213 524 3319 596 ιθ
3342 524 3410 579 ad
3461 525 3533 579 il-

261 650 499 714 ϐυλῶνος
526 644 906 718 αἰχμαλωσίας
939 640 1198 695 ἐπανόδου
1235 640 1449 712 βίϐλους
1476 657 1535 693 τε
1573 638 1667 693 καὶ
1708 653 1848 709 προ-

264 744 442 814 φήτας
471 739 718 802 τούτους,
744 736 840 791 καὶ
871 731 1169 806 προφητῶν
1201 732 1416 803 βίϐλους
1442 731 1665 794 ταύτας·
1692 727 1847 800 πρώ-

261 848 358 902 την
390 830 494 901 μὲν
518 827 761 890 Γένεσιν,
786 824 1044 894 δευτέραν
1066 821 1124 875 δὲ
1149 820 1391 887 "nam,
1418 820 1612 893 τρίτην
1632 819 1850 872 Λευῖτι-

266 922 382 985 κδν,
428 918 698 991 τετάρτην
741 915 1054 987 Ἀριθμοὺς,
1103 913 1362 985 πέμπτην
1407 913 1845 985 Δευτερονόμιον,

264 1015 430 1083 ἕκτην
465 1011 644 1083 βίϐλον
676 1007 854 1081 Ἰησοῦ
878 1005 973 1060 τοῦ
999 1006 1179 1077 Ναυῆ,
1211 1004 1446 1075 ἑϐδόμην
1474 1004 1585 1057 τῶν
1604 1003 1848 1076 Κριτῶν,

264 1105 459 1175 ὀγδόην
503 1103 604 1175 τῆς
666 1100 846 1166 Ῥοὺθ,
904 1098 1134 1169 έννάτην
1184 1095 1280 1151 τοῦ
1325 1094 1469 1160 Ἰὼϐ,
1517 1096 1750 1167 δεκάτην
1786 1095 1870 1149 τδ-

267 1194 600 1264 Ψαλτήριον,
630 1189 922 1262 ἑνδεκάτην
947 1187 1257 1260 Παροιμίας
1288 1184 1655 1257 Σολομῶντος,
1729 1185 1854 1241 δυο-

266 1281 599 1352 καιδεκάτην
630 1276 1084 1349 Ἐκκλησιαστὴν,
1106 1272 1562 1346 τρισκαιδεκάτην
1581 1271 1641 1326 τὸ
1659 1266 1849 1343 *ᾼσμα

269 1378 370 1431 τῶν
420 1372 706 1446 ᾀσμάτων,
751 1368 1353 1443 τεσσαρεσκαιδεκάτην
1407 1365 1632 1438 πρώτην
1687 1364 1851 1419 Βασι-

269 1465 447 1527 λειῶν,
486 1460 982 1531 πεντεκαιδεκάτην
1009 1458 1268 1531 δευτέραν
1306 1456 1623 1520 Βασιλειῶν,
1658 1457 1850 1511 ἑκκαι-

266 1557 498 1626 δεκάτην
520 1553 713 1627 τρίτην
742 1549 1062 1615 Βασιλειῶν,
1087 1547 1558 1617 ἑπτακαιδεκάτην
1585 1546 1854 1617 τετάρτην

269 1642 589 1708 Βασιλειῶν,
639 1640 1120 1710 ὀκτωκαιδεκάτην
1162 1637 1388 1712 πρώτην
1436 1635 1854 1709 Παραλειπομέδ

272 1755 394 1801 νων,
422 1733 917 1804 ἐννεακαιδεκάτην
943 1731 1204 1803 δευτέραν
1233 1730 1753 1801 Παραλειπομένων,
1779 1730 1859 1782 εί·-

1951 636 2045 690 lud
2102 648 2280 704 usque
2322 639 2569 700 tempus,
2620 644 2731 700 quo
2777 642 2842 683 ex
2890 622 3224 695 Babylonica
3260 618 3532 676 servitute

1950 727 2161 781 reversi
2192 730 2347 789 sunt,
2370 723 2474 779 hos
2506 730 2561 778 et
2584 719 2905 792 pr0phetas,
2948 722 3005 772 et
3039 712 3434 785 prophetarum
3460 711 3534 764 li-

1950 820 2082 876 bros
2113 818 2450 873 habuerunt.
2506 812 2726 868 Primus
2783 819 2870 866 est
2923 806 3202 863 Geneseos
3256 803 3431 870 liber;
3467 816 3533 869 ιι,

1952 911 2158 977 Exodi;
2218 926 2303 974 ιιι,
2337 905 2653 970 Leviticus;
2694 921 2769 964 iv.
2800 900 3057 965 Numeri;
3091 915 3147 961 ν,
3192 895 3534 951 Deuterono-

1950 999 2159 1065 mium;
2187 1014 2264 1061 v1,
2294 995 2436 1052 liber
2466 993 2597 1052 Jesu
2626 992 2723 1046 ﬁlii
2749 989 2932 1057 Nave;
2956 1004 3058 1054 vn,
3092 984 3351 1040 Iudicum
3374 1000 3388 1049 ;
3410 997 3533 1044 vm,

1954 1090 2104 1147 Ruth
2132 1105 2148 1155 ;
2186 1104 2264 1145 ix.
2292 1086 2497 1153 ἔοικε,
2517 1082 2879 1148 Psalterium;
2899 1075 3271 1147 xr,Parabolae
3284 1073 3539 1128 Salomo—

1952 1181 2079 1250 nis;
2127 1195 2231 1244 xu,
2266 1177 2667 1242 Ecclesiastes;
2692 1190 2814 1240 xm,
2842 1171 3130 1227 Canticum
3155 1167 3535 1230 canticorum;

1953 1290 2068 1339 xw,
2092 1272 2235 1327 liber
2262 1269 2285 1325 ι
2308 1268 2623 1341 Regnorum
2646 1286 2661 1334 ;
2686 1283 2779 1327 xv,
2814 1264 2955 1319 liber
2975 1259 3021 1315 ll
3056 1262 3368 1331 Regnorum
3390 1273 3404 1321 ;
3423 1269 3537 1321 xvi,

1953 1361 2096 1416 liber
2120 1358 2189 1414 ιιι
2226 1357 2575 1429 Regnorum;
2605 1353 2885 1417 xvn,liber
2918 1346 2983 1403 IV
3015 1347 3359 1417 Regnorum;
3384 1356 3538 1405 xvm,

1955 1452 2097 1508 liber
2126 1450 2147 1505 l
2177 1449 2676 1520 Paralipomenon;
2709 1461 2825 1510 nx,
2885 1443 3027 1498 liber
3082 1439 3128 1493 ll
3165 1436 3541 1506 Paralipome-

1956 1559 2099 1610 non;
2156 1560 2229 1599 ιι
2262 1584 2276 1610 ,
2342 1539 2637 1596 duodecim
2690 1536 3114 1609 prophetarum;
3168 1545 3258 1584 Isi
3290 1568 3306 1594 ,
3371 1524 3542 1580 lsaias

1955 1636 2257 1709 propheta;
2293 1650 2403 1689 xxn
2427 1674 2442 1701 ,
2479 1629 2755 1687 Jeremias
2773 1626 3062 1699 propheta,
3099 1634 3224 1677 cum
3255 1616 3541 1672 Lamenta-

1958 1705 2224 1792 tionihus,
2289 1735 2344 1785 et
2401 1724 2654 1797 epistolis
2699 1729 2810 1776 tam
2858 1718 3001 1789 ejus,
3050 1727 3214 1786 quam
3268 1705 3542 1768 Baruclii;

274 1799 465 1897 κοστὴν
481 1825 546 1878 τὸ
563 1799 1084 1894 Δωδεκαποόφητον,
1104 1799 1359 1894 εἰκοστὴν
1377 1799 1603 1894 πρώτην
1631 1821 1858 1875 Ἡσαΐαν

1970 1839 2125 1888 “tu,
2160 1819 2447 1885 Ezechiel;
2489 1833 2637 1880 xxrv,
2679 1811 2903 1877 Daniel;
2960 1824 3089 1873 xxv,
3116 1799 3543 1862 liberlEsdras;

272 1917 358 1970 τὸν
390 1888 703 1988 προφήτην,
740 1888 990 1984 εἰκοστὴν
1015 1913 1275 1986 δευτέραν
1306 1888 1398 1967 τὸν
1424 1888 1721 1984 ’προφήτην
1760 1913 1855 1966 Ἰε-

1970 1931 2110 1982 uvr,
2163 1913 2305 1969 liber
2338 1910 2381 1964 11
2408 1909 2596 1965 Esdrae
2642 1925 2655 1971 ;

276 2009 490 2080 ρεμίαν,
534 2007 673 2079 μετὰ
713 2006 823 2060 τῶν
854 2006 1077 2079 Θρήνων
1106 2004 1203 2060 κα)⁵
1254 2002 1580 2059 Ἐπιστολῶν
1605 2000 1769 2058 αὑτοῦ
1793 2020 1855 2056 τε

276 2100 364 2154 καὶ
391 2100 488 2154 τοῦ
527 2099 762 2172 Βαρούχ·
797 2098 1050 2170 εἰκοστὴν
1077 2097 1270 2171 τρίτην
1317 2096 1578 2169 Ἰεζεκιὴλ
1610 2096 1700 2150 τὸν
1722 2112 1856 2166 προ-

276 2193 464 2263 φήτην,
509 2191 763 2262 εἰκοστὴν
801 2189 1068 2261 τετάρτην
1101 2187 1298 2259 Δανιὴλ
1326 2187 1418 2241 τὸν
1443 2188 1753 2258 προφήτην,
1780 2187 1857 2239 εί-

277 2283 471 2354 κοστὴν
514 2283 772 2355 πέμπτην
811 2282 872 2337 τὸ
899 2281 1117 2355 πρῶτον
1155 2280 1357 2351 βιϐλίον
1391 2278 1487 2334 τοῦ
1520 2279 1748 2349 Ἔσδρα,
1775 2280 1853 2331 εί-

277 2377 469 2448 κοστὴν
502 2376 669 2447 ἕκτην
694 2376 755 2429 τὸ
792 2375 1042 2446 δεύτερον
1075 2372 1300 2443 βιϐλίον,
1335 2370 1588 2441 εἰκοστὴν
1616 2369 1854 2441 ἑϐδόμην

2719 1920 2892 1968 xxvn,
2948 1899 3172 1954 Esther.
3224 1895 3403 1965 Atque
3430 1892 3546 1956 haec

1962 2012 2093 2060 sunt
2124 2018 2275 2061 mm
2329 2000 2635 2065 volumina,
2688 2009 2811 2067 quae
2853 1989 3060 2047 Iudaeis
3115 1994 3247 2043 sunt
3278 1994 3547 2039 concessa

1961 2095 2265 2151 divinitus:
2300 2107 2424 2164 quae
2452 2090 2519 2145 ad
2579 2103 2691 2143 xm
2726 2100 2831 2157 pro
2891 2083 3201 2136 litterarum
3238 2089 3360 2146 quae
3405 2070 3547 2142 apud

1963 2186 2227 2243 Hebraeos
2258 2163 2387 2241 sunt
2410 2195 2640 2238 numero
2660 2178 3020 2246 rediguntur:
3044 2177 3333 2241 propterea
3350 2163 3495 2234 quod
3520 2180 3546 2216 τ

1962 2294 2029 2333 ex
2060 2276 2170 2332 illis
2202 2277 2257 2331 in
2284 2274 2534 2345 quinque
2561 2270 2692 2341 juga
2715 2265 3149 2322 distribuuntur.
3178 2258 3254 2312 De
3301 2267 3413 2326 quo
3437 2252 3549 2309 alio

1963 2370 2085 2425 loco
2109 2368 2400 2439 perspicue
2431 2359 2857 2432 disputavimus.

277 2470 335 2523 τὸ
371 2433 578 2538 βιϐλίον
621 2433 844 2537 ζΕσθήρ.
890 2433 1002 2520 καὶ
1046 2433 1206 2519 αὗταί
1249 2433 1387 2517 είσιν
1429 2463 1486 2519 αἱ
1528 2433 1847 2515 εἰκοσιεπτά
1885 2460 2078 2530 βίϐλοι,
2111 2433 2169 2514 αἱ
2198 2433 2263 2512 ἐκ
2309 2455 2444 2510 Θεοῦ
2472 2453 2711 2507 δοθεῖσαι
2763 2449 2876 2510 τοῖς
2913 2442 3205 2505 Ἰουδαίοις.
3276 2433 3557 2493 Είκοσιδὺο

280 2558 331 2611 δὲ
358 2524 431 2622 ῶς
494 2555 569 2610 τὰ
598 2558 726 2628 παρ’
774 2524 964 2619 ⁵αὐτοῖς
1028 2556 1270 2625 στοιχεῖα
1299 2552 1408 2606 τῶν
1482 2549 1790 2622 Ἑϐραϊκῶν
1828 2524 2173 2622 γραμμάτων
2213 2545 2638 2620 ἀριθμούμεναι,
2684 2540 2774 2595 διὰ
2822 2538 2878 2595 τὸ
2919 2531 3241 2589 διπλοῦσθαι
3268 2527 3381 2601 (57)
3423 2524 3550 2581 δέκα

285 2648 491 2717 βίϐλους
546 2648 625 2709 εἰς
670 2645 832 2701 πέντε
864 2645 1182 2716 λεγομένας.
1220 2645 1358 2715 Περὶ
1395 2643 1589 2696 τούτου
1623 2641 1680 2695 δὲ
1721 2641 1854 2712 ἄλλη
1886 2658 1991 2699 που
2026 2640 2216 2713 σαφῶς
2236 2640 2560 2711 εἰρήκαμεν.

292 2716 301 2794 μ
349 2740 465 2793 Εἰσὶ
487 2738 549 2792 δὲ
573 2740 666 2792 καὶ
695 2737 850 2793 ἄλλαι
869 2736 962 2790 δύο
983 2736 1154 2806 βίϐλοι
1175 2738 1309 2809 παρ’-
1324 2737 1505 2800 αὐτοῖς
1543 2738 1599 2788 ὲν
1631 2733 1867 2806 άμφιλέ-.

2042 2734 2185 2791 Sunt
2212 2746 2263 2791 et
2302 2733 2395 2791 alii
2429 2729 2709 2809 duolibri,
2738 2742 2878 2798 quos
2911 2723 2986 2777 illi
3013 2736 3112 2793 pro
3132 2716 3553 2782 dubiishabent,

284 2846 412 2900 κτῳ,
433 2832 464 2901 ἠ
489 2829 665 2898 Σοφία
684 2826 778 2881 τοῦ
803 2827 992 2899 Σιρὰχ,
1008 2827 1102 2880 καὶ
1125 2830 1158 2897 ἡ
1180 2806 1664 2905 τοῦ-Σαλομῶντος,
1691 2824 1861 2896 χωρὶς

1970 2827 2230 2884 nimirum
2248 2823 2467 2880 Siracbi
2481 2831 2536 2879 et
2551 2806 2865 2876 Salomonis
2882 2813 3187 2886 Sapientia,
3204 2818 3402 2884 prseter
3417 2807 3554 2863 alios

286 2918 449 2972 ἄλλων
485 2917 652 2971 τινῶν
688 2915 908 2987 βιϐλίων
950 2902 1366 2987 ὲναποκρύφων.
1407 2915 1585 2968 Πᾶσαι
1609 2914 1667 2967 δὲ
1702 2905 1862 2975 αὗται

1970 2920 2236 2992 quosdam
2265 2917 2363 2990 qui
2393 2915 2713 2987 apocrypbi,
2740 2912 2847 2967 hoc
2885 2915 2971 2965 est
3010 2904 3237 2961 obscuri
3274 2902 3556 2958 dicuntur.

289 3010 421 3081 ίεραί
441 3008 619 3079 βίϐλοι
630 3008 721 3060 τὸν
737 3006 1066 3077 ἰουδαῖσμὸν
1082 3006 1361 3063 ἐδίδασκον
1384 3006 1478 3066 καὶ
1496 3006 1565 3059 τά
1583 3004 1675 3058 τοῦ
1698 3005 1863 3076 νόμου

1971 3010 2143 3065 Porro
2163 2988 2347 3064 omnia
2362 3007 2455 3061 illa
2470 3008 2831 3060 sacrosancta
2851 2997 3129 3054 volumina
3149 2992 3377 3048 Iudaica
3397 2988 3545 3044 insti-

292 3074 615 3172 φυλάγματα
632 3099 738 3163 ἓως
757 3100 855 3170 τῆς
880 3074 980 3153 τοῦ
1001 3098 1207 3171 Κυρίου
1228 3100 1261 3169 ἠ
1270 3098 1385 3168 μῶν
1414 3094 1591 3167 Ἰησοῦ
1624 3074 1863 3169 Χριστοῦ

1974 3106 2113 3163 tuta,
2133 3098 2382 3169 legisque
2418 3091 2778 3150 caeremonias
2804 3086 3098 3150 docebant,
3132 3096 3309 3153 usque
3339 3078 3406 3133 ad
3429 3074 3558 3132 Jesu

296 3169 610 3264 παρουσίας
643 3194 737 3245 καὶ
772 3169 951 3255 καλῶς
973 3169 1232 3264 ἐφέροντο
1270 3188 1777 3259 παιδαγωγούμενοι
1807 3190 1866 3241 ὲν

1974 3188 2181 3246 Christi
2216 3184 2522 3241 Salvatoris
2555 3182 2882 3245 adventum;
2916 3175 3251 3243 omninoque
3298 3169 3560 3240 praeclare

2047 3282 2060 3290 '
2096 3281 2109 3290 ·
2216 3280 2228 3290 ·
2436 3277 2447 3290 ·
2497 3286 2506 3290 -
2656 3273 2692 3290 ιν
2779 3270 3094 3290 εμ-ιειμυ.-
3115 3279 3233 3290 ..η-..ι
3253 3262 3361 3290 :n:..
3380 3268 3560 3290 nm...“

292 3262 552 3356 ’τῷ-νόμςε),
571 3285 619 3337 εί
636 3283 884 3351 ἐδέξαντο
902 3282 993 3336 τὸν
1007 3262 1240 3354 Χριστὸν
1259 3281 1350 3335 τὸν
1363 3280 1469 3334 ὑπὸ
1483 3279 1577 3333 τοῦ
1598 3278 1867 3354 παιδαγω-

1977 3282 2081 3339 sub
2096 3281 2199 3337 hac
2216 3280 2352 3351 lege,
2366 3277 2515 3334 velut
2526 3273 2764 3345 quodam
2779 3270 3097 3325 institutore
3112 3279 3235 3320 cum
3253 3262 3364 3317 illis
3380 3268 3560 3314 actum

293 3375 401 3444 τοῦ,
430 3376 578 3447 φημὶ
601 3376 657 3429 δὲ
678 3375 770 3428 τοῦ
797 3375 985 3446 νόμου,
1012 3375 1192 3438 αὐτοῖς
1220 3371 1671 3447 προκηρυχθέντα
1689 3388 1749 3423 τε
1778 3369 1867 3423 καὶ

1979 3371 2138 3433 foret,
2172 3369 2220 3426 si
2252 3382 2414 3438 quem
2430 3363 2619 3425 eadem
2648 3360 2741 3416 illa
2759 3360 2844 3414 lex
2869 3356 3221 3429 praedixerat,
3242 3356 3565 3405 venturum-

293 3466 758 3539 προφητευθέντα,
799 3468 905 3534 ἵνα,
952 3466 1239 3536 δεξάμενοι
1276 3463 1444 3519 αὑτοῦ
1479 3464 1583 3534 τὴν
1619 3461 1872 3531 θεότητα,

297 3559 382 3612 καὶ
400 3561 498 3632 τὴν
519 3558 786 3631 ἔνσαρκον
808 3558 975 3613 αὑτοῦ
1001 3557 1306 3630 παρουσίαν
1331 3555 1596 3631 μάθωσιν,
1620 3553 1680 3606 οὐ
1706 3553 1877 3607 κατά-

296 3651 437 3705 λυσιν
472 3652 667 3723 νόμου,
710 3651 845 3704 ἀλλὰ
874 3650 975 3722 τὴν
1012 3649 1105 3703 τοῦ
1146 3648 1310 3720 νόμου
1351 3646 1654 3719 πλήρωσιν·
1687 3641 1878 3714 ἐπειδὴ

296 3745 339 3795 οἱ
365 3745 530 3797 τύποι
553 3744 611 3796 ὲν
635 3742 713 3812 τῷ
740 3743 892 3813 νόμῳ
920 3736 1083 3813 ἦσαν,
1111 3743 1144 3812 ἡ
1175 3740 1233 3793 δὲ
1265 3737 1491 3811 ἀλήθεια
1519 3738 1578 3790 ὲν
1601 3735 1679 3808 τῷ
1702 3736 1880 3804 Εὐαγο

298 3834 470 3908 γελίῳ.
505 3833 661 3887 Ἐκεῖ
688 3833 799 3906 γὰρ
834 3835 887 3911 ἡ,
909 3832 1185 3905 περιτομὴ
1213 3830 1453 3904 σαρκικὴ
1482 3830 1879 3900 ὑπηρετήσασα

299 3927 462 3998 χρόνῳ
480 3928 592 3991 ἕως
621 3927 720 3998 τῆς
759 3925 1001 3997 μεγάλης
1025 3924 1353 3998 περιτομῆς,
1380 3921 1629 3977 τουτέστι
1652 3920 1748 3976 τοῦ
1772 3922 1880 3974 Βα-

294 4019 598 4090 ’πτίσματος
638 4017 732 4078 τοῦ
761 4018 1183 4090 περιτέμνοντος
1210 4018 1361 4088 ἡμᾶς
1396 4015 1506 4077 ἀπὸ
1539 4013 1879 4086 ἁμαρτημά-

299 4128 418 4174 των,
444 4112 543 4165 xa‘t
572 4110 972 4182 σφραγίσαντος
1008 4111 1156 4182 ἡμᾶς
1187 4110 1279 4175 εἰςΔ
1295 4106 1467 4178 ὄνομα
1495 4105 1653 4159 Θεοῦ.
1682 4105 1791 4165 Καὶ
1813 4098 1882 4175 ἦν

303 4204 408 4255 ἐκεῖ
439 4201 739 4265 Σάϐϐατον,
775 4201 1003 4272 κατέχον
1034 4202 1182 4275 ἡμᾶς
1210 4202 1289 4263 εἰς
1319 4198 1380 4252 τὸ
1413 4196 1557 4269 μέγα
1582 4195 1881 4259 Σάϐϐατον,

1976 3477 2086 3532 que
2115 3464 2544 3520 monstraverat,
2576 3453 2859 3511 Christum
2885 3459 3188 3519 agnoscere
3214 3440 3520 3498 voluissent
3545 3453 3563 3503 ;

1979 3566 2039 3613 nt
2066 3554 2185 3624 ejus
2208 3552 2558 3607 divinitatem
2589 3543 2858 3608 confessi,
2906 3544 3011 3595 hoc
3041 3539 3224 3610 ipsum
3259 3533 3409 3605 quod
3440 3545 3565 3587 cor-

1978 3663 2112 3721 pore
2142 3644 2407 3717 praeditus
2439 3639 2779 3702 advenisset,
2817 3649 2927 3691 non
2958 3631 3025 3686 ad
3056 3628 3191 3699 legis
3220 3623 3566 3681 eversionem

1980 3713 2282 3810 pertinere,
2314 3731 2411 3790 sed
2447 3730 2517 3788 ad
2547 3730 2671 3800 ejus
2702 3722 3240 3783 consummationem
3295 3713 3567 3783 intellige-

1981 3806 2105 3885 rent
2128 3845 2141 3882 :
2161 3825 2426 3898 quoniam
2449 3822 2662 3877 umbrae
2693 3820 2968 3876 duntaxat
3015 3825 3181 3884 atque
3211 3807 3482 3877 imagines
3510 3806 3569 3859 in

1982 3922 2121 3992 lege,
2153 3896 2210 3972 in
2239 3914 2540 3987 Evangelio
2574 3911 2783 3969 veritas
2804 3911 2925 3981 ipsa
2959 3905 3302 3962 continetur.
3334 3897 3471 3953 Nam
3503 3896 3570 3951 il-

1982 4013 2056 4068 lic
2082 4008 2331 4081 corporis
2356 4006 2686 4079 praescripta
2714 4000 3066 4059 circumcisio
3089 4004 3194 4063 est,
3218 4008 3341 4066 quae
3371 3992 3428 4046 in
3463 4006 3570 4045 usu

1985 4080 2330 4164 tandiuifuit,
2355 4097 2539 4170 quoad
2573 4098 2769 4166 ingens
2798 4100 2885 4149 est
2918 4092 3013 4147 illa
3043 4084 3399 4145 circumcisio
3433 4080 3566 4137 sub.

1984 4199 2195 4256 secuta,
2224 4188 2540 4260 Baptismus
2595 4172 2873 4248 videlicet,
2926 4197 3039 4252 quo
3087 4194 3190 4234 nos
3252 4170 3570 4243 a'peccatis

303 4294 576 4349 τουτέστιν
619 4295 697 4357 είς
743 4292 1050 4354 ἀνάπαυσιν
1104 4289 1368 4363 Χριστοῦ,
1425 4288 1514 4342 ἵνα
1562 4288 1618 4341 ὲν
1664 4283 1867 4357 Χριστᾷ

1986 4283 2356 4357 praecidimur,
2381 4288 2438 4335 et
2471 4278 2527 4334 in
2555 4277 2647 4332 Dei
2678 4275 2901 4331 nomine
2943 4273 3250 4342 signamur.
3283 4264 3573 4323 Habebam

306 4382 717 4453 σαϐϐατίσίυμεν
747 4381 856 4435 ἀπὸ
890 4380 1330 4453 ἁμαρτημάτων.
1365 4379 1478 4431 Καὶ
1504 4372 1571 4449 ἦν
1604 4377 1724 4429 ἐκεῖ
1749 4375 1884 4447 πρό-

306 4473 458 4530 ϐατον
486 4448 697 4544 ἄλογον,
711 4448 994 4544 θυόμενον,
1013 4448 1365 4544 ’καθοδηγοῦν
1391 4448 1539 4542 ἡμᾶς
1560 4469 1639 4532 είς
1659 4467 1721 4521 τὸ
1744 4467 1867 4538 μέγα

1989 4468 2081 4525 lud
2138 4465 2464 4529 Sabbatum,
2517 4463 2621 4517 hoc
2649 4468 2734 4517 est
2782 4456 2987 4515 Christi
3040 4451 3259 4508 Domini
3305 4448 3574 4519 quietem,

307 4566 592 4637 πρόϐατον,
627 4566 721 4619 καὶ
746 4564 1071 4636 ἐπουράνιον
1100 4564 1240 4636 ὑπὲρ
1276 4562 1433 4637 ἡμῶν
1466 4563 1561 4615 καὶ
1595 4563 1736 4635 ὑπὲρ
1764 4562 1867 4616 ὅλοι

1993 4556 2354 4632 praeparando
2387 4555 2617 4617 detinet,
2653 4559 2711 4607 ut
2766 4567 2795 4605 a
2850 4557 3076 4625 peccato
3135 4544 3245 4614 20
3287 4544 3594 4597 cessantes.

307 4631 394 4712 τοῦ
423 4658 633 4728 κόσμου
664 4654 849 4711 τυθέν.
885 4631 996 4713 Καὶ
1028 4652 1095 4725 ἦν
1128 4631 1245 4707 ἐκεῖ
1273 4631 1681 4716 άποδεκάτωσις
1705 4631 1867 4722 ’ἀσφαι

1995 4631 2145 4707 velut
2180 4648 2482 4704 Sabbatum
2519 4642 2796 4716 quoddam
2839 4641 2895 4696 in
2950 4637 3172 4694 Christo
3206 4631 3573 4688 celebremus.

307 4726 580 4821 λιζομένη,
631 4750 716 4802 ἵνα
762 4748 837 4820 μὴ
874 4747 1015 4818 λάθῃ
1070 4748 1218 4818 ἡμᾶς
1260 4746 1322 4799 τὸ
1374 4744 1507 4800 ίῶτα
1547 4745 1797 4818 ήδεκὰς,
1829 4746 1867 4798 τὶ

1996 4742 2125 4797 Erat
2156 4755 2327 4812 penes
2372 4738 2497 4798 illos
2537 4744 2593 4792 et
2612 4733 2734 4793 ovis
2781 4731 3009 4787 victima
3068 4726 3304 4785 rationis
3352 4734 3574 4792 expers,

310 4841 519 4910 πρῶτον
550 4843 812 4911 στοιχεῖον
843 4838 939 4892 τοῦ
966 4837 1143 4908 Ἰησοῦ
1174 4838 1461 4907 ὀνόματος.

1995 4848 2118 4904 quae
2146 4846 2249 4886 nos
2281 4828 2347 4883 ad
2379 4829 2525 4886 illam
2557 4840 2812 4896 magnam
2868 4822 3262 4888 caelestemque
3304 4812 3576 4886 perduce-

312 4943 388 4988 ret
419 4951 597 5001 ovem,
630 4952 741 5007 pro.
765 4918 955 4991 nostra
990 4933 1293 5003 mundique
1341 4933 1514 4987 totius
1543 4932 1723 4988 salute
1775 4936 2095 4986 mactatam.
2117 4928 2389 4989 Praeterea
2430 4922 2684 4977 instituta
2717 4918 2862 4990 apud
2920 4916 3046 4971 illos
3099 4909 3394 4969 decimatio
3449 4904 3573 4968 fuit,

314 5044 425 5097 quae
453 5046 554 5086 nos
575 5045 640 5084 eo
664 5029 1037 5101 praemuniret,
1069 5044 1137 5083 ne
1158 5028 1270 5082 iota
1300 5026 1560 5090 litteram,
1596 5041 1719 5097 quas
1750 5024 2175 5082 notadecussis
2241 5029 2347 5085 est,
2387 5019 2642 5089 idemque
2691 5013 2823 5076 Jesu
2862 5011 3106 5075 nominis
3164 5009 3405 5088 primum
3462 5002 3576 5065 ele—

1988 4353 2067 4432 illi
2103 4382 2366 4448 praeterea
2402 4370 2729 4433 Sabbatum,
2774 4368 2920 4438 quod
2952 4380 3056 4421 nos
3105 4360 3175 4416 ad
3205 4370 3466 4428 magnum
3506 4353 3583 4408 ιι,
3654 4388 3679 4400 ς

317 5131 551 5181 mentum
583 5123 839 5193 ignorare
864 5135 1173 5192 possemus.

382 5215 454 5267 Z'.
491 5214 645 5267 Ἐπεὶ
677 5208 772 5267 οῦν
800 5211 878 5284 τῷ
904 5211 1061 5283 τύπῳ
1090 5211 1355 5283 ήχθησαν,
1384 5210 1483 5269 καὶ
1518 5208 1620 5262 οὐκ
1647 5206 1888 5277 ἔφθασαν

320 5306 391 5368 εἰς
412 5306 686 5361 τελείωσιν
711 5306 808 5378 τὴν
831 5304 919 5358 διὰ
944 5304 1110 5376 νόμου
1143 5305 1237 5358 καὶ
1263 5301 1555 5376 προφητῶν
1579 5301 1673 5359 καὶ
1694 5299 1888 5362 ἄλλων,

323 5397 408 5451 καὶ
438 5398 617 5470 πάσης
651 5398 836 5469 βίϐλου
884 5396 1328 5469 κεκηρυγμένην,
1370 5393 1736 5465 ἐξεϐλήθησαν
1781 5391 1890 5453 άπὸ

391 5551 503 5633 (57)
541 5555 641 5610 Διὰ
668 5551 1147 5633 τίδ’-διπλοῦσθαι.
1187 5547 1322 5633 Nam
1360 5546 1497 5633 ‘libri
1542 5546 1653 5601 duo
1680 5544 1889 5615 Regum

329 5618 549 5699 priores,
578 5642 717 5695 quos
741 5623 1013 5699 Samuelis
1038 5629 1257 5699 vocant,
1286 5618 1543 5699 volumen
1576 5632 1743 5671 unum
1764 5631 1894 5669 con-

332 5688 572 5763 s_tituunt,
597 5688 848 5763 itemque
898 5690 1266 5763 Regumuduo
1316 5688 1652 5763 posteriores
1695 5700 1887 5763 unum.

333 5755 460 5815 Tum
510 5754 645 5821 liber
694 5756 834 5819 Ruth
869 5754 1006 5816 cum'
1023 5759 1274 5815 Jndicum
1320 5754 1460 5813 libro
1486 5758 1737 5811 volumen
1769 5754 1891 5808 uni-

336 5844 455 5885 cum
484 5832 624 5890 facit.
654 5834 747 5890 Sic
777 5840 831 5888 et
853 5832 975 5888 libri
1000 5831 1450 5900 Paralipomenon
1477 5827 1606 5892 duo,
1637 5824 1895 5880 totidem-

1975 5180 1996 5206 ‘
2067 5198 2182 5254 Vll.
2216 5197 2490 5265 Quoniam
2523 5195 2695 5267 igitur.
2732 5209 2830 5265 per
2862 5190 3184 5247 umbrasac
3227 5186 3430 5257 ﬁguras
3463 5193 3578 5241 tra-

1998 5294 2151 5349 ducti
2192 5298 2344 5354 sunt,
2370 5304 2474 5345 nec
2502 5304 2624 5347 eam
2666 5284 3063 5359 perfectionem
3092 5278 3358 5339 assecuti,
3410 5290 3580 5347 quam

1999 5389 2082 5445 lex
2119 5384 2343 5456 pariter,
2382 5397 2446 5439 ac
2470 5380 2772 5452 prophetae.
2802 5373 3101 5442 caeterique
3146 5384 3362 5433 omnes,
3414 5377 3581 5438 atque

1998 5557 2104 5612 que
2157 5539 2380 5612 Esdrae,
2412 5535 2625 5612 singula
2672 5546 2818 5612 apud
2872 5542 3129 5612 treoraeos
3170 5528 3452 5584 vommina
3499 5526 3582 5612 fa-

1999 5597 2171 5667 ciunt.
2202 5609 2280 5663 lta
2308 5625 2339 5662 v
2364 5597 2656 5676 expuiictis
2690 5597 3491 5676 voluminibus;constat‘xan,
3519 5597 3582 5649 li-

2001 5666 2225 5736 brorum
2257 5666 2538 5732 numerus.
2556 5673 2694 5730 Vide
2724 5674 2947 5741 Hieron.
2975 5671 3031 5726 in
3054 5670 3285 5741 Prologo
3312 5666 3532 5741 (ἐμβαίη
3559 5680 3580 5729 ;

2002 5752 2265 5878 cvi-3mm
2316 5745 2515 5802 catech.
2567 5759 2620 5800 ιν
2650 5784 2667 5813 ,
2718 5740 3015 5799 Eusebium
3071 5741 3167 5799 lib.
3221 5735 3276 5796 vi
3346 5735 3581 5804 Hirtam,

2003 5838 2053 5875 (Ἄ
2154 5861 2167 5874 ι

2003 5838 2053 5875 0.
2083 5838 2167 5875 ιν.
