4022 6426
366 350 509 423 'sla

1833 371 1892 430 S.
1936 373 2277 436 EPlPllANll

3586 401 3697 457 2‘20

403 477 636 535 miretur
662 492 796 534 vero
831 482 1006 554 magis
1040 486 1356 536 accuratam
1394 496 1429 536 ιι
1461 481 1622 540 nobis
1681 483 1875 541 initam
1904 502 1995 543 ra-

2118 493 2318 558 ιαζέτω
2364 494 2423 550 δὲ
2475 496 2675 564 μᾶλλον
2708 498 2807 570 τὴν
2854 500 3237 574 ἀκριϐολογίαν
3277 507 3583 583 ὠφελίμως
3611 511 3693 566 ἐν·

402 572 635 639 tionem,
666 578 721 628 et
748 572 853 629 hoc
879 574 1002 629 loco
1027 574 1083 630 in
1106 574 1481 631 studiosorum
1515 575 1749 647 gratiam
1784 578 1995 637 utiliter

403 662 757 733 explicatam,
813 664 907 734 qui
975 665 1330 737 castigatiora
1392 668 1645 739 exempla
1699 671 1995 729 consulere

404 753 732 809 eruditionis
762 768 931 809 causa
955 756 1256 812 voluerint.
1307 754 1425 812 Non
1449 758 1597 813 enim
1625 759 1831 827 dillido,
1857 764 1993 834 quin

404 862 530 901 cum
567 847 735 902 animi
765 848 851 903 sui
884 846 1068 903 fructu
1110 849 1348 907 candide
1387 850 1443 906 in
1478 850 1547 906 iis
1600 868 1723 925 qua:
1771 868 1802 908 a
1835 855 1995 914 nobis

404 940 684 1011 proposita
715 948 846 996 sunt
880 942 1238 1012 acquiescere
1262 950 1568 1016 cogantur;
1598 945 1876 1019 simulque
1899 964 1995 1005 vo-

406 1046 525 1087 cem
561 1031 707 1086 illam
732 1031 1100 1100 lucrifaciaut,
1123 1049 1247 1105 qua:
1275 1035 1344 1090 ab
1365 1036 1638 1107 imperitis
1660 1038 1994 1110 quibusdam

338 1134 347 1141 ‘
406 1123 852 1180 emendatoribus
886 1133 971 1181 est
1007 1135 1237 1198 propter
1257 1129 1680 1201 ambiguitatem
1712 1148 1782 1190 ex
1810 1133 1994 1190 Evan-

404 1215 548 1287 gelio
577 1216 815 1271 sublata.
840 1215 979 1272 Nam
1010 1233 1138 1273 eum
1169 1219 1558 1290 generationes
1612 1237 1805 1281 omnes
1857 1223 1995 1279 Mat-

405 1306 582 1362 thacus
613 1307 895 1379 tripartito
946 1308 1320 1375 distribuerit,
1356 1317 1411 1367 et
1443 1311 1516 1370 ab
1567 1311 1880 1372 Abrahamo
1924 1315 1994 1370 ad

406 1398 665 1456 Davidem
726 1416 903 1472 usque
953 1417 1048 1457 xtv
1083 1412 1393 1472 enumeret,
1456 1405 1716 1476 superior
1762 1415 1995 1478 utraque

407 1492 581 1548 series
605 1492 818 1565 integra
850 1495 1145 1564 reperitur,
1181 1511 1361 1568 neque
1393 1496 1698 1568 quidquam
1761 1498 1830 1555 ad
1886 1516 1995 1555 nu-

406 1597 619 1638 merum
655 1583 831 1648 deest,
853 1586 947 1657 qui
977 1570 1047 1640 ad
1077 1585 1401 1643 Jechoniam
1433 1589 1631 1644 ordine
1660 1590 1993 1665 pertexitur.

406 1675 479 1729 At
510 1676 669 1730 tertia
702 1675 922 1733 demum
951 1678 1127 1735 series
1153 1696 1252 1736 xm
1294 1680 1564 1737 duntaxat
1605 1698 1718 1739 non
1764 1688 1878 1749 xiv,
1902 1699 1998 1755 ge-

408 1766 758 1822 nerationum
787 1769 1009 1824 nomina
1034 1770 1452 1842 complectitur,
1477 1774 1626 1843 quod
1657 1788 1690 1827 a
1748 1773 1994 1829 nonnul-

409 1858 481 1915 lis
518 1861 874 1917 commissum
900 1870 1015 1931 est;
1047 1864 1143 1934 qui
1176 1880 1301 1919 cum
1329 1863 1629 1921 Jecbonias
1682 1864 1824 1923 duos
1872 1880 2001 1920 con-

2095 584 2270 639 ταῦθα
2292 587 2551 659 κειμένην
2579 592 2690 655 τοῖς
2712 591 3039 660 σπουδαίοις,
3062 600 3508 670 χρηστομαθείας
3530 601 3697 657 ἕνεκα

2095 674 2163 729 τά
2201 677 2402 750 ἀκριϐῆ
2441 679 2552 733 τῶν
2586 681 2935 754 ἀντιγράφων
2986 688 3431 761 καταλαμϐάνειν
3472 692 3697 748 ἐθέλου-

2097 782 2202 831 σιν,
2235 768 2433 834 οἵτινες
2473 770 2636 836 εὐθὺς
2672 772 2810 844 μετά
2852 776 2953 847 τῆς
2995 777 3283 849 ὠφελείας,
3320 768 3698 857 εὐγνωμονεῖν

2095 857 2622 949 ἀναγκασθήσονται,
2661 864 3025 937 κερδήσαντες
3067 872 3128 926 τὸ
3179 874 3284 927 ὑπό
3338 892 3506 933 τινων
3550 878 3694 949 ἀμα-

2097 947 2205 1002 θῶν
2232 949 2341 1003 τῶν
2373 951 2432 1004 ἐν
2459 950 2539 1023 τῷ
2585 954 2904 1029 Εὑαγγελίῳ
2935 960 3015 1024 είς
3045 961 3377 1033 ἀμφιϐολίαν
3418 969 3503 1032 ὡς
3551 947 3699 1025 κατά

2094 1039 2380 1112 διόρθωσιν
2410 1043 2708 1113 ἀφανισθὲν
2745 1049 2931 1121 ῥητόν.
2958 1052 3176 1123 Τριχῶς
3199 1054 3309 1128 γὰρ
3340 1057 3693 1129 ἀριθμήσαν-

2094 1148 2187 1196 τος
2203 1131 2298 1185 τοῦ
2327 1133 2486 1203 ἀγίου
2514 1136 2795 1201 Ματθαίου
2821 1141 2920 1207 τάς
2946 1143 3160 1212 γενεὰς,
3179 1145 3289 1199 ἀπὸ
3307 1146 3402 1201 τοῦ
3420 1147 3702 1220 ’Δϐραάμ
3798 1148 3807 1155 ”

2096 1222 2225 1296 ἄχρι
2275 1224 2369 1278 τοῦ
2412 1226 2580 1281 Δαϐὶδ
2622 1231 2894 1303 φήσαντος
2936 1235 3131 1303 γενεὰς
3171 1236 3610 1312 δεκατέσσαρας,
3646 1241 3695 1294 oi

2094 1316 2188 1371 δύο
2219 1317 2481 1390 ἀνώτεροι
2513 1320 2738 1394 ἀριθμοὶ
2783 1329 2977 1396 σαφεῖς
3007 1328 3377 1401 εὑρίσκονται,
3412 1331 3697 1403 μηδεμίαν

2097 1407 2334 1479 ἔλλειψιν
2374 1410 2610 1483 ἀριθμοῦ
2651 1416 3018 1488 περιέχοντες.
3052 1420 3196 1483 Ἕως
3232 1421 3341 1495 γὰρ
3389 1422 3489 1477 τοῦ
3533 1424 3699 1496 Ἰεχοο

2096 1501 2211 1555 νίου
2240 1504 2554 1575 περιέχουσι
2586 1507 2713 1572 τοὺς
2745 1509 2992 1580 χρόνους.
3037 1510 3096 1564 ’0
3129 1511 3187 1565 δὲ
3230 1512 3415 1584 τρίτος
3457 1513 3700 1586 ἀριθμὸς

2095 1592 2276 1652 οὐκέτι
2326 1593 2741 1670 δεκατεσσάρων
2789 1601 2993 1669 γενεῶν
3036 1602 3353 1674 εὑρίσκεται
3397 1610 3549 1659 κατά
3580 1604 3699 1659 δια-

2096 1683 2259 1756 δοχὴν
2321 1686 2606 1758 ὀνομάτων
2652 1690 2715 1742 τὸ
2780 1691 3057 1765 πλήρωμα
3117 1693 3292 1766 έχων,
3343 1696 3485 1751 ἀλλά
3538 1698 3701 1753 δεκα-

2096 1775 2283 1845 τριῶν.
2326 1777 2545 1853 Ἐπειδὴ
2583 1780 2749 1846 τινὲς,
2792 1783 3048 1853 Ἰεχονίαν
3084 1785 3202 1858 ἅμα
3246 1788 3476 1862 Ἰεχονίᾳ
3523 1790 3701 1863 ἑτέρῳ

2100 1868 2389 1923 ἐπιτοαυτὸ
2428 1871 2700 1942 εὑρόντες,
2734 1876 2996 1946 ἐνόμισαν
3034 1877 3125 1931 τὸν
3174 1880 3408 1952 ἀριθμὸν
3455 1882 3701 1937 δεδισσο-

408 1951 641 2021 iunctim
694 1968 821 2009 esse
871 1954 1111 2026 scriptos
1168 1964 1485 2020 cernerent,
1551 1957 1812 2019 arbitrati
1864 1965 1997 2013 sunt

2118 1960 2416 2032 ιογισμένον
2459 1959 2619 2019 εἶναι.
2660 1961 2774 2021 Οὔκ
2804 1963 2871 2038 ἦν
2915 1968 2973 2022 δέ
3017 1951 3349 2042 δισσολογία,
3402 1974 3546 2029 ἀλλά
3577 1977 3700 2049 ἀρι-

409 2040 655 2097 eamdem
686 2057 876 2098 vocem
903 2053 1240 2116 praepostere
1270 2047 1324 2101 in
1354 2062 1420 2102 ea
1478 2046 1587 2118 22
1618 2047 1761 2103 serie
1794 2048 1995 2118 repeti-

408 2141 542 2187 tam.
576 2132 777 2190 Verum
830 2136 1080 2207 ejusdem
1135 2137 1239 2194 ista
1287 2140 1546 2210 repetitio
1597 2140 1823 2194 minime
1860 2139 1995 2207 fuit;

410 2225 505 2280 sed
544 2228 869 2282 numerandi
899 2228 1037 2286 ordo
1088 2232 1435 2303 perspicuus.
1489 2229 1772 2302 Siquidem
1800 2229 1999 2287 Jecino-

410 2320 517 2375 niae
549 2320 659 2375 lilio
681 2320 748 2377 de
783 2333 1007 2393 parente
1039 2341 1242 2385 nomen
1277 2324 1599 2396 impositum
1659 2332 1765 2380 est.
1796 2325 1866 2379 At
1907 2326 1999 2381 isti

410 2412 698 2481 elegantia:
732 2414 1006 2479 vindices,
1034 2416 1164 2472 dum
1220 2432 1390 2471 unum
1425 2431 1626 2472 nomen
1650 2423 1997 2487 expunguut,

411 2518 509 2573 per
539 2518 812 2559 summam
867 2505 1236 2577 ignorantiam
1272 2516 1464 2562 contra
1498 2506 1839 2577 propositum
1875 2520 2004 2577 pec—

2108 2050 2246 2121 θμὸς
2297 2055 2494 2127 σαφής.
2543 2056 2638 2121 Εἰς
2680 2057 2852 2130 ὄνομα
2905 2060 3013 2133 γάρ
3067 2064 3273 2135 πατρὸς
3312 2067 3341 2119 ὁ
3372 2068 3504 2130 παῖς
3546 2069 3564 2100 ¹
3602 2069 3701 2121 ἐπ-

2056 2190 2060 2194 .
2106 2142 2301 2216 έκλητο
2336 2144 2591 2217 Ἰεχονίας
2612 2148 2707 2202 τοῦ
2745 2151 3016 2221 Ἰεχονίου.
3060 2156 3409 2227 Ἀφελόμενοι
3431 2153 3530 2213 οὖν
3559 2176 3704 2223 τινες

2106 2234 2183 2299 ὠς
2210 2235 2352 2290 κατὰ
2382 2239 2703 2307 φιλοκαλίαν
2737 2242 2811 2296 τὸο
2840 2243 2899 2297 ἐν
2939 2244 3128 2316 ὄνομα,
3154 2247 3348 2320 ἀγνοίᾳ
3382 2249 3701 2321 φερόμενοι,

2106 2326 2351 2393 ἐλλειπές
2382 2332 2712 2402 ἐποιήσαντο
2737 2335 2836 2406 τῆς
2863 2336 3193 2403 ὑποθέσεως,
3225 2338 3366 2393 κατὰ
3399 2340 3502 2412 τὴν
3526 2341 3707 2411 δμάδα

2106 2418 2200 2473 τοῦ
2232 2420 2466 2493 ἀριθμοῦ
2487 2424 2597 2481 τῶν
2613 2424 3029 2501 δεκατεσσάρων
3048 2430 3328 2502 ὀνομάτων
3348 2431 3446 2504 τὴν
3468 2433 3708 2503 ὑπόσχε-

2109 2527 2215 2578 σιν,
2251 2514 2346 2568 καὶ
2377 2514 2439 2569 τὸ
2478 2516 2810 2590 πολύπειρον
2828 2519 2930 2591 τῆς
2956 2521 3195 2592 σχέσεως
3222 2524 3521 2594 ἠφάνισαν.

411 2610 640 2667 carunt;
699 2610 865 2674 atque
914 2612 970 2660 et
1030 2605 1318 2659 nominum
1365 2620 1457 2659 xtv
1506 2603 1822 2674 collegium,
1868 2603 2022 2674 quod
2075 2605 2275 2666 ibidem
2334 2613 2673 2683 ostenditur,
2741 2632 2853 2673 uno
2907 2617 3156 2676 detracto
3197 2628 3605 2687 numerarunt,
3653 2629 3707 2676 et

412 2697 773 2768 multiplicem
801 2698 968 2756 unius
989 2698 1059 2755 ad
1113 2699 1351 2755 alterum
1402 2698 1673 2755 rationem
1723 2698 2216 2775 babitudinemque
2251 2709 2619 2766 sustulerunt.

486 2792 756 2849 Caeterum
782 2795 853 2851 ab
880 2793 1160 2851 JcchOnize
1193 2804 1437 2866 tempore
1470 2795 1729 2866 deinceps
1784 2791 2005 2850 Iudaeo-

415 2901 540 2940 rum
565 2885 618 2940 in
648 2885 983 2958 Babylonem
1029 2886 1341 2957 deportatio
1372 2886 1628 2958 contigit.
1674 2885 1734 2941 In
1763 2902 1873 2956 qua
1897 2885 2006 2941 Na-

418 2978 929 3035 buchodonosorem
957 2980 1349 3036 convenientes
1374 2978 1516 3050 apud
1546 2978 1881 3050 Babylonem
1913 2993 2006 3034 se-

418 3072 605 3131 niores
635 3081 921 3141 rogarunt,
960 3080 1023 3128 ut
1066 3089 1097 3129 c
1137 3074 1258 3129 suis
1296 3080 1480 3129 certos
1517 3072 1572 3126 in
1627 3070 1870 3128 Iudaeam
1904 3072 2005 3127 ltoa

420 3163 599 3217 mines
628 3161 695 3217 ad
724 3162 1087 3219 habitandum
1141 3165 1404 3230 mitteret,
1451 3179 1520 3220 ne
1571 3163 1874 3220 silvcsccns
1925 3164 2007 3219 in-

420 3253 677 3323 cultaque
710 3254 864 3325 regio
903 3255 1121 3311 deserta
1171 3256 1395 3327 penitus
1428 3266 1694 3312 maneret.
1745 3254 1858 3312 Nec
1891 3257 2006 3329 regi

420 3347 716 3417 postulatio
750 3348 842 3403 illa
872 3348 1176 3421 displicuit.
1214 3350 1406 3422 Itaque
1452 3358 1694 3421 quatuor
1739 3365 1806 3405 ex
1836 3349 2008 3421 impe-

422 3439 506 3493 rio
537 3456 639 3496 suo
663 3441 900 3499 subditis
925 3443 1187 3514 gentibus
1210 3443 1332 3500 sine
1367 3458 1524 3500 mora
1558 3443 1792 3507 dimisit,
1850 3442 2008 3497 nimi-

422 3547 545 3590 rum
589 3532 910 3599 Cbutbaaos,
947 3542 1003 3591 et
1051 3534 1305 3601 Cudaaos,
1368 3550 1435 3591 ac
1488 3535 1905 3608 Seplrarurazos,
1954 3543 2012 3599 et

496 3691 513 3721 ί
540 3707 631 3759 πρ.
658 3689 1035 3766 ἐπικέκληται.
1058 3688 1188 3751 Cor.
1208 3688 1565 3791 ἐπεκέκλητο.

426 3850 630 3905 thaaum
660 3848 951 3920 scripsisse
979 3855 1135 3919 putat
1166 3867 1181 3904 :
1214 3847 1400 3904 Josias
1421 3857 1597 3904 autent
1619 3849 1800 3919 genuit
1821 3848 2014 3904 Jeclto-

429 3921 597 3992 niam,
630 3931 678 3992 et
710 3919 904 3991 fratres
932 3920 1049 3989 ejus
1087 3920 1658 3992 in_trnnsntigral§one
1679 3919 2013 3992 Babylonis:

425 3988 720 4062 Jecltoniqs
742 3998 918 4062 autem
940 3988 1135 4062 genuit
1146 3988 1459 4062 Jecltoniant
1483 4006 1502 4046 :
1522 3988 1818 4062 Jechoniqg'
1833 4000 2012 4046 autem

428 4062 605 4133 genuit
647 4059 1070 4133 Salathiel,:etc.
1105 4059 1225 4117 Jam
1265 4061 1475 4133 scimus
1512 4062 1639 4132 quis
1676 4076 1743 4118 ex
1771 4060 2013 4133 Epipha-

430 4129 508 4186 nii
543 4140 724 4187 mente
742 4132 811 4188 sit
842 4129 1135 4187 Jechonias
1162 4133 1287 4187 iste.
1305 4130 1462 4187 Prior
1488 4129 1633 4187 enim
1661 4139 1747 4188 est
1773 4129 2012 4200 Joakim,

432 4206 551 4258 sive’
574 4201 825 4268 Eliacim,
851 4200 1017 4257 Josiaz
1039 4200 1101 4259 Ε.
1144 4202 1422 4258 Posterior
1458 4204 1567 4258 alio
1594 4203 1815 4259 nomine
1843 4201 2016 4258 Sede-

430 4273 549 4333 cias
576 4273 756 4328 dictus
783 4280 888 4329 est.
922 4271 1029 4328 Sed
1055 4288 1218 4338 quam
1251 4272 1551 4329 absurdum
1585 4273 1718 4328 illud
1753 4274 1845 4338 sit,
1865 4288 1897 4328 e
1920 4288 2016 4329 su-

434 4344 744 4415 perioribus
774 4351 1014 4415 constat.
1044 4342 1182 4399 Nam
1207 4344 1254 4399 si
1293 4344 1361 4415 de
1392 4342 1617 4399 Sedecia
1654 4342 1799 4415 Rege
1826 4344 2022 4415 loqua-

436 4412 546 4485 tur,
578 4413 729 4485 quod
759 4429 824 4469 ex
871 4412 1028 4485 Regii
1076 4414 1383 4485 stemmatis
1423 4412 1780 4485 successione
1804 4412 2024 4485 videtur

2183 2801 2396 2861 Γίνεται
2424 2803 2556 2873 γοῦν
2581 2805 2830 2860 ἐντεῦθεν
2870 2806 2980 2861 ἀπὸ
3021 2806 3116 2861 τοῦ
3157 2807 3349 2881 χρόνον
3390 2807 3645 2880 Ἰεχονίου
3673 2810 3721 2882 ἠ,

2111 2895 2457 2967 αίχμαλωσία
2496 2900 2529 2970 ἡ
2572 2900 2652 2963 εἰς
2697 2899 3011 2955 Βαϐυλῶνα.
3052 2902 3138 2955 Ἐν
3186 2902 3361 2973 τούτῳ
3396 2900 3475 2972 τῷ
3530 2901 3707 2973 χρόνῳ

2110 2988 2209 3059 τῆς
2238 2990 2617 3061 αἰχμαλωσίας
2650 2990 2762 3064 (62)
2788 2992 3097 3064 προσῆλθον
3138 2995 3187 3048 οί
3227 2993 3599 3066 πρεσϐύτεροι
3635 2992 3707 3063 τῷ

2111 3080 2584 3156 Ναϐουχοδονόσορ
2628 3085 2685 3138 ἐν
2730 3085 3029 3153 Βαϐυλῶνι,
3086 3085 3536 3159 παρακαλοῦντες
3571 3088 3707 3141 ἁπο-

2118 3172 2377 3249 σταῖιῆναί
2408 3191 2558 3238 τινας
2583 3174 2693 3228 τῶν
2729 3176 2874 3230 ἰδίων
2922 3176 3088 3232 αὐτοῦ
3132 3178 3463 3247 ἐγκαθέτους
3495 3180 3583 3240 είς
3613 3176 3710 3248 τὴν

2128 3263 2475 3335 Ἰσραηλιτῶν
2522 3264 2659 3334 γῆν,
2717 3265 2867 3330 ὅπως
2920 3266 2994 3338 μὴ
3036 3268 3070 3337 ἡ
3120 3266 3274 3338 χώρα
3321 3265 3709 3337 ὑλομανὴσασα

2114 3352 2402 3424 ἐρημωθῇ.
2430 3353 2541 3408 Καὶ
2573 3352 2790 3439 ἐδέξατο
2818 3353 2916 3426 τὴν
2958 3355 3085 3427 παρ’
3120 3354 3302 3409 αὐτῶν
3337 3353 3709 3427 παράκλησιν.

2116 3444 2327 3521 Οὐηγάρ
2365 3445 2714 3510 ἀνεϐάλλετο,
2763 3447 2856 3499 καὶ
2897 3446 3217 3501 ἀποστέλλει
3270 3446 3371 3518 μὲν
3414 3446 3523 3500 τῶν
3570 3445 3713 3499 ίδίων

2115 3535 2357 3611 τέσσαρα
2384 3533 2539 3608 γένη,
2583 3534 2709 3600 τούς
2747 3552 2807 3597 τε
2844 3535 3143 3599 Χουθαίους
3171 3536 3543 3608 καλουμένους
3577 3536 3713 3608 (65),

2122 3864 2151 3903 a
2184 3847 2629 3914 Salmanassaro,
2664 3863 2772 3904 non
2807 3861 2839 3902 a
2866 3845 3428 3903 Nabuchodonosore.
3457 3845 3595 3903 Vide
3650 3845 3712 3901 IV

2120 3917 2409 4001 ﬁeg._cap.
2443 3936 2594 3975 xxiv.
2624 3918 2813 4001 Neque
2844 3918 3152 4001 \'ero.solu.s
3197 3917 3251 4001 in
3296 3933 3364 4000 e_o
3391 3932 3585 4001 errore
3615 3918 3711 4001 luit

2121 3987 2483 4060 Epiphanius,
2518 4005 2645 4045 nam
2679 3987 2737 4045 et
2764 3989 3070 4060 Procopius
3114 3989 3169 4042 in
3214 3988 3423 4043 Isaiam
3471 4004 3501 4041 a
3531 3987 3711 4043 Nabu-

2120 4058 2502 4117 chodonosore
2536 4060 2864 4124 Samariam,
2897 4058 2957 4114 et
2970 4058 3213 4115 Judaaam
3240 4065 3586 4129 expugnatas
3617 4060 3713 4117 ait.

2122 4130 2295 4211 Atqui
2316 4129 2590 4211 eomz‘ﬁt,
2627 4130 2839 4211 dicitur.
2861 4129 3451 4211 Assyriorutnfex‘de
3484 4129 3718 4211 Ilabylw

2122 4200 2223 4263 ne.
2248 4210 2304 4257 et
2345 4200 2415 4256 de
2442 4200 2621 4256 Cutha
2660 4200 2984 4270 caeterisque‘
3014 4200 3332 4270 regionibus
3360 4200 3717 4270 transtulisse

2124 4271 2353 4327 colonos
2398 4271 2456 4326 in
2502 4271 2829 4327 Samariam.
2858 4269 2943 4326 An
2975 4269 3099 4327 tum
3126 4270 3509 4327 Salmanassar
3538 4269 3717 4342 Baby-

2126 4342 2308 4415 lonem
2342 4342 2646 4415 obtinebat,
2680 4350 2740 4396 ut
2763 4342 2865 4415 qui
2893 4352 3026 4415 tunc
3057 4342 3208 4415 inca
3240 4341 3714 4415 regnabatAssy-

2127 4412 2339 4483 riorum
2366 4413 2654 4483 vectigalis
2686 4413 2872 4469 esset?
2904 4411 3019 4468 lloc
3047 4412 3268 4483 quidem
3286 4411 3585 4483 probabile
3606 4411 3711 4467 est.

433 4481 610 4574 velle;
630 4483 913 4574 ξοὶιξιιουῑειει⁸
933 4481 1042 4574 n'gn
1090 4482 1600 4574 .le'eltonize,oneque
1628 4484 1898 4574 Joalti-m‘i...
1921 4483 2017 4574 sed
2053 4519 2098 4574 Β
2126 4481 2262 4564 Nam
2300 4491 2426 4552 post
2448 4481 2799 4574 assyriorur‘u
2830 4494 2988 4574 Yetus
3006 4481 3144 4565 illud
3171 4497 3237 4537 ac
3263 4481 3585 4574 diutur‘num
3612 4483 3716 4574 i‘m-

433 4554 601 4626 .losia:
646 4554 789 4626 illius
832 4560 937 4626 est.
966 4552 1072 4626 ASin
1108 4556 1338 4626 alterum
1391 4552 1674 4626 Sedeciam
1728 4555 2019 4626 intelligat,

436 4624 530 4694 qui
581 4624 827 4694 privatus
869 4624 1026 4689 vixit,
1059 4632 1149 4694 est
1196 4625 1286 4680 ille
1329 4625 1550 4694 quidem
1583 4622 2021 4694 Joakimiiﬁlius,

437 4692 533 4749 sed
564 4692 672 4749 non
702 4692 1000 4751 Jechoniae.
1026 4693 1159 4749 Nam
1183 4694 1281 4750 lib.
1307 4695 1321 4748 I

438 4762 605 4827 Josiaa
658 4764 804 4820 ﬁlius
833 4763 1151 4820 Jeehoniam
1180 4773 1234 4820 et
1269 4764 1551 4821 Sedeciam
1589 4766 1797 4834 genuit,
1827 4763 2028 4819 Jecbo-

439 4837 562 4897 nias
598 4834 972 4891 Salatltielem.
1009 4835 1077 4890 At
1133 4835 1471 4905 Epiphanius
1498 4834 1820 4891 Jecltoniam
1847 4843 1901 4891 et
1930 4834 2029 4891 Se-

438 4906 675 4977 deciatn,
705 4921 845 4976 quos
897 4913 1006 4959 tam
1056 4904 1682 4977 perspicueMScriptura
1711 4906 2024 4977 distinguit,

440 4976 495 5047 i_n
528 4974 780 5033 eumdem
811 4977 988 5031 virum
1025 4974 1303 5047 conﬂavit.
1337 4975 1457 5032 Non
1487 4974 1714 5032 dubium
1752 4984 1860 5044 est,
1890 4974 2027 5047 quin

442 5041 741 5118 .lecltonias
771 5046 883 5114 ille,
914 5047 1007 5117 qui
1044 5044 1393 5101 Salathtelem
1414 5062 1456 5118 ει
1485 5047 1740 5104 Mattbaeo
1770 5041 2029 5118 genuisse

445 5114 667 5183 dicitur,
690 5115 831 5172 idem
863 5114 950 5187 sit‘
969 5132 1091 5187 cum
1114 5132 1201 5180 eo,
1224 5133 1386 5187 quem
1413 5114 1865 5187 Paralipomenon
1896 5117 2033 5173 liber

445 5196 856 5258 commemorat.
893 5186 1009 5258 Sed,
1055 5188 1196 5258 alius
1243 5185 1300 5241 ei
1340 5197 1495 5258 pater
1542 5185 1705 5258 quam
1733 5185 2031 5243 Jecltonias

448 5257 774 5328 qttaerrndus
822 5269 928 5313 est.
964 5256 1310 5312 Maldonatus
1341 5256 1531 5313 noster
1563 5256 1775 5328 Joakim
1809 5273 1909 5328 pro
1937 5259 2032 5312 ite-

448 5333 569 5380 rato
593 5324 856 5398 Jecltonia
880 5328 1173 5398 substituit
1209 5337 1421 5398 :atque
1442 5328 1515 5381 ita
1543 5328 1671 5398 legit
1693 5324 1904 5398 Ιοαὶὶηι
1929 5344 2029 5381 au-

352 5412 355 5415 ·
450 5403 554 5468 tem
569 5398 752 5468 genuit
772 5395 1418 5468 ξΙςείιοηὲαιιιε.1εεΙιοηίαις
1450 5395 1634 5452 autem»
1662 5400 1839 5468 genuit
1873 5397 2034 5455 δρία-τ

452 5464 601 5535 ιΙιὶει.
632 5464 788 5530 Quod
815 5466 1116 5535 Scriptura}
1145 5478 1578 5523 consentaneum
1606 5464 1711 5523 est.

523 5534 662 5608 (62)_
692 5536 787 5587 Ἐν
833 5534 1021 5601 τούτῳ
1068 5536 1147 5601 τῷ
1190 5540 1386 5607 λςθόνῳ
1431 5536 1543 5607 τῆς
1596 5538 2028 5608 αἰχμαλωσίας.

457 5602 731 5683 Multiplex
764 5619 942 5683 error,
972 5622 1082 5683 quo
1111 5602 1370 5683 vix—ullus
1392 5609 1459 5663 ab
1483 5602 1788 5683 Epiphanio
1813 5612 2034 5677 gravior

462 5679 941 5749 est_eotnmissus.
993 5679 1113 5730 Non
1161 5679 1304 5730 enim
1358 5688 1481 5748 post
1532 5680 2032 5749 Hierosolymorum

460 5742 753 5813 excidium,
793 5743 886 5798 sed
927 5755 1079 5801 tanto
1109 5750 1252 5809 ante,
1290 5742 1413 5813 po'st
1446 5765 1479 5802 x
1510 5742 2032 5804 videlicet'tribtntm

464 5810 915 5883 deportationem,
948 5814 1130 5872 coloni
1160 5815 1212 5867 in
1244 5810 1544 5874 Sitmariam
1567 5819 1851 5883 submissi,
1873 5819 2035 5890 idque

1396 4696 1556 4762 aral.,
1591 4711 1670 4756 ιιι,
1698 4695 1784 4759 15,
1809 4693 2046 4759 Ιοοιιίηι,

2198 4554 2340 4607 rium
2369 4552 2725 4617 exstinctum,
2757 4552 3514 4625 Babyloniorum_primordia
3551 4569 3581 4607 a
3613 4554 3717 4605 Na-

2166 4637 2435 4697 onassaro
2480 4634 2792 4697 cmperunt,
2824 4620 3137 4697 annoiper.
3177 4620 3289 4677 Jul.
3316 4623 3714 4697 3967‘ceutum

2127 4693 2241 4750 fere
2275 4694 2434 4750 annis
2482 4711 2511 4748 a
2560 4693 2857 4750 constituta
2891 4693 3168 4750 Medorum
3200 4694 3556 4761 monareltia;
3595 4708 3716 4764 qua:

2127 4764 2250 4820 iniit
2276 4780 2422 4819 anno
2450 4766 2612 4820 5858.
2647 4764 2821 4819 Porro
2855 4764 3236 4819 Salmanassar
3270 4780 3302 4817 x
3331 4766 3509 4819 tribus
3539 4765 3716 4834 capti-

2133 4851 2230 4905 vas
2278 4835 2507 4891 abduxit
2555 4837 2778 4892 circiter
2827 4850 3029 4889 anmun
3085 4850 3201 4905 per.
3231 4834 3341 4889 Jul.
3375 4835 3537 4894 5995.
3570 4851 3715 4889 anno

2131 4904 2380 4961 Ezechiae
2408 4923 2485 4962 vt.
2518 4906 2563 4960 Α
2587 4922 2707 4977 quo
2729 4906 2797 4961 ad
2826 4904 3325 4977 Nabopolassarum
3354 4905 3718 4977 Nabuchodo-

2132 4977 2323 5032 nosori
2344 4985 2554 5046 patrem
2585 4975 2715 5031 anni
2736 4984 2865 5046 sunt
2880 4975 2971 5031 96.
3001 4975 3255 5046 Interitns
3277 4976 3422 5030 enim
3446 4975 3713 5045 NabOpol.

2130 5045 2387 5117 convenit
2439 5062 2585 5101 anno
2639 5061 2753 5117 per.
2785 5045 2895 5102 Jul.
2928 5047 3097 5111 4089,
3123 5045 3229 5117 sub
3259 5062 3399 5116 quo,
3449 5048 3559 5101 imo
3591 5054 3718 5100 ante

2129 5118 2339 5189 ipsum,
2366 5114 2791 5189 Babyloniorum
2820 5118 3108 5189 imperium
3141 5114 3356 5189 ﬂorere,
3377 5118 3718 5189 excitat-ique

2133 5186 2302 5258 coepit
2329 5205 2348 5242 :
2374 5186 2499 5242 cuni
2527 5189 2643 5256 jam
2672 5186 3023 5258 Assyriorum
3055 5187 3360 5258 secundum
3407 5187 3539 5241 illud
3572 5186 3717 5241 oeci—

2133 5257 2326 5313 disset.
2361 5259 2574 5340 Etenim
2620 5267 2744 5327 post
2770 5257 3124 5340 Assaraddon
3150 5257 3332 5340 Inulla‘
3370 5258 3716 5340 lit_anmpl_i‘us

2132 5327 2708 5399 regumiAssyriorum
2739 5330 2941 5384 mentio
2972 5347 2985 5383 :
3022 5327 3463 5399 sediMerodachi
3495 5327 3587 5382 ﬁlii
3616 5328 3717 5380 Bu-

2135 5399 2297 5470 ladan
2322 5397 2758 5470 Babyloniorum
2783 5397 3164 5470 principis,_lV
3196 5398 3328 5470 Reg.
3358 5399 3718 5470 xx,l%,anno

2136 5468 2385 5527 Ezechiae
2427 5468 2534 5541 xiv.
2591 5468 2826 5541 Ideoque
2874 5481 2998 5538 post
3050 5468 3339 5541 Merodach
3394 5469 3717 5541 Babylonios

2140 5554 2294 5611 reges
2332 5538 2775 5611 credideritnab
2827 5541 3177 5611 Assyriorum
3223 5538 3520 5595 dominatu
3559 5556 3619 5595 se
3663 5541 3716 5594 in

2139 5610 2446 5664 libertatem
2479 5609 2806 5665 asseruisse.

2211 5680 2321 5748 (ιδ)
2369 5680 2513 5744 Τοὺς
2545 5697 2609 5733 τε
2635 5681 2967 5745 Χοιιθιιιόυς
2994 5680 3428 5750 καλουμένους.
3471 5680 3718 5750 Quatuor

2143 5750 2310 5821 hosce
2342 5751 2575 5820 populos
2604 5752 2764 5819 longe
2794 5751 2955 5804 aliter
2980 5749 3265 5821 Scriptura
3299 5753 3538 5821 concipit
3567 5772 3579 5806 :
3612 5749 3717 5804 Ad-

2142 5820 2315 5884 duxit,
2348 5821 2543 5891 inquit,
2576 5836 2666 5875 rex
2699 5821 3039 5891 Assyriorum
3066 5820 3202 5877 viros
3240 5823 3304 5876 de
3338 5820 3631 5892 Babylone,
3669 5829 3717 5875 et
