4022 6480
379 397 478 453 εει

1070 392 1444 453 ADVERSL'S
1481 393 1823 457 IL-[BESES
1862 398 1992 454 LIB.
2035 402 2077 457 ῐ.
2125 402 2287 463 TOM.
2330 408 2371 463 l.
2410 438 2483 453 —
2522 410 2802 474 HERES.
2845 413 2980 476 Vlll.

3556 428 3669 484 2‘32

378 513 476 569 καὶ
507 509 830 576 Κουδαίους,
862 511 1341 585 Σεπφαρουραίους
1362 513 1458 566 καὶ
1482 515 1954 585 Ἀναγωγαναίους

2080 521 2517 598 Anagoganaeos.
2549 530 2800 599 Quicum
2827 533 3139 592 simulacris
3169 536 3285 594 suis
3330 553 3396 595 eo
3430 541 3666 612 profecti

378 605 453 662 οτ
472 621 635 669 τινες,
668 602 788 675 ἅμα
821 606 935 669 τοῖς
959 603 1140 659 αὐτῶν
1177 604 1417 671 εἰδώλοις
1448 606 1770 673 ἀναϐάντες,
1796 608 1975 681 κατῴ-

379 715 513 752 κουν
543 696 603 752 τὸ
630 696 938 768 τηνικαῦτα
979 696 1079 770 τὴν
1122 698 1457 770 Σαμαρείαν,
1493 702 1697 772 ταύτην
1727 701 1976 768 ἐπιλεξά-

380 808 536 862 μενοι
573 791 785 854 ἑαυτοῖς
817 787 916 861 τὴν
948 789 1070 861 γῆν,
1094 788 1183 843 διὰ
1210 790 1270 843 τὸ
1306 785 1447 845 εἶναι
1480 791 1641 847 πίονά
1664 811 1722 846 τε
1753 794 1844 848 καὶ
1879 812 1972 864 γο-

378 882 716 954 νιμωτάτην.
752 880 945 954 Χρόνῳ
969 882 1027 935 δὲ
1055 874 1201 936 οὗτοι
1235 882 1339 936 ὑπὸ
1369 882 1480 938 τῶν
1508 883 1716 957 θηρίων
1740 886 1973 941 διασπα-

382 975 726 1046 ραττόμενοι,
757 973 985 1028 λεόντων
1012 974 1068 1027 δὲ
1102 974 1197 1028 καὶ
1226 973 1568 1041 παρδάλεων,
1599 977 1692 1030 καὶ
1729 977 1971 1049 ἄρκτων,

375 1070 477 1122 καὶ
505 1067 613 1122 τῶν
656 1067 834 1122 ἄλλων
876 1067 1128 1140 πονηρῶν
1172 1068 1397 1141 θηρίων,
1438 1070 1859 1136 ἀποστέλλουσιν
1891 1075 1972 1139 είς

381 1159 699 1226 Βαϐυλῶνα,
735 1157 1200 1232 παρακαλοῦντες,
1236 1162 1332 1216 καὶ
1364 1161 1638 1235 ὑπερϐολῇ
1675 1163 1974 1236 θαυμάζον-

378 1267 474 1314 τες
537 1250 636 1320 τὴν
688 1249 798 1303 τῶν
857 1250 1301 1322 κατοικησάντων
1356 1250 1418 1307 τὸ
1491 1252 1622 1325 πρὶν
1676 1253 1970 1323 ὲγκάθετον

377 1340 679 1414 διαγωγὴν,
706 1340 823 1405 πῶς
852 1341 1115 1412 ἠδύναντο
1146 1342 1448 1416 ἀποστῆναι
1495 1344 1594 1416 τὴν
1627 1343 1735 1399 τῶν
1766 1345 1971 1417 θηρίων

381 1433 638 1506 ἁρπαγήν
665 1450 725 1487 τε
753 1434 847 1488 καὶ
881 1433 1023 1506 βίαν.
1067 1434 1126 1487 Ὀ
1154 1433 1211 1490 δὲ
1239 1433 1510 1505 βασιλεὺς,
1546 1438 1971 1510 μεταστειλάμε-

372 1545 470 1593 νος
501 1528 627 1593 τοὺς
656 1526 1082 1601 πρεσϐυτέρους,
1110 1528 1277 1601 ᾔρετο
1317 1529 1416 1602 τὴν
1462 1531 1645 1594 αὐτοῖς
1674 1532 1970 1605 γενομένην

381 1620 603 1693 ἀγωγὴν
627 1620 729 1691 τῆς
756 1623 815 1676 ἐν
841 1623 906 1693 τῇ
930 1620 1162 1696 Ἰουδαίᾳ
1189 1621 1481 1689 καθέξεως,
1512 1623 1627 1687 πῶς
1659 1641 1718 1677 τε
1759 1624 1969 1679 διελάν-

380 1713 542 1768 θανον
574 1712 673 1785 τὴν
702 1713 810 1767 τῶν
850 1712 1053 1786 θηρίων
1090 1714 1367 1788 ἁρπαγὴν,
1408 1714 1677 1787 τοσαύτης
1714 1716 1968 1788 θηριοϐο-

378 1802 498 1869 λίας
537 1804 632 1858 καὶ
653 1803 832 1876 λύμης
873 1803 1014 1867 κατὰ
1055 1803 1153 1876 τὴν
1193 1804 1300 1876 γῆν
1344 1805 1559 1876 ἐκείνην
1592 1806 1962 1882 ὑπαρχούσης.

378 1898 444 1950 Oi
472 1896 529 1949 δὲ
558 1895 657 1967 τὴν
678 1893 772 1949 τοῦ
820 1894 958 1949 Θεοῦ
994 1894 1316 1966 νομοθεσίαν
1363 1894 1511 1967 αύτῷ
1549 1895 1836 1962 ἐδείκνυον,
1876 1896 1969 1950 καὶ
2000 1883 2046 1941 Β

378 1988 522 2062 μετὰ
546 1987 812 2051 συνέσεως
844 1986 993 2059 αύτῷ
1023 1987 1407 2043 ἀπεκάλυπτον
1434 1990 1534 2060 τῆς
1568 1989 1792 2059 εὐλόγου
1826 1989 1968 2059 γνώ-

381 2098 491 2154 μης
544 2078 613 2134 τὰ
659 2078 893 2150 καθεξῆς
954 2079 971 2110 ³
1023 2079 1321 2151 φήσασθαι.
1394 2080 1487 2152 Μὴ
1555 2080 1814 2136 δύνασθαι
1860 2082 1969 2153 γὰρ

375 2174 559 2227 ἐκεῖσε
603 2170 753 2235 ἔθνος
791 2168 1137 2235 καθέζεσθαι,
1173 2172 1221 2224 εί
1259 2172 1332 2242 μή
1372 2189 1426 2225 τι
1456 2172 1521 2226 ἂν
1553 2173 1643 2226 τὸν
1672 2173 1837 2244 νόμον
1873 2175 1967 2229 τού

375 2262 516 2318 Θεοῦ
540 2262 635 2317 τοῦ
670 2263 901 2336 ούρανοῦ
941 2264 1030 2317 τὸν
1076 2264 1164 2318 διὰ
1197 2265 1474 2330 Μωῦσέως
1513 2265 1737 2331 δοθέντα
1781 2269 1965 2321 ἐπιτε-

373 2357 612 2411 λέσαιεν.
652 2352 808 2411 Εἶναι
838 2355 948 2428 γὰρ
973 2356 1064 2410 τὸν
1108 2355 1243 2411 Θεὸν
1274 2356 1366 2411 τὸν
1396 2357 1835 2430 ὑπερασπίζοντα
1868 2362 1967 2433 τῆς

374 2448 513 2518 γῆς.
564 2447 639 2519 μὴ
693 2446 979 2518 βούλεσθαι
1034 2447 1092 2501 δὲ
1136 2448 1481 2519 παραϐάσεις
1522 2453 1594 2503 ,ὲν
1643 2452 1783 2523 αὐτῇ
1835 2455 1964 2525 παρ,

374 2538 548 2606 ἐθνῶν
592 2538 906 2608 ἀλλοφύλων
946 2538 1193 2606 γίνεσθαι
1240 2541 1684 2613 είδωλολατρείας
1715 2545 1808 2598 καὶ
1852 2543 1964 2600 τῶν

372 2632 574 2699 ἄλλων.
623 2630 681 2685 Ὀ
708 2630 766 2685 δὲ
798 2631 1210 2703 ἐπιμελόμενος,
1259 2633 1354 2687 καὶ
1396 2633 1711 2705 πειθόμενος
1743 2638 1810 2707 τῇ
1856 2637 1965 2693 τῶν

372 2722 808 2788 ᾁναδιδαξάντων
831 2721 1174 2795 ἀληθεστάτῃ
1205 2722 1491 2796 ἑρμηνείᾳ,
1510 2723 1841 2795 ἀντίγραφον
1869 2724 1964 2778 τοῦ

372 2812 542 2884 νόμου
571 2811 793 2883 ⁴ᾔτηιιεν.
819 2812 883 2864 Ol
928 2812 1008 2876 δὲ,
1052 2811 1304 2881 ἀφθόνως
1352 2811 1648 2877 δεδωκότες
1691 2813 1830 2885 μετὰ
1870 2815 1959 2872 καὶ

371 2905 468 2961 τοῦ
516 2906 716 2977 νόμου,
745 2904 981 2977 Ἔσδραν
1026 2905 1150 2960 τινὰ
1192 2906 1346 2978 ἱερέα
1403 2906 1517 2978 (64)
1572 2908 1963 2963 ἀποστέλλουσι

371 2998 667 3069 παιδευτὴν
686 2995 783 3050 τοῦ
828 2997 994 3068 νόμου
1045 2995 1153 3050 ἀπὸ
1190 2996 1530 3063 Βαϐυλῶνος,
1569 2999 1706 3071 πρὸς
1740 3000 1801 3052 τὸ
1839 3017 1965 3054 παι-

370 3087 558 3149 δεῦσαι
609 3091 736 3154 τοὺς
781 3092 840 3144 ὲν
879 3092 946 3161 τῇ
1004 3089 1288 3161 Σαμαρείᾳ
1356 3089 1720 3156 καθεσθέντας
1771 3094 1963 3147 Ἀσσυ-

2080 616 2268 673 sedem
2300 617 2356 674 in
2393 617 2644 678 Samaria
2674 626 3040 681 constituunt.
3095 625 3247 684 Hauc
3297 630 3464 695 enim,
3518 633 3665 703 quod

2082 712 2391 783 prtepingui
2432 714 2588 786 gleba
2653 716 2933 791 fertilique
2964 720 3126 787 foret,
3180 721 3249 776 ad
3304 722 3664 780 habitandum

2077 802 2351 874 deligunt.
2391 804 2591 862 Verum
2621 809 2903 881 aliquanto
2958 820 3152 884 postea
3191 822 3439 886 tempore
3466 830 3497 869 a
3535 815 3665 873 feris

2079 895 2290 960 laniati,
2322 899 2575 958 leonibus
2603 900 2879 971 videlicet,
2911 905 3099 977 pardis
3149 914 3204 962 et
3232 908 3399 974 ursis,
3432 907 3668 979 aliisque

2077 989 2403 1048 crudelibus
2427 992 2623 1049 bestiis
2654 995 3096 1063 incursantibus,
3157 998 3368 1069 legatos
3399 999 3455 1054 in
3487 999 3666 1071 Baby-

2078 1078 2260 1136 lonem
2290 1097 2415 1137 cum
2466 1086 2724 1156 precibus
2750 1086 3010 1156 mittunt;
3053 1088 3408 1145 vehementer
3437 1106 3534 1148 eos
3561 1090 3664 1144 ad-

2078 1172 2284 1239 mirati,
2312 1175 2406 1246 qui
2441 1175 2571 1232 istic
2594 1185 2722 1234 ante
2751 1194 2811 1234 se
2840 1179 3182 1234 domicilium
3232 1180 3662 1245 collocaveram,

2077 1266 2171 1337 qui
2206 1265 2426 1323 tandem
2488 1283 2517 1322 a
2560 1267 2801 1325 ferarum
2848 1272 2900 1327 vi
2942 1279 2995 1328 et
3043 1271 3383 1328 immanitate
3441 1288 3666 1328 servare

2078 1375 2201 1415 sese
2226 1362 2560 1431 potuissent.
2613 1363 2830 1429 Quibus
2888 1363 3094 1420 auditis
3122 1380 3217 1419 rex
3258 1365 3543 1422 accersitis
3572 1380 3663 1420 se-

2076 1452 2330 1509 nioribus
2390 1454 2714 1527 interrogat,
2749 1471 3001 1528 quamam
3050 1457 3159 1513 illis
3194 1458 3248 1512 in
3312 1456 3500 1513 Iudaea
3538 1459 3665 1514 vita:

2076 1543 2248 1610 ratio;
2284 1552 2398 1599 tum
2427 1547 2702 1618 quomodo
2730 1547 2788 1603 in
2815 1556 2965 1602 tanta
2991 1547 3293 1603 bestiarum
3319 1548 3661 1615 incursione,

2074 1635 2355 1707 tantisque
2411 1638 2653 1709 regionis
2705 1639 3076 1696 incommodis
3124 1641 3341 1695 illarum
3396 1641 3662 1695 laniatum

2073 1740 2139 1781 ac
2173 1726 2444 1783 feritatem
2480 1728 2820 1801 effugissent.
2856 1729 2937 1784 llli
2983 1730 3317 1787 constitutas
3346 1745 3375 1784 a
3416 1730 3526 1787 Deo
3556 1731 3664 1786 sibi

2075 1818 2224 1889 leges
2255 1820 2661 1887 demonstrant,
2698 1823 3110 1895 prudenterque
3143 1823 3289 1894 quod
3324 1834 3441 1879 crat
3462 1824 3663 1879 rationi

2075 1922 2509 1969 consentaneum
2543 1915 2857 1986 significant
2889 1932 2903 1967 :
2936 1917 3146 1971 nullam
3197 1917 3270 1972 iis
3311 1918 3366 1971 in
3402 1917 3538 1973 locis
3561 1931 3665 1971 na-

2074 2001 2279 2058 tionem
2306 2019 2471 2074 posse
2494 2006 2828 2071 consistere,
2862 2008 2968 2063 nisi
3010 2007 3280 2064 divinitus
3316 2008 3539 2064 traditis
3567 2024 3666 2078 per

2074 2092 2296 2164 Moysen
2325 2096 2538 2166 legibus
2582 2097 3011 2167 obtemperaret,
3048 2097 3218 2153 Deum
3267 2100 3471 2169 quippe
3502 2107 3664 2154 terrm

2072 2187 2385 2256 praesidem,
2415 2202 2479 2242 ac
2503 2195 2875 2259 protectorem
2899 2204 3060 2256 esse;
3092 2190 3434 2260 minimeque
3456 2188 3569 2259 pati
3594 2188 3664 2243 ab

2072 2276 2319 2331 externis
2348 2277 2567 2347 populis
2598 2292 2693 2347 per
2738 2276 3166 2333 simulacrorum
3219 2277 3455 2340 cultum,
3491 2276 3666 2331 alias-

2073 2385 2181 2439 que
2201 2370 2626 2440 superstitiones
2655 2370 2957 2441 quidquam
3010 2371 3127 2426 illic
3155 2378 3349 2427 contra
3405 2368 3660 2425 instituta

2072 2463 2361 2518 committi.
2398 2462 2531 2529 Qua:
2556 2464 2743 2518 omnia
2768 2463 3282 2520 Nabuchodonosor
3330 2462 3660 2535 negligenda

2071 2554 2298 2610 minime
2323 2565 2500 2622 ratus,
2526 2556 2757 2611 sincerae
2796 2556 3021 2610 illorum
3070 2555 3312 2611 orationi
3346 2553 3506 2611 [idem
3565 2568 3659 2608 ac-

2070 2645 2450 2713 commodans,
2483 2645 2618 2718 legis
2638 2646 2951 2717 exemplum
3000 2647 3279 2718 poposcit.
3325 2646 3430 2717 23
3486 2644 3660 2715 Cujus

2069 2749 2195 2791 cum
2229 2735 2305 2789 illi
2337 2735 2555 2805 copiam
2595 2734 2813 2791 abunde
2861 2735 3149 2801 fecissent,
3183 2734 3414 2790 Esdram
3468 2749 3660 2804 quem-

2070 2826 2197 2883 dam
2257 2827 2602 2883 sacerdotem
2685 2826 2961 2899 Legisque
3029 2828 3316 2884 doctorem
3382 2826 3660 2899 Babylone

2070 2935 2193 2974 cum
2236 2920 2327 2975 illa
2368 2920 2485 2990 ipsa
2517 2920 2635 2992 lege
2685 2921 2986 2986 destinant,
3021 2927 3082 2975 ut
3116 2919 3379 2992 Assyrios
3429 2918 3524 2990 qui
3559 2916 3659 2973 Sa-

2069 3013 2301 3068 marium
2336 3013 2670 3079 incolebant,
2719 3014 2826 3071 hoc
2870 3022 2957 3070 est
3007 3013 3354 3080 Cbuttharos,
3411 3012 3658 3082 aliosque

2071 3122 2240 3176 supra
2290 3113 2752 3163 commemoratos
2801 3106 3058 3177 populos,
3111 3103 3370 3160 Mosaicis
3415 3103 3658 3159 decretis

373 3184 544 3254 ρίους,
583 3183 709 3246 τοὺς
737 3181 1246 3254 προδεδηλωμένους
1288 3181 1559 3247 Χυθαίους
1608 3183 1703 3245 καὶ
1750 3184 1957 3252 ἄλλους,

2074 3198 2405 3253 imbuerent.
2437 3198 2655 3252 Accidit
2684 3197 2790 3253 hoc
2809 3197 3094 3252 tricesimo
3121 3197 3246 3267 plus
3271 3196 3457 3251 minus
3486 3210 3655 3261 anno,

366 3274 464 3327 τὸν
518 3273 679 3345 νόμον
730 3273 822 3327 τὸν
864 3273 1163 3337 Μωῦσέως,
1214 3273 1425 3329 Γίνεται
1480 3274 1538 3329 δὲ
1590 3274 1748 3335 τοῦτο
1790 3278 1848 3330 ὲν
1884 3277 1963 3351 τῷ

369 3363 677 3437 τριακοστῷ
707 3364 818 3418 ἔτει
852 3364 1023 3427 πλείω
1050 3365 1084 3437 ἢ
1117 3364 1330 3419 ἐλάσσω
1358 3366 1457 3437 τῆς
1490 3364 1583 3419 τοῦ
1621 3368 1836 3439 Ἰσραὴλ
1869 3371 1963 3423 καὶ

383 3458 734 3531 Ἰερουσαλὴμ
762 3457 1161 3529 αἰχμαλωσίας.
1197 3459 1484 3523 Ἐπαίδευε
1513 3459 1694 3514 τοίνυν
1727 3462 1963 3537 Ἔσδρας

370 3549 466 3619 καὶ
493 3551 541 3603 ol
577 3548 692 3620 μετ’
723 3547 890 3603 αὑτοῦ
921 3548 981 3602 τὸ
1007 3547 1164 3617 γένος
1206 3548 1269 3602 τὸ
1320 3550 1378 3603 ἐν
1415 3551 1481 3620 τῇ
1520 3549 1823 3624 Σαμαρείᾳ,
1868 3554 1962 3606 καὶ

368 3643 674 3715 ἐκλήθησαν
701 3643 1041 3715 Σαμαρεῖται
1090 3642 1141 3695 οἱ
1182 3642 1275 3697 τὸν
1316 3642 1482 3713 νόμον
1509 3642 1599 3703 διὰ
1629 3645 1720 3698 τοῦ
1755 3647 1960 3719 Ἔσδρα

367 3734 462 3791 τοῦ
489 3734 596 3789 ἀπὸ
622 3733 942 3799 Βαϐυλῶνος
981 3735 1207 3805 ἥκοντος
1236 3734 1632 3807 διαδεξάμενοι.
1672 3737 1865 3809 Διῆλθε
1902 3739 1959 3805 δὲ

366 3828 555 3902 χρόνος
580 3828 719 3882 ὲτῶν
743 3829 1155 3900 τεσσαράκοντα
1184 3828 1383 3894 ἄλλων,
1412 3830 1508 3884 καὶ
1548 3830 1581 3901 ὴ
1610 3831 1959 3902 αίχμαλιυσία

363 3920 576 3993 ἀνείθη.
603 3921 715 3975 Καὶ
750 3920 981 3991 ἀνῆλθεν
1023 3920 1242 3993 Ἰσραὴλ
1270 3922 1508 3994 ἀπὸκτῆς
1540 3923 1881 3989 Βαϐυλῶνος,

436 4014 514 4072 θ’.
562 4012 799 4085 Ἐπέστη
857 4013 917 4067 δὲ
974 4013 1298 4084 θαυμάζειν,
1355 4014 1472 4080 πῶς
1522 4015 1838 4088 συμϐέϐηκε
1888 4018 1956 4074 τὰ

361 4105 606 4177 τέσσαρα
650 4104 776 4177 ἔθνη
834 4106 930 4159 καὶ
969 4105 1243 4177 τέσσαρας
1292 4106 1532 4178 αἱρέσεις
1576 4109 1635 4160 ὲν
1678 4107 1827 4179 αύτῷ
1877 4109 1955 4182 τῷ

362 4195 508 4251 ἔθνει
553 4197 842 4267 γενέσθαιο
880 4198 1024 4268 φημὶ
1077 4196 1135 4250 δὲ
1183 4196 1400 4268 πρῶτον
1439 4198 1734 4269 Ἐσσηνῶν,
1767 4199 1955 4254 δεύτε-

366 4303 461 4360 ρον
506 4286 812 4360 Γορθηνῶν,
860 4287 1041 4360 τρίτον
1093 4286 1399 4341 Σεϐουαίων
1422 4326 1437 4353 ,
1498 4287 1755 4362 τέταρτον
1807 4291 1957 4353 Δοσι-

363 4378 523 4437 θέων.
565 4380 845 4437 Ἐντεῦθεν
878 4382 1023 4453 ἀρχή
1071 4398 1160 4453 μοι
1189 4380 1396 4450 γίνεται
1431 4382 1531 4454 τῆς
1558 4382 1651 4445 τοῦ
1684 4384 1955 4454 ἐπαγγέλ-

365 4490 536 4543 ματος
567 4475 709 4528 κατὰ
749 4474 1018 4546 αἱρέσεων
1070 4475 1474 4546 πραγματείας,
1507 4476 1603 4530 καὶ⁸
1651 4476 1711 4531 τὸ
1753 4478 1945 4545 αἴτιον,

358 4565 509 4628 ὅπως
545 4566 564 4596 ²
592 4564 945 4635 διασαφήσων
977 4564 1035 4617 ἐν
1067 4563 1258 4635 βραχεῖ
1287 4563 1418 4636 ἐρῶ.
1441 4565 1506 4618 Τί
1536 4565 1593 4618 δέ
1623 4568 1771 4621 ἐστιν
1796 4568 1943 4638 ἄλλο,

358 4659 395 4732 ἢ
432 4659 513 4712 ὅτι
544 4658 649 4712 ἀπὸ
678 4657 773 4728 τῆς
796 4656 905 4709 τῶν
935 4655 1195 4725 γλωσσῶν
1225 4655 1530 4729 πολυφόρου
1559 4658 1947 4731 ἀλλοιοφωνίας

357 4750 526 4821 φυλαὶ
550 4749 839 4819 γεγόνασι;
881 4747 1040 4802 Κατὰ
1071 4748 1127 4802 δὲ
1151 4749 1385 4821 ἑκάστην
1415 4750 1587 4822 φυλήν
1614 4769 1672 4806 τε
1701 4754 1795 4807 καὶ
1834 4771 1943 4810 πα-

471 4912 487 4943 ¹
523 4909 684 4966 Forte
710 4912 999 4984 φήσαντες.
1076 4912 1096 4942 ⁸
1119 4909 1281 4972 Forte
1312 4911 1650 4985 διασαφήσω.

357 5051 650 5126 ἀεγϐιιιίεα,
678 5064 726 5107 et
765 5052 829 5126 de
866 5051 1044 5126 Hora,
1067 5063 1118 5126 et
1152 5051 1466 5126 de__E_n:atI:,
1506 5064 1555 5126 et
1597 5055 1660 5110 de
1708 5055 1939 5126 Sephor-

358 5125 520 5178 raim.
555 5121 770 5194 Graece
795 5125 869 5176 ita
904 5141 918 5194 ς
951 5124 1060 5194 Καὶ
1106 5125 1171 5176 ἐκ
1200 5122 1373 5185 Χυθὰ,
1431 5125 1551 5194 καὶ,
1581 5126 1692 5180 ἀπὸ
1720 5121 1937 5194 ’Ᾱουὰν,

354 5196 455 5249 καὶ
474 5193 581 5247 ἀπὸ
602 5193 929 5266 Αίμὰθ,-καὶ
949 5193 1055 5266 ἀπὸ
1079 5194 1495 5266 Σεμφαρουαίμ.
1524 5192 1680 5261 Quod
1707 5199 1770 5250 ad
1794 5192 1941 5252 Chué

354 5267 532 5319 thzeos
559 5262 775 5334 attinet,
811 5262 1103 5334 Iosephus,
1146 5262 1241 5318 lib.
1275 5262 1661 5333 ἰιἉρχαιολη
1698 5283 1751 5323 c.
1786 5268 1874 5332 M,
1902 5283 1933 5321 a

355 5334 574 5390 Chutba
624 5333 870 5405 Persidis
917 5333 1155 5405 regione,
1188 5342 1242 5387 et
1271 5338 1600 5405 cognomine
1634 5336 1801 5392 fluvio
1830 5354 1934 5392 no-

356 5407 597 5460 minatos
641 5403 893 5459 allirmat.
922 5403 1060 5460 Vide
1101 5405 1271 5458 Eliam
1306 5404 1633 5469 Thisbitem,
1669 5409 1936 5464 vocabulo

354 5486 478 5546 mn.
509 5474 593 5530 Ab
625 5475 693 5531 iis
724 5476 883 5539 nihil,
914 5477 1128 5546 opinor,
1163 5475 1480 5546 discrepant
1506 5478 1781 5542 Κουδαίοι,
1813 5480 1939 5533 licet

355 5545 699 5617 Epiphanius
721 5545 1005 5613 secernat;
1026 5547 1134 5617 nisi
1160 5545 1284 5616 quis
1307 5545 1643 5616 Αἶμαθαίους
1667 5550 1787 5615 ejus
1817 5550 1938 5603 loco

353 5615 733 5687 reponendum
758 5625 1001 5687 censeat.
1023 5615 1158 5670 Nam
1180 5615 1294 5687 pro
1323 5615 1795 5687 ’Λξναγωγαναίους
1825 5620 1938 5671 for—

355 5685 872 5751 taSSc‘Aouavaiou;
896 5687 1092 5742 melius
1113 5686 1347 5756 erit,pra
1375 5685 1617 5755 “armis:
1645 5706 1768 5743 eum
1797 5688 1933 5743 LXX

371 5757 563 5811 ’Δουάν
611 5757 876 5811 scribant.
920 5758 991 5811 At
1039 5756 1281 5826 Scaliger
1330 5757 1622 5826 Ἀνάγνους
1675 5760 1936 5824 ιἀναίους

356 5828 466 5898 leg.
500 5827 794 5893 ariolatur;
826 5827 954 5898 quia
988 5834 1108 5887 nu:
1141 5836 1268 5881 sunt
1291 5828 1533 5896 ἄναγνοι,
1564 5828 1792 5884 obsceni.
1826 5829 1929 5885 Ve-

355 5912 481 5956 rum
532 5898 811 5953 nationum
861 5898 951 5955 hic
982 5900 1227 5963 nomina,
1266 5914 1376 5955 non
1408 5915 1642 5969 morum,
1676 5916 1739 5958 ac
1772 5901 1930 5959 Vitio-

2066 3304 2231 3359 quam
2286 3286 2461 3344 Judaei
2515 3286 2806 3345 exlsraele
2833 3303 2899 3343 ae
2947 3288 3347 3360 Hierosolymis
3379 3287 3655 3357 deportati

2066 3380 2322 3436 fuissent.
2356 3382 2526 3452 Igitur
2552 3380 2779 3447 Esdras,
2806 3390 2861 3436 et
2880 3380 2973 3451 qui
2998 3396 3123 3436 cum
3150 3396 3217 3435 eo
3240 3379 3472 3450 profecti
3498 3388 3653 3444 sunt,

2068 3472 2428 3529 Samaritana:
2483 3475 2726 3547 regionis
2783 3473 2999 3530 incolas
3067 3473 3364 3541 erudiunt;
3418 3472 3654 3542 indeque

2065 3564 2354 3623 Samaritae
2383 3566 2541 3635 dicti,
2573 3568 2667 3638 qui
2695 3569 2764 3623 ab
2799 3568 2994 3633 Esdra,
3026 3582 3190 3639 quem
3226 3582 3322 3621 rex
3373 3563 3653 3636 Babylone

2061 3659 2310 3723 miserat,
2345 3658 2517 3729 legem
2548 3669 2904 3730 acceperunt.
2935 3658 3068 3715 Post
3097 3658 3210 3713 haec
3236 3656 3362 3712 aliis
3392 3673 3461 3711 ιι.
3489 3657 3653 3714 annis

2059 3751 2267 3821 elapsis
2316 3750 2587 3808 dissoluta
2637 3751 2963 3823 captivitate
3006 3749 3267 3808 Israelita:
3317 3751 3372 3805 in
3415 3748 3649 3820 patriam

2058 3842 2265 3901 reversi
2301 3850 2452 3901 sunt.
2493 3889 2505 3915 ,

2128 4015 2220 4081 IX.
2256 4016 2397 4071 Illud
2432 4031 2562 4072 vero
2585 4016 2957 4074 admiratione
2986 4017 3120 4073 mihi
3149 4018 3375 4089 dignum
3406 4015 3647 4084 videtur,

2056 4105 2521 4176 quemadmodum
2573 4122 2675 4177 pro
2724 4123 2778 4163 tv
2828 4107 3046 4161 illarum
3098 4106 3341 4177 gentium
3388 4119 3646 4172 numero,

2056 4197 2283 4257 totidem
2315 4198 2372 4253 in
2402 4214 2468 4254 eo
2489 4199 2693 4269 populo
2732 4207 2899 4255 secta:
2932 4199 3231 4254 coluerint.
3256 4200 3500 4265 Quarum
3531 4196 3649 4268 pri-

2054 4304 2145 4344 ma
2180 4297 2264 4345 est
2288 4289 2656 4356 Essenorum;
2699 4307 2764 4357 ll,
2798 4289 3237 4353 Gortbenorum;
3269 4278 3353 4353 ιιι,
3393 4287 3647 4345 Sebuzeo-

2054 4398 2209 4451 rum;
2229 4400 2303 4449 tv,
2320 4382 2732 4441 Dositheorum.
2751 4382 2868 4438 lloc
2897 4382 3001 4439 erit
3024 4381 3288 4454 propositi
3304 4382 3463 4437 nobis
3482 4396 3646 4452 argu-

2056 4477 2249 4542 menti,
2266 4478 2619 4549 susceptique
2632 4478 2898 4535 adversus
2925 4478 3162 4533 hmreses
3181 4477 3366 4547 operis
3383 4475 3598 4531 initium
3624 4488 3641 4527 :

2054 4583 2119 4625 ac
2152 4571 2388 4641 primum
2419 4570 2806 4642 multiplicium
2839 4572 3058 4627 illorum
3082 4585 3335 4627 errorum
3372 4569 3647 4640 originem

2053 4663 2270 4735 paucis,
2325 4664 2422 4721 sed
2479 4665 2771 4736 perspicue
2824 4665 3140 4721 declarabo.
3194 4662 3456 4731 Quaenam
3513 4677 3649 4717 vero.

2054 4755 2279 4812 tandem
2305 4756 2416 4813 alia
2469 4772 2595 4813 esse
2628 4765 2835 4828 potest,
2888 4759 2995 4816 nisi
3035 4757 3183 4829 quod
3230 4757 3540 4828 linguarum
3573 4766 3647 4821 ex

2386 4964 2419 4979 ,Ι

2046 5073 2167 5113 rum
2187 5055 2406 5148 propria
2436 5066 2960 5111 commemorantur.

2125 5127 2177 5148 ,ο
2222 5130 2236 5148 \
2310 5125 2544 5148 n_.£\-..--
2579 5126 2710 5148 _---l_
2747 5126 2900 5148 !_-l‘.

2122 5123 2238 5197 (ϐλ)
2282 5123 2545 5194 ’Ἕσδραν
2576 5126 2711 5180 τινὰ
2741 5126 2921 5193 ἱερέα.
2967 5123 3221 5197 Miriﬁca_
3245 5136 3454 5197 rerum,
3495 5130 3637 5197 tenta

2088 5191 2355 5268 orumque
2386 5191 3017 5268 perturbatio._Esdram
3041 5193 3250 5268 asserit
3287 5207 3315 5245 a
3343 5191 3636 5268 Nabucho-

2088 5214 2355 5268 orumque
2386 5214 2748 5265 perturbatio.
2794 5214 3017 5250 usuram
3051 5214 3250 5250 assert:
3287 5214 3315 5245 ιι
3343 5214 3636 5249 ιιιιυιιυιιο-

2042 5214 2317 5341 gonosore
2343 5268 2595 5341 missum,
2627 5268 2722 5341 qui
2750 5264 3340 5341 Satnariaejnquiliuos
3369 5261 3544 5341 Mosis
3565 5265 3638 5341 le-

2046 5355 2167 5409 gem
2202 5339 2449 5409 doceret,
2488 5335 2661 5409 idque
2696 5353 2842 5409 anno
2876 5353 2989 5409 xxx,
3017 5335 3360 5409 Babyloltieae
3405 5335 3635 5409 captivi-

2048 5403 2180 5462 tatis
2210 5408 2502 5463 accidisse.
2536 5403 2655 5461 Non
2689 5407 2905 5461 videtur
2944 5403 3175 5460 alterum
3204 5403 3431 5459 Esdram
3465 5404 3534 5457 ab
3568 5420 3635 5459 eo

2045 5479 2403 5539 intellexisse,
2435 5478 2527 5547 qui
2568 5476 2802 5532 lleealite
2828 5476 2974 5531 filius
3009 5476 3143 5545 legis
3178 5475 3359 5530 scriba
3404 5473 3631 5547 dicitur.

2047 5549 2154 5605 Sed
2186 5550 2353 5602 alium
2383 5543 2586 5613 tamen,
2608 5548 2654 5601 si
2689 5563 2875 5601 verum
2907 5546 3037 5600 illud
3059 5543 3164 5611 est,
3189 5552 3403 5615 oportet
3434 5543 3627 5599 fuisse.

2047 5618 2166 5673 Non
2216 5619 2459 5672 melioris
2493 5628 2577 5671 est
2612 5625 2775 5682 notae,
2822 5618 2967 5687 quod
2998 5616 3514 5687 Israeliticam,_ltoc
3541 5621 3629 5668 est

2049 5707 2078 5744 κ
2108 5689 2346 5743 tribuum
2377 5689 2769 5757 captivitatem.
2798 5684 2921 5742 cum
2954 5689 3123 5743 altera
3156 5684 3464 5757 confundit,
3503 5701 3627 5754 quae

2047 5760 2150 5817 sub
2196 5755 2591 5829 Nabuchodon.
2624 5758 2871 5829 contigit.
2899 5758 3039 5824 Quid
3071 5758 3218 5814 enim
3250 5755 3394 5829 aliud
3443 5755 3625 5811 facere

2042 5830 2246 5900 potuit;
2302 5830 2392 5897 qui
2437 5826 2835 5885 Nabuchodon.
2867 5830 3118 5888 eumdem
3144 5843 3268 5884 cum
3303 5826 3621 5884 Salmanas—

2041 5915 2169 5957 saro
2196 5900 2593 5958 constituerat?
