4022 6426
305 301 413 359 935

293 507 532 580 πρῶτον,
559 509 642 561 ὅτι
689 507 794 558 οὐκ
841 505 996 575 ἐδόθη
1045 504 1228 566 αὐτοῖς
1278 502 1572 573 προφητῶν
1604 502 1712 556 τῶν
1755 503 1892 572 μετὰ

295 600 538 657 Μωῦσὲα
562 597 832 670 γραφὴ,ἢ
877 597 1036 668 μόνον
1078 599 1110 668 ὴ
1149 593 1364 648 δοθεῖσα
1404 596 1774 666 Πεντάτευχος
1805 594 1894 648 διὰ

297 691 580 754 Μωῡσέως
604 690 684 761 τῷ
719 690 998 761 σπέρματι
1043 688 1256 761 Ἰσραὴλ
1285 689 1342 740 ὲν
1367 690 1432 758 τῇ
1467 687 1629 757 ἐξόδῳ
1659 686 1759 758 τῆς
1800 687 1892 739 ἀπ’

298 785 582 855 Αἰγύπτου
611 783 866 856 πορείας*
898 783 1040 852 φημὶ
1068 781 1122 834 δὲ
1149 781 1388 844 Γένεσις,
1414 781 1508 833 καὶ
1539 779 1777 845 Ἔξοδος,
1805 779 1896 833 καὶ

300 876 609 940 Λευῖτικὺν,
641 875 735 930 καὶ
779 873 1049 945 Ἀριθμοὶ,
1086 874 1179 927 καὶ
1225 873 1662 944 Δευτερονὸμιον.
1701 872 1789 926 Ἐν
1837 872 1896 926 δὲ

296 976 371 1046 τῇ
410 971 652 1043 Ἐϐραΐδι
680 969 946 1040 διαλέκτῳ
987 966 1131 1020 οῦτω
1166 967 1476 1030 καλοῦνται,
1513 966 1742 1038 Βηρσὶθ,
1781 965 1898 1019 Ἐλ-

298 1063 552 1134 λεσιμὺθ,
603 1062 878 1132 Δωικᾶρα,
927 1057 1227 1130 Οὑίδαϐὴρ,
1275 1057 1734 1130 Ἐλλεδδαεϐἁριν.
1787 1057 1898 1111 Καὶ

299 1155 576 1226 ἔσπαρται
607 1153 705 1222 μὲν
729 1153 788 1204 ὲν
817 1149 1041 1213 ταύταις
1075 1151 1193 1211 ταῖς
1239 1147 1401 1202 πέντε
1435 1147 1638 1218 βίϐλοις
1664 1147 1900 1202 ἀναστά-

304 1263 446 1311 σεως
497 1243 709 1316 νεκρῶν
754 1241 815 1295 τὸ
873 1241 1127 1311 σημεῖον·
1173 1239 1233 1292 οὐ
1279 1238 1461 1308 μέντοι
1511 1253 1573 1306 γε
1611 1234 1898 1308 τηλαυγῶς

303 1339 670 1408 κεκήρυκται,
697 1332 794 1385 καὶ⁸
823 1329 1094 1402 ἔσπαρται
1134 1329 1192 1381 ὲν
1225 1330 1416 1390 αὐτοῖς
1452 1328 1579 1398 περὶ
1611 1328 1704 1380 τοῦ
1744 1343 1900 1398 μονο-

305 1427 502 1500 γενοῦς
527 1424 655 1479 Υἱοῦ
681 1423 774 1477 τοῦ
808 1421 967 1486 Θεοῦ,
1011 1422 1104 1474 καὶ
1150 1421 1277 1492 περὶ
1309 1419 1402 1472 τοῦ
1449 1419 1604 1488 ἁγίου
1650 1419 1901 1490 Πνεῦμα-

304 1534 422 1582 τος,
453 1515 549 1569 καὶ
577 1512 719 1568 κατὰ
762 1509 1017 1565 εἰδώλων.
1049 1509 1123 1564 Τὸ
1160 1510 1218 1562 δὲ
1255 1510 1691 1581 τηλαυγέστερον
1720 1511 1777 1562 ἐν
1807 1509 1902 1562 αὐ-

305 1611 429 1671 ταῖς
467 1603 765 1677 μοναρχίας
799 1601 911 1673 ἔχει
947 1599 1049 1671 τὴν
1100 1601 1410 1672 εἰσαγωγήν
1433 1617 1446 1633 ·
1477 1602 1535 1654 ἐν
1577 1600 1634 1654 δὲ
1669 1603 1734 1672 τῇ
1770 1617 1901 1670 μον-

308 1696 481 1768 αρχίᾳ
539 1688 926 1762 πνευματικῶς
967 1690 999 1759 ἡ
1043 1687 1214 1760 Τριάς
1243 1689 1358 1740 ἐστι
1394 1683 1899 1761 καταγγελλομένη.

311 1789 376 1842 Οἱ
414 1787 475 1840 δὲ
509 1783 792 1855 δεξάμενοι
841 1781 929 1833 τὸν
972 1781 1137 1850 νόμον
1182 1780 1263 1842 εἰς
1307 1778 1368 1832 τὸ
1408 1776 1771 1850 μετατεθῆναι
1804 1779 1905 1848 τῆς
1935 1776 1977 1831 Β

310 1877 774 1948 εἱδωλολατρείας,
807 1867 1017 1928 καὶτὸν
1050 1871 1146 1926 ἕνα
1184 1870 1318 1924 Θεὸν
1362 1871 1662 1940 ἐπιγνῶναι
1703 1871 1902 1924 ἐσπου-

309 1971 586 2041 δάσθησαν
605 1988 619 2001 ·
645 1964 728 2032 οἷς
752 1967 813 2022 οὐ
843 1965 1062 2036 γέγονεν
1095 1951 1384 2035 ἐπιμέλεια
1411 1965 1473 2018 τὸ
1512 1963 1902 2037 ἀκριϐέστερον

311 2062 635 2132 ἐπιγνῶναι.
665 2051 970 2130 Σφαλέντες
1000 2057 1058 2111 δὲ
1094 2055 1145 2110 οἱ
1179 2055 1429 2120 τοιοῦτοι,
1465 2057 1559 2110 καὶ
1597 2056 1672 2129 μὴ
1704 2055 1904 2128 τηλαυο

309 2155 426 2226 γὼς
457 2153 517 2206 τὸ
549 2151 656 2206 πᾶν
697 2151 862 2223 μέρος
896 2148 994 2220 τῆς
1025 2148 1262 2213 πίστεως
1289 2165 1350 2202 τε
1381 2148 1476 2202 καὶ
1506 2149 1606 2219 τῆς
1627 2148 1902 2220 ἡμετέρας

314 2247 466 2316 ζωῆς
488 2245 552 2298 τὺ
579 2242 901 2315 ἀκρίϐασμα
933 2240 1346 2311 κατειληφότες,
1379 2239 1653 2312 ἠγνόησαν
1691 2241 1790 2311 μὲν
1818 2257 1905 2292 νε-

311 2339 465 2412 κρῶν
501 2337 817 2400 ἀνάστασιν,
843 2334 936 2387 καὶ
965 2331 1290 2388 ἀπιστοῦσι·
1319 2331 1544 2402 Πνεῦμα
1571 2331 1626 2385 δὲ
1655 2331 1809 2402 ἆγιον
1841 2334 1902 2386 οὐ

311 2430 744 2502 παραδέχονται·
778 2425 870 2479 καὶ
899 2425 1007 2496 γάρ
1037 2424 1336 2496 ἠγνόησαν.
1366 2423 1477 2476 Καὶ
1519 2422 1658 2494 αὕτη
1690 2426 1723 2496 ή
1757 2424 1904 2494 αἵρε-

316 2541 402 2588 σις
429 2518 699 2578 ἀθετοῦσα
733 2518 828 2590 μὲν
859 2517 1068 2590 νεκρῶν
1099 2515 1416 2580 ἀνάστασιν,
1452 2515 1816 2587 ἀπωθουμένη
1847 2515 1904 2569 δὲ

315 2609 778 2681 εἱδωλολατρείαν,
840 2609 898 2661 ὲν
949 2607 1086 2678 αὐτῇ
1141 2606 1199 2660 δὲ
1261 2605 1724 2677 εἰδωλολατροῦσα
1784 2607 1904 2661 κατ’

315 2707 562 2774 ἄγνοιαν,
593 2703 680 2757 διὰ
705 2701 767 2755 τὸ
805 2699 1222 2771 ἀποκεκρύφθαι
1253 2699 1320 2752 τὰ
1346 2699 1539 2753 εἴδωλα
1576 2699 1683 2752 τῶν
1714 2698 1907 2752 τεσσά-

311 2817 432 2870 ρων
459 2796 628 2850 ἐθνῶν
663 2797 721 2850 ἐν
751 2793 828 2864 τῷ
851 2793 966 2864 ὄρει
998 2791 1077 2863 τῷ
1115 2791 1265 2864 παρά
1297 2795 1406 2856 τοῖς
1463 2794 1476 2824 ¹
1514 2792 1762 2864 Γαριζεὶν
1795 2790 1904 2862 (68)

320 2887 880 2960 σεσυκοφαντημένως
924 2883 1260 2954 καλουμένῳ.
1299 2881 1388 2952 Τῷ
1443 2883 1552 2954 γὰρ
1604 2883 1908 2954 βουλομένῳ

318 2980 562 3054 ἀκριϐῶς
597 2979 726 3052 περὶ
755 2977 850 3032 τοῦ
880 2976 1039 3056 ὅρους
1064 2975 1316 3046 Γαριζεὶν
1350 2976 1676 3046 ἐρευνᾶσθαι
1711 2976 1906 3040 ἰστέον,

314 3078 400 3130 ὅτι
431 3074 565 3146 πρὸς
603 3075 668 3145 τῇ
716 3070 924 3144 Ἰεριχῷ
967 3073 1171 3124 κεῖνται
1211 3068 1278 3122 τὰ
1323 3069 1416 3121 δύο
1448 3068 1572 3140 ὅρη,
1612 3069 1671 3122 τό
1717 3085 1775 3120 τε
1813 3068 1907 3121 τοῦ

319 3167 596 3239 Γαριζεὶν,
642 3160 737 3217 καὶ
778 3163 841 3216 τὸ
892 3159 986 3215 τοῦ
1019 3159 1215 3222 Γεϐὰλ,
1276 3160 1449 3232 πέραν
1481 3159 1600 3212 -τοῦ
1645 3159 1908 3230 Ἰορδάνου
1937 3141 1980 3196 C

319 3259 460 3332 πρὸς
491 3259 557 3328 τῇ
598 3255 829 3325 ἀνατολῇ
862 3254 962 3324 τῆς
1003 3253 1231 3326 Ἱεριχῶ,
1287 3253 1361 3316 ῶς
1405 3251 1518 3323 ἔχει
1549 3251 1610 3305 τὸ
1649 3247 1910 3324 Δευτερό-

318 3351 529 3423 νόμιον,
579 3349 674 3402 καὶ
715 3345 890 3418 Ἰησοῦ
935 3345 1027 3399 τοῦ
1073 3346 1225 3416 Ναυῆ
1276 3347 1309 3416 ή
1365 3343 1566 3415 βίϐλος.
1616 3343 1912 3398 Εἰδωλολα-

318 3441 539 3514 τροῦσιν
566 3435 658 3494 οῦν
687 3436 1032 3508 ἀγνοοῦντες,
1055 3438 1120 3490 ὲκ
1147 3436 1238 3490 τοῦ
1261 3437 1596 3507 πανταχόθεν
1623 3436 1912 3508 προσέχειν

321 3536 460 3608 πρὸς
487 3535 547 3586 τὸ
575 3533 698 3604 ὅρος
727 3532 785 3584 ἐν
814 3529 892 3601 τῷ
921 3531 1116 3594 αὐτοὺς
1149 3529 1426 3600 εῦχεσθαι,
1451 3529 1612 3602 δῆθεν
1643 3531 1724 3584 ὃτι
1755 3532 1912 3601 ἡγία-

321 3647 467 3682 σται.
506 3626 788 3680 Ἀδύνατον
817 3623 926 3695 γὰρ
959 3623 1056 3694 τὴν
1085 3623 1306 3696 Γραφὴν
1338 3623 1643 3694 ψεύσασθαι
1670 3624 1914 3694 φάσκου-

325 3735 452 3773 σαν*
488 3719 778 3787 Ἔμειναν
809 3715 1124 3780 ποιοῦντες
1170 3714 1277 3767 τὸν
1324 3715 1535 3784 νόμον,
1573 3716 1669 3770 καὶ
1721 3733 1911 3785 προσ-

321 3810 653 3876 κυνοῦντες
703 3809 776 3863 τὰ
825 3805 1023 3862 αὐτῶν
1063 3805 1282 3860 εἴδωλα
1334 3807 1445 3872 ἕως
1492 3807 1602 3878 τῆς
1646 3809 1914 3879 σήμερον

319 3904 570 3974 a'utépac,
619 3901 696 3966 ὡς
741 3899 1042 3971 ἐμφέρεται
1088 3901 1146 3952 ὲν
1196 3901 1261 3971 τῇ
1305 3901 1540 3974 τετάρτῃ
1592 3901 1699 3956 τῶν
1749 3904 1912 3958 Βασι-

319 3998 380 4051 λε
386 3997 482 4050 ιῶν
491 4039 500 4052 .

393 4089 470 4141 Γν.
515 4087 856 4158 Ἔλεγχον-ται
891 4084 945 4136 δὲ
973 4085 1128 4137 αὐτοὶ
1163 4085 1505 4156 πανταχόθεν
1540 4086 1670 4157 περὶ
1703 4086 1916 4154 νεκρῶν

323 4180 706 4244 ἀναστάσεως,
734 4176 951 4248 πρῶτον
997 4175 1107 4230 ἀπὸ
1144 4175 1236 4228 τοῦ
1283 4176 1478 4239 Ἀδελ,
1535 4176 1618 4228 ὅτι
1670 4175 1808 4245 μετά
1855 4175 1915 4228 τὸ

321 4271 616 4328 ἀποθανεῖν
647 4270 705 4324 τὸ
726 4263 865 4340 αἷμα
885 4268 1337 4339 προσδιαλέγεται
1354 4268 1437 4338 τῷ
1465 4267 1728 4341 Δεσπότῃ.
1766 4264 1914 4338 Αἷμα

319 4365 380 4418 δὲ
413 4364 475 4418 οὐ
523 4363 669 4434 ψυχὴ
709 4360 991 4432 τυγχάνει,
1031 4361 1149 4414 ἀλλ’
1185 4363 1241 4413 ἐν
1295 4360 1488 4432 αἵματι
1518 4363 1550 4431 ἡ
1584 4361 1753 4432 ψυχή.
1804 4362 1911 4413 Καὶ

321 4459 428 4512 οὐκ
457 4452 638 4509 sim-2w
687 4455 749 4510 Ἠ
792 4455 965 4524 ψυχὴ
1018 4453 1143 4522 ,ϐοᾷ
1180 4456 1330 4522 πρὸς
1366 4453 1476 4524 μέ·
1533 4454 1779 4518 δεικνὺς,
1832 4454 1914 4507 ὅτι

323 4552 475 4606 ἐστὶν
516 4549 668 4612 ὲλπὶς
712 4549 1064 4614 ἀναστάσεως
1111 4549 1220 4602 τῶν
1267 4547 1556 4618 σωμάτων.
1619 4547 1782 4601 Ἀλλὰ
1825 4551 1916 4602 καὶ

338 4643 511 4713 Ἑνὼχ
543 4641 802 4714 μετετέθη
831 4642 924 4695 τοῦ
959 4642 1032 4712 μὴ
1065 4641 1192 4696 ἰδεῖν
1223 4640 1474 4705 θάνατον,
1510 4642 1603 4694 καὶ
1631 4641 1730 4711 οὐχ
1755 4641 1916 4712 ηὑρί-

326 4754 510 4792 σκετο.
557 4734 718 4789 Ἀλλὰ
744 4734 836 4788 καὶ
869 4734 1056 4806 Σάρρα
1107 4733 1245 4804 μετά
1279 4733 1339 4786 τὸ
1373 4732 1713 4804 νεκρωθῆναι
1747 4733 1918 4803 αὐτῆς

402 4897 420 4928 ³
446 4895 606 4952 Forte
651 4894 881 4958 τούτοις.
959 4895 978 4925 ³
1008 4892 1164 4948 Deut.
1208 4907 1285 4959 ιι,
1315 4893 1404 4946 29.

329 5054 438 5109 hoc
474 5053 828 5134 Eusebiusin
859 5052 1139 5134 Clu-anigis
1162 5051 1418 5134 scripsit;
1464 5066 1494 5104 a
1529 5067 1638 5134 quo
1674 5059 1907 5134 mutua-

330 5134 424 5196 tus
467 5135 550 5179 est
600 5124 976 5196 Epiphanius;
1007 5124 1074 5196 ‘si
1115 5121 1476 5196 hacc’tamen
1529 5121 1772 5196 Eusebii,
1801 5137 1914 5196 non

330 5193 663 5268 Hieronymi
680 5193 832 5268 sunt.
861 5197 954 5268 qui
1005 5194 1060 5247 in
1114 5193 1424 5268 istiusmodi
1467 5193 1682 5268 origine
1711 5194 1915 5262 saepius

331 5268 485 5322 lusit.
513 5263 654 5339 linic
679 5263 1154 5339 Epiphaniusnon
1189 5264 1344 5339 bella:
1372 5263 1613 5339 nominis
1643 5263 1916 5339 interpre-

330 5337 548 5400 tationi,
583 5331 910 5394 deteriorem
961 5335 1161 5403 adjecit
1215 5331 1802 5403 alteram,_Smuaritas
1845 5334 1915 5388 ob

329 5409 384 5464 id
421 5408 720 5477 appellatos
750 5425 874 5464 esse.
911 5400 1057 5478 quod
1085 5407 1256 5478 legem
1284 5400 1651 5478 euspdigmt.

404 5469 518 5550 (6'8)
574 5480 671 5550 Ἐν
693 5478 774 5544 τῷ
797 5480 915 5548 ὄρει
931 5469 1015 5543 τῷ
1037 5469 1204 5550 παίει
1219 5474 1343 5550 τοῖς
1359 5469 1650 5550 Γαρίζειν.
1694 5471 1768 5550 De
1789 5473 1918 5550 dno-

331 5543 452 5604 ruin
487 5543 758 5602 montium
793 5543 1045 5607 istorum.
1081 5543 1327 5605 Garizin,
1359 5555 1412 5599 et
1444 5544 1634 5598 llebal.
1665 5545 1779 5597 sire
1808 5543 1915 5598 Ge-

331 5620 439 5680 bal,
471 5623 602 5681 situ,
641 5620 784 5674 idem
834 5620 1000 5676 sentit
1031 5616 1562 5686 Epiphanius,quod
1615 5614 1911 5686 Eusebius,

331 5691 380 5745 si
417 5691 464 5746 is
495 5699 694 5745 auctor
741 5699 824 5745 est
870 5691 993 5745 libri
1029 5683 1108 5741 De
1135 5683 1278 5742 locis
1312 5683 1471 5741 Hebr.
1509 5700 1671 5754 quem
1717 5683 1912 5738 Latine

333 5762 492 5818 vertit
528 5760 755 5827 Hieron.
797 5761 870 5818 lbi
905 5761 1048 5816 enim
1096 5761 1161 5813 ad
1207 5757 1614 5812 llicrirhuntem
1651 5757 1906 5823 collocat,

949 273 960 286 '
999 291 1370 351 aovensus
1409 293 1755 350 massas
1795 293 1910 349 Lm

2055 294 2219 350 TUM.
2267 295 2305 350 1,
2349 327 2418 336 -——
2459 293 2736 352 HJiRES.
2779 295 2869 354 IX.

366 419 440 472 B'.
499 401 863 488 Διαφέρονται
919 413 976 467 δὲ
1026 407 1168 467 οὗτοι
1219 412 1494 475 Ἰουδαίοις
1549 411 1688 465 κατά
1732 411 1891 465 τοῦτο
1927 417 1964 472 Α

1485 4893 1505 4923 ³
1535 4889 1702 4947 Josne
1725 4907 1844 4956 vm,
1870 4886 1959 4948 35.
2000 4927 2012 4941 .
2037 4893 2057 4922 ⁸
2084 4891 2148 4945 ιν
2176 4891 2310 4962 Reg.
2341 4907 2474 4955 xvn,
2509 4891 2599 4960 '55,
2643 4891 2732 4948 54.

3479 297 3588 354 ‘226

2069 409 2131 463 ll.
2168 410 2342 465 Porro
2374 426 2402 464 a
2431 409 2637 466 Judaais
2669 425 2734 465 ea
2769 425 2826 464 re
2857 409 3092 479 primum
3131 408 3412 471 differunt,
3439 413 3588 480 quod

1995 501 2064 557 iis
2095 503 2488 574 prophetarum
2513 504 2720 572 scripta
2771 501 3077 558 secundum
3141 501 3327 557 Mosen
3362 505 3588 560 minime

1995 603 2125 648 sunt
2157 597 2356 650 tradita
2385 613 2397 652 :
2426 595 2522 651 sed
2549 595 2796 666 quinque
2828 595 3096 649 duntaxat
3133 595 3434 660 volumina,
3463 613 3590 666 qua:

1995 704 2092 758 per
2123 687 2307 743 Mosen
2343 689 2720 743 lsraelitarum
2750 688 2936 758 generi
3002 688 3130 742 data
3160 696 3311 751 sunt,
3343 704 3468 741 cum
3521 705 3588 742 ex

1997 778 2236 850 Egyplo
2266 779 2658 834 decessissent.
2694 777 2836 834 Sunt
2869 779 2984 833 hrec
3025 779 3280 843 Genesis,
3342 779 3586 843 Exodus,

1999 872 2301 936 Leviticus,
2330 869 2558 925 Numeri
2613 881 2668 926 et
2733 869 3246 926 Denteronomium.
3303 870 3407 936 Qui
3463 871 3590 924 libri

1998 962 2140 1030 apud
2174 959 2432 1015 Hebraeos
2467 962 2541 1013 ita
2573 968 2842 1015 vocantur
2877 975 2892 1012 :
2926 959 3172 1015 Beresith
3233 960 3588 1024 Ellcsemoth,

2000 1052 2244 1116 Vaiicra,
2310 1051 2640 1116 \‘aidabber,
2694 1051 3192 1107 Ellehaddebarini.
3229 1049 3443 1118 Quibus
3474 1051 3592 1106 inv

2001 1145 2157 1200 libris
2181 1145 2430 1216 qumdam
2481 1156 2825 1199 mortuorum
2886 1147 3315 1200 resurrectionis
3354 1143 3586 1214 vestigia

2001 1250 2130 1294 sunt
2162 1253 2428 1309 aspersa;
2463 1239 2538 1292 ita
2565 1247 2750 1293 tamen
2794 1246 2854 1292 ut
2891 1255 3240 1309 nequaquam
3297 1238 3592 1308 perspicue

2001 1331 2352 1401 prardicetur.
2381 1332 2463 1386 Ad
2497 1333 2612 1388 haec
2636 1332 2704 1388 de
2729 1334 2892 1388 unico
2926 1335 3019 1390 Dei
3053 1333 3192 1389 Filio
3212 1335 3412 1405 injecta
3442 1347 3592 1386 men-

2003 1425 2080 1478 tio
2109 1432 2216 1489 est,
2248 1425 2490 1495 itemque
2525 1424 2768 1496 Spiritus
2824 1425 3026 1493 sancti,
3079 1441 3145 1482 ac
3195 1426 3262 1481 de
3317 1425 3591 1482 idolorum

2002 1515 2382 1572 damnatione.
2410 1516 2656 1574 Tametsi
2707 1517 2918 1572 clarius
2949 1519 3003 1572 in
3039 1517 3128 1573 his
3161 1517 3254 1574 Dei
3293 1519 3594 1589 singulari-

2005 1615 2091 1664 tas
2135 1609 2428 1672 astruitur,
2495 1611 2548 1664 in
2595 1625 2708 1681 qua
2741 1619 2927 1664 tamen
2970 1611 3338 1680 spiritualiter
3376 1625 3596 1680 quoque

2005 1696 2252 1753 Trinitas
2275 1698 2677 1769 comprehensa
2709 1698 2802 1754 sit.
2835 1699 2906 1752 At
2951 1698 3030 1752 illi
3083 1706 3309 1770 accepta
3340 1699 3459 1769 lege
3492 1699 3596 1753 hoc

2009 1804 2178 1842 unum
2211 1788 2566 1856 studuerunt,
2600 1799 2662 1844 ut
2689 1788 2963 1844 idolorum
3009 1790 3295 1860 repudiata
3327 1792 3598 1860 supersti-

2007 1880 2158 1936 tione
2185 1897 2357 1936 unum
2396 1880 2566 1938 Deum
2598 1889 2966 1952 agnoscerent
3000 1897 3012 1934 :
3049 1897 3229 1952 neque
3281 1882 3598 1936 accuratius

2009 1973 2310 2043 quidquam
2345 1971 2452 2043 25
2480 1973 2776 2044 exquirere
2831 1973 3146 2028 voluerunt.
3182 1971 3348 2028 [idem
3384 1988 3512 2026 vero
3543 1973 3598 2026 in

2009 2079 2254 2120 errorem
2284 2065 2550 2136 prolapsi,
2575 2080 2754 2134 neque
2775 2080 2969 2132 omnes
2997 2065 3122 2120 ﬁdei
3155 2073 3356 2120 nostra:
3387 2073 3595 2134 partes,

2010 2163 2106 2212 aut
2140 2157 2415 2228 integram
2448 2157 2617 2213 vitam
2661 2165 2856 2214 exacte
2901 2157 3196 2227 complexi,
3250 2165 3600 2212 mortuorum

2011 2249 2475 2305 resurrectionem
2533 2251 2825 2320 ignorant,
2866 2263 2970 2305 nec
3034 2248 3150 2304 ﬁeri
3185 2264 3348 2320 posse
3381 2255 3598 2314 putant.

2013 2339 2219 2397 Deinde
2251 2339 2519 2412 Spiritum
2569 2350 2825 2398 sanctum
2856 2342 3137 2411 rejiciunt,
3185 2357 3350 2411 quem
3412 2341 3601 2410 utique

2011 2435 2289 2491 nesciunt.
2329 2433 2436 2490 Sed
2473 2435 2611 2490 illud
2657 2435 2790 2490 huic
2825 2435 3021 2490 lintresi
3048 2435 3304 2505 contigit,
3358 2442 3417 2488 ut
3469 2433 3602 2487 dum

2013 2534 2360 2582 mortuorum
2381 2529 2847 2584 resurrectionem
2878 2527 3172 2598 improbat,
3206 2527 3602 2582 idololatriam-

2014 2635 2123 2690 que
2147 2620 2380 2690 respuit,
2412 2619 2466 2674 in
2499 2635 2619 2676 eam
2650 2619 2970 2686 imprudens
3005 2620 3266 2675 inciderit
3293 2639 3306 2674 :
3341 2619 3487 2690 quod
3512 2633 3603 2672 na-

2015 2711 2230 2767 tionum
2257 2721 2500 2780 quatuor
2531 2712 2828 2766 simulacra
2855 2713 2910 2766 in
2936 2722 3120 2768 monte
3147 2713 3384 2782 quodam
3411 2711 3605 2768 occul-

2015 2809 2129 2856 tata
2146 2814 2298 2864 sunt,
2325 2803 2419 2872 qui
2443 2803 2511 2856 ab
2528 2801 2638 2857 illis
2663 2801 2890 2858 Garizin
2915 2802 3298 2858 fraudulenter
3321 2804 3604 2874 cognomi-

2017 2905 2182 2950 natus
2221 2906 2325 2950 est.
2360 2893 2494 2949 Nam
2539 2896 2584 2951 si
2614 2897 2740 2966 quis
2763 2896 2831 2952 de
2863 2905 3050 2952 monte
3080 2895 3304 2951 Garizin
3331 2893 3604 2968 eitploratl

2019 2985 2223 3054 aliquid
2253 2985 2455 3038 habere
2487 2987 2639 3052 velit,
2678 2987 2968 3042 sciendum
2997 2997 3083 3043 est
3127 2989 3192 3042 ad
3225 2987 3605 3043 Jerichuntem

2021 3077 2161 3132 duos
2203 3093 2326 3132 esse
2369 3085 2584 3132 montes
2605 3117 2621 3142 ,
2660 3078 2883 3132 Garizin
2917 3094 2981 3134 ac
3013 3079 3214 3145 Gebal,
3245 3081 3385 3134 ultra
3410 3079 3606 3135 Jorda-

2013 3183 2159 3233 nem,
2193 3168 2286 3238 qui
2323 3165 2704 3225 Jerichuntcm
2753 3170 2822 3224 ab
2854 3171 3070 3225 oriente
3104 3171 3430 3241 respiciunt,
3466 3181 3521 3225 ut
3553 3171 3604 3225 in

2014 3257 2442 3314 Deuterononzio
2477 3261 2497 3291 '
2559 3270 2613 3316 et
2646 3261 2786 3318 libro
2816 3261 3128 3324 Jcsu_Nave
3155 3263 3422 3332 scriptum
3449 3271 3534 3317 est
3555 3263 3604 3317 ³.

2014 3352 2397 3423 Imprudentes
2433 3370 2566 3424 ergo
2597 3355 2895 3410 simulacra
2919 3364 3278 3422 venerantur,
3307 3371 3432 3411 cum
3463 3355 3606 3409 inter

2013 3445 2281 3500 orandum
2336 3447 2579 3518 undique
2641 3463 2700 3502 se
2751 3447 2822 3502 ad
2851 3455 3094 3502 montem
3153 3449 3305 3504 velut
3353 3458 3606 3502 sanctum

2012 3537 2332 3590 obvertunt.
2394 3535 2534 3592 Fieri
2585 3539 2729 3591 enim
2774 3555 2884 3594 non
2940 3549 3144 3609 potest,
3196 3547 3256 3593 ut
3317 3538 3606 3609 Scriptura

2016 3629 2251 3684 mendax
2289 3631 2383 3690 sit.
2411 3646 2533 3700 qua:
2563 3630 2696 3684 dicit
2723 3646 2734 3681 :
2769 3630 3088 3686 Mans-erunt
3121 3632 3284 3702 legem
3317 3643 3607 3694 servantes,

2012 3732 2063 3778 et
2125 3722 2413 3777 adorantes
2465 3723 2758 3776 simulacra
2825 3741 2968 3789 sua,
3032 3741 3195 3797 usque
3255 3725 3324 3779 ad
3378 3743 3606 3796 prwsen-

2017 3825 2120 3870 tam
2171 3815 2347 3881 diem,
2401 3826 2460 3870 ut
2519 3817 2571 3871 in
2620 3816 2684 3872 ιν
2743 3814 3052 3878 Remorum
3129 3819 3271 3874 libro
3329 3820 3608 3890 proditum

2023 3917 2108 3965 est
2143 3912 2182 3963 ⁵.

2088 4086 2174 4142 lll.
2207 4087 2365 4154 Quod
2397 4105 2526 4145 vero
2556 4097 2623 4145 ad
2654 4099 2997 4144 mortuorum
3025 4092 3488 4146 resurrectionem
3518 4099 3609 4146 at-

2017 4179 2176 4245 tinet,
2213 4183 2448 4248 primum
2478 4196 2669 4235 eorum
2721 4197 2882 4235 error
2931 4197 2995 4236 ex
3023 4183 3213 4238 Abelis
3261 4184 3488 4239 historia
3523 4199 3610 4240 re-

2019 4270 2256 4338 fellitur;
2288 4271 2450 4341 cujus
2481 4273 2708 4341 sanguis
2736 4273 2818 4328 vel
2872 4283 2992 4343 post
3027 4275 3238 4329 obitum
3272 4291 3396 4330 cum
3430 4274 3609 4330 Domi-

2019 4379 2089 4416 no
2121 4363 2430 4419 collocutus
2462 4375 2546 4419 est
2583 4365 2626 4417 ⁵.
2656 4363 2823 4434 Atqui
2857 4367 3084 4436 sanguis
3135 4367 3316 4421 anima
3345 4383 3454 4422 non
3501 4376 3610 4436 est,

2021 4455 2116 4512 sed
2145 4458 2290 4511 inest
2323 4471 2384 4511 ea
2422 4456 2476 4510 in
2533 4457 2819 4527 sanguine.
2856 4457 3044 4530 Neque
3077 4475 3210 4514 vero
3259 4459 3398 4514 dixit
3427 4474 3440 4511 :
3474 4461 3611 4514 Ani-

2028 4567 2115 4604 ma
2144 4549 2290 4603 illius
2327 4549 2527 4603 clamat
2574 4547 2645 4603 ad
2671 4566 2752 4604 me
2799 4567 2819 4606 :
2854 4557 2914 4606 ut
2945 4560 3098 4621 spem
3148 4567 3274 4608 esse
3317 4567 3610 4623 corporum

2025 4624 2453 4697 resurrectibnis
2503 4641 2844 4698 ostenderet.
2887 4642 3045 4699 Adde
3080 4643 3232 4714 quod
3292 4643 3484 4700 Enoch
3543 4658 3613 4700 ne

2027 4742 2261 4790 mortem
2302 4734 2480 4789 obiret
2515 4734 2822 4790 translatus
2853 4742 2961 4802 est,
3005 4751 3112 4791 nec
3141 4746 3332 4807 postea
3362 4745 3612 4808 repertus

2815 4893 2836 4924 ⁵
2873 4893 3012 4950 Gen.
3048 4909 3122 4962 iv,
3155 4894 3223 4949 lO

2016 5059 2071 5124 et
2102 5051 2483 5107 Samaritanos
2515 5053 2787 5108 mendacii
2817 5053 3037 5124 arguit;
3067 5054 3160 5124 qui
3190 5052 3413 5124 eosdem
3445 5068 3616 5122 prope

2019 5121 2264 5187 Sichem,
2297 5125 2413 5180 sive
2438 5124 2746 5179 Samariam
2777 5121 3213 5180 constituebant.
3242 5123 3311 5176 At
3336 5121 3614 5192 Josephus

2018 5194 2113 5249 lib.
2148 5209 2221 5255 ιν,
2251 5209 2303 5249 c.
2331 5195 2386 5257 8,
2421 5195 2899 5250 Samaritanorum
2943 5194 3192 5264 opinioni
3223 5193 3558 5262 sum-agatur
3595 5213 3610 5250 :

2019 5279 2233 5318 necnon
2265 5275 2319 5318 et
2353 5266 2446 5321 lib.
2481 5279 2559 5331 XI,
2585 5281 2707 5335 cap.
2741 5266 2918 5335 8._ubi
2948 5266 3014 5319 de
3043 5264 3266 5334 templo.
3287 5264 3448 5335 iquod
3483 5265 3610 5319 Ale-

2019 5335 2216 5388 xandri
2253 5335 2430 5404 Magni
2465 5333 2712 5404 tempore
2739 5355 2766 5389 ιι
2798 5333 3238 5390 Samaritanisin
3265 5333 3487 5388 Garizin
3515 5352 3614 5390 ex-

2021 5414 2292 5476 structum
2335 5417 2438 5472 est,
2465 5406 2750 5460 historiam
2786 5407 3024 5476 explicat
3053 5421 3254 5476 :_quam
3278 5413 3333 5459 tu
3362 5410 3609 5476 consule.

2027 5475 2133 5530 Sed
2181 5479 2424 5530 omnium
2480 5474 2896 5531 accuratissime
2949 5475 3017 5530 de
3047 5474 3266 5530 Gaz-izin
3300 5486 3352 5532 et
3387 5475 3611 5532 llcbalis

2023 5548 2132 5600 situ
2168 5548 2390 5602 disserit
2421 5547 2834 5618 eruditissimus
2873 5545 3078 5618 Masius
3117 5548 3181 5600 ad
3218 5564 3338 5618 cap.
3375 5563 3469 5602 vm
3515 5546 3611 5600 Jo-

2021 5633 2142 5680 sue,
2169 5627 2221 5673 et
2271 5619 2536 5671 adversus
2572 5616 2930 5688 Mercatorem
2981 5617 3242 5671 Samarize
3269 5616 3608 5688 prOpinquus

2022 5690 2156 5744 islt‘s
2191 5704 2313 5744 esse
2344 5689 2510 5741 colles
2542 5687 2790 5757 pluribus
2821 5689 3160 5758 argumentis
3191 5687 3443 5743 ailirniat.
