4022 6430
479 310 588 368 227

1907 300 1965 357 S.
2007 297 2073 358 EI

2178 300 2352 361 llANll
3386 356 3403 363 ,
3666 312 3760 387 ιιι

478 434 566 482 est
610 425 648 478 ι.
685 421 827 491 Quid
884 419 1032 492 qttod
1093 426 1145 474 et
1206 418 1371 473 Sarra
1420 417 1657 489 idipsum
1707 415 2068 485 demonstrat,

2178 422 2277 494 τὴν
2307 423 2541 496 μήτραν,
2572 423 2664 478 καὶ
2690 418 2787 495 τὴν
2816 422 2859 456 ¹⁰
2894 423 2996 494 γῆν
3020 425 3141 477 κατ’
3164 424 3389 497 ἐθισμὸν
3422 425 3752 501 ξηρανθῐγιαι,

479 517 614 572 dum
641 515 802 570 ell'eto
846 513 962 584 jam
1013 520 1192 575 utero,
1246 510 1670 582 suppressisque
1695 509 1997 564 menstruis
2027 513 2072 574 ',

479 609 776 683 genitalem
829 607 936 662 vim
966 606 1150 661 denuo
1181 603 1250 659 ad
1294 601 1786 674 prosemiuandum
1846 603 2073 673 accipit,

481 717 547 757 ac
581 700 737 757 senio
790 696 1041 753 confecta
1086 695 1258 750 lilium
1317 693 1684 749 nihilominus
1718 707 1787 747 ex
1834 692 2076 763 promis-'-

481 795 640 851 sione
676 791 915 864 parturit
948 791 991 855 ³,
1050 789 1123 845 ob
1170 801 1323 859 spem
1358 793 1607 841 ventum
1653 784 1949 855 aliquando
1988 797 2077 838 re-

479 881 1052 948 surrectionistouin
1087 881 1253 935 etiam
1287 877 1462 933 Jacob
1490 878 1620 932 dum
1652 877 1720 932 de
1754 877 1871 933 suis
1924 875 2062 931 ossi-

482 978 584 1032 bus
629 983 715 1032 est
765 973 1040 1030 sollicitus
1083 971 1143 1036 δ,
1202 986 1313 1026 non
1348 969 1539 1040 utique
1585 967 1652 1023 de
1691 967 1778 1024 his
1811 975 2074 1036 tanquam

481 1068 741 1141 perituris
771 1064 1030 1121 mandata
1062 1065 1181 1120 suis
1215 1062 1463 1133 reliquit.
1503 1060 1660 1129 Quod
1699 1061 1878 1131 ipsum
1906 1058 2073 1115 .lose-

479 1164 623 1235 phus
668 1167 859 1231 postea
907 1157 1236 1229 praecipiens
1282 1155 1326 1221 ⁸,
1377 1154 1805 1211 resurrectionis
1836 1152 2074 1223 speciem

479 1253 850 1311 adunthravit.
893 1250 1047 1305 Adde
1084 1247 1414 1303 Aaronicam
1448 1246 1684 1316 virgam,
1743 1257 1864 1313 qua!
1893 1240 2075 1297 arefa-

480 1358 568 1403 cta
598 1345 952 1421 germinavit,
1011 1342 1336 1411 fructusque
1370 1337 1599 1409 protulit
1626 1337 1647 1368 ⁵
1670 1374 1686 1398 ,
1738 1342 1798 1389 ιιι
1823 1341 2074 1389 emortua

481 1441 764 1495 hominum
795 1452 1028 1507 corpora
1053 1433 1119 1507 ad
1147 1434 1270 1487 vita:
1299 1446 1451 1502 spem
1475 1428 1768 1484 excitanda
1793 1436 2075 1482 monstra-

481 1539 601 1597 ret;
635 1529 691 1583 id
719 1530 866 1583 enim
900 1527 967 1582 ad
1010 1522 1368 1581 astruendam
1401 1520 1871 1577 resurrectionem
1903 1519 2074 1589 perti-i

481 1624 623 1678 nuit.
658 1621 766 1676 Sed
792 1629 846 1676 et
870 1619 1039 1676 Musis
1070 1618 1224 1688 virga
1248 1616 1430 1687 lignea
1486 1615 1727 1668 animata
1763 1612 1857 1668 Dei
1884 1611 2072 1682 jussu,

481 1725 535 1771 et
566 1716 618 1769 in
652 1730 885 1785 anguem
935 1724 1205 1767 conversa
1240 1710 1260 1742 '
1303 1706 1767 1764 resurrectionem
1796 1705 2076 1775 signiﬁca-

2178 503 2334 571 αὖθις
2379 509 2903 583 ἁναζωογονουμένη
2949 513 3029 576 εἰς
3070 513 3380 583 καταϐολὴν
3428 516 3756 587 σπέρματος,

2178 600 2273 653 καὶ
2311 602 2343 671 ἡ
2379 602 2680 672 πρεσϐῦτις
2709 605 3014 659 κυῖσκουσα
3046 606 3239 659 τέκνον
3281 607 3405 661 κατ’
3446 608 3759 677 ἐπαγγελίαν

2176 690 2266 745 διὰ
2300 694 2401 762 τὴν
2432 693 2624 749 ἐλπίδα
2651 695 2751 766 τῆς
2778 696 3152 762 ἀναστάσεως.
3184 699 3259 753 Οὐ
3295 698 3406 770 μὴν
3437 698 3493 753 δὲ
3519 700 3650 755 ἀλλὰ
3675 702 3762 757 καὶ

2190 784 2408 848 ’1ακὼ6,
2439 786 2839 859 ἐπιμελόμενος
2868 787 2981 841 τῶν
3019 789 3167 843 ἰδίων
3200 789 3426 851 ὀστέων.
3461 790 3539 855 ὡς
3565 792 3625 845 οὐ
3649 795 3763 865 περὶ

2178 876 2569 949 ἀπολλυμένων
2621 879 2953 937 ἐνετέλλετο.
3007 881 3083 935 Οὐ
3134 880 3295 952 μόνον
3340 881 3400 935 δὲ
3421 922 3437 946 ,
3497 880 3631 938 ἀλλὰ
3680 885 3764 939 καὶ.

2190 962 2388 1041 Ἰωσὴφ
2430 972 2497 1041 τῇ
2544 972 2681 1043 αὐτῇ
2718 971 3013 1044 ἀκολουθία
3052 972 3467 1045 ἐντελλόμενος,
3505 975 3605 1046 τῆς
3643 976 3763 1031 ἀνα-

2180 1060 2421 1125 στάσεως
2451 1063 2719 1131 ὑπὲφαινε
2764 1064 2827 1117 τὸ
2860 1060 3021 1130 εἶδος.
3069 1066 3147 1119 Οὐ
3188 1065 3295 1138 μὴν
3326 1066 3385 1121 δέ
3446 1066 3582 1122 ἀλλὰ
3610 1069 3700 1123 καὶ
3730 1070 3761 1142 η

2179 1151 2377 1223 ῥάόδος
2409 1151 2505 1206 τοῦ
2542 1150 2757 1226 ’Λαρὼν
2790 1155 2824 1227 ἡ
2866 1154 3224 1227 βλαστήσασα
3261 1155 3407 1229 ξηρὰ
3453 1152 3589 1211 οῦσα
3622 1154 3762 1223 αὖθις

2178 1244 2391 1315 καρπὸν
2415 1245 2647 1316 ἤνεγκεν
2683 1248 2765 1311 είς
2798 1247 2991 1302 ἐλπίδα
3025 1247 3195 1319 ζωῆς,
3230 1247 3300 1302 τὰ
3339 1248 3514 1321 νεκρὰ
3551 1247 3761 1321 σώματα

2178 1335 2336 1407 ἡμῶν
2382 1337 2791 1409 ἀναστήσεσθαι
2835 1338 3223 1409 σημαίνουσα,
3259 1341 3342 1403 είς
3389 1339 3681 1394 ἀνάστασιν
3711 1340 3761 1396 δέ

2178 1426 2437 1498 φέρουσα.
2470 1428 2581 1481 Καὶ
2625 1429 2658 1500 ἡ
2694 1429 2789 1483 τοῦ
2839 1428 3118 1493 Μωῦσέως
3166 1430 3225 1484 δὲ
3261 1429 3463 1501 ῥάϐδος
3504 1430 3696 1501 ὁμοίως
3732 1433 3762 1504 ἠ

2179 1515 2364 1590 ξυλίνη
2389 1519 2532 1574 κατὰ
2560 1519 2698 1574 Θεοῦ
2734 1519 2985 1594 βούλημα
3028 1521 3317 1593 ἐψυχοῦτο,
3349 1523 3446 1577 καὶ
3477 1523 3601 1593 δφις
3632 1539 3762 1592 γινοε

2181 1611 2319 1685 μένη
2354 1612 2654 1667 ἀνάστασιν
2688 1612 2908 1687 ἐδήλου.
2959 1614 3119 1670 Ἀλλὰ
3150 1616 3246 1669 καὶ
3265 1616 3512 1688 Μωῦσῆς
3544 1616 3763 1686 εὐλογῶν

2177 1706 2303 1769 τοὺς
2338 1707 2465 1778 περὶ
2497 1705 2749 1776 Ῥουσὶμ,
2784 1706 2963 1777 λέγει’
3014 1706 3184 1774 Ζήτω
3237 1709 3511 1780 Ῥουϐίμ,
3556 1709 3649 1764 καί
3685 1709 3761 1779 μὴ

482 1807 597 1863 hat.
623 1807 733 1878 26
758 1806 903 1861 Idem
935 1819 1101 1876 porro
1156 1801 1372 1873 Moyses
1403 1799 1690 1855 Ruhenitis
1734 1798 2066 1854 benedicens

2181 1795 2551 1861 ἀποθανέτω,
2583 1796 2676 1850 τὸν
2705 1796 2815 1851 ἀπὸ
2851 1798 3021 1852 πάλαι
3056 1798 3484 1870 τελευτήσαντα,
3517 1801 3602 1855 ἴνα
3633 1798 3763 1870 ζωὴν

482 1898 559 1952 ita
617 1898 911 1968 loquitur:
973 1895 1125 1950 Vivat
1181 1891 1363 1947 Ruben
1402 1932 1415 1957 ,
1467 1897 1520 1945 et
1576 1906 1680 1944 non
1738 1890 2004 1944 moriatur
2026 1889 2070 1944 ⁸.

482 1989 638 2054 Quod
677 1990 729 2043 ei
763 1997 1044 2059 precatur,
1099 1985 1193 2057 qui
1218 1983 1541 2055 jamdudum
1581 1999 1613 2037 e
1650 1982 1787 2037 vivis
1817 1997 2075 2037 ert-esse-

481 2088 567 2135 rat
592 2098 606 2146 ;
637 2096 746 2153 qtto
770 2080 936 2134 vitam
961 2079 1124 2133 aliam
1146 2092 1271 2133 esse
1304 2082 1430 2147 post
1451 2074 1664 2131 obitum
1692 2074 1940 2136 doceret,
1969 2086 2074 2129 nec

478 2187 590 2228 non
621 2182 675 2227 et
700 2171 997 2241 judicium,
1049 2171 1103 2224 in
1139 2185 1249 2239 quo
1298 2167 1553 2223 homines
1601 2165 1845 2221 secunda
1895 2173 2073 2221 morte

478 2262 834 2317 damnantur.
870 2263 1051 2331 Atque
1107 2259 1230 2315 ideo
1280 2257 1558 2330 duplicem
1615 2256 1693 2311 illi
1730 2256 2074 2312 benedictio-

480 2369 607 2410 nem
661 2353 927 2423 impertit.
975 2351 1149 2414 Vivat,
1189 2351 1390 2421 inquit,
1429 2350 1485 2404 in
1516 2349 1929 2405 resurrectione
1960 2348 2074 2404 sci-

480 2442 641 2508 licet;
696 2457 857 2512 neque
891 2442 1177 2503 moriatur,
1240 2441 1295 2495 in
1354 2440 1585 2510 judicio.
1634 2437 1850 2506 Quibus
1882 2439 2075 2523 verbis

480 2548 592 2588 non
630 2533 777 2587 illam
804 2543 1036 2587 mortem
1075 2531 1427 2604 signiﬁcavit,
1456 2545 1579 2601 quat
1608 2531 1663 2585 in
1696 2530 2007 2584 animorum
2039 2542 2071 2583 a

480 2640 717 2697 corpore
738 2627 1091 2696 separatione
1122 2625 1393 2686 cernitur,
1426 2621 1523 2678 sed
1552 2636 1671 2678 eam
1706 2622 1913 2692 potius,
1946 2630 2070 2692 qua!

479 2717 535 2772 in
573 2717 928 2772 damnatione
978 2716 1260 2772 consistit.
1321 2706 1505 2768 Pauca
1560 2713 1676 2768 haec
1708 2712 2068 2768 ad.everten—

478 2811 611 2866 dum
666 2810 888 2864 illorum
938 2823 1184 2865 errorem
1241 2806 1540 2864 sufﬁcient.
1582 2804 1797 2862 [labent
1845 2815 1898 2859 et
1932 2806 2072 2862 alios

478 2911 693 2958 veteres
721 2904 859 2957 ritus
903 2916 1028 2956 cum
1088 2909 1335 2956 extrema
1391 2899 1665 2955 dementia
1716 2899 2069 2968 conjunctos.

2178 1884 2326 1957 δείξῃ
2356 1882 2497 1941 εἶναι
2529 1886 2670 1959 μετὰ
2693 1886 2947 1955 θάνατον,
2976 1890 3161 1963 κρίσιν
3174 1890 3241 1944 δὲ
3265 1890 3527 1963 δευτέρου
3548 1891 3760 1947 θανάτου

2180 1980 2259 2042 είς
2289 1978 2616 2050 καταδίκην.
2657 1980 2749 2034 Διὸ
2783 1980 2877 2035 δύο
2911 1982 3165 2052 εὐλογίας
3198 1983 3351 2054 αὐτῷ
3389 1983 3683 2057 ἐπιτίθησι,
3709 1982 3763 2037 τὸ

2177 2067 2365 2137 Ζήτω.
2393 2069 2591 2139 λέγωνε
2625 2073 2683 2125 ἐν
2713 2073 2778 2145 τῇ
2816 2072 3138 2138 ἀναστάσει,
3175 2074 3275 2128 καὶ
3304 2074 3394 2144 μὴ
3430 2073 3760 2130 ἀποθανέτω

2176 2160 2248 2214 ἐν
2276 2160 2495 2229 κρίσει.
2526 2161 2588 2214 οὐ
2633 2160 2863 2216 θάνατον
2909 2162 3005 2216 τὸν
3039 2162 3129 2216 διὰ
3166 2162 3426 2234 σώματος
3459 2161 3761 2231 ἀπαλλαγῆς

2178 2250 2375 2321 λέγων,
2403 2251 2543 2306 ἀλλὰ
2583 2252 2675 2307 τὸν
2716 2252 2804 2306 διὰ
2844 2254 3167 2325 καταδίκης.
3223 2254 3478 2326 ’Δρκέσει
3523 2253 3651 2323 γοῦν
3700 2252 3759 2305 τὰ

2176 2344 2336 2415 ὀλίγα
2383 2345 2522 2417 πρὸς
2558 2346 2837 2401 ἀντίθεσιν
2883 2345 3092 2401 τούτων
3141 2346 3372 2418 Ἔχουσι
3408 2347 3467 2401 δὲ
3521 2348 3614 2401 καὶ
3641 2345 3761 2400 ἄλλα

2175 2438 2298 2493 τινὰ
2331 2438 2519 2502 ἀνοίας
2547 2438 2644 2511 ἔθη
2670 2439 2909 2494 παλαιάο
2941 2438 3088 2512 οὔρῳ
3114 2428 3467 2511 κλυζόμενοι,
3501 2440 3636 2493 ἐπὰν
3666 2434 3760 2492 ἀπὸ

2177 2528 2338 2602 ξένης
2369 2530 2589 2593 ἔλθωσι,
2617 2530 2985 2603 μεμιασμένοι
3005 2532 3196 2604 δῆθε-ι’
3225 2531 3387 2587 ὕδατι
3417 2532 3514 2585 σὺν
3545 2530 3760 2603 ἱματίοις

2178 2620 2592 2693 βαπτιζόμενοι,
2631 2624 2771 2678 ἐπὰν
2800 2624 3048 2696 ἅψωνται
3083 2626 3271 2696 ἐτέρου
3302 2623 3415 2679 τῶν
3457 2619 3755 2679 ἀλλοεθνῶνε

2177 2714 2437 2785 Μιασμὸν
2464 2714 2575 2786 γὰρ
2601 2715 2862 2786 ἡγοῦνται
2890 2717 2951 2771 τὸ
2980 2717 3128 2781 τινὸς
3154 2716 3425 2788 ἅψασθαι,
3453 2718 3571 2789 ἦτοι
3602 2713 3759 2781 θίγειν

2178 2806 2340 2861 ἄλλου
2385 2807 2532 2872 τινὸς
2570 2807 2865 2879 ἀνθρώπου
2909 2809 3008 2863 ἀπ’
3046 2808 3210 2863 ἄλλον
3264 2808 3557 2880 δόγματος.
3602 2800 3759 2874 Πολλὴ

2180 2901 2292 2973 γὰρ
2328 2901 2363 2973 ἡ
2396 2901 2603 2975 τούτων
2630 2902 3047 2975 φρενοϐλάϐεια.

479 2992 617 3047 Nam
650 2999 703 3048 et
730 2991 863 3046 lotio
917 2990 1171 3062 perfundi
1224 2990 1453 3054 solent.,
1504 2991 1724 3060 quoties
1765 3004 1997 3061 peregre
2062 2987 2287 3045 domum
2347 2991 2604 3059 redeunt,
2642 3001 2905 3065 tanquam
2967 2994 3149 3063 aliqua
3214 2994 3552 3065 contagione
3601 2988 3758 3061 polluo

479 3084 562 3150 ti;
595 3092 650 3138 et
686 3100 825 3155 aqua
852 3099 978 3139 sese
1005 3091 1298 3153 vestesque
1326 3096 1458 3138 suas
1482 3084 1736 3150 abluunt,
1771 3099 1898 3140 cum
1952 3084 2181 3141 alterius
2237 3089 2418 3158 gentis
2460 3090 2775 3162 quempiam
2813 3091 3115 3161 tetigerint.
3159 3090 3273 3146 Hae
3320 3093 3472 3147 enim
3528 3105 3586 3145 re
3637 3102 3758 3142 con-

479 3178 734 3234 taminari
761 3191 821 3232 se
855 3184 1068 3246 putant,
1119 3175 1166 3229 si
1201 3190 1533 3247 quemquam
1592 3176 1933 3244 mortalium,
1995 3186 2091 3232 ant
2119 3179 2351 3237 alterius
2402 3191 2570 3239 sectae
2631 3182 2911 3238 hominem
2959 3184 3257 3255 attingant.
3290 3182 3472 3238 Tanta
3523 3189 3605 3237 est
3654 3178 3759 3233 illae

479 3284 601 3325 ruzn
638 3266 914 3323 vecordia.

556 3360 646 3414 IV.
679 3359 798 3414 Jam
831 3357 1294 3429 quemadmodum
1327 3358 1490 3415 facile
1521 3357 1779 3428 redargui
1815 3358 2065 3428 ipsorum

2244 3354 2317 3413 A'.
2370 3354 2497 3424 Πῶς
2532 3359 2591 3413 δέ
2633 3359 3026 3429 εὕθυέλεγκτος
3067 3361 3102 3430 ἠ
3142 3358 3323 3414 αὐτῶν
3359 3360 3515 3415 ἄνοια
3547 3360 3754 3430 γίνεται,

476 3451 694 3510 insania
724 3450 923 3520 possit,
954 3448 1331 3504 animadverte
1360 3465 1589 3520 quaeso;
1634 3465 1737 3504 nec
1771 3449 1885 3503 ullo
1906 3464 2076 3519 negos

480 3544 567 3597 tio
590 3539 886 3612 percipies.
921 3537 1136 3592 Etenim
1156 3538 1371 3593 mortui
1395 3540 1631 3594 cadaver
1656 3539 2075 3605 abominantur,

479 3649 606 3689 cum
638 3633 751 3687 sint
783 3630 900 3686 suis
923 3628 1147 3700 ipsimet
1174 3627 1336 3686 factis
1362 3631 1589 3686 mortui.
1622 3631 1790 3702 Atqui
1834 3646 1942 3685 non
1967 3645 2078 3686 uno

479 3729 744 3789 alterove,
778 3725 875 3780 sed
908 3723 1139 3779 inﬁnitis
1171 3723 1513 3780 testimoniis
1546 3724 1919 3790 convincitur,
1958 3740 2072 3781 non

478 3834 603 3874 esse
632 3826 975 3871 mortuorum
1001 3828 1236 3886 corpora
1264 3814 1608 3871 detestanda.
1644 3814 1778 3870 Nam
1813 3816 1959 3886 quod
1989 3816 2076 3871 lex

478 3909 817 3964 contrarium
871 3907 1091 3962 videtur
1121 3919 1393 3971 asserere,
1444 3907 1594 3962 aliud
1646 3907 1908 3978 quiddam
1943 3909 2077 3963 aeni-

478 4003 663 4065 gmate
712 3995 1045 4051 adumbrare
1081 3996 1274 4051 voluit.
1320 3992 1440 4050 Non
1502 3996 1648 4050 enim
1707 3996 1967 4063 duorum,
2016 4005 2076 4052 ut

478 4087 616 4149 dixi,
674 4089 911 4143 triumve
958 4088 1010 4143 id
1038 4088 1356 4143 testimonia
1391 4089 1770 4159 comprobant,
1823 4090 1919 4145 sed
1948 4106 2077 4146 ses-

478 4188 638 4234 centa
675 4180 865 4251 viginti
894 4180 1005 4235 duo
1034 4180 1202 4234 millia
1242 4180 1526 4234 hominum
1564 4181 1617 4233 in
1662 4181 1904 4246 deserto,
1945 4182 2076 4235 toti-

478 4271 714 4340 demque
742 4271 870 4333 alia,
912 4279 1077 4341 atque
1103 4270 1170 4325 iis
1214 4270 1381 4325 etiam
1411 4271 1591 4339 plura.
1625 4271 1767 4338 Quin
1805 4281 1861 4327 et
1912 4273 2074 4343 longe

478 4362 734 4417 uberiora
765 4373 895 4418 sunt
930 4361 1231 4432 Scriptum
1282 4363 1426 4426 loca,
1488 4378 1611 4433 qua:
1641 4364 1708 4418 de
1755 4365 1962 4429 loculo,
2016 4365 2069 4419 in

475 4470 588 4525 quo
618 4451 842 4524 .loseplti
872 4468 1000 4509 ossa
1032 4453 1256 4508 condita
1283 4460 1436 4526 sunt,
1467 4455 1803 4510 mentionem
1835 4456 2068 4510 faciunt.

2181 3452 2476 3524 ἐπίστησον
2508 3453 2601 3506 τὸν
2639 3452 2789 3517 νοῦν,
2819 3447 2864 3507 ὢ
2896 3452 3340 3525 θαυμασιώτατε,
3382 3455 3478 3509 καὶ
3508 3455 3641 3526 εἴσῃ.
3667 3452 3757 3507 Νε-

2181 3544 2312 3616 κρὸν
2346 3545 2445 3616 μὲν
2467 3545 2575 3616 γὰρ
2602 3545 2809 3607 εὐθέως
2836 3544 3212 3617 βδελύττονται
3241 3545 3404 3600 αὐτοὶ
3421 3546 3604 3619 νεκροὶ
3623 3544 3757 3607 ὅντες

2177 3640 2290 3701 τοῖς
2316 3637 2517 3707 ἔργοις.
2556 3637 2910 3709 Μαρτυροῦσι
2943 3638 3055 3711 γὰρ
3083 3640 3146 3692 οῦ
3184 3638 3282 3710 μία
3309 3640 3607 3713 μαρτυρία,
3637 3635 3755 3692 ἀλλὰ

2179 3728 2394 3795 πολλαὶ,
2418 3727 2497 3800 τῷ
2535 3728 2610 3801 μὴ
2661 3723 2800 3782 εἶναι
2840 3729 2933 3783 τὸν
2973 3729 3167 3801 νεκρὸν
3204 3729 3617 3802 ἐόδελυγμένον,
3655 3725 3754 3780 ἀλλ’

2176 3819 2260 3872 ὅτι
2287 3819 2708 3892 αἰνιγματωδῶς
2729 3822 2758 3872 ὁ
2791 3820 2955 3890 νόμος
2986 3819 3193 3885 ἔλεγεν.
3238 3821 3442 3875 Οὐκέτι
3474 3818 3581 3892 γὰρ
3613 3815 3699 3871 δύο
3724 3812 3753 3883 ἦ

2176 3913 2325 3981 τρεῖς
2349 3904 2648 3982 μαρτυρίαι
2679 3910 2759 3973 είς
2781 3908 2941 3963 τοῦτο
2963 3911 3096 3981 ἡμῖν
3120 3908 3614 3983 ἐπιμαρτυροῦσιν,
3637 3902 3755 3959 ἀλλὰ

2180 4000 2441 4072 μυριάδες
2467 3998 2733 4069 ἐξήκοντα
2756 3999 2852 4053 δύο
2879 4000 2973 4053 τὸν
2998 3999 3233 4071 ἀριθμὸν
3255 4001 3313 4053 ἐν
3345 4003 3416 4073 τῇ
3444 4000 3648 4072 ἐρήμῳ,
3672 3989 3753 4047 καὶ

2175 4093 2335 4147 ἄλλαι
2364 4091 2652 4155 τοσαῦται,
2687 4093 2784 4146 καὶ
2828 4092 3110 4156 ἐπέκεινα,
3148 4093 3245 4146 καὶ
3272 4091 3351 4146 ἔτι
3396 4092 3530 4147 πολὺ
3559 4088 3753 4146 πλείους

2175 4186 2232 4239 αἱ
2263 4186 2331 4255 τῇ
2366 4182 2513 4256 σορῷ
2551 4182 2648 4237 τοῦ
2696 4181 2895 4256 Ἰωσὴφ
2930 4183 3416 4254 ἐπιμαρτυροῦσαι
3444 4184 3508 4255 τῇ
3532 4179 3615 4234 διὰ
3642 4191 3752 4231 τεσά

2179 4275 2490 4346 σαράκοντα
2522 4273 2663 4327 ἐτῶν
2695 4272 3077 4344 βασταζομένῃ
3103 4274 3163 4324 ἐν
3188 4272 3284 4345 ὅλῃ
3317 4276 3390 4345 τῇ
3426 4265 3747 4344 παρεμϐολῇ.

2175 4370 2270 4423 καὶ
2306 4369 2379 4440 μὴ
2421 4368 2817 4439 βδελυττομὲνῃ
2841 4408 2854 4432 ,
2912 4367 3053 4439 μήτε
3111 4367 3441 4442 μολυνούσῃ.
3484 4367 3667 4434 Ἔλεγε
3698 4358 3750 4414 δέ

2173 4460 2383 4531 τάληθῆ
2432 4461 2461 4512 ὁ
2503 4459 2706 4530 νόμος,
2759 4459 2876 4521 δτι,
2925 4457 3064 4513 Ἐάν
3108 4475 3202 4524 τις
3247 4458 3477 4528 ἅψηται
3519 4450 3746 4522 νεκροῦ,

477 4545 581 4610 Qui
618 4546 832 4600 loculus
863 4544 1227 4615 quadraginta
1252 4551 1400 4598 totos
1433 4558 1610 4600 annos
1646 4545 1700 4599 in
1730 4546 1932 4601 castris
1956 4548 2071 4601 cir-

2178 4548 2339 4619 μένει
2360 4547 2628 4617 ,ϐέϐηλος
2666 4547 2779 4614 ἕως
2805 4545 3092 4614 ἑσπέρας,
3118 4547 3219 4601 καὶ
3242 4548 3534 4601 λούσεται
3568 4542 3743 4598 ὕδατι.

477 4638 756 4693 eutnlatus
811 4652 989 4707 neque
1029 4637 1429 4694 abontinationi
1482 4638 1607 4702 fuit,
1661 4655 1840 4710 neque
1872 4651 2069 4695 eunta-

2178 4640 2274 4695 καί
2310 4639 2840 4709 καθαρισθήσεται.
2865 4634 2976 4691 Ἦν
3009 4639 3067 4691 δὲ
3092 4637 3252 4692 τοῦτο
3284 4640 3651 4708 αἰνιττόμενος
3679 4631 3748 4690 εἰς

477 4731 640 4802 gione
674 4744 774 4785 sua
802 4729 981 4784 lahem
1014 4729 1180 4784 ullam
1215 4730 1473 4799 aspersit.
1497 4730 1771 4786 Caeterum
1808 4747 1937 4787 vere
1968 4733 2070 4788 hoc

2178 4733 2275 4804 τὴν
2318 4731 2415 4785 τοῦ
2459 4705 2684 4802 ⁷Ιιὶυρίοιι
2738 4729 2895 4801 ἡμῶν
2960 4728 3133 4800 Ἰησοῦ
3185 4731 3425 4801 Χριστοῦ
3477 4705 3742 4799 νέκρωσιν.

477 4837 505 4876 a
544 4821 831 4892 Scriptura
865 4820 1073 4876 dictum
1108 4829 1194 4876 est
1227 4840 1240 4876 :
1277 4821 1336 4876 Si
1361 4823 1478 4892 quis
1510 4832 1779 4876 mortuum
1842 4824 2070 4894 tetigerit

2178 4823 2318 4878 κατὰ
2361 4823 2420 4876 τὸ
2462 4821 2727 4894 ἔνσαρκον
2764 4819 2930 4874 αὐτοῦ
2970 4819 3160 4885 πάθος.
3202 4822 3337 4875 Ἀπί)
3365 4822 3475 4894 γὰρ
3504 4821 3541 4851 ¹¹
3571 4816 3744 4870 τούτου

476 4917 713 4986 pollutus
762 4913 832 4968 ad
878 4928 1148 4984 vesperam
1178 4930 1371 4983 ~usque
1424 4913 1771 4981 permanebit.
1836 4914 1970 4968 Tum
2013 4932 2070 4970 se

2178 4914 2270 4969 τοῦ
2294 4913 2499 4986 ἄρθρου
2519 4914 2631 4985 (69)
2650 4913 2750 4984 τὴν
2768 4912 3041 4983 διάκρισιν
3056 4913 3148 4966 τοῦ
3164 4914 3428 4984 ὀνόματος
3448 4913 3561 4965 ἐστι
3579 4903 3741 4976 σημᾶ-

475 5025 613 5079 aqua
648 5006 869 5068 (arabit,
903 5023 965 5060 ac
999 5005 1375 5074 repurgabitur
1402 5006 1442 5060 '.
1470 5006 1687 5074 Quibus
1721 5007 1904 5063 verbis
1959 5009 2067 5062 llo-

2178 5025 2282 5061 ναι.
2309 5007 2484 5060 Ὅπου
2516 5006 2627 5075 γὰρ
2659 5002 2863 5076 ἄρθρον
2895 5004 3220 5076 πρόσκειται
3249 5006 3343 5058 ἐπὶ
3378 5005 3463 5059 ἐνί
3496 5018 3593 5057 τινι
3622 4997 3741 5066 ὠρι-

478 5101 608 5154 mini
645 5101 817 5155 nostri
853 5099 981 5155 Jesu
1019 5099 1225 5153 Christi
1281 5108 1533 5163 mortem,
1570 5115 1636 5153 ae.
1662 5110 1977 5169 susceptam
2008 5101 2064 5154 in

2178 5100 2361 5171 σμένῳ
2393 5098 2488 5153 καὶ
2511 5095 2946 5166 διαφανεστάτῳ,
2974 5097 3196 5152 πάντων
3227 5099 3375 5152 ἔστιν
3402 5102 3435 5169 ἡ
3476 5092 3739 5167 βεϐαίωσις

474 5206 706 5261 corpore
733 5193 1046 5262 passionem
1082 5190 1285 5244 innuit.
1321 5189 1399 5243 Ex
1425 5204 1492 5244 eo
1525 5190 1698 5253 enim,
1745 5191 1892 5258 quod
1930 5191 2065 5244 arti-

2178 5192 2259 5245 Βιὰ
2310 5191 2372 5245 τὸ
2414 5190 2649 5262 ἄρθρον·
2681 5188 2809 5243 ἄνευ
2860 5188 2917 5243 δὲ
2963 5189 3060 5243 τοῦ
3104 5190 3309 5263 ἄρθρου
3361 5191 3453 5244 ἐπὶ
3503 5186 3614 5248 ἐνὸς
3656 5174 3738 5231 τοῦ

473 5283 658 5334 culum
685 5282 960 5351 apposuit,
988 5281 1348 5336 distinctione
1370 5279 1617 5335 nominis
1648 5295 1790 5351 opus
1813 5298 1936 5338 esse
1960 5283 2062 5337 de-

2178 5281 2425 5354 τυχόντος
2472 5282 2740 5354 ἀορίστως
2789 5283 2908 5336 ἐστὶ
2950 5281 3206 5353 ληπτέον.
3259 5284 3349 5347 Ὠς
3399 5275 3508 5336 οἷον
3547 5274 3735 5332 εἰπεῖν,

548 5435 562 5510 ξ
596 5431 732 5510 Gen.
765 5451 820 5495 ν,
851 5435 941 5489 21o.
1020 5438 1040 5468 ’
1070 5436 1205 5510 G_e_n.
1252 5450 1415 5500 xvm,
1445 5437 1531 5490 ll.
1584 5436 1630 5510 __'
1658 5434 1795 5510 Gen.
1833 5452 1949 5510 ut,
1983 5436 2041 5492 2.

2178 5436 2307 5492 Gen.
2339 5453 2515 5510 ιιιιιιιζ
2538 5438 2632 5493 29.
2700 5438 2720 5469 ⁵
2750 5434 2889 5510 Gen.
2920 5452 2974 5501 ι,
3016 5439 3049 5510 5
3086 5456 3209 5510 sqq.
3275 5439 3308 5510 7‘
3338 5436 3498 5510 Nunt.
3536 5445 3661 5491 xm.
3687 5423 3739 5479 8-

475 5501 498 5534 '
523 5502 691 5555 Exod.
725 5521 794 5570 tv,
826 5512 862 5556 2
893 5522 1017 5574 sqq.
1091 5507 1114 5536 ⁸
1144 5506 1301 5563 Deut.
1335 5522 1536 5573 χχχιιι,
1576 5507 1631 5560 6.
1709 5508 1730 5536 ⁹
1759 5501 1943 5561 chit.
1969 5518 2073 5573 XI,‘

2197 5523 2320 5579 sqq.
2404 5508 2446 5539 ¹⁰
2476 5501 2605 5564 For.
2639 5509 2846 5580 πηγήν.
2950 5511 2990 5540 ¹¹
3029 5501 3185 5582 Leg'o'
3203 5509 3320 5577 τοῦ,
3350 5508 3464 5563 τοῦ.

548 5659 661 5729 (69)
892 5662 1006 5737 γὰρ
1045 5664 1257 5737 totitoti
1285 5667 1391 5721 τοῦ
1425 5666 1914 5737 ἄρθρουκΑνπιιιιι
1940 5666 2068 5723 haec-

2178 5667 2453 5737 tppusitus
2482 5676 2589 5730 est,
2623 5670 2733 5723 vim
2760 5669 2926 5724 habet
2958 5671 3187 5725 omnino
3220 5671 3462 5735 nullam;
3489 5672 3546 5719 ttt
3576 5668 3728 5727 neq"!

478 5732 790 5786 observatio
817 5733 991 5787 Graeci
1028 5732 1262 5801 articuli,
1289 5738 1379 5807 qui
1404 5732 1473 5790 ad
1502 5734 1699 5802 νεκροῦ
1727 5732 2049 5792 vocabulum
2159 5732 2278 5794 loca
2305 5746 2524 5806 caetera,
2551 5755 2673 5810 quae
2704 5740 3015 5795 illustrattdi
3048 5742 3224 5811 gratia
3255 5732 3518 5811 congerit.
