4022 6434
264 309 368 369 εει)

938 296 1312 355 ADVERSUS
1355 295 1698 353 leERESES
1738 297 1846 351 LIB

1990 299 2151 356 TOM.
2203 303 2240 356 I.
2281 330 2351 341 ~—
2393 301 2672 359 lizEﬂES.
2712 302 2804 360 IX.

3422 312 3537 374 250

260 393 355 481 εὰν
402 419 675 489 εἴπωμεν,
724 416 1010 487 βασιλεὺς,
1062 415 1235 485 ὄνομα
1290 412 1387 484 μὲν
1435 412 1791 484 έσημάναμεν
1824 453 1838 477 ,

1951 425 2238 471 monstrat.
2292 416 2426 472 Nam
2480 419 2795 492 ubicunque
2850 422 3122 481 articulus
3169 426 3533 499 adjungitur,

265 516 372 572 ἀλλ’
407 513 465 567 οὐ
498 510 783 580 τηλαυγῶς
808 508 900 562 τὸν
929 506 1246 578 ὁριζόμενον
1277 503 1580 576 ἐδείξαμεν.
1608 505 1841 559 Βασιλέα

264 608 366 679 γὰρ
397 606 622 675 λέγομεν
663 602 758 654 καὶ
786 601 1034 673 Περσῶν,
1066 599 1161 653 καὶ
1204 597 1428 669 Μήδων.
1473 598 1568 651 καὶ
1615 597 1840 670 Ἐλαμε-

263 698 384 754 τῶν.
426 695 549 749 Ἐὰν
586 692 642 746 δὲ
694 691 831 764 μετὰ
864 689 1184 763 προσθήκης
1209 688 1305 743 τοῦ
1346 689 1552 761 ἄρθρου
1596 688 1841 762 εἴπωμεν

264 791 291 846 6
336 788 604 861 βασιλεὺς,
654 784 1025 857 ἀναμφίὸολόν
1067 784 1185 837 ἐστι
1221 782 1283 836 τὸ
1321 783 1739 855 σημαινόμενον.
1783 785 1841 838 ’0

263 888 364 959 γὰρ
392 883 641 956 βασιλεὺς
660 883 688 934 6
718 880 1072 951 ζητούμενος,
1106 877 1138 949 ἢ
1172 880 1201 931 6
1225 877 1536 949 λεγόμενος,
1562 878 1594 949 ἢ
1618 880 1647 932 ὁ
1682 897 1843 948 γινω-

264 982 539 1053 σκόμενος,
572 979 607 1051 ἢ
638 980 667 1032 6
706 977 801 1031 τοῦ
839 994 985 1041 τινος
1031 974 1332 1047 βασιλεύων
1369 975 1457 1030 διὰ
1497 976 1589 1030 τοῦ
1636 976 1839 1050 ἄρθρου

263 1074 651 1127 ὑποδείκνυται.
682 1070 787 1124 Καὶ
824 1069 920 1124 ἐὰν
954 1069 1219 1139 εἴπωμεν,
1268 1064 1408 1132 θεὸς.
1441 1069 1570 1124 ἄνευ
1611 1069 1706 1123 τοῦ
1744 1069 1843 1140 ἆρ-

263 1167 405 1237 θρου,
431 1165 524 1218 τὸν
553 1165 786 1233 τυχόντα
827 1168 1062 1238 εἴπαμεν
1100 1164 1223 1220 θεὸν
1266 1163 1376 1218 τῶν
1417 1161 1671 1233 ὲθνῶν,ἢ
1708 1161 1842 1214 Θεὸν

261 1256 343 1312 τὸν
376 1254 529 1312 ὄντα.
567 1259 693 1311 Ἐὰν
733 1258 790 1313 δὲ
827 1257 1096 1329 εἴπωμεν,
1134 1259 1164 1310 6
1201 1252 1354 1321 Θεὸς,
1394 1254 1572 1326 δῆλον,
1613 1252 1688 1316 ὡς
1733 1250 1842 1305 ἀπὸ

261 1350 345 1404 τοῦ
390 1353 420 1404 6
464 1350 671 1424 ἄρθρου
717 1347 810 1405 τὸν
843 1344 972 1404 ὄντα
1019 1345 1390 1421 σημαίνομεν,
1423 1345 1601 1416 ἁληθῆ
1646 1362 1705 1397 τε
1747 1344 1843 1398 καὶ

262 1442 658 1513 γινωσκόμενον
678 1459 692 1473 ο
724 1434 799 1508 t6;
842 1442 937 1496 καὶ
976 1441 1295 1510 ἅνθρωπος,
1340 1438 1435 1491 καὶ
1468 1440 1496 1491 6
1531 1436 1837 1508 ἄνθρωπος.

259 1530 362 1591 Καὶ
380 1536 429 1588 εί
464 1534 568 1606 μὲν
609 1534 793 1604 ἔλεγεν
835 1538 864 1590 6
900 1534 1093 1606 νόμος*
1137 1532 1282 1586 Ἐὰν
1317 1531 1560 1600 dumetis
1599 1528 1839 1597 νεκροῦ,

261 1626 392 1680 κατά
437 1620 661 1681 πάντὶον
703 1626 930 1700 ἐφέρετο
969 1626 999 1678 6
1274 1622 1368 1676 και
1420 1620 1607 1685 ἁπλῶς
1639 1619 1843 1683 παντὸς

263 1719 444 1790 νεκροῦ
468 1714 545 1791 ἦν
567 1722 602 1791 ἠ
640 1720 964 1790 ἐπικειμένη
992 1718 1086 1773 τοῦ
1121 1714 1437 1790 ζητήματος
1467 1713 1613 1780 λέξις
1639 1731 1651 1744 ·
1679 1711 1841 1766 ὁπότε

1948 514 2098 561 certa
2128 523 2190 562 ac
2225 508 2516 579 perspicue
2537 510 2762 569 definita
2800 529 2888 571 res
2913 515 3263 589 intelligitur.
3293 519 3423 577 Sine
3453 537 3539 577 ar-

1947 600 2118 653 ticulo
2145 600 2213 655 de
2245 602 2490 672 quolibet
2522 604 2701 675 accipi
2752 605 2967 662 infinite
2995 609 3153 665 solet.
3191 609 3260 666 Ut
3298 615 3536 685 exempli

1945 708 2137 757 causa,
2159 696 2204 751 si
2230 711 2321 750 rex
2342 696 2556 763 dixero,
2589 712 2790 754 nomen
2821 703 3042 772 quidem
3074 704 3252 774 ipsum
3271 705 3493 765 declaro
3518 729 3532 766 :

1946 781 2072 851 quis
2104 783 2193 838 ille
2225 784 2316 848 sit,
2352 783 2420 840 de
2455 802 2566 856 quo
2589 788 2804 859 loquor,
2857 800 3046 864 aperte
3092 811 3206 850 non
3257 798 3533 870 significo.

1946 871 2147 945 Regem
2171 876 2317 930 enim
2368 885 2477 931 tam
2514 877 2833 949 Persarum,
2874 885 2981 954 27
3007 902 3171 955 quam
3222 888 3537 958 Medorum,

1946 976 2113 1038 atque
2160 968 2520 1027 Elarnitarum
2566 976 2932 1045 appellamus.
2990 980 3148 1048 Quod
3195 985 3245 1039 si
3298 986 3537 1043 articulo

1946 1061 2109 1114 etiam
2144 1062 2415 1130 adhibito,
2450 1065 2538 1120 hic
2570 1082 2690 1133 rex,
2729 1070 2989 1140 dicimus,
3040 1091 3205 1134 nemo
3245 1094 3408 1149 quem
3441 1097 3539 1136 νε·
3602 1081 3619 1091 ’

1947 1152 2110 1207 limus
2137 1154 2376 1225 ignorat.
2419 1156 2517 1213 llic
2548 1161 2693 1215 enim
2727 1178 2823 1217 rex
2885 1182 2952 1221 eo
2987 1170 3226 1225 articulo
3282 1181 3535 1239 notatur,

1947 1245 2015 1300 de
2043 1264 2152 1318 quo
2188 1252 2444 1318 quzestio,
2481 1254 2566 1307 vel
2597 1270 2781 1310 sermo
2819 1258 3023 1329 aliquis
3052 1262 3348 1332 inciderit;
3377 1265 3539 1322 deni-

1947 1351 2055 1405 que
2089 1339 2184 1407 qui
2219 1339 2289 1394 sit
2325 1342 2585 1412 cognitus
2618 1359 2681 1399 ac
2720 1353 2874 1401 certo
2925 1348 3159 1420 imperio
3193 1354 3534 1414 dominetur.

1949 1428 2214 1485 Similiter
2241 1448 2388 1495 cum.
2423 1434 2582 1498 deus,
2616 1437 2941 1510 simpliciter
2960 1458 3318 1516 usurpamus,
3344 1465 3540 1520 quem~

1949 1522 2081 1577 libet
2111 1525 2276 1578 deum
2309 1527 2568 1593 dicimus,
2613 1547 2712 1585 nec
2745 1533 2931 1590 minus
2966 1551 3115 1601 eum,
3176 1541 3325 1610 quia
3356 1542 3536 1611 genti-

1947 1614 2054 1671 bus
2084 1618 2307 1684 colitur,
2337 1637 2501 1691 quam
2521 1625 2614 1693 qui
2636 1640 2764 1680 vere
2789 1625 2932 1683 Deus
2960 1637 3068 1685 est.
3100 1630 3169 1685 At
3198 1648 3323 1687 cum
3350 1636 3379 1687 6
3404 1634 3538 1699 Θεὸς

1947 1706 2208 1777 dicimus,
2246 1728 2372 1768 eum
2409 1716 2621 1771 scilicet
2646 1719 3014 1788 exprimimus
3034 1723 3129 1792 qui
3155 1740 3318 1780 verus
3351 1733 3537 1791 etest,

263 1807 311 1862 δὲ
346 1810 532 1880 λέγει’
588 1810 733 1864 Ἐὰν
776 1808 1003 1877 ἅψηταί
1051 1820 1141 1873 τις
1169 1807 1277 1862 τοῦ
1320 1805 1558 1873 νεκροῦ,
1598 1802 1691 1855 ἐπὶ
1745 1803 1844 1856 ἕνα

1951 1806 2004 1853 et
2037 1815 2161 1855 esse
2216 1804 2580 1873 cognoscitur
2616 1804 2781 1863 Deus.
2836 1807 3126 1877 Similiter,
3183 1828 3310 1868 cum
3349 1816 3539 1882 homo,

264 1902 372 1956 τινὰ
406 1902 570 1975 φέρει
601 1900 701 1973 τὴν
724 1900 970 1973 ἀγωγὴν,
999 1901 1143 1973 φημὶ
1174 1900 1231 1954 δὲ
1275 1898 1371 1952 ἐπὶ
1392 1897 1484 1952 τὸν
1513 1895 1736 1968 Κύριον,
1767 1894 1843 1957 ὡς

265 1995 366 2048 ἂνω
391 2010 482 2067 μοι
512 1994 836 2066 δεδήλωται.
865 1993 1061 2063 Ἔλεγε
1093 1992 1150 2047 δὲ
1181 1992 1338 2048 τοῦτο
1367 1989 1782 2063 αἰνιγματωδῶς
1815 1990 1843 2042 6

267 2086 414 2157 νόμος
441 2086 531 2140 διὰ
567 2087 698 2150 τοὺς
736 2085 1031 2157 μέλλοντας
1056 2089 1246 2158 χεῖρας
1284 2085 1595 2140 ἐπιϐάλλειν
1633 2083 1726 2137 ἐπὶ
1750 2078 1843 2137 τὸν

265 2179 505 2249 Χριστὸν,
546 2179 648 2234 καὶ
668 2179 887 2252 σταυρῷ
922 2179 1304 2250 παραδιδόναι·
1349 2178 1432 2231 ὅτι
1472 2176 1663 2249 χρείαν
1697 2171 1843 2246 εἶχον

267 2264 397 2325 οὗτοι
440 2270 825 2344 καθαρισμοῦ,
856 2271 962 2335 ἓως
1004 2270 1134 2342 δύνῃ
1176 2269 1360 2334 αὐτοῖς
1399 2271 1433 2341 ἡ
1478 2267 1696 2340 ἡμέρα,
1748 2265 1845 2321 καὶ

267 2362 505 2434 ἀνατείλη
535 2364 728 2428 αὐτοῖς
765 2363 894 2418 ἄλλο
923 2362 1060 2432 φῶς,
1093 2362 1183 2417 διὰ
1212 2362 1306 2419 τοῦ
1344 2361 1721 2433 βαπτίσματος
1746 2357 1841 2412 τοῦ

269 2448 443 2520 ὓδατος
467 2455 567 2511 τοῦ
600 2456 828 2530 λουτροῦ
854 2457 956 2526 τῆς
987 2455 1439 2526 παλιγγενεσίας·
1473 2454 1549 2517 ὡς
1582 2453 1678 2507 καὶ⁸
1721 2453 1844 2504 ἐπι-

272 2551 523 2621 μαρτυρεῖ
569 2567 666 2622 μοι
704 2548 941 2604 ἐνταῦθα
975 2549 1181 2621 Πέτρος
1223 2546 1397 2617 λέγων
1427 2550 1540 2609 τοῖς
1579 2542 1846 2617 Ἰσραηλί-

272 2653 374 2702 ταις
401 2640 456 2693 ὲν
488 2639 909 2713 Ἱεροσολύμοις,
941 2642 1054 2702 τοῖς
1088 2639 1337 2707 λέγουσιν
1372 2635 1542 2707 αὐτῷ,
1581 2636 1641 2689 Τί
1671 2634 1845 2700 ποιή-

271 2744 488 2797 σωμεν;
524 2727 623 2783 διὰ
658 2728 721 2781 τὸ
752 2728 1031 2801 εἰρηκέναι
1060 2728 1222 2782 αὐτὸν
1262 2727 1467 2792 αὐτοῖς,
1498 2727 1580 2780 ὅτι
1626 2724 1848 2779 Τοῦτον

272 2819 364 2872 τὸν
399 2820 681 2890 Ἰησοῦν,
716 2819 789 2873 ὃν
828 2818 999 2890 ὑμεῖς
1035 2817 1477 2886 ἐσταυρώσατε.
1517 2816 1626 2870 Καὶ
1678 2832 1848 2869 καταα

273 2915 458 2981 νυγεϊσι
489 2914 595 2983 τὴν
642 2912 869 2985 καρδίαν
911 2907 1065 2965 εἴπεο
1102 2908 1553 2977 Μετανοήσατε,
1600 2906 1697 2960 καὶ
1728 2905 1847 2971 ,ϐα-

272 3002 551 3070 πτισθήτω
578 3002 842 3068 ἕκαστος
869 3001 939 3056 ἐν
971 3000 1052 3068 τῷ
1090 3002 1337 3071 ὀνόματι
1371 2997 1566 3067 Ἰησοῦ
1589 2996 1846 3065 Χριστοῦ

273 3094 363 3149 τοῦ
380 3096 606 3164 Κυρίου
636 3093 827 3164 ἡμῶν,
851 3094 949 3149 καὶ
979 3092 1386 3164 ἀφεθήσονται
1413 3090 1556 3161 ὑμῖν
1577 3092 1637 3144 at
1665 3090 1848 3158 ἀμαρ-

1950 1893 2032 1947 vel
2076 1894 2164 1949 hic
2216 1896 2380 1953 homo
2430 1898 2657 1957 dicitur.
2697 1901 2817 1957 Jam
2872 1919 3007 1959 vero
3040 1904 3085 1959 si
3113 1906 3200 1960 lex
3238 1907 3343 1964 hoc
3376 1909 3539 1965 modo

1948 1995 2216 2057 concepta
2270 1988 2409 2046 foret
2452 2007 2463 2042 :
2504 1991 2566 2047 Si
2624 2005 2895 2049 mortuum
2953 1998 3255 2068 tetigeritis,
3291 2002 3537 2059 universi

1946 2091 2010 2131 ea
2043 2082 2316 2135 sententia
2345 2085 2977 2153 comprehenderentur,
3002 2098 3057 2145 et
3082 2090 3149 2145 ad
3173 2107 3369 2147 omnes
3395 2109 3539 2150 mor-

1949 2182 2079 2230 tuos
2111 2176 2282 2232 dictio
2323 2177 2420 2231 illa
2451 2184 2747 2247 spectaret.
2771 2179 2878 2235 Sed
2899 2197 3023 2236 eum
3048 2183 3120 2237 ita
3146 2185 3412 2255 scriptum
3439 2189 3534 2254 sit,

1949 2265 2013 2321 Si
2040 2268 2157 2337 quis
2180 2267 2318 2321 [tunc
2353 2278 2620 2322 mortuum
2650 2270 2895 2338 tetigerit,
2922 2272 2989 2327 ad
3026 2290 3195 2328 unum
3219 2279 3537 2349 quempiam

1949 2358 2147 2415 referri
2182 2360 2366 2424 debet,
2406 2362 2667 2416 nimirum
2697 2360 3016 2429 Dominum,
3055 2374 3115 2420 ut
3162 2367 3320 2423 initio
3346 2368 3539 2425 decla-

1947 2458 2129 2503 ratum
2162 2459 2267 2504 cst.
2308 2449 2424 2503 lloc
2462 2466 2591 2505 vero
2625 2451 2710 2506 lex
2743 2452 2931 2521 specie
2957 2454 3195 2523 quadam
3225 2456 3541 2526 aenigmatis

1950 2549 2173 2611 propter
2231 2555 2327 2595 eos
2385 2540 2546 2607 dixit,
2599 2544 2695 2612 qui
2746 2542 2973 2599 Christo
3025 2560 3224 2601 manus
3279 2547 3543 2617 injecturi

1948 2644 2129 2688 erant.
2163 2643 2216 2689 et
2243 2635 2545 2690 iucruccm
2582 2635 2882 2700 sublaturi,
2922 2635 3184 2691 videlicet
3226 2638 3540 2708 expiatione
3618 2636 3621 2639 ⁷

1949 2743 2090 2797 opus
2119 2728 2229 2782 illis
2262 2744 2408 2795 esse,
2444 2727 2623 2783 donec
2668 2729 2805 2799 ipsis
2833 2731 2952 2785 dies
3003 2730 3247 2797 occidat,
3296 2748 3362 2785 ac
3397 2747 3543 2787 nova

1951 2820 2042 2874 lux
2097 2835 2193 2889 per
2243 2820 2587 2889 baptismum
2659 2836 2723 2875 ac
2784 2821 2987 2876 lavacri
3064 2827 3542 2894 regenerationem

1952 2910 2185 2964 oriatur.
2220 2908 2393 2980 Cujus
2422 2912 2526 2967 mei
2562 2911 2697 2966 dicti
2754 2912 2915 2966 ﬁdem
2957 2913 3152 2969 eodem
3208 2915 3261 2968 in
3294 2916 3417 2970 loco
3447 2916 3548 2971 Pe-

1951 3011 2072 3071 trus
2103 3004 2327 3068 astruit,
2367 3004 2497 3058 dum
2532 3002 2932 3077 Hierosolymis
2962 3006 3250 3062 lsraelitas
3310 3008 3549 3078 alloqui-

1954 3104 2065 3163 tur,
2097 3100 2189 3166 qui
2229 3110 2290 3151 se
2342 3095 2860 3166 interregaverunt,
2894 3096 3036 3164 Quid
3087 3098 3386 3167 faciemus?
3420 3115 3551 3171 pro-

273 3186 395 3250 τίσι,
436 3186 532 3241 καὶ
566 3184 857 3253 λήψεσθε
887 3183 1004 3253 τὴν·
1044 3183 1273 3252 δωρεὰν
1311 3182 1417 3237 τοῦ
1446 3181 1618 3252 ἁγίου
1657 3179 1838 3232 Ιινεύε

1957 3196 2147 3260 pterea
2176 3186 2323 3258 quod
2348 3187 2442 3243 ille
2470 3188 2720 3255 dixerat,
2776 3188 2942 3255 Quem
2979 3206 3067 3244 ros
3099 3192 3153 3245 in
3203 3207 3355 3245 cruce
3387 3192 3547 3263 sufﬁ-

273 3293 454 3343 ματος.
491 3268 566 3331 Οὗ
614 3276 745 3346 περὶ
787 3273 983 3347 νεκροῦ
1013 3275 1193 3328 τοίνυν
1227 3274 1377 3343 λέγει
1414 3274 1443 3326 6
1481 3272 1661 3343 νόμος.
1695 3271 1758 3323 Ei
1789 3269 1846 3322 δὲ

274 3370 357 3421 καὶ
392 3370 515 3441 περὶ
558 3366 768 3440 νεκροῦ
814 3367 974 3421 ἄλλου
1013 3365 1334 3438 ὁριζομένου
1382 3363 1529 3433 λέγει
1572 3365 1601 3416 6
1649 3362 1845 3433 νόμος,

272 3458 427 3523 ἄλλως
450 3459 748 3513 ἐκδίδοται.
781 3456 942 3525 Λέγει
972 3456 1103 3527 γὰρ,
1136 3456 1239 3519 ὅτι,
1282 3455 1424 3509 Ἐὰν
1453 3450 1722 3521 παρέλθῃ
1755 3467 1851 3503 νε-

272 3550 415 3618 κρὸς,
449 3551 746 3605 κλείσατε
774 3548 882 3615 τὰς
908 3548 1092 3617 θύρας
1125 3547 1225 3602 καί
1255 3546 1363 3613 τὰς
1387 3544 1635 3614 θιῳίδας
1660 3543 1848 3614 ὑμῶν,

272 3639 359 3696 ἵνα
376 3643 458 3713 μὴ
503 3641 799 3713 μολυνθῇ
835 3645 866 3696 ό
895 3637 1083 3708 οἶκος.
1133 3640 1277 3693 Ὢσεὶ
1325 3639 1479 3706 ἔλεγε
1510 3637 1639 3709 περὶ⁹
1681 3637 1853 3708 ἀκοῆς

271 3735 547 3810 ἁμαρτίας,
605 3737 688 3791 ὅτι
724 3735 849 3790 Ἐὰν
888 3734 1130 3807 ἀκούσῃς
1166 3733 1353 3805 φωνὴν
1400 3734 1503 3802 τῆς
1545 3730 1851 3803 ἁμαρτίας,

273 3827 303 3899 ἢ
334 3826 460 3895 εἶδος
513 3828 999 3902 παραπτώματος,
1052 3826 1268 3881 κλεῖσον
1314 3824 1406 3878 τὸν
1439 3823 1720 3895 ὀφθαλμόν
1760 3840 1853 3877 σου

281 3917 375 3971 67:6
400 3920 553 3975 ἐπιθυ
563 3921 723 3992 μίας,
744 3920 841 3974 καὶ
864 3918 927 3972 τὸ
957 3918 1133 3989 στόμα
1161 3916 1269 3971 ἀπὸ
1293 3915 1644 3985 κακολογίας,
1674 3915 1769 3969 καὶ
1795 3915 1856 3968 τὸ

280 4007 360 4076 οὖς
394 4014 498 4068 ἀπὸ
525 4014 845 4086 ἐνηχήσεως
876 4014 1142 4085 πονηρᾶς,
1168 4013 1255 4066 ἵνα
1288 4013 1365 4084 μὴ
1389 4012 1640 4084 νεκρωθῇ
1676 4012 1797 4076 ὅλος
1828 4012 1857 4064 6

281 4090 431 4171 οἶκος,
463 4106 746 4160 τουτέστιν
778 4107 812 4175 ὴ
833 4103 980 4175 ψυχὴ
999 4104 1092 4158 καὶ
1120 4102 1181 4157 τὸ
1216 4102 1394 4173 σῶμα.
1424 4104 1516 4156 Διὸ
1545 4103 1639 4156 καὶ
1667 4103 1697 4154 6
1725 4118 1859 4173 προ-

284 4196 441 4267 φήτης
469 4197 657 4268 ἔλεγεν
688 4213 700 4225 ⁸
742 4197 884 4252 Ἐὰν
907 4195 1105 4265 ἀναϐῇ
1133 4196 1392 4263 θάνατος
1421 4196 1521 4250 διὰ
1552 4196 1672 4250 τῶν
1699 4196 1860 4264 θυρί-

282 4283 391 4339 δων
408 4304 421 4319 ν
449 4290 542 4342 καὶ
569 4290 630 4342 οὐ
668 4289 889 4352 πάντως
909 4288 1039 4360 περ)⁸
1062 4287 1172 4340 τῶν
1198 4287 1431 4361 θυρίδων
1453 4288 1657 4342 τούτων
1686 4288 1856 4358 λέγει.

287 4375 350 4431 Ἦ
381 4383 485 4453 γὰρ
518 4381 835 4444 κλείσαντες
864 4380 965 4444 τὰς
999 4371 1244 4452 θυρίδας,
1274 4380 1530 4435 οὐδέποτε
1567 4379 1860 4451 ἀποθανεῖν

285 4470 506 4542 εἴχομεν.
535 4472 766 4546 Θυρίδες
791 4472 850 4527 δὲ
883 4475 1014 4546 ἡμῖν
1042 4475 1348 4549 ὑπάρχουσι
1377 4474 1444 4529 τὰ
1475 4473 1567 4528 τοῦ
1608 4473 1861 4546 σώματος

1952 3278 2111 3334 xistis
2133 3278 2342 3344 Jesum,
2371 3290 2481 3334 etc.
2518 3278 2756 3349 Moxque
2817 3280 2911 3333 ubi
2941 3296 3007 3335 ex
3071 3282 3259 3336 animo
3290 3283 3548 3339 dolentes

1954 3372 2382 3427 animadvertit:
2418 3372 2817 3437 Paenitentiam,
2848 3372 3050 3443 inquit,
3092 3373 3251 3443 agite.
3296 3383 3344 3426 et
3372 3374 3549 3444 bapti-

1956 3474 2106 3519 zetur
2137 3465 2495 3535 unusquisque
2532 3464 2586 3517 in
2638 3462 2850 3517 nomine
2904 3461 3037 3517 Iesu
3077 3462 3280 3517 Christi
3330 3463 3550 3519 Domini

1957 3557 2147 3617 nostri,
2175 3565 2224 3609 et
2251 3556 2588 3609 remittentur
2616 3553 2762 3609 vobis
2809 3564 3048 3623 peccata,
3088 3564 3139 3610 et
3169 3566 3281 3609 tum
3312 3556 3550 3625 Spiritus

1955 3642 2130 3695 sancti
2162 3640 2360 3696 donum
2416 3642 2689 3712 accipietis
2722 3643 2765 3697 ’.
2804 3648 2877 3699 De
2907 3659 3017 3713 quo
3055 3645 3277 3714 quidem
3331 3654 3554 3702 mortuo

1956 3735 2122 3791 verba
2173 3735 2311 3806 legis
2351 3716 2675 3806 accipienda
2732 3744 2883 3792 sunt.
2947 3737 3018 3790 At
3047 3740 3274 3808 quoties
3312 3739 3380 3795 de
3436 3740 3549 3794 alio

1957 3825 2198 3896 quodam
2251 3835 2475 3883 mortuo
2526 3827 2799 3899 loquitur,
2855 3828 3019 3884 aliter
3064 3830 3401 3900 concipitur.
3458 3830 3555 3888 Sic

1957 3919 2105 3973 enim
2133 3918 2210 3973 ait
2243 3936 2256 3972 :
2295 3917 2356 3973 Si
2389 3920 2669 3974 transierit
2704 3929 2971 3984 mortuus,
3024 3921 3286 3977 occludite
3327 3922 3553 3992 januas,

1961 4027 2024 4064 ac
2056 4010 2342 4079 fenestras,
2372 4028 2436 4065 ne
2461 3996 2652 4067 demus
2682 4012 3011 4083 inquinetur.
3045 4013 3215 4081 Quasi
3245 4015 3313 4071 de
3338 4017 3554 4085 peccati

1962 4102 2251 4155 auditione
2279 4101 2493 4156 diceret
2530 4117 2543 4154 :
2573 4098 2632 4156 Si
2671 4102 2887 4172 peccati
2922 4118 3113 4156 vocem
3158 4103 3423 4168 audieris,
3458 4108 3554 4159 aut

1962 4193 2199 4264 alicujus
2229 4193 2415 4248 delicti
2451 4194 2714 4263 speciem,
2746 4192 2987 4248 oculum'
3023 4202 3178 4249 tuum
3209 4196 3279 4249 ab
3299 4211 3362 4251 ea
3390 4197 3555 4267 cupi-

1939 4285 2133 4339 .ditste
2159 4285 2377 4350 claude,
2432 4300 2650 4340 necnon
2684 4294 2739 4340 et
2773 4301 2837 4341 os
2870 4295 3024 4340 tuum
3061 4300 3091 4339 a
3144 4286 3466 4354 maledicto,
3500 4295 3557 4343 et

1963 4391 2130 4434 aures
2155 4377 2225 4432 ab
2269 4377 2461 4433 auditu
2507 4376 2761 4433 nefanda:
2799 4377 2899 4442 rei,
2966 4394 3035 4433 ne
3068 4377 3283 4441 domus
3318 4378 3559 4449 integra,

1966 4471 2069 4526 hoc
2091 4479 2176 4527 est
2205 4473 2387 4525 anima
2430 4487 2554 4526 cum
2610 4487 2848 4541 corpore
2896 4472 3186 4527 moriatur.
3247 4472 3423 4538 Quam
3486 4473 3560 4536 ob

285 4564 623 4639 αἰσθητήρια,
658 4567 900 4641 βλέμμα,
932 4570 1094 4642 ἀκοὴ,
1124 4546 1226 4624 καὶὴ
1255 4569 1323 4623 τὰ
1363 4567 1520 4630 ἄλλα,
1554 4566 1620 4620 δι’
1655 4559 1729 4621 ὧν
1761 4566 1846 4620 θά-

1966 4580 2192 4620 causam
2226 4564 2490 4636 propheta
2514 4565 2655 4620 dixit
2681 4584 2692 4618 :
2723 4564 2784 4621 Si
2809 4581 2950 4619 mors
2971 4580 3063 4635 per
3085 4565 3347 4636 fenestras
3368 4583 3560 4620 ascenu

285 4672 430 4722 νατος
460 4661 539 4723 εἰς
581 4662 734 4732 ἡμᾶς
763 4660 1161 4734 εἰσπορεύεται,
1201 4662 1250 4714 εί
1281 4661 1347 4715 δι’
1383 4658 1565 4713 αὐτῶν
1606 4658 1846 4729 ἁμαρτή-

1967 4658 2105 4712 derit
2141 4658 2184 4711 ³.
2208 4656 2329 4713 Non
2365 4659 2513 4713 enim
2581 4658 2818 4714 usitatas
2858 4658 2981 4713 illas
3042 4657 3320 4713 fenestras
3356 4657 3560 4713 intelli-

286 4764 476 4820 σωμεν.
513 4748 870 4822 Ἐνεταφίασε
904 4750 1037 4821 γοῦν
1071 4754 1100 4806 6
1138 4750 1337 4823 Ἰωσὴφ
1367 4751 1459 4804 τὸν
1489 4748 1740 4821 Ἰσραὴλ,
1769 4749 1846 4801 κα·

1968 4749 2069 4820 git.
2103 4749 2328 4820 Alioqui
2362 4748 2623 4805 fenestris
2651 4749 2900 4806 occlusis
2937 4765 3226 4821 nunquam
3261 4765 3361 4804 nos
3392 4750 3562 4805 letum

285 4840 377 4894 οὐκ
418 4843 773 4911 ὲὸδελύξατο·
817 4845 914 4899 καὶ
974 4844 1113 4916 μετὰ
1160 4843 1390 4898 θάνατον
1444 4838 1724 4896 ἐπιπεσὼν
1773 4840 1846 4893 ἐπ

1971 4838 2329 4909 opprimeret.
2356 4836 2556 4894 Verum
2588 4837 2724 4893 nihil
2758 4839 2906 4895 aliud
2934 4838 3192 4894 fenestra:
3209 4848 3361 4903 sunt,
3396 4854 3563 4908 quam

289 4933 568 5004 πρόσωπον
598 4935 958 5006 κατεφίλησε.
993 4935 1105 4989 Καὶ
1140 4936 1203 4988 οὐ
1235 4936 1569 5006 γέγραπται,
1594 4934 1677 4986 ὅτι
1708 4930 1846 4986 ἐλού-

1972 4929 2234 4999 corporis
2269 4944 2491 4985 sensus.
2546 4930 2724 4996 visus,
2749 4931 2998 4995 auditus,
3027 4945 3126 5000 per
3176 4946 3318 5001 quos
3349 4930 3461 5001 28
3517 4930 3565 4984 si

291 5039 427 5089 σατο,
456 5022 545 5080 ἵνα
575 5026 907 5100 καθαρισθῇ.
955 5025 1350 5095 Ἐνεταφίασαν
1392 5026 1443 5077 οἱ
1485 5023 1741 5094 ἄγγελοι,
1788 5023 1846 5075 ὡς

1975 5036 2293 5090 peccemus,
2326 5035 2478 5075 mors
2522 5021 2668 5076 intra
2722 5036 2827 5078 nos
2885 5021 3213 5092 ingreditur.
3267 5020 3567 5075 Enimvero

291 5111 321 5181 ἡ
349 5116 425 5179 εἱς
454 5117 604 5187 ἡμᾶς
647 5116 876 5171 ἐλθοῦσα
915 5115 1220 5187 παράδοσις
1248 5114 1381 5186 ἔχει,
1422 5113 1482 5167 τὸ
1511 5112 1673 5184 σῶμα
1699 5113 1846 5167 Mar?»

1973 5109 2175 5182 Ioseph
2204 5109 2460 5168 lsraelem
2503 5113 2727 5185 sepeliit
2748 5112 2791 5175 ⁸,
2843 5128 2944 5167 nec
2974 5113 3282 5168 detestatus
3315 5119 3422 5176 est,
3454 5111 3566 5166 imo

294 5203 421 5270 σέως
443 5207 539 5261 τοῦ
573 5209 755 5277 ἁγίου,
790 5209 885 5263 καὶ
914 5210 1050 5263 οὐκ¹
1088 5207 1378 5261 ὲλύσαντο·
1416 5205 1532 5259 ἀλλ’
1566 5205 1690 5258 οὒτε
1725 5205 1843 5256 ὲκοι

1977 5215 2100 5275 post
2126 5204 2248 5275 ejus
2270 5217 2500 5260 mortem
2532 5205 2586 5260 in
2639 5204 2838 5262 faciem
2873 5206 3244 5276 procumbens
3269 5205 3564 5261 exoscula-

294 5294 531 5370 νὼθησαν
558 5302 608 5354 οἱ
640 5298 862 5369 ἄγγελοι
891 5300 1001 5355 ἀπὸ
1031 5298 1128 5354 τοῦ
1157 5299 1315 5368 ἁγίου
1342 5296 1618 5368 σώματος.

1980 5305 2071 5351 tus
2095 5304 2180 5353 est
2200 5298 2243 5351 ⁸.
2275 5296 2466 5367 Neque
2493 5306 2678 5353 tamen
2713 5299 2980 5367 scriptum
3037 5305 3126 5351 est
3182 5295 3445 5367 expiandi
3503 5308 3567 5350 se

295 5388 459 5455 gratia
486 5391 668 5461 ipsum
693 5392 955 5449 abluisse.
984 5390 1263 5447 Praeterea
1287 5388 1458 5445 Mosi:
1504 5402 1733 5463 corpus,
1767 5388 2233 5457 quemadmodum
2271 5405 2300 5441 a
2338 5389 2643 5459 majoribus
2693 5388 3015 5458 accepimus
3081 5388 3154 5443 ab
3211 5387 3429 5458 angelis
3488 5399 3566 5443 se-

296 5482 492 5549 pultum
528 5496 616 5540 est
643 5485 700 5549 ⁶;
752 5502 934 5557 neque
965 5465 1045 5541 illi
1103 5496 1288 5540 tamen
1324 5485 1424 5540 loti
1467 5490 1620 5539 sunt.
1674 5484 1743 5537 ac
1803 5497 1870 5536 ne
1902 5482 2098 5552 polluti
2132 5482 2353 5555 quidem
2384 5484 2564 5538 sancti
2592 5482 2743 5536 illius
2772 5480 3026 5551 corporis
3054 5489 3288 5536 attactu.

358 5573 432 5628 E'.
472 5577 584 5630 Καὶ
619 5577 765 5631 δέδια
804 5579 966 5634 πάλιν
1003 5578 1077 5651 μὴ
1122 5580 1201 5643 εἰς
1237 5577 1392 5641 τέλος
1422 5576 1601 5631 ὲλάσω
1643 5574 1740 5647 τὴν
1774 5576 1846 5630 τοὶ

2058 5575 2120 5628 ν.
2150 5575 2351 5631 Vereor
2383 5591 2452 5630 ne
2474 5576 2531 5628 in
2564 5576 2667 5630 hoc
2696 5573 3050 5630 dissolvenda
3102 5574 3410 5645 qumstione
3441 5572 3564 5627 nula

363 5739 379 5773 ¹
414 5732 574 5791 Forte
601 5737 906 5793 ἐλούσαντο.
987 5740 1006 5771 ¹
1037 5739 1158 5794 Act.
1184 5755 1241 5806 ιι,
1270 5737 1337 5792 ’57
1367 5751 1489 5809 sqq.
1569 5737 1589 5769 ³
1614 5734 1817 5792 Jercm.

1957 5736 2047 5793 2|.
2129 5735 2146 5765 ‘
2171 5736 2302 5790 Cen.
2352 5749 2404 5805 ιι,
2434 5733 2519 5787 i3.
2598 5735 2618 5765 ⁸
2648 5733 2785 5788 ibid.
2850 5738 2871 5771 ⁸
2910 5732 3065 5789 Deut.
3103 5750 3287 5802 xxxW,
3322 5732 3355 5788 6
3381 5745 3507 5804 sqq.
