4022 6420
304 329 409 381 249

996 323 1365 381 ADVERSUS
1402 325 1743 382 HAERESES
1786 325 1887 381 ΗΒ

2032 326 2195 386 ΤΟΜ.
2240 327 2278 385 l.
2317 359 2384 370 —
2424 326 2697 383 il/ERES.
2731 326 2869 383 XVI.

3458 322 3573 385 250

305 441 758 514 βαθεϊφέρεσθαι,
812 438 948 494 ἀλλὰ
990 440 1270 511 βιάζεσθαι
1325 442 1622 515 γρήγορσιν
1663 446 1876 509 ἑαυτοῖς

1990 453 2187 501 etatem
2232 445 2617 517 transigerent.
2674 444 2783 499 Alii
2841 442 3104 499 collectos
3154 441 3398 500 caleulos
3438 446 3567 503 sub-

304 531 800 607 προσπορίζεσθαιο
856 531 1005 588 ἄλλοι
1053 533 1112 586 δὲ
1162 534 1256 586 καὶ
1299 533 1541 598 ἀκάνθας
1593 535 1880 607 στρωμνὴν

302 623 454 698 εἶχον
478 625 567 680 διὰ
590 625 689 697 τὴν
729 625 897 696 αὐτὴν
921 625 1199 680 ὑπόθεσιν.
1248 626 1567 695 Ἐνήστευον
1593 626 1650 679 δὲ
1690 627 1772 690 δὶς
1802 627 1878 698 (5)

300 717 398 772 τοῦ
441 714 730 775 σαϐϐάτου.
766 714 1023 787 δευτέραν
1050 717 1147 769 καὶ
1179 714 1456 786 πέμπτην.
1487 715 1881 769 Ἀπεδεκάτουν

301 810 364 862 δὲ
397 808 497 878 τὴν
542 806 840 861 δεκάτωσιν
893 806 1009 878 (4)*
1041 806 1142 870 τὰς
1172 806 1426 877 ἀπαρχὰς
1460 806 1684 871 ἐδίδουν,
1724 823 1881 878 τρια-

306 897 570 959 κοντάδας
586 912 646 949 τε
681 898 777 950 καὶ
798 895 1252 967 πεντηκοντάδας,
1282 898 1381 959 τάς
1407 912 1468 948 τε
1498 895 1683 958 θυσίας
1702 895 1877 963 ἀσφα-

302 988 541 1053 λέστατα
571 987 664 1055 καὶ
703 989 798 1051 τὰς
835 986 999 1056 εὐχὰς
1047 986 1387 1040 ἀπετίννυον.
1416 984 1506 1056 Τῷ
1542 986 1598 1039 δὲ
1619 1001 1883 1056 προειρη-

307 1080 458 1151 μένῳ
486 1080 727 1151 σχήματι
752 1076 860 1130 τῶν
904 1076 1281 1148 Γραμματέων
1329 1078 1664 1149 προήρχοντο
1688 1078 1776 1131 διά
1801 1093 1882 1129 τοι

301 1174 406 1245 τῆς
422 1171 760 1243 ἀμπεχόνης,
809 1170 902 1224 καὶ
940 1169 1032 1223 διὰ
1067 1169 1176 1223 τῶν
1223 1168 1395 1222 ἄλλων
1435 1170 1750 1241 σχημάτων,
1790 1169 1884 1222 καὶ

303 1262 643 1334 γυναικικῶν
688 1262 919 1332 ἱματίων
961 1259 1036 1329 (5)
1067 1261 1126 1312 ὲν
1160 1259 1442 1324 πλατείαις
1468 1263 1589 1324 ταῖς
1630 1264 1882 1333 κρηπῖσι,

304 1358 407 1412 καὶ
438 1355 706 1426 γλώτταις
728 1352 837 1407 τῶν
872 1352 1233 1425 ὑποδημάτων
1266 1353 1564 1426 προϊόντες.
1608 1352 1884 1421 Ἐλέγοντο

300 1450 364 1505 δὲ
388 1449 692 1519 Φαρισαῖοι,
721 1445 809 1498 διὰ
836 1444 896 1497 τὸ
917 1444 1313 1516 ἀφορισμένους
1349 1441 1489 1498 εἶναι
1535 1444 1730 1508 αὐτοὺς
1776 1444 1886 1498 ἀπὸ

300 1539 415 1594 τῶν
438 1538 612 1593 ἄλλων
632 1535 721 1592 διὰ
737 1533 836 1606 τὴν
856 1534 1534 1608 ὲθελοπερισσοῦρησκείαν
1558 1536 1684 1605 παρ’
1702 1535 1885 1598 αὐτοῖς

304 1627 725 1699 νενομισμένην.
761 1627 936 1698 Φάρες
987 1625 1097 1696 γὰρ
1144 1625 1285 1680 κατά
1338 1624 1437 1696 τὴν
1501 1624 1757 1696 Ἐϐραῖδα
1806 1624 1883 1696 (6)

306 1718 671 1792 ἑρμηνεύεται
692 1717 1014 1790 ἁφορισμός.
1603 1701 1608 1708 ’

380 1985 458 2038 B'.
498 1981 823 2055 Ὠμολόγουν
871 1981 927 2035 δὲ
985 1972 1129 2035 οὗτοι
1167 1981 1464 2044 ἀνάστασιν
1504 1978 1734 2051 νεκρῶν,
1762 1977 1883 2030 ἐπί-

308 2077 501 2135 στευόν
533 2093 593 2130 τε
638 2075 899 2145 ἀγγέλους
954 2068 1114 2137 εἶναι,
1153 2073 1249 2127 καὶ¹
1294 2071 1536 2143 Πνεῦμα.
1579 2072 1881 2142 Ἠγνόησαν

304 2173 368 2228 δὲ
392 2174 520 2226 Υἱὸν
545 2171 703 2239 Θεοῦ,
723 2172 798 2235 ὡς
821 2172 871 2225 οἱ
904 2170 1073 2225 ἄλλοι.
1109 2169 1266 2224 Ἀλλὰ
1300 2170 1393 2223 καὶ
1420 2169 1752 2239 εἱμαρμένη,
1788 2167 1882 2221 καὶ

300 2263 642 2336 ἀστρονομία
669 2263 799 2336 παρ’
819 2264 998 2327 αὐτοῖς
1028 2262 1233 2333 σφόδρα
1262 2260 1648 2334 ἐχρημάτιζεν.
1675 2260 1882 2321 Αὐτίκα

304 2355 441 2424 γοῦν
477 2355 547 2409 τὰ
573 2354 861 2427 Ἐλληνικὰ
888 2355 1127 2424 ὀνόματα
1153 2354 1223 2408 τὰ
1248 2355 1313 2407 ὲκ
1339 2354 1437 2424 τῆς
1462 2353 1572 2407 τῶν
1599 2353 1881 2423 πεπλανη-

310 2447 493 2517 μένων
550 2445 912 2518 ἀστρονομίας
948 2446 1090 2500 κατά
1140 2444 1240 2517 τὴν
1292 2444 1545 2514 Ἐὅραῒδα
1604 2443 1881 2509 διάλεκτον

307 2538 517 2609 ἑτέροις
562 2535 788 2606 ὀνόμασι
843 2535 972 2607 παρ’
1026 2535 1210 2596 αὐτοῖς
1271 2532 1683 2603 μετωνόμασται
1707 2548 1720 2563 ’
1771 2526 1882 2585 οἷον

303 2629 460 2698 ἣλιος
502 2627 911 2698 Ἠμακαίσεμες
981 2624 1080 2695 (7),
1135 2624 1330 2695 σελήνη
1382 2621 1879 2694 Ἰερεεκαιαλϐανά,

302 2718 560 2771 δθεψκαὶ
592 2719 753 2789 Μήνη
783 2715 1043 2771 καλεῖται·
1095 2715 1259 2786 Ἰερεὲ
1286 2713 1395 2785 γὰρ
1433 2717 1461 2767 ὁ
1497 2714 1602 2786 μὴν
1643 2714 1880 2782 λέγεται,

306 2810 469 2882 Μήνη
502 2810 557 2863 δὲ
581 2809 802 2881 σελήνη,
838 2808 913 2873 ὡς
950 2807 1044 2861 καὶ
1061 2808 1190 2877 παρ’
1214 2805 1438 2875 Ἕλλησι
1472 2805 1559 2859 διὰ
1588 2805 1678 2858 τὸν
1716 2806 1880 2875 μῆνα’

308 2902 487 2978 ’Ἄρης
508 2898 701 2969 Χωχὲό
740 2896 954 2968 Ὀκμώλ
977 2913 991 2927 ·
1032 2895 1241 2968 Ἐρμῆς
1269 2892 1460 2963 Χωχὲὸ
1496 2893 1692 2963 Ὀχμόδ
1712 2910 1725 2923 °
1750 2892 1887 2955 Ζεὺς

302 2990 501 3062 Χωχὲϐ
534 2989 708 3044 Βάαλ·
749 2989 1036 3061 Ἀφροδίτη
1075 2986 1304 3058 Σεροῦα,
1356 2984 1706 3057 ἧτοιΛουήδο
1742 2983 1885 3053 Κρό-

303 3102 399 3148 νος
431 3082 623 3154 Χωχὲϐ
650 3080 852 3152 Σαϐήο.
882 3081 1113 3150 Λέγεται
1130 3080 1187 3133 δὲ
1214 3078 1375 3132 πάλιν
1415 3079 1543 3150 παρ’
1577 3077 1759 3140 αὐτοῖς
1794 3074 1886 3129 καὶ

303 3172 489 3244 ᾇλλοις
517 3172 793 3241 ὀνόμασιν.
825 3170 938 3223 Οὐκ
970 3168 1240 3240 ἠδυνήθην
1276 3168 1331 3221 δὲ
1362 3164 1605 3240 ἀκριϐῶς
1632 3167 1731 3237 τὴν
1765 3163 1889 3218 τού-

301 3281 417 3334 των
448 3261 763 3334 ἐπωνυμίαν
786 3260 1040 3329 ἐκθεῖναι,
1066 3259 1199 3319 ἀλλά
1234 3259 1330 3314 καὶ
1357 3258 1427 3314 τὰ
1459 3257 1705 3331 ματαίως
1735 3274 1889 3329 νομι-

381 3397 460 3471 (5)
488 3395 867 3471 ἐενήοέτενον
887 3396 956 3450 δὲ
977 3397 1092 3464 δίς.
1122 3395 1510 3471 Secunda_m_e_t
1538 3396 1786 3471 quintam
1812 3393 1891 3449 fe-

303 3466 451 3523 riam
487 3467 1112 3541 Tlieopliylactusteque
1134 3476 1317 3541 atque
1353 3466 1687 3541 Epiphanius
1718 3467 1893 3541 aduo-

308 3551 414 3600 tat,
448 3548 500 3593 et
531 3536 878 3592 Hebraeorum
915 3536 1039 3593 libri
1080 3536 1243 3592 ﬁdem
1273 3536 1508 3591 faciunt.
1538 3538 1610 3593 Ut
1640 3551 1703 3591 ea
1736 3536 1803 3591 de
1832 3551 1892 3591 re

307 3611 394 3663 vir
420 3608 615 3663 doctus
643 3608 845 3665 frustra
874 3608 1220 3662 dubitaverit.

383 3678 461 3751 (4)
503 3676 939 3751 ΪΑνπεδξκάτουν
976 3677 1043 3731 δὲ
1072 3677 1188 3746 τὴν
1217 3677 1566 3751 δεκάζωσιν.
1602 3675 1888 3748 Proprium

305 3747 448 3804 hoc
499 3750 598 3803 fuit
690 3747 1033 3810 Levitarum.
1113 3751 1207 3819 qui
1285 3747 1660 3810 decimarum,
1717 3747 1891 3816 quas

307 3820 545 3945 populus
597 3819 921 3889 praestabat,
969 3818 1211 3876 decimas
1265 3818 1644 3873 sacerdotibus
1688 3819 1892 3872 exime-

350 3898 481 3945 aut:
515 3888 876 3944 Numerorum
932 3904 1087 3944 xvm.
1143 3889 1305 3945 Atqui
1356 3904 1462 3942 non
1510 3903 1701 3942 omnes
1749 3888 1892 3940 Pha-

350 3888 481 3956 ant;
515 3888 876 3944 Numerorum
932 3904 1087 3944 xvm.
1143 3889 1305 3957 Atqui
1356 3904 1462 3942 non
1510 3903 1701 3942 omnes
1749 3888 1893 3940 Pha-

306 3960 457 4014 risei
492 3967 650 4015 erant
680 3960 897 4023 Levita,
936 3958 1080 4029 quod
1127 3968 1308 4013 tamen
1360 3958 1720 4027 Epiphanium
1766 3974 1891 4029 sen-

307 4031 475 4094 sisse,
518 4046 583 4085 ex
632 4031 735 4085 hoc
784 4032 905 4083 loco
952 4027 1221 4099 suspicari
1255 4029 1453 4099 aliquis
1502 4035 1706 4097 posset.
1759 4027 1891 4094 Quae

306 4102 460 4155 enim
481 4101 680 4170 alioqui
710 4100 1064 4170 decumarum
1095 4106 1225 4154 sunt
1252 4099 1514 4161 decumae,
1540 4112 1663 4170 cum
1697 4109 1891 4170 prieter

306 4168 619 4226 Leviticum
646 4171 894 4224 ordinem
919 4168 1178 4224 decumas
1208 4171 1391 4223 nullus
1421 4168 1731 4237 acceperit?
1775 4168 1891 4220 Pri-

308 4256 462 4295 mum
492 4242 735 4294 omnium
764 4241 834 4295 ab
858 4238 1123 4293 Israelitis
1150 4240 1403 4309 primitiae
1429 4238 1499 4309 de
1528 4236 1718 4309 spicis,
1770 4238 1890 4309 uvis

306 4318 368 4366 et
414 4311 549 4367 oleis
581 4310 949 4365 all‘erebautur
977 4327 990 4363 :
1022 4307 1252 4364 tumide
1302 4307 1548 4378 frugibus
1593 4307 1890 4378 elaboratis

307 4381 562 4442 theruma
608 4390 660 4436 et
689 4379 932 4434 decimi».
964 4378 1236 4434 Theruma
1271 4379 1323 4432 in
1368 4376 1483 4448 lege
1520 4376 1739 4431 deﬁnita
1780 4392 1887 4431 non

306 4451 597 4531 erat;_sed
645 4464 676 4508 a
722 4450 997 4531 magistris
1045 4448 1641 4531 praescriptusnmodus
1689 4456 1807 4531 est...
1828 4454 1885 4500 ut
1918 4469 1962 4523 ι)

309 4537 391 4598 ne
421 4521 600 4577 minus
637 4517 973 4598 sexagesima
1013 4517 1361 4598 penderetur.
1400 4517 1581 4598 Quare
1629 4518 1720 4598 quoi
1754 4519 1888 4573 libe-

210 4622 227 4643 ς
311 4592 458 4651 rales
499 4600 677 4653 erant,
727 4589 1226 4659 quadragesimam,
1280 4592 1425 4657 parci
1468 4589 1884 4657 sexagesimam,

309 4661 477 4716 medii
512 4661 655 4720 inter
684 4658 965 4724 utrosque,
1005 4660 1072 4714 ad
1107 4661 1207 4714 hos
1241 4667 1333 4713 aut
1366 4661 1488 4713 illos
1531 4658 1881 4712 accedebant.

315 4728 391 4785 De
416 4746 522 4800 qua
554 4746 613 4785 re
634 4739 813 4791 exstat
842 4728 1062 4799 JOSephi
1097 4729 1359 4800 Sosiligeri
1385 4728 1889 4800 ropusculuminter

308 4798 623 4868 posthuma.
661 4800 733 4855 De
767 4800 834 4855 iis
863 4798 1045 4868 itaque
1072 4798 1336 4854 therumis
1372 4799 1582 4853 forteau
1618 4798 1890 4867 accipien-

311 4871 420 4925 dus
452 4870 802 4940 Ep'phauius,
839 4885 963 4923 cum
995 4868 1406 4939 τριακοντάδας,
1438 4876 1490 4940 ct
1520 4870 1887 4940 πεντηκοντάο

309 4942 411 5005 δας
444 4939 752 5011 persolutas
798 4956 828 4994 a
871 4940 1162 5011 Pliarisaais
1215 4954 1333 5011 esse
1383 4939 1593 4994 scribit.
1643 4939 1799 5002 Quod
1843 4942 1891 4993 si

312 5010 503 5065 verum
546 5019 650 5074 est,
700 5012 914 5079 egregia
949 5010 1165 5079 illorum
1214 5010 1510 5063 liberalitas
1539 5010 1768 5079 exstitit,
1805 5018 1891 5063 ut-

313 5090 440 5151 pote
469 5081 559 5150 qui
592 5077 914 5151 praaﬁuitum
944 5095 974 5133 a
1013 5078 1284 5151 Magis_ti‘is
1310 5079 1601 5151 terminum
1632 5077 1740 5131 τῶν
1767 5096 1890 5132 τεσ-

315 5148 667 5220 σαρακοστῶν
717 5148 1118 5220 superaverint.
1168 5148 1307 5220 Tria,
1338 5165 1499 5219 porro
1533 5149 1888 5220 decumarum

313 5219 460 5291 apud
504 5220 762 5276 Hebraeos
793 5219 1004 5289 genera
1052 5228 1244 5291 praeter
1275 5219 1586 5291 tlieru_mas,
1608 5232 1662 5273 et
1702 5219 1892 5291 primi-

315 5288 421 5346 tias
458 5291 628 5347 fuere.
670 5288 852 5345 Prima
900 5291 991 5344 illa
1042 5288 1166 5356 fuit,
1222 5305 1385 5359 quam
1421 5288 1674 5343 Leviticae
1704 5288 1885 5344 tribui

312 5363 617 5433 quotannis
644 5361 1014 5433 pensitabant,
1077 5360 1239 5414 Num.
1288 5374 1446 5433 JtVlll,
1495 5359 1588 5420 20.
1633 5367 1689 5414 et
1736 5360 1892 5433 dein-

313 5431 463 5502 ceps.
490 5431 695 5495 Altera,
730 5446 893 5499 quam
928 5432 1157 5501 singulis
1182 5431 1342 5485 annis
1372 5445 1539 5501 penes
1571 5446 1630 5485 se
1660 5431 1892 5500 quisque

312 5504 606 5565 retinebat.
639 5511 700 5558 ut
741 5503 835 5565 ibi,
868 5503 958 5556 ubi
992 5502 1364 5555 sanctuarium
1407 5508 1544 5565 erat,
1585 5502 1673 5556 illa
1704 5516 1892 5556 vesce-

315 5583 483 5639 retur,
516 5574 777 5629 adhibitis
818 5572 884 5626 ad
932 5570 1521 5634 conviviumLevitis,
1579 5570 1737 5626 Deut.
1774 5587 1886 5624 xw.

315 5642 496 5708 Tertia
517 5645 762 5704 demum,
791 5657 953 5712 quam
985 5645 1143 5697 tertio
1170 5657 1387 5712 quoque
1420 5655 1565 5695 anno
1589 5641 1642 5712 in
1675 5640 1890 5697 chitas

312 5724 369 5769 et
398 5717 649 5784 pupillos,
670 5711 983 5784 viduasque
996 5711 1419 5784 distribuebant,
1436 5713 1564 5784 eod.
1595 5711 1747 5767 Deut.
1767 5727 1889 5782 cap.

384 5781 612 5858 (5)'Kal
666 5781 1032 5857 γυιτιικικῶν
1077 5783 1344 5854 ἱματίων.
1404 5781 1729 5853 Maguoperc
1784 5781 1886 5837 iui-

1981 536 2321 599 sternebant,
2367 549 2603 606 quorum
2631 535 2908 589 vellicatio
2952 533 3362 603 profundiorem
3418 550 3567 590 sem.

1980 641 2111 680 num
2137 635 2369 691 arceret,
2424 634 2486 679 ut
2517 626 2601 680 vel
2646 625 2802 679 inviti
2845 625 3137 694 pervigiles
3173 640 3296 680 esse
3333 639 3568 683 consue-

1982 725 2219 773 scerent.
2259 715 2372 773 Nec
2408 716 2631 772 defuere
2678 717 2771 786 qui
2809 716 3003 771 iisdem
3052 716 3120 773 de
3160 717 3346 773 causis
3381 718 3570 787 spinas

1982 807 2334 876 subjicerent.
2367 807 2636 862 Caeterum
2669 807 2754 862 bis
2800 806 3146 869 hebdomada
3185 822 3406 877 quaque
3435 807 3570 876 jeju-

1982 913 2116 953 nare
2139 913 2258 954 mos
2286 897 2397 953 illis
2426 898 2549 962 fuit,
2583 898 2828 953 secunda
2852 897 3109 952 videlicet
3142 914 3206 953 ac
3237 901 3431 969 quinta
3457 900 3565 953 die.

1983 988 2062 1042 Ad
2098 988 2211 1043 haec
2238 988 2576 1044 decimarum
2605 989 2848 1045 decimas
2883 988 3119 1054 dabant;
3147 990 3418 1059 primitias
3445 990 3569 1044 ol'l‘e-

1984 1080 2195 1141 rebant,
2252 1081 2560 1136 tricesimas
2614 1088 2668 1135 et
2718 1081 3235 1151 quinquagesimas;
3292 1079 3567 1135 sacriﬁcia

1983 1180 2220 1241 votaque
2281 1186 2380 1227 sua
2433 1171 2849 1227 accuratissime
2904 1171 3308 1242 persolvebant.
3368 1169 3567 1226 Cultus

1985 1262 2126 1318 idem
2156 1262 2288 1326 illis,
2331 1262 2425 1332 qui
2460 1271 2514 1317 et
2559 1261 2786 1323 Scribis,
2832 1261 2901 1316 de
2947 1276 3056 1330 quo
3086 1260 3332 1331 proxime
3361 1260 3567 1315 dictum

1983 1360 2088 1419 est,
2134 1353 2305 1409 vestis
2350 1354 2561 1409 scilicet
2610 1367 2674 1407 ac
2721 1353 2969 1423 reliquus
3027 1351 3278 1422 corporis
3326 1352 3567 1410 habitus.

1984 1441 2091 1498 Sed
2129 1450 2184 1498 et
2214 1443 2505 1498 muliebria
2532 1443 2757 1513 palliola
2804 1441 3111 1512 gestabant,
3158 1450 3214 1496 et
3252 1455 3376 1494 cum
3412 1440 3570 1494 latio—

1983 1534 2140 1590 ribus
2171 1534 2412 1604 crepidis
2443 1548 2508 1588 ac
2555 1534 2827 1591 solearum
2878 1533 3062 1602 ligulis
3106 1532 3398 1602 procedere
3435 1531 3571 1585 sole-

1985 1626 2139 1682 bant.
2188 1625 2293 1693 Qui
2331 1626 2454 1680 ideo
2507 1624 2771 1681 Pharisaei
2814 1622 2947 1687 dicti
2993 1630 3142 1687 sunt,
3180 1621 3326 1692 quod
3378 1629 3568 1682 essent

1986 1726 2205 1788 propter
2251 1718 2544 1773 ascititiam
2595 1717 2744 1771 illam
2797 1715 3348 1784 superstitiosamque
3394 1713 3563 1788 disci-

1914 1786 1957 1842 Β
1986 1786 2187 1881 plinam
2229 1824 2259 1863 a
2303 1811 2531 1879 reliquis
2566 1807 2823 1877 sejuncti.
2861 1806 3071 1865 Phares
3118 1806 3265 1865 enim
3310 1786 3573 1885 Hebraicc

1982 1902 2367 1970 separationem
2393 1899 2687 1971 signiﬁcat.

2052 1993 2115 2049 il.
2159 1993 2494 2048 Morinorum
2529 2007 2694 2063 porro
2744 1990 3212 2047 resurrectionem
3251 2004 3573 2061 persuasam

1983 2083 2281 2138 babebant.
2336 2083 2612 2149 Angelos,
2663 2097 2728 2136 ac
2774 2081 3029 2151 Spiritum
3070 2095 3193 2135 esse
3252 2079 3574 2150 credebant.

1985 2175 2091 2232 Sed
2114 2186 2169 2230 ut
2193 2175 2373 2230 caeteri
2407 2174 2497 2229 Dei
2520 2173 2714 2227 Filium
2735 2173 3076 2242 ignorarunt.
3105 2169 3250 2236 Quin
3273 2169 3437 2224 etiam
3461 2167 3575 2223 fato

1982 2275 2037 2321 et
2063 2264 2415 2320 astronomiae
2438 2264 2733 2333 plurimum
2767 2262 3104 2317 tribuebant.
3132 2260 3470 2331 Argumenta
3491 2266 3573 2315 est

1983 2357 2129 2428 quod
2169 2354 2357 2410 Graeca
2391 2355 2574 2408 omnia
2606 2353 2873 2408 vocabula
2914 2351 3227 2405 vanissimas
3264 2350 3414 2404 illius
3439 2349 3574 2404 artis

1983 2450 2206 2521 propria
2236 2447 2460 2502 totidem
2497 2446 2566 2499 ab
2603 2447 2672 2501 iis
2699 2444 2987 2499 Hebraicis
3031 2452 3159 2498 sunt
3188 2441 3399 2497 reddita
3426 2442 3574 2498 voci-

1982 2541 2106 2602 bus,
2160 2539 2406 2608 Exempli
2448 2552 2617 2592 causa
2669 2537 2752 2593 sol
2798 2535 3026 2590 llamma
3056 2544 3110 2589 et
3150 2534 3340 2588 Semes
3394 2533 3465 2588 ab
3507 2532 3575 2587 iis

1985 2632 2308 2702 appellatur.
2363 2629 2539 2695 Luna,
2594 2625 2754 2683 Jeree
2813 2634 2868 2682 et
2926 2625 3223 2680 Ilallebana
3267 2624 3462 2680 tunde
3520 2633 3575 2680 et

1984 2723 2141 2778 Mene
2189 2730 2462 2778 vocatur:
2495 2736 2619 2774 nam
2652 2717 2813 2774 Jeree
2870 2717 3098 2781 mensis,
3149 2724 3204 2771 et
3249 2717 3379 2770 luna
3422 2714 3576 2770 Mene

1985 2817 2224 2884 dicitur;
2254 2831 2317 2869 ac
2347 2813 2571 2886 perinde
2599 2820 2659 2866 ut
2698 2811 2840 2883 apud
2875 2810 3095 2866 Graecos
3124 2825 3154 2864 a
3183 2825 3373 2865 mense
3398 2810 3577 2863 nomi-

1985 2909 2074 2963 nis
2124 2908 2539 2978 appellationem
2584 2904 2817 2960 derivat.
2877 2901 3137 2973 Sequitur
3187 2901 3355 2967 Mars,
3413 2916 3577 2971 quem

1985 2997 2205 3053 Cocliab
2238 2996 2425 3052 Ocmol
2461 2995 2785 3061 nominant;
2816 2993 3147 3048 Mercurium
3194 3009 3325 3047 vero
3359 2991 3579 3046 Cocliab

1988 3088 2252 3165 Oclunod,
2290 3087 2477 3146 Jovem
2521 3086 2744 3141 Cochab
2778 3085 2928 3138 Baal.
2963 3083 3229 3139 Venerem
3271 3082 3462 3148 Serua,
3495 3083 3578 3138 vel

1993 3185 2164 3239 Lued.
2210 3184 2482 3238 Saturnus
2518 3181 2759 3251 denique
2807 3178 3032 3234 Cocliab
3083 3176 3285 3233 Sabeth
3320 3186 3573 3233 vocatur.

1995 3274 2135 3342 Sunt
2161 3283 2215 3329 et
2246 3274 2462 3336 illorum
2491 3271 2611 3326 aliae
2662 3269 3110 3332 nomenclaturze,
3143 3282 3281 3339 quas
3321 3275 3578 3321 accurate

1992 3410 2246 3471 randum,
2280 3407 2325 3462 si
2372 3405 2538 3460 modo
2572 3420 2763 3459 verum
2801 3410 2906 3467 est,
2943 3402 3302 3457 muliebribus
3347 3400 3578 3471 palliolis

1994 3496 2124 3537 usos
2165 3470 2289 3533 csSe
2339 3477 2662 3532 Pharisaeos.
2696 3474 2852 3541 Quod
2900 3476 3172 3541 sequitur,
3203 3475 3260 3525 ὲν
3297 3470 3578 3533 πλατείαις

1991 3554 2113 3614 ταῖς
2142 3551 2393 3620 κρηπῖσι,
2423 3548 2558 3620 lata_s
2592 3548 2813 3620 eosdem
2846 3544 3097 3620 crepidas
3131 3542 3388 3620 habuisse
3413 3542 3579 3610 signi-

1994 3623 2142 3684 ﬁcat,
2181 3614 2281 3673 nec
2313 3620 2473 3671 aliter
2503 3617 2825 3671 Cornarius.
2874 3614 3104 3680 Quidam
3140 3622 3317 3665 tamen
3348 3614 3419 3664 ita
3459 3627 3579 3684 cor-

1994 3681 2281 3760 rigendum
2319 3694 2531 3758 putant,
2563 3689 2623 3760 ἐν
2651 3685 2950 3760 πλατείαις,
2979 3687 3034 3737 ὲν
3062 3686 3181 3760 ταῖς
3204 3685 3455 3760 κρηπῖσι,
3487 3681 3579 3734 καὶ

1991 3754 2280 3833 γὶῖώτταις,
2296 3754 2408 3833 etc.
2429 3760 2506 3833 Ac
2526 3758 2728 3833 plateas
2748 3755 3075 3833 intelligunt,
3091 3754 3143 3806 in
3172 3755 3372 3833 quibus
3395 3761 3579 3805 osten-

1993 3822 2181 3886 tabant
2209 3844 2266 3884 se
2296 3822 2577 3881 Pliarisaéi.
2615 3826 2724 3893 Ego
2779 3822 3331 3893 nihil'iunovandum
3364 3837 3579 3893 censeo.

2065 3902 2140 3971 (6)
2182 3898 2374 3971 Φάρες
2416 3891 2715 3971 γὰρᾼσςατὰ
2758 3894 2872 3971 τὴν
2907 3893 3193 3971 Ἑϐραῒδιιἶ
3246 3891 3376 3971 lleg.
3411 3892 3579 3971 codex

1990 3962 2362 4042 Φέρέςηυξῑεῖ
2393 3962 2706 4042 εἲιξῃφέρις,
2737 3975 2788 4042 et
2826 3966 3110 4042 legendum
3152 3964 3222 4018 sit
3261 3962 3580 4033 ἀφωρισμέ-

1990 4034 2098 4104 νος.
2133 4034 2456 4107 Quanquam
2502 4034 2807 4107 ἀφορισμός
2842 4034 3047 4107 resest
3092 4034 3428 4107 ipsa_,_q_nam
3476 4047 3578 4084 vu-

1992 4103 2248 4166 cabulum
2281 4103 2560 4176 signiﬁcat
2585 4103 2737 4159 :‘non
2768 4114 2827 4157 ut
2852 4104 2913 4156 τὸ
2928 4105 3108 4176 Φάρεί
3135 4104 3214 4156 vel
3237 4103 3404 4173 Φέρες
3438 4115 3612 4169 prem.

1993 4183 2108 4235 eise
2165 4180 2237 4234 sit
2282 4172 2499 4230 vei-bale
2559 4176 2964 4230 substantivum
3014 4172 3323 4243 ἐνέργειαν
3353 4186 3581 4226 sonans.

1993 4251 2090 4307 Est
2117 4249 2262 4304 enim
2303 4249 2486 4319 potius
2515 4254 2816 4314 separatus,
2845 4258 3008 4313 quam
3041 4242 3333 4311 separatio.

2062 4345 2137 4415 (7)
2182 4337 2333 4415 Οἵονγ
2364 4341 2538 4415 ἥλιος
2590 4338 3044 4415 ἰιμακαίσελςες.
3080 4336 3154 4415 De
3198 4333 3579 4415 liianebraeo-

1993 4403 2132 4469 ruin'
2167 4403 2619 4483 appellationibus
2654 4403 2773 4477 agit
2803 4403 3235 4483 eruditissimus
3283 4403 3582 4483 _S_errariu_s

1991 4475 2251 4550 noster-II
2297 4499 2312 4536 ι
2365 4480 2438 4534 De
2469 4481 2638 4534 tribus
2685 4475 2948 4550 accline.
2985 4479 3039 4541 2,
3078 4479 3229 4550 etin
3273 4475 3579 4550 Minervah‘,

1991 4546 2083 4610 lib.
2136 4571 2207 4616 iv,
2260 4568 2311 4607 c.
2360 4553 2412 4606 5.
2467 4551 2542 4604 Ea
2574 4552 2653 4607 sic
2696 4548 2964 4604 licbraice
3011 4546 3371 4617 concipienda
3429 4553 3579 4601 sunt.

1986 4656 2133 4709 nm,
2168 4645 2250 4699 vel
2275 4651 2590 4705 mzn'i?
2631 4642 2713 4696 vel
2748 4625 2901 4701 .1135.
2942 4640 3179 4695 Duorum
3234 4640 3580 4709 sequentium

1990 4708 2234 4779 numina,
2255 4716 2401 4784 quod
2435 4729 2623 4769 eorum
2660 4715 2813 4781 origo
2832 4714 2906 4784 sit
2934 4712 3163 4784 incerta,
3185 4727 3294 4765 non
3318 4708 3469 4784 satis
3495 4708 3582 4784 ὲξς

1988 4779 2336 4857 εϐραῖζεσθάι
2400 4792 2640 4855 queunt;
2698 4779 2892 4852 Χωχὲϐ
2952 4782 3210 4852 Ὀκμώλ,
3277 4788 3332 4835 et
3389 4779 3580 4849 Χωχὲϐ

2004 4878 2225 4949 Ὀχμόδ.
2256 4877 2499 4943 Quorum
2532 4875 2686 4946 prius
2723 4873 2941 4945 Ὀκμώλ
2960 4874 3096 4929 forte
3115 4889 3143 4926 a
3168 4857 3309 4956 512p,
3336 4872 3479 4942 quod
3492 4879 3579 4927 est

1991 4966 2294 5029 succidere,
2345 4967 2575 5020 alterum
2627 4979 2657 5017 a
2684 4974 2812 5025 'nzn
2856 4965 3001 5034 quod
3038 4972 3121 5018 est
3163 4964 3577 5031 concupiscere,

1991 5039 2118 5108 quia
2148 5035 2448 5091 Mercurius
2486 5035 2828 5108 lucrionibus
2880 5042 2933 5090 et
2966 5034 3400 5108 negO'iatoribus
3429 5047 3579 5108 qua»
3644 5044 3654 5066 ν

1992 5100 2109 5162 stus
2166 5107 2500 5162 avidissimis
2560 5105 2855 5174 praesidet;
2919 5100 3060 5158 nam'
3118 5102 3261 5173 quod
3334 5100 3581 5174 Scaliger

1991 5177 2180 5232 Ocmol
2235 5178 2301 5231 ad
2355 5172 2683 5238 Camulum,
2738 5176 2830 5244 qui
2884 5176 2938 5228 in
2987 5178 3156 5228 veteri
3214 5172 3583 5244 inscriptione

1993 5255 2195 5308 exstat,
2251 5248 2525 5316 pertinere
2572 5242 2840 5316 defendit,
2891 5260 2999 5316 non
3051 5244 3264 5316 probat.
3315 5242 3580 5316 Sequitur

1989 5327 2118 5383 Y'I'Tl
2152 5311 2296 5376 3.315.
2334 5316 2560 5371 Veneris
2594 5316 2748 5369 stella
2802 5313 3007 5384 Σερούα
3053 5311 3147 5367 vel
3188 5313 3383 5380 Λουήδ.
3419 5311 3578 5384 Prior

1992 5405 2098 5444 vox
2130 5403 2159 5440 a
2192 5399 2318 5452 νηΐ,
2362 5395 2421 5440 ut
2467 5385 2716 5440 Set-rario
2754 5383 2929 5438 visum
2961 5390 3065 5449 est,
3099 5384 3375 5449 deducta;
3415 5383 3575 5452 quasi

1992 5491 2159 5545 W11:
2192 5479 2550 5548 posteriorem
2584 5491 2613 5529 a
2643 5459 2974 5548 ﬁtiualim,
3000 5490 3163 5548 quam
3192 5489 3228 5548 _a_
3251 5458 3399 5548 ξηιλ
3439 5472 3576 5528 Nam

1991 5544 2046 5606 et
2074 5544 2285 5620 Assvrii
2313 5546 2629 5619 Ἀφροδίτην
2656 5544 2920 5609 Μύλιττα,
2952 5546 3158 5601 Arabes
3191 5546 3401 5598 Ἀλίττα
3436 5559 3576 5597 nuu-

1993 5639 2527 5711 cuparuntaAuctor
2573 5636 2880 5692 llerodotus
2911 5637 3077 5711 Cl_io._
3160 5622 3378 5711 amba:
3411 5637 3444 5706 η
3483 5651 3577 5703 γε-

1993 5706 2241 5782 νέτειρα.
2300 5710 2542 5782 Denique
2589 5718 2721 5770 mw
2773 5719 2898 5767 πῚῦ
2951 5706 3174 5764 Sabbati
3224 5710 3380 5764 stella
3426 5714 3576 5761 recte

1997 5781 2268 5837 Saturnus
2294 5781 2514 5837 dicitur.
