4022 6432
293 340 407 405 253

971 336 1344 397 ADVERSUS
1382 336 1725 396 IIA‘IRESES
1761 337 1896 395 LIB.

2010 338 2178 396 ΤΟΜ.
2219 340 2260 396 Ι.
2305 371 2374 382 -
2405 338 2682 397 ΗᾸΞΒΕΞ.
2723 340 2863 399 XVI.

3480 343 3589 402 254

292 458 432 528 ἡμῖν
454 455 551 512 καὶ
576 455 837 529 ὀνομαστὶ
855 456 1092 530 εῑρηται.
1128 459 1365 530 Ἐσχάτη
1392 458 1450 512 δὲ
1479 458 1663 523 αὐτοῖς
1685 458 1892 531 ἀπορία

2010 457 2164 524 ierre,
2202 458 2527 515 nominatim
2563 459 2655 515 illa
2686 457 3060 530 percensenda
3097 456 3379 515 duximus.
3406 444 3504 512 Est
3527 463 3591 514 il-

295 548 398 602 καὶ
425 547 705 621 ἠλιθιότης
728 550 828 622 οὐχ
856 551 1146 622 ήτυχοῦσα
1171 553 1284 615 τοῖς
1312 552 1408 607 καὶ
1427 552 1725 607 ἀνάστασιν
1756 554 1888 622 ὁμοο

294 636 544 716 λογοῢσι,
567 642 662 708 καὶ
696 642 877 714 κρίσιν
916 644 1132 699 δικαίαν
1157 642 1517 716 ὁριζομένοις.
1547 644 1888 715 εἱμαρμένην

294 732 500 801 λέγειν.
530 731 657 798 Πῶς
680 733 788 807 γάρ
811 733 1035 790 δύναται
1051 735 1232 808 κρίσις
1255 731 1396 790 εἶναι
1422 736 1519 790 καὶ
1554 734 1887 807 είμαρμένη;

297 828 457 878 Δυοῐν
479 823 591 897 γὰρ
612 825 825 897 ἀνάγκη
856 827 1082 899 θάτερον
1096 844 1110 860 ο
1136 828 1192 900 ἦ,
1224 827 1492 899 γενέσεως
1512 825 1886 899 ὑπαρχούσης,

300 916 380 988 μὴ
400 912 541 971 εἶναι
563 918 764 988 κρίσιν,
782 917 869 981 διὰ
897 919 960 973 τὸ
990 919 1084 974 τὸν
1117 919 1429 991 πράττοντα
1441 919 1544 974 οὐκ
1572 919 1664 990 ἀφ’
1693 916 1889 977 ἑαυτοῦ

297 1009 591 1081 πρᾴττειν,
643 1009 781 1065 ἀλλὰ
839 1013 962 1065 κατ’
989 1011 1235 1081 ἀνάγκην
1276 1010 1634 1084 ἐπικρατείας
1660 1008 1760 1080 τῆς
1792 1026 1926 1088 πε··,

299 1102 634 1174 πρωμὲνηςο
657 1102 714 1175 ἢ,
743 1104 825 1158 ὅτι
852 1104 1088 1177 κρίσεως
1132 1102 1506 1176 ὑπαρχούσης,
1541 1102 1635 1157 καὶ
1673 1104 1733 1157 ὲν
1761 1101 1895 1173 ἀλη-

300 1196 427 1272 θεία
475 1196 978 1269 ὲπαπειλουμένης,
1025 1197 1121 1251 καὶ
1174 1196 1356 1267 νόμων
1404 1194 1755 1261 δικαζόντων,
1801 1194 1896 1252 καὶ

298 1288 416 1355 σιῶν
441 1287 504 1342 τὸ
530 1289 766 1362 πονηρὸν
798 1287 1048 1361 δρώντων
1079 1289 1235 1360 δίκην
1270 1287 1603 1360 ὑπεχόντων,
1634 1286 1801 1358 νόμου
1836 1305 1897 1345 τε

299 1381 738 1453 ὁμολογουμένου
781 1381 990 1436 δικαίου
1022 1382 1116 1436 καὶ
1142 1382 1377 1455 κρίσεως
1420 1380 1558 1437 Θεοῦ
1584 1380 1889 1452 ἀληθεστά-

297 1491 424 1544 της,
460 1472 632 1546 ἀργὴν
663 1467 801 1527 εἶναι
825 1473 925 1544 τὴν
947 1473 1338 1548 πεπρωμένην,
1369 1471 1465 1528 καὶ
1490 1471 1565 1545 μὴ
1583 1471 1726 1543 ἔχειν
1752 1471 1890 1537 ὅλως

301 1563 569 1618 σύστασιν
594 1563 656 1617 τὸ
693 1564 973 1643 παράπαν.

1994 552 2090 608 Iud
2137 567 2270 608 vero
2300 564 2557 609 extremae
2601 553 2889 625 cujusdam
2942 553 3248 624 imperitiae,
3291 566 3363 606 ne
3408 550 3587 605 dicam

1997 645 2269 708 amentiae,
2316 660 2441 700 cum
2474 646 2938 703 resurrectionem
2972 653 3319 701 mortuorum
3350 659 3475 700 esse
3511 644 3591 698 la.

1998 744 2166 801 teare,
2206 750 2272 790 ac
2309 736 2679 806 justissimum
2709 738 2778 794 de
2822 738 3090 809 cujusque
3133 736 3292 793 factis
3319 736 3589 808 judicium

2000 826 2388 893 constitutum,
2424 825 2594 881 fatum
2642 828 3004 884 nihilominus
3042 844 3167 884 esse
3210 828 3383 883 ullum
3436 840 3590 881 asse-

1997 933 2136 981 rere.
2183 917 2288 985 Qui
2329 919 2476 975 enim
2520 919 2630 975 duo
2671 920 2781 977 ista
2822 920 3119 976 convenire
3149 928 3400 991 possunt,
3443 916 3591 987 judi-

1994 1011 2163 1078 cium,
2200 1012 2446 1083 inquam,
2479 1023 2653 1085 atque
2685 1012 2899 1069 fatum?
2932 1016 3140 1070 Horum
3173 1013 3318 1070 enim
3356 1012 3588 1067 alterum

1995 1120 2224 1163 necesse
2269 1108 2508 1165 est:vel
2555 1107 2606 1164 si
2646 1108 2758 1164 ulla
2809 1109 2881 1166 sit
2939 1108 3194 1180 genitalis
3243 1104 3587 1169 necessitas,

1996 1198 2210 1253 nullum
2238 1200 2650 1272 essejudicium
2681 1220 2693 1256 :
2729 1201 2876 1272 quod
2906 1201 3000 1272 qui
3034 1199 3329 1256 committit
3355 1194 3589 1267 aliquid,

1997 1305 2108 1345 non
2147 1291 2203 1346 id
2244 1306 2341 1348 sua
2387 1302 2582 1363 sponte
2616 1292 2769 1359 facit,
2815 1292 2911 1349 sed
2946 1292 3181 1347 fatorum
3213 1291 3266 1345 vi
3308 1305 3372 1345 ac
3404 1298 3593 1361 tyran-

1999 1383 2130 1438 nide
2168 1385 2512 1455 compulsus,
2559 1387 2644 1442 vel
2691 1385 2736 1443 si
2785 1384 3056 1455 judicium
3108 1391 3194 1440 est
3242 1383 3436 1444 ullum,
3489 1394 3592 1436 nec

1998 1470 2206 1528 frustra
2255 1473 2309 1528 in
2353 1475 2878 1530 comminationibus
2917 1474 3084 1545 objici
3125 1472 3288 1538 solet,
3341 1477 3507 1541 atque
3535 1475 3592 1525 et

1997 1564 2143 1633 leges
2174 1565 2372 1637 aliqua:
2417 1575 2567 1633 sunt,
2603 1574 2660 1623 et
2707 1566 3000 1637 ﬂagitiosis
3045 1564 3365 1621 hominibus
3416 1561 3593 1618 scele-

302 1674 428 1715 rum
456 1673 631 1729 pinnae
677 1658 1024 1724 constitutas;
1078 1657 1124 1713 si
1152 1656 1392 1728 denique
1416 1656 1593 1728 justa.
1629 1671 1661 1712 a
1728 1654 1840 1713 Deo
1872 1656 1961 1712 lex
1997 1658 2224 1725 tradita,
2269 1668 2325 1716 et
2359 1660 2506 1717 illius
2544 1660 2816 1733 judicium
2860 1661 3013 1718 omni
3067 1676 3134 1714 ex
3183 1666 3338 1730 parte
3371 1655 3593 1713 veritati

302 1762 737 1818 consentaneum
787 1766 890 1820 est,
935 1769 1165 1810 necesse
1212 1764 1319 1821 est,
1344 1755 1593 1825 inquam,
1630 1768 2036 1825 supervacuum
2070 1770 2195 1812 esse
2227 1754 2398 1810 latum
2427 1756 2584 1822 illud,
2610 1772 2711 1813 nec
2737 1757 2850 1813 ullo
2877 1756 2930 1810 in
2968 1755 3092 1810 loco
3130 1753 3458 1809 consistere.

376 1855 451 1905 A'.
502 1850 720 1915 Ὁπότε,
778 1850 867 1905 διά
904 1851 966 1904 τὸ
991 1850 1254 1905 δύνασθαι
1296 1850 1657 1923 ἁμαρτάνειν,
1692 1848 1789 1903 καὶ
1820 1848 1896 1921 μὴ

2071 1848 2162 1907 1V.
2206 1850 2419 1910 Etenim
2449 1867 2563 1909 non
2594 1852 2757 1906 aliam
2784 1852 2857 1907 ob
2880 1865 3128 1931 causam,
3163 1848 3270 1904 nisi
3291 1847 3439 1918 quod
3462 1859 3595 1917 pec-

304 1944 594 2016 ἀμαρτετν,
624 1943 716 1998 τὸν
754 1943 852 2015 μὲν
904 1943 994 1997 διὰ
1034 1942 1104 1997 τὰ
1137 1943 1521 2015 ἁμαρτήματα
1550 1942 1709 2013 δίκην
1735 1942 1901 1994 ἀπαι-

274 2034 539 2098 -τείσοαι,
579 2034 668 2088 τὸν
697 2034 756 2089 δὲ
788 2034 1007 2089 ἔπαινον
1044 2034 1461 2106 ἀπεκδέχεσθαι,
1493 2032 1583 2088 διὰ
1610 2032 1673 2087 τὸ
1709 2026 1768 2087 εὖ
1811 2048 1903 2085 πε-

304 2128 600 2199 πραχέναι,
627 2126 857 2200 ὥρισται
905 2126 1029 2180 καθ’
1078 2127 1357 2200 ἑκατέρων
1395 2126 1457 2180 τὸ
1496 2126 1784 2198 διάφορον·
1825 2124 1902 2189 ὡς

304 2220 404 2287 καὶ
449 2220 548 2292 μιᾷ
600 2221 753 2291 φωνῇ
802 2219 989 2292 δικαία
1024 2219 1206 2289 λέγειν
1256 2220 1313 2272 ὲν
1348 2217 1601 2289 συντόμῳ
1646 2216 1900 2288 ἀληθείᾳ,

302 2313 397 2373 διὰ
438 2311 659 2366 Ἡσαΐου
686 2310 780 2365 τοῦ
832 2312 1107 2384 προφήτου
1148 2312 1215 2365 ὲκ
1256 2308 1552 2383 προσώπου
1592 2308 1799 2381 Κυρίου
1825 2308 1904 2361 εί-

306 2400 566 2489 ρημὲνον,
593 2403 685 2457 τό’
731 2401 873 2458 Ἐὰν
908 2403 1142 2473 θέλητε,
1182 2402 1284 2456 καὶ
1330 2399 1735 2469 είσακούσητέ
1757 2416 1899 2469 μου.

304 2497 381 2557 τὰ
417 2494 609 2564 mood
655 2489 763 2566 τῆς
814 2492 925 2566 γῆς
952 2493 1258 2565 φάγησθε·
1293 2493 1403 2548 ἐὰν
1438 2493 1508 2547 δὲ
1531 2491 1620 2563 μὴ
1664 2490 1900 2559 θέλητε,

306 2587 461 2659 μηδὲ
487 2585 890 2655 είσακούσητέ
914 2604 1054 2657 μου,
1092 2585 1360 2657 μάχαιρα
1391 2583 1549 2655 ὑμᾶς
1572 2583 1900 2639 κατέδεται.

316 2683 384 2737 Τὸ
410 2682 521 2751 γὰρ
549 2683 748 2750 στόμα
765 2680 988 2748 Κυρίου
1018 2679 1289 2748 ἐλάλησε
1316 2679 1524 2734 ταῦτα.
1544 2678 1709 2731 Ὥστε
1743 2675 1904 2731 παντί

306 2794 388 2846 τῳ
416 2775 574 2847 δῆλόν
622 2777 740 2831 ἐστι
785 2780 879 2835 καὶ
922 2774 1313 2847 ἀναμφίὸολον,
1357 2776 1436 2839 ὡς
1467 2775 1530 2830 τὸ
1558 2772 1904 2839 αὐτεξούσιον

310 2868 603 2939 παρείχετο
630 2867 785 2934 Θεὸς,
823 2868 889 2922 δι’
936 2868 1131 2922 ἑαυτοῦ
1171 2869 1351 2939 φήσας
1370 2867 1451 2932 τὸ,
1501 2867 1644 2921 Ἐὰν
1666 2866 1901 2934 θέλητε,

309 2962 409 3023 καὶ
454 2959 541 3029 μὴ
599 2959 842 3028 θέλητε·
885 2958 1025 3014 ὥστε
1058 2960 1186 3031 περὶ
1214 2959 1308 3012 τὸν
1347 2956 1634 3031 ἄνθρωπον
1674 2952 1815 3011 εἶναι
1846 2956 1906 3011 τὸ

310 3052 692 3124 ἀγαθοεργεῖν,
722 3049 755 3122 ἢ
785 3050 847 3103 τὸ
870 3048 1090 3120 φαύλων
1124 3048 1373 3119 ἐφίεσθαι
1409 3048 1771 3120 πραγμάτων.
1810 3042 1906 3112 Οἷς

310 3144 688 3217 ἑπιφωνητέον
714 3144 832 3198 ἐστὶ
869 3143 1203 3215 πυκνότερον
1244 3142 1340 3197 καὶ
1371 3140 1673 3213 πολλαχῶς,
1704 3142 1799 3195 καὶ
1843 3141 1903 3195 οὐ

310 3238 400 3294 διὰ
424 3206 566 3309 ’μιᾶς
600 3237 806 3309 φωνῆς,
828 3234 977 3303 ἀλλὰ
1013 3206 1274 3301 πολλάκις
1310 3234 1379 3289 τὰ
1417 3206 1576 3308 παρά
1598 3234 1692 3288 τοῦ
1720 3236 1903 3307 Σωτῆ-
1934 3206 1976 3273 C

314 3343 410 3401 ρος
444 3327 580 3399 πρὸς
624 3328 823 3392 αὐτοὺς
850 3327 1147 3400 είρημένα’
1174 3328 1319 3382 Οὐαὶ
1347 3327 1511 3397 ὑμῖν,
1534 3326 1909 3405 Γραμματεῗς

312 3421 414 3489 καί
445 3419 754 3490 Φαρισαῖοι
795 3420 1141 3490 ὑποκριταί*
1184 3418 1272 3481 ὅτι
1313 3419 1790 3475 καταλελοίπατε
1837 3419 1912 3474 τὰ

311 3510 507 3580 ⁴βαρέα
543 3511 651 3566 τοῦ
677 3512 888 3582 νόμου,
940 3510 1059 3580 τὴν
1083 3512 1289 3580 κρίσιν
1315 3510 1417 3567 καί
1450 3512 1557 3567 τὸν
1576 3512 1773 3577 ἔλεον,
1810 3510 1912 3566 καί

314 3603 759 3665 ἀποδεκατοῦτε
808 3604 877 3659 τὸ
914 3602 1164 3673 ἄνηθον,
1191 3604 1294 3659 καί
1324 3605 1392 3661 τὸ
1430 3603 1765 3676 ἡδύοσμον,
1810 3603 1909 3659 καί

315 3692 386 3753 τὸ
420 3692 717 3763 πήγανον,
759 3694 862 3748 καί
904 3692 1244 3762 καθαρίζετε
1284 3695 1351 3748 τὸ
1384 3694 1558 3761 ἐκτὸς
1587 3693 1696 3749 τοῦ
1726 3706 1911 3763 ποτη-

313 3786 453 3854 ρίου
493 3785 592 3841 καὶ
643 3784 753 3840 τοῦ
792 3786 1067 3852 πίνακος,
1109 3787 1177 3849 τὸ
1216 3787 1285 3845 δὲ
1310 3789 1488 3856 ἐντός
1513 3789 1646 3843 ἐστι
1682 3788 1914 3859 μεστὸν

316 3880 692 3949 ἀκαθαρσίας
724 3879 821 3933 καὶ
855 3880 1171 3948 ἀκρασίας.
1196 3882 1303 3935 Kal
1323 3880 1661 3952 δοκιμάζετε
1680 3880 1915 3935 δίκαιον

316 3967 473 4027 εἶναι
527 3972 780 4041 ὀμνύναι
835 3971 905 4025 ἐν
936 3970 1017 4038 τῷ
1049 3972 1251 4026 ἐπάνω
1289 3972 1398 4027 τοῦ
1436 3972 1872 4041 θυσιαστηρίου
1896 3987 1911 4013 '-

315 4064 386 4121 τὸ
424 4063 494 4117 δὲ
542 4065 612 4117 ἐν
647 4063 808 4130 αὐτῷ
853 4063 933 4130 τῷ
975 4065 1383 4135 θυσιαστηρίῳ
1428 4067 1567 4134 παρ’
1608 4064 1770 4134 ’ὑμῖν
1834 4062 1915 4130 τῷ

320 4154 479 4223 ὅρκῳ
513 4154 795 4209 λέλεκται
828 4154 870 4219 ί,
911 4154 1010 4207 καί
1057 4153 1123 4208 τὸ
1152 4155 1222 4208 ἐν
1261 4152 1344 4219 τῷ
1381 4152 1618 4223 οὐρανῷ
1660 4154 1915 4223 ὀμνύναι

320 4243 506 4297 οὐδὲν
534 4240 685 4297 εἶναι
713 4242 883 4313 φατέ.
929 4243 1071 4298 Ἐὰν
1106 4241 1173 4297 δέ
1194 4260 1284 4311 τις
1304 4243 1500 4313 ὀμόσῃ
1534 4243 1604 4297 ἐν
1632 4241 1713 4306 τῷ
1734 4244 1916 4310 ὑπερ·

320 4335 448 4405 circa
462 4334 668 4400 αὐτοῦ,
696 4334 874 4389 τοῦτο
899 4333 1288 4393 δεδικαίωται.
1323 4334 1470 4405 Οὐχὶ
1495 4333 1562 4388 τὸ
1587 4333 1918 4401 θυσιαστή-

316 4444 458 4497 ριον
471 4424 759 4491 βαστάζει
782 4426 849 4481 τὸ
890 4425 1291 4494 ἐπικείμενον,
1325 4426 1424 4483 καὶ
1453 4428 1486 4480 ό
1507 4423 1767 4495 οὐρανὸς
1786 4425 1917 4493 θρό-

321 4535 433 4585 νος
464 4517 593 4572 ἐστὶ
628 4517 734 4581 τοῦ
759 4518 852 4571 ἐπ’
885 4517 1049 4584 αὺτῷ
1075 4515 1606 4587 ἐπικαθεζομένου;
1662 4517 1772 4571 Καὶ
1826 4516 1915 4570 ὅτι

320 4609 552 4679 λέγετε,
587 4607 729 4667 Ἐάν
762 4625 854 4676 τις
899 4608 1040 4678 εἴπῃ
1074 4609 1251 4678 πατρί
1285 4609 1384 4663 καὶ
1412 4611 1616 4679 μητρίο
1650 4607 1910 4679 Κορϐάν,

326 4702 360 4754 ὅ
386 4703 518 4755 ἐστι
549 4699 787 4770 δῶρονέ
822 4701 900 4764 ἂν
930 4700 999 4766 ἐξ
1039 4701 1185 4771 ἐμοῦ
1207 4700 1552 4775 ὠφεληθῇς,
1576 4700 1676 4755 καὶ
1709 4701 1913 4756 οὐκέτι

320 4794 409 4865 μὴ
470 4793 711 4863 τιμήσει
760 4792 869 4848 τὸν
895 4794 1150 4862 Πατέρα,
1192 4794 1290 4848 καὶ
1320 4794 1656 4863 ήθετήσατε
1676 4795 1792 4861 τὴν
1814 4794 1915 4847 ὲν-

325 4884 523 4955 τολὴν
552 4884 661 4939 τοῦ
713 4885 862 4940 Θεοῦ
889 4884 985 4939 διὰ
1014 4884 1126 4954 τῆς
1149 4884 1270 4939 τῶν
1301 4885 1722 4954 πρεσϐυτέρων
1750 4884 1918 4955 ὑμῶν

327 4978 742 5049 παραδόσεως.
767 4979 873 5033 Kal
902 4978 1232 5033 κυκλεύετε
1261 4977 1586 5034 θάλασσαν
1610 4977 1707 5032 καὶ
1725 4976 1920 5046 ξηρὰν

328 5072 582 5140 ποιῆσαι
632 5071 745 5127 ἕνα
800 5071 1196 5141 προσήλυτον
1221 5087 1235 5103 ’
1292 5070 1395 5124 καί
1441 5070 1590 5124 ὅταν
1648 5071 1914 5140 γένηται,

329 5163 549 5219 ποιεῖτε
580 5162 770 5218 αὑτὸν
790 5161 1147 5230 διπλότερον
1169 5160 1339 5231 ὑμῶν
1356 5160 1493 5216 υἱὸν
1515 5159 1789 5231 γεέννης.

404 5279 472 5333 Τί
503 5280 683 5334 τοίνυν
726 5279 1112 5350 περιττότερον
1159 5274 1268 5330 τῶν
1295 5275 1468 5345 ἁγίων
1499 5276 1710 5347 ῥήσεων
1753 5274 1924 5344 ὑπερ-

331 5371 551 5427 ϐάλοιτό
580 5389 667 5437 τις
695 5372 833 5445 πρὸς
851 5371 1123 5426 ἀντίθεσιν
1138 5367 1248 5423 τῶν
1268 5367 1685 5440 προειρημένων
1705 5382 1720 5433 ;
1762 5366 1924 5420 Ἀλλά

332 5464 433 5519 καὶ
463 5464 750 5535 ἀρκεῖσθαι
790 5464 937 5536 μάλα
972 5462 1212 5535 ἡγοῦμαι
1244 5464 1367 5536 ταῖς
1404 5459 1497 5515 τοῦ
1523 5459 1777 5533 Σωτῆρος
1811 5477 1925 5530 φωρ

333 5558 456 5620 ναῖς
476 5557 569 5611 καὶ
599 5535 883 5628 ἀληθιναῖς
924 5555 1124 5620 λέξεσι,
1180 5535 1317 5625 πρὸς
1351 5552 1420 5617 ἃς
1454 5553 1553 5607 οὐκ
1581 5551 1927 5623 ἠδυνήθησαν

335 5645 677 5719 ἀντωπῆσαι,
701 5642 826 5698 οὔτε
852 5644 986 5715 πρὸς
1007 5643 1069 5697 τὸ
1093 5642 1451 5714 βραχύτατον.

2002 1958 2151 2011 care,
2184 1959 2361 2000 necne
2401 1945 2473 2000 sit
2502 1947 2559 2000 in
2604 1943 2835 2000 arbitrio
2860 1943 3153 2015 [cujusque
3178 1941 3446 2012 positum,
3490 1938 3596 1993 hoc

2002 2034 2299 2095 discrimen
2346 2036 2723 2091 introductum
2768 2042 2874 2101 est,
2931 2043 2989 2089 ut
3049 2034 3185 2088 alter
3225 2033 3595 2087 admissorum

2004 2127 2273 2182 scelerum
2318 2142 2511 2196 pmnas
2555 2127 2696 2189 luat,
2741 2127 2880 2181 alter
2910 2140 3010 2195 pro
3059 2133 3209 2179 recte
3252 2123 3411 2178 iactis
3458 2114 3601 2193 pmJ

2003 2219 2177 2273 mium
2204 2219 2535 2290 laudemque
2568 2225 2962 2288 consequatur.
2998 2216 3154 2283 Quod
3184 2216 3404 2286 quidem
3443 2215 3596 2271 brevi

2000 2312 2429 2383 justissimaque
2482 2312 2752 2367 sententia
2797 2311 3085 2381 complecti
3116 2309 3227 2380 36
3260 2322 3555 2379 possumus
3577 2346 3594 2375 ,

2005 2421 2128 2478 quae
2168 2406 2237 2462 ab
2269 2404 2407 2461 Isaia
2450 2406 2718 2476 propheta
2771 2419 2836 2459 ex
2880 2416 3120 2474 persona
3168 2401 3261 2456 Dei
3308 2399 3600 2455 verissime

2004 2498 2358 2570 pronuntiata
2420 2498 2638 2570 legitur.
2697 2496 2757 2552 Si
2812 2497 3119 2561 volueritis,
3187 2503 3238 2549 et
3294 2492 3598 2547 obedieritis

2006 2589 2157 2654 milii,
2206 2589 2344 2644 bona
2396 2598 2551 2644 terra:
2601 2589 2903 2643 comedetis.
2958 2587 3021 2643 Si
3077 2596 3252 2641 autem
3295 2584 3598 2647 nolueritis.

2006 2697 2168 2751 neque
2216 2680 2517 2736 obedieritis
2575 2680 2723 2746 mihi,
2770 2679 3043 2735 devorabit
3098 2696 3186 2733 ros
3236 2679 3472 2749 gladius.
3526 2678 3600 2733 οε

2005 2777 2146 2830 enim
2188 2775 2404 2829 Domini
2434 2774 2666 2828 locutum
2707 2783 2785 2829 est
2831 2775 3000 2828 ista’.
3049 2774 3125 2829 Ex
3172 2789 3282 2843 quo
3313 2772 3603 2842 perspicue

2007 2868 2163 2936 illud,
2204 2884 2269 2924 ac
2306 2869 2443 2924 citra
2479 2869 2644 2922 ullam
2685 2868 3087 2923 dubitationem
3118 2864 3381 2928 eﬂicitur,
3412 2864 3605 2918 Liber-

2008 2969 2176 3015 tatem
2217 2959 2427 3015 homini
2468 2975 2499 3013 a
2545 2958 2653 3014 Deo
2682 2974 2805 3014 esse
2838 2973 3200 3023 concessam;
3243 2971 3368 3010 cum
3408 2955 3479 3007 ita
3508 2968 3605 3023 per

2009 3066 2132 3108 sese
2154 3050 2357 3105 dixerit
2383 3069 2395 3104 :
2429 3049 2490 3105 Si
2512 3048 2779 3103 volueritis
2805 3057 2859 3104 et
2881 3048 3183 3103 nolueritis.
3209 3046 3361 3101 Adeo
3385 3053 3444 3098 ut
3466 3044 3606 3097 bene

2011 3159 2191 3215 agerc,
2238 3143 2324 3198 vel
2374 3142 2641 3197 malorum
2690 3142 3052 3211 cupiditatem
3093 3139 3407 3209 concipere,
3457 3136 3606 3191 illius

2012 3235 2241 3291 arbitrio
2274 3235 2345 3291 sit
2370 3233 2641 3288 relictum.
2670 3231 3038 3299 Quamobrem
3068 3245 3210 3300 saepe
3240 3228 3395 3289 illud,
3424 3241 3486 3280 ac
3512 3241 3609 3279 va-

2010 3328 2111 3391 rie,
2157 3342 2257 3381 nec
2292 3342 2399 3380 una
2425 3340 2560 3380 voce
2594 3324 3028 3395 personandum,
3065 3336 3129 3375 ac
3160 3318 3609 3389 frequentissimo

2010 3428 2204 3477 contra
2239 3420 2570 3491 impostores
2615 3419 2754 3473 istos
2803 3415 3161 3487 repetendum
3194 3425 3276 3468 est
3312 3412 3516 3466 dictum
3551 3410 3609 3465 in

2010 3529 2107 3569 eos
2140 3511 2444 3567 Salvatoris
2484 3510 2613 3566 illud
2643 3528 2656 3565 :
2698 3508 2788 3563 Va:
2821 3507 2989 3571 vobis,
3028 3505 3231 3562 Scriba:
3258 3514 3306 3560 et
3343 3502 3610 3558 lerisazi

2012 3604 2323 3676 hypocritw,
2355 3601 2605 3674 quoniam
2640 3600 2931 3671 reliquistis
2966 3616 3083 3670 qua:
3112 3598 3358 3668 graviora
3386 3604 3509 3651 sunt
3538 3594 3611 3648 le-

2012 3697 2114 3767 gis,
2160 3695 2428 3766 judicium
2471 3704 2520 3749 et
2562 3691 3024 3755 misericordiam;
3064 3700 3113 3744 et
3164 3687 3440 3743 decimatis
3485 3701 3611 3739 ane-

2015 3789 2186 3853 thum,
2219 3800 2267 3843 et
2311 3786 2601 3851 mentham,
2639 3797 2689 3840 et
2721 3796 2921 3848 rutam,
2962 3795 3010 3838 et
3042 3781 3314 3836 mundatis
3343 3778 3482 3847 quod
3519 3779 3612 3831 de-

2014 3880 2149 3954 foris
2178 3887 2255 3933 est
2305 3878 2489 3933 calicis
2531 3886 2581 3933 et
2629 3876 2934 3947 paropsidis
2960 3891 2978 3929 :
3007 3872 3146 3945 quod
3188 3873 3330 3926 intus
3373 3882 3473 3935 est,
3499 3868 3613 3938 ple;

2017 3991 2146 4037 num
2197 3981 2274 4028 est
2338 3971 2679 4026 immunditia
2736 3980 2787 4024 et
2852 3968 3110 4038 fwditate.
3164 3964 3233 4018 Et
3306 3963 3612 4033 approbatis

2006 4066 2215 4136 justum
2258 4079 2371 4118 csse
2388 4062 2578 4129 jurarc
2617 4061 2671 4113 in
2706 4076 2788 4124 eo,
2818 4057 2957 4128 quod
2997 4067 3075 4111 est
3105 4071 3264 4123 super
3292 4053 3465 4107 altare
3490 4051 3614 4121 :ju-

2015 4173 2139 4212 rare
2168 4164 2343 4209 autem
2381 4155 2432 4207 in
2473 4153 2639 4206 altari
2665 4153 2799 4221 ipso,
2821 4147 3189 4219 jurisjurandi
3235 4145 3375 4214 apud
3413 4161 3500 4199 vos
3532 4160 3614 4197 re-

2019 4249 2212 4319 ligione
2243 4246 2484 4300 solvitur.
2542 4244 2605 4297 Et
2640 4246 2693 4296 in
2724 4242 2851 4297 caelo
2876 4242 3065 4312 jurare
3094 4239 3228 4293 nihil
3268 4254 3381 4294 esse
3409 4236 3611 4290 dicitis.

2021 4339 2125 4412 Qui
2160 4349 2336 4392 autem
2368 4336 2631 4407 jurarerit
2675 4336 2729 4389 in
2771 4351 2853 4399 eo,
2896 4334 2986 4404 qui
3036 4347 3198 4399 supra
3242 4329 3374 4407 illud
3424 4339 3524 4392 est,
3559 4327 3614 4382 id

2020 4450 2138 4490 vero
2162 4433 2371 4502 justum
2414 4441 2673 4484 censetur.
2714 4427 2904 4482 Nonne
2952 4425 3124 4479 altare
3157 4432 3336 4493 portat
3367 4423 3444 4487 id,
3476 4423 3614 4493 quod

1945 4562 1989 4616 υ
2020 4524 2324 4594 impositum
2351 4531 2451 4586 est,
2483 4533 2529 4575 ct
2568 4521 2755 4575 cwlum
2784 4520 3002 4574 thronus
3042 4519 3155 4589 ejus
3179 4527 3276 4581 est,
3311 4518 3400 4587 qui
3436 4518 3487 4570 in
3520 4515 3615 4570 illo

2017 4616 2256 4674 insidet?
2312 4614 2380 4669 Et
2424 4618 2563 4686 quod
2606 4614 2832 4668 dicitis:
2863 4613 2921 4666 Si
2968 4612 3085 4681 quis
3132 4610 3330 4665 dixerit
3372 4609 3515 4678 patri
3566 4614 3619 4669 et

2018 4709 2182 4762 matri
2206 4724 2224 4761 :
2250 4706 2484 4769 Corban,
2518 4709 2617 4760 hoc
2661 4715 2740 4760 est
2772 4722 2964 4758 munus
2992 4701 3132 4775 quod
3161 4718 3228 4756 ea:
3257 4718 3338 4755 me
3373 4702 3468 4755 tibi
3496 4714 3617 4767 pro-

2018 4802 2177 4867 derit,
2220 4810 2269 4855 et
2310 4817 2411 4854 non
2465 4797 2751 4853 honorabit
2793 4807 3022 4865 putrem,
3064 4804 3116 4849 et
3161 4794 3375 4847 irritum
3418 4791 3618 4861 fecistis

2019 4893 2334 4950 mandatum
2368 4894 2461 4947 Dei
2499 4909 2591 4962 per
2625 4890 2965 4944 traditionem
2998 4889 3266 4943 seniorum
3302 4893 3615 4939 vestrorum.

2022 4987 2091 5041 Et
2129 4987 2366 5041 circuitis
2396 5001 2565 5047 mare,
2612 4995 2662 5038 et
2701 4982 2931 5045 aridam,
2970 4990 3025 5033 ut
3058 4979 3274 5050 faciatis
3302 4992 3466 5029 unum
3493 4990 3621 5043 pro-

2022 5080 2282 5149 selytum;
2326 5086 2375 5131 et
2419 5093 2539 5131 cum
2588 5075 2764 5145 factus
2796 5074 2979 5144 fuerit,
3020 5072 3200 5141 facitis
3250 5068 3407 5123 illum
3453 5065 3625 5135 duplo;

2022 5183 2180 5236 qua'n
2225 5181 2313 5218 vos
2354 5160 2802 5234 [iliumgehennw
2824 5159 2865 5214 ³.

2096 5275 2239 5345 Quid
2287 5275 2454 5347 igitur
2507 5274 2574 5328 ad
2623 5289 2718 5329 cos
2750 5272 3004 5327 homines
3050 5268 3383 5325 refellendos
3417 5266 3628 5325 divinis

2026 5367 2137 5422 illis
2178 5362 2465 5422 Sententiis
2504 5364 2671 5434 adjici
2719 5362 2942 5434 gravius
2971 5359 3209 5432 ipotcst?
3257 5357 3445 5429 Itaque
3486 5358 3631 5419 satis

2025 5476 2148 5517 esse
2175 5459 2416 5514 arbitror
2450 5457 2757 5514 Salvator-is
2791 5470 2981 5509 vocem
3007 5468 3072 5509 ac
3100 5452 3451 5508 verissimum
3487 5447 3627 5503 illud

2035 5550 2344 5613 oraculum,
2381 5548 2467 5604 cui
2509 5562 2575 5602 ne
2617 5545 2907 5600 minimum
2952 5542 3173 5614 quidem
3215 5540 3473 5599 reluctari
3526 5551 3627 5609 po-

2040 5650 2281 5697 lllCl'Uﬂl.

411 5792 429 5825 ¹
459 5790 623 5847 Forte
642 5787 740 5845 τοῦ
765 5789 930 5860 ὅρκου
960 5785 1198 5840 λέλυται.
1275 5790 1294 5819 ²
1324 5786 1430 5842 lsa.
1458 5801 1494 5854 I,
1533 5786 1613 5851 l9,
1643 5787 1733 5841 20.
1811 5786 1832 5816 ³
1866 5783 1908 5838 Μ

2010 5784 2054 5839 h.
2085 5799 2241 5847 χχιιι,
2271 5783 2334 5837 15
2371 5798 2489 5851 sqq.
