4022 6430
506 340 616 397 235

739 451 1110 507 ADVERSUS
1149 445 1859 514 IIEMEROBAPTISTAS,

638 568 771 634 Qua:
803 577 882 621 est
910 567 1124 621 lucraris
1153 560 1234 619 IV
1258 563 1549 629 Judaismi,
1581 562 1763 617 ordine
1784 560 1833 615 Χ
1851 560 1976 617 VII.

587 745 841 802 Proxima
880 756 963 801 est
997 745 1592 814 llemerobaptistarum
1642 749 1828 810 secta;
1879 757 2001 813 quae
2041 749 2099 797 ut

517 840 588 893 ab
613 839 736 893 aliis
762 839 908 892 nulla
933 840 985 891 in
1011 854 1069 891 re
1091 837 1197 905 37
1223 835 1453 891 dissidet
1479 852 1494 901 ;
1523 832 1822 903 eademque
1845 831 2100 903 dogmata

516 944 642 984 cum
701 929 909 984 Scribis
959 944 1024 983 ac
1071 928 1361 983 Pharisaeis
1406 926 1752 997 amplectitur
1790 944 1804 981 :
1854 925 1928 979 ita
1972 939 2099 979 eum

520 1019 834 1076 Sadduemis
859 1036 967 1073 non
993 1019 1158 1073 modo
1188 1019 1245 1074 in
1277 1018 1525 1088 neganda
1553 1024 1898 1072 mortuorum
1923 1031 2103 1072 resur-

519 1116 761 1170 rectione
807 1115 1101 1181 convenit;
1138 1128 1328 1168 verum
1377 1112 1543 1167 etiam
1585 1126 1931 1167 communem
1973 1126 2098 1166 cum

517 1207 590 1263 iis
636 1207 1036 1272 inﬁdelitatem,
1082 1213 1515 1275 czeterarumque
1559 1219 1743 1258 rerum
1776 1203 2098 1271 pravitatem

514 1300 736 1353 retinet.
791 1297 908 1353 Hoc
961 1313 1095 1354 vero
1138 1297 1472 1369 praecipuum
1513 1296 1747 1359 habent,
1793 1294 1939 1365 quod
1988 1304 2097 1348 tam

515 1405 667 1454 vere,
694 1397 1087 1461 autunmoque,
1116 1404 1279 1457 quam
1314 1395 1523 1451 :estate,
1555 1396 1719 1457 atque
1748 1386 1926 1442 hieme
1963 1400 2100 1455 quo-

518 1481 652 1536 tidie
689 1481 872 1535 lavant
905 1499 917 1535 :
948 1480 1092 1535 unde
1130 1486 1183 1535 et
1227 1477 1822 1549 llemerobaptistarum
1862 1477 2100 1546 appella-

518 1571 722 1623 tionem
777 1571 958 1641 adepti
1009 1578 1157 1626 sunt.
1207 1569 1284 1624 Ita
1335 1572 1481 1626 enim
1527 1569 1882 1627 statuebant:
1916 1569 2099 1623 vivere

518 1660 682 1713 aliter
724 1660 996 1715 hominem
1051 1675 1161 1714 non
1209 1674 1392 1729 posse,
1446 1674 1608 1729 quam
1657 1658 1703 1713 si
1752 1658 1994 1728 quotidie
2040 1672 2100 1713 se

517 1750 682 1817 nquis
715 1749 944 1813 clueret,
977 1757 1138 1818 atque
1175 1749 1244 1803 ab
1274 1734 1421 1803 omni
1452 1748 1682 1802 crimine
1712 1755 1991 1817 purgaret.

595 1838 697 1893 Sed
732 1854 762 1892 a
789 1839 948 1894 nobis
996 1855 1105 1897 uno
1134 1839 1300 1895 verbo
1345 1838 1591 1895 funditus
1620 1839 1788 1892 everti
1820 1846 1971 1892 secta
2006 1837 2101 1891 illa

520 1934 735 1997 potest;
760 1927 920 1997 cuius
942 1929 1199 1999 dogmata
1227 1937 1285 1982 ut
1314 1943 1342 1981 a
1385 1928 1488 1982 ﬁde
1522 1944 1752 1997 prorsus
1781 1928 1979 1989 aliena.
2022 1929 2102 1983 sic

519 2034 647 2073 cum
678 2019 1002 2078 inﬁdelitate
1031 2019 1325 2089 conjuncta
1371 2026 1520 2073 sunt.
1560 2018 1697 2073 Cum
1725 2019 1870 2073 enim
1907 2017 2103 2073 diebus

521 2111 755 2181 singutlis
786 2113 1097 2172 abluantur,
1131 2113 1213 2167 vel
1259 2127 1358 2169 sua
1390 2112 1495 2182 ipsi
1543 2112 1879 2166 conscientia
1913 2111 2104 2167 redar-

519 2208 780 2266 guuntur,
835 2213 1052 2252 omnem
1090 2197 1269 2263 illam,
1305 2213 1471 2268 quam
1503 2197 1679 2268 pridie
1715 2208 2099 2267 conceperant,

520 2302 672 2357 spem
699 2303 823 2342 cum
852 2287 954 2344 lide
982 2295 1144 2358 atque
1172 2289 1482 2359 expiatione
1517 2289 1841 2359 perdidisse.
1885 2288 2019 2341 Nam
2055 2289 2102 2344 si

520 2395 689 2441 unum
725 2378 994 2434 duntaxat
1025 2380 1352 2450 baptismum
1392 2387 1662 2443 tenerent,
1700 2380 1752 2434 in
1800 2395 1865 2435 eo
1895 2379 2106 2436 ﬁducia:

520 2469 727 2540 aliquid
771 2478 960 2541 utpote
985 2480 1243 2542 perpetuo
1271 2478 1437 2540 atque
1466 2471 1798 2537 immortali,
1831 2472 2104 2528 collocare

520 2569 765 2633 possent.
793 2560 913 2616 Jam
946 2577 1075 2617 vero
1105 2562 1198 2632 qui
1245 2562 1407 2618 hodie
1436 2577 1547 2617 non
1592 2563 1825 2617 curandi
1854 2563 2104 2633 corporis

520 2654 718 2724 gratia,
756 2653 852 2709 sed
887 2653 954 2707 ad
994 2653 1263 2724 expianda
1308 2654 1513 2709 scelera
1544 2654 1638 2709 loti
1687 2663 1847 2721 sunt,
1880 2656 2104 2725 quibus-

522 2759 627 2812 que
656 2742 778 2798 ideo
803 2750 1119 2813 repurgata,
1142 2754 1199 2797 ut
1225 2744 1329 2813 ipsi
1363 2752 1635 2809 statuunt,
1663 2745 1849 2800 omnia
1872 2760 1996 2801 esse
2012 2746 2105 2802 de-

521 2835 650 2888 bent
679 2850 693 2886 :
724 2834 885 2890 iidem
916 2849 1041 2888 eum
1087 2836 1351 2905 postridie
1389 2851 1610 2891 rursum
1657 2836 1978 2901 abluuntur,
2010 2837 2105 2891 de-

523 2922 734 2978 clarant
769 2922 1012 2993 profecto
1042 2923 1358 2979 hesternum
1398 2924 1551 2978 illum
1596 2924 1927 2996 baptismum
1975 2940 2104 2981 eva-

522 3013 730 3070 nuisse.
763 3012 879 3073 Nisi
927 3015 1070 3069 enim
1122 3015 1225 3071 iste
1261 3016 1546 3085 periisset,
1577 3017 1714 3071 nihil
1759 3027 1880 3073 erat
1910 3033 2009 3073 cur
2038 3018 2103 3073 ad

1939 334 1998 388 S.
2037 331 2378 387 EPIPHANII

2123 460 2170 508 Δ

3653 331 3748 392 256

2442 446 2447 449 ·
2476 444 2661 497 ΚΑΤΑ
2700 441 3322 497 ιιΜεΡοιιΑΠτιΣτοΝ
3347 441 3490 511 (to),

2204 554 2455 624 Τετάρτῃ
2484 557 2722 624 αἵρεσις,
2759 555 2877 609 ἀπὸ
2912 555 3015 608 τοῦ
3059 554 3450 624 Ἰουδαϊσμοῦ,
3493 556 3751 614 ἑπτακαιε-

2584 623 2800 692 δεκιὶτιι
2834 625 2902 677 δὲ
2935 624 3009 692 τῇ
3036 623 3383 681 ἀκολουθία.

2271 739 2506 803 Ταύταις
2541 739 2597 793 δὲ
2645 739 2937 792 συνέπεταί
2994 757 3080 803 τις
3129 740 3337 812 αἵρεσις
3376 742 3753 814 Ἥμεροῆαπτι-

2202 830 2361 895 στῶν,
2403 831 2545 884 οὕτω
2598 830 2926 901 καλουμένη,
2982 831 3148 901 μηδὲν
3186 833 3285 901 μὲν
3320 832 3752 903 παραλλάττουσα

2197 921 2307 976 τῶν
2326 921 2523 987 ἄλλων,
2547 920 2662 974 ἀλλ’
2687 921 2778 974 τσα
2807 920 2916 972 τῶν
2944 920 3322 992 Γραμματέων
3341 922 3438 974 καὶ
3463 922 3752 993 Φαρισαίων

2202 1012 2476 1087 φρονοῦσα
2495 1030 2510 1043 θ
2542 1014 2603 1066 οὐ
2636 1013 2744 1085 μὴν
2766 1011 3086 1082 ὲξισουμένη
3116 1013 3228 1075 τοῖς
3256 1011 3631 1075 Σαδδουκαίοις
3655 1013 3752 1084 (ΙΙ)

2200 1106 2258 1157 ὲν
2294 1106 2359 1174 τῇ
2387 1102 2495 1155 τῶν
2528 1102 2736 1174 νεκρῶν
2765 1102 3060 1155 ἀναστάσει
3089 1102 3267 1173 μόνον,
3294 1101 3431 1156 ἀλλὰ
3450 1105 3516 1173 τῇ
3548 1104 3755 1179 ἀπιστίᾳ

2201 1196 2295 1249 καὶ
2321 1198 2434 1259 τοῖς
2461 1195 2657 1259 ἄλλοις.
2714 1195 2884 1248 Τοῦτο
2911 1194 2967 1247 δὲ
2996 1194 3247 1265 περιττὸν
3289 1193 3426 1266 αὓτη
3461 1195 3751 1267 κεκτημένη

2201 1285 2234 1355 ἡ
2266 1284 2510 1355 αἵρεσιςο
2544 1283 2619 1347 ὡς
2645 1283 2703 1337 ἐν
2734 1282 2856 1355 ἒαρί
2887 1299 2946 1335 τε
2980 1284 3074 1337 καὶ
3108 1283 3427 1355 μετοπώρῳ,
3462 1283 3682 1355 χειμῶνί
3706 1302 3756 1339 τε

2201 1377 2295 1430 καὶ
2319 1375 2465 1447 θέρει
2482 1375 2709 1429 πάντοτε
2721 1374 3043 1446 καθημέραν
3069 1375 3424 1445 βαπτίζεσθαι
3446 1393 3460 1406 ·
3485 1377 3604 1431 ὃθεν
3630 1378 3716 1430 καὶ
3741 1379 3756 1409 ί

2213 1465 2724 1537 Ἢμεροὸαπτιστὰν
2779 1466 2965 1537 εἴληφε
3012 1466 3110 1537 τὴν
3152 1466 3489 1537 ἐπωνυμίαν.
3533 1469 3757 1537 Ἔφασκε

2200 1558 2309 1629 γὰρ
2340 1557 2479 1628 αὕτη
2520 1557 2695 1620 ἄλλως
2743 1575 2864 1621 πως
2892 1553 3123 1629 μὴεῖναι
3161 1555 3260 1627 ζῇν
3290 1557 3585 1630 ἀνθρώπῳ,
3618 1560 3662 1610 εί
3693 1560 3757 1627 μή

2198 1664 2252 1699 τι
2285 1648 2393 1718 ἄρα
2423 1645 2545 1699 καθ’
2577 1645 2815 1716 ἑκάστην
2835 1645 3050 1715 ἡμέραν
3078 1643 3391 1715 βαπτίζοιτό
3406 1660 3492 1706 τις
3520 1645 3577 1695 ὲν
3601 1641 3758 1704 ὕδατι,

2200 1736 2595 1807 ἀπολουόμενός
2619 1752 2678 1788 τε
2711 1736 2805 1788 καὶ
2836 1734 3186 1803 ἁγνιζόμενος
3219 1734 3327 1788 ἀπὸ
3357 1734 3539 1803 πάσης
3577 1732 3757 1795 αἰτίαςι

2133 1798 2173 1854 Β
2273 1798 2669 1900 Πρὸς-ταύτην
2706 1827 2763 1880 δὲ
2810 1798 2903 1881 καί
2952 1798 3121 1898 αὐτὴν
3159 1826 3217 1892 ἐξ
3275 1826 3398 1889 ἑνὸς
3443 1798 3598 1893 λόγου
3645 1825 3760 1895 ἡμῖν

2203 1919 2483 1991 ἀνατροπὴ
2508 1920 2800 1987 γενήσεται
2821 1936 2834 1948 ·
2869 1919 2951 1970 ὅτι
2985 1916 3239 1979 ἀπιστίας
3274 1918 3404 1988 παρ’
3435 1918 3613 1978 αὐτοῖς
3643 1917 3759 1985 μᾶλ-

2204 2008 2292 2062 λον
2386 2008 2621 2071 πίστεως
2648 2009 2698 2060 οἱ
2734 2007 2904 2076 λόγοι.
2948 2006 3189 2077 Ἐλέγχει
3220 2006 3329 2077 γὰρ
3363 2007 3562 2069 αὐτοὺς
3592 2007 3623 2075 ἡ
3653 2022 3761 2057 συν.

2204 2100 2411 2171 είδησις
2443 2098 2622 2153 αὐτῶν
2669 2098 2793 2152 καθ’
2822 2098 3059 2170 ἑκάστην
3093 2098 3306 2169 ἡμέραν
3345 2096 3757 2167 βαπτιζομένων,

2202 2192 2278 2254 ὡς
2298 2193 2380 2245 ὅτι
2410 2194 2443 2262 ἡ
2475 2191 2630 2254 ἐλπὶς
2654 2192 2753 2262 τῆς
2780 2189 2905 2261 χθὲς
2929 2190 3143 2263 ἡμέρας
3168 2190 3297 2260 παρ’
3324 2189 3507 2250 αὐτοῖς
3528 2187 3680 2257 τέθνη
3697 2204 3759 2251 (ε,

2205 2284 2299 2338 καὶ
2328 2285 2360 2355 ἠ
2391 2284 2574 2346 πίστις
2604 2300 2664 2336 τε
2700 2284 2792 2336 καὶ
2840 2283 2869 2334 ὁ
2897 2281 3181 2352 ἁγνισμός.
3224 2282 3286 2334 El
3335 2279 3436 2350 μὲν
3469 2279 3573 2350 γὰρ
3601 2281 3654 2331 ὲν
3692 2278 3761 2331 ἑνὶ

2207 2376 2543 2446 βαπτίσματι
2565 2374 2860 2446 ἐστοίχουν,
2882 2374 2992 2445 ἄρα
3011 2373 3277 2445 ἐθάρρουν
3302 2371 3501 2442 τούτῳ,
3522 2371 3595 2433 ὠς
3618 2366 3761 2433 ζῶντι

2205 2468 2299 2521 καὶ
2328 2468 2579 2538 ἀθανάτῳ
2619 2467 2731 2520 δντι
2770 2469 2846 2529 είς
2875 2466 2968 2519 τὸν
3016 2465 3215 2518 αἰῶναο
3248 2463 3412 2517 ὁπότε
3448 2463 3504 2516 δὲ
3544 2464 3760 2533 σήμερον

2208 2559 2309 2629 μὲν
2356 2558 2642 2612 ἐλούσαντο
2686 2558 2784 2627 οὐχ
2822 2556 3008 2610 ἕνεκεν
3051 2556 3299 2619 πλύσεως
3335 2554 3607 2626 σώματος,
3642 2552 3761 2606 ἀλλᾶ

2204 2650 2389 2704 ἕνεκεν
2424 2649 2856 2720 ἁμαρτημάτων,
2894 2648 3001 2719 ἄρα
3038 2649 3157 2701 κατ’
3188 2647 3388 2709 αὐτοὺς
3424 2643 3757 2715 ἐκαθαρίσθη.

2204 2737 2370 2803 Αὖθις
2417 2740 2475 2794 δὲ
2511 2743 2577 2810 τῇ
2620 2739 2747 2811 ἑξῆς
2794 2739 2955 2797 πάλιν
2983 2738 3281 2809 λουόμενοι,
3324 2738 3669 2807 ἀπεφήναντο
3711 2735 3762 2786 τὸ

2206 2832 2475 2905 παρελθὸν
2507 2833 2566 2886 ὲν
2595 2834 2659 2903 τῇ
2694 2830 2821 2902 χθὲς
2851 2830 3099 2883 τεθνάναι
3129 2829 3436 2900 βάπτισμα.
3467 2830 3529 2882 Ei
3562 2826 3633 2898 μὴ
3668 2827 3762 2893 γὰρ

2204 2926 2266 2979 τὸ
2305 2925 2411 2997 πρὸ
2441 2927 2571 2995 μιᾶς
2599 2923 2899 2995 ἐτεθνήκει,
2923 2924 3024 2977 οὐκ
3068 2922 3135 2977 ἂν
3168 2924 3247 2985 είς
3286 2921 3386 2993 τὴν
3432 2921 3555 2992 ἑξῆς
3592 2919 3759 2989 ἑτέρου

2207 3018 2490 3071 ἐπεδέοντο
2538 3016 2674 3088 πρὸς
2722 3015 3062 3086 καθαρισμὸν
3110 3012 3545 3084 ἁμαρτημάτων.
3585 3011 3686 3065 Καὶ
3718 3009 3761 3062 εί

522 3105 813 3164 Criminum
859 3107 1221 3177 capiationem
1278 3108 1457 3165 denuo
1502 3108 1653 3165 illum
1702 3117 1923 3180 postera
1978 3110 2100 3167 luce

2207 3111 2343 3174 ὅλως
2372 3110 2475 3163 οὐκ
2511 3110 2806 3179 ἀπέχονται
2833 3107 2928 3161 τοῦ
2959 3107 3314 3178 ἁμαρτάνειν,
3334 3104 3664 3176 νομίζοντες,
3691 3103 3762 3154 ὅτι

522 3204 847 3267 repeterent.
890 3197 1042 3264 Quod
1072 3199 1119 3254 si
1151 3214 1377 3269 peccare
1404 3200 1627 3256 omnino
1650 3216 1760 3256 non
1802 3200 2099 3269 desinunt;

521 3289 944 3358 existimautque
973 3304 1055 3353 se,
1093 3304 1217 3343 cum
1253 3298 1513 3361 perpetuo
1537 3305 1601 3346 ac
1638 3290 1831 3346 diebus
1855 3290 2103 3362 :singulis

522 3386 768 3449 peccent,
803 3379 1013 3449 expiari
1043 3394 1184 3450 aqua
1215 3396 1395 3450 posse,
1427 3381 1775 3442 vehementer
1820 3383 2100 3448 aberrant,

521 3485 622 3524 nec
659 3478 744 3525 est
767 3486 957 3525 eorum
987 3472 1239 3528 instituto
1267 3475 1465 3529 vanius
1494 3487 1587 3529 aut
1626 3474 1920 3531 absurdius
1944 3476 2105 3546 quid-

522 3577 707 3630 quam.
753 3563 961 3617 Etenim
1004 3579 1181 3634 neque
1214 3562 1462 3623 Oceanus
1507 3566 1659 3637 ipse,
1698 3584 1878 3638 neque
1929 3569 2102 3623 maria

522 3652 742 3719 omnia;
795 3668 971 3722 neque
1020 3669 1286 3723 perennes
1336 3656 1624 3713 ﬂuviorum
1657 3672 1832 3728 aquae,
1865 3659 1948 3713 vel
1979 3658 2103 3715 fon—

523 3745 694 3812 tium;
746 3761 922 3818 neque
967 3747 1232 3818 quidquid
1279 3750 1488 3819 uspiam
1534 3751 1845 3821 pluviarum
1887 3760 2008 3818 est,
2054 3752 2102 3811 si

596 3897 614 3930 ‘
644 3898 807 3958 Forte
847 3902 1379 3973 Ἦμεροϐαπτιστῶν.

595 4057 707 4129 (10)
815 4058 1385 4129 Ἰιμεροὸαπτιστῶν.
1487 4058 1788 4114 Commune
1897 4057 2099 4114 Judaais

524 4128 815 4201 omnibus,
862 4138 917 4184 et
973 4132 1025 4183 in
1071 4132 1261 4201 primis
1324 4128 1615 4201 Pharisazis
1661 4129 1831 4184 fuisse
1883 4129 2100 4184 Marcus

524 4200 854 4269 evangelista
890 4199 1119 4255 testatur
1168 4215 1284 4269 cap.
1333 4216 1432 4262 vn,
1470 4199 1503 4252 5
1534 4210 1589 4254 et
1638 4201 1691 4263 4,
1727 4208 1786 4253 ut
1818 4207 1872 4253 et
1906 4213 2101 4253 manus

525 4266 838 4336 frequenter
883 4271 1188 4330 abluerent,
1216 4266 1265 4324 et
1299 4286 1328 4323 a
1371 4269 1487 4323 foro
1521 4270 1810 4324 redeuntes
1856 4269 2101 4337 baptiza-

524 4348 733 4410 rentur.
765 4340 945 4405 Quare
976 4356 1085 4395 non
1117 4341 1333 4394 videtur
1361 4341 1648 4410 peculiaris
1685 4340 1798 4395 haec
1830 4346 1978 4394 secta
2008 4339 2102 4410 Ju-

525 4406 764 4462 dzeorum
796 4411 1107 4475 exstitisse;
1144 4410 1250 4465 nisi
1285 4406 1376 4463 ita'
1404 4411 1650 4465 dicamus
1680 4410 1976 4465 nonnullos
2002 4409 2097 4478 qui

2204 3203 2269 3257 τὸ
2319 3202 2464 3273 ὕδωρ
2507 3201 2792 3274 καθαρίσει
2855 3200 2980 3264 τοὺς
3031 3199 3319 3270 ἐνδελεχῶς
3377 3198 3498 3253 καθ’
3548 3197 3762 3265 ἑκάστην

2207 3295 2649 3367 ἁμαρτάνοντας,
2703 3294 2931 3364 μάταιος
2981 3292 3158 3346 αὐτῶν
3197 3294 3230 3362 ἡ
3276 3292 3543 3354 ὑπόνοια,
3580 3290 3669 3343 καὶ
3711 3286 3763 3340 τὸ

2206 3389 2543 3460 ἐπιτήδευμα
2582 3386 2814 3459 φροῦδον
2860 3385 2954 3439 καὶ
2977 3384 3163 3439 ἒωλον.
3195 3382 3333 3438 Οὔτε
3374 3384 3485 3455 γὰρ
3514 3379 3763 3444 Ὠκεανὸς,

2205 3480 2329 3535 οὔτε
2358 3480 2535 3535 πάντα
2564 3478 2629 3533 τὰ
2665 3477 2854 3551 ῥεῖθρα
2884 3476 2978 3530 καὶ
3024 3475 3257 3546 πελάγη,
3296 3474 3536 3546 ποταμοί
3561 3490 3618 3525 τε
3652 3472 3762 3524 άέν·

2207 3590 2326 3627 ναοι
2357 3572 2448 3626 καὶ
2480 3571 2683 3641 πηγαὶ,
2725 3569 2877 3622 πᾶσά
2903 3584 2961 3621 τε
3002 3569 3033 3636 ἡ
3073 3566 3409 3643 ῥμὸροτόκος
3451 3565 3608 3635 φύσις
3652 3579 3762 3616 συν-

2209 3661 2438 3716 ελθοῦσα
2474 3661 2696 3715 δύναται
2741 3659 3113 3731 ἁμαρτήματα
3155 3656 3452 3725 ἀφανίσαιο
3492 3655 3765 3724 ἐπειδήπερ

2209 3754 2271 3808 οὐ
2296 3753 2439 3808 κατὰ
2474 3753 2652 3823 λόγον,
2690 3751 2810 3806 οὐδὲ
2840 3751 2905 3804 ἐκ
2938 3748 3358 3820 προστάγματος
3381 3746 3519 3802 Θεοῦ
3555 3749 3769 3816 γίνεται.

2200 4061 2281 4133 ’τῇ⁸
2294 4058 2400 4112 τῶν
2426 4060 2634 4133 νεκρῷν
2672 4060 2987 4128 ἀναστάσει,
3019 4061 3154 4118 ἀλλὰ
3178 4063 3256 4133 τῇ
3289 4062 3521 4133 ἀπιστίᾳ.
3552 4061 3639 4133 καὶ
3666 4060 3763 4121 τοῖς

2199 4115 2399 4201 άλλοις.
2441 4115 2546 4184 Sed
2578 4130 2692 4185 hare
2735 4115 3001 4201 sententia
3024 4115 3148 4186 fab
3173 4115 3263 4196 iis,
3306 4147 3430 4200 qua:
3464 4115 3619 4201 paulo
3655 4115 3766 4201 ante

2202 4200 2492 4270 leguntur;
2527 4208 2642 4254 tum
2692 4201 2746 4254 in
2781 4200 3059 4256 Breviario
3103 4199 3377 4256 sectarum
3434 4199 3594 4269 hujus
3636 4199 3765 4261 libri,

2203 4276 2257 4323 et
2319 4270 2399 4340 _in
2449 4271 2833 4324 universarum
2924 4272 3367 4340 Anaccphalzeosi
3442 4270 3766 4339 reperiuntur

2200 4340 2268 4393 ab
2319 4338 2645 4410 Epiphanio,
2697 4341 3049 4410 vehementer
3102 4338 3347 4395 dissidet.
3396 4338 3535 4410 Nam
3584 4340 3766 4410 ubique

2202 4408 2520 4481 constanter
2556 4411 2839 4481 asseritur,
2873 4409 3372 4481 Hemerobaptistas
3404 4426 3435 4464 a
3466 4408 3667 4481 ludatis
3689 4422 3766 4461 re-

527 4491 587 4529 se
634 4480 921 4551 sanctitate
969 4471 1228 4551 prestare
1275 4478 1488 4534 caeteris
1532 4480 1748 4544 vellent,
1784 4495 1891 4542 non
1937 4471 2096 4551 modo
2133 4471 2175 4527 D
2206 4479 2368 4548 liquis
2399 4481 2549 4551 nulla
2585 4471 3209 4551 inqpartev_diserepare';
3248 4481 3382 4542 sive,
3420 4490 3480 4534 ut
3519 4482 3619 4534 hoc
3657 4478 3763 4531 loco

526 4547 742 4617 quoties
788 4563 818 4601 a
862 4547 985 4603 foro
1021 4550 1282 4614 redirent,
1317 4564 1502 4602 verum
1539 4552 1701 4602 etiam
1742 4549 1958 4603 tametsi
2007 4565 2099 4617 pe-

525 4615 650 4669 dem
698 4616 859 4688 domo
896 4633 1001 4688 non
1046 4619 1391 4688 extulissent.
1438 4618 1505 4672 de
1549 4618 1645 4688 die,
1679 4620 1879 4688 sapius
1919 4615 2100 4688 lavare

527 4687 900 4756 consuevisse.
932 4686 1251 4756 Cujusmodi
1292 4687 1476 4741 Banus
1505 4688 1595 4743 ille
1627 4686 1872 4754 {uin—cui
1905 4704 1964 4743 se
2006 4686 2100 4741 Jo-

527 4755 730 4823 scphus
770 4755 1195 4829 indiseiplinam
1224 4758 1556 4829 tradidit,-u_t
1586 4758 1639 4811 in
1667 4757 1790 4811 Vita
1830 4773 1928 4829 sua
1950 4760 2095 4829 seri-

527 4835 679 4900 ptum
748 4827 1004 4900 reliquit.f
1042 4827 1197 4900 Hunc
1220 4898 1228 4900 _
1254 4829 1398 4882 enim
1436 4827 1663 4900 referta
1691 4828 1885 4900 ψυχρῷ
1944 4827 2095 4900 ὕδατι

525 4897 625 5017 ’ἑὴν
654 4896 887 5017 νὲμέραν,
919 4899 1013 4951 καὶ
1048 4898 1145 4980 τῂν
1172 4898 1342 4951 νύκτα
1365 4896 1623 4959 πολλάκις
1652 4896 1940 4979 λουόμενον
1965 4897 2101 4968 πρὸς

565 4982 656 5017 γνε
686 4984 770 5017 αν.
791 4966 882 5017 Sic
913 4967 1098 5017 Essem
1130 4969 1270 5017 anud
1305 4966 1554 5017 eumdem
1582 4966 1878 5017 .losnnhum
1908 4968 2000 5017 ΙΙΙ).
2038 4983 2097 5017 ιι-

525 4966 882 5037 ἁγνείανζὸἱο
913 4966 1270 5035 Εεςοηῖθριιιί
1305 4966 1554 5023 eumdem
1582 4966 1878 5037 Josepbum
1908 4966 2097 5032 libftt,

527 5053 647 5104 cap.
683 5036 712 5088 7
737 5053 943 5108 corpus
975 5047 1101 5093 ante
1144 5039 1325 5091 cibum
1371 5038 1665 5108 abluebant
1697 5036 1908 5108 frigida.
1961 5038 2098 5103 Quid

529 5108 691 5175 igitur
734 5107 1217 5177 Henterobaptista:
1244 5108 1342 5173 illi,
1378 5122 1515 5175 quos
1548 5107 1882 5177 Epiphanius
1913 5109 2099 5171 refert,

530 5180 844 5243 meruerint,
876 5189 935 5231 ut
978 5179 1291 5231 distinctam
1322 5178 1390 5231 ab
1417 5178 1537 5231 aliis
1568 5186 1771 5231 sectam
1800 5177 2099 5239 ellieerent,

531 5261 636 5299 non
672 5248 807 5301 satis
834 5249 1218 5304 discernimus.

600 5315 710 5385 ill)
742 5320 823 5370 Οὺ
848 5320 975 5385 μὴν
996 5315 1358 5385 ἑξισουμένη
1387 5315 1507 5381 τοῖς
1525 5314 1965 5380 Σαδδουκαίοις.
1997 5316 2100 5381 Qui

532 5383 705 5450 prima
751 5383 931 5452 specie
957 5383 1246 5442 verborum
1275 5387 1501 5440 istorum
1532 5401 1727 5439 sensus
1760 5387 2020 5447 occurrit,
2057 5387 2102 5439 is

529 5459 634 5513 est,
664 5469 823 5519 quem
852 5472 958 5509 non
990 5458 1153 5510 modo
1182 5471 1283 5510 nos
1319 5456 1440 5524 ipsi,
1478 5455 1571 5509 sed
1599 5456 1763 5508 etiam
1801 5455 2103 5509 Coruarius

531 5525 821 5588 expressit.
859 5524 1354 5594 llemerobaptislas
1393 5541 1499 5579 non
1559 5528 1734 5581 solum
1768 5526 1820 5577 iu
1856 5526 2103 5595 neganda

536 5599 872 5663 mortuorum
923 5596 1340 5656 resurrectione,
1369 5611 1557 5648 verum
1605 5596 1658 5647 in
1699 5595 1904 5663 reliqua
1953 5596 2101 5648 muni

535 5656 845 5740 dogtuatum
882 5664 1114 5740 falsitate
1146 5666 1479 5740 concordare
1510 5681 1631 5717 eum
1662 5656 1994 5740 Sm‘ldt'uru‘is.
2027 5665 2101 5716 υύ

538 5729 646 5811 μὴν
676 5729 994 5801 ἐξισουμένη
1039 5732 1216 5800 μόνον,
1246 5735 1440 5804 inquit,
1467 5737 1578 5796 τοῖς
1631 5734 2005 5796 Σαδδουκαίοις
2046 5736 2101 5786 ἐν

2202 4551 2441 4619 scripsit,
2464 4567 2493 4603 a
2519 4549 2729 4604 Scribis
2751 4558 2804 4605 et
2834 4548 3148 4606 Pharisaeis.
3180 4550 3332 4617 Quod
3356 4552 3402 4606 si
3427 4561 3757 4619 communem

2202 4617 2329 4672 cum
2368 4619 2685 4675 Saddueaeis
2728 4620 3071 4690 negationem
3118 4621 3543 4690 resurrectionis
3578 4617 3762 4690 habue-

2200 4691 2334 4759 rint.
2378 4691 2592 4759 aliaque
2637 4687 2912 4759 dogmata,
2942 4692 3141 4757 quibus
3185 4691 3272 4746 isti
3316 4706 3345 4743 a
3399 4687 3682 4744 Pharisatis
3715 4693 3756 4735 cl

2205 4757 2413 4813 Scribis
2444 4757 3140 4830 tantopereabhorrebant,
3188 4768 3245 4813 ut
3290 4759 3356 4813 ad
3403 4760 3763 4830 Samaritanos

2202 4831 2545 4898 accederent,
2590 4826 3044 4898 Quemadmodum
3089 4831 3144 4885 in
3194 4830 3410 4883 illorum
3452 4826 3762 4898 declaranda

2204 4897 2394 4954 haeresi
2429 4895 2658 4953 testatus
2695 4907 2811 4963 est;
2854 4900 3098 4967 proferto
3144 4902 3372 4953 multaut
3425 4914 3547 4953 cum
3587 4911 3615 4950 a
3647 4895 3761 4949 reli-

2202 4970 2325 5036 quis
2369 4968 2678 5023 Juda-orum
2728 4968 3072 5031 factionibus,
3113 4980 3223 5023 tum
3276 4984 3306 5022 a
3358 4968 3662 5024 Pharisacis.
3703 4978 3761 5015 ac

2206 5040 2414 5094 Scribis
2466 5039 2951 5106 llemerobaptista:
3005 5040 3240 5106 separati
3291 5048 3440 5093 sunt.
3507 5037 3633 5102 Quae
3686 5046 3762 5086 me

2203 5110 2345 5163 ratio
2379 5118 2702 5171 commovet,
2751 5116 2809 5161 ιιι
2854 5109 3009 5162 aliter
3059 5109 3344 5178 Epiphauii
3400 5109 3564 5164 verba
3609 5106 3761 5159 inter.

2202 5180 2464 5247 pretanda
2520 5179 2782 5247 judieem,
2840 5179 3082 5247 adeoque
3128 5179 3403 5233 cotitrario
3451 5193 3662 5247 sensu:
3698 5183 3761 5247 εις

2204 5241 2355 5317 prior
2407 5249 2498 5303 ille
2520 5241 2642 5311 'est,
2692 5264 2853 5318 quam
2888 5248 2941 5300 iu
2970 5241 3162 5301 Latina
3194 5248 3443 5303 versione
3489 5245 3659 5318 posui.
3689 5241 3757 5292 Οὐ

2207 5314 2312 5387 μὴν
2344 5314 2934 5391 ὲξισουμένηςίιιίιυίι,
2965 5320 3075 5381 τοῖς
3106 5314 3503 5391 Σαδδουκαίοιςῖ
3535 5314 3652 5368 Νοη
3674 5321 3757 5391 .la-

2206 5386 2345 5459 men_
2379 5405 2496 5442 cum
2531 5386 2868 5441 'Sadduca't's
2916 5404 3226 5456 congruens,
3266 5390 3368 5441 hoc
3427 5386 3755 5459 unocgtpilfb

2205 5457 2349 5525 quod
2390 5465 2730 5513 mortuorum
2777 5454 3237 5512 resurrectionem
3287 5474 3414 5521 non,
3460 5465 3517 5509 ut
3550 5454 3651 5525 illis
3682 5454 3753 5500 vi-

2206 5523 2326 5581 sum
2354 5535 2460 5594 est,
2496 5529 2747 5597 abneget,
2777 5543 3086 5597 quanquam
3122 5528 3331 5597 reliqua
3365 5529 3417 5581 in
3446 5523 3755 5597 perlidia._el

2206 5589 2470 5652 adversus
2515 5589 2809 5657 Christum
2839 5589 3108 5667 prmciptte
3159 5589 3519 5658 contumacia,
3563 5589 3758 5669 Sadduo

2207 5682 2463 5745 egent-um,
2491 5683 2553 5721 ac
2597 5679 2912 5724 exterarum
2949 5669 3213 5723 .ludaismi
3247 5678 3518 5723 mercseon
3559 5671 3753 5734 gemma

2207 5746 2296 5791 Sll.
