4022 6430
552 342 660 409 959

1980 341 2038 398 s.
2071 326 2409 398 retentant

3701 342 3796 400 260

558 469 843 540 Scriptura
877 465 1145 534 meminit,
1172 465 1317 522 unde
1350 472 1406 522 et
1439 464 1632 519 horum
1687 461 1980 533 appellatio
2001 499 2016 526 ,
2077 467 2135 516 et

2249 458 2346 530 γὰρ
2369 456 2722 528 περὶτούτων
2748 454 2824 529 μὴ
2845 454 3128 527 λεγούσης,
3153 455 3315 510 πόθεν
3344 454 3530 516 αὐτοῖς
3555 453 3586 522 ἡ
3615 455 3798 521 γνῶσις

557 559 774 630 egregia
798 557 973 612 virtus
1003 556 1108 612 nisi
1127 571 1195 610 ex
1226 555 1336 609 illis
1363 553 1736 610 voluminibus
1765 551 1984 623 cognita
2015 565 2141 606 esse

557 651 828 722 potuerit?
856 649 960 716 Qui
1004 663 1168 720 porro
1219 647 1474 702 convenit
1529 645 1813 702 veritatem
1862 644 1918 699 in
1972 657 2140 697 unum

558 759 682 797 cum
712 742 952 798 falsitate
980 740 1356 796 concurrere?
1399 738 1760 808 eamdemque
1797 736 2140 806 Scripturam

558 835 756 905 partim
791 848 942 897 vera,
991 833 1189 903 partim
1235 831 1372 887 falsa
1403 830 1657 901 jactare?
1701 844 1827 884 cum
1885 828 2140 884 Salvator

557 927 756 979 dixerit
785 944 798 978 :
821 925 928 976 Aut
947 923 1106 993 facite
1127 922 1370 977 arborem
1394 924 1606 988 bonam,
1633 931 1683 976 et
1709 922 1916 990 fructus
1941 919 2102 973 bona:
2121 933 2140 972 :

556 1025 648 1068 aut
682 1015 922 1068 arborem
963 1014 1200 1080 malam,
1244 1023 1292 1067 et
1332 1014 1536 1082 [ructus
1568 1013 1759 1069 malos.
1795 1009 1976 1082 Neque
2001 1012 2143 1065 enim

554 1116 720 1174 potest
750 1106 909 1159 arbor
940 1105 1076 1160 bona
1101 1105 1271 1159 malos
1303 1104 1510 1174 [ructus
1552 1105 1759 1170 facere,
1793 1119 1954 1172 neque
1984 1103 2144 1156 arbor

555 1197 697 1248 mala
725 1197 740 1227 ¹
771 1196 933 1250 bonos
967 1197 1172 1266 fructus
1212 1196 1407 1263 facere.
1435 1196 1546 1266 39
1581 1195 1851 1262 Quocirca
1908 1194 2144 1249 vanissi—

555 1301 702 1340 mum
741 1287 933 1340 horum
982 1287 1264 1340 hominum
1302 1287 1580 1354 ingenium
1624 1293 1741 1352 est;
1788 1284 2146 1354 doctrinaque

555 1379 673 1447 ipsa
708 1380 895 1434 multis
923 1394 988 1432 ex
1026 1379 1301 1447 capitibus
1346 1378 1516 1432 everti
1564 1391 1628 1432 ac
1661 1376 1890 1432 refutari
1940 1383 2140 1446 potest.

553 1469 866 1525 Prmertim
901 1486 1026 1524 cum
1072 1469 1127 1523 in
1173 1469 1499 1524 hodiernum
1541 1483 1716 1537 usque
1771 1477 1986 1536 tempus
2033 1481 2142 1520 non

554 1555 718 1608 modo
752 1557 1102 1611 celebrentur
1127 1572 1214 1620 ea,
1248 1571 1368 1627 qua:
1393 1558 1460 1612 iis
1492 1557 1547 1610 in
1573 1557 1728 1612 libris
1756 1565 1908 1626 gesta
1934 1571 2142 1611 memo-

555 1655 782 1712 rantur;
817 1647 912 1702 sed
945 1657 999 1702 et
1053 1649 1286 1718 ipsamet
1326 1650 1445 1704 loca
1495 1656 1994 1719 repraesententur,
2049 1647 2144 1703 ubi

555 1739 876 1792 admiranda
900 1740 991 1793 illa
1017 1739 1265 1810 prodigia
1284 1741 1634 1811 contigerunt
1684 1741 1739 1794 In
1772 1740 1964 1812 primis
1985 1755 2144 1794 mons

2242 551 2343 621 τῆς
2369 549 2481 602 τῶν
2519 548 2773 620 πατέρων
2809 547 3106 618 ὀνομασίας
3137 548 3233 603 καὶ
3263 547 3541 619 ἀριστείας
3571 547 3618 598 εἰ
3651 546 3720 616 μὴ
3749 546 3801 614 ἐξ

2241 640 2422 694 αὐτῶν
2455 639 2565 694 τῶν
2598 640 2836 712 Γραφῶν
2860 639 2961 710 τῆς
2989 639 3362 710 Πεντατεύχου
3383 653 3398 704 ;
3420 639 3532 692 Καὶ
3565 636 3680 700 πῶς
3705 632 3802 693 οἷόν

2241 750 2301 787 τε
2332 735 2389 787 tv
2419 732 2604 805 ταυτῷ
2631 728 2784 787 -εῐναι
2812 731 3013 804 ἀληθὲς
3050 733 3145 786 καὶ
3171 731 3397 802 ψεῦδος;
3424 730 3520 784 καὶ
3559 731 3616 784 tv
3661 727 3805 802 μέρει

2203 821 2340 893 ’τὴν
2376 823 2598 894 Γραφὴν
2631 820 2942 891 ἀληθεύειν,
2973 823 3035 874 tv
3069 819 3228 892 μέρει
3272 819 3331 874 δὲ
3369 817 3694 890 ψεύδεσθαι;
3719 818 3804 873 τοῦ

2243 913 2498 986 Σωτῆρος
2523 913 2774 982 λέγοντος
2793 929 2808 944 ’
2843 913 2920 967 ’Ἡ
2952 911 3244 979 ποιήσατε
3286 910 3356 964 τὸ
3385 909 3641 979 δένδρον
3673 911 3807 982 dra-

2242 1005 2371 1069 θὸν,
2421 1005 2520 1059 καὶ
2564 1005 2708 1072 τοὺς
2739 1005 3008 1074 καρποὺς
3055 1003 3350 1075 ἀγαθοὺς,
3381 1005 3421 1074 ἢ
3467 1003 3536 1058 τὸ
3572 1003 3810 1072 δένδρον

2244 1098 2502 1166 σαπρὸν,
2529 1097 2628 1154 καὶ
2668 1097 2811 1164 τοὺς
2838 1097 3106 1166 καρποὺς
3140 1096 3434 1164 σαπροὺς.
3463 1097 3547 1150 Οὐ
3580 1093 3809 1148 δύναται
3869 1117 3874 1122 θ

2244 1192 2355 1263 γὰρ
2392 1189 2646 1260 δένδρον
2701 1191 2928 1259 ἀγαθὸν
2976 1188 3210 1258 καρπὸν
3256 1190 3494 1256 σαπρὸν
3541 1186 3806 1255 ποιῆσαι,

2245 1281 2388 1337 οὐδὲ
2416 1281 2670 1350 δένδρον
2696 1283 2934 1350 σαπρὸν
2961 1279 3228 1350 καρποὺς
3258 1278 3522 1351 ἀγαθοὺς
3555 1275 3805 1346 ποιῆσαι.

2247 1376 2497 1437 Μάταιος
2523 1374 2708 1428 τοίνυν
2736 1373 2916 1428 αὐτῶν
2937 1375 2970 1443 ἡ
3001 1373 3231 1438 διάνοια,
3261 1371 3356 1426 καὶ
3380 1373 3413 1443 ἡ
3449 1372 3728 1441 εἰσήγησις
3753 1372 3810 1424 tat

2245 1463 2465 1518 πολλῶν
2504 1463 2701 1534 ἔχουσα
2731 1463 2830 1534 τὴν
2871 1463 3186 1535 ἀνατροπὴν
3209 1479 3221 1493 ·
3252 1463 3328 1526 ὡς
3355 1462 3486 1533 ἄχρι
3522 1461 3622 1532 τῆς
3668 1458 3810 1533 δεῦρο

2245 1555 2306 1609 οὺ
2340 1555 2498 1626 μόνον
2535 1553 2604 1606 τὰ
2637 1556 2694 1608 tv
2721 1557 2842 1618 ταῖς
2868 1554 3115 1626 Γραφαίς
3145 1552 3348 1624 ᾄδεται,
3374 1552 3512 1606 ἀλλὰ
3551 1552 3644 1606 καὶ
3673 1551 3807 1606 αὐτοὶ

2245 1649 2292 1700 οἱ
2315 1648 2469 1700 τόποι
2493 1645 2601 1699 τῶν
2629 1644 3096 1718 παραδοξοποιιῶν
3123 1644 3648 1717 σωματοποιοῦνται.
3668 1641 3810 1714 Πρῶ-

2245 1757 2338 1794 τον
2361 1741 2495 1794 ὅπου
2520 1739 2581 1792 τὸ
2612 1734 2885 1810 πρόὸατον
2910 1741 2938 1793 ὀ
2973 1737 3224 1810 Ἀϐραάμ.
3249 1737 3559 1809 προσέφερε
3589 1736 3663 1808 τῷ
3684 1735 3806 1806 Θεῷ,

556 1831 710 1893 Sion,
747 1831 838 1884 uhi
880 1845 1035 1885 ovem
1079 1831 1189 1886 Deo
1239 1832 1593 1887 Abrahamus
1638 1832 1962 1895 immolavit,
1998 1831 2140 1886 idem

2249 1833 2370 1904 ὗρος
2412 1829 2551 1884 Σιὼν
2591 1830 2718 1902 ἄχρι
2751 1829 2846 1884 τοῦ
2881 1829 3040 1902 δεῦρο
3079 1829 3220 1884 οὕτω
3262 1829 3618 1900 καλούμενον.
3667 1826 3811 1880 ’Δλλα

554 1923 620 1976 ad
660 1923 763 1976 hoc
815 1930 1030 1992 tempus
1073 1938 1275 1978 nomen
1303 1923 1564 1977 obtinuit.
1599 1921 1738 1976 Tum
1769 1923 1862 1978 ubi
1906 1937 2141 1993 quercus

555 2013 645 2066 illa
696 2012 939 2068 Mambrc
980 2013 1114 2081 fuit;
1153 2029 1264 2082 quo
1299 2015 1354 2068 in
1387 2015 1506 2070 loco
1541 2015 1770 2069 vitulum
1807 2015 2014 2086 angelis
2044 2029 2141 2084 ap-

552 2108 757 2174 posuit.
803 2103 973 2169 Quem
1025 2119 1148 2158 cum
1201 2105 1311 2179 illis
1360 2105 1648 2174 epularum
1689 2114 2010 2176 apparatum
2060 2107 2145 2160 in-

550 2202 807 2260 strueret,
838 2195 1135 2252 verisimile
1169 2205 1255 2252 est
1286 2211 1478 2252 eorum
1518 2205 1573 2252 et
1605 2197 1784 2266 ipsum
1819 2197 2141 2268 participem

549 2289 853 2342 exstitisse.
1722 2285 1729 2292 ’

623 2378 708 2432 Ill.
745 2377 888 2443 Quin
915 2376 1080 2431 etiam
1113 2377 1261 2446 quod
1302 2375 1370 2432 ad
1403 2378 1556 2432 illum
1584 2393 1780 2450 agnum
1821 2379 2034 2444 attinet,
2088 2380 2144 2434 in

551 2469 787 2540 IEgypto
807 2484 836 2521 a
863 2467 1064 2523 ludatis
1097 2469 1436 2524 immolatum
1461 2472 1579 2540 ejus
1608 2471 1686 2524 rei
1712 2471 1973 2525 memoria
2002 2471 2145 2542 apud

548 2562 870 2631 Aigyptios,
909 2562 1167 2631 ipsosque
1197 2560 1426 2616 deorum
1465 2562 1703 2617 cultores
1755 2562 2026 2632 hodieque
2059 2579 2146 2618 re-

550 2664 753 2707 manet.
790 2652 999 2707 Etenim
1033 2653 1136 2708 sub
1159 2652 1303 2708 idem
1337 2659 1576 2722 tempus,
1605 2668 1716 2724 quo
1741 2653 1853 2708 illic
1884 2655 2011 2708 olim
2045 2653 2149 2708 Pa-

551 2745 684 2798 scha
728 2743 1063 2799 celebratum
1099 2750 1216 2807 est,
1246 2743 1392 2814 quod
1441 2745 1494 2798 in
1529 2746 1675 2801 veris
1721 2745 1935 2800 initium
1983 2755 2148 2816 atque

551 2835 938 2905 aequinoctium
963 2835 1176 2898 incidit,
1200 2834 1441 2906 Egyptii
1461 2851 1653 2892 omnes
1676 2837 1843 2893 minio
1870 2853 1999 2894 oves
2019 2855 2146 2895 suas

550 2929 825 2992 inliciunt,
875 2943 1094 2983 necnon
1133 2936 1187 2984 et
1215 2929 1474 2994 arbores,
1523 2931 1602 2985 uti
1656 2930 1820 2998 licus,
1863 2941 1917 2986 et
1954 2940 2148 2988 caetera

553 3022 840 3092 ejusmodi.
877 3020 1047 3091 Cujus
1096 3021 1317 3091 quidem
1373 3023 1514 3077 ritus
1543 3024 1758 3079 tametsi
1790 3039 2012 3080 causam
2047 3041 2147 3079 ne-

550 3113 749 3179 sciant,
786 3111 932 3166 istud
970 3119 1152 3166 tamen
1203 3127 1315 3182 prae
1359 3128 1418 3168 se
1459 3113 1670 3179 ferunt,
1699 3129 1762 3170 ac
1807 3115 1967 3188 vulgo
1985 3116 2148 3186 jacti-

549 3211 668 3257 tant
710 3221 721 3256 :
757 3203 850 3257 illo
892 3201 979 3257 die
1015 3203 1330 3257 universum
1364 3212 1636 3259 terrarum
1673 3205 1856 3260 orbem
1892 3206 2144 3262 incendio

549 3297 950 3369 conﬂagrasse;
981 3297 1143 3367 hujus
1159 3312 1323 3367 porro
1351 3297 1679 3353 calamitatis
1705 3301 2014 3356 avertendae
2035 3301 2142 3356 vim

549 3391 839 3460 quamdam
880 3389 934 3443 in
986 3404 1184 3444 cruore
1236 3389 1328 3442 illo
1371 3398 1535 3460 atque
1591 3391 1750 3460 igneo
1800 3393 1986 3448 colore
2021 3408 2144 3448 esse

551 3481 806 3550 positam.
843 3478 1054 3545 Quibus
1104 3491 1233 3533 vero
1276 3477 1343 3532 de
1397 3479 1609 3544 causis,
1645 3488 1843 3550 negant
1873 3482 1977 3538 sibi
2021 3497 2144 3539 esse

549 3578 920 3640 compertum;
962 3569 1056 3624 sed
1101 3575 1156 3623 et
1211 3569 1496 3638 hucusque
1539 3570 1594 3624 in
1633 3569 2018 3642 Cardyaaorum
2058 3588 2144 3627 re-

551 3663 712 3730 gione
751 3676 892 3714 arcae
939 3661 1252 3714 Noemiticm
1303 3661 1564 3731 reliquias
1611 3663 1923 3716 ostendunt.
1975 3663 2053 3717 Ac
2097 3663 2142 3718 si

551 3754 676 3824 quis
703 3751 1016 3821 diligentius
1047 3752 1345 3821 perquirat,
1379 3766 1488 3806 non
1538 3751 1760 3819 dubito,
1791 3755 1922 3823 quin
1954 3753 2144 3809 altaris

552 3858 772 3913 quoque
806 3844 1065 3912 vestigia,
1108 3844 1253 3913 quod
1305 3843 1482 3914 ipsum
1530 3858 1878 3912 consequens
1932 3853 2045 3910 est,
2076 3845 2144 3899 ad

555 3937 758 3990 montis
806 3935 1019 3990 radices
1079 3935 1323 3990 invenire
1366 3928 1538 4007 possit
1575 3955 1588 3990 :
1625 3936 1716 3990 ubi
1756 3945 1870 3990 tum
1914 3935 2026 3992 Noe
2077 3954 2142 3993 ex

556 4041 682 4080 arca
716 4027 1070 4096 progrediens
1109 4029 1340 4093 mansit,
1383 4037 1436 4083 et
1475 4029 1542 4084 de
1584 4029 1736 4098 puris
1792 4031 2140 4095 animalibus,

553 4126 721 4187 atque
770 4119 1023 4187 adipibus
1081 4119 1306 4174 Domino
1344 4119 1451 4175 Deo
1504 4121 1833 4176 sacriﬁcium
1884 4124 2138 4177 instituit.

553 4210 674 4274 Quo
707 4211 867 4265 etiam
915 4218 1156 4281 tempore
1184 4213 1312 4265 illud
1351 4227 1380 4265 a
1416 4213 1523 4268 Deo
1561 4217 1840 4269 oraculum
1883 4217 2092 4284 accepit
2127 4234 2140 4270 :

557 4301 692 4354 Ecce
718 4303 838 4353 ιιι-ιιὶ
875 4302 966 4354 (ibi
994 4305 1193 4366 omnia,
1230 4313 1478 4373 tanquam
1515 4305 1796 4360 herbarum
1827 4308 1993 4370 olera,
2028 4326 2144 4360 nta-

556 4404 664 4456 cta,
717 4405 764 4447 et
814 4394 1022 4450 comede
1045 4397 1086 4448 ⁸.
1117 4388 1315 4450 Verum
1366 4397 1590 4451 haeresis
1614 4398 1776 4466 hujus
1815 4399 2141 4460 adulterina,

558 4483 830 4552 stultaque
865 4486 1114 4551 dogmata
1165 4486 1334 4540 missa
1386 4484 1602 4540 faciam.
1641 4486 1922 4556 Siquidem
1972 4499 2142 4556 pauca

561 4575 676 4628 lucc
703 4575 834 4628 sulli=
858 4577 975 4628 iuut
1011 4593 1039 4628 a
1070 4578 1226 4631 nobis
1258 4577 1543 4646 hucusque
1569 4578 1864 4648 disputata,
1894 4589 2056 4648 atque
2079 4579 2144 4633 ad

559 4679 940 4719 eumcrrorem
972 4665 1398 4734 propulsandum
1429 4667 1484 4719 in
1517 4668 1753 4720 medium
1782 4669 1966 4720 allata.

950 4775 1228 4830 CONTRA
1265 4775 1576 4833 OSSENOS
1611 4781 1756 4849 (tt),

703 4888 836 4954 Qua:
856 4899 929 4941 est
968 4889 1040 4941 ι’]
1067 4891 1280 4944 lurresis
1314 4889 1604 4959 Judaisnti,
1630 4893 1813 4948 ordine
1841 4892 2000 4949 XIX.

629 5067 669 5122 l.
707 5065 964 5137 Sequitur
993 5067 1326 5124 Ossenorum
1361 5069 1582 5126 haeresis
1609 5086 1730 5124 cum
1769 5071 2148 5142 superioribus

630 5223 643 5253 ¹
693 5223 823 5278 Luc.
866 5239 938 5289 vr,
973 5226 1063 5280 45.
1143 5226 1162 5254 ²
1189 5224 1323 5280 Gen.
1361 5241 1433 5278 ιι.
1461 5227 1512 5280 5.
1592 5227 1612 5257 ³
1640 5224 1800 5279 Forte
1824 5229 1880 5297 ἠ,
1907 5228 1988 5281 vel
2015 5225 2132 5282 τοῦ.

638 5380 748 5456 (ιβ)
769 5382 874 5434 Καὶ
908 5383 1058 5456 ὅπου
1083 5385 1120 5452 ἡ
1149 5384 1296 5452 δρῦς
1319 5384 1432 5451 τῆς
1449 5386 1718 5456 Μαμϐρῆ.
1746 5385 2150 5446 Celeberrimus

569 5451 706 5526 apud
733 5461 988 5526 posteros
1023 5451 1191 5526 locus
1216 5456 1306 5508 ille
1335 5455 1454 5518 fuit,
1481 5451 1560 5526 _ad
1598 5451 1770 5526 uSQue
1797 5459 2142 5514 Constantini

573 5517 745 5585 Magni
773 5529 1037 5592 letnpora,
1069 5525 1270 5591 quibus
1300 5534 1409 5578 tam
1429 5517 1758 5582 aJudzisct
1792 5528 2143 5592 Christianis,

570 5603 730 5668 quam
766 5604 793 5639 a
827 5591 1120 5652 gentilibus
1162 5594 1484 5668 frequentes
1522 5597 1805 5665 religionis
1841 5615 1970 5668 ergo
2013 5591 2146 5652 con4

573 5666 786 5736 ventus,
819 5673 882 5709 ac
917 5671 1190 5736 mercatus
1226 5665 1336 5717 illic
1365 5665 1557 5729 habiti,
1583 5683 1721 5735 quos
1748 5665 2147 5724 Constantinus

571 5729 752 5780 (tlit‘lu
789 5729 1034 5779 sustulit.
1068 5730 1404 5786 Sommenus
1439 5735 1473 5786 l.
1503 5753 1562 5796 II,
1600 5729 1648 5790 ὸ.
1688 5739 1739 5791 3.

645 5796 754 5855 (Ml
792 5798 946 5850 Κατὰ
983 5799 1314 5863 ’(Ιιγσηισών.
1347 5805 1493 5867 Quos
1520 5807 1762 5860 Osscnos
1793 5810 1878 5862 hic
1913 5812 2145 5879 appellat

2247 1927 2341 1980 καὶ
2369 1927 2501 1980 ὅπου
2537 1926 2572 1995 ἠ
2601 1925 2733 1997 δρῦς
2756 1925 2777 1957 ³
2807 1924 2907 1996 τῆς
2933 1924 3184 1997 Μαμϐρῆ
3210 1923 3320 1995 (15)
3362 1923 3494 1978 ἔνθα
3522 1925 3633 1986 τοῖς
3659 1921 3808 1990 ἀγγέ-

2244 2016 2358 2080 λοις
2389 2015 2664 2089 παρετέθη
2704 2017 2733 2069 ὁ
2769 2017 2993 2087 μόσχοςσ
3031 2017 3164 2069 ὅπου
3203 2016 3262 2069 δὲ
3302 2015 3558 2087 Ἀϐραὰμ
3580 2012 3809 2082 ἀγγέλοις

2249 2109 2520 2180 παρέθετο
2568 2107 2746 2180 κρεῶν
2797 2109 2898 2181 τὴν
2950 2108 3289 2180 ἑτοιμασίαν,
3343 2107 3588 2162 ἀποδέων
3621 2106 3713 2159 οὐκ
3750 2099 3807 2175 ἦν

2249 2201 2409 2264 αὐτὸς
2437 2201 2536 2270 τῆς
2570 2199 2779 2253 τούτων
2808 2200 3061 2271 μετοχῆς.

2321 2377 2392 2429 Γ’.
2437 2376 2598 2429 Ἀλλὰ
2627 2375 2721 2430 καὶ
2767 2376 2862 2428 τοῦ
2892 2374 3168 2446 προϐάτου
3213 2361 3474 2438 τυθέντος
3518 2375 3575 2427 tv
3615 2377 3675 2445 τῇ
3716 2371 3806 2426 τῶν

2249 2470 2565 2539 Αἰγυπτίων
2598 2468 2751 2541 χώρᾳ
2783 2467 2861 2521 ἔτι
2905 2468 3037 2540 παρ’
3067 2468 3384 2538 Αἰγυπτίοις
3415 2468 3667 2538 τυγχάνει
3703 2467 3806 2538 ᾁδο-

2255 2563 2390 2635 μὲνη
2411 2567 2444 2634 ἡ
2476 2563 2795 2634 παράδοσις,
2821 2563 2915 2616 καὶ
2939 2561 3090 2634 παρὰ
3115 2565 3228 2626 τοῖς
3264 2561 3697 2632 εἰδωλολάτραις.
3732 2559 3806 2611 ‘Ev

2251 2659 2360 2728 γὰρ
2391 2655 2469 2726 τῷ
2494 2654 2697 2726 καιρῷ,
2732 2656 2820 2708 ὅτε
2852 2654 2912 2707 τὸ
2928 2654 3118 2725 Πάσχα
3147 2654 3365 2722 ἐγένετο
3389 2655 3590 2710 ⁴ἐκεῖσε.
3608 2650 3737 2723 ἀρχὴ
3761 2649 3806 2702 δὲ

2251 2748 2389 2818 αὕτη
2419 2747 2631 2816 γίνεται
2665 2747 2759 2800 τοῦ
2801 2747 2980 2819 ἔαρος,
3013 2747 3103 2800 ὅτε
3145 2747 3177 2817 ἡ
3208 2746 3400 2818 πρώτη
3456 2745 3724 2816 ίσημερία,
3755 2744 3808 2794 t2

2256 2839 2486 2910 μίλτεως
2525 2838 2861 2909 λαμόάνουσι
2896 2837 3096 2902 πάντες
3141 2839 3434 2907 Αἰγύπτιοι
3479 2837 3614 2892 κατὰ
3651 2837 3806 2905 ἀγνω-

2254 2932 2393 2995 σίαν,
2431 2933 2524 2984 καὶ
2550 2929 2761 3002 χρίουσι
2795 2931 2891 3001 μὲν
2921 2929 2989 2982 τὰ
3013 2925 3279 3000 πρόϐατα,
3311 2932 3529 3002 χρίουσι
3557 2930 3611 2983 δὲ
3645 2928 3730 2982 καὶ
3750 2926 3804 2978 τὰ

2251 3023 2464 3094 δένδρα.
2488 3023 2588 3085 τὰς
2611 3024 2805 3085 συκᾶς.
2835 3024 2927 3076 καὶ
2967 3023 3029 3076 τά
3062 3022 3217 3086 ἄλλα,
3254 3024 3586 3094 φημίζοντες
3616 3021 3704 3076 καὶ
3733 3009 3805 3072 λέ-

2253 3127 2461 3183 γσντες,
2515 3115 2596 3167 ὅτι
2630 3114 2783 3183 φησί·
2831 3114 2890 3166 τὸ
2925 3113 3034 3186 πῦρ
3062 3115 3118 3167 tv
3164 3115 3335 3186 ταύτῃ
3372 3120 3438 3188 τῇ
3467 3115 3646 3186 ἡμέρᾳ
3688 3131 3802 3167 κατ-

2251 3205 2445 3274 ἐφλεξὲ
2516 3223 2649 3258 ποτε
2705 3205 2803 3276 τὴν
2859 3206 3208 3278 οἰκουμένην.
3273 3208 3346 3260 Τὸ
3404 3208 3462 3262 δὲ
3509 3209 3682 3279 σχῆμα
3725 3203 3801 3256 τοῦ

2254 3300 2485 3368 αἵματος
2530 3299 2590 3352 τὸ
2619 3300 2876 3371 πυρωπὸν
2909 3299 3264 3371 ἁλεξητήριὸν
3319 3303 3439 3354 ὲστι
3490 3302 3588 3371 τῆς
3637 3298 3803 3354 τοσαύ-

2250 3408 2348 3462 της
2380 3390 2594 3460 πληγῆς
2618 3392 2710 3444 καὶ
2739 3393 3015 3463 τοιαύτης.
3049 3392 3218 3444 Πόθεν
3244 3383 3300 3445 δὲ
3321 3394 3424 3446 οὐκ
3453 3392 3642 3464 ἔχομεν
3659 3383 3802 3456 δεῖξαι

2252 3481 2381 3552 περὶ
2419 3482 2518 3551 τῆς
2551 3472 2900 3546 ἀκολουθίας,
2933 3481 3006 3546 ὡς
3037 3482 3116 3535 ἔτι
3163 3483 3256 3537 καλ⁵
3285 3483 3449 3556 δεῦρο
3487 3482 3556 3536 τὰ
3604 3481 3802 3550 λείψανα

2250 3577 2348 3644 τῆς
2381 3573 2474 3626 τοῦ
2499 3573 2618 3626 Νῶε
2644 3575 2912 3645 λάρνακος
2934 3575 3206 3628 δείκνυται
3233 3576 3289 3627 tv
3316 3579 3384 3646 τῇ
3409 3575 3516 3629 τῶν
3540 3573 3802 3644 Κάρδυέων

2252 3663 2427 3735 χώρᾳ.
2465 3664 2576 3716 Καὶ
2625 3665 2843 3729 πάντως
2879 3665 2934 3716 δὲ
2983 3666 3030 3716 εί
3075 3665 3431 3735 ἐπιζητήσειέ
3474 3683 3576 3730 τις,
3611 3663 3697 3718 καὶ
3726 3662 3803 3713 ἀν·

2251 3757 2565 3827 ερευνήσειε
2593 3757 2687 3810 καὶ
2706 3755 2774 3808 τὰ
2796 3757 3022 3826 λείψανα
3050 3755 3143 3809 τοῦ
3166 3757 3576 3830 θυσιαστηρίου,
3602 3755 3802 3822 ἐπείπερ

2252 3846 2543 3899 ἀκόλουθόν
2567 3847 2737 3908 ἐστιν,
2771 3845 2921 3918 εὖροι
2957 3845 3022 3900 ἂν
3049 3848 3106 3900 ἐν
3139 3849 3203 3918 τῇ
3241 3848 3492 3919 ὑπωρείᾳ
3522 3847 3612 3901 τοῦ
3638 3847 3798 3916 ὄρους’

2251 3939 2385 3991 ὅπου
2412 3934 2594 4009 ἔμεινε
2622 3937 2742 3991 Νῶε
2769 3937 2998 4002 ἐξελθὼν
3027 3937 3135 3992 ἀπὸ
3155 3942 3254 4010 τῆς
3275 3939 3532 4004 κιϐωτοῦ,
3554 3940 3644 3992 καὶ
3668 3951 3802 4008 προσ-

2251 4029 2478 4098 ενέγκας
2513 4029 2620 4082 ἀπὸ
2646 4030 2754 4083 τῶν
2779 4028 2931 4092 ζώων
2964 4029 3072 4083 τῶν
3105 4030 3384 4102 καθαρῶν,
3428 4030 3643 4085 καὶτῶν
3668 4029 3800 4082 στεα-

2249 4129 2356 4174 των
2408 4121 2600 4192 Κυρίῳ
2651 4120 2728 4192 τῷ
2779 4120 2928 4192 Θεῷ,
2977 4123 3064 4174 ὅτε
3115 4122 3373 4193 ἤκουσεν·
3423 4125 3568 4190 Ἰδοὺ
3604 4119 3802 4175 δέδωκά

2251 4228 2348 4266 σοι
2379 4212 2596 4276 πάντα,
2631 4214 2713 4279 ὡς
2734 4211 2971 4282 λάχανα
3005 4215 3260 4282 χόρτου·
3297 4215 3514 4282 θῦσον,
3536 4216 3630 4269 καὶ
3651 4213 3796 4283 φάγε.

2253 4303 2663 4374 Παρελεύσομαι
2713 4305 2897 4358 δὲκαὶ
2941 4305 3147 4375 ταύτης
3193 4307 3354 4361 πάλιν
3409 4310 3470 4362 τὸ
3507 4309 3800 4361 ἐπείσακτον

2252 4394 2346 4446 καὶ
2374 4392 2580 4462 ἠλίθιον
2622 4394 2721 4464 τῆς
2757 4395 3044 4467 αἱρέσεως,
3083 4397 3376 4467 ἀρκεσθεὶς
3404 4402 3521 4462 ταῖς
3566 4412 3798 4472 προειρη-

2255 4483 2445 4554 μέναις
2477 4483 2686 4553 ὀλίγαις
2725 4485 2952 4550 λέξεσιν,
2991 4489 3380 4559 ὲνσπαρείσαις
3411 4491 3517 4544 ὑπὸ
3545 4491 3640 4559 τῆς
3667 4485 3798 4557 ἡμῶν

2255 4573 2616 4644 βραχύτητος,
2649 4577 2883 4630 ἐνταῦθα
2917 4579 3053 4650 πρὸς
3079 4580 3352 4635 ἀντίθεσιν
3376 4582 3480 4652 τῆς
3502 4583 3698 4650 πλάνης
3719 4580 3797 4646 τῆς

2253 4667 2661 4739 προειρημένης
2681 4669 2962 4741 αἱρέσεως.

2679 4782 2868 4834 ΚΑΤΑ
2907 4784 3225 4840 οΣΣΗΝΩΝ
3257 4788 3407 4860 (tt),

2254 4885 2437 4958 Ἔκτη
2481 4891 2712 4960 αἵρεσις
2744 4894 2861 4968 ἀπὸ
2901 4895 3302 4968 ’ζοιξδαΐοομοῦ,
3332 4894 3795 4960 ἐννεακαιδεκάτῃ

2765 4964 2834 5016 δὲ
2864 4964 2937 5034 τῇ
2975 4964 3324 5039 ἀκολουθίᾳ.

2323 5073 2401 5128 Λ¹.
2433 5073 2592 5128 Μετὰ
2624 5075 2832 5147 ταύτην
2867 5079 3030 5133 πάλιν
3061 5081 3194 5152 άλλη
3236 5099 3321 5147 τις
3361 5083 3573 5156 αἵρεσις
3603 5079 3798 5137 ταύταις

2260 5391 2618 5462 Epiphanius,
2653 5394 2938 5460 Ὀσσαὶους
2963 5396 3158 5454 haeresi
3188 5409 3296 5454 nx
3332 5407 3387 5456 et
3412 5417 3527 5462 LIII,
3558 5394 3788 5462 nominat,

2255 5453 2318 5537 ’.ιέ
2363 5453 2614 5537 ’δοθιῖεειλ
2669 5453 2956 5537 observat,
3008 5453 3718 5537 quemadmodumi’VEacaim
3746 5453 3791 5514 et

2268 5533 2648 5611 ’Ogaqvot‘pro
2683 5536 2876 5611 iisdem
2914 5533 3276 5611 accipiuntur.
3333 5541 3404 5596 Ex
3430 5557 3538 5611 quo
3566 5536 3788 5590 nimirum

2254 5603 2458 5670 colligit
2489 5604 2582 5681 τόν
2612 5607 2836 5681 nonnisi
2857 5610 2996 5681 κατὰ
3018 5603 3359 5681 παραγωγήν
3390 5603 3647 5667 ἱιιᾮτωεο
3666 5614 3787 5658 esse.

2255 5688 2430 5739 neque
2471 5675 2711 5728 radit-ale
2751 5677 2943 5740 videri,
2979 5679 3055 5732 uti
3096 5675 3195 5736 nec
3219 5675 3278 5735 in
3308 5675 3623 5739 Essenorum
3654 5684 3787 5726 vocato

2255 5743 2402 5795 Inulo.
2438 5743 2602 5797 Addit
2645 5745 2938 5815 Ὀσσηνούς
2965 5749 3183 5804 eosdem
3212 5765 3335 5807 esse
3361 5767 3480 5807 cum
3520 5743 3782 5815 Ἐσσηντξίς”

2257 5821 2520 5883 utrosque
2551 5816 2694 5869 enim
2737 5811 2892 5872 esse:
2924 5828 3066 5879 man
3094 5823 3220 5890 quia
3257 5834 3614 5894 saepenumero
3637 5811 3783 5868 holcal
