4022 6426
275 346 366 402 261

942 341 1314 400 ADVERSUS
1347 341 1711 399 HlERESES.
1753 341 1882 400 LIB.
1925 341 1963 398 Ι.
2009 340 2170 396 ΤΟΜ.
2213 343 2253 396 1.
2289 371 2359 382 —-
2392 341 2668 401 ILERES.
2714 342 2854 399 XIX.

3460 343 3564 402 262

282 459 800 534 ταραπεπλεγμένη,
830 461 865 531 ἡ
896 458 1005 514 τῶν
1045 460 1320 532 Ὀσσηνῶν
1346 459 1677 531 καλουμένη.
1720 460 1840 514 Ἰου·

1960 457 2245 529 implicita.
2276 458 2389 531 40
2410 457 2544 513 Nam
2574 471 2627 515 et
2655 459 2709 514 hi
2746 457 2973 530 perinde
2998 465 3058 514 ut
3087 458 3165 513 illi
3194 456 3366 514 Judaei
3402 469 3559 525 sunt,

271 554 409 608 δαῖοί
439 571 501 607 τε
552 548 720 615 οὗτοι,
751 551 827 616 ὡς
870 551 963 605 καὶ⁸
1001 552 1060 604 αἱ
1104 550 1524 623 προειρημέναι,
1564 552 1859 624 ὑποκριταὶ

270 647 361 699 τὸν
408 645 633 716 τρόπον,
680 644 844 697 δεινοὶ
885 642 984 714 τὴν
1023 643 1291 699 ἐπίνοιαν.
1325 645 1633 716 Ὠρμηνται
1679 643 1735 697 δὲ
1765 636 1858 697 οὗ·

268 755 351 791 τοι
376 738 512 810 (15),
535 736 612 800 ὡς
648 738 682 806 ἡ
704 738 785 799 εἰς
818 737 967 806 ἡμᾶς
989 734 1224 790 ὲλθοῦσα
1253 736 1500 807 περιέχει
1535 735 1855 807 παράδοσις,

267 829 379 883 ἀπὸ
410 829 514 900 τῆς
548 827 868 898 Ναὸατικῆς
897 826 1106 900 χώρας,
1140 828 1237 884 καὶ
1284 828 1606 900 Ἰτουραίας,
1639 826 1858 882 Μωαϐί-

267 921 415 984 τιδός
440 937 501 973 τε
535 921 630 974 καὶ
659 919 1017 991 ’Λρηῖλίτιδος
1048 920 1159 974 τῶν
1190 920 1449 974 ἐπέκεινα
1476 921 1576 989 τῆς
1613 920 1859 985 κοιλάδος

265 1014 370 1084 τῆς
404 1012 638 1082 Ἀλυκῆς
678 1011 853 1075 οὕτως
898 1011 958 1065 ὲν
1002 1014 1072 1084 τῇ
1103 1011 1226 1084 θείειν⁹
1276 1012 1467 1085 Γραφῇ
1515 1011 1857 1084 καλουμένης

178 1113 193 1124 ·
263 1104 677 1177 ὑπερκειμένης
696 1102 901 1176 χώρας.
917 1105 1078 1159 Ἐστι
1098 1103 1157 1157 δὲ
1178 1102 1319 1175 αὕτη
1342 1103 1530 1176 Νεκρὰ
1545 1103 1855 1176 καλουμένη

265 1196 556 1251 Θάλασσα.
585 1194 756 1248 Τοῦτο
776 1195 834 1248 δὲ
848 1194 909 1247 τὸ
932 1194 1088 1263 γένος
1109 1192 1220 1248 τῶν
1252 1193 1528 1266 Ὀσσηνῶν
1545 1193 1657 1266 (16)
1683 1196 1857 1267 ἑρμη-

264 1288 483 1343 νεύεται
535 1286 624 1340 διὰ
670 1286 772 1357 τῆς
820 1285 1089 1349 ἐκδόσεως
1132 1283 1228 1339 τοῦ
1280 1285 1546 1357 ὀνόματος
1597 1284 1854 1358 στιϐαρὸν

263 1380 448 1450 γένος.
478 1379 734 1449 Συνήφθη
774 1378 830 1432 δὲ
860 1375 1073 1441 τούτοις
1112 1376 1407 1449 μετέπειτα
1438 1377 1556 1449 (l7)
1592 1381 1621 1432 ό
1659 1375 1855 1433 καλούς

264 1488 432 1543 μενος
476 1469 696 1535 Ἦλξατ,
741 1471 801 1524 ὲν
829 1468 1042 1541 χρόνοις
1082 1468 1357 1541 Τραϊανοῦ
1399 1468 1666 1539 βασιλέως
1715 1469 1855 1541 μετὰ

259 1564 363 1635 τὴν
397 1561 496 1616 τοῦ
540 1562 795 1633 Σωτῆρος
827 1561 1157 1636 παρουσίαν,
1194 1561 1255 1627 ὃς
1296 1562 1515 1629 ἐγένετο
1548 1562 1853 1635 ψευδοπρο-

260 1656 467 1727 φήτηςο
514 1653 903 1725 Συνεγράψατο
949 1654 1007 1709 δὲ
1056 1647 1212 1718 οὗτος
1255 1652 1461 1724 βιϐλίον
1502 1653 1664 1725 δῆθεν
1709 1655 1853 1711 κατὰ

262 1747 632 1821 προφητείαν,
666 1746 703 1816 ἢ
741 1745 818 1811 ὡς
854 1745 994 1801 κατὰ
1022 1746 1204 1800 ἔνθεον
1231 1746 1447 1815 σοφίαν.
1481 1746 1622 1800 Φασὶ
1659 1746 1717 1801 δὲ
1758 1748 1853 1802 καὶ

1961 558 2018 606 et
2049 549 2340 605 simulandi
2375 552 2635 615 artiﬁces,
2670 560 2834 623 atque
2874 551 2928 606 iu
2968 550 3163 622 primis
3196 550 3404 608 callidi.
3447 549 3552 608 Fe-

1962 650 2094 696 runt
2122 644 2259 698 istos
2283 658 2351 697 ex
2381 642 2660 710 Nabataea,
2694 644 2910 710 lturaea,
2941 642 3234 701 Moabitide
3261 651 3316 699 et
3360 644 3561 698 Areili«

1959 734 2073 790 tide
2104 736 2371 805 originem
2400 736 2672 800 traxisse,
2713 751 2836 807 quae
2871 736 3129 807 regiones
3174 737 3317 790 ultra
3356 737 3556 793 vallem
3639 766 3647 775 ο

1958 828 2361 898 salsuginosam
2392 829 2583 898 positae
2604 836 2750 884 sunt.
2788 828 2905 885 Hoc
2937 829 3084 885 enim
3128 828 3351 883 nomine
3383 830 3558 886 sacris

1961 918 2021 974 in
2061 919 2258 975 litteris
2289 929 2499 975 tractus
2530 920 2622 975 ille
2651 920 2900 991 superior
2928 921 3256 990 appellatur,
3290 923 3382 991 qui
3413 920 3558 975 idem

1956 1017 2043 1067 est
2074 1025 2199 1066 cum
2233 1013 2368 1066 mari
2394 1010 2630 1067 Mortuo.
2664 1011 3000 1068 Ossenorum
3020 1027 3185 1083 porro
3205 1028 3380 1084 genus
3410 1013 3559 1069 istud

1956 1101 2004 1158 si
2036 1116 2234 1156 nomen
2264 1102 2646 1173 interpretere,
2680 1102 2822 1159 idem
2851 1110 2937 1158 est
2980 1117 3045 1156 ac
3078 1103 3293 1157 ﬁrmum
3325 1113 3381 1173 et.
3420 1103 3558 1158 soli-
3658 1124 3670 1132 -

1956 1194 2109 1249 dum.
2144 1192 2226 1248 Ad
2278 1194 2379 1250 hos
2414 1204 2602 1265 postea
2645 1194 2796 1249 ΕΙιοί
2840 1210 2901 1251 se
2958 1195 3183 1265 quidam
3218 1196 3554 1266 aggregavit,

1956 1287 2262 1358 imperante
2288 1286 2549 1358 Trajano,
2576 1295 2701 1358 post
2740 1286 3037 1342 adventum
3069 1286 3275 1341 Christi
3312 1286 3553 1342 Domini.

1956 1379 2060 1448 Qui
2108 1395 2233 1436 cum
2274 1379 2413 1436 falso
2444 1379 2764 1450 prophetam
2788 1394 2848 1434 se
2874 1378 3103 1443 diceret,
3134 1378 3331 1432 librum
3363 1394 3558 1448 quem-

1955 1473 2081 1530 dam
2130 1474 2280 1529 velut
2310 1473 2633 1545 prophetico
2659 1473 2857 1544 spiritu
2889 1471 3104 1528 adlatus
3131 1471 3335 1535 edidit,
3367 1473 3554 1528 divina

1955 1565 2166 1631 scilicet
2199 1563 2469 1635 sapientia
2504 1564 2744 1634 plenum.
2779 1562 2956 1633 llnjus
2989 1572 3251 1634 praeterea
3300 1563 3551 1634 fratrem,

1952 1656 2177 1717 Jexenm
2210 1656 2452 1723 nomine,
2480 1646 3239 1713 commemorant.'Czeterum
3276 1656 3442 1712 homo
3464 1657 3556 1712 ille

1955 1752 2202 1807 moribus
2227 1752 2473 1823 perditus
2497 1759 2666 1822 atque
2699 1751 2971 1821 impostor
3003 1750 3138 1818 fuit;
3163 1765 3290 1805 nam
3309 1766 3434 1804 cum
3461 1766 3555 1820 ge-

259 1840 422 1896 ιλλον
450 1838 579 1893 τινὰ
618 1837 811 1903 Ἰεξέον
853 1838 1086 1907 ἀδελφὸν
1119 1837 1334 1893 τούτου.
1378 1836 1577 1907 Γέγονε
1611 1838 1669 1891 δὲ
1697 1833 1840 1904 οὗτος

1945 1831 2083 1899 ἰιθιιε
2116 1858 2183 1900 ac
2227 1852 2378 1901 secta
2423 1843 2647 1901 Judaeus
2676 1854 2856 1908 esset,
2897 1843 2966 1898 ad
2998 1845 3133 1915 legis
3164 1843 3549 1914 praescriptum

256 1934 285 1986 ό
305 1930 601 2002 ἄνθρωπος
635 1928 1049 2001 πεπλανημένος
1073 1927 1167 1982 τὸν
1193 1928 1414 1999 τρόπον,
1447 1927 1725 2001 ἀπατηλὸς
1750 1929 1852 2001 τὴν

255 2023 511 2096 γνώμην,
541 2022 652 2077 ἀπὸ
685 2020 954 2075 Ἰουδαίων
980 2019 1320 2092 ὁρμώμενος,
1356 2022 1450 2075 καὶ
1477 2021 1546 2075 τὰ
1588 2021 1852 2077 Ἰουδαίων

255 2114 499 2185 φρονῶν,
524 2111 669 2168 κατὰ
699 2112 866 2183 νόμον
899 2110 958 2165 δὲ
1003 2106 1079 2183 μὴ
1123 2108 1568 2182 πολιτευόμενος,
1601 2111 1768 2183 ἕτερα
1794 2112 1853 2167 δὲ

251 2207 377 2262 ἀνθ’
427 2206 633 2279 ἐτέρων
677 2204 1085 2279 παρεισφέρων,
1125 2205 1221 2258 καὶ
1253 2203 1353 2275 τὴν
1387 2204 1524 2258 ίδίαν
1565 2202 1731 2259 αὑτοῦ
1767 2203 1853 2259 αἵ-

257 2317 415 2373 ρεσιν
460 2298 767 2368 πλανὴσας.
813 2295 1020 2360 Ἂλας,
1069 2298 1164 2350 καὶ
1217 2296 1399 2369 ὕδωρ,
1439 2296 1533 2351 καὶ
1574 2297 1679 2368 γῆν
1698 2337 1714 2363 ,
1755 2298 1852 2351 καὶ

249 2393 460 2464 κᾶρτον
478 2391 592 2461 (l8)
612 2390 710 2444 καὶ
731 2389 980 2461 οὐρανὸν,
1003 2389 1098 2443 καὶ
1119 2388 1333 2455 αἰθέρα,
1356 2390 1451 2443 καὶ
1473 2389 1674 2461 ἄνεμον
1688 2390 1853 2460 ὅρκον

251 2485 446 2548 αὐτοῖς
472 2483 556 2547 είς
588 2480 842 2554 λατρείαν
870 2483 1197 2553 ὁρισάμενος
1228 2482 1603 2555 παραδέδωκε.
1626 2482 1765 2537 Ποτὲ
1792 2482 1852 2537 δὲ

253 2578 422 2633 πάλιν
444 2576 640 2640 ἄλλους
667 2574 950 2647 μάρτυρας
971 2573 1112 2628 ἑπτά
1130 2574 1481 2647 ὁρισάμενος,
1505 2574 1598 2631 τὸν
1622 2575 1851 2648 οὐρανὸν

250 2668 423 2739 φημὶ,
446 2668 543 2720 καὶ
574 2665 635 2719 τὸ
661 2665 830 2738 ὕδωρ,
868 2666 961 2719 καὶ
993 2666 1286 2737 πνεύματα
1313 2665 1500 2737 φησὶν,
1531 2666 1628 2720 καὶ
1659 2665 1851 2734 ἁγίους

248 2761 381 2824 τοὺς
405 2757 674 2827 ἀγγέλους
712 2758 811 2829 τῆς
846 2760 1177 2830 προσευχῆς,
1216 2759 1313 2813 καὶ
1345 2760 1408 2812 τὸ
1437 2759 1637 2827 ἔλαιον,
1671 2759 1852 2814 καὶτὸ

248 2850 415 2914 ἅλας,
457 2851 554 2903 καὶ
588 2849 688 2921 τὴν
720 2852 846 2919 γῆν.
892 2847 1284 2920 Ἀπεχθάνεται
1330 2849 1388 2902 δὲ
1424 2852 1491 2921 τῇ
1541 2849 1847 2920 παρθενίᾳ,

252 2946 410 3014 μισεῖ
435 2943 491 2997 δὲ
528 2942 627 3014 τὴν
657 2942 985 3014 ἐγκράτειαν
1004 2983 1018 3005 ,
1048 2942 1346 3010 ἀναγκάζει
1371 2942 1428 2995 δὲ
1469 2943 1648 3012 γάμον
1668 2959 1682 2972 ο
1711 2960 1846 3012 φαν-

244 3034 493 3107 τασιώδη
514 3034 570 3088 δέ
595 3052 717 3088 τινα
740 3034 816 3098 ὡς
843 3033 1002 3106 δῆθεν
1034 3034 1432 3105 ἀποκαλύψεως
1463 3035 1845 3105 παρεισφέρειο

247 3127 556 3199 ὑποκριτὰς
580 3128 636 3182 δὲ
676 3129 692 3159 ¹
722 3127 987 3191 διδάσκει,
1022 3129 1199 3199 φήσας
1244 3128 1319 3201 μὴ
1360 3122 1499 3181 εἶναι
1534 3129 1844 3199 ἁμαρτίαν,

1952 1936 2179 1992 minime
2206 1937 2370 1992 vitam
2398 1951 2556 1993 suam
2586 1935 3053 2003 accommodavit;
3087 1935 3185 1992 sed
3217 1936 3321 1989 alia
3361 1936 3546 1990 omnia

1952 2028 2076 2084 loco
2095 2027 2220 2096 ejus
2237 2027 2496 2092 obtrusit,
2518 2042 2582 2082 ac
2605 2033 2907 2084 sectatores
2927 2043 3060 2083 suos
3091 2027 3147 2081 in
3174 2034 3552 2083 transversum

1954 2118 2201 2175 abduxit.
2256 2119 2402 2176 lnter
2450 2120 2558 2174 alia
2608 2134 2707 2190 per
2745 2119 2917 2176 salem
2953 2134 3020 2175 ac
3063 2128 3299 2181 terram,
3331 2133 3551 2188 panem,

1953 2211 2187 2277 crelum,
2217 2211 2421 2267 ethera
2441 2251 2456 2278 ,
2492 2218 2828 2281 ventumque
2854 2210 3003 2267 velut
3044 2210 3272 2265 numina
3305 2210 3555 2278 deierare

1947 2300 2137 2372 jussit.
2183 2301 2462 2357 Interdum
2492 2316 2569 2356 vit
2621 2302 2760 2359 alios
2809 2308 2979 2358 testes
3028 2299 3259 2356 deﬁnit:
3292 2300 3550 2354 nimirum

1953 2395 2178 2459 coelum,
2212 2409 2410 2466 aquam
2443 2403 2498 2450 et
2534 2395 2785 2465 spiritus,
2820 2402 3045 2450 sanctos
3077 2393 3348 2450 orationis
3386 2407 3553 2465 ange-

1952 2486 2057 2552 los,
2085 2486 2288 2546 oleum.
2329 2487 2500 2542 salem
2531 2495 2585 2542 et
2619 2494 2847 2544 terram.
2883 2484 3155 2542 Praeterea
3182 2487 3552 2558 virginitatem

1951 2579 2088 2645 odit,
2121 2578 2516 2634 continentiam
2549 2578 2798 2644 damnat,
2829 2585 2884 2634 et
2917 2578 2986 2633 ad
3018 2578 3288 2633 ineundas
3327 2578 3551 2648 nuptias

1951 2670 2250 2740 compellit.
2286 2669 2423 2726 Tum
2456 2686 2588 2727 vero
2613 2680 2922 2727 commenta
2969 2670 3217 2741 quaedam
3248 2685 3312 2723 ac
3337 2669 3551 2726 somnia

1952 2770 2213 2831 tanquam
2244 2763 2602 2833 apocalypses
2644 2763 2763 2819 suis
2809 2763 3049 2834 reliquit.
3093 2761 3245 2829 Quos
3272 2762 3435 2817 etiam
3476 2762 3552 2816 si-

1952 2855 2254 2909 mulatores
2304 2868 2429 2909 esse
2479 2854 2701 2922 docuit;
2754 2870 2879 2910 eum
2939 2855 3109 2910 ullum
3149 2861 3376 2924 negaret
3427 2868 3553 2908 esse

1951 2944 2191 3007 crimen,
2228 2945 2275 2999 si
2311 2945 2436 3015 quis
2475 2944 2876 3013 persecutionis
2911 2952 3157 3015 tempore
3200 2944 3343 2999 idola
3386 2958 3538 2997 vene-

1952 3043 2123 3099 retur,
2155 3034 2455 3089 dummodo
2483 3034 2711 3090 minime
2745 3035 2798 3089 id
2823 3051 2892 3090 ex
2926 3036 3111 3090 animo
3150 3035 3349 3102 faciat;
3378 3044 3471 3088 aut
3499 3034 3545 3088 si

1952 3127 2080 3197 quid
2118 3142 2213 3182 ore
2243 3134 2401 3181 tenus
2432 3142 2539 3182 non
2577 3128 2704 3182 item
2735 3128 2921 3183 animo
2946 3128 3291 3198 proﬁteatur.

246 3220 299 3270 εί
328 3219 427 3271 καὶ
468 3217 836 3289 παρατύχοιεν
866 3216 1056 3272 εἴδωλα
1079 3220 1454 3290 προσκυνῆσαι
1478 3217 1672 3291 καιροῦ
1728 3217 2014 3281 ἐνστάντος
2069 3217 2333 3289 διωγμοῦ,
2373 3218 2468 3272 ἐὰν
2518 3218 2677 3289 μόνον
2725 3220 2782 3274 δν
2829 3221 2898 3290 τῇ
2939 3219 3243 3288 συνειδήσει
3290 3218 3364 3289 μὴ
3415 3234 3541 3289 upon

252 3310 533 3380 φωνήσῃ.
580 3310 677 3363 καὶ
718 3309 852 3363 εἴτι
886 3310 930 3363 δ’
973 3311 1039 3364 ἂν
1070 3311 1381 3382 ὁμολογήσῃ
1424 3312 1483 3365 ἐν
1529 3311 1776 3381 στόματι,
1819 3312 1876 3363 ὲν
1913 3309 1970 3361 δὲ
2004 3308 2071 3379 τῇ
2103 3309 2301 3380 καρδίᾳ
2342 3310 2441 3379 μή.

324 3424 340 3454 ¹
386 3423 545 3477 Deest
577 3417 736 3477 εἶναι.

287 3578 360 3620 ιο,
376 3561 599 3626 scheva,
623 3568 677 3615 et
710 3560 951 3632 vicissim
971 3560 1172 3615 scheva
1197 3576 1294 3630 pro
1313 3561 1492 3616 holem
1516 3570 1835 3632 usurpatur.

1945 3560 2002 3613 ὲν
2038 3558 2393 3632 τῇῇῐτουρέα
2433 3560 2528 3632 καὶ
2556 3558 2875 3632 Ναϐαττίδι.
2932 3554 3009 3611 Ex
3049 3554 3543 3632 quibus‘fortassis

274 3634 406 3687 lane
437 3635 811 3703 conjecturam
846 3631 1061 3685 duobus
1103 3632 1448 3703 potissimum
1493 3631 1836 3702 argutiicnlis

244 3705 486 3759 astruit:
530 3702 795 3764 alterum,
837 3703 984 3772 quod
1033 3702 1202 3754 multa
1250 3703 1302 3755 in
1346 3718 1535 3756 eorum
1584 3703 1836 3758 instituto

242 3775 863 3845 veterumAEssenorum
889 3772 1116 3845 vestigia
1144 3780 1486 3845 comparent,
1553 3781 1745 3842 utpnta
1798 3777 1831 3845 ἡ

241 3846 356 3899 τῶν
383 3843 629 3914 ἀγγέλων
666 3843 953 3914 θρησκεία,
988 3844 1145 3896 cibus
1173 3858 1240 3896 ex
1263 3843 1379 3897 sale
1400 3851 1453 3897 et
1477 3858 1637 3912 pane,
1673 3843 1836 3913 potus

240 3932 316 3969 ex
345 3931 485 3986 aqua
510 3953 525 3980 ,
556 3927 667 3969 tum
695 3914 840 3984 quod
874 3914 1065 3986 Osseui
1096 3914 1263 3986 solem
1281 3915 1767 3986 adorarunt,iunde
1783 3926 1837 3969 et

244 3985 516 4056 Sampszei
544 3986 711 4039 dicti:
746 3999 868 4056 nam
899 3985 1184 4056 Sampsari,
1226 3999 1465 4056 quorum
1495 3997 1579 4056 est
1610 3985 1835 4041 hmrcsis

240 4052 576 4123 uin-iidem
616 4069 740 4109 eum
781 4052 1007 4109 Ossenis
1049 4055 1326 4110 videntur.
1376 4055 1444 4106 At
1495 4053 1832 4109 Essenorum

240 4127 531 4198 proprium
567 4127 669 4180 hoc
702 4124 822 4198 fuit,
857 4126 1069 4198 oriente
1090 4127 1206 4180 sole
1239 4140 1428 4198 preces
1456 4123 1715 4198 inridere;
1753 4127 1836 4179 al-

237 4195 428 4256 terum
458 4207 564 4259 est,
591 4196 736 4265 quod
770 4196 919 4249 Elxai
947 4196 1213 4263 impostor
1246 4197 1355 4257 ille,
1382 4195 1472 4263 qui
1496 4195 1571 4265 ad
1593 4199 1834 4251 Ussenos

238 4268 490 4331 transiit,
517 4264 758 4322 Essenus
789 4264 1145 4332 fuei'it.,Niliil
1181 4266 1326 4319 enim
1360 4264 1506 4318 aliud
1534 4274 1617 4320 est
1650 4265 1832 4332 Ἑλξαῒ

235 4352 411 4409 quam
451 4322 489 4391 δ’
516 4338 767 4409 Ἐσσαῖος
794 4344 944 4409 ﬁan
977 4322 1047 4409 ξω
1076 4337 1417 4409 ιιιίἀεοοιξε,
1452 4350 1559 4409 non
1595 4322 1832 4392 hominis

236 4406 533 4480 proprium
556 4407 852 4480 exstiterit.
888 4406 995 4460 Sed
1019 4422 1085 4461 ea
1111 4407 1373 4480 scaligeri
1398 4406 1717 4480 conjectura
1740 4422 1832 4461 ea-

212 4476 408 4534 tenus
444 4495 473 4532 a
506 4479 664 4534 nobis
688 4477 971 4547 probatur,
1004 4486 1061 4530 ut
1089 4478 1220 4530 nihil
1254 4494 1418 4547 supra
1453 4476 1829 4541 conjecturam

235 4565 310 4603 ac
359 4550 696 4619 probabilem
729 4548 1040 4617 Opinionem
1085 4548 1299 4601 habeat.
1349 4547 1413 4600 Et
1445 4549 1664 4615 quidem
1700 4563 1826 4602 cum

234 4618 367 4673 tria
394 4620 532 4689 apud
563 4618 782 4673 Judaaos
831 4626 973 4689 ante
992 4618 1277 4672 Christum
1322 4626 1597 4689 sectarum
1645 4620 1828 4687 capita

237 4687 479 4756 fuerint;
505 4690 925 4751 Pharisaeorum,
944 4688 1371 4742 Sadducazorum
1396 4697 1448 4741 et
1470 4687 1825 4752 Essenornm,

236 4771 455 4816 ca:ch
488 4775 702 4823 omnes,
728 4775 849 4828 quae
885 4760 955 4813 ab
986 4759 1313 4828 Epiphanio,
1341 4760 1424 4813 vel
1461 4760 1585 4813 aliis
1623 4776 1828 4813 memo-

234 4841 456 4896 rantur,
492 4831 728 4886 luereses
751 4831 817 4884 ad
847 4830 1066 4883 illarum
1096 4831 1406 4899 quampiam
1436 4830 1631 4883 merito
1665 4844 1823 4883 revo-

234 4914 458 4978 cantur,
494 4917 664 4978 aqua
692 4901 860 4978 initio
892 4897 1288 4978 proﬂuxerunt.
1335 4897 1663 4978 Quanquam
1693 4915 1828 4978 pau-
1858 4918 1906 4978 ι)

233 4972 398 5026 latim
428 4969 665 5028 novis'ad
689 4971 1001 5025 institutum
1027 4971 1246 5034 ritibus,
1268 4984 1333 5023 ac
1358 4969 1707 5039 dogmatibus
1728 4970 1825 5024 ad-

230 5042 517 5114 jiciendis,
561 5052 657 5097 aut
684 5051 877 5114 contra
912 5042 1191 5114 veteribus
1221 5040 1555 5114 rejicieudis,
1591 5042 1822 5114 multum

234 5109 270 5166 α
310 5114 491 5181 priore
522 5114 696 5167 forma
716 5110 1059 5166 deﬂexerint.
1104 5112 1473 5177 Quamobrem
1506 5112 1575 5165 ab
1600 5109 1824 5165 Esscnis

233 5183 632 5241 Ossenosistos
650 5198 903 5237 manasse
922 5183 1185 5236 credibile
1201 5190 1316 5235 est:
1352 5182 1573 5236 tametsi
1589 5181 1824 5250 plurima

235 5255 353 5309 illis
387 5256 666 5309 contraria
688 5254 942 5324 dogmata
959 5253 1152 5307 Osscni
1187 5252 1538 5321 postmodum
1566 5262 1826 5307 astruxe-

233 5327 385 5380 rint:
422 5326 568 5396 quod
595 5341 664 5381 ex
692 5323 888 5393 Epiph.
921 5335 1176 5379 constare
1199 5330 1397 5393 potest.

301 5417 417 5489 (15)
440 5419 763 5488 Ὠρμηνται
788 5414 857 5489 δέ
884 5410 1070 5489 οὗτοι.
1095 5412 1248 5489 Unde
1275 5411 1617 5489 et_Sampsaai
1645 5414 1827 5479 prot'e-

232 5483 330 5544 c1i'.
361 5483 463 5555 Qui
497 5483 631 5544 uteri
656 5495 787 5543 sunt
818 5485 1033 5550 Osseui,
1072 5485 1178 5540 nisi
1202 5484 1349 5554 quod
1380 5483 1448 5536 ad
1478 5498 1827 5538 conunuucm

234 5554 684 5630 superstitionem
705 5567 983 5630 utcunque
1011 5554 1315 5630 Christiani
1345 5555 1603 5630 notuinis
1616 5555 1831 5630 profes—

237 5624 447 5701 sionem
478 5624 1124 5701 adjunxerantfﬂerum
1175 5626 1341 5701 igitur
1385 5624 1723 5701 domicilium
1760 5625 1826 5701 _in

235 5697 414 5755 Perseu
446 5695 567 5765 fuit,
620 5708 682 5755 ut
717 5699 909 5754 haeresi
943 5695 1356 5765 LIII-scriptum
1385 5706 1492 5759 est,
1526 5695 1701 5766 πέραν
1726 5695 1828 5764 τῆς

239 5769 614 5844 ⁹έᾲλυκῆςάιτοι
629 5771 851 5844 Νεκρὲἰς
868 5769 1038 5844 καλου
1042 5766 1585 5844 μένης-θαλάσσηςέν
1598 5768 1662 5844 τῇ
1682 5766 1825 5820 Μοα-

240 5838 391 5897 εξτιδι
588 5859 657 5894 πε
669 5842 719 5913 pl
741 5835 829 5894 τὸν
847 5835 1181 5911 χειμάρρουν
1208 5835 1413 5908 Ἀρνῶν
1432 5835 1526 5891 καὶ
1545 5837 1821 5902 ἐπέκεινα,

1943 3628 2414 3686 οιιιριῖιιιιηιί.ιί”οκ
2444 3631 2542 3701 τῆς
2576 3630 2954 3701 Ἀρηῖλίτιδος,
2985 3644 3107 3699 quze
3134 3629 3237 3682 hoc
3266 3628 3385 3701 loco
3411 3630 3541 3699 logia

1943 3710 2050 3763 tur,
2078 3717 2199 3769 qum
2228 3698 2509 3770 nusquam
2528 3698 2834 3770 reperitur:
2868 3698 3074 3769 proque
3106 3714 3169 3753 ea
3197 3698 3542 3753 substituen-

1940 3772 2068 3843 dum
2106 3771 2508 3843 V'Apompiri'do;
2549 3772 2621 3843 ab
2659 3775 2852 3832 Aroer,
2903 3787 3024 3841 qna'
3069 3777 3118 3825 et
3164 3771 3250 3843 Ar:
3288 3780 3535 3843 vocatur,

1942 3840 2317 3913 Moabita‘i'nm'
2355 3842 2491 3913 urbe
2542 3840 3009 3913 frequentissima,
3052 3855 3175 3913 qua;
3213 3840 3420 3913 Gr:eei_s
3453 3850 3539 3895 est

1952 3911 2284 3980 Ἀρεόπολις,
2321 3911 2387 3965 ad
2424 3910 2719 3967 torrentem
2742 3914 2967 3973 Arnom,
3002 3910 3162 3964 ut’ad
3193 3927 3243 3963 c.
3274 3910 3541 3966 quosue

1941 3981 2148 4037 Masius
2174 3983 2453 4036 observat.
2499 3981 2802 4037 Possumus
2838 3990 2892 4036 et
2933 3981 3312 4052 Ἀρνωνίτιδος
3358 3996 3385 4034 a
3420 3990 3537 4035 tori-

1938 4055 2113 4107 reutis
2142 4052 2366 4106 nomine
2398 4053 2670 4121 suspicari
2704 4054 2994 4120 scriptum.

2011 4123 2122 4193 (l6)
2169 4122 2351 4175 Τοῦτο
2391 4120 2459 4193 δὲ
2500 4119 2689 4189 γένος
2729 4119 2849 4175 τῶν
2893 4121 3221 4193 Ὀσσηνῶν.
3278 4119 3451 4193 Quasi
3503 4137 3535 4177 α

1937 4193 2103 4277 verbo
2137 4201 2236 4277 pm
2283 4192 2583 4277 profectum
2638 4196 2744 4253 sit,
2787 4192 2947 4277 ⁸(ιιιοιςί
2983 4194 3035 4277 in
3072 4192 3534 4277 Aranimadiugua

1936 4260 2300 4331 fortem'esse,
2350 4263 2431 4331 vel
2464 4262 2718 4315 ruborarc
2757 4261 3052 4328 significat,
3095 4262 3185 4314 alii
3211 4262 3280 4315 ab
3305 4260 3534 4316 Hebrum

1932 4330 2019 4397 vi?
2043 4334 2341 4387 deducunt.
2376 4330 2621 4401 Scaliger
2657 4347 2764 4385 non
2791 4332 3027 4397 dubitat,
3060 4333 3192 4402 quin
3247 4333 3531 4402 ὐσσηνός,

1908 4402 2519 4493 -ιιιυἘσσηνὸςηκατὰ
2567 4405 2909 4493 παραγωγήν
2954 4411 3288 4493 coufncptuml
3325 4403 3398 4458 sit
3422 4403 3535 4457 ἀπὸ

1932 4474 2027 4527 τοῦ
2052 4483 2215 4534 man,
2248 4483 2307 4527 ut.
2354 4473 2497 4527 idem
2534 4474 2607 4528 sit
2649 4471 2919 4543 Ὅσσαῖος,
2961 4481 3015 4527 et
3065 4471 3324 4543 Ὀσσηνός
3349 4488 3362 4500 ·
3402 4489 3530 4529 nam

1932 4544 2207 4611 ejusmodi
2235 4547 2626 4615 patronymicae
2655 4542 2977 4599 inﬂexiones
3007 4545 3060 4598 in
3093 4542 3225 4614 ηνός
3256 4544 3527 4615 Arabum,

1932 4624 1985 4669 et
2011 4616 2342 4668 Asianorum
2392 4614 2629 4684 propria:
2673 4620 2824 4675 sunt,
2871 4622 2931 4667 ut
2963 4615 3106 4669 idezu
3149 4630 3214 4684 ex
3250 4614 3534 4683 Stephano

1933 4686 1987 4740 in
2025 4685 2324 4755 Ἀϐασηνός
2351 4683 2532 4746 docet,
2565 4701 2690 4738 cum
2724 4684 2970 4754 EurOpzei
3005 4686 3165 4739 aliter
3194 4683 3456 4739 forment.‘

2004 4756 2115 4827 (Π)
2154 4754 2445 4827 Σιννήφθη
2488 4755 2557 4809 δὲ
2588 4757 2827 4821 τούτοις
2860 4756 3209 4827 μετέπειτα.
3265 4755 3337 4807 De
3372 4756 3530 4810 Elxai

1931 4825 2203 4886 meminit.
2249 4835 2306 4880 ut
2349 4825 2558 4881 dictum
2598 4835 2706 4891 est,
2753 4828 2807 4880 in
2853 4825 3259 4893 Sampsasornm
3309 4828 3528 4881 Inarresi.

1931 4894 2087 4962 Quod
2128 4905 2292 4950 see-tre
2330 4912 2531 4951 nomen
2578 4912 2724 4959 esse,
2773 4912 2884 4949 non
2939 4897 3199 4957 hominis,
3243 4898 3526 4966 proprium

1935 4981 2200 5034 ariolatur
2244 4979 2512 5049 Scaliger.
2573 4979 2783 5034 Etenim
2830 4981 3101 5035 Arabirns
3145 4982 3415 5034 articulus
3456 4966 3531 5040 ΒΝ

1935 5067 2061 5106 cum
2095 5050 2460 5119 appellatione
2488 5059 2654 5105 sectae
2675 5083 2693 5114 ,ν
2717 5055 2819 5105 Ιιοο
2856 5061 2940 5105 est
2964 5060 3108 5110 mon
3148 5051 3396 5113 Ἐσσαῖος
3430 5068 3530 5105 ηυ-

1932 5150 2056 5187 men
2077 5133 2208 5187 illud
2236 5134 2447 5203 peperit
2475 5119 2724 5194 ’κεπτ-ἢκ
2760 5134 3023 5199 Ἐλξαῖος,
3049 5137 3077 5187 ό
3107 5135 3374 5197 Ἐσσαῖος.
3407 5133 3525 5200 Qua

1929 5204 2095 5274 etiam
2120 5204 2334 5258 ratione
2360 5204 2604 5273 ejusdem
2640 5205 2807 5259 frater
2843 5205 3065 5270 Ἰεξαῖος
3090 5220 3189 5274 pro
3221 5203 3429 5268 ἰσὶξαῖος
3458 5207 3527 5257 ab

1931 5273 2239 5344 Epiphanio
2263 5283 2635 5344 nuncupatur,
2665 5276 2812 5330 sicut
2839 5273 3103 5338 Ἰεσσαῖος
3124 5290 3223 5344 pro
3252 5275 3523 5338 Ἐσσαῖος.

1935 5342 2049 5399 δέξό
2078 5345 2191 5399 haec
2222 5360 2374 5398 mera
2413 5342 2679 5414 Sizaligeri
2704 5345 2970 5399 divinatio
3002 5354 3109 5399 est.

1941 5453 1967 5485 -_,
2006 5415 2119 5485 (18)
2161 5414 2363 5480 Ἅλυς,
2384 5415 2484 5468 καὶ
2509 5412 2687 5484 ὕδωρ,
2714 5416 2813 5468 καὶ
2832 5414 2971 5483 γῆν,
2994 5416 3092 5469 καὶ
3116 5412 3319 5485 ἄρτον.
3347 5412 3530 5484 Frigct

1935 5483 2201 5556 Scaligeri
2234 5485 2573 5556 conjectura,
2611 5483 2703 5556 qui
2731 5486 2787 5540 in
2819 5485 3059 5540 Eleneho
3076 5483 3503 5554 Triha’resiicap

1930 5555 2023 5623 27,
2046 5556 2498 5624 superstitiosum
2529 5555 2869 5611 Osseuorum
2893 5555 3283 5626 jusjurandum
3312 5572 3409 5626 per
3437 5571 3528 5611 sou-

1932 5626 2059 5691 lem,
2096 5642 2291 5695 panem
2315 5636 2370 5681 et
2397 5642 2619 5696 aquam,
2648 5626 2713 5680 ad
2740 5626 3072 5682 Esseuorum
3099 5628 3302 5681 victum
3337 5626 3522 5688 refert.

1930 5698 2025 5766 qui
2065 5712 2224 5766 pane,
2261 5699 2376 5752 sale
2404 5708 2456 5750 et
2491 5712 2631 5767 aqua
2669 5698 2976 5752 constabat.
3006 5697 3181 5753 Porro
3211 5708 3262 5753 et
3302 5697 3438 5759 haec,
3469 5707 3525 5767 et

1929 5765 2073 5836 quae,
2092 5769 2355 5836 deinceps
2397 5765 2725 5837 sequuntur,
2754 5768 3086 5823 documento
3112 5784 3237 5823 esse
3268 5765 3520 5838 possunt;

1929 5838 2265 5897 Ossenorum
2293 5847 2499 5894 sectam
2525 5840 2593 5895 ab
2616 5840 2839 5899 Esseois
2861 5841 3010 5895 valde
3029 5837 3301 5895 diversam
3329 5837 3520 5892 fuisse.
