4022 6422
535 334 646 409 903

1936 349 1995 407 s.
2029 332 2377 405 Et’lhttANtt

3700 311 3792 398 2st

611 456 677 519 ll.
712 463 944 520 Adducit
965 471 1021 520 et
1049 463 1216 535 hujus
1243 463 1321 519 rei
1351 470 1545 518 testem
1573 468 1847 517 veterator
1877 462 2122 517 Phineerr

2310 463 2385 517 B'.
2422 459 2693 535 Μάρτυρα
2727 458 2785 515 δέ
2806 476 2928 515 τινα
2961 455 3344 532 παρεισφέρων
3373 456 3476 511 οὐκ
3501 455 3793 526 αἰσχύνεται

538 555 828 626 quemdam
849 555 1187 610 sacerdotem
1210 570 1239 608 c
1268 552 1512 609 Levitico
1537 568 1756 623 genere,
1784 553 1854 608 de
1877 553 2134 616 Aaronis,

536 660 605 701 ac
639 647 841 700 veteris
872 647 1018 700 illius
1052 645 1284 702 Phinees
1318 646 1491 715 stirpe
1519 663 1533 699 :
1566 646 1659 715 qui
1692 650 1951 717 regnante
1972 642 2136 698 Dario

539 740 595 789 In
627 736 944 805 captivitate
974 735 1307 807 Babylonica
1339 735 1500 791 Susis
1525 735 1754 790 adorata
1789 733 1960 788 Diana
1986 732 2135 803 peri-

537 827 719 880 culum
760 827 955 897 capitis
979 826 1182 896 en‘ugit.
1214 827 1290 880 Ita
1317 829 1439 897 ejus
1468 827 1654 882 omnia
1690 825 1827 882 falsa
1857 831 2023 890 sunt,
2072 836 2138 878 ac

538 918 821 971 ridiculum
845 927 1178 973 commenta.
1195 917 1296 972 llic
1314 919 1479 989 igitur
1496 918 1625 973 olim
1641 932 1701 972 se
1718 915 1785 970 ad
1802 915 2134 972 Osscnorum

537 1008 782 1062 haeresim
812 1010 1083 1078 adjunxit.
1120 1009 1294 1081 Cujus
1330 1010 1493 1066 hodie
1525 1011 1579 1065 in
1615 1009 1910 1064 Nabathaaa
1954 1013 2007 1062 et
2038 1006 2134 1062 Pe-

534 1114 637 1151 rtea
670 1098 924 1156 Moabitis
946 1094 1139 1155 vicina'
1166 1102 1394 1172 regione
1436 1101 1681 1172 reliquiae
1715 1107 2051 1171 supersunt,
2081 1104 2135 1153 et

534 1187 919 1258 Sempseorum
977 1192 1142 1263 vulgo
1203 1194 1358 1247 natio
1396 1193 1513 1248 haec
1570 1192 1855 1247 hominum
1908 1190 2130 1248 dicitur.

527 1278 631 1349 41
667 1281 711 1333 Δ
751 1283 953 1350 quibus
983 1285 1147 1337 etiam
1189 1283 1528 1354 perabsurde
1578 1269 2134 1353 illud°excogitatum

529 1377 633 1435 est,
667 1379 725 1424 ut
754 1373 825 1427 ab
857 1374 1080 1428 occulta
1128 1376 1179 1427 vi
1202 1375 1649 1445 cognominatum
1688 1374 2004 1460 istiusmodi
2040 1391 2135 1432 ne-

530 1461 784 1518 bulonem
838 1464 1145 1536 ﬁngerent;
1202 1474 1488 1537 propterea
1536 1468 1683 1537 quod
1733 1466 1804 1522 lel
1869 1466 2135 1524 llchraice

530 1558 635 1611 rim
660 1573 676 1620 ;
706 1555 805 1609 Xai
849 1558 1177 1631 abstrudunt
1217 1560 1511 1631 significat.
1545 1559 1650 1614 Sed
1697 1559 1863 1630 hujus
1895 1561 2132 1617 instituti

531 1651 767 1710 vanitas,
812 1627 1238 1721 arrogantiaque
1269 1627 1522 1707 convicta
1557 1627 1784 1723 penitus
1826 1662 1910 1708 est
1938 1692 1953 1719 ,
1984 1653 2133 1709 etab

532 1738 602 1792 iis
635 1739 793 1795 irrisa
823 1756 1173 1811 magnopere,
1202 1745 1298 1812 qui
1334 1742 1401 1796 ad
1432 1741 1890 1798 considerandam
1918 1743 2132 1799 discer-

2236 554 2266 606 ὁ
2283 551 2558 617 άπατεὼν,
2584 550 2760 619 λέγων
2785 549 2972 615 Φινεές
2993 567 3114 604 τινα
3151 550 3303 620 ίερέα
3326 548 3439 602 τῶν
3475 547 3584 601 άπὸ
3623 547 3795 617 γένους

2237 643 2369 698 Λευΐ
2412 658 2474 696 τε
2508 642 2604 696 καὶ
2649 640 2882 711 Ἀαρὼν,
2913 641 3006 695 καὶ
3033 639 3128 693 τοῦ
3165 640 3395 711 ἀρχαίου
3435 640 3621 702 Φινεὲς
3656 640 3712 692 έν
3737 644 3797 713 τῇ

2236 732 2522 789 Βαϐυλῶνι
2552 735 2646 787 ἐπι
2679 734 2780 803 τῆς
2806 732 3186 802 αἰχμαλωσίας
3225 733 3683 804 προσκυνήσαντα
3711 731 3800 806 τὴν

2239 825 2529 896 Ἄρτεμιν,
2551 828 2609 880 ὲν
2633 825 2857 890 Σούσοις
2882 824 3306 894 διαπεφευγέναι
3327 823 3554 896 δλεθρσν
3585 824 3798 879 θανάτου

2236 917 2331 970 ἐπὶ
2379 918 2608 990 Δαρείου
2660 917 2756 971 τοῦ
2810 918 3108 989 βασιλέως*
3150 918 3293 971 ὥστε
3344 912 3491 971 εἶναι
3541 916 3701 971 αὑτοῦ
3739 917 3801 971 τά

2236 1007 2419 1063 πάντα
2462 1008 2633 1080 ψευδῆ
2681 1011 2772 1063 καὶ
2810 1010 3037 1079 μάταια.
3073 1004 3246 1073 Οὗτος
3282 1009 3381 1081 μὲν
3411 1003 3507 1063 οὖν
3544 1007 3656 1062 ἂνω
3690 1024 3800 1062 συν·

2234 1098 2409 1171 ῆπται
2452 1102 2520 1171 τῇ
2569 1100 2945 1175 προειρημένῃ
2987 1100 3200 1173 αἱρέσει
3245 1103 3312 1172 τῇ
3369 1100 3484 1154 τῶν
3542 1098 3798 1171 Ὀσσηνῶν

2236 1188 2569 1263 καλουμένῃ,
2596 1186 2664 1262 ἦς
2696 1190 2778 1244 ἐτι
2801 1190 3029 1262 λείψανα
3063 1192 3158 1245 καὶ
3191 1191 3352 1263 δεῦρο
3378 1190 3616 1260 ὑπάρχει
3659 1192 3715 1243 ἑν
3740 1192 3797 1261 τῇ

2236 1282 2374 1353 αὐτῇ
2408 1281 2728 1336 Ναϐατίτιδι
2757 1284 2852 1355 γῇ,
2894 1286 2961 1356 τῇ
2998 1284 3093 1338 καὶ
3128 1283 3340 1356 Περαίᾳ
3373 1282 3515 1356 πρὸς
3548 1284 3613 1353 τῇ
3649 1283 3798 1335 Μωα-

2236 1370 2400 1425 ϐίτιδι
2420 1386 2434 1401 ⁸
2462 1372 2600 1443 ὅπερ
2627 1372 2785 1441 γένος
2816 1373 2935 1428 νυνὶ
2975 1373 3236 1445 Σεμψέων
3264 1375 3284 1406 ⁸
3315 1374 3587 1429 καλεῖται.
3610 1372 3798 1426 Φαντάδ

2235 1462 2421 1528 ζονται
2447 1462 2505 1517 δὲ
2533 1462 2691 1534 δῆθεν
2727 1465 2915 1519 καλεῖν
2943 1464 3134 1519 τοῦτον
3171 1464 3404 1536 δύναμιν
3432 1462 3798 1534 ἀποκεκαλυμε-

2238 1555 2429 1626 μένην,
2457 1553 2545 1609 διά
2585 1555 2648 1609 τὸ
2680 1555 2786 1623 Ἰὴλ
2822 1555 3106 1611 καλεῖσθαι
3145 1556 3260 1626 (l9)
3296 1556 3561 1628 δύναμιν,
3605 1554 3701 1609 Ea!
3747 1555 3797 1629 δὲ

2234 1644 2715 1718 κεκαλυμμένον.
2765 1645 3031 1719 Ἦλέγχθη
3061 1645 3120 1701 δὲ
3154 1647 3216 1701 τὸ
3254 1648 3365 1701 πᾶν
3391 1644 3489 1700 τοῦ
3534 1642 3797 1716 ἐπιτηδεύ-

2238 1756 2406 1811 ματος
2434 1740 2723 1812 φρὺαγμα,
2761 1742 2859 1794 καὶ
2895 1743 2976 1805 εἰς
3007 1741 3251 1813 μεγάλην
3276 1740 3543 1811 αίσχὺνην
3572 1738 3795 1792 ὑπέπεσε

532 1832 875 1902 neudamque
906 1834 1193 1887 veritatem
1245 1834 1430 1905 aliquo
1462 1834 1673 1903 judicio
1714 1836 1929 1906 prtediti
1966 1844 2119 1893 sunt.

2231 1831 2385 1902 παρὰ
2429 1835 2545 1895 τοῖς
2586 1832 2907 1904 δυναμένοις
2953 1832 3024 1886 τά
3066 1812 3240 1904 άληθῆ
3282 1834 3574 1886 κατανοεῖν
3620 1846 3679 1883 τε
3714 1829 3795 1882 καὶ

530 1926 710 1991 Atque
743 1937 806 1976 ex
846 1923 981 1993 ipsis
1039 1924 1091 1977 in
1118 1925 1316 1994 primis
1366 1925 1716 1992 Constantii,
1766 1938 1932 2000 atque
1974 1929 2122 1984 inseé

2230 1923 2515 1996 ἀκριϐοῦν.
2541 1926 2662 1978 Ἔτι
2695 1925 2806 1999 γὰρ
2831 1927 2925 1979 καὶ
2952 1923 3112 1997 δεῦρο
3132 1926 3241 1980 άπὸ
3266 1924 3377 1978 τῶν
3401 1923 3626 1996 ἡμερῶν
3652 1923 3785 1976 Κων-

529 2014 812 2081 quentium
850 2014 1243 2083 imperatorum
1273 2017 1611 2087 temporibus
1654 2018 1723 2073 ad
1771 2019 1912 2075 hanc
1959 2020 2122 2083 diem,

2231 2013 2484 2068 σταντίου
2519 2030 2580 2067 τε
2607 2014 2703 2068 καὶ⁵
2726 2014 2834 2068 τῶν
2849 2014 2945 2070 νῦν
2976 2014 3239 2086 βασιλέων
3268 2013 3461 2085 σαφῶς
3481 2013 3789 2084 ἐλέγχονται.

525 2104 967 2158 enicacissimum
1001 2106 1068 2159 ad
1097 2106 1221 2161 illos
1244 2107 1578 2165 refellendos
1595 2120 1976 2181 argumentum
1994 2126 2122 2166 con-

2232 2100 2381 2164 Ἕως
2430 2101 2527 2172 μὲν
2560 2101 2669 2173 γὰρ
2714 2103 3136 2167 Κωνσταντίου,
3169 2105 3234 2158 ἐκ
3271 2103 3368 2158 τοῦ
3416 2104 3607 2173 γένους
3644 2101 3790 2156 αὑτοῦ

528 2196 612 2247 tici
645 2204 826 2264 potest
850 2213 864 2261 ;
892 2211 1018 2250 nam
1039 2196 1103 2250 ad
1131 2213 1305 2269 usque
1328 2199 1712 2256 Constantium
1740 2204 2122 2274 imperatorem

2230 2191 2492 2264 Μαρθοὺς
2519 2210 2606 2258 τις
2638 2194 2734 2249 καὶ
2762 2196 3033 2267 Μαρθάνα
3059 2196 3156 2250 δύο
3184 2195 3414 2266 ἀδελφαὶ
3447 2198 3506 2250 έν
3536 2197 3602 2267 τῇ
3631 2192 3792 2247 αὐτῶν

528 2285 771 2343 Ilarthus
814 2288 1003 2343 nescio
1033 2305 1156 2360 quae
1189 2305 1253 2346 ac
1285 2290 1572 2347 Marthana
1605 2308 1829 2350 sorores
1867 2294 1935 2351 de
1974 2293 2122 2349 Elxai

2230 2283 2387 2357 χώρᾳ
2433 2286 2554 2342 ἀντὶ
2602 2287 2740 2343 θεῶν
2782 2288 3248 2360 προσεκυνοῦντο,
3291 2289 3378 2342 ὅτι
3418 2286 3580 2359 δῆθεν
3621 2287 3681 2340 ἐκ
3707 2283 3788 2338 τοῦ

526 2377 714 2445 ειίιρο,
752 2378 806 2430 in
845 2377 1065 2431 illorum
1096 2379 1321 2449 regione
1354 2382 1644 2440 numinum
1677 2382 1853 2437 instar
1895 2383 1968 2437 ob
2005 2398 2122 2439 eam

2231 2378 2552 2450 σπέρματος
2592 2380 2687 2434 τοῦ
2740 2381 3141 2453 προειρημένου
3182 2380 3372 2445 Ἦλξαῒ
3413 2381 3672 2451 ὑπῆρχον.
3704 2377 3788 2431 Τέ-

523 2470 754 2539 originis
803 2469 1127 2540 dignitatem
1174 2470 1372 2527 habita:
1407 2483 1557 2528 sunt.
1616 2472 1819 2528 llarum
1881 2473 2122 2532 Marthus

2230 2468 2397 2543 θνηκε
2431 2471 2546 2544 an;
2587 2472 2850 2544 Μαρθοῦς
2892 2473 3000 2545 πρὸ
3043 2472 3227 2543 ὀλίγου
3270 2472 3366 2526 τοῦ
3401 2474 3614 2545 χρόνου.
3651 2471 3787 2541 Map-

524 2573 634 2613 non
669 2560 743 2612 ita
775 2559 986 2630 pridem
1016 2562 1257 2617 excessit
1290 2580 1322 2618 e
1352 2564 1495 2627 vita,
1530 2562 1813 2618 Marthana
1860 2566 1916 2621 iu
1981 2566 2122 2623 hanc

2230 2562 2369 2617 θάνα
2400 2563 2457 2617 δὲ
2488 2565 2570 2629 είς
2596 2564 2677 2619 ἔτι
2702 2564 2864 2636 δεῦρο
2885 2565 3131 2637 ὑπῆρχεν
3168 2560 3243 2621 ὧν
3269 2567 3367 2621 καὶ
3394 2567 3464 2621 τά
3496 2566 3785 2635 πτύσματαί

523 2651 668 2705 diem
710 2660 994 2721 superstes
1018 2661 1124 2708 est.
1169 2652 1470 2725 Utriutsque
1499 2670 1628 2711 vero
1659 2658 1743 2712 vel
1783 2665 1944 2727 sputa
1982 2659 2122 2729 ipsa,

2230 2654 2323 2708 καὶ
2353 2654 2424 2709 τά
2461 2656 2600 2711 ἄλλα
2642 2656 2743 2710 τοὺ
2773 2656 3024 2729 σώματος
3064 2658 3209 2730 ρὺπη
3250 2658 3590 2732 ἀπεφέροντο
3623 2659 3671 2711 ot
3703 2673 3784 2709 πε-

524 2756 866 2813 caeterasque
897 2745 1151 2815 corporis
1194 2745 1386 2801 sordes
1444 2747 1592 2802 illius
1645 2754 1857 2805 tractus
1886 2751 2122 2806 haeretici

2228 2747 2566 2819 πλανημένοι
2592 2751 2857 2822 αἱρετικοὶ
2887 2753 2946 2805 ὲν
2983 2750 3167 2823 ἐκείνῃ
3194 2754 3257 2821 τῇ
3290 2751 3469 2824 χώρᾳ,
3491 2750 3647 2821 δῆθεν
3666 2747 3784 2818 πρὸς

522 2835 884 2890 circumferre
919 2838 1190 2903 solebant,
1226 2838 1292 2892 ad
1330 2839 1653 2893 morborum
1696 2842 1958 2897 remedia.
1993 2842 2122 2910 Quae

2229 2836 2487 2909 ἀλέξησιν
2529 2840 2876 2911 νοσημάτων.
2922 2842 2998 2893 Οὑ
3044 2840 3152 2912 μὴν
3207 2842 3499 2911 ἐνήργουν.
3546 2834 3695 2890 Ἀλλὰ
3734 2833 3785 2886 τὸ

523 2934 709 2981 tamen
743 2927 897 2980 irrita
933 2935 1092 2982 erant
1123 2930 1332 2984 omnia.
1370 2928 1477 2985 Sed
1501 2938 1587 2986 est
1616 2931 2002 2988 haereticorum
2033 2951 2122 3007 ge-

2229 2926 2646 2999 πεπλανημένον
2669 2929 2898 2999 σοϐαρὸν
2918 2930 3024 2995 ἀεὶ,
3050 2930 3143 2983 καὶ
3165 2929 3301 3002 πρὸς
3332 2930 3551 2999 ἀπάτην
3568 2928 3781 2996 ἑτοιμονδ

522 3035 627 3074 nus
663 3021 991 3088 fastuosum,
1014 3030 1069 3077 et
1095 3023 1396 3078 obnoxium
1428 3023 1628 3080 fraudi.
1659 3026 1815 3081 Caeca
1845 3028 1991 3082 enim
2029 3045 2122 3083 ne-

2229 3019 2442 3089 Τυφλὺν
2471 3021 2582 3091 γὰρ
2617 3022 2650 3093 ὴ
2706 3022 2902 3088 κακία,
2951 3026 3047 3077 καὶ
3088 3022 3349 3077 ἀσύνετον
3384 3025 3418 3095 ἡ
3457 3022 3649 3092 πλάνη.
3688 3016 3777 3072 Καὶ

521 3113 693 3183 quitia
725 3115 928 3177 omnis,
958 3125 1011 3170 et
1037 3115 1325 3186 prudentia
1362 3116 1661 3172 destitutus
1694 3134 1853 3174 error
1879 3128 1982 3176 est.
2016 3120 2122 3177 Ye-

2229 3111 2334 3175 ἓως
2382 3111 2485 3165 ποῦ
2529 3113 2931 3184 κατατρίσομαι
2969 3114 3038 3169 τὰ
3075 3116 3205 3187 περὶ
3245 3116 3341 3168 τοῦ
3370 3115 3566 3186 γόητος
3609 3109 3781 3212 τούτου

523 3218 645 3259 rum
692 3206 822 3276 quid
860 3208 1058 3263 attinet
1088 3210 1143 3263 in
1186 3209 1350 3279 hujus
1380 3211 1699 3281 impostoris
1737 3212 1903 3269 rebus
1937 3229 2123 3284 perse-

521 3297 758 3366 quendis
804 3298 1088 3354 immorari
1118 3300 1346 3365 diutius,
1380 3309 1473 3356 aut
1515 3317 1579 3358 ea
1608 3317 1837 3358 narrare
1866 3304 2121 3377 dogmata

520 3403 642 3459 quze
664 3398 856 3443 contra
889 3391 1172 3445 veritatem
1209 3393 1485 3447 asseruit?

594 3478 677 3532 Ill.
718 3479 961 3535 Primum
1016 3480 1161 3551 quod
1209 3499 1409 3553 negare
1455 3482 1625 3539 Deum
1677 3501 1943 3558 sequaces
1990 3502 2121 3546 suos

521 3569 776 3633 edocuit,
808 3580 933 3624 cum
962 3574 1433 3629 exsecrandorum
1471 3574 1796 3634 idololatria!
1830 3596 2119 3637 sacrorum

522 3675 622 3730 per
641 3659 1047 3717 simulationem
1082 3664 1377 3733 participes
1407 3681 1530 3721 esse
1558 3670 1756 3723 suasit.
1792 3668 1930 3725 Tum
1964 3672 2121 3726 lucu-

523 3744 726 3804 lentius
748 3750 940 3805 iisdem
962 3752 1256 3821 imposuit;
1289 3771 1411 3808 cum
1430 3771 1525 3811 ore
1550 3765 1710 3813 tenus
1736 3759 1941 3829 ejurari
1961 3777 2121 3833 posse

521 3838 708 3898 ﬁdem.
744 3856 845 3895 nec
893 3844 947 3895 in
978 3858 1042 3897 eo
1072 3845 1281 3900 crimen
1317 3847 1486 3901 ullum
1515 3866 1638 3905 esse
1686 3852 1844 3907 dixit.
1882 3854 2034 3911 Adeo
2062 3865 2122 3911 ut

519 3932 847 3988 insanabilis
887 3934 956 3988 sit
990 3934 1210 3990 illorum
1244 3938 1503 4007 morbus,
1550 3958 1652 3996 nec
1688 3943 1858 3999 ullum
1886 3947 2115 4003 remedii

519 4041 694 4096 genus
717 4027 990 4081 admittat.
1024 4028 1161 4083 Cum
1189 4030 1334 4084 enim
1369 4047 1431 4085 os
1465 4032 1663 4102 ipsum,
1699 4051 1809 4107 quo
1839 4037 2118 4095 confessio

516 4119 770 4175 veritatis
823 4120 1188 4191 exprimitur,
1234 4123 1302 4177 ad
1344 4126 1693 4180 mendacium
1741 4128 2114 4198 subornetur;

2229 3202 2630 3273 φθεγγόμενος,
2671 3206 2773 3258 ὅσα
2812 3222 2871 3258 τε
2919 3205 3060 3259 κατὰ
3099 3206 3198 3277 τῆς
3241 3205 3502 3276 ἀληθείας
3543 3198 3772 3271 κατεψεὺ

2225 3311 2356 3347 σατο
2376 3310 2390 3360 ;

2293 3477 2372 3546 I",
2422 3476 2643 3549 Πρῶτον
2694 3478 2794 3549 μὲν
2845 3479 3111 3534 διδάσκων
3163 3479 3614 3552 ἀπαρνησιθεῗαν,
3670 3465 3773 3530 καθ’

2226 3567 2515 3640 ὑπόκρισιν
2539 3569 2809 3642 βδελυρῶν
2839 3570 3039 3623 θυσιῶν
3068 3571 3165 3642 τῆς
3186 3571 3629 3644 εἰδωλολατρείας
3661 3574 3774 3638 μετέ

2225 3659 2373 3731 έχειν
2399 3661 2592 3730 λέγων·
2617 3660 2805 3714 ἔπειτα
2828 3661 2885 3715 δὲ
2911 3662 3136 3716 ἀπατῶν
3156 3662 3282 3727 τοὺς
3309 3662 3607 3723 ἀκούοντας
3625 3657 3773 3729 άρνεῖ·

2225 3750 2350 3805 σθαι
2378 3752 2475 3824 τὴν
2509 3752 2646 3806 ίδίαν
2666 3753 2848 3807 πίστιν
2869 3754 3117 3825 στόματι,
3135 3756 3228 3808 καὶ
3258 3754 3333 3827 μὴ
3359 3756 3505 3826 ἔχειν
3529 3747 3773 3822 ἁμαρτίαν

2223 3843 2480 3914 φάσκων·
2510 3844 2585 3908 ὡς
2625 3842 2762 3898 εἶναι
2789 3846 3157 3918 ἀθεράπευτον
3194 3847 3255 3901 τὸ
3287 3848 3467 3901 αὑτῶν
3488 3844 3670 3906 πάθος,
3693 3837 3769 3918 καὶ

2225 3935 2301 4008 μὴ
2362 3937 2661 4007 δυνάμενον
2701 3916 3084 4008 διορθωθῆναι.
3141 3938 3203 3992 Et
3258 3938 3369 4012 γὰρ
3419 3939 3481 3992 τὸ
3521 3936 3681 4006 στόμα
3722 3916 3771 3982 τδ

2219 4027 2518 4100 ὁμολογοῦν
2557 4029 2655 4099 τὴν
2696 4028 2955 4100 ἀλήθειαν
2990 4030 3449 4101 προετοιμάζεται
3477 4032 3554 4093 είς
3581 4024 3769 4098 ψεῦδος,

2220 4116 2332 4189 ἆρά
2357 4136 2421 4188 γε
2441 4120 2525 4184 τίς
2547 4120 2732 4185 αὐτοῖς
2762 4120 3147 4191 ὲμπιστεὺσειε
3170 4122 3269 4191 τὴν
3298 4122 3525 4192 καρδίαν
3553 4118 3621 4190 μὴ
3646 4114 3769 4185 ἔχειν

516 4213 642 4281 quis
674 4214 796 4268 istis
833 4215 1021 4269 credat
1049 4231 1157 4270 non
1192 4217 1543 4274 vehementer
1575 4220 1724 4291 ipsos
1754 4221 1956 4293 decipi,
1987 4240 2115 4279 cum

2227 4212 2611 4283 ἢπατημένην;
2640 4212 2799 4266 ὁπότε
2829 4212 3124 4284 διαρρήδην
3151 4212 3445 4281 ἐκφάσκων
3481 4211 3510 4263 ὁ
3537 4209 3668 4268 θεῖος
3692 4202 3766 4255 λό-

518 4304 808 4373 perspicue
836 4303 1039 4360 divinis
1077 4305 1132 4359 in
1162 4306 1360 4363 litteris
1376 4324 1439 4362 ex
1466 4312 1640 4364 sancti
1666 4312 1906 4383 Spiritus
1933 4315 2115 4370 atllatu

520 4396 900 4465 praescriptum
945 4398 1017 4451 sit
1048 4416 1062 4452 :
1093 4396 1263 4453 Corde
1286 4399 1354 4451 ad
1385 4400 1658 4469 justitiam
1688 4405 1849 4470 credi,
1882 4421 1970 4459 ore
1998 4423 2114 4461 rere

2218 4320 2315 4373 γος
2343 4305 2402 4357 ὲν
2434 4304 2715 4375 Πνεύματι
2760 4304 2902 4375 ἁγίῳ
2944 4305 3235 4366 διδάσκων,
3283 4305 3403 4357 Ὅτι
3443 4300 3649 4393 καρδίᾳ
3687 4310 3766 4393 πί·

2219 4397 2497 4451 στεύεται
2542 4398 2630 4460 εἰς
2663 4394 3084 4461 δικαιοσύνην,
3115 4396 3367 4463 στόματι
3394 4393 3462 4447 δὲ
3494 4392 3765 4460 ὁμολογεῐο

518 4485 587 4539 ad
617 4487 840 4540 salutent
883 4490 1259 4559 confessionem
1295 4491 1413 4560 ﬁeri
1447 4493 1504 4545 ’ἲ
1535 4491 1801 4548 Prmterea
1833 4495 2110 4551 Christum

2227 4510 2309 4547 rat
2344 4493 2431 4557 εις
2461 4490 2784 4559 σωτηρίαν.
2824 4487 2988 4541 Ἀλλά
3017 4488 3110 4540 καὶ
3138 4488 3299 4541 πάλιν
3330 4486 3488 4559 δῆθεν
3524 4483 3616 4555 μὲν
3652 4479 3763 4547 Χριο
3802 4490 3805 4493 ’

525 4578 652 4631 licet
705 4579 924 4633 nomine
971 4582 1089 4649 ipso
1132 4580 1384 4647 fateatur,
1417 4599 1541 4638 cum
1584 4585 1654 4638 ita
1692 4587 1963 4656 loquitur.
2004 4588 2115 4643 Ma-

516 4683 657 4738 gnus
691 4666 801 4721 lle:
834 4678 916 4721 est
943 4667 1195 4731 Christus
1222 4688 1234 4724 :
1269 4679 1447 4723 utrum
1499 4672 1552 4726 id
1586 4681 1765 4728 tamen
1798 4677 1865 4729 de
1893 4674 2114 4732 Christo

513 4758 642 4814 Jesu
677 4757 907 4813 Domino
953 4767 1145 4815 nostro
1176 4763 1634 4830 pronuntiaverit,
1669 4780 1733 4819 ex
1767 4764 2113 4823 fraudulento

521 4849 614 4904 illo
645 4848 1066 4921 adulterinoque
1098 4851 1260 4916 libro,
1294 4869 1455 4923 quem
1489 4853 1555 4906 de
1581 4856 1739 4926 nugis
1772 4858 1887 4913 suis
1918 4857 2111 4927 edidit,

513 4941 758 4994 nondum
792 4942 1231 4997 animadvertere
1259 4944 1431 5013 potui.
1468 4944 1654 5016 Neque
1680 4948 1824 5002 enim
1850 4950 1994 5004 istud
2023 4950 2111 5005 di-

514 5041 661 5088 serte
693 5033 970 5103 significat
1006 5053 1018 5087 :
1058 5036 1152 5091 sed
1181 5034 1388 5091 Christi
1430 5052 1631 5091 nomen
1665 5039 1987 5109 simpliciter
2015 5056 2112 5113 ap-

515 5127 700 5194 pellat,
739 5125 895 5194 quasi
924 5127 1183 5187 alterum.
1222 5135 1488 5198 quantum
1540 5129 1897 5200 intelligimus
1925 5172 1937 5196 ,
1970 5133 2115 5187 indi-

512 5224 619 5277 cet,
652 5214 760 5287 42
792 5217 872 5269 vel
916 5225 1209 5287 exspectet.
1268 5216 1404 5271 Nam
1465 5226 1518 5274 et
1547 5219 1614 5273 ad
1663 5219 1942 5277 Orientem
1978 5239 2114 5279 con-

513 5317 673 5358 verso
704 5306 855 5360 vultu
907 5308 1117 5381 precari
1156 5308 1436 5378 prohibet,
1479 5320 1749 5381 negatque
1780 5312 2023 5371 intentos
2053 5316 2109 5370 in

514 5410 632 5450 eam
670 5406 878 5465 partem
919 5380 1021 5457 no.5
1067 5416 1189 5457 esse
1218 5410 1506 5472 oportere;
1539 5405 1635 5459 sed
1670 5404 2105 5476 Hierosolymam

593 5552 606 5583 ⁸
644 5550 800 5607 Rom.
825 5569 880 5620 ι,
919 5555 1001 5612 l0.
1078 5562 1098 5591 ²
1130 5556 1289 5614 Forte
1319 5559 1637 5631 Σαμῲαίων.

2221 4586 2344 4639 στὸν
2377 4585 2603 4655 ὀνόματι
2635 4581 2907 4653 ὁμολογεῖ,
2947 4580 3141 4649 λέγων,
3178 4580 3261 4633 ὅτι
3290 4578 3520 4649 Xptato;
3557 4577 3585 4628 ό

2223 4677 2495 4749 βασιλεὺς,
2536 4676 2599 4728 οὑ
2633 4676 2739 4745 μὴν
2780 4674 2920 4727 πάνυ
2962 4688 3026 4741 γε
3056 4670 3359 4743 κατείληφα
3386 4672 3451 4723 ἐκ
3486 4668 3582 4736 τῆς
3620 4662 3763 4717 αὐτοῦ

2218 4770 2442 4841 δολερᾶς
2471 4768 2565 4822 καὶ⁵
2586 4766 3117 4839 παραπεποιημένης
3151 4764 3454 4828 συντάξεως
3484 4761 3577 4831 τῆς
3602 4752 3761 4849 βίδλου

2218 4862 2319 4933 τῆς
2347 4861 2513 4914 αὑτοῦ
2539 4859 2834 4932 ληρωδίας,
2861 4859 2909 4911 εί
2932 4857 3060 4929 περὶ
3087 4856 3181 4910 τοῦ
3212 4855 3421 4928 Κυρίου
3445 4852 3592 4925 ἡμῶν
3610 4848 3759 4933 Ἰησφυ

2220 4930 2459 5025 Χριστοῦ
2491 4930 2832 5024 ὑφηγήσατο.
2865 4950 3003 5003 Οὔτε
3027 4948 3135 5020 γάρ
3155 4946 3315 5001 τοῦτο
3338 4945 3527 5019 ὁρίζει·
3557 4930 3759 5009 Χριστὸν

2218 5045 2275 5099 δὲ
2311 5045 2497 5108 ἁπλῶς
2526 5044 2695 5112 λέγει,
2727 5044 2803 5107 ὡς
2827 5042 2886 5106 ἐξ
2913 5035 2987 5094 ὧν
3020 5039 3428 5112 γατειλήφαμέν
3463 5050 3575 5088 τινα
3601 5029 3759 5127 ἓτερξν

2217 5138 2500 5209 σημαίνων
2548 5137 2580 5208 ἢ
2628 5135 2964 5209 προσδοκῶν·
3016 5133 3216 5189 κωλύει
3256 5131 3366 5202 γάρ
3412 5131 3489 5191 είς
3528 5126 3757 5217 avaro“?

2217 5227 2497 5293 εὖξασθαι,
2531 5227 2755 5296 φάσκων
2798 5227 2872 5298 μὴ
2913 5225 3022 5279 δεῖν
3059 5225 3347 5297 προσέχειν
3378 5221 3563 5281 οὕτως·
3593 5210 3674 5266 ἐπὶ
3701 5219 3757 5305 ξπ

2228 5321 2575 5391 Ἰεροσόλυμα
2615 5321 2672 5373 δὲ
2716 5319 2861 5391 ἔχειν
2905 5319 2965 5372 τὸ
3013 5321 3303 5389 πρόσωπον
3339 5315 3403 5368 ὲκ
3435 5312 3636 5365 πάντων
3665 5309 3755 5391 τωῖ

2218 5388 2421 5479 μερῶν,
2455 5409 2581 5472 τοὺς
2628 5409 2726 5478 μὲν
2769 5408 2862 5462 ἀπ’
2897 5405 3171 5461 ἀνατολῶν
3210 5408 3288 5470 είς
3315 5404 3467 5459 δύσιν
3499 5388 3753 5469 προσέχειν

594 5678 704 5782 (
739 5711 839 5765 Διὰ
868 5716 929 5770 τὸ
975 5716 1101 5784 ’Παλ
1133 5717 1462 5777 καλεῖσθαι.
1504 5718 1769 5776 Ποιινίιξορ
1800 5719 1870 5772 ita
1900 5713 2122 5784 concipit

2231 5730 2257 5767 a
2291 5722 2417 5768 sunt
2447 5725 2537 5774 ’ω
2573 5700 2686 5781 ἒβη,
2731 5718 2810 5768 τιεί
2846 5727 2976 5781 “.32,
3014 5716 3176 5769 rirms
3208 5714 3521 5767 abscondita.
