4022 6452
591 369 698 426 26⁸7

2001 359 2057 413 S.
2095 358 2438 413 EPIPHANII

3717 371 3807 428 268

592 489 695 542 bus
735 484 872 540 neis
900 487 1225 553 prapagata,
1270 475 1736 533 condemnationis
1766 476 2011 545 ipsorum
2037 513 2051 541 ,
2114 485 2166 530 et

2274 478 2507 549 κρίσεως
2540 478 2740 545 αὐτῶν,
2779 479 2871 534 καὶ
2906 482 3370 552 καταπατήματος
3393 482 3587 551 αὐτῶν,
3622 503 3706 540 και
3730 488 3811 542 πό-

593 573 1029 632 conculcationis
1080 572 1342 642 ipsorum,
1381 577 1433 623 et
1481 567 1688 624 laboris
1727 568 1991 637 ipsorum,
2036 584 2170 625 con-

595 668 900 723 t-ttlcatione
944 667 998 720 in
1050 660 1503 719 condemnatione
1542 675 1638 730 per
1688 666 1873 729 patres
1923 674 2076 716 meos
2104 676 2168 714 ex

595 760 900 829 abjectione
926 771 1047 826 qum
1084 753 1343 826 praeteriit
1372 752 1426 805 in
1452 749 1761 821 apostolatu
1798 749 2166 821 perfectionis.

594 851 725 918 Quae
755 851 936 905 omnia
984 849 1038 902 in
1089 846 1180 900 illo
1225 846 1345 913 ipso
1385 844 1626 914 perfecta
1683 852 1842 908 sunt;
1878 843 2038 913 cuius
2088 844 2171 918 vis

593 916 773 999 omnis
810 952 974 1012 atque
1008 940 1161 995 fraus
1199 939 1253 992 in
1289 939 1520 992 nihilum
1549 944 1635 991 est
1661 937 1899 993 redacta.
1932 935 2086 1003 Quod
2123 916 2170 993 si

594 1034 718 1105 quis
744 1032 1084 1102 singulorum
1117 1029 1407 1084 verborum
1436 1028 1936 1098 interpretationem
1981 1026 2172 1081 audire

591 1125 740 1187 velit,
782 1138 850 1177 nc
878 1122 982 1176 hoc
1009 1121 1228 1191 quidem
1263 1121 1443 1174 facere
1474 1119 1749 1189 pigrabor,
1783 1118 1879 1173 sed
1906 1118 1974 1174 iis
2007 1119 2171 1173 etiam

592 1214 684 1284 qui
716 1212 1023 1265 minutatim
1057 1210 1198 1265 scire
1248 1209 1352 1262 ista
1393 1207 1705 1262 desiderant
1752 1207 1976 1262 omnino
2010 1207 2173 1262 satis-

595 1305 810 1360 faciam.
849 1305 1021 1374 igitur
1051 1301 1285 1371 singulis
1315 1300 1541 1356 vocibus
1588 1300 1862 1371 propriam
1902 1301 2172 1370 interpre-

589 1399 883 1451 tationem‘
917 1393 1263 1457 adscribam,
1328 1408 1448 1461 qua:
1501 1399 1587 1447 est
1654 1393 1924 1462 ejusmodi
1974 1393 2172 1448 :Abar

592 1496 865 1554 transeat;
914 1485 1090 1547 Anid,
1136 1482 1413 1551 abjcctio;
1461 1481 1624 1549 Moib,
1669 1498 1698 1537 a
1733 1483 1977 1551 patribus
2037 1483 2171 1538 meis

590 1586 920 1648 propagata;
948 1575 1191 1636 Nocbilc,
1228 1575 1698 1631 condcmnationis
1732 1575 1972 1643 ipsorum
1995 1591 2009 1639 ;
2031 1572 2183 1645 Daa-_

592 1670 695 1725 sim
738 1706 754 1732 ,
785 1675 840 1722 et
871 1665 1301 1720 conculcalionis
1353 1665 1630 1733 ipsorum;
1687 1662 1825 1727 Ane,
1864 1671 1920 1718 et
1966 1663 2169 1718 laboris

591 1762 868 1831 ipsorum;
908 1757 1147 1818 Daasim,
1199 1756 1644 1826 proculcatione;
1685 1754 1910 1809 Nochile
1956 1753 2012 1808 in
2040 1769 2169 1809 con—

2274 588 2365 623 νου
2398 570 2599 634 αύτῶν,
2649 575 3075 644 καταπατήματι
3126 574 3183 626 έν
3234 575 3551 645 κατακρίσει
3597 576 3678 632 διά
3718 580 3811 635 τῶν

2275 660 2527 732 πατέρων
2556 678 2678 730 μου,
2707 663 2817 715 ἀπὸ
2843 662 3221 726 ταπεινώσεως
3246 664 3617 735 παρελθούσης
3633 667 3685 721 ἐν
3700 668 3815 722 ἀπο-

2275 752 2434 823 στολῇ
2480 750 2832 816 τελειώσεως.
2869 753 2987 806 Ἐπ“
3022 753 3169 824 αύτῴ
3209 754 3266 807 δὲ
3320 755 3496 809 πάντα
3547 756 3813 827 πληροῦται

2271 842 2463 896 ταῦτα.
2490 844 2808 897 Κεκένωται
2835 842 2946 915 γὰρ
2970 843 3136 898 αὐτοῦ
3159 846 3191 915 ή
3221 844 3448 915 δύναμις
3473 846 3614 916 καὶή
3641 847 3812 920 πλάνη.

2274 936 2335 987 Et
2395 935 2451 989 δὲ
2481 934 2539 987 ἓν
2579 935 2734 1006 ῥῆμα
2776 936 2911 1008 πρὸς
2948 935 3004 989 ἒν
3039 936 3254 1006 θελήσει
3295 954 3378 1002 τις
3421 937 3562 991 κατά
3591 938 3815 994 λεπτολο-

2272 1029 2399 1095 γὶαν
2428 1027 2658 1081 ἀκοῦσαι
2683 1028 3141 1100 ἑρμηνευόμενον,
3177 1028 3271 1081 καὶ
3292 1028 3449 1082 τοῦτο
3477 1030 3574 1082 ούκ
3599 1030 3660 1083 ἂν
3681 1030 3817 1102 ὀκνή-

2275 1135 2469 1190 σαιμεν
2509 1120 2755 1190 ποιῆσαι,
2795 1119 2911 1173 ἀλλ’
2943 1122 3023 1184 εἱς
3053 1120 3291 1190 καθῆκον
3335 1120 3480 1173 κατά
3527 1121 3693 1175 πάντα
3725 1121 3815 1175 τῶν

2274 1209 2615 1281 βουλομένων
2638 1211 2661 1240 ³
2698 1209 3038 1278 λεπτολόγους
3079 1210 3321 1276 ἀκούειν,
3370 1210 3510 1265 αὐτά
3548 1211 3611 1283 δὴ
3645 1213 3708 1266 τά
3736 1215 3816 1287 pr.

2276 1320 2422 1374 ματα
2450 1302 2615 1355 αὐτοῦ
2641 1305 2851 1366 καὶτὰς
2876 1303 3055 1357 αὐτῶν
3080 1303 3375 1374 ἑρμηνείας
3397 1304 3650 1376 ἄντικρυς
3674 1322 3817 1377 παρα-

2274 1395 2575 1467 θησόμεθα,
2604 1397 2699 1450 καὶ
2730 1396 2878 1449 ἔστιν
2906 1396 3100 1460 οὕτως·
3135 1396 3310 1468 Ἀὃαρ
3342 1397 3669 1467 παρελθέτω·
3697 1399 3816 1452 Ἀνὶδ

2271 1488 2621 1552 ταπείνωσις·
2666 1488 2825 1542 Μωῗὸ
2867 1490 2900 1559 ή
2942 1491 3007 1542 ὲκ
3045 1490 3299 1561 πατέρων
3345 1507 3469 1560 μου’
3506 1490 3708 1560 Νωχιλὲ
3737 1492 3816 1563 τῆς

2273 1580 2656 1652 κατακρίσεως
2702 1578 2903 1634 αὑτῶψ
2963 1582 3179 1651 Δαασὶμ
3237 1582 3330 1636 καὶ
3390 1586 3816 1654 καταπατήματος

2272 1672 2470 1726 αὐτῶν
2522 1670 2650 1742 Ἀνὴ
2697 1672 2789 1725 καὶ
2838 1672 3001 1727 πόνου
3034 1673 3232 1729 αὐτῶν⁶
3279 1676 3498 1744 Δαασὶμ
3536 1676 3817 1747 καταπατή-

2276 1782 2426 1836 ματι·
2456 1765 2666 1836 Νωχιλὲ
2695 1766 2754 1817 ὲν
2782 1765 3123 1837 κατακρίσει·
3155 1765 3313 1820 Μωῖδ
3341 1767 3432 1821 διὰ
3458 1766 3566 1821 τῶν
3597 1768 3816 1840 πατέρων

590 1828 974 1915 demnatione;
1007 1848 1152 1904 Moib
1183 1864 1277 1918 per
1324 1856 1507 1916 patres
1541 1863 1725 1915 meos;
1770 1847 1933 1909 Anid,
1966 1863 2034 1902 ex
2073 1847 2166 1902 ab-

2276 1828 2395 1929 μου*
2434 1828 2585 1910 ’Λνὶδ
2619 1856 2726 1910 ἀπὸ
2773 1828 3177 1922 ταπεινὶἱισεως·
3226 1859 3405 1930 Ἀϐαρ
3453 1828 3812 1930 παρελθούσης·

586 1947 826 2015 jectione
849 1961 862 2010 ;
883 1943 1047 2007 Abar,
1081 1955 1200 2010 qua:
1224 1939 1515 2009 praeteriit;
1545 1937 1723 1993 Selam
1742 1978 1756 2002 ,
1785 1938 1840 1994 in
1865 1940 2171 2009 apostolatu

589 2036 961 2107 perfectionis.

664 2125 723 2180 V.
751 2123 1031 2195 Ejusmodi
1056 2133 1137 2179 est
1159 2121 1492 2176 Ossenorum
1514 2128 1940 2176 commemorata
1961 2136 1991 2174 a
2014 2119 2172 2175 nobis

587 2220 833 2279 haeresis,
857 2233 977 2287 quae
1003 2232 1126 2271 cum
1156 2213 1470 2269 Judzcorum
1495 2215 1561 2268 ad
1586 2214 1750 2273 ritum
1777 2215 1940 2268 vitam
1968 2214 2168 2283 exigat,

585 2318 642 2364 ct
674 2307 994 2370 Sabbatum,
1028 2321 1092 2361 ac
1124 2305 1601 2359 circumcisionem
1648 2314 1910 2373 usurpet,
1956 2305 2171 2373 aliaque

584 2418 708 2473 quae
736 2402 853 2471 lege
879 2400 1312 2471 praescribuntur
1333 2399 1515 2455 omnia
1533 2437 1548 2463 ,
1587 2406 1767 2452 certos
1796 2406 1974 2452 tamen
2003 2398 2169 2450 libros

584 2496 972 2552 Nazarzcorum
1002 2493 1251 2562 exemplo
1296 2492 1546 2562 repudiat
1580 2510 1593 2544 :
1636 2498 1801 2559 atque
1836 2504 1867 2542 a
1909 2503 2003 2542 sex
2041 2491 2167 2541 reti-

583 2588 711 2657 quis
732 2587 899 2641 sectis
929 2586 1075 2640 velut
1109 2584 1403 2639 schismate
1433 2582 1756 2651 sejungitur.
1783 2580 1888 2634 Sed
1921 2581 1987 2633 ad
2022 2581 2168 2632 illam

585 2678 833 2733 funditus
870 2673 1261 2744 proﬂigandam
1304 2689 1472 2727 unum
1505 2672 1637 2726 illud
1670 2672 1933 2734 sullicict,
1962 2670 2108 2741 quod
2137 2685 2167 2724 a

585 2769 698 2824 Deo
726 2768 944 2838 penitus
972 2767 1283 2821 abhorreat.
1323 2764 1534 2819 Etenim
1563 2781 1685 2819 cum
1730 2764 1937 2819 diserte
1976 2762 2165 2819 Domi-

585 2877 691 2915 nus
704 2870 934 2921 asserat,
955 2857 1270 2913 sacerdotes
1286 2857 1338 2910 in
1357 2858 1558 2927 templo
1580 2857 1783 2911 violare
1806 2856 2102 2910 Sabbatum
2123 2856 2164 2919 ',

582 2950 716 3023 quid
749 2949 1002 3015 estaliud
1031 2963 1139 3017 quo
1167 2949 1373 3002 violare
1401 2947 1542 3009 diem
1574 2948 1724 3002 illum
1757 2948 2034 3013 dicuntur,
2058 2946 2165 3002 nisi

580 3042 729 3113 quod
764 3040 1001 3096 Sabbato
1028 3054 1190 3094 nemo
1228 3054 1367 3106 Opus
1396 3038 1564 3092 ullum
1603 3036 1838 3100 laceret;
1885 3046 1941 3091 at
1981 3050 2168 3092 sacer-

581 3134 741 3189 dotes
776 3133 832 3186 in
861 3132 1063 3201 templo
1095 3130 1381 3185 sacriﬁciis
1406 3131 1621 3199 operati
1647 3128 1947 3183 Sabbatum
1982 3128 2162 3184 solve-
2191 3164 2235 3224 Ο

579 3235 724 3289 rent,
759 3231 814 3280 et
861 3224 1166 3278 hostiarum
1216 3223 1552 3276 mactationc
1596 3221 1820 3276 assidua
1853 3219 2201 3301 violarent?.

581 3316 690 3373 Sed
723 3332 824 3388 ego
846 3315 1078 3371 hteresin
1106 3315 1250 3368 illam
1282 3314 1711 3383 praetermittam.
1751 3311 1885 3367 Nam
1924 3321 1979 3367 et
2009 3311 2163 3367 ΕΙιοί

579 3421 775 3463 rursus
807 3409 910 3462 iste
938 3422 1063 3461 cum
1102 3403 1396 3469 Ebionaais,
1423 3404 1515 3475 qui
1561 3403 1764 3458 Christi
1797 3412 2041 3472 tempora
2070 3417 2161 3458 se-

580 3497 694 3550 cuti
735 3505 885 3561 snnt,
915 3497 1247 3565 conjunctus
1276 3502 1380 3562 est,
1416 3509 1516 3549 nec
1547 3510 1656 3548 non
1693 3510 1816 3548 cum
1845 3492 2161 3563 posteriori-

556 3590 685 3665 -bus
711 3587 983 3645 Nazarzeis
1000 3607 1015 3656 ;
1033 3604 1268 3658 eumque
1291 3597 1456 3644 secta:
1474 3597 1711 3658 quatuor
1738 3595 2018 3642 auctorem
2055 3585 2161 3642 sibi

581 3680 893 3745 vindicant,
921 3696 1043 3751 qua:
1091 3680 1238 3733 illius
1270 3680 1560 3750 praestigiis
1605 3677 1913 3733 adiciuntur
1947 3696 1960 3732 :
1997 3677 2163 3732 nimi-

580 3787 702 3826 rum
739 3766 974 3827 Ebionzei
996 3812 1010 3837 ,
1044 3787 1108 3826 ac
1157 3773 1486 3842 posteriores
1523 3770 1790 3834 Nazarmi,
1843 3770 2036 3827 Osseni
2069 3772 2160 3842 qui

579 3870 693 3917 tam
729 3871 858 3916 ante
895 3863 1072 3926 illu'm,
1103 3878 1268 3933 quam
1295 3878 1419 3917 cum
1461 3864 1553 3919 illo
1599 3864 1941 3933 prodierunt,
1971 3876 2025 3918 et
2054 3862 2163 3917 Na-

582 3953 764 4016 zarzei,
790 3954 857 4009 de
893 3955 1093 4023 quibus
1128 3966 1288 4008 antea
1312 3954 1606 4023 disputavi.
1642 3954 1911 4009 Caeterum
1945 3970 2052 4010 una
2078 3964 2163 4008 est

581 4048 699 4099 haec
745 4045 966 4101 haeresis
1019 4061 1085 4100 ex
1138 4047 1246 4102 illis
1294 4056 1538 4116 septem,
1593 4062 1715 4118 qua
1768 4045 2160 4118 Hierosolymis

578 4135 932 4201 exstiterunt,
972 4143 1026 4190 et
1057 4136 1122 4190 ad
1154 4135 1360 4191 Christi
1385 4137 1677 4190 adventum
1704 4135 1815 4208 44
1837 4152 2011 4205 usque
2033 4150 2160 4204 pro-

574 4236 782 4295 pagum!
813 4235 960 4290 sunt,
1003 4242 1068 4281 ac
1094 4228 1352 4298 deinceps
1392 4228 1462 4282 ab
1503 4228 1666 4297 hujus
1708 4228 2044 4297 temporibus
2090 4225 2159 4279 ad

577 4316 1445 4389 Hierosolymitanumexcidium,
1473 4318 1619 4388 quod
1638 4319 1760 4375 Tito
1802 4319 1941 4373 duce
1978 4317 2158 4373 conti-

572 4408 981 4479 git,Domitiani
1003 4410 1191 4473 fratre,
1214 4419 1270 4465 et
1290 4408 1615 4480 Vespasiani
1645 4411 1993 4481 bnperatoris
2022 4411 2154 4466 lilio.
2184 4406 2185 4411 “

2266 1949 2453 2021 Σελὲιμ
2479 1952 2536 2002 ἐν
2566 1950 2836 2021 ἀποστολῇ
2862 1948 3210 2013 τελειώσεως.

2341 2127 2417 2182 E’.
2461 2129 2609 2199 Αὕτη
2646 2128 2776 2198 γοῦν
2824 2132 2857 2201 ὴ
2908 2131 3121 2202 αἵρεσις
3172 2132 3205 2202 ὴ
3254 2129 3363 2183 τῶν
3411 2130 3681 2200 Ὀσσηνῶν
3723 2129 3814 2184 ἀνω

2271 2221 2667 2292 προειρημένη,
2702 2223 2735 2291 ἡ
2763 2221 3154 2292 πολιτευομένη
3187 2222 3289 2291 μὲν
3321 2221 3422 2293 τὴν
3453 2220 3559 2274 τῶν
3580 2220 3813 2274 Ἰουδαίων

2272 2309 2566 2371 πολιτείαν,
2592 2311 2735 2364 κατὰ
2753 2311 2815 2363 τὸ
2842 2310 3190 2375 σαϐϐατίζειν
3211 2328 3269 2364 τε
3288 2313 3382 2368 καὶ
3408 2308 3811 2382 περιτέμνεσθαι,

2269 2402 2363 2454 καὶ
2388 2400 2482 2455 τοῦ
2508 2402 2674 2472 νόμου
2699 2405 2872 2457 ποιεῖν
2893 2403 2963 2457 τά
2988 2404 3185 2466 πάντα,
3212 2403 3372 2473 μόνον
3405 2404 3463 2457 δὲ
3490 2401 3812 2474 ἀπαγορεύειν

2268 2495 2369 2557 τὰς
2397 2495 2613 2566 βίϐλους
2644 2495 2848 2566 ὁμοίως
2883 2498 2995 2559 τοῖς
3025 2495 3379 2567 Ναζαραίοις.
3417 2495 3624 2566 Σχίσμα
3657 2493 3709 2547 δὲ
3739 2495 3814 2563 ἐρ-

2268 2586 2494 2654 γάζεται
2527 2586 2669 2658 αὕτη
2720 2586 3086 2657 διαφερομένη
3136 2586 3270 2657 πρὸς
3308 2587 3412 2648 τὰς
3451 2586 3612 2650 ἄλλας
3645 2584 3698 2651 ἒξ
3726 2584 3813 2637 τῶν

2267 2678 2531 2748 αἱρέσεων
2560 2679 2787 2732 τούτων.
2826 2677 3080 2749 Ἀρκέσει
3112 2676 3243 2746 γοῦν
3265 2679 3345 2740 εἱς
3373 2678 3680 2750 ἀνατροπὴν
3704 2675 3812 2729 ταύ-

2266 2784 2366 2838 της
2398 2767 2459 2821 τὸ
2483 2763 2623 2822 εἶναι
2658 2769 2829 2841 αὐτὴν
2866 2767 3154 2840 ἀλλοτρίαν
3191 2767 3348 2834 Θεοῦ,
3381 2769 3480 2823 τοῦ
3510 2767 3703 2838 Κυρίου
3730 2782 3811 2819 σα-

2268 2858 2383 2927 φῶς
2408 2858 2681 2927 λέγοντος,
2710 2861 2793 2913 δτι
2828 2860 2878 2913 οἱ
2909 2861 3074 2931 ἱερεῖς
3103 2859 3163 2912 ἐν
3195 2858 3274 2929 τῷ
3308 2859 3440 2931 ἱερῷ
3470 2859 3737 2932 βεϐηλοῦσι
3764 2858 3813 2911 τὸ

2267 2949 2565 3002 Σάδδατον.
2610 2951 2677 3003 Ἡ
2710 2950 2765 3004 δὲ
2802 2949 3228 3020 βεδήλωσιςτοῦ
3260 2951 3548 3006 Σαὸϐἀτου
3569 2952 3648 3015 τίς
3674 2950 3809 3020 αὕτη,

2266 3039 2381 3092 ἀλλ’
2429 3041 2510 3093 ὅτι
2542 3039 2702 3111 ἔργον
2736 3042 2911 3105 οὐδεὶς
2940 3043 3227 3115 εἰργάζετο
3264 3044 3322 3096 ὲν
3350 3043 3434 3114 τῷ
3466 3043 3731 3113 Σαόῦάτῳ,
3764 3043 3811 3095 ἐν

2266 3126 2323 3179 δὲ
2354 3127 2431 3198 τῷ
2475 3129 2605 3201 ἱερῴ
2648 3130 2837 3183 θυσίαν
2878 3133 2928 3184 οἱ
2977 3134 3144 3203 ἱερεῖς
3191 3132 3567 3196 ἐπιτελοῦντες
3599 3132 3736 3186 ἔλυον
3761 3130 3810 3183 τὸ

2267 3218 2565 3284 Σάϐϐα-εον,
2615 3219 2966 3292 βεϐηλοῦντες
2993 3221 3083 3275 διὰ
3132 3223 3231 3293 τὴν
3260 3222 3515 3295 ἐνδελεχῆ
3547 3221 3653 3277 τῶν
3684 3222 3809 3287 ζώων

2267 3311 2489 3377 θυσίαν;
2519 3311 2934 3383 Παρελεύσομαι
2964 3313 3059 3367 καὶ
3089 3312 3295 3384 ταύτην
3317 3314 3421 3386 τὴν
3450 3314 3672 3387 αἵρεσιν.
3702 3313 3810 3366 Συν-

2264 3404 2434 3475 ἧπται
2466 3403 2576 3475 γάρ
2602 3398 2757 3468 οὗτος
2790 3405 2952 3459 πάλιν
2988 3407 3017 3459 ό
3050 3404 3243 3471 Ἦλξαῒ
3276 3409 3392 3471 τοῖς
3431 3408 3570 3479 μετά
3598 3406 3681 3460 τὸν
3703 3405 3811 3478 Χρι-

2264 3493 2388 3547 στὸν
2428 3494 2785 3559 Ἐϐιωναίοις,
2835 3495 2972 3549 ἀλλά
3014 3496 3109 3550 καὶ
3164 3500 3280 3560 τοῖς
3327 3494 3678 3570 Ναζιίραίοις,
3719 3497 3810 3557 τοῖς

2266 3582 2562 3652 μετέπειτα
2605 3583 2877 3653 γεγονόσι·
2925 3585 3019 3641 καὶ
3063 3586 3358 3658 κέχρηνται
3398 3586 3547 3659 αὐτῷ
3584 3587 3810 3656 τέσσαρες

2264 3675 2526 3747 αἱρέσεις,
2566 3676 2756 3748 ἐπειδὴ
2800 3677 3083 3745 θέλγονται
3126 3681 3193 3749 τῇ
3224 3678 3391 3733 αὐτοῦ
3428 3680 3619 3752 πλάνῃο
3652 3676 3811 3730 Ἐϐιω-

2264 3768 2429 3821 ναίων
2471 3784 2551 3833 τε,
2593 3767 2701 3821 τῶν
2749 3769 3044 3839 μετέπειτα
3088 3769 3445 3842 Ναζαραίων,
3489 3767 3744 3842 Ὀσσηνῶν
3763 3782 3809 3817 τε

2263 3858 2371 3910 τῶν
2407 3859 2513 3931 πρὸ
2551 3859 2715 3912 αὑτοῦ
2757 3860 2854 3913 καὶ
2895 3861 2990 3915 σῦν
3027 3861 3197 3930 αύτῷ,
3243 3863 3338 3915 καὶ
3375 3860 3695 3933 Ναζαραίων
3722 3858 3808 3912 τῶν

2262 3950 2376 4002 ἄνω
2412 3966 2500 4019 μοι
2547 3950 3063 4021 προδεδηλωμένων.
3104 3951 3254 4022 Αῦτη
3298 3952 3355 4005 δὲ
3405 3955 3438 4024 ἡ
3482 3954 3682 4024 αἵρεσις
3721 3947 3808 4001 τῶν

2262 4042 2404 4094 ἑπτὰ
2440 4039 2549 4099 τῶν
2592 4042 2650 4095 ὲν
2693 4042 3110 4114 Ἱεροσολύμοις,
3147 4045 3354 4113 αἵτινες
3389 4045 3669 4116 ἐνέμειναν
3702 4042 3807 4111 ἄχρι

2263 4136 2362 4204 τῆς
2391 4132 2487 4186 τοῦ
2521 4134 2757 4208 Χριστοῦ
2792 4136 3117 4206 παρουσίας,
3160 4137 3257 4190 καὶ
3301 4137 3446 4207 μετά
3483 4138 3581 4209 τὴν
3605 4129 3808 4206 Χριστοῦ

2262 4221 2527 4293 ἔνσαρκον
2578 4224 2881 4293 παρουσίαν
2940 4225 3068 4297 ἄχρι
3119 4226 3218 4295 τῆς
3275 4226 3383 4279 τῶν
3456 4224 3807 4297 Ἰεροσολύμων

2262 4315 2537 4379 ἁλώσεως,
2568 4316 2691 4386 ἥτις
2720 4317 2945 4385 γέγονεν
2981 4317 3086 4370 ὑπὸ
3124 4317 3284 4370 Τίτου
3317 4316 3586 4388 βασιλέως
3604 4310 3803 4383 ἀδελφοῦ

2260 4404 2613 4475 Δομετιανοῦ,
2654 4406 2771 4460 υἱοῦ
2808 4406 2866 4460 δὲ
2899 4407 3309 4463 Οὐεσπασιανοῦ
3356 4409 3637 4481 βασιλέως.
3680 4402 3805 4460 Μετὰ

572 4501 709 4557 Post
746 4516 937 4556 eversa
982 4499 1201 4555 demum
1255 4499 1629 4574 Hierosolyma
1673 4503 1825 4558 stetit
1877 4504 1968 4557 illa
2004 4504 2155 4559 brevi

2265 4496 2319 4548 δὲ
2368 4495 2465 4566 τὴν
2506 4496 2616 4549 τῶν
2670 4497 3061 4571 Ἰεροσολύμων
3109 4500 3309 4554 ἅλωσιν
3358 4502 3644 4572 ἐπέμεινεν
3690 4498 3803 4568 ἥτε

576 4602 819 4660 tempore
848 4605 973 4645 cum
1001 4592 1214 4646 caeteris
1246 4606 1367 4661 quae
1396 4601 1506 4646 tum
1533 4594 1953 4649 celebrabantur
1969 4598 2156 4662 sectis;

574 4695 763 4751 eaeque
803 4678 1028 4735 fuerunt
1069 4679 1495 4737 Saddurseorum
1517 4720 1532 4748 ,
1571 4680 1889 4738 Scribarum
1913 4726 1929 4751 ,
1959 4682 2160 4739 Phari-

574 4786 836 4836 sanorum,
881 4770 1503 4842 Hemerohaptistarum,
1548 4771 1966 4841 Nazaraeorum,
1997 4777 2161 4832 Osse-

575 4876 773 4920 norum
805 4870 860 4918 et
890 4859 1347 4925 llerodianorum,
1374 4864 1548 4920 donec
1573 4880 1670 4921 sua
1695 4880 1926 4938 quaeque
1956 4881 2160 4939 oppor-

573 4954 811 5011 tunitate
839 4967 905 5008 ac
935 4960 1184 5025 tempore
1210 4955 1475 5026 dissipata
1500 4957 1683 5026 periit.

644 5042 734 5100 Vl.
778 5041 1060 5102 Postremo
1093 5045 1228 5101 satis
1264 5061 1387 5102 esse
1428 5047 1609 5116 debet,
1645 5049 1791 5120 quod
1826 5064 1893 5105 ex
1922 5050 2156 5122 ipsamet

572 5139 793 5197 illorum
822 5137 1065 5205 vesania,
1100 5136 1341 5208 ipsisque
1379 5136 1516 5194 adeo
1552 5140 1802 5206 vocibus,
1835 5143 2037 5212 quibus
2059 5145 2157 5198 do-

573 5237 756 5298 gmata
787 5242 889 5283 sua
932 5227 1266 5300 praedicant,
1299 5238 1491 5301 (δορυ-ο
1533 5231 1733 5287 letbalc
1768 5248 1958 5288 eorum
2001 5234 2156 5289 virus

574 5319 883 5388 comparari
914 5320 1233 5393 remedium;
1257 5329 1463 5390 potest,
1516 5321 1587 5376 ab
1624 5336 1692 5376 co
1720 5323 1816 5392 qui
1863 5324 2153 5394 prudentia

576 5405 757 5475 aliqua
800 5411 875 5483 sit
923 5409 1216 5479 praeditus,
1270 5417 1331 5464 ut
1375 5408 1535 5466 facile
1585 5410 1864 5466 sordidam
1920 5413 2152 5469 istorum

577 5495 917 5562 doetrinam,
958 5508 1013 5554 et
1052 5488 1436 5571 loquacitatem
1476 5502 1825 5560 condemnet.
1870 5501 2154 5576 Praecipue

577 5598 644 5639 cx
676 5600 742 5640 co
772 5588 915 5656 quod
954 5595 1066 5645 tam
1109 5591 1166 5646 in
1204 5592 1351 5662 lege,
1399 5608 1563 5665 quam
1597 5594 1651 5650 in
1695 5592 1989 5669 Evangelia
2015 5598 2088 5655 sit
2120 5614 2150 5653 a

650 5737 669 5769 ⁸
705 5738 891 5793 Matth.
924 5707 1020 5806 itit,
1059 5743 1110 5797 5.
1183 5746 1204 5777 ³
1233 5745 1379 5803 Fort.
1401 5748 1478 5818 τῷ
1505 5748 1832 5824 βουλομένῳ.

2258 4586 2419 4657 αὕτη,
2450 4588 2544 4641 κοιλ⁹
2584 4590 2640 4642 αἱ
2673 4589 2830 4644 ἀλλαι
2862 4588 3029 4661 ὀλίγῳ
3053 4590 3131 4662 τῷ
3160 4592 3339 4664 χρόνῳ
3378 4594 3436 4647 αἱ
3468 4591 3802 4664 φημιζόμεναι

2259 4676 2523 4754 αἱρέσεις,
2558 4682 2936 4737 Σαδδουκαίων
2967 4686 3130 4755 φημὶ,
3157 4687 3252 4739 καὶ
3293 4684 3686 4759 Γραμματέων,
3715 4681 3801 4737 Φα-

2261 4773 2486 4842 ρισαίων
2505 4789 2585 4839 τε,
2599 4774 2695 4827 καὶ
2708 4772 3247 4846 Ἡμεροὸαπτιστῶν,
3267 4777 3362 4831 καὶ
3377 4777 3711 4849 Ναζαραίων,
3726 4770 3802 4827 καὶ

2257 4863 2554 4936 Ὀσσηνῶν,
2586 4865 3057 4937 καὶἮρωδιανίῦν·
3079 4866 3238 4939 ἄχρις
3262 4862 3323 4922 οὗ
3354 4867 3499 4921 κατά
3521 4867 3701 4938 καιρζν
3725 4859 3802 4913 καὶ

2260 4956 2400 5010 κατά
2417 4954 2609 5028 χρόνον
2633 4957 2840 5026 ἑκάστη
2871 4957 3051 5011 αὐτῶν
3080 4957 3569 5029 διασκορπισθεῖσα
3591 4952 3797 5024 διελύθη.

2329 5050 2422 5115 ς’.
2455 5047 2731 5120 Ἀρκετῶς
2766 5048 2822 5102 δὲ
2862 5049 3007 5120 ἔχειν
3044 5049 3141 5104 ἀπ’
3174 5049 3348 5121 αὐτῆς
3372 5051 3473 5122 τῆς
3500 5048 3670 5105 αὐτῶν
3694 5059 3797 5119 φρε-

2254 5139 2595 5205 νοϐλαϐείας,
2646 5141 2740 5194 καὶ
2783 5140 2891 5193 “ab;
2934 5142 3197 5214 ῥημάτων
3223 5144 3320 5197 τοῦ
3349 5143 3693 5215 κηρύγματος
3722 5134 3797 5190 τοῦ

2253 5229 2585 5303 δηλητηρίου
2638 5231 2718 5283 ίοῦ
2772 5231 3131 5304 ἀλεξητήριον
3175 5235 3354 5307 ἑαυτῷ
3394 5236 3568 5289 πάντα
3602 5226 3800 5300 νουνεχῆ

2257 5320 2684 5386 κατασκευάσαι,
2726 5322 3063 5392 καταγνόντα
3093 5323 3192 5394 τῆς
3238 5323 3608 5397 συρφετώδους
3650 5314 3799 5374 αὐτῶν

2255 5412 2607 5478 διδασκαλίας
2634 5432 2693 5468 τε
2726 5416 2820 5469 καὶ
2855 5412 3067 5479 λαλιᾶς,
3103 5416 3200 5470 καί
3228 5417 3466 5487 μάλιστα
3498 5414 3588 5470 τοῦ
3620 5407 3796 5482 Κυρίου

2255 5502 2418 5567 εὐθὺς
2455 5503 2705 5571 λέγοντος
2728 5502 2785 5556 έν
2815 5520 2875 5557 τε
2900 5503 2979 5574 τῷ
3008 5504 3158 5577 νόμῳ
3182 5507 3278 5560 καὶ
3301 5509 3360 5561 ἐν
3382 5505 3462 5577 τῷ
3488 5499 3793 5573 Εὑαγγίλίιι)⁸

2251 5595 2373 5649 οὐκ
2415 5593 2661 5648 ἔσονται
2689 5609 2785 5648 σοι
2811 5594 2929 5650 θεοὶ
2957 5595 3141 5665 ἕτεροι
3165 5597 3333 5669 πλὴν
3355 5596 3520 5668 ἐμοῦ*
3550 5597 3621 5653 οὑ
3641 5590 3789 5659 MM
