4022 6416
517 319 623 376 275

1919 315 1975 371 S.
2021 315 2364 371 EPIPHANH

522 434 845 507 deportatus
874 439 975 486 est.
1005 427 1141 483 Tum
1176 444 1321 481 anno
1353 426 1597 494 sequenti
1629 424 2020 507 Hierosolymis
2044 441 2104 481 se

2218 428 2320 498 ρὲτ,
2354 428 2577 480 ἐλθόντα
2605 427 2683 497 τῷ
2727 426 2850 499 ἑξῆς
2884 427 3119 503 ἐνιαυτῷ
3144 428 3369 499 ὀφθῆναι
3410 430 3640 487 ἐνώπιον
3666 439 3772 490 Κυ-

523 504 708 582 coram
736 521 846 577 Deo
873 520 1316 590 reprzesentarit:
1352 524 1519 584 atque
1540 514 1661 569 inde
1688 504 2096 571 Bethlehemnm

522 622 749 686 propter
800 612 1021 684 generis
1077 611 1539 682 propinquitatem
1590 621 1617 661 a
1666 613 1840 662 matre
1888 606 2101 662 delatus

523 715 629 763 est.
650 690 773 761 “Sed
821 720 1041 760 rursum
1088 701 1455 756 Nazarelhum
1494 698 1713 754 rediens
1751 713 1898 754 anno
1927 699 2101 753 altero

472 808 775 856 mvertente
833 796 1210 868 Hierosolyma
1267 792 1795 861 Bethlehemumque
1854 798 2103 861 gestante

529 898 702 945 matre
724 887 1019 959 perductus
1045 891 1149 941 est.
1173 880 1505 937 Bethiehemi
1532 893 1695 949 porro
1725 893 1850 932 cum
1868 878 1935 932 ad
1959 876 2103 935 aedes

528 982 792 1051 quasdam
842 995 964 1033 cum
1014 976 1184 1032 Matre
1239 990 1303 1029 ac
1347 970 1588 1043 Josepho
1636 967 2103 1051 divertissetaqui

526 1044 636 1142 jam
684 1071 874 1140 grandi
917 1077 1049 1124 natu
1082 1085 1207 1123 cum
1241 1065 1411 1120 Maria
1454 1065 1708 1135 degebat,
1757 1044 2005 1118 secundo
2036 1062 2105 1116 ab

496 1160 502 1169 ’
532 1162 817 1215 uativitate
849 1174 995 1215 anno
1027 1174 1056 1212 a
1083 1157 1254 1229 Magis
1282 1155 1547 1210 adorandi
1575 1168 1745 1209 causa
1775 1160 2102 1220 conventus,

528 1268 592 1307 ac
619 1252 779 1308 donis
805 1258 1033 1306 ornatus
1059 1257 1166 1305 est.
1201 1248 1399 1303 Eadem
1423 1261 1554 1301 vero
1586 1252 1768 1311 nocte,
1802 1259 1927 1299 cum
1950 1242 2107 1300 Josc-

529 1345 671 1415 phus
708 1359 804 1414 per
837 1341 1110 1403 somnium
1148 1340 1216 1395 ab
1260 1338 1452 1411 angelo
1491 1344 1638 1393 esset
1672 1334 2007 1400 admonitus,
2049 1334 2105 1390 in

533 1434 829 1507 Egyptum
862 1431 1214 1488 transfertur.
1248 1428 1405 1486 Unde
1438 1444 1636 1484 rursus
1670 1438 1794 1499 post
1822 1427 2103 1482 biennium

530 1533 752 1580 mortuo
778 1523 889 1595 jam
931 1521 1161 1587 Herode,
1193 1536 1257 1576 ac
1286 1520 1612 1577 succedente
1633 1518 1899 1574 Archelao
1918 1532 2106 1573 rever-

527 1620 683 1673 titur.

601 1709 667 1764 ιι.
699 1707 979 1780 Siquidem
1004 1721 1146 1761 anno
1175 1703 1405 1760 Herodis
1457 1718 1651 1767 xum,
1704 1702 1939 1772 Augusti
1993 1716 2108 1756 xm

529 1771 862 1856 Bethlehemi
906 1800 961 1853 in
995 1797 1179 1853 Judaea
1228 1794 1477 1850 Salvator
1521 1771 1957 1850 nascitur.r'l‘um
2006 1793 2111 1849 He-
2145 1771 2185 1829 Β

530 1891 683 1948 rodis
745 1907 890 1945 xxxv
949 1890 1005 1944 in
1067 1888 1359 1959 Egyptum
1412 1885 1692 1956 profectus
1738 1892 1842 1941 est.
1905 1884 2108 1939 Eodem

534 1982 747 2038 Herode
792 1989 1030 2047 mortuo,
1061 1980 1129 2034 ab
1178 1978 1415 2051 Egypto
1448 1977 1631 2034 rediit.
1664 1977 1844 2043 Quare
1886 1992 2110 2032 necesse

530 2084 616 2127 est
668 2088 852 2126 xxxvn
881 2069 1110 2125 Herodis
1134 2084 1278 2124 anno
1304 2075 1562 2140 quartum
1591 2070 1769 2123 aatatis
1811 2083 1925 2123 suae
1975 2082 2108 2136 pue-

532 2165 715 2219 rulum
746 2163 946 2234 egisse,
980 2177 1106 2217 cum
1138 2160 1404 2225 Herodes,
1425 2160 1671 2231 inquam,
1696 2166 1901 2231 septem
1933 2175 1997 2213 ac
2019 2159 2112 2212 tri-

528 2257 681 2329 ginta
731 2255 997 2312 confectis
1038 2255 1198 2309 annis
1248 2252 1468 2334 vivendi
1522 2252 1683 2307 tinem
1726 2252 1935 2306 habuit.
1982 2251 2132 2307 Post.

531 2348 678 2402 hunc
695 2345 994 2402 Archelaus
1014 2359 1207 2400 novem
1233 2343 1394 2398 annis
1411 2343 1698 2412 imperavit
1719 2360 1733 2409 ;
1757 2358 1865 2412 quo
1882 2358 2108 2413 regnum

532 2441 755 2495 ineunte
785 2437 1053 2506 Josephus
1078 2452 1144 2492 ex
1190 2434 1427 2506 Egypto
1456 2449 1581 2488 cum
1613 2432 1808 2497 Maria,
1841 2448 1904 2488 ac
1940 2450 2111 2504 puero

531 2531 839 2602 digressus,
875 2531 968 2584 ubi
997 2527 1327 2584 Archelaum
1366 2527 1637 2596 imperare
1666 2526 1882 2589 didicit.
1918 2527 1971 2581 in
2005 2526 2115 2581 Ga-

530 2620 727 2675 lilaeam
760 2619 1010 2682 secessit,
1059 2633 1123 2672 ac
1161 2624 1278 2671 tum
1325 2614 1576 2670 Nazareti
1616 2614 1864 2673 consedit
1938 2616 2112 2671 Caete-

532 2726 653 2764 rum
676 2709 978 2765 Archelaus
1008 2707 1277 2763 Herodem
1299 2706 1573 2777 juniorem
1597 2707 1818 2777 genuit;
1849 2706 1941 2779 qni
1970 2722 2114 2761 nono

538 2802 713 2873 patris
740 2816 885 2856 anno
911 2802 966 2856 in
994 2800 1284 2870 imperium
1313 2801 1601 2855 successit.
1635 2798 1890 2870 Idemque
1934 2816 2113 2855 annus

537 2912 571 2953 ει
605 2895 891 2950 nativitate
924 2894 1131 2948 Christi
1174 2908 1274 2947 xm
1323 2892 1700 2949 numerandus
1727 2900 1831 2949 est.
1906 2892 2113 2949 Octavo

535 2988 749 3043 decimo
778 3002 921 3041 anno
946 2985 1179 3041 Herodis
1209 2986 1479 3056 Agrippae,
1514 2984 1675 3042 Jesus
1704 2985 1960 3043 Christus
1986 3002 2113 3057 pro-

2206 520 2320 590 ρίου
2368 521 2448 583 εἰς
2480 518 2853 590 Ἰερουσαλὴμ,
2880 520 3168 590 γενόμενόν
3214 538 3273 573 τε
3315 523 3370 575 ἐν
3418 522 3667 596 Βηθλεὲμ
3690 528 3771 584 διὰ

2201 610 2299 681 τὴν
2330 610 2648 680 συγγένειαν
2676 611 2779 664 ὑπὸ
2805 610 2904 680 τῆς
2931 612 3135 683 μητρὸς
3168 611 3598 685 βασταζόμενον’
3629 616 3772 684 αὖθις
3866 646 3875 651 ·

2206 702 2366 755 πάλιν
2404 705 2484 767 εἰς
2517 701 2769 774 Ναζαρὲτ
2803 701 3191 772 ἀπενεχθέντα.
3221 703 3314 756 καὶ
3352 705 3496 758 κατὰ
3530 706 3776 797 δευτέραν

2206 794 2451 866 περίοδον
2495 795 2739 848 ἐνιαυτοῦ
2795 796 2874 857 εἰς
2916 794 2982 848 τὰ
3020 796 3363 866 Ἱεροσόλυμα
3411 800 3506 852 καὶ
3541 794 3777 872 Βηθλεὲμ

2206 887 2524 958 ἐληλυθότα,
2552 886 2953 957 βασταζόμενον
2980 886 3241 952 ὡσαύτως
3268 889 3372 943 ύπδ
3389 891 3492 960 τῆς
3524 891 3658 955 ἰδίας
3683 910 3777 963 μηο

2206 977 2360 1049 τρός·
2391 979 2450 1031 ἐν
2479 976 2725 1048 Βηθλεὲμ
2748 977 2806 1030 δὲ
2828 979 2885 1029 ὲν
2915 977 3063 1049 οἰκία
3089 978 3420 1034 κατελθόντα
3450 983 3548 1034 σὺν
3579 985 3644 1052 τῇ
3681 982 3779 1053 ἰδίᾳ.

2210 1071 2378 1142 μητρὶ
2428 1072 2523 1123 καὶ
2553 1070 2750 1141 Ἰωσὴφ
2798 1068 3012 1140 γέροντι
3058 1068 3192 1130 δντι,
3223 1071 3318 1124 σὺν
3365 1075 3431 1144 τῇ
3493 1073 3683 1146 Μαρίᾳ
3729 1074 3777 1128 δὲ

2206 1162 2318 1214 ὄντι
2340 1179 2352 1191 ’
2381 1162 2599 1215 κάκεῖσε
2630 1162 2707 1232 τῷ
2732 1156 3101 1231 δευτέρῳἘτει
3131 1160 3296 1215 αὑτοῦ
3327 1165 3637 1235 γεννήσεως
3659 1183 3777 1219 κατ-

2207 1258 2538 1312 οπτευθέντα
2596 1258 2699 1311 ὑπὸ
2750 1258 2857 1312 τῷν
2910 1256 3100 1328 μάγων
3149 1256 3595 1327 προσκυνηθῆναι
3644 1256 3778 1329 δῶρα

2207 1345 2462 1411 λαϐόντα,
2496 1349 2589 1400 καὶ
2616 1348 2673 1399 έν
2700 1347 2833 1418 αὐτῇ
2878 1348 2943 1417 τῇ
2982 1344 3138 1397 νυκτὶ
3167 1346 3260 1398 ὑπ’
3295 1345 3533 1413 ἀγγέλου
3561 1346 3653 1398 τοῦ
3677 1347 3789 1398 Ἰω-“

2212 1439 2319 1510 σὴφ
2338 1438 2778 1511 χρηματίσαντος
2804 1440 2882 1501 εἰς
2904 1437 3180 1507 Αἴγυπτον
3210 1434 3641 1506 παραληφθέντα
3659 1451 3672 1463 ·
3696 1435 3781 1490 ἀπ’

2211 1532 2419 1585 ἐκεῖθέν
2446 1548 2504 1589 τε
2530 1529 2692 1584 πάλιν
2728 1529 2816 1582 διὰ
2853 1530 2946 1583 δύο
2977 1529 3115 1583 ὲτῶν
3145 1526 3587 1597 ἐπανεληλυθότα
3612 1526 3783 1580 τελευ-

2211 1627 2473 1698 τήσαντος
2496 1624 2589 1679 τοῦ
2629 1622 2893 1695 Ἡρώδου,
2915 1621 3210 1694 Ἀρχελάου
3234 1638 3292 1675 τε
3313 1619 3723 1690 διαδεξαμένου.

2282 1717 2359 1770 B'.
2401 1716 2491 1786 Τῷ
2535 1714 2644 1786 γὰρ
2684 1713 2992 1786 τριακοστῷ
3025 1714 3193 1784 τρίτῳ
3231 1711 3342 1767 ἔτει
3373 1712 3641 1782 Ἡρώδου,
3674 1727 3783 1764 τεσ-
3832 1738 3847 1746 -

2217 1806 2538 1879 σαρακοστῷ
2562 1806 2619 1859 δὲ
2647 1806 2882 1876 δευτέρῳ
2908 1803 3221 1873 Αὐγούστου
3248 1803 3515 1873 βασιλέως
3542 1802 3785 1872 γεννᾶται

2212 1899 2240 1952 ὀ
2268 1899 2457 1971 Σωτὴρ
2486 1900 2542 1952 ὲν
2571 1896 2817 1967 Βηθλεὲμ
2841 1897 2940 1967 τῆς
2960 1895 3241 1959 Ἰουδαίας.
3266 1896 3498 1949 Κάτεισι
3521 1893 3576 1947 δὲ
3602 1896 3677 1956 εἰς
3701 1890 3785 1944 Δί-

2212 2007 2419 2061 γυπτον
2461 1988 2538 2060 τῷ
2583 1985 2891 2060 τριακοστῷ
2943 1985 3052 2038 ἔτει
3101 1986 3196 2039 καὶ
3234 1985 3474 2055 πέμπτῳ
3514 1980 3781 2055 Ἡρώδου·

2212 2084 2384 2138 ἄνεισι
2426 2082 2482 2136 δὲ
2526 2081 2634 2135 άπὸ
2654 2082 2765 2150 τῆς
2791 2080 3066 2149 Αἰγύπτου
3101 2076 3238 2150 μετὰ
3286 2077 3387 2147 τὴν
3432 2075 3672 2149 Ἡρώδου
3706 2090 3784 2127 τε·

2210 2174 2427 2245 λευτήν.
2459 2172 2549 2225 Διὸ
2581 2172 2995 2243 ὲπὶ,τριάκοντα
3038 2172 3131 2224 καὶ
3161 2168 3299 2222 ἑπτὰ
3325 2168 3475 2222 ἔτεσι
3504 2168 3603 2237 τῆς
3632 2166 3785 2236 αὐτῆς

2210 2265 2306 2321 τοῦ
2353 2263 2594 2338 Ἡρώδου
2624 2265 2797 2336 ἀρχῆς
2842 2260 2910 2335 ἦν
2959 2265 2987 2317 ό
3032 2264 3159 2325 παῖς
3183 2261 3473 2332 τεσσάρων
3507 2258 3783 2313 ὲτῶν.”οτε

2223 2356 2490 2429 Ἡρώδης,
2524 2354 2963 2427 τριακονταεπτά
2992 2354 3084 2426 ἐτη
3120 2350 3440 2424 πληρώσας,
3466 2348 3784 2421 κατέστρεψε

2213 2449 2305 2503 τὸν
2330 2448 2463 2519 βίον.
2487 2447 2779 2518 ’Δρχέλαος
2815 2446 2869 2500 δὲ
2900 2445 3053 2500 ἐννέα
3088 2446 3181 2517 ἔτη
3209 2444 3511 2515 βασιλεύει,
3533 2436 3593 2497 οὗ
3619 2444 3672 2493 ὲν
3696 2440 3783 2511 άρ-

2215 2542 2281 2610 )(ᾗ
2310 2539 2410 2608 τῆς
2435 2538 2711 2609 βασιλείας
2739 2534 2898 2604 ἐξιὼν
2924 2537 3123 2608 Ἰωσὴφ
3159 2536 3255 2590 ἀπ’
3280 2534 3561 2604 Αἰγύπτου
3599 2533 3706 2603 ἃμα
3727 2532 3783 2599 τῇ

2215 2632 2404 2704 Μαρίᾳ
2435 2630 2529 2685 καὶ
2573 2629 2653 2702 τῷ
2699 2630 2871 2695 παιδὶ,
2914 2628 3154 2693 ἀκούσας
3193 2628 3285 2681 τὸν
3303 2627 3602 2697 Ἀρχέλαον
3646 2623 3783 2694 βασι-

2213 2722 2417 2779 λεύειν.
2441 2721 2786 2792 ἀνεχώρησεν
2828 2721 2910 2783 εἰς
2953 2719 3021 2773 τὰ
3060 2719 3199 2791 μέρη
3235 2718 3335 2788 τῆς
3360 2716 3668 2779 Γαλιλαίας,
3702 2712 3785 2765 καὶ

2217 2813 2506 2885 κατῴκησε
2539 2813 2658 2867 τότε
2684 2814 2763 2875 εἰς
2788 2811 3064 2882 Ναζαρέτ.
3093 2810 3389 2883 Ἀρχέλαος
3434 2810 3493 2862 δὲ
3525 2807 3683 2877 γεννᾷ
3705 2803 3786 2856 τὸν

2226 2905 2474 2977 Ἡρώδην
2525 2904 2616 2958 τὸν
2663 2904 2945 2974 νεώτερον.
2979 2905 3089 2957 Καὶ
3137 2901 3412 2971 βασιλεύει
3450 2900 3689 2970 Ἡρώδης
3719 2894 3784 2964 τῷ

2216 2993 2422 3063 ὲννάτῳ
2451 2991 2560 3053 ἔτει
2588 2992 2687 3063 τῆς
2719 2991 2812 3045 τοῦ
2842 2989 3047 3062 πατρὸς
3068 2989 3365 3071 Ἀρχελάου
3403 2988 3675 3060 βασιλείας
3702 3002 3785 3038 κα-

533 3079 775 3159 mulgare
824 3077 1070 3133 divinum
1116 3078 1344 3133 verbum
1401 3091 1693 3148 aggressus
1750 3085 1855 3138 est.
1889 3093 1955 3131 ac
1985 3093 2109 3132 cum

2218 3086 2282 3139 τὰ
2311 3085 2584 3156 διαδοχήν.
2616 3084 2727 3137 Καὶ
2776 3084 2967 3153 γέγονε
3011 3081 3092 3153 τῷ
3124 3080 3273 3152 αὐτῷ
3301 3080 3566 3153 δεκατρία
3594 3079 3684 3149 ἐτη
3709 3077 3785 3129 λο-

530 3168 764 3226 Joannis
811 3171 1082 3240 baptismo
1121 3169 1404 3235 initiatur,
1437 3177 1550 3223 tum
1584 3184 1787 3224 annum
1837 3170 1989 3224 illum
2018 3185 2111 3224 ac-

532 3271 748 3332 ceptum
794 3262 849 3315 in
885 3277 949 3316 ea
993 3262 1252 3330 praeconii
1300 3259 1582 3317 iunctione
1626 3263 1927 3323 consumit,
1959 3263 2114 3317 nullo

534 3367 713 3418 neque
740 3348 1076 3415 Iudaeorum,
1113 3366 1291 3420 neque
1317 3352 1620 3420 gentilium,
1655 3367 1833 3421 neque
1879 3352 2116 3407 Samari-

535 3452 825 3505 tanorum,
863 3456 1042 3511 neque
1081 3442 1309 3497 alterius
1355 3443 1573 3512 generis
1615 3452 1972 3512 repugnante.
2012 3442 2112 3499 Se-

532 3532 716 3587 cundo
737 3533 995 3603 praeconii
1016 3531 1257 3587 cmlestis
1285 3546 1428 3588 anno
1450 3535 1882 3603 quamplurimos
1933 3535 2118 3590 obtre-

535 3631 779 3679 ctatores
810 3624 1038 3690 habuit;
1075 3625 1403 3695 quiquidem
1440 3625 1673 3681 Herodis
1716 3627 1961 3696 ejusdem
1998 3645 2112 3694 XIX,

538 3714 744 3769 Christi
786 3730 942 3769 xxxn
977 3716 1207 3769 exstitit.
1241 3713 1468 3770 Demum
1513 3731 1581 3769 xx
1624 3717 1914 3771 tetrarchae
1944 3718 2116 3774 Hero-

539 3803 625 3860 dis
656 3819 805 3859 anno
834 3803 1089 3860 Christus
1120 3804 1383 3862 Dominus
1417 3806 1488 3861 ob
1520 3808 1743 3861 humani
1777 3812 1993 3879 generis
2023 3826 2113 3865 sa-

542 3895 711 3951 lutem
746 3910 965 3967 passus,
1006 3904 1172 3965 atque
1212 3896 1402 3950 eodem
1455 3907 1701 3967 tempore
1741 3899 1877 3953 nihil
1921 3915 2119 3969 passus

537 3988 785 4063 “est:
817 3996 932 4043 tum
966 4003 1093 4043 cum
1139 3998 1370 4043 mortem
1403 3990 1701 4060 degustans
1747 3991 1923 4061 ipsum
1956 3994 2119 4046 etiam

545 4083 732 4137 crucis
777 4080 1108 4150 supplicium
1156 4079 1355 4144 subiit,
1398 4095 1524 4135 cum
1568 4080 1785 4135 interim
1828 4082 1964 4136 nihil
2001 4082 2120 4151 ipsa

539 4171 827 4228 divinitate
882 4180 1183 4242 pateretur.
1236 4170 1445 4226 Christo
1488 4172 1647 4237 enim,
1696 4172 1773 4226 ait
1813 4171 2118 4243 Scriptura,

537 4281 632 4334 pro
654 4266 809 4320 nobis
835 4266 888 4318 in
907 4280 1068 4318 carne
1086 4279 1247 4328 passo
1262 4265 1302 4318 ¹.
1334 4263 1684 4334 Rursumque
1717 4281 1730 4317 :
1755 4264 2120 4334 Mortiﬁcatus

535 4374 717 4421 carne,
751 4357 1052 4425 oiviﬁcatus
1077 4366 1253 4410 autem
1275 4356 1466 4417 spiritu
1487 4356 1531 4423 ’,
1553 4365 1612 4409 et
1642 4337 1763 4427 qna)
1790 4366 2119 4427 sequuntur.

2215 3178 2478 3249 γιζὸμενα
2510 3181 2574 3248 τῇ
2611 3176 2861 3247 ἐνσάρκῳ
2895 3173 3132 3247 Χριστοῦ
3162 3172 3461 3246 παρουσίᾳ.
3504 3173 3783 3225 Ὀκτωκαιο

2215 3275 2428 3345 δεκάτῳ
2456 3272 2514 3326 δὲ
2539 3271 2650 3325 ἔτει
2671 3270 2915 3342 Ἡρώδου
2940 3268 3033 3322 τοῦ
3067 3265 3458 3337 ἐπικληθέντος
3477 3263 3781 3337 Ἀγρίππου,

2215 3370 2335 3424 τότε
2377 3366 2581 3441 ἤρξατο
2608 3364 2866 3438 όίησοῢς
2908 3364 3000 3418 τοῦ
3048 3362 3426 3433 κηρύγματος,
3470 3360 3566 3413 καὶ
3599 3358 3657 3410 τὸ
3702 3352 3785 3425 βάς

2217 3478 2428 3533 πτισμα
2452 3459 2515 3513 τὸ
2547 3458 2654 3515 ἀπὸ
2684 3457 2930 3511 Ἰωάννου
2960 3455 3079 3509 τότε
3114 3452 3406 3524 λαμϐάνει,
3462 3451 3556 3505 καὶ
3601 3444 3785 3517 κηρύσ-

2218 3569 2300 3606 σει
2376 3549 2623 3605 ὲνιαυτδν
2691 3547 2876 3602 δεκτὺν
2903 3587 2917 3609 ,
2971 3548 3063 3599 ὑπ’
3097 3543 3309 3607 οὐδενὸς
3364 3539 3780 3609 ἀντιλεγόμενος.

2218 3643 2342 3697 οὔτε
2390 3644 2494 3696 ὑπὸ
2529 3641 2833 3704 Ἰουδαίων,
2880 3638 3005 3693 οὔτε
3051 3639 3155 3691 ὑπὸ
3192 3636 3484 3707 Ἑλλήνων,
3532 3632 3647 3687 οὔτε
3694 3626 3784 3681 ὑπὸ

2220 3732 2592 3805 Σαμαρειτῶν,
2625 3732 2744 3786 οὒτε
2793 3730 2898 3785 ὑπό
2951 3746 3093 3794 τινος
3142 3727 3350 3799 ἐτέρου.
3381 3726 3612 3780 Ἔπειτα
3651 3722 3784 3776 ἀντι-

2219 3825 2512 3894 λεγόμενος
2552 3822 2818 3896 ἐκήρυξεν
2860 3820 3101 3874 ἐνιαυτὸν
3141 3820 3414 3892 δεύτερον,
3458 3817 3549 3871 καὶ
3587 3812 3786 3882 γέγονεν

2221 3917 2607 3970 ἐννεακαίδεκα
2657 3914 2751 3984 ἔτη
2806 3913 2883 3984 τῷ
2932 3910 3079 3982 αὐτῷ
3112 3910 3347 3983 Ἡρώδῃ.
3376 3909 3459 3982 τῷ
3494 3909 3550 3962 δὲ
3593 3903 3784 3971 Σωτῆρι

2221 4005 2543 4077 τριακοστὸν
2587 4003 2859 4074 δεύτερον.
2902 4002 2993 4056 Ἐν
3048 4002 3101 4055 δὲ
3153 4000 3229 4071 τῷ
3278 3997 3514 4070 εἰκοστῷ
3560 3996 3663 4048 ἔτει
3689 3988 3781 4073 ,τοῦ

2234 4095 2475 4167 Ἡρώδου
2508 4092 2602 4147 τοῦ
2630 4092 2931 4165 τετράρχου
2959 4090 3293 4161 καλουμένου
3319 4088 3531 4158 γίνεται
3554 4083 3612 4138 τὸ
3639 4078 3783 4146 σωτή-

2227 4202 2340 4257 ριον
2373 4184 2545 4249 πάθος
2576 4185 2669 4238 καί
2702 4186 2735 4256 ἡ
2766 4183 3025 4248 ἀπάθεια,
3056 4182 3089 4254 ἢ
3117 4180 3349 4234 θανάτου
3377 4180 3588 4249 γεῦσις,
3619 4168 3783 4243 γεῦσίς

2223 4295 2283 4331 τε
2329 4276 2584 4341 θανάτου,
2634 4278 2763 4349 ἄχρι
2813 4274 3049 4343 σταυροῦ
3104 4274 3404 4345 πάσχοντος
3453 4274 3510 4326 ὲν
3559 4262 3780 4337 ἀληθείᾳ,

2226 4369 2471 4434 ἀπαθοῦς
2499 4369 2556 4423 δὲ
2585 4369 2835 4441 μένοντος
2876 4370 2935 4425 ὲν
2973 4368 3210 4439 θεότητι.
3243 4363 3501 4436 Χριστοῦ
3546 4361 3650 4434 γὰρ
3688 4369 3783 4408 πα·

539 4448 599 4504 ln
629 4466 798 4506 cruce
830 4452 1206 4521 suspenditur,
1230 4448 1528 4519 sepelitur;
1560 4447 1626 4503 ad
1658 4446 1865 4503 inferos
1888 4464 2013 4503 cum
2038 4448 2114 4504 di-

2226 4461 2439 4529 θόντος
2458 4460 2611 4531 ὑπὲρ
2636 4459 2804 4530 ἡμῶν
2830 4459 3030 4529 σαρκὶ,
3059 4462 3223 4531 φησιν
3251 4460 3284 4529 ὴ
3314 4457 3506 4528 Γραφή
3526 4476 3541 4489 -
3578 4450 3666 4505 καὶ
3694 4443 3782 4499 πά-

538 4543 769 4599 vinitate
798 4559 920 4608 sua,
956 4544 1250 4613 animaque
1286 4541 1606 4603 descendit;
1641 4542 1913 4610 captivam
1968 4541 2121 4596 ducit

540 4634 955 4704 captivitatem;
998 4648 1064 4687 ac
1106 4633 1270 4688 tertio
1314 4630 1404 4686 die
1448 4646 1573 4685 cum
1615 4631 1967 4686 sanctissimo
2019 4647 2120 4687 suo

539 4741 773 4797 corpore
819 4725 886 4779 ad
924 4724 1092 4781 vitam
1132 4727 1424 4781 excitatur.
1457 4722 1614 4790 Quod
1665 4722 1884 4795 quidem
1916 4738 2119 4794 corpus

540 4835 720 4890 neque
760 4818 1167 4876 dissolvendum
1207 4817 1466 4887 amplius,
1510 4831 1611 4871 nec
1652 4831 1968 4888 passurum,
2018 4831 2120 4872 nec

540 4911 644 4968 sub
672 4910 867 4967 mortis
917 4907 1258 4965 dominatum
1289 4916 1477 4979 postea
1523 4922 1807 4963 cessurum
1852 4923 2120 4963 cum-sua

540 5003 829 5059 divinitate
871 5002 1177 5072 conjunxit.
1219 4999 1277 5055 id
1325 4999 1470 5071 quod
1512 4998 1760 5070 Apostoli
1806 5000 2121 5057 testimonio

541 5096 972 5166 comprobatur:
1012 5092 1183 5160 Mors,
1217 5094 1416 5166 inquit,
1456 5110 1561 5148 non
1596 5093 1828 5163 amplius
1870 5094 1919 5148 ei
1949 5092 2122 5149 domi-

543 5188 763 5242 nabitur
794 5189 835 5244 ³.

613 5276 703 5331 Ill.
738 5277 853 5338 Hoc
896 5283 1067 5355 igitur
1104 5283 1286 5355 ipsum
1329 5294 1554 5350 corpus,
1601 5293 1822 5335 carnem
1860 5279 2034 5350 ipsam
2069 5288 2125 5334 et

546 5366 811 5434 animum,
860 5375 981 5446 ipsa
1020 5375 1222 5445 quibus
1270 5371 1559 5428 constabat
1595 5373 1801 5438 omnia,
1831 5386 1940 5425 non
1974 5370 2123 5426 aliud

543 5452 842 5522 quidquam
870 5472 1066 5534 praeter
1092 5480 1282 5521 verum
1305 5478 1528 5534 corpus,
1555 5463 1649 5518 sed
1675 5463 1966 5533 ipsummet
1988 5462 2121 5517 illud

542 5543 840 5607 κνῆ-σωκειί
871 5552 1133 5622 perfudit,
1157 5563 1211 5610 et
1246 5555 1303 5609 in
1332 5568 1502 5609 unum
1535 5553 1809 5623 idemque,
1847 5553 1900 5607 in
1934 5568 2120 5621 unam,

626 5696 646 5724 ¹
680 5693 700 5747 1
729 5695 881 5761 Petr.
916 5722 992 5772 tv,
1032 5707 1080 5760 1.
1159 5713 1178 5742 ²
1207 5710 1223 5765 1
1249 5709 1397 5768 Petr.
1430 5726 1513 5775 ιιι,
1550 5713 1643 5773 _-|8.
1722 5716 1740 5747 ³
1774 5715 1930 5771 Rom.
1958 5729 2033 5779 Vt,
2064 5713 2119 5767 9ο

2228 4551 2311 4609 λιν
2327 4573 2340 4587 ·
2376 4554 2744 4620 Θανατωθείς
2771 4552 2969 4623 σαρκί,
2996 4550 3378 4622 ζωογοηθείς
3403 4547 3473 4602 δὲ
3496 4542 3777 4611 πνεύματι.

2228 4647 2321 4701 καὶ
2363 4645 2435 4700 τὰ
2485 4645 2633 4716 ἑξῆς.
2663 4643 3019 4716 Σταυροῢται,
3050 4643 3334 4708 θάπτεται,
3372 4640 3691 4710 κατέρχεται
3713 4629 3780 4688 εἰς

2226 4739 2297 4793 τὰ
2323 4739 2651 4810 καταχθόνια
2680 4741 2737 4792 ὲν
2763 4737 2978 4808 θεότητι
3003 4737 3097 4790 καὶ
3122 4736 3179 4789 ἐν
3200 4734 3344 4805 ψυχῇ
3364 4747 3378 4762 ⁸
3410 4719 3777 4803 αἰχμαλωτεύει

2227 4832 2326 4901 τὴν
2360 4829 2757 4901 αἰχμαλωσίαν,
2778 4828 2873 4883 καὶ
2898 4827 3183 4882 ἀνίσταται
3216 4827 3282 4897 τῇ
3309 4822 3468 4896 τρίτῃ
3495 4817 3669 4894 ἡμέρα
3696 4811 3777 4863 σὺν

2228 4921 2377 4994 αύτῷ
2407 4921 2486 4993 τῷ
2513 4922 2653 4992 ἁγίῳ
2686 4919 2921 4992 σώματι,
2954 4919 3258 4983 συνενώσας
3285 4917 3349 4971 τὸ
3376 4915 3533 4988 σῶμα
3578 4913 3640 4981 τῇ
3680 4901 3778 4994 θεόξ

2228 4991 2371 5087 τητιν,
2408 4991 2921 5085 μηκέτιλυόμενον,
2967 5012 3164 5082 μηκέτι
3209 5010 3436 5079 πάσχον,
3474 5002 3659 5080 μηκέτι
3688 4991 3776 5087 into

2231 5081 2483 5160 θανάτου⁷
2512 5081 2921 5177 κυριευόμενον,
2949 5081 3036 5166 ὣς
3055 5118 3218 5172 φησιν
3249 5102 3278 5155 ὁ
3306 5096 3650 5154 Ἀπόστολος’
3681 5081 3775 5138 θά-

2227 5213 2409 5261 νατος
2436 5194 2624 5250 αὑτοῦ
2650 5193 2852 5251 οὐκέτι
2874 5194 3153 5263 κυριεύει.

2298 5288 2372 5341 Γν.
2416 5287 2557 5341 Αὐτὸ
2583 5285 2742 5358 σῶμα
2772 5284 3060 5356 ἀληθινῶς,
3083 5282 3249 5354 αὐτὴν
3281 5283 3380 5355 τὴν
3407 5283 3597 5352 σάρκα,
3625 5264 3772 5358 atris)

2228 5379 2327 5451 τὴν
2362 5378 2561 5450 ψυχὴν,
2586 5356 2725 5431 αὐτὰ
2749 5377 2817 5431 τὰ
2845 5379 3022 5433 πάντα
3045 5421 3061 5445 ,
3093 5379 3193 5431 οὐκ
3225 5375 3351 5431 ἄλλο
3383 5392 3436 5427 τι
3464 5366 3605 5440 παρὰ
3635 5359 3690 5414 τὸ
3722 5356 3772 5451 ἦν

2235 5446 2392 5541 σῷμα
2411 5446 2572 5537 ,ψάλλ’
2606 5469 2741 5523 αὐτὸ
2772 5471 2833 5523 τὸ
2859 5469 2918 5523 ὃν
2956 5467 3376 5539 ἐνδυναμώσας,
3406 5467 3483 5528 εἰς
3525 5458 3646 5531 μίαν
3674 5446 3770 5541 ἑνός

2233 5576 2403 5631 τητα,
2437 5562 2514 5623 εἰς
2555 5558 2682 5629 μίαν
2721 5558 2985 5631 θεότητα,
3027 5561 3087 5613 τὸ
3120 5556 3380 5630 σαρκικδν
3421 5550 3694 5625 ἄφθαρτονι
3720 5531 3771 5587 τδ

3669 322 3851 380 εἶϐε
