4022 6470
227 381 330 435 ‘277

911 372 1284 428 ADVERSUS
1322 372 1664 455 HA‘JRESES
1700 373 1830 431 LIB.
1874 377 1914 431 Ι.
1958 376 2120 433 ΤΟΜ.
2164 377 2201 433 Ι.
2244 411 2311 418 ——
2353 378 2627 437 ":EBES.
2663 380 2783 439 XX.

3393 391 3499 449 278

229 490 553 564 σωματικὸν
584 487 950 559 πνευματικὸν
971 530 985 554 ,
1011 489 1072 542 τὸ
1113 505 1327 559 παχυμε
1340 489 1429 560 ρὲς
1462 470 1812 560 λεπτομερὲς,

1924 489 2527 561 inquam,divinitatem
2570 496 2953 565 consociavit;
2991 505 3050 553 ut
3085 506 3140 556 et
3170 517 3335 559 carne
3361 519 3498 560 con-

204 589 285 641 Δτι
309 586 513 656 θνητὸν
551 583 845 649 ἀθάνατον,
872 578 946 652 μὴ
969 581 1211 653 ἑωρακὸς
1234 582 1370 645 ὅλως
1395 580 1713 652 διαφθορὰν.
1742 581 1816 652 μὴ

228 674 690 745 καταλειφθείσης
718 673 821 743 τῆς
857 671 1039 743 ψυχῆς
1081 674 1139 726 ὲν
1171 666 1306 743 ᾅδῃ,
1346 670 1419 742 μὴ
1466 670 1817 743 μερισθέντος

225 768 317 821 τοῦ
354 766 598 839 ὀργάνου
632 764 770 836 πρὸς
808 764 1100 836 ἁμαρτίαν.
1137 764 1209 834 μὴ
1236 763 1560 834 χρανθέντος
1598 763 1693 815 τοῦ
1724 761 1816 817 νοῦ

225 860 398 929 τροπῇ
426 896 441 919 ,
473 855 614 909 ἀλλὰ
639 856 708 910 τὰ
735 855 834 911 ὅλα
866 856 968 926 μὲν
1001 855 1291 927 ἀνθρώπου
1324 854 1503 909 λαθὼν
1523 898 1539 921 ,
1575 854 1818 924 φυλάξας

228 950 279 1002 δὲ
309 949 408 1003 ὅλα
433 949 622 1002 τέλεια
663 947 1053 1010 ὲπιδεδωκυίας
1079 947 1178 1017 τῆς
1208 947 1463 1016 θεότητος
1487 950 1553 1019 τῇ
1589 946 1817 1020 ἀληθινῇ

229 1040 645 1110 ὲνανθρωπήσει
694 1040 830 1111 πρὸς
871 1038 970 1102 τὰς
1015 1038 1269 1107 εὐλόγους
1313 1040 1538 1111 χρείας,
1580 1039 1724 1113 λέγω
1751 1041 1817 1113 δὴ

231 1132 326 1205 τὰς
359 1132 426 1183 ἐκ
456 1128 713 1199 σώματός
748 1147 808 1182 τε
841 1129 936 1183 καὶ
961 1129 1138 1200 ψυχῆς
1157 1171 1170 1194 ,
1200 1130 1295 1182 καὶ
1323 1131 1390 1182 ὲκ
1415 1129 1506 1183 νοῦ
1539 1112 1815 1202 ἀνθρωπίέ

232 1239 317 1275 νου
342 1220 788 1292 ἐπιζητουμένας
820 1220 915 1292 τὴν
943 1221 1339 1293 πληροφορίαν,
1376 1221 1625 1276 τουτέστι
1652 1221 1813 1296 πείνῃ

237 1316 321 1369 καὶ
355 1314 499 1385 δίψει
521 1354 536 1378 ,
571 1312 834 1384 κλαυθμῷ
861 1329 920 1365 τε
948 1314 1041 1367 καὶ
1073 1313 1283 1385 ἀθυμίᾳ
1303 1353 1317 1379 ,
1343 1312 1601 1385 δακρύσει
1628 1330 1688 1365 τε
1712 1315 1819 1369 ,καὶ

237 1408 379 1478 ὕπνῳ
408 1406 508 1460 καὶ
540 1404 867 1461 ἀναπαύσει.
912 1402 1099 1458 Ταῦτα
1137 1404 1246 1475 γὰρ
1279 1405 1376 1475 οὐχ
1424 1405 1697 1475 ἁμαρτίας
1735 1400 1816 1457 εἶ-

235 1498 345 1563 δος,
391 1497 509 1551 ἀλλ’
561 1497 1025 1569 ὲνανθρωπήσεως
1080 1495 1453 1568 ἀληθεστάτης
1504 1495 1812 1566 γνώρισμα,

236 1588 453 1662 ἀληθείᾳ
480 1589 587 1660 τῆς
622 1588 872 1659 θεότητος
902 1586 1170 1656 συνούσης
1199 1590 1264 1658 τῇ
1301 1586 1682 1659 ἀνθρωπότητι
1706 1624 1720 1650 ,
1752 1587 1814 1639 οὐ

238 1680 301 1735 τὰ
327 1679 650 1753 ἀνθρώπινα
685 1678 1023 1750 πισχούσηςζ
1052 1678 1191 1731 ἀλλὰ
1212 1678 1313 1748 τῆς
1341 1677 1596 1747 θεότητος
1626 1694 1817 1729 συνευσ-

237 1773 489 1843 δοκούσης
528 1773 613 1836 είς
640 1771 710 1826 τὰ
746 1770 963 1839 εὔλογα,
992 1770 1086 1824 καὶ
1112 1770 1182 1823 τὰ
1213 1770 1372 1833 ἐκτὸς
1405 1767 1682 1840 ἁμαρτίας
1720 1767 1815 1821 καὶ

239 1865 432 1936 τροπῆς
466 1864 964 1936 ἀπηγορευμένης;
996 1863 1194 1935 ἀνέστη
1218 1903 1234 1928 ,
1265 1862 1359 1916 καί
1390 1861 1570 1933 θυρῶν
1596 1861 1808 1919 κεκλειο

238 1957 436 2027 σμένων
464 1955 740 2027 εἰσῆλθεν,
776 1957 863 2010 ἵνα
886 1956 946 2010 τὸ
976 1955 1289 2026 παχυμερὲς
1319 1955 1654 2031 λεπτομερὲς
1676 1955 1816 2008 ἀπο-

235 2046 406 2119 δείξῃ,
433 2047 574 2101 αὐτὸ
608 2048 668 2101 τὸ
696 2046 755 2100 ὃν
790 2048 885 2102 σὺν
921 2047 1087 2118 σαρκὶ
1114 2047 1212 2100 καὶ
1253 2046 1480 2111 ὀστέοις.
1511 2045 1668 2100 Μετὰ
1705 2045 1814 2118 γὰρ

237 2139 293 2191 τὸ
331 2137 622 2205 εἰσελθεῖν,
667 2138 836 2206 ἔδειξε
885 2141 1076 2210 χεῖρας
1104 2138 1197 2192 καὶ
1226 2137 1394 2201 πόδας
1437 2138 1530 2191 καὶ
1570 2137 1813 2208 πλευρὰν

237 2230 583 2302 νενυτμένην,
613 2230 774 2285 ὀστέα
803 2247 863 2284 τε
892 2231 985 2284 καὶ
1027 2230 1195 2301 νεῦρα
1215 2269 1229 2292 ,
1273 2229 1369 2283 καὶ
1398 2228 1565 2284 τᾶλλα
1585 2269 1598 2292 ,
1632 2229 1706 2292 ὼς
1737 2227 1812 2300 μὴ

237 2320 362 2376 εῐναι
384 2323 694 2393 φαντασίαν
719 2322 789 2375 τὰ
816 2322 1090 2393 ὁρώμενα.
1119 2320 1366 2384 Πίστεώς
1388 2338 1449 2374 τε
1474 2321 1567 2374 καὶ
1594 2318 1812 2383 ἐλπίδος

237 2413 324 2484 τῆς
360 2413 643 2485 ἡμετέρας
668 2412 767 2483 τὴν
794 2413 1085 2483 ὑπόσχεσιν
1125 2414 1363 2466 ἐποιεῖτο
1403 2411 1469 2465 δι’
1500 2408 1693 2464 ἑαυτοῦ
1741 2408 1812 2463 τά

239 2504 324 2558 ὅλα
352 2504 600 2566 τελείως.
643 2505 754 2559 Καὶ
785 2502 1128 2568 συναλίζεται
1156 2505 1216 2557 ού
1246 2503 1489 2575 δοκήσει,
1518 2502 1655 2557 ἀλλὰ
1679 2495 1839 2574 ἀλη-’

241 2593 373 2667 θείᾳ·
410 2594 689 2649 παιδεύων
737 2612 797 2647 τε
840 2594 1045 2658 ἐδίδαξε
1100 2593 1375 2665 βασιλείαν
1417 2592 1662 2665 οὐρανῶν
1710 2609 1811 2664 κη-

245 2686 440 2759 ρύσσειν
468 2689 525 2741 ἐν
552 2686 812 2758 ἀληθείᾳ,
861 2687 922 2740 τὸ
953 2686 1097 2758 μέγα
1128 2688 1222 2740 καὶ
1251 2685 1679 2757 κορυφαιότατον
1709 2701 1809 2755 ση-

245 2779 428 2849 μαίνων
447 2782 562 2843 τοῖς
605 2779 894 2850 μαθηταῖς,
932 2781 1027 2832 καὶ
1055 2779 1230 2849 λέγων
1250 2795 1264 2807 ·
1290 2778 1719 2845 Μαθητεύσατε
1740 2775 1816 2830 τὰ

241 2868 394 2937 ﬁdi-13'
422 2871 680 2925 τουτέστι
715 2870 1081 2940 μεταϐάλλετε
1113 2869 1180 2924 τὰ
1210 2868 1337 2940 έθνη
1371 2868 1479 2922 ἀπὸ
1510 2867 1707 2932 κακίας
1731 2870 1811 2932 είς

239 2961 509 3034 ἀλήθειανς
548 2963 672 3022 ἀπὸ
712 2963 976 3037 αἱρέσεων
1021 2964 1102 3025 είς
1136 2963 1264 3034 μίαν
1296 2963 1546 3033 ἑνότητα.
1590 2963 1812 3021 Bttth-

242 3070 370 3110 σατε
394 3057 627 3124 αὐτοὺς
648 3059 736 3122 εἰς
758 3057 947 3127 ὄνομα
972 3054 1202 3124 Πατρός
1222 3054 1321 3108 καὶ
1347 3054 1485 3109 Υίοῦ
1510 3053 1611 3108 καὶ
1637 3054 1813 3124 ἁγίου

1924 589 2077 635 stans
2122 590 2175 634 et
2221 581 2623 653 incorruptum,
2659 598 2984 656 corporeum
3025 588 3190 643 simul
3235 605 3298 645 ac
3330 593 3495 662 spiri-

1920 672 2088 737 tualc,
2120 679 2446 727 concretum
2494 688 2556 728 ac
2588 682 2773 738 tenue,
2822 679 3050 733 mortale
3083 680 3288 750 pariter
3334 691 3498 754 atquo

1922 761 2229 819 immortale
2260 764 2390 818 illud
2421 773 2599 820 esset:
2630 766 2773 836 quod
2804 769 2952 824 nulla
2983 772 3208 825 omnino
3235 774 3359 829 tabe
3382 774 3498 829 dis-

1921 854 2163 909 solutum
2198 853 2415 922 fuerat;
2449 874 2622 927 neque
2651 861 2772 930 ejus
2803 862 2985 917 anima
3019 865 3160 934 apud
3189 866 3397 923 i’nferos
3421 884 3503 923 re-

1921 944 2070 1008 licta,
2107 961 2206 1000 nec
2242 946 2419 1016 ipsum
2451 950 2596 1002 velut
2629 950 3054 1007 instrumentum
3080 956 3351 1024 quoddam
3402 958 3502 1010 ali-

1921 1050 2030 1107 qua
2059 1051 2125 1089 ex
2157 1045 2312 1106 parte
2343 1039 2552 1107 peccati
2583 1039 2637 1092 in
2666 1038 2986 1110 obsequium
3032 1041 3363 1112 impensum,
3397 1060 3498 1100 ne-

1921 1143 2027 1197 que
2065 1143 2220 1183 mens
2255 1128 2362 1182 ulla
2394 1138 2507 1183 erat
2547 1130 2600 1184 in
2650 1130 2895 1187 deterius
2933 1134 3238 1188 mutatione
3270 1135 3494 1204 polluta.

1924 1216 2032 1272 Sed
2082 1217 2154 1272 ita
2198 1218 2301 1274 sibi
2350 1220 2536 1274 omnia
2592 1236 2712 1291 qua:
2766 1222 3045 1278 hominum
3094 1225 3328 1294 prapria'
3370 1235 3500 1281 sunt

1920 1308 2178 1372 adscivit,
2213 1311 2401 1365 eadem
2440 1321 2498 1367 ut
2540 1313 2754 1384 integra
2782 1322 3045 1378 servaret,
3076 1331 3198 1384 qua:
3225 1330 3366 1370 verae
3396 1317 3495 1382 illi,

1919 1415 2082 1470 quam
2109 1400 2215 1455 sibi
2241 1403 2656 1471 conciliaverat,
2676 1416 2885 1460 natura:
2907 1408 3251 1461 necessarios
3270 1407 3334 1461 ad
3364 1424 3501 1464 usus

1918 1490 2179 1546 divinitas
2222 1502 2600 1559 concesserat,
2632 1511 2769 1551 usus
2804 1496 3064 1550 nimirum
3116 1498 3256 1562 illos,
3304 1499 3398 1568 qui
3439 1506 3500 1554 ut

1918 1598 2042 1639 esse
2078 1586 2295 1654 penitus
2334 1588 2547 1658 possint
2588 1592 2784 1660 partim
2811 1591 3062 1659 corporis
3085 1598 3264 1660 egent,
3296 1589 3497 1660 partim

1917 1677 2107 1740 animi,
2156 1686 2318 1749 atque
2366 1680 2618 1735 humanae
2666 1683 2867 1736 mentis
2900 1674 3499 1750 adminiculozc'ujus-

1918 1768 2066 1823 modi
2111 1778 2239 1824 sunt
2273 1771 2467 1836 fames,
2498 1773 2640 1836 sitis,
2675 1772 2859 1838 ﬁctus,
2902 1788 2965 1827 ac
3006 1773 3184 1838 dolor,
3221 1774 3496 1845 lacrymze.

1919 1875 2147 1918 somnus
2167 1878 2231 1917 ac
2255 1867 2494 1935 requies.
2523 1864 2647 1920 Haec
2672 1869 2820 1921 enim
2843 1867 3024 1922 omnia
3050 1869 3199 1922 nulla
3224 1867 3498 1923 infuscata

1918 1954 2127 2023 peccati
2179 1956 2396 2024 specie,
2442 1968 2711 2028 suscepta:
2757 1960 2940 2031 reipsa
2995 1969 3207 2015 natura:
3257 1959 3500 2013 hominis

1918 2055 2239 2116 argumenta
2274 2048 2582 2113 continent,
2613 2065 2720 2119 qua
2752 2066 2875 2104 cum
2908 2066 3034 2105 vere
3068 2050 3387 2105 consociata
3415 2050 3502 2104 di-

1919 2132 2120 2192 vitiitas
2145 2139 2444 2193 humanum
2481 2149 2663 2195 tamen
2692 2143 2894 2211 patitur
2920 2142 3079 2206 nihil,
3119 2142 3337 2197 tametsi
3376 2156 3516 2211 qua:

1916 2229 2114 2283 rationi
2167 2240 2537 2286 consentanea
2594 2231 2807 2299 forent,
2853 2239 2907 2287 et
2954 2236 3022 2286 ab
3068 2233 3215 2285 omni
3267 2233 3495 2297 scelere;

1917 2324 2080 2388 atque
2111 2319 2166 2375 in
2201 2321 2354 2390 pejus
2385 2323 2690 2377 mutatione
2722 2322 2914 2392 procul
2945 2331 3152 2385 essent,
3190 2322 3493 2377 admiserit.

1915 2406 1998 2462 Ad
2029 2409 2145 2464 haec
2172 2412 2442 2468 excitatus
2474 2428 2505 2467 a
2541 2422 2716 2468 morte
2746 2415 2998 2469 Christus
3029 2415 3272 2470 occlusis
3310 2414 3517 2483 januis.

1916 2498 2196 2573 ingressus
2225 2514 2328 2569 est,
2370 2505 2450 2559 nti
2481 2506 2626 2574 quod
2672 2507 2951 2561 hactenus.
2983 2523 3232 2563 crassum
3268 2523 3499 2563 concre-

1914 2599 2140 2663 tumque
2179 2594 2356 2649 fuerat
2393 2611 2615 2666 corpus,
2661 2596 2852 2651 eadem
2881 2612 3006 2652 cum
3042 2611 3207 2652 carne
3247 2597 3499 2652 ossibus-

1913 2699 2020 2752 que
2068 2692 2229 2741 tenue
2262 2700 2326 2742 ac
2359 2688 2558 2743 subtile
2590 2704 2713 2744 esse
2740 2695 3093 2744 monstraret.
3128 2688 3323 2743 Statim
3353 2691 3501 2745 enim

1916 2783 2085 2846 atque
2120 2778 2493 2849 introgressus
2524 2786 2610 2835 est
2641 2795 2840 2835 manus
2870 2796 2934 2834 ac
2971 2781 3156 2851 pedes,
3189 2789 3242 2835 et
3270 2780 3497 2835 confes.

1914 2881 2036 2921 sum
2086 2867 2231 2924 latus
2279 2885 2405 2924 cum
2455 2870 2678 2927 ossibus
2710 2886 2774 2924 ac
2812 2872 2995 2927 nervis
3047 2871 3323 2926 ostendit:
3362 2870 3501 2926 adeo

1913 2972 2035 3027 qua:
2065 2967 2176 3012 tum
2213 2960 2540 3015 videbantur
2574 2962 2752 3019 solida
2784 2972 2960 3026 erant,
2996 2978 3098 3018 nec
3121 2963 3305 3032 specie
3336 2969 3500 3017 tenus

1912 3052 2225 3107 exstabant.
2255 3054 2469 3119 Quibus
2493 3054 2656 3109 rebus
2681 3069 2871 3109 eorum
2902 3054 3173 3118 omnium,
3197 3070 3319 3124 qua:
3352 3054 3497 3119 ﬁdei,

241 3150 560 3219 Πνεὺματος
594 3167 607 3181 ·
645 3152 725 3214 εἰς
761 3150 859 3221 τὴν
886 3148 1172 3221 Κυριακὴν
1197 3148 1493 3219 ὀνομασίαν
1520 3148 1619 3218 τῆς
1643 3146 1811 3217 Τριάσ

1915 3145 2140 3215 speique
2183 3153 2386 3200 nostrae
2431 3144 2539 3215 50
2581 3146 2864 3216 proposita
2912 3152 3063 3209 sunt,
3096 3147 3496 3216 promissorum

243 3240 349 3309 δος,
375 3243 467 3316 τὴν
498 3244 673 3315 ἁγίαν
718 3244 812 3297 καὶ
852 3243 1133 3315 βασιλικὴν
1176 3242 1481 3315 σφραγῖδα·
1528 3241 1614 3294 ἵνα
1654 3239 1804 3309 δείξῃ

247 3331 304 3385 ὲκ
335 3332 420 3387 τοῦ
446 3335 718 3407 ὀνόματος
758 3334 1025 3406 μηδεμίαν
1053 3334 1335 3387 ἀλλοίωσιν
1372 3328 1511 3385 εἶναι
1542 3331 1641 3402 τῆς
1676 3331 1808 3400 μιᾶς

250 3422 489 3496 ἑνότητος.
518 3427 701 3481 Ὅπου
733 3424 839 3499 γὰρ
870 3426 918 3479 οἱ
946 3425 1331 3496 βαπτιζόμενοι
1361 3422 1675 3477 κελεύονται
1713 3421 1804 3474 ὑπ’

249 3514 392 3569 αὐτοῦ
423 3520 505 3582 εὶς
531 3519 728 3587 ὄνομα
766 3517 1014 3585 Πατρός,
1047 3516 1295 3586 ἀσφαλὴς
1324 3516 1357 3585 ἡ
1384 3513 1691 3582 δοξολογία’
1718 3514 1807 3577 εἰς

251 3603 413 3675 ὄνομα
447 3609 604 3673 Υίοῦ,
642 3609 745 3663 οὐκ
769 3609 1084 3672 ἀποδέοντας
1107 3610 1140 3680 ή
1166 3606 1478 3676 ἐπίκλησις·
1509 3607 1597 3670 είς
1620 3604 1810 3674 ὄνομα

251 3694 398 3763 ἁγίου
421 3701 797 3769 Πνεύματος,
823 3700 883 3752 ού
908 3699 1234 3772 διῃρημένος
1265 3699 1293 3750 ὁ
1322 3696 1621 3768 σύνδεσμος
1639 3739 1654 3764 ,
1682 3694 1808 3750 οὕτε

253 3783 738 3864 ἀπηλλοτριωμένος
762 3792 861 3862 τῆς
890 3793 1017 3863 μιᾶς
1048 3775 1299 3861 θεότητος
1333 3789 1471 3861 ἔχων
1501 3789 1601 3859 τὴν
1634 3804 1808 3859 σφρα-

252 3879 371 3940 vita.

1912 3253 2010 3309 per
2038 3244 2159 3292 seSe
2197 3238 2481 3292 veritatem
2515 3239 2733 3308 penitus
2759 3239 3103 3309 approbavit.
3141 3238 3341 3295 Postea
3386 3256 3501 3293 non

1916 3330 2039 3383 ﬁcta
2073 3329 2338 3383 duntaxat
2369 3328 2627 3399 imagine,
2660 3330 2753 3384 sed
2790 3331 2971 3399 reipsa
3004 3346 3126 3384 cum
3165 3331 3283 3385 suis
3312 3332 3511 3400 epula-

1917 3431 2004 3477 tus
2034 3420 2254 3477 eosdem
2291 3421 2550 3484 instituit,
2592 3437 2655 3477 ac
2681 3423 2904 3479 cmleste
2942 3407 3169 3493 regnum
3200 3438 3323 3476 cum
3353 3423 3498 3477 veri-

1912 3524 2020 3570 tate
2066 3515 2323 3569 nuntiare
2368 3513 2555 3568 docuit
2594 3532 2606 3568 :
2667 3522 2783 3569 tum
2841 3527 2990 3568 cum‘
3021 3515 3321 3568 maximum
3365 3514 3515 3568 illud

1916 3605 2184 3675 longeque
2221 3606 2558 3677 prmcipuum
2611 3622 2877 3661 arcanum
2924 3606 3213 3677 discipulis
3259 3608 3494 3678 aperuit.

1914 3694 2578 3766 Docete,inquit’,omnes
2607 3708 2803 3768 gentes.
2833 3697 2950 3752 Hoc
2982 3708 3094 3753 est:
3129 3699 3208 3753 Ab
3234 3699 3500 3769 improbi-

1914 3795 2028 3843 tate
2058 3786 2181 3843 illas
2209 3787 2276 3842 ad
2305 3788 2591 3844 veritatem
2616 3806 2630 3854 ;
2666 3789 2733 3843 ab
2763 3791 2927 3844 sectis
2957 3790 3122 3845 variis
3154 3790 3220 3844 ad
3247 3791 3499 3859 ejusdem

1914 3877 2189 3948 dogmatis
2229 3882 2671 3935 communionem
2722 3881 3013 3937 traducite.
3077 3883 3356 3951 Baptizate
3409 3901 3501 3939 eos

252 3973 297 4025 in
327 3977 519 4031 nomine
551 3976 764 4044 Patris,
820 3985 870 4032 et
918 3974 1073 4041 Filii,
1147 3986 1199 4030 et
1251 3974 1484 4045 Spiritus
1545 3974 1755 4039 sancti;
1813 3971 2073 4027 nimirum
2125 3972 2180 4026 in
2240 3972 2519 4028 Dominica
2568 3973 2856 4048 Trinitatis
2910 3977 3291 4046 appellatione,
3349 3978 3499 4050 quod

253 4064 405 4135 ipsum
432 4081 844 4128 sacrosanctum
883 4079 986 4137 est,
1037 4087 1100 4127 ac
1137 4072 1348 4143 regium
1392 4071 1650 4140 signum;
1697 4083 1808 4139 quo
1846 4068 1931 4123 vel
1983 4067 2104 4137 ipso
2152 4068 2378 4123 nomine
2415 4070 2771 4140 signiﬁcaret,
2815 4071 2952 4124 nihil
3002 4086 3124 4125 esse
3176 4070 3246 4125 ab
3290 4071 3503 4125 unitate

251 4157 521 4218 diversum.
565 4165 711 4219 Cum
745 4166 890 4220 enim
938 4165 1203 4236 baptizari
1251 4166 1501 4221 homines
1541 4163 1698 4233 jubet
1742 4164 1799 4215 in
1861 4163 2070 4216 nomine
2100 4158 2307 4223 Patris,
2336 4162 2491 4216 ﬁrma
2531 4178 2595 4217 ac
2628 4163 2840 4219 stabilis
2892 4171 2975 4219 est
3001 4164 3188 4234 gloriae
3233 4163 3500 4233 praedica-

252 4247 335 4304 tio.
379 4250 527 4318 Quod
572 4270 711 4311 vero
752 4255 971 4311 additur
1029 4258 1084 4311 in
1123 4258 1331 4312 nomine
1376 4254 1531 4324 Filii,
1600 4256 1750 4311 nulla
1790 4269 1851 4310 re
1905 4254 2053 4309 hunc
2093 4268 2124 4307 a
2175 4264 2405 4324 paterna
2447 4253 2712 4323 dignitate
2752 4252 2984 4308 deﬁcere
3031 4254 3324 4323 appellatio
3372 4253 3495 4323 ipsa

184 4388 191 4411 ,
256 4340 486 4403 declarat.
520 4349 811 4406 Postremo
842 4351 913 4406 iis
950 4351 1005 4406 in
1031 4352 1236 4415 verbis,
1270 4353 1327 4407 in
1370 4353 1581 4408 nomine
1627 4349 1861 4421 Spiritus
1913 4347 2121 4415 sancti,
2174 4347 2325 4402 nulla
2371 4354 2455 4402 est
2501 4346 2909 4418 conjunctionis
2963 4346 3197 4411 divisio,
3255 4345 3502 4400 varietas

254 4436 408 4506 nuila;
438 4443 528 4497 sed
572 4444 741 4499 unius
785 4434 1090 4501 divinitatis
1132 4446 1284 4501 velut
1330 4447 1547 4519 signum
1589 4448 1977 4516 repraesentat.

311 4529 381 4582 Δ’.·
414 4533 520 4587 Καὶ
551 4534 832 4607 ἀνελήφθη
885 4537 965 4600 είς
1009 4537 1237 4610 ούρανὺν
1280 4542 1337 4594 ὲν
1377 4538 1529 4610 αύτῷ
1572 4538 1652 4610 τῷ
1701 4537 1807 4593 odi-

1985 4529 2074 4587 IV.
2105 4529 2353 4602 Denique
2395 4531 2585 4587 eodem
2614 4546 2740 4586 cum
2774 4545 3007 4602 corpore
3039 4538 3094 4586 et
3123 4531 3305 4586 anima
3339 4544 3498 4587 men—

259 4632 399 4687 ματι,
430 4626 523 4678 καὶ
547 4629 616 4696 τῇ
648 4625 832 4698 ψυχῇ,
868 4627 962 4680 καὶ
991 4627 1070 4699 τῷ
1102 4628 1198 4700 νῷ,
1226 4628 1541 4692 συνενώσας
1562 4630 1640 4692 είς
1678 4629 1813 4700 μίαν

259 4705 455 4781 ἱνάιητα
491 4717 585 4769 καὶ
631 4717 761 4787 μίαν
802 4718 1181 4790 πνευματικὴν
1217 4718 1538 4776 ὑπόστασιν.
1575 4720 1685 4774 Καὶ
1723 4718 1809 4774 ἐν·

253 4796 357 4852 θεον
398 4804 758 4870 ἀποτελέσας,
808 4806 1061 4860 ἐκάθισεν
1108 4808 1170 4861 ὲν
1220 4807 1369 4880 δεξιᾷ
1418 4806 1513 4862 τοῦ
1560 4810 1807 4881 Πατρὸς,

262 4888 449 4961 πέμψας
490 4898 740 4967 κήρυκας
772 4899 850 4962 είς
884 4897 1014 4969 ὃλην
1048 4899 1150 4971 τὴν
1191 4899 1540 4971 οἰκουμένην,
1587 4900 1811 4972 Σίμωνα

261 4973 466 5050 Πέτρον,
502 4987 598 5039 καὶ
648 4985 902 5057 Ἀνδρέαν
929 4985 1023 5039 τὸν
1046 4986 1275 5057 ἀδελφὸν
1307 4986 1508 5051 αὐτοῦ,
1552 4988 1811 5042 Ἰάκωϐον

252 5067 336 5120 καὶ
367 5072 610 5148 Ἰωάννην
641 5076 768 5140 τοὺς
796 5079 946 5142 υἱοὺς
974 5078 1280 5145 Ζεϐεδαίου,
1311 5079 1407 5144 οὒς
1434 5076 1602 5133 πάλαι
1628 5079 1809 5146 ἐξελέ-

261 5150 395 5216 ξιτο’
421 5164 681 5221 Φίλιππον
725 5168 821 5222 καὶ
867 5167 1272 5240 Βαρθολομαῖον
1291 5209 1306 5235 ,
1336 5169 1648 5237 Ματθαῖον,
1687 5169 1806 5223 Θω-

262 5245 352 5308 μᾶν
379 5266 436 5303 τε
473 5256 566 5309 καὶ
606 5256 833 5323 Ἰούδαν,
882 5258 978 5312 καὶ
1007 5258 1297 5327 Θαδδαῖον,
1335 5258 1555 5331 Σίμωνα
1584 5259 1676 5313 τὸν
1702 5260 1811 5331 Ζη-

234 5333 429 5406 λωτὴν.
466 5343 663 5413 Ἰούδας
688 5348 799 5421 γὰρ
828 5352 857 5403 ὁ
897 5347 1252 5422 Ἰσκαριώτης
1271 5388 1288 5415 ,
1319 5351 1368 5404 εί
1401 5349 1496 5403 καὶ
1530 5348 1723 5420 πρώην
1752 5351 1813 5404 ὲν

257 5428 354 5516 τοῖς
379 5429 575 5492 δώδεκα
602 5438 915 5512 ἐψηφίζετο,
944 5443 1207 5516 προδότης
1224 5442 1532 5514 γενόμενος,
1562 5443 1806 5516 ἀπετμήα

266 5507 320 5603 θη
352 5518 436 5572 τοῦ
473 5525 620 5594 ἁγίου
644 5507 767 5585 -τιῖλν
798 5507 1109 5587 ἀποστόλων
1141 5507 1466 5603 καταλόνου.
1499 5507 1814 5587 ’Ἀπέστειλε

267 5595 317 5654 δι
342 5609 425 5661 καὶ
454 5613 639 5682 ἄλλους
666 5595 1476 5696 ἐϐδομηκονταδύοκηρύττειν,
1499 5622 1559 5691 ἐξ
1576 5618 1651 5683 ὧν
1672 5620 1817 5699 ἦσαν

335 5778 348 5807 ¹
376 5778 549 5842 Matth.
585 5807 774 5864 uvm,
804 5794 891 5851 i9.

1913 4631 2077 4693 teque
2135 4622 2202 4677 ad
2253 4638 2482 4693 superos
2525 4630 2748 4678 evectus
2796 4633 2904 4688 est,
2959 4624 3224 4678 omnibus
3281 4623 3389 4677 illis
3439 4622 3493 4677 in

1915 4732 2084 4771 unum
2119 4715 2397 4780 conﬂatis,
2432 4723 2597 4785 atque
2631 4714 2686 4770 in
2714 4715 2959 4770 eamdem
2994 4715 3337 4786 spiritualem
3368 4728 3497 4785 per-

1916 4824 2109 4864 sonam
2152 4808 2648 4871 concurrentibus,
2697 4806 3010 4877 divinisque
3062 4806 3311 4862 redditis.
3365 4806 3497 4862 Inde

1917 4913 2047 4953 mox
2078 4905 2139 4952 ut
2175 4898 2243 4953 ad
2287 4897 2466 4954 Patris
2519 4899 2766 4953 dextram
2811 4900 3084 4963 consedit,
3126 4914 3408 4970 praecones
3437 4900 3499 4955 in

1914 4991 2235 5047 universum
2285 4992 2475 5047 orbem
2522 4991 2753 5055 dimisit,
2811 4988 3092 5046 Simonem
3143 4990 3401 5057 Petrum,
3440 5000 3495 5046 et

1898 5081 2184 5149 ,Andream
2218 5081 2343 5151 ejus
2372 5081 2621 5147 fratrem,
2652 5078 2919 5136 Iacobum
2943 5090 2998 5135 et
3030 5079 3297 5135 Joannem
3330 5079 3497 5137 Zebe-

1908 5174 2012 5229 daei
2050 5174 2213 5238 filios,
2242 5188 2383 5244 quos
2427 5173 2557 5227 olim
2600 5172 2895 5240 delegerat,
2926 5170 3241 5242 Philippum
3271 5181 3326 5229 et
3356 5171 3492 5227 Bar-

1915 5266 2287 5329 tholomaeum,
2329 5264 2665 5328 Matthaeum,
2709 5262 2998 5331 Thomam,
3049 5273 3105 5320 et
3155 5263 3376 5331 Judam,
3428 5281 3495 5321 ac

1911 5356 2266 5424 Thaddaeum,
2310 5371 2374 5411 ac
2423 5355 2702 5411 Simonem
2748 5354 3005 5410 Zeloten:
3049 5372 3174 5410 nam
3204 5357 3495 5414 lscariotes

1913 5447 2084 5503 ludas
2118 5448 2221 5503 etsi
2249 5448 2514 5502 hactenus
2539 5447 2606 5501 ad
2628 5461 2702 5500 xu
2731 5446 3008 5516 ascriptus
3043 5446 3241 5511 fuerat.
3272 5457 3494 5520 postea-

1910 5554 2076 5611 quam
2108 5539 2440 5610 proditorem
2464 5553 2524 5595 se
2551 5537 2699 5603 fecit,
2719 5537 2788 5594 ab
2805 5553 2964 5594 sacro
2983 5542 3356 5610 apostolorum
3387 5558 3492 5598 nu—

1911 5649 2063 5692 mero
2083 5641 2169 5692 est
2196 5639 2521 5704 expunctus.
2545 5631 2748 5690 Praeter
2771 5633 2893 5704 hos,
2920 5649 3066 5691 Lnn
3094 5636 3232 5693 alios
3252 5636 3321 5693 ad
3346 5652 3494 5693 eam-
