4022 6434
582 381 685 444 ατο
1696 336 1705 341 ’
1982 376 2041 433 ε.
2082 377 2166 432 ει»

2220 377 2422 433 ἨΑΝΙΙ
3718 385 3808 443 280

577 496 704 553 dem
732 493 1072 550 iunctionem
1102 493 1320 564 allegat,
1355 506 1387 548 e
1415 484 1615 562 quibus
1644 505 1719 544 vn
1754 490 1829 543 illi
1861 489 2033 552 fuere,
2065 489 2160 558 qui

2219 491 2313 553 [οἱ
2349 489 2516 553 ἑπτὰ,
2554 491 2603 541 oi
2645 490 2737 542 ἐπὶ
2778 488 3120 561 τῶν,χηρῶν
3153 489 3474 561 τεταγμένοι
3495 508 3507 521 ·
3542 492 3807 564 Στέφανος,

578 587 649 644 ad
682 587 972 645 viduarum
1003 585 1331 655 obsequium
1367 582 1561 639 delecti
1612 590 1775 637 sunt:
1826 579 2158 651 Stephanus,

2268 580 2532 643 Φίλιππος
2552 618 2567 643 ,
2596 579 2901 652 Πρόχορος,
2932 580 3219 652 Νικάνωρ,
3250 581 3469 652 Τίμων,
3506 583 3806 654 Παρμηνᾶς,

579 678 887 749 Philippus,
919 676 1252 741 Prochorus,
1280 675 1537 739 Nicanor,
1576 674 1795 735 Timon,
1839 674 2157 735 Parmenas,

2268 675 2363 727 καὶ
2392 671 2679 736 Νικόλαος.
2705 672 2818 744 Πρὸ
2845 672 3051 726 τούτων
3077 674 3136 727 δὲ
3162 673 3430 740 Ματθίας,
3455 678 3484 729 ὁ
3515 678 3632 731 ἀντὶ
3668 679 3810 734 Ἰούδα

575 775 631 823 ει
667 768 943 829 Nieolaus,
993 775 1047 821 et
1079 776 1206 821 ante
1253 765 1353 821 hos
1395 765 1672 831 Matthias,
1717 765 1813 835 qui
1857 764 1977 818 loco
2007 762 2162 819 ludar

2269 763 2676 836 συμψηφισθεὶς
2720 763 2859 835 μετά
2900 763 3010 817 τῶν
3050 765 3385 819 ἀποστόλων.
3432 767 3585 821 Μετά
3614 769 3808 835 τούτους

574 870 718 914 ιιιῑει·
749 859 1027 929 apostolos
1065 865 1356 928 cooptatus
1391 865 1499 913 est.
1539 857 1621 911 Ad
1652 866 1908 926 septenos
1939 857 2062 913 illos
2095 871 2160 911 ac

2265 856 2323 909 δὲ
2352 857 2477 919 τοὺς
2505 854 2646 908 ἑπτὰ
2678 856 2774 908 καὶ
2813 854 3065 908 Ματθίαν
3098 855 3189 908 τὸν
3226 857 3331 928 πρὸ
3359 856 3559 923 αὐτῶν,
3590 859 3835 929 Milouem?

578 951 882 1015 llatthiam,
936 948 1177 1003 Marcum
1238 949 1487 1018 insuper,
1544 958 1598 1003 et
1642 947 1869 1015 Lucam,
1916 947 2154 1015 Iustum,

2265 947 2501 1010 Λουκᾶν,
2535 943 2787 1008 Ἰοῦστον,
2819 944 3131 1015 Βαρνάϐαν,
3157 946 3253 998 καὶ
3287 944 3567 1015 Ἀπελλῆν,
3591 948 3807 1018 Ῥοῦφον.

575 1036 901 1104 Barnabam,
931 1040 1235 1109 Appellem,
1267 1039 1512 1104 Ruﬂ‘um,
1535 1038 1784 1109 Nigrum,
1809 1055 1872 1095 ac
1897 1040 2155 1110 reliquos,

2265 1038 2497 1109 Νίγερα,
2527 1037 2623 1090 καὶ
2649 1037 2773 1100 τοὺς
2798 1035 3018 1098 λοιποὺς
3051 1035 3160 1090 τῶν
3194 1036 3666 1106 ἑϐδομηκονταδύο.
3696 1041 3808 1093 Μετ’

574 1128 649 1182 uti
688 1130 952 1193 diximus,
986 1146 1135 1184 Lxxn
1166 1131 1386 1199 adjecit.
1424 1130 1639 1197 Quibus
1670 1145 1796 1185 cum
1824 1131 1990 1186 etiam
2026 1147 2157 1187 san-

2265 1131 2460 1192 αὐτοὺς
2486 1128 2541 1183 δὲ
2575 1128 2783 1191 πάντας
2827 1128 2924 1181 καὶ
2970 1128 3068 1181 σὺν
3098 1128 3280 1191 αὐτοῖς
3328 1128 3537 1181 Παῦλον
3570 1128 3654 1182 τὸν
3681 1130 3808 1198 ἆγιον

572 1225 720 1272 ctum
746 1219 974 1273 Paulum
1005 1230 1198 1289 suapte
1222 1220 1290 1275 de
1321 1221 1461 1274 (-mlo
1493 1236 1625 1277 voce
1647 1223 1812 1275 missa
1846 1222 2156 1291 apostolum

2265 1220 2562 1277 ἀπόστολον
2593 1219 2681 1274 διά
2718 1220 2901 1290 φωνῆς
2947 1218 3083 1281 ἰδίας
3131 1219 3225 1272 ἀπ’
3271 1219 3500 1290 ούρανοῦ
3546 1220 3809 1276 ἀπόστολον

570 1311 814 1379 gentium
844 1326 909 1365 ac
938 1326 1271 1380 praeconem,
1298 1319 1353 1367 et
1383 1314 1697 1383 apostolicae
1725 1314 1992 1368 doctrinae
2023 1329 2156 1368 con-

2265 1312 2402 1383 ὁμοῦ
2436 1314 2529 1365 καὶ
2565 1313 2785 1383 κήρυκα
2809 1308 3010 1374 ἐθνῶν,
3042 1311 3137 1363 καὶ
3165 1310 3459 1381 πληρωτὴν
3483 1311 3808 1382 ἀποστολικῆς

570 1410 967 1456 sununatorem
994 1403 1253 1459 instituit.
1279 1403 1383 1470 Qui
1406 1406 1623 1475 quidem
1656 1415 1905 1461 sani-tum
1926 1405 2154 1471 Lucam,

2262 1403 2610 1465 διδασκαλίας
2663 1400 2961 1467 ἐξελέξατο.
3024 1401 3121 1464 ’ος
3175 1401 3493 1471 εὑρίσκεται
3550 1402 3639 1455 τὸν
3682 1402 3809 1471 ἅγιον

572 1500 633 1547 ιιι
675 1504 1016 1561 memorant,
1067 1511 1237 1551 unum
1289 1511 1320 1551 e
1365 1511 1515 1551 uxn
1567 1496 1859 1568 discipulis
1902 1497 2003 1567 51
2062 1499 2155 1568 qui

2263 1496 2478 1549 Λουκᾶν
2520 1494 2649 1548 ὄντα
2676 1494 2784 1546 τῶν
2819 1492 3283 1563 ἑϐδομηκονταδύο
3330 1493 3439 1547 τῶν
3478 1494 3810 1565 ἐσκορπισμέ-

571 1585 755 1641 varias
780 1586 836 1640 in
866 1587 1120 1657 regiones
1160 1588 1413 1658 dissipati
1460 1587 1699 1655 fuerant,
1729 1589 1967 1653 reduxit,
1996 1604 2155 1644 eum-

2264 1605 2404 1651 νων,
2455 1586 2829 1657 ἐπιστρέψας,
2868 1584 2964 1638 καὶ
3009 1584 3300 1639 ἀκόλουθον
3357 1584 3535 1656 ἑαυτῷ
3575 1587 3808 1657 ποιήσας,

571 1692 681 1746 que
718 1677 977 1732 comitem
1005 1687 1059 1733 et
1091 1678 1398 1748 adjutorcm
1430 1678 1707 1751 Evangelii
1734 1681 1898 1735 simul
1931 1690 1985 1736 et
2024 1695 2149 1751 apo-

2266 1680 2527 1752 συνεργὸν
2570 1678 2663 1731 τοῦ
2699 1677 3034 1746 Εὐαγγελίου
3062 1677 3198 1749 ὁμοῦ
3240 1677 3335 1731 καὶ
3373 1676 3679 1730 ἀπόστολον.
3718 1677 3809 1730 Καὶ

570 1766 772 1822 ειοιυιιι
803 1768 1072 1822 adhibuit.
1104 1767 1220 1824 lloc
1249 1769 1413 1824 modo
1448 1778 1619 1825 totum
1665 1769 1944 1839 Evangelii
1982 1787 2155 1843 nego-

2263 1769 2436 1833 οὖτως
2461 1769 2714 1840 ἐτελέσθη
2748 1772 2781 1840 ἠ
2816 1770 2968 1822 πᾶσα
2991 1767 3336 1839 Εὑαγγελικὴ
3366 1766 3708 1839 πραγματεία
3724 1765 3809 1829 ἕως

571 1858 707 1912 tium
738 1857 807 1911 ad
843 1859 897 1913 id
930 1875 1105 1930 usque
1138 1862 1400 1932 temporis
1425 1861 1738 1917 confectum
1765 1871 1868 1918 est.

1223 1862 1400 1932 :lpOl‘iS
1425 1861 1738 1917 confectum
1765 1871 1868 1918 est.
2188 1858 2229 1912 Β
2256 1861 2448 1915 τούτου
2478 1862 2571 1915 τοῦ
2600 1864 2811 1934 χρόνου.

640 1970 824 2042 Atque
854 1953 1125 2031 hactenus
1155 1974 1221 2031 de
1260 1991 1310 2029 rt
1345 1975 1536 2044 sectis,
1567 1975 1746 2047 deque
1776 1992 1843 2033 eo
1875 1976 2022 2048 quod
2059 1994 2153 2032 or-

2332 1974 2522 2027 Ἐσται
2563 1973 2620 2027 δέ.
2669 1992 2757 2045 μοι
2799 1977 2827 2028 ό
2869 1974 3024 2043 λόγος
3057 1974 3163 2038 ἕως
3204 1966 3308 2026 ὧδε
3344 1972 3475 2043 περὶ
3512 1969 3619 2025 τῶν
3647 1972 3810 2026 ἕνδεκα

570 2062 700 2117 dine
741 2075 1098 2120 consecutum
1136 2079 1241 2131 εει,
1286 2077 1341 2122 ει
1387 2082 1417 2120 a
1462 2083 1549 2123 me
1592 2084 1692 2138 pro
1742 2068 1940 2123 virium
1987 2079 2153 2139 captu

2256 2065 2541 2136 αἱρέσεων,
2577 2065 2670 2118 καὶ
2694 2066 2795 2137 τῆς
2829 2065 2971 2119 κατά
3003 2064 3228 2135 δύναμιν
3271 2062 3590 2126 ἀκολουθίας
3620 2065 3673 2115 ἐν
3703 2078 3807 2114 συν-

567 2153 764 2219 paucis
794 2156 1151 2225 explicatum,
1186 2158 1500 2228 evangelica
1543 2160 1756 2213 scilicet
1800 2159 1941 2225 luce,
1972 2174 2093 2230 quae
2123 2175 2154 2214 a

2255 2158 2407 2228 τόμῳ
2445 2174 2534 2227 μοι
2570 2157 2897 2227 εἰρημένης,
2938 2156 3301 2225 εύαγγελικῆς
3343 2154 3697 2225 φωταγωγίας
3728 2152 3808 2222 τῆς

564 2243 792 2300 Christo
818 2245 1069 2315 Domino,
1089 2250 1402 2321 Christique
1420 2251 1709 2321 discipulis
1733 2252 1851 2307 orbi
1878 2260 2151 2307 terrarum

2257 2249 2314 2301 ἐν
2340 2249 2529 2319 κόσμῳ
2558 2249 2627 2302 δι’
2651 2248 2819 2301 αὑτοῦ
2864 2248 2959 2301 καὶ
2985 2247 3095 2300 τῶν
3121 2246 3383 2318 μαθητῶν
3417 2245 3581 2299 αὑτοῦ
3607 2260 3806 2313 γεγενη-

568 2332 720 2387 illata
752 2334 876 2390 fuit.
909 2335 1118 2401 Quibus
1140 2354 1170 2391 a
1194 2353 1280 2393 me
1302 2338 1466 2393 dictis
1495 2347 1863 2393 consentanea
1892 2338 2154 2408 pleraque

2260 2339 2426 2411 μένης
2448 2358 2459 2371 ·
2490 2339 2583 2404 οὒς
2615 2340 2683 2394 τά
2712 2341 2874 2411 ὃμοια
2916 2339 3166 2405 συλλέξαι
3192 2379 3207 2402 ,
3261 2338 3359 2391 κα)⁵
3404 2333 3726 2407 παραθέσθαι
3751 2330 3809 2384 τὰ

566 2426 826 2497 colligere
854 2427 1001 2489 licet,
1025 2443 1090 2482 ac
1116 2430 1376 2483 vaticinia
1395 2439 1449 2484 et
1471 2432 1696 2485 oracula
1722 2445 1789 2484 ex
1811 2430 1930 2502 lege
1957 2430 2151 2494 veteri,

2222 2432 2715 2503 ,προθεσπίσματά
2745 2450 2805 2486 τε
2840 2432 2933 2486 καὶ
2973 2432 3071 2495 τὰς
3121 2430 3462 2501 προφητείας
3507 2427 3610 2481 ἀπὸ
3653 2424 3807 2495 Νόμου

565 2517 653 2572 vel
680 2517 915 2572 Psalmis
945 2518 1179 2589 aliisque
1224 2520 1381 2577 libris
1426 2522 1775 2591 conquirere,
1812 2530 1866 2576 et
1908 2524 2153 2576 omnium

2255 2538 2314 2575 τε
2348 2522 2442 2576 καὶ
2470 2522 2717 2593 Ψαλμῶν
2756 2522 2851 2576 καὶ
2882 2522 2990 2574 τῶν
3016 2521 3191 2576 ἀλλων
3221 2520 3321 2582 τὰς
3350 2516 3666 2578 ἀκολουθίας
3685 2555 3698 2580 ,
3733 2512 3808 2566 καὶ

566 2608 791 2673 seriem,
815 2610 1178 2682 ordinemque
1216 2613 1586 2682 perscrutari;
1633 2628 1701 2668 ex
1743 2613 1924 2684 iisque
1969 2611 2154 2666 lucar-

2255 2612 2354 2678 τὰς
2384 2614 2608 2683 ἀγωγὰς
2653 2614 2860 2668 ἔνεστιν
2896 2615 3047 2677 ἰδεῖν,
3081 2615 3175 2666 καὶ⁵
3218 2613 3321 2682 τὴν
3363 2609 3642 2683 ἀκρίϐειαν
3666 2622 3807 2660 κατα-

566 2698 850 2754 nationem
905 2700 1112 2756 Christi
1173 2701 1390 2757 Domini
1450 2706 1741 2775 perspicue
1794 2706 2154 2775 comprobare

2256 2706 2517 2761 λαϐέσθαι
2542 2748 2555 2768 ,
2599 2707 2676 2769 ὡς
2732 2707 2792 2760 ού
2828 2706 2982 2770 νόθος
3007 2748 3021 2772 ,
3053 2706 3169 2760 ἀλλ’
3199 2703 3429 2774 ἀληθὴς,
3463 2702 3557 2756 καὶ
3608 2712 3808 2769 προκατ-

566 2804 681 2844 non
709 2793 1141 2862 supposititiam.
1174 2795 1271 2850 sed
1313 2810 1498 2852 veram
1550 2799 1854 2862 exstitisse,
1899 2808 2063 2870 atque
2097 2800 2151 2854 in

2257 2798 2540 2866 αγγελθε“ι;
2563 2799 2583 2828 ¹
2626 2798 2733 2849 ἀπὸ
2770 2799 2868 2867 τῆς
2902 2799 3143 2861 Παλαιᾶς
3172 2795 3450 2866 Διαθῇκης
3480 2786 3808 2862 ἀναμφίϐολός

567 2881 688 2951 lege
716 2882 884 2937 veteri
920 2885 1250 2953 nuntiatam,
1280 2894 1338 2941 ut
1361 2888 1428 2944 de
1457 2904 1523 2943 eo
1553 2890 1737 2945 nullus
1768 2890 1837 2945 sit
1866 2890 2151 2946 dubitandi

2257 2892 2405 2945 ἐστιν
2431 2893 2463 2961 ὴ
2492 2890 2755 2960 ἔνσαρκος
2785 2889 3022 2959 Χριστοῦ
3056 2887 3350 2959 παρουσία,
3383 2887 3479 2940 καὶ
3511 2880 3805 2950 εὐαγγελικὴ

568 2972 725 3028 locus
758 2974 1006 3030 relictus.
1037 2973 1144 3031 Sed
1177 2993 1244 3032 ne
1269 2978 1435 3049 hujus
1458 2981 1641 3051 aperis
1666 2984 1924 3038 tractatio
1955 2985 2011 3038 in
2037 2982 2156 3037 inii-

2254 2982 2594 3036 διδασκαλία.
2628 2982 2747 3035 Ἵνα
2791 2981 2848 3033 δὲ
2899 2980 2974 3051 μὴ
3024 2982 3104 3044 εἰς
3148 2980 3314 3049 ὄγκον
3366 2975 3695 3047 παρεκτείνω
3725 2970 3806 3039 τὴν

568 3064 746 3119 ultum
784 3073 1089 3136 excrescat,
1123 3067 1209 3124 his
1243 3085 1367 3141 quae
1408 3071 1556 3127 dicta
1603 3083 1735 3129 sunt
1765 3077 1976 3132 erimus
2018 3090 2154 3130 con-

2254 3076 2355 3144 τῆς
2409 3072 2714 3139 συντάξεως
2768 3072 3173 3145 πραγματείαν,
3226 3069 3443 3134 τούτοις
3505 3064 3804 3140 ἀρκεσθήσον

563 3154 724 3209 tenti.

2181 3203 2224 3262 Ο
2261 3182 2380 3239 μαι.

634 3267 714 3323 Ac
756 3267 1018 3341 deinceps
1064 3273 1356 3343 Opiniones
1408 3275 1554 3342 illas,
1602 3293 1726 3350 qua:
1770 3278 1824 3334 in
1858 3263 2149 3335 hominum

2335 3278 2545 3350 Προϊὼν
2574 3278 2630 3332 δὲ
2665 3278 2865 3349 ἐφεξῆς
2894 3278 2994 3342 τὰς
3023 3278 3318 3348 μετέπειτα
3350 3275 3431 3348 τῷ
3461 3273 3557 3346 βίῳ
3595 3262 3801 3337 ὲπιφυεί-

561 3358 730 3415 vitam
757 3373 946 3431 postea
970 3366 1214 3434 pessimo
1237 3368 1423 3425 colore
1448 3384 1513 3424 ac
1538 3371 1723 3441 specie
1750 3372 1975 3441 prolatae
2000 3381 2149 3436 sunt,

2262 3388 2357 3435 σας
2409 3370 2500 3423 ἐπὶ
2542 3375 2685 3443 κακῇ
2730 3371 2998 3442 προφάσει
3054 3370 3211 3436 δόξας
3244 3371 3450 3440 ὁμοίως
3481 3362 3802 3435 διαγορεύσωο

561 3452 753 3507 eadem
786 3458 930 3511 serie
968 3466 1279 3526 pertexam:
1330 3470 1686 3533 posteaquam
1733 3479 1787 3517 xi
1834 3463 2149 3520 Iudaeorum

2259 3460 2359 3532 ἤδη
2393 3461 2491 3525 τὰς
2526 3462 2716 3515 ἕνδεκα
2749 3463 2847 3526 τὰς
2876 3463 2986 3516 ἀπὸ
3025 3461 3291 3525 Ἰουδαίων
3319 3463 3417 3515 καὶ
3464 3451 3798 3529 Σαμαρειτῶν,

564 3541 1156 3617 Samaritanorumque
1210 3560 1394 3607 sectas
1453 3567 1580 3606 cum
1636 3555 2015 3623 superioribus
2071 3572 2149 3620 ix,

2259 3553 2353 3606 καὶ
2390 3551 2490 3616 τὰς
2528 3553 2633 3625 πρὸ
2662 3553 2838 3607 αὐτῶν
2880 3554 3037 3607 ἐννέα
3077 3554 3135 3620 ἐξ
3173 3553 3470 3622 Ἑλλήνων,
3501 3551 3595 3604 καὶ
3630 3542 3797 3617 βαρόἀ-

562 3648 687 3703 quae
716 3636 912 3690 partim
952 3653 984 3692 e
1016 3636 1241 3703 Graecis,
1276 3643 1474 3711 partim
1514 3659 1582 3698 ex
1626 3646 1876 3702 barbaris
1917 3648 2150 3718 aliisque

2261 3660 2399 3715 ρων,
2434 3645 2529 3698 καὶ
2556 3644 2664 3699 ¹τῶν
2697 3645 2873 3699 ἄλλων
2900 3645 3200 3715 γενομένας
3246 3644 3355 3715 πρὸ
3383 3645 3482 3711 τῆς
3509 3640 3600 3693 τοῦ
3630 3634 3800 3705 Κυρίου

562 3725 814 3782 conﬂata:
857 3737 986 3784 sunt
1031 3741 1163 3787 ante
1213 3732 1516 3789 Salvatoris
1564 3738 1879 3802 adventum,
1912 3739 1978 3793 ad
2034 3739 2150 3793 haec

2258 3737 2581 3807 παρουσίας,
2624 3739 2716 3793 καὶ
2757 3738 2863 3803 ἕως
2908 3737 3072 3791 αὑτοῦ
3105 3735 3201 3790 τοῦ
3232 3736 3425 3809 χρόνον
3465 3733 3684 3807 μετρίως
3716 3728 3803 3779 ἀπ.

564 3831 741 3888 usque
768 3826 1017 3891 tempora
1048 3823 1236 3878 habita
1271 3825 1560 3883 brevitatis
1593 3827 1808 3885 ratione
1832 3832 2145 3901 percensui.

1131 3824 1236 3878 bita
1271 3825 1560 3883 brevitatis
1593 3827 1808 3885 ratione
1832 3832 2145 3901 percensui.
2256 3826 2719 3898 αριομησάμενος-

885 3954 965 4010 De
990 3954 1316 4025 Nazarenis,
1351 3960 1456 4016 sive
1483 3959 1826 4019 Christianis.

2477 3964 2616 4032 Περὶ
2647 3963 3013 4031 Ναζωραίων,
3048 3963 3180 4033 ἤτοι
3216 3958 3604 4033 Χριστιανῶν.

632 4086 1018 4146 Nazamorum
1042 4093 1158 4149 sive
1180 4092 1620 4151 Christianorum
1646 4104 1730 4152 est
1758 4098 1851 4169 qui
1884 4113 1915 4152 a
1945 4098 2146 4157 Judazis
2210 4088 2220 4094 ”

2212 4088 2220 4094 ’
2325 4095 2699 4169 Ναζωραίων,
2754 4098 2783 4152 ὃ
2824 4099 2951 4151 ηὲστι
3006 4094 3381 4169 Χριστιανῶν,
3434 4096 3463 4149 ό
3508 4090 3713 4163 κληθεὶς
3754 4088 3800 4135 έν

560 4177 713 4232 brevi
737 4178 1025 4259 interjecto
1052 4192 1294 4254 tempore
1313 4197 1540 4243 vocatus
1555 4197 1641 4242 est
1659 4186 2142 4255 Christianismus,

2253 4189 2417 4259 ὀλίγῳ
2455 4189 2631 4259 χρόνῳ
2660 4189 2764 4243 ὑπὸ
2809 4188 3078 4243 Ἰουδαίων
3111 4177 3562 4260 Χριστιανισμὸς,
3611 4182 3695 4235 καὶ
3724 4175 3796 4229 ὑπ’

560 4274 617 4321 et
648 4268 719 4323 ab
749 4268 887 4338 ipsis
920 4270 1058 4326 adeo
1092 4275 1357 4344 apostolis
1387 4274 1441 4329 id
1472 4290 1673 4329 nomen
1710 4277 1969 4343 obtinuit,
2014 4292 2140 4331 cum

2253 4281 2431 4335 αὐτῶν
2465 4280 2573 4334 τῶν
2610 4281 2954 4345 ἀποστόλων,
2999 4282 3253 4349 λέγοντος
3306 4280 3516 4350 Πέτρου
3539 4293 3553 4307 ·
3597 4267 3798 4338 Ἰησοῦν

561 4358 636 4412 ita
664 4356 863 4417 Petrus
885 4362 1103 4419 locutus
1132 4365 1225 4429 sit,
1251 4364 1435 4420 Iesum
1460 4365 1806 4422 Nazarenam
1836 4366 2007 4423 virum
2028 4384 2147 4437 pro-

2253 4374 2360 4429 τὸν
2399 4374 2734 4443 Ναζωραῖον
2756 4414 2769 4439 ,
2819 4374 3009 4443 ἄνδρα
3053 4371 3554 4441 ἀποδεδειγμένον
3595 4366 3660 4420 ἐκ
3711 4356 3797 4414 τοῦ

560 4452 743 4505 batum
767 4468 800 4506 a
824 4451 936 4507 Deo
957 4454 998 4516 ³,
1032 4463 1142 4512 etc.
1173 4454 1371 4513 Postea
1397 4474 1531 4513 vero
1552 4460 1855 4515 Antiochia
1876 4461 2146 4518 Christia-

2255 4467 2425 4530 Θεοῦ,
2457 4467 2551 4520 καὶ
2581 4468 2649 4521 τά
2683 4466 2812 4538 ἑξῆς
2833 4484 2847 4498 ·
2885 4466 3114 4538 ὕστερον
3151 4465 3209 4518 δὲ
3233 4463 3343 4518 ἀπὸ
3379 4457 3693 4530 Ἀντιοχείας
3716 4452 3795 4517 ἁρ-

560 4540 776 4596 nismus
818 4545 1083 4614 appellari
1116 4548 1304 4610 euenit.
1346 4547 1443 4606 Est
1473 4559 1529 4605 et
1561 4553 1667 4607 alia
1709 4555 1931 4625 proprie
1967 4555 2145 4612 Naza-

2205 4565 2223 4616 )
2254 4553 2485 4625 ξάμενος
2508 4556 2786 4609 καλεῖσθαι
2814 4553 3258 4627 Χριστιανισμός.
3289 4554 3448 4607 Ἐστι
3471 4551 3528 4605 δὲ
3551 4548 3638 4603 καὶ
3664 4541 3793 4613 φύσει

561 4645 797 4688 raeorum
832 4643 1005 4703 secta,
1038 4637 1105 4693 de
1136 4640 1337 4710 qmbus
1370 4656 1473 4697 suo
1490 4642 1612 4698 loco
1637 4642 2063 4716 disputabimus.

2247 4642 2457 4717 αἵρεσις
2493 4647 2855 4720 Ναζωραίων,
2884 4648 3015 4719 περὶ
3052 4640 3129 4702 ὧν
3178 4645 3413 4717 καθεξῆς
3443 4642 3659 4711 λέξομεν
3683 4629 3793 4687 κατά

2254 4737 2343 4791 τὸν
2369 4738 2561 4807 καιρὸν
2585 4739 2686 4810 τῆς
2711 4738 3050 4803 ἀκολουθίας.

633 4984 649 5015 ¹
671 4985 792 5041 Act.
823 5000 886 5055 ιι,
917 4985 1008 5045 22.
1091 4990 1111 5022 ³
1132 4989 1284 5048 Fort.
1321 4997 1876 5067 προκαταγγελθετσα.
