4022 6428
1324 394 1696 453 ADVERSUS
1734 392 2077 448 HALRESES
2112 393 2238 449 ΗΒ.
2284 394 2326 450 1.
2369 395 2531 452 ΤΟΜ.
2574 397 2632 452 ll.

350 582 3600 653 CW“

1102 770 1282 824 TAAE
1312 766 1584 823 ΕΝΕΣΤΙ
1612 763 1745 820 ΚΑΙ
1773 764 1871 817 ΕΝ
1916 765 2148 839 ΤΟΥΤῼ
2201 766 2287 836 Τῼ
2328 769 2411 820 ΔΕ
2426 766 2656 838 ΥΊῈΡῼ
2700 770 2893 840 ΤΟΜῼ

1611 921 1748 975 ΤΟΥ
1778 918 2057 975 ΠΡΩΤοΥ
2094 920 2392 984 ΒΙΒΛΙΟΥ,

1389 1080 1502 1134 ’Er'
1522 1070 1570 1145 ᾦ
1600 1080 1759 1131 εἰσιν
1791 1073 2050 1143 αἱρέσεις
2086 1074 2393 1144 δεκατρεῖς
2416 1078 2625 1146 οὕτως.

1977 1242 2050 1253 -α

1110 1330 1530 1395 INDICULUS
1575 1328 1856 1389 EORUM
1900 1326 2086 1399 oms
2132 1326 2212 1386 ιιι
2262 1324 2458 1388 Ton.
2519 1327 2577 1387 ιι
2652 1284 2800 1390 un.
2845 1333 2872 1392 ι

1795 1458 2196 1530 com-minuunt,

1235 1623 1360 1699 Qui
1406 1622 1689 1684 haereses
1733 1610 2183 1695 complectitur
2227 1634 2346 1678 xm
2386 1617 2508 1682 hoc
2550 1622 2799 1685 ordine.

1962 1791 2037 1805 Il-

427 1838 512 1939 A".
551 1880 875 1955 Σιμωνιανοί
898 1918 917 1946 ,
958 1878 1010 1932 οἰ
1041 1876 1150 1931 ἀπὸ
1184 1877 1427 1946 Σίμωνος
1471 1872 1567 1926 τοῦ
1606 1870 1801 1940 Μάγου
1848 1867 1944 1922 τοῦ

2117 1875 2223 1947 52
2258 1875 2298 1932 Ι.
2341 1876 2646 1935 Simoniani
2686 1896 2723 1936 α
2772 1881 2995 1938 Simone
3027 1883 3185 1956 Mago
3236 1886 3625 1956 cognominati.

353 1978 453 2031 ἐπὶ
475 1977 684 2047 Πέτρου
709 1974 803 2028 τοῦ
829 1971 1148 2032 ἀποστόλου,
1175 1968 1369 2040 κώμης
1396 1968 1434 2020 Γ
1439 1966 1599 2022 ιτθῶν
1628 1965 1730 2034 τῆς
1756 1965 1943 2034 Σαμα-

358 2068 533 2140 ρείας.
574 2060 744 2130 Οὗτος
788 2065 895 2118 άπὸ
945 2059 1301 2133 Σαμαρειτῶν
1338 2060 1585 2130 ὡρμᾶτο,
1618 2054 1854 2128 Χριστοῦ
1884 2053 1941 2107 δὲ

353 2158 525 2211 ὑπέδυ
556 2157 724 2229 ὄνομα
757 2156 938 2228 μόνον.
981 2151 1219 2217 Ἐδίδαξε
1246 2151 1304 2204 δὲ
1333 2149 1745 2221 αἰσχροποιίαν,
1793 2145 1937 2218 μίξιν

359 2247 642 2321 μολυσμοῦ
663 2287 678 2310 ,
716 2244 991 2316 γυναικῶν
1026 2242 1371 2315 ἀδιαφορίαν.
1413 2241 1690 2311 Σωμάτων
1720 2239 1776 2292 δὲ
1803 2240 1940 2292 ἀπο-

355 2336 613 2394 ϐάλλεται
658 2339 755 2410 τὴν
785 2339 1101 2401 ἀνάστασιν,
1150 2336 1243 2389 καὶ
1284 2335 1374 2387 τὸν
1421 2333 1624 2404 κόσμον
1675 2333 1748 2403 μὴ
1800 2328 1940 2385 εἶναι

355 2430 494 2485 Θεοῦ
533 2432 751 2501 φάσκει.
802 2429 1000 2483 Εἰκόνα
1027 2428 1083 2481 δὲ
1110 2426 1272 2480 αὐτοῦ
1300 2426 1375 2489 ὡς
1404 2426 1545 2490 Διὸς,
1580 2425 1672 2477 καὶ
1706 2424 1806 2495 τῆς
1843 2425 1939 2476 σὺν

354 2524 510 2595 αὐτῷ
552 2524 758 2596 πόρνης
812 2523 1035 2592 ὀνόματι
1074 2520 1314 2591 Ἑλένης,
1358 2517 1589 2589 Ἀθηνᾶς
1618 2518 1788 2570 τύπον
1827 2519 1940 2580 τοῖς

357 2616 555 2670 ἑαυτοῦ
593 2614 860 2687 μαθηταῖς
890 2613 1174 2685 παρεδίδου
1206 2615 1286 2676 εἰς
1314 2611 1705 2683 προσκύνησιν.
1746 2610 1939 2679 Ἔλεγε

354 2709 415 2762 δὲ
445 2707 637 2761 ἑαυτὸν
674 2705 1042 2777 Σαμαρείταις
1068 2706 1165 2776 μὲν
1191 2704 1282 2759 τὸν
1304 2703 1545 2773 Πατέρα,
1586 2700 1857 2765 Ἰουδαίοις
1882 2700 1939 2754 δὲ

354 2799 448 2854 τὸν
472 2797 726 2870 Χριστόν.
761 2784 769 2793 ’

429 2890 506 2943 B'.
549 2887 966 2959 Μενανδριανοί,
998 2888 1048 2941 οἰ
1086 2887 1194 2941 ἀπὸ
1224 2886 1414 2941 τούτου
1449 2885 1543 2939 τοῦ
1578 2886 1820 2958 Σίμωνος
1851 2885 1939 2939 διὰ

352 2981 668 3052 Μενάνδρου
714 2981 858 3053 τινδς
891 2979 1248 3051 ἐναρξάμενοι
1291 2980 1672 3052 διαφερόμενοι
1703 2998 1764 3033 τε
1802 2980 1940 3051 πρὸς

353 3075 484 3136 τοὺς
531 3073 896 3144 Σιμωνιανοὺς
941 3072 1084 3126 κατά
1130 3088 1216 3124 τι·
1257 3071 1315 3134 ὃς
1350 3071 1458 3125 ἀπὸ
1499 3071 1745 3141 ἀγγέλων
1786 3071 1939 3140 ἔλεγε

351 3166 446 3219 τὸν
481 3166 683 3238 κόσμον
714 3164 1065 3235 γεγενῆσθαι.
1150 3172 1155 3177 ’

425 3341 500 3394 I".
542 3340 975 3412 Σατορνιλιανοὶ,
1023 3339 1073 3392 οἱ
1122 3337 1265 3392 κατὰ
1306 3339 1406 3409 τὴν
1449 3338 1648 3411 Συρίαν
1691 3339 1787 3411 τὴν
1830 3338 1938 3395 τῶν

352 3431 706 3501 Σιμωνιανῶν
762 3433 1116 3506 κρατύνοντες
1171 3433 1550 3505 αἰσχρολογίαν
1578 3472 1593 3497 ,
1651 3432 1814 3503 ἕτερα
1881 3433 1938 3485 δὲ

352 3522 512 3594 παρὰ
550 3524 675 3584 τοὺς
707 3520 1077 3595 Σιμωνιανοῦς
1114 3526 1194 3588 εἰς
1246 3523 1504 3595 ἔκπληξιν
1547 3525 1938 3596 περισσοτέραν

353 3615 722 3687 κηρύσσοντες
750 3610 771 3681 ,’
800 3618 908 3671 ἀπὸ
940 3617 996 3670 δὲ
1026 3615 1348 3687 Σατορνίλου
1375 3616 1473 3686 τὴν
1505 3615 1677 3687 ἀρχὴν
1706 3617 1938 3686 ἐσχηκό-

350 3726 469 3772 τες,
511 3709 569 3772 ὃς
596 3710 689 3763 καί
734 3701 896 3775 αὐτὸς
943 3708 1087 3763 κατὰ
1117 3708 1429 3780 Μένανδρον
1457 3710 1547 3762 ὑπ’
1573 3710 1822 3778 ἀγγέλων
1847 3712 1938 3764 τὸν

352 3799 560 3870 κόσμον
601 3800 929 3871 γεγενῆσθαι
969 3800 1195 3870 ἔφασκε,
1237 3800 1413 3871 μόνων
1453 3800 1510 3854 δὲ
1542 3801 1685 3855 ἑπτὰ
1714 3802 1800 3857 διὰ
1839 3803 1939 3876 τὴν

348 3890 447 3946 τοῦ
478 3891 590 3946 ἅνω
615 3893 828 3964 Πατρὸς
861 3892 1108 3966 γνώμην.

425 3986 499 4037 Δ’.
542 3984 951 4049 Βασιλειδιανοὶ,
983 3989 1032 4039 οἰ
1070 3991 1169 4060 τῆς
1200 3989 1371 4060 αὐτῆς
1422 3987 1812 4060 αἰσχρουργίας
1849 4005 1938 4042 τε·

349 4076 559 4144 ).εσταί,
601 4078 709 4132 ἀπὸ
738 4078 1048 4134 Βασιλείδω
1094 4081 1188 4135 τοῦ
1219 4081 1337 4152 ἅμα
1373 4080 1681 4151 Σατορνίλῳ
1708 4083 1820 4144 τοῖς
1848 4081 1939 4157 Σι-

354 4173 645 4237 μωνιανοῖς
691 4170 787 4224 καὶ
830 4171 1251 4245 Μενανδριανοῖς
1304 4171 1816 4244 μεμαθητευμένοι,
1869 4173 1938 4235 τὰ

348 4262 513 4329 ὅμοια
547 4261 645 4333 μὲν
669 4262 1024 4334 φρονοῦντος,
1056 4264 1199 4317 κατά
1228 4281 1280 4316 τι
1305 4264 1362 4317 δὲ
1387 4264 1804 4336 διαφερομένου.
1835 4266 1939 4318 Λέ-

347 4367 442 4420 γει
486 4352 543 4405 δὲ
584 4354 930 4425 τριακοσίους
974 4355 1405 4427 ἑξηκονταπὲντε
1468 4356 1732 4427 οὐρανοὺς
1775 4351 1934 4423 εἶναι,

348 4444 448 4496 καὶ
472 4443 683 4509 τούτοις
716 4445 956 4516 ὀνόματα
983 4446 1251 4516 ἁγγελικὰ
1283 4446 1547 4519 ἐκτίθησι.
1581 4447 1671 4501 Διὸ
1711 4449 1806 4502 καὶ
1845 4448 1935 4503 τὸν

1969 3218 2012 3272 Β

2043 1969 2136 2038 qui
2169 1971 2401 2039 apostoli
2434 1970 2582 2027 Petri
2618 1974 2960 2043 temporibus
2993 1977 3152 2039 vixit.
3194 1963 3228 2033 ἒ
3271 1976 3476 2035 Gittbis
3507 1983 3630 2036 vico

2042 2062 2279 2130 quodam
2301 2064 2587 2120 oriundus.
2622 2064 2728 2121 Iste
2743 2082 2866 2121 cum
2885 2075 3031 2135 esset
3051 2066 3450 2136 Samaritanus,
3471 2072 3630 2127 Chri-

2044 2161 2186 2206 stum
2219 2155 2440 2210 nomine
2473 2165 2634 2211 tenus
2680 2156 2965 2226 professus
2994 2167 3111 2213 est:
3148 2169 3343 2215 auctor
3377 2164 3631 2219 nefanda:

2042 2242 2423 2310 obscenitatis,
2482 2252 2537 2300 et
2598 2247 3031 2316 inquinatissinti
3081 2251 3430 2309 concubitus.
3479 2251 3628 2308 Prae-

2043 2343 2190 2390 terea
2215 2338 2559 2405 promiseuas
2587 2355 2787 2395 uxores
2812 2355 2936 2395 esse
2966 2342 3156 2397 voluit.
3194 2343 3436 2414 Corpora
3469 2356 3629 2416 itegnt

2042 2442 2353 2497 resurgere.
2384 2445 2485 2483 nec
2517 2445 2547 2483 a
2580 2430 2691 2484 Deo
2723 2432 2983 2486 mundum
3013 2431 3338 2490 fabricatum
3369 2424 3493 2492 esse
3523 2447 3632 2492 sta-

2044 2519 2171 2573 tuit.
2198 2518 2496 2591 Imaginem
2531 2536 2697 2590 porro
2729 2537 2885 2579 suam
2929 2527 3211 2595 scortique
3261 2526 3369 2590 sui,
3408 2528 3628 2582 nomine
3694 2530 3705 2545 ‘

2043 2609 2282 2678 Helenae,
2316 2616 2418 2668 sub
2459 2614 2717 2670 Minervae
2751 2615 2934 2685 specie
2963 2616 3249 2687 discipulis
3290 2621 3629 2675 adorandam

2041 2704 2301 2760 obtrusit.
2332 2705 2488 2775 Apud
2523 2706 2827 2767 Samaritas
2857 2723 2956 2777 pro
2983 2707 3092 2763 Deo
3124 2708 3284 2766 Patre
3332 2727 3390 2766 se
3439 2712 3630 2766 vendi-

2041 2804 2188 2862 tans,
2221 2794 2425 2852 Iudaeis
2452 2796 2732 2853 Christum
2760 2815 2819 2854 se
2847 2816 2971 2855 esse
3000 2801 3240 2856 diccbat.

2113 2887 2177 2943 Il.
2215 2886 2590 2943 Menandriani
2632 2890 2702 2944 ab
2754 2891 2947 2945 eodem
2983 2892 3077 2946 illo
3127 2892 3349 2947 Simone
3383 2908 3480 2962 per
3518 2891 3631 2948 Me-

2040 2978 2309 3032 nandrum
2345 2981 2634 3049 quemdam
2687 2981 2954 3052 originem
2982 2991 3292 3050 traxerunt,
3316 2986 3628 3041 nonnullis-

2040 3084 2146 3139 que
2193 3070 2248 3123 in
2295 3071 2460 3125 rebus
2505 3088 2532 3126 a
2578 3074 2914 3128 Simonianis
2945 3073 3284 3145 discrepant.
3331 3078 3631 3134 Menander

2041 3175 2205 3229 porro
2248 3161 2514 3216 mundum
2560 3164 2627 3218 ab
2671 3165 2876 3235 angelis
2905 3165 3074 3222 fuisse
3110 3166 3439 3237 productum
3475 3185 3628 3224 asse-

2042 3254 2170 3308 ruit.
2354 3256 2359 3261 ’

2111 3347 2199 3402 Ill.
2235 3346 2596 3405 Saturniliani
2627 3351 2679 3405 in
2721 3350 2879 3424 Syria
2915 3350 3360 3407 Simonianorum
3389 3344 3626 3424 turpitu-
3698 3408 3701 3415 ρ

2041 3439 2221 3495 dinem
2250 3449 2543 3494 auxerunt.
2574 3441 2847 3495 Nonnulla
2876 3457 3097 3512 quoque
3124 3444 3189 3496 ad
3216 3444 3476 3513 majorem
3500 3461 3628 3500 con-

2040 3530 2339 3587 ciliandum
2381 3543 2658 3601 stuporem
2697 3533 2764 3587 ad
2808 3534 3024 3587 illorum
3061 3534 3314 3604 adjecere
3346 3537 3623 3605 dogmata.

2014 3617 2244 3685 diorum
2298 3622 2556 3693 princeps
2601 3621 2922 3680 Satnrnilus
2969 3618 3091 3689 fuit,
3146 3627 3241 3696 qui
3289 3626 3513 3696 perinde
3561 3643 3641 3683 ac.

1969 3913 1977 3921 ο

2040 3707 2339 3764 Menander
2384 3713 2571 3766 mundi
2620 3713 2936 3770 conditores
2967 3716 3213 3785 angelos.
3249 3716 3353 3771 hoc
3416 3729 3499 3772 est
3539 3734 3627 3774 se-

2039 3807 2235 3869 ptenos
2261 3817 2325 3856 ex
2356 3802 2445 3867 iis,
2475 3803 2625 3868 facit,
2645 3805 2807 3875 idque
2840 3805 2991 3875 ipsos
3021 3807 3087 3861 de
3116 3800 3355 3878 supremi
3384 3810 3627 3879 parentis

2038 3891 2312 3944 sententia
2344 3895 2657 3962 suscepisse
2684 3895 2898 3950 statuit.

2109 3981 2199 4037 ιν.
2229 3984 2549 4040 Basilidiani
2600 3986 2867 4043 foeditatis
2914 3988 3162 4058 ejusdem
3199 3991 3338 4045 socii
3372 3990 3440 4044 ad
3471 3989 3626 4046 Basi-

2037 4071 2183 4127 liden
2215 4075 2482 4145 originem
2517 4075 2784 4140 referunt,
2821 4078 2918 4147 qui
2952 4093 3076 4131 cum
3117 4077 3399 4133 Saturnilo
3443 4080 3626 4135 Simo—

2038 4165 2241 4229 nianis,
2280 4181 2345 4220 ac
2375 4165 2788 4223 Menandrianis
2819 4184 3040 4238 operam
3074 4170 3267 4227 dedit:
3306 4186 3371 4226 ac
3403 4160 3622 4229 tametsi

2036 4256 2224 4311 eadem
2261 4256 2372 4311 fere
2400 4258 2618 4320 sentiat,
2661 4258 2717 4311 in
2747 4257 3076 4328 quibusdam
3117 4268 3297 4315 tamen
3325 4261 3618 4333 discrepat.

2036 4348 2171 4403 Nam
2199 4351 2454 4405 cmlestes
2493 4350 2654 4405 orbes
2685 4365 2889 4406 cccnxv
2920 4353 3228 4418 constituit,
3256 4370 3396 4424 quos
3446 4370 3618 4425 unge-

2037 4440 2161 4493 licis
2186 4440 2505 4496 nominibus
2535 4440 2700 4495 allicit
2730 4460 2744 4495 :
2776 4441 3006 4513 ideoque
3038 4443 3267 4499 totidem
3301 4446 3495 4502 diebus
3522 4462 3626 4501 an-

347 4535 595 4590 ἐνιαυτὸν
643 4535 912 4591 τοσούτων
954 4540 1174 4610 ἡμερῶν
1209 4535 1369 4605 εἶναι,
1415 4539 1510 4593 καὶ
1552 4538 1611 4592 τὸ
1658 4539 1959 4611 Ἀδρασὰξς

2047 4548 2167 4586 num
2194 4540 2450 4588 constare
2472 4541 2681 4589 censet.
2705 4533 2870 4588 Addit
2892 4544 2946 4590 et
2968 4535 3307 4592 Abrasaxam
3333 4540 3619 4609 cujusdam

345 4626 521 4696 ὄνομα
548 4627 828 4699 δυνάμεως
849 4670 862 4692 ,
893 4627 922 4682 ὃ
949 4629 1104 4700 φέρει
1130 4629 1311 4700 ψῆφον
1340 4630 1465 4698 τξε⁸,
1497 4632 1591 4685 καὶ
1618 4627 1756 4687 εἷναί
1797 4650 1930 4706 φησι

2047 4625 2263 4680 virtutis
2285 4640 2507 4690 nomen,
2527 4642 2648 4696 quae
2665 4640 2871 4681 cccnxv
2894 4643 3182 4683 numerum
3214 4630 3415 4686 litteris
3436 4633 3619 4703 expri-

344 4716 510 4770 τοῦτο
537 4719 690 4787 ἅγιον
720 4718 946 4791 Πνεῦμα
971 4720 1161 4790 ὄνομα.

421 4808 497 4862 Ε⁹.
537 4811 877 4876 Νικολαῗται,
903 4814 1012 4866 ἀπὸ
1040 4813 1308 4868 Νικολάου
1342 4814 1438 4868 τοῦ
1464 4815 1556 4869 ἐπὶ
1582 4818 1703 4881 ταῖς
1730 4818 1930 4891 χήραις

345 4898 456 4951 ὑπὸ
478 4899 584 4953 τῶν
609 4901 923 4955 ἀποστόλων
945 4901 1254 4972 ταχθέντος,
1287 4903 1345 4968 ὃς
1370 4904 1457 4958 διὰ
1476 4904 1638 4975 ζῆλον
1665 4907 1763 4979 τῆς
1793 4909 1929 4972 ἰδίας

344 4992 594 5061 γαμετῆς
614 4993 715 5062 τὴν
745 4993 1134 5066 αἰσχρουργίαν
1163 4994 1284 5065 ἅμα
1310 4998 1422 5059 τοῖς
1451 4995 1631 5060 ἄλλοις
1661 4998 1928 5053 ἐπιτελεῖν

343 5079 473 5142 τοὺς
499 5080 663 5134 αὑτοῦ
691 5082 937 5153 μαθητάς
958 5083 1160 5150 ἐδίδαξε
1183 5086 1307 5137 ’καὶ
1331 5086 1458 5156 περί
1485 5088 1579 5139 τοῦ
1603 5087 1925 5161 Καύλακαχ,

330 5158 445 5222 ίκαὶ
482 5170 799 5242 Προυνίκου,
831 5174 927 5228 καὶ
968 5173 1142 5229 ἄλλων
1174 5175 1520 5247 βαρϐαρικῶν
1553 5158 1928 5249 ὀνομάτων,

340 5259 425 5331 τῷ
455 5262 643 5334 κόσμῳ
685 5267 943 5337 μυσαρῶς
972 5268 1321 5338 εἰσηγήσατο.

419 5355 511 5420 ς’.
544 5355 858 5422 Γνωστικοὶ,
895 5359 943 5410 οἰ
980 5358 1080 5422 τὰς
1111 5358 1278 5424 αὐτὰς
1329 5361 1567 5433 αἱρέσεις
1609 5362 1926 5437 διαδεξάμε-

341 5464 457 5500 νοι·
493 5448 654 5504 πλέον
688 5450 744 5504 δὲ
771 5452 952 5506 αὐτῶν
995 5454 1214 5508 πάντων
1240 5454 1340 5525 τὴν
1378 5455 1711 5527 αἰσχρότητα
1741 5459 1925 5530 ἐμμα-

342 5538 455 5602 νῶς
484 5539 872 5611 ἐργαζόμενοι·
907 5544 963 5595 ὲν
1007 5544 1270 5617 Αἰγύπτῳ
1306 5546 1364 5598 δὲ
1394 5548 1780 5616 Στρατιωτικοὶ
1821 5572 1922 5608 κα-

344 5627 598 5699 λούμενοι
652 5632 746 5685 καὶ
802 5634 1145 5689 Φιὸιωνῖται·
1197 5639 1255 5690 ἐν
1300 5637 1358 5691 δὲ
1412 5642 1532 5704 τοῖς·
1575 5642 1925 5715 ἁνωτερικοῖς

349 5720 539 5792 μέρεσι
565 5724 959 5789 Σεκουνδιανοί,
988 5727 1046 5780 ἐν
1066 5726 1241 5792 ἄλλοις
1267 5727 1324 5781 δὲ
1349 5728 1539 5801 μέρεσι
1562 5732 1920 5804 Σωκρατῖται,

347 5814 497 5887 παρὰ
521 5815 579 5870 δὲ
620 5815 831 5888 ἑτέροις
863 5820 1139 5891 Ζακχαῖοι.
1173 5821 1355 5876 Ἄλλοι
1392 5822 1447 5877 δὲ
1491 5824 1787 5892 Κοὸδανοὺς
1830 5832 1922 5885 αύ-

2038 4719 2160 4783 mit,
2193 4719 2357 4789 idque
2387 4720 2652 4790 Spiritum
2681 4737 2805 4776 esse
2831 4729 3082 4778 sanctum
3117 4724 3336 4781 asserit.

2109 4809 2176 4864 ν.
2212 4811 2497 4867 Nicolaitze
2529 4827 2558 4865 a
2592 4811 2817 4867 Nicolao
2857 4813 2951 4868 illo
2980 4812 3210 4868 derivati
3242 4824 3393 4881 sunt,
3428 4815 3516 4871 cui
3550 4818 3621 4872 ab

2038 4904 2307 4973 apostolis
2330 4903 2619 4959 viduarum
2650 4918 2783 4958 cura
2831 4907 3126 4961 commissa
3154 4906 3352 4962 fuerat.
3389 4906 3488 4962 Hic
3528 4924 3619 4963 ze-

2039 4992 2242 5063 lotypia
2269 4994 2337 5048 ob
2378 5008 2603 5048 uxorem
2631 5000 2895 5061 asstuans,
2926 5011 3049 5051 cum
3077 4997 3198 5051 aliis
3225 5007 3614 5068 praeposteram

2037 5088 2321 5143 libidinem
2353 5103 2610 5155 exercere
2639 5103 2773 5144 suos
2799 5088 3021 5144 docuit.
3057 5089 3163 5143 Sed
3198 5097 3251 5143 et
3282 5087 3612 5155 Caulacacb.

2035 5188 2090 5235 et
2119 5178 2441 5245 Prunicum,
2473 5188 2527 5236 et
2555 5181 2663 5235 alia
2696 5181 2981 5236 nominum
3014 5187 3267 5251 portenta
3300 5182 3531 5250 turpiter
3560 5182 3616 5236 in

2035 5271 2299 5329 mundum
2325 5273 2549 5329 invexit.
2639 5262 2653 5271 ’

2106 5363 2210 5434 53
2251 5363 2337 5419 Vl.
2382 5362 2591 5421 Harum
2645 5361 2891 5419 Gnostici
2935 5376 3287 5418 successores
3346 5362 3614 5419 lneresum

2033 5455 2196 5526 longe
2222 5469 2413 5510 omnes
2443 5452 2800 5524 turpitudinis
2829 5459 2993 5521 atque
3016 5452 3365 5508 exsecranda:
3388 5452 3613 5507 foedita-

2032 5550 2105 5605 tis
2143 5548 2365 5606 vesania
2409 5552 2761 5617 superarunt.
2795 5544 3057 5601 Militares
3085 5560 3249 5614 porro
3286 5545 3339 5599 in
3373 5544 3612 5617 IEgypto

2032 5643 2313 5711 dicuntur,
2343 5651 2397 5697 et
2418 5638 2779 5704 Pbibionitae;
2808 5636 2864 5692 in
2892 5638 3174 5708 superiore
3199 5647 3372 5694 tractu
3401 5635 3614 5692 Secun-

2033 5736 2215 5801 diani;
2263 5733 2393 5789 alibi
2440 5729 2758 5795 Socratitm;
2793 5729 2863 5785 ab
2894 5729 3019 5786 aliis
3046 5728 3280 5797 Zacltwi.
3328 5729 3467 5783 Sunt
3514 5730 3611 5798 qui

2030 5847 2126 5890 eos
2154 5828 2464 5889 Coddianos
2501 5825 2815 5894 nominent;
2847 5824 3068 5899 quidam
3100 5823 3455 5897 Βορσορίτας,
3492 5823 3606 5880 εἱιο
