4022 6424
470 388 580 447 283

1886 397 1944 454 S.
1987 397 2331 455 ENPIIANII

3622 398 3718 455 εει

473 504 793 564 lutulentos.
839 508 923 564 Ab
950 509 1071 565 istis
1118 507 1368 575 Barbelo,
1429 509 1544 565 sive
1563 509 1824 581 Barbaro,
1866 516 2057 572 nescio

2175 518 2288 580 τοὺς
2316 515 2592 585 λέγουσιν’
2627 513 2852 569 ἀλλοιδέ
2890 513 3218 586 Βορσορίτας
3245 511 3437 576 αὐτοὺς
3466 510 3719 569 καλοῦδιν.

470 612 596 669 quae
626 600 911 669 prmdicari
945 602 1101 657 solet.

549 689 659 745 VIl.
688 690 1098 763 Carpoeratiani
1130 709 1161 748 a
1193 693 1527 766 Carpocrate
1555 697 1790 767 quodam
1820 698 2065 756 Asiatico

474 782 759 854 dicti,.qui
797 786 862 840 ad
892 802 1055 840 Ollillc
1091 788 1492 857 turpitudinum
1519 805 1583 844 ac
1610 788 1937 861 ﬂagitiorum
1967 808 2061 863 ge-

474 891 583 930 nus
626 876 930 947 discipulos
979 877 1337 933 infortztabat.
1377 880 1531 948 Quod
1584 882 1628 937 si
1667 884 1812 952 quis,
1859 885 2058 951 aiebat,

476 985 586 1023 non
620 971 799 1023 munia
844 971 1197 1039 percurrerit.
1231 987 1410 1041 neque
1436 974 1766 1041 daemonum,
1811 985 1867 1031 et
1897 994 2061 1048 ange-

478 1062 654 1114 lorum
687 1062 929 1115 omnium
967 1063 1233 1116 voluntati
1272 1064 1625 1127 satisfecerit,
1658 1082 1971 1136 supremum
2006 1069 2062 1123 in

477 1156 673 1208 emlum
702 1154 856 1208 evehi
890 1155 1113 1209 minime
1140 1165 1338 1225 potest,
1368 1173 1547 1227 neque
1577 1160 1938 1229 principatus,
1966 1176 2063 1230 po-

477 1253 816 1314 testatesque
871 1247 1286 1302 transcendere.
1332 1248 1629 1303 Asserebat
1684 1251 1826 1305 idem
1873 1250 2059 1306 Jesum

480 1346 659 1391 mente
698 1339 983 1408 praeditam
1021 1340 1261 1394 animam
1294 1342 1618 1411 sumpsisse,
1664 1352 1719 1397 et
1748 1344 2063 1415 cognitione

479 1429 791 1483 ewlestium
823 1431 1094 1486 imbutum
1133 1431 1447 1489 hominibus
1480 1448 1542 1488 ea
1577 1436 1897 1491 nuntiasse:
1922 1451 1985 1490 ac
2013 1436 2062 1491 si

478 1520 607 1589 quis
654 1521 869 1583 eadem,
902 1536 1024 1591 quae
1068 1520 1228 1578 Jesus
1272 1524 1425 1588 olim,
1468 1532 1767 1595 perpetret,
1810 1525 1955 1580 haud
1995 1542 2063 1582 eo

480 1612 796 1667 inferiorem
833 1612 1100 1670 futurum.
1136 1614 1362 1670 Demum
1392 1616 1563 1687 legem
1599 1634 1704 1672 una
1751 1635 1875 1674 cum
1918 1636 2062 1676 morv

481 1710 706 1757 tuorum
738 1709 1143 1791 resurrectione
1173 1708 1486 1772 damnabat,
1513 1711 1974 1778 quemadmodum
2009 1719 2064 1768 et

482 1792 814 1860 Simoniani,
866 1800 1159 1868 czeterique
1198 1814 1410 1866 omnes,
1449 1816 1588 1870 quos
1618 1802 1907 1874 hucusque
1940 1820 2065 1875 per-

2163 600 2322 660 Οῦτοι
2350 606 2449 678 τὴν
2489 603 2747 677 Βαρσελὼ
2770 605 2864 659 καί
2889 603 3149 676 Βαρϐερὼ
3179 602 3422 674 αὐχοῦσι.

2236 697 2311 754 Ζ’.
2341 698 2843 769 Καρποκρατιανοί,
2870 696 2979 749 ἀπὸ
3009 695 3436 767 Καρποκράτους
3467 691 3607 756 τινδς
3626 692 3725 747 τῶν

2163 789 2221 862 ἐν
2252 792 2316 861 τῇ
2362 790 2538 862 Ἀσίᾳ,
2572 789 2630 854 ὃς
2656 789 2901 842 ἐδίδασκε
2942 790 3123 842 πᾶσαν
3168 786 3553 858 αἰσχρουργίαν
3586 787 3729 839 ἐκτε-

2163 858 2420 946 λεῖνξκαὶ
2448 858 2554 935 παν
2588 880 2925 951 ἐπιτήδευμα
2972 879 3266 950 ἁμαρτίας.
3301 879 3406 932 Καὶ
3449 879 3497 930 εἰ
3534 878 3726 949 μήτις,

2165 974 2320 1044 φησί,
2353 972 2440 1025 διὰ
2489 958 2708 1026 πάντων
2743 969 3023 1042 παρέλθοι,
3068 970 3160 1022 καί
3188 969 3247 1022 τὸ
3275 968 3483 1039 θέλημα
3526 970 3727 1022 πάντων

2161 1065 2271 1119 τῶν
2326 1062 2594 1133 δαιμόνων
2639 1061 2733 1115 καὶ
2783 1059 3030 1128 ἀγγέλων
3080 1058 3356 1132 ἐκτελέσῃ.
3405 1061 3465 1113 οὐ
3522 1059 3729 1113 δύναται

2166 1157 2268 1208 ὑπε
2279 1153 2472 1225 ρὸἧναι
2502 1154 2582 1215 εἰς
2606 1152 2697 1204 τὸν
2726 1150 3001 1204 ἀνώτατον
3030 1151 3280 1221 οὐρανὸν,
3309 1150 3426 1203 οὐδὲ
3451 1150 3547 1215 τὰς
3569 1152 3730 1223 ἀρχὰς

2165 1248 2260 1302 καὶ
2289 1246 2389 1309 τὰς
2430 1244 2677 1312 ἐξουσίας
2720 1241 3031 1313 παρελθεῖν.
3071 1242 3264 1311 Ἔλεγε
3311 1242 3367 1295 δέ
3409 1242 3502 1297 τδν
3539 1242 3731 1314 Ἰησοῦν

2162 1336 2340 1409 ψυχὴν
2388 1335 2580 1407 νοεράν
2617 1333 2918 1405 εἰληφέναι,
2954 1333 3134 1387 εἰδότα
3177 1332 3232 1386 δὲ
3263 1331 3333 1386 τὰ
3361 1332 3474 1387 ἄνω
3512 1334 3732 1414 ἐνταῦθα

2164 1428 2583 1498 καταγγέλλειν·
2623 1426 2719 1480 καὶ
2755 1426 2831 1490 ὡς
2865 1426 2920 1479 εῐ
2946 1443 2997 1479 τι
3032 1426 3290 1497 πράξειεν
3316 1426 3494 1505 ’ὃμοια
3524 1425 3601 1496 τῷ
3639 1428 3735 1497 ’1η-

2168 1523 2285 1589 σοῦ,
2319 1523 2439 1578 κατ’
2473 1523 2635 1576 αὐτὸν
2662 1517 2825 1575 εἶναι.
2860 1522 2964 1575 Τόν
2991 1538 3052 1574 τε
3085 1523 3247 1593 νόμον
3277 1523 3374 1575 σὺν
3416 1523 3483 1591 τῇ
3527 1519 3632 1573 τῶν
3655 1535 3734 1571 νε-

2167 1615 2316 1686 κρῶν
2348 1613 2641 1667 ἀναστάσει
2671 1611 3036 1682 ἀπηγόρευεν,
3058 1611 3134 1675 ὡς
3157 1612 3213 1665 αἰ
3247 1610 3357 1665 ἀπὸ
3379 1610 3616 1680 Σίμωνος
3649 1607 3734 1660 καὶ

2164 1705 2326 1779 δεῦρο
2373 1705 2630 1776 αἱρέσεις.
2680 1703 2884 1758 Τούτου
2926 1703 3149 1772 γέγονεν
3191 1704 3224 1774 η
3262 1704 3318 1755 ἐν
3364 1700 3552 1774 Ῥώμῃ
3591 1699 3734 1769 Μαρ-

2168 1796 2407 1851 κελλίνα.
2463 1795 2691 1858 Εἰκόνας
2718 1795 2774 1847 δέ
2807 1796 3036 1865 ποιήσας
3078 1795 3135 1847 ἐν
3180 1795 3364 1865 κρυφῇ
3410 1790 3604 1873 Ἰησοῦ,
3650 1789 3735 1841 καλ⁵

480 1884 696 1939 censui.
734 1883 813 1938 Ex
858 1885 1023 1954 hujus
1058 1902 1222 1959 grege
1252 1887 1566 1946 Marcellino
1597 1893 1688 1947 illa
1725 1871 1909 1949 Romae
1936 1871 2059 1949 Iuit.

2175 1888 2403 1953 Παύλου,
2432 1887 2526 1942 καὶ
2573 1878 2832 1959 Ὀμήρου,
2864 1886 2957 1939 πηιαί⁸
2990 1884 3331 1958 Πυθαγόρου,
3362 1871 3583 1947 ταύταις
3623 1880 3735 1934 ἐθυ-

479 1974 663 2045 Λιῳιθ
694 1976 832 2031 idem
859 1976 1011 2041 Jesu,
1046 1977 1333 2051 Paulique,
1379 1996 1481 2037 nec
1516 2000 1624 2037 non
1654 1992 1709 2038 et
1745 1983 1965 2040 Homeri
1998 2001 2063 2040 ac

485 2066 805 2139 Pythagorae
848 2071 1159 2126 clanculum
1207 2073 1473 2143 imagines
1519 2074 1750 2147 ﬁngens,
1790 2077 2065 2133 sumtibus

482 2176 578 2216 eas
613 2172 664 2215 et
689 2161 1005 2218 adoratione
1038 2175 1363 2234 pmsecutus
1395 2177 1501 2222 est.

556 2252 688 2307 VIII.
730 2254 1093 2320 Cerinthiani,
1148 2258 1265 2314 sive
1298 2259 1671 2324 Merinthiani,
1703 2276 1733 2315 a
1761 2261 2021 2317 Cerintho
2045 2301 2062 2326 ,

483 2346 568 2401 vel
603 2345 871 2403 Merintho
897 2347 1112 2403 Iudaici
1158 2353 1376 2420 generis
1426 2354 1778 2418 exstiterunt,
1819 2356 1911 2424 qui
1956 2355 2068 2408 cir-

483 2439 875 2495 cumcisionem
910 2456 1020 2511 prae
1046 2457 1106 2497 se
1141 2443 1409 2497 ferebant.
1456 2444 1716 2499 Mundum
1749 2446 1817 2500 ab
1859 2446 2068 2516 angelis

484 2534 838 2601 fabricatum,
878 2535 1065 2591 Iesum
1101 2538 1167 2593 ad
1216 2538 1426 2594 Christi
1464 2539 1788 2609 dignitatem
1835 2555 1930 2609 per
1966 2540 2070 2594 vir-

485 2634 659 2682 tutum
688 2628 1022 2683 incrementa
1053 2631 1369 2700 pervenisse
1395 2628 1676 2687 dixerunt.

556 2715 648 2770 IX.
690 2715 957 2773 Nazareni
1000 2720 1074 2773 ita
1107 2717 1468 2775 Jesum‘esse
1512 2720 1816 2784 Christum,
1868 2718 2072 2791 Deique

485 2805 685 2862 Filium
733 2819 1109 2875 asseruerunt,
1153 2818 1210 2864 ut
1245 2810 1414 2867 Musis
1464 2812 1639 2883 legem
1672 2812 1900 2867 omnino
1946 2812 2072 2867 vita:

486 2899 556 2954 ad
583 2900 891 2955 institutum
922 2902 1277 2956 adsciverint.

560 2988 625 3044 Χ.
678 2989 1093 3056 Cerinthianis,
1152 3008 1217 3047 ac
1262 2991 1563 3048 Nazarenis
1622 2993 1887 3047 simillimi
1943 3000 2073 3049 sunt

486 3081 777 3145 Ehionitae,
814 3084 1015 3154 quibus
1052 3099 1176 3138 cum
1230 3083 1546 3154 Sampsmis,
1588 3092 1642 3139 et
1674 3083 1930 3141 Elcesaeis
1971 3086 2073 3139 ali-

487 3188 596 3245 qua
627 3190 693 3229 ex
720 3184 873 3245 parte
900 3176 1179 3230 convenit.
1239 3177 1302 3230 lli
1343 3177 1621 3231 Christum
1655 3178 1709 3231 in
1745 3179 1888 3232 cmlo
1914 3192 2072 3232 crea-
2095 3205 2143 3266 ο

486 3275 627 3335 tum,
678 3269 908 3338 ejusque
957 3277 1210 3324 sanetum
1260 3268 1522 3339 Spiritum
1572 3270 1862 3323 afﬁrmant.
1914 3268 2070 3325 Illum

487 3357 668 3427 ipsum
702 3358 755 3411 in
788 3359 1058 3412 Adamum
1094 3375 1216 3414 sese
1250 3359 1518 3415 iufudisse
1550 3363 1754 3431 primo,
1787 3375 1852 3413 ac
1876 3361 2074 3415 deinde

489 3449 715 3505 exuisse
744 3460 1010 3516 narrant;
1047 3458 1159 3505 tum
1195 3453 1433 3508 subiisse
1464 3454 1681 3518 denuo;
1714 3452 1877 3523 idque
1920 3468 2074 3508 com-

491 3539 714 3593 modum
749 3540 967 3602 fecisse,
998 3555 1124 3593 cum
1156 3540 1211 3594 in
1245 3551 1420 3596 terras
1442 3557 1672 3610 corpore
1703 3541 2074 3596 circumfusus

486 3628 736 3683 advenit.
771 3630 848 3684 Ac
879 3631 1007 3686 licet
1033 3630 1204 3685 Judaei
1242 3632 1375 3695 sint,
1407 3630 1760 3702 Evangelium
1795 3632 2076 3686 nihilomi-

494 3734 602 3774 nus
640 3720 921 3778 adhibent.
958 3722 1217 3776 Caruium
1264 3738 1419 3777 esum
1468 3723 1831 3778 detestantur.
1864 3724 2075 3793 Aquam

493 3822 597 3877 pro
629 3806 740 3863 Deo
775 3820 1126 3865 venerantur.
1154 3810 1434 3865 Christum
1469 3815 1521 3866 in
1555 3829 1655 3867 suo
1688 3812 1800 3877 illo,
1837 3814 1914 3867 uti
1944 3813 2078 3868 dixi-

495 3913 644 3961 mus,
688 3899 922 3954 advcntu
964 3900 1240 3954 hominem
1282 3900 1525 3957 induisse
1568 3902 1780 3957 dicunt.
1833 3901 2078 3974 Denique

495 3988 656 4058 aquis
685 4004 745 4044 se
775 3991 1070 4045 identidem
1107 3998 1216 4045 tam
1248 3991 1427 4046 hieme
1459 4008 1620 4062 quam
1648 4001 1839 4047 testate
1872 3995 2074 4057 lavant,

496 4080 607 4155 55,
655 4083 911 4137 nimirum
970 4086 1224 4153 puritatis
1279 4085 1639 4139 concilianda:
1696 4084 1799 4139 sibi
1858 4086 2075 4155 gratia,

496 4174 953 4243 quemadmodum
990 4173 1293 4232 Samaritae.

488 4277 513 4300 θ
567 4263 658 4322 XI.
704 4264 973 4320 Valentini
1015 4283 1309 4338 corporum
1353 4267 1817 4324 resurrectionem
1854 4276 2076 4340 negant.

501 4353 668 4410 Vetus
699 4354 1133 4423 Testamentum,
1188 4375 1253 4413 ac
1294 4361 1591 4430 prophetas
1627 4369 1913 4433 respuunt.
1949 4360 2083 4428 Qua:

496 4446 858 4502 nihilominus
884 4450 1068 4519 legunt
1107 4450 1233 4521 ipsi,
1268 4459 1322 4506 et
1349 4452 1395 4505 si
1427 4453 1559 4521 quid
1588 4463 1670 4507 est
1692 4454 1837 4524 quod
1859 4454 1926 4507 ad
1957 4453 2082 4507 illo-

2168 1979 2265 2051 μία
2294 1979 2388 2033 καὶ
2414 1977 2754 2049 προσεκύνει.

2239 2266 2320 2320 II'.
2356 2266 2732 2339 Κηρινθιανοὶ,
2782 2267 2832 2319 οἰ
2886 2268 2979 2319 καὶ
3018 2264 3404 2336 Μηρινθιανοί·
3454 2255 3595 2317 οὗτοι
3641 2260 3738 2317 ἀπὸ

2168 2362 2441 2434 Κηρίνθου
2471 2363 2566 2415 καὶ
2607 2360 2886 2433 Μηρίνθου
2931 2360 3174 2415 Ἰουδαῖοί
3220 2375 3366 2418 τινες
3406 2357 3504 2428 τὴν
3536 2372 3740 2427 περιτο-

2170 2452 2279 2526 μὴν
2331 2452 2654 2524 αὐχοῦντες·
2691 2452 2780 2505 τὸν
2823 2452 2882 2507 δὲ
2934 2451 3139 2523 κόσμον
3179 2449 3270 2504 ὑπ’
3309 2447 3558 2518 ἀγγέλων
3593 2463 3739 2518 γεγεο

2170 2543 2367 2615 νῆσθαι
2401 2542 2671 2612 λέγοντες,
2713 2540 2920 2614 Ἰησοῦν
2951 2542 3008 2597 δέ
3042 2542 3183 2597 κατὰ
3206 2540 3494 2614 προκοπὴν
3522 2538 3737 2612 Χριστὸν

2171 2635 2488 2707 κεκλῆσθαι.

2242 2724 2337 2781 Θ’.’
2374 2724 2707 2797 Ναζωραῖοι,
2753 2723 2803 2779 οἳ
2844 2723 3079 2794 Χριστὸν
3135 2722 3497 2795 ὁμολογοῦσιν
3550 2719 3741 2792 Ἰησοῦν

2173 2817 2300 2871 Υἱδν
2332 2816 2492 2884 Θεοῦ,
2525 2816 2703 2870 πάντα
2730 2815 2788 2868 δὲ
2817 2816 2958 2869 κατά
2987 2815 3151 2887 νόμον
3182 2814 3611 2885 πολιτευόμενοι.

2244 2993 2301 3047 I'.
2344 2991 2664 3054 Ἐὁιωναῖοι,
2693 2991 2743 3045 οἰ
2786 2990 3157 3063 παραπλήσιοι
3200 2989 3308 3044 τῶν
3341 2987 3742 3062 προειρημένων

2173 3082 2552 3156 Κηρινθιανῶν
2582 3084 2678 3136 καί⁸
2714 3082 3054 3154 Ναζωραίων
3074 3099 3089 3117 ο
3120 3077 3203 3146 οἷς
3237 3081 3489 3154 συνήερθη
3537 3079 3671 3135 κατά
3696 3094 3742 3132 τι

2175 3177 2207 3248 ἡ
2230 3176 2339 3230 τῶν
2366 3175 2666 3245 Σαμψαίων
2692 3193 2750 3228 τε
2788 3176 2879 3228 καὶ
2919 3174 3248 3228 Ἐλκεσαίων
3275 3175 3509 3246 αἵρεσις.
3540 3174 3601 3228 Ο¹ἰ
3621 3174 3742 3243 Χρι-

2176 3268 2296 3321 στόν
2331 3284 2496 3337 φασιν
2546 3266 2828 3320 κεκτίσθαι
2867 3268 2924 3319 ἐν
2967 3265 3048 3337 τῷ
3091 3265 3325 3338 οὐρανῷ,
3370 3268 3471 3319 καὶ
3506 3266 3568 3319 τὸ
3604 3264 3741 3333 ἅγιον

2172 3357 2339 3411 αὑτοῦ
2368 3356 2614 3428 Πνεῦμα.
2661 3356 3077 3427 Ἑνδημήσαντα
3108 3355 3166 3408 δὲ
3203 3356 3294 3407 τὸν
3330 3355 3567 3426 Χριστὸν
3597 3356 3651 3408 ἐν
3676 3353 3745 3424 τῷ

2187 3451 2357 3520 Ἀδὰμ
2401 3450 2638 3520 πρῶτον,
2690 3450 2784 3501 καὶ
2817 3447 2959 3502 κατά
2999 3446 3189 3518 καιρὸν
3235 3446 3562 3517 ἐκδυόμενον
3599 3444 3746 3499 αὐτὸν

2174 3539 2264 3591 τὸν
2308 3538 2498 3609 Ἀδὰμ.
2527 3540 2623 3592 καὶ
2654 3539 2814 3592 πάλιν
2847 3539 3190 3609 ἐνδυόμενον,
3224 3537 3286 3590 τὸ
3320 3538 3459 3591 αὐτὸ
3489 3536 3643 3591 τοῦτό
3664 3552 3744 3604 φα-

2178 3646 2260 3684 σιν
2286 3631 2691 3685 ἐκτετελεκέναι
2721 3630 2883 3684 αὑτὸν
2912 3631 2969 3683 ἐν
2996 3632 3062 3701 τῇ
3085 3629 3336 3700 ἐνσὰρκῳ
3359 3627 3530 3683 αὐτοῦ
3558 3643 3746 3699 παρου-

2177 3723 2289 3795 σίᾳ.
2337 3724 2579 3777 Ἰουδαῖοι
2606 3723 2661 3776 δὲ
2705 3723 2857 3786 ὄντες
2886 3708 3235 3789 Εὐαγγέλίοις
3281 3721 3597 3792 κέχρηνται.
3622 3720 3746 3791 Σαρ-

2176 3817 2448 3886 κοφαγὶαν
2483 3814 2876 3886 βδελύττονται.
2915 3814 2989 3868 Τὸ
3035 3812 3179 3885 ὕδωρ
3213 3813 3335 3866 ἀντὶ
3374 3812 3514 3866 Θεοῦ
3548 3811 3746 3882 ἔχουσι’

2176 3907 2266 3961 τὸν
2296 3908 2353 3961 δὲ
2395 3907 2632 3977 Χριστὸν
2666 3907 2951 3977 ἄνθρωπον
2995 3906 3053 3959 ἐν
3078 3907 3143 3976 τῇ
3193 3903 3451 3975 ὲνσάρκῳ
3496 3899 3746 3973 παρουσίᾳ

2179 3996 2510 4062 ἐνδεδύσθαι,
2540 3998 2615 4062 ὡς
2644 3998 2797 4069 ἔφην.
2837 3997 3083 4068 Συνεχῶς
3109 3996 3166 4049 δὲ
3198 3994 3552 4065 βαπτίζονται
3583 3993 3749 4053 ἐντοῖς

2180 4089 2336 4144 ὕδασι
2368 4090 2560 4162 θέρους
2590 4108 2647 4145 τε
2683 4090 2778 4144 καὶ
2821 4089 3113 4161 χειμῶνος,
3157 4087 3239 4149 εἰς
3284 4086 3551 4158 ἁγνισμὸν
3585 4083 3748 4154 δῆθεν,

2179 4179 2367 4251 ὥσπερ
2395 4181 2445 4233 οἰ
2484 4181 2838 4251 Σαμαρεῖται.

2248 4271 2352 4328 IA'.
2397 4272 2770 4336 Οὐαλεντῖνοι,
2832 4272 2881 4325 οἳ
2927 4271 3129 4342 σαρκὸς
3183 4273 3281 4343 μὲν
3327 4266 3751 4340 ἀπαγορεύουσιν

2181 4363 2499 4428 ἀνάστασιν,
2534 4362 2780 4417 Παλαιὰν
2817 4364 3092 4434 Διαθήκην
3128 4362 3379 4417 ἀθετοῦσι
3434 4363 3526 4417 καὶ
3554 4354 3749 4429 προφήο

2183 4469 2301 4516 τας,
2333 4451 2801 4519 ἀναγινώσκοντες
2831 4452 2930 4523 μὲν
2963 4454 3054 4505 καὶ
3088 4453 3188 4506 ὅσα
3211 4454 3289 4515 εἰς
3321 4450 3580 4521 ὁμοίωσιν
3609 4445 3751 4499 δύνα-

498 4554 621 4592 rum
671 4539 900 4594 haeresin
945 4557 1040 4609 per
1089 4544 1313 4612 ligurum
1355 4558 1419 4596 ae
1449 4553 1662 4614 tropum
1681 4546 2074 4600 accommodari

2185 4558 2274 4595 ται
2297 4541 2740 4613 τροπο).ογεῖσθαι
2766 4542 2867 4608 τῆς
2891 4542 3071 4595 αὐτῶν
3102 4543 3386 4614 αἱρέσεως,
3418 4540 3515 4593 καὶ
3546 4536 3750 4607 δεχόμε-

498 4630 693 4699 possit.
738 4631 790 4685 id
831 4632 1153 4686 admittunt.
1204 4632 1313 4688 Sed
1361 4646 1542 4690 certas
1570 4638 1834 4706 quasdam
1868 4637 2082 4692 fabulas

501 4721 856 4787 addiderunt,
886 4734 939 4778 et
971 4725 1191 4795 triginta
1213 4741 1425 4780 :eonum
1463 4728 1757 4798 utriusque
1790 4744 1956 4785 sexus
1985 4743 2081 4783 voc

501 4814 703 4868 eabula
732 4814 1024 4868 commenti
1057 4821 1219 4878 sunt;
1255 4830 1393 4883 quos
1425 4815 1642 4885 quidem
1665 4832 1849 4873 aeonas
1871 4819 1940 4872 ab
1962 4818 2087 4872 uni-

502 4918 792 4961 versurum
821 4913 1048 4974 parente
1075 4919 1140 4958 ac
1171 4906 1456 4961 conditore
1473 4908 1770 4977 productos
1805 4918 2082 4975 asserunt,

502 5010 644 5067 quos
664 5003 720 5050 et
746 4993 899 5061 deos,
929 5003 982 5049 et
998 5011 1183 5050 arenas
1209 4993 1438 5051 faciunt.
1480 4996 1704 5051 Demum
1747 4998 2023 5055 Christum
2056 5015 2088 5055 e

502 5090 645 5145 calo
687 5102 888 5158 corpus
938 5089 1222 5153 extulisse,
1268 5103 1333 5142 ac
1376 5104 1471 5158 per
1509 5089 1733 5144 Mariam
1773 5093 2085 5146 traductum

504 5194 631 5237 esse
660 5181 809 5236 velut
845 5195 943 5250 per
983 5183 1234 5236 tubulum
1262 5183 1602 5238 existimant.

577 5270 695 5326 XII.
738 5271 1095 5339 Secundiani,
1142 5289 1448 5345 eorumque
1475 5275 1613 5329 socii
1644 5272 1976 5344 Epiphanes,
2006 5281 2092 5327 at-

508 5378 617 5433 que
656 5362 923 5427 Isidorus,
954 5367 1146 5420 eadem
1198 5367 1344 5421 inter
1380 5383 1440 5422 se
1491 5367 1642 5436 paria
1698 5375 2092 5434 componentes

511 5470 639 5508 cum
685 5452 993 5511 Valentinis
1039 5459 1397 5513 consentiunt
1434 5477 1449 5512 :
1483 5458 1745 5512 nonnulla
1792 5465 1973 5513 tamen
2024 5457 2093 5511 ab

514 5546 582 5602 iis
606 5546 821 5602 diversa
849 5561 1092 5616 ponunt;
1140 5559 1195 5606 et
1234 5552 1302 5606 ad
1338 5553 1537 5606 ftedam
1564 5551 1792 5621 insuper
1815 5551 2091 5605 libidinem

516 5649 650 5690 suos
676 5636 995 5693 instituunt.
1026 5638 1191 5695 Iidem
1216 5651 1269 5696 et
1297 5642 1733 5698 lncarnationem
1764 5649 1982 5712 negant.

587 5809 728 5865 XIII.
770 5811 1049 5869 Ptolemaei
1092 5810 1363 5871 Valentini
1392 5816 1647 5885 discipuli
1688 5814 1928 5885 fuerunt,
1972 5815 2093 5887 qui-

2183 4649 2295 4685 νοιο
2345 4634 2537 4704 ἐτέρας
2582 4632 2640 4686 δέ
2686 4649 2839 4696 τινας
2892 4632 3215 4702 μυθολογίας
3271 4630 3751 4703 παρεισφέροντεςν

2183 4724 2477 4795 τριάκοντα
2499 4722 2708 4777 αἰώνων
2729 4724 3026 4794 ὀνομασίας
3047 4724 3297 4793 λέγοντες
3316 4715 3751 4786 ἀόὸενοθηλειῶνν

2185 4815 2321 4886 ὁμοῦ
2351 4831 2408 4869 τε
2437 4816 2502 4867 ἐκ
2535 4815 2629 4868 τοῦ
2664 4815 2879 4887 [ἰατρὸς
2911 4815 3018 4868 τῶν
3046 4817 3181 4869 omni
3222 4828 3639 4885 γεγενημενους,
3669 4804 3751 4866 οὓς

2188 4908 2282 4961 καὶ
2311 4906 2468 4973 θεοὺς
2493 4904 2755 4977 ἡγοῦνται
2788 4907 2884 4960 καὶ
2926 4905 3151 4970 αἰῶνας.
3183 4905 3285 4958 Τὸν
3320 4905 3377 4959 δὲ
3410 4902 3641 4975 Χριστὸν
3667 4894 3752 4951 ἀπ’

2188 4996 2421 5068 οὐρανοῦ
2460 4996 2620 5066 σῶμα
2668 4996 3003 5066 ἐνηνοχέναι,
3040 4998 3135 5049 καὶ⁸
3171 4995 3247 5058 ὡς
3288 4993 3378 5047 διὰ
3416 4992 3649 5063 σωλῆνας
3667 4984 3753 5056 τὴν

2188 5086 2409 5160 Μαρίαν
2443 5084 2925 5156 διαπεπερακένιι.

2264 5265 2365 5318 ΙΒ’.
2399 5261 2791 5326 Σεκουνδιανοὶ,
2830 5258 2913 5324 ιῖς
2962 5261 3289 5316 συνάπτεται
3332 5260 3627 5329 Ἐπιφάνης
3672 5251 3755 5307 καὶ

2205 5357 2494 5427 Ἰσίδωρος,
2529 5358 2648 5418 ταῖς
2694 5355 2835 5408 αὐτα
2858 5372 2887 5416 ς
2933 5354 3262 5426 κεχρημένοι
3298 5353 3392 5407 καὶ
3429 5345 3575 5405 οὗτοι
3604 5345 3743 5410 συζυ-

2193 5449 2358 5517 γίαις,
2388 5449 2455 5501 τὰ
2488 5448 2649 5518 ὅμοια
2690 5446 3028 5516 Οὐαλεντίνῳ
3068 5446 3492 5517 πεφρονηκότες,
3525 5434 3751 5511 ἕτεραδὲ

2195 5541 2326 5611 παρ’
2365 5539 2544 5593 αὐτῶν
2574 5537 2761 5599 ποσῶς
2787 5537 3155 5608 διηγούμενοι.
3185 5536 3542 5609 Προστιθέασι
3580 5532 3636 5583 δὲ
3665 5527 3752 5595 τὴν

2196 5632 2587 5705 αἰσχρουργίαν
2640 5631 3001 5705 διδάσκοντες.
3070 5629 3494 5703 ’Δπαγορεύουσι
3556 5624 3608 5677 δὲ
3671 5617 3750 5671 καί

2198 5716 2343 5776 οὗτοι
2366 5723 2466 5792 τὴν
2499 5724 2794 5794 σάρκωσιν.

2270 5816 2367 5871 II".
2400 5814 2745 5886 Πτολεμαῖοι,
2783 5812 3020 5886 μαθηταὶ
3055 5815 3147 5870 καὶ
3175 5813 3328 5868 αὑτοί
3356 5812 3505 5872 ὄντες
3536 5799 3745 5858 Οὐαλενο
