4022 6424
529 407 636 466 ‘23?

1958 394 2018 452 Β.
2070 390 2413 451 EPIPHANII

3685 386 3780 444 νεεδ

608 519 672 576 ll.
718 518 893 591 lgitur
921 534 988 575 ex
1030 518 1120 572 illa
1150 516 1419 571 malorum
1455 513 1767 569 daemonum
1804 506 2019 563 insania
2052 520 2117 560 ac

2290 502 2365 557 B’.
2394 492 2563 564 Οὗτος
2617 496 2715 570 μὲν
2741 493 2857 564 οὖν,
2894 496 3034 568 ἔχων
3075 494 3173 566 τὴν
3200 495 3433 549 διάνοιαν
3468 508 3782 567 πεπονηρευ-

534 613 767 684 magicis
798 611 1015 666 artibus
1054 608 1490 663 consceleratum
1532 605 1773 659 animum
1803 614 2017 672 gerens,
2049 606 2126 652 at-

535 720 642 777 que
683 706 900 759 illorum
937 700 1233 772 praestigiis
1274 698 1521 761 delusus,
1569 710 1695 752 cum
1726 693 1863 748 nihil
1902 690 2127 745 haberet

536 796 867 868 promptius,
909 808 1073 865 quam
1104 799 1161 846 ut
1192 791 1454 863 nequitia
1482 804 1599 845 sua:
1624 787 2138 853 veneficiorumquo

539 891 833 945 barbarum
889 887 1191 958 quoddam,
1236 901 1300 941 ac
1347 885 1464 940 suis
1503 884 1611 938 illis
1658 880 1980 936 auctoribus
2018 879 2128 932 dte-

535 981 792 1035 nionibus
826 980 1048 1049 dignum
1104 977 1382 1048 specimen
1425 975 1731 1039 exhiberet,
1769 972 1824 1026 in
1876 977 2125 1042 apertum

534 1073 823 1144 prorupit;
875 1087 938 1125 ac
991 1071 1096 1126 sub
1134 1069 1434 1124 Christiani
1477 1066 1719 1122 nominis
1763 1065 1967 1135 Specie,
2006 1072 2129 1117 tan-

535 1183 699 1236 quam
735 1176 955 1219 veratro
989 1164 1093 1218 mel
1138 1162 1472 1227 admiscens,
1511 1161 1591 1215 sic
1624 1159 1769 1213 illius
1809 1157 2127 1227 appellatio-

533 1256 622 1312 nis
656 1255 936 1326 splendori
973 1255 1134 1309 letale
1161 1269 1433 1309 venenum
1475 1249 1697 1313 infudit,
1732 1249 1897 1319 idque
1929 1250 1995 1303 iis
2032 1247 2129 1301 ob-

535 1350 661 1404 tulit
700 1338 863 1417 quos’
884 1345 1267 1401 fraudulenter
1315 1352 1569 1414 captatus
1609 1349 1664 1397 ct
1714 1341 1941 1410 impium
1983 1339 2131 1393 hunc

536 1443 594 1495 iu
625 1454 870 1495 errorem
904 1446 1210 1508 pertractos
1240 1436 1293 1490 in
1324 1435 1554 1490 exitium
1592 1432 1843 1488 adduxit.
1881 1430 2129 1499 Cumque

536 1532 593 1586 in
640 1528 908 1584 Venerem
961 1535 1160 1582 natura
1200 1527 1502 1598 proclivior
1551 1534 1720 1587 esset,
1766 1536 1957 1577 eorum
2008 1534 2131 1590 qua:

537 1618 903 1690 profitebatur
940 1619 1261 1689 dogmatum
1293 1614 1628 1672 verecundia
1680 1620 1991 1667 commotus
2036 1625 2129 1665 ne-

539 1712 836 1784 quissimas
878 1712 1201 1781 Opinionum
1242 1724 1418 1779 nugas
1467 1706 1760 1777 discipulis
1805 1706 1924 1761 suis
1955 1705 2130 1773 impo-

539 1813 660 1860 stor
694 1804 988 1875 persuasit.
1022 1802 1238 1856 Etenim
1272 1816 1461 1871 vagam
1493 1798 1787 1864 quamdam
1832 1796 2129 1850 muliercu-

542 1897 672 1956 lam,
711 1893 932 1948 nomine
968 1890 1253 1955 Helenam,
1288 1900 1505 1951 nactus,
1539 1889 1715 1958 patria
1746 1886 1987 1958 Tyriam,
2022 1882 2129 1940 sibi

540 2001 660 2041 eam
690 1985 933 2054 copulat,
960 1999 1197 2053 quacum
1236 1982 1416 2053 palam
1451 1982 1656 2035 nullam
1682 1980 1887 2034 habere
1915 1994 1974 2032 se
2002 1992 2134 2032 cou-

462 2104 467 2109 -
541 2075 893 2129 suetudinem
922 2073 1212 2133 simulans,
1257 2072 1422 2126 homo
1448 2070 1599 2125 vafer
1632 2071 1774 2123 clam
1800 2068 1949 2124 omni
1983 2084 2043 2123 se
2076 2068 2132 2121 iu

545 2163 837 2218 libidinum
884 2178 1084 2234 genere
1129 2161 1447 2225 volutabat;
1495 2168 1661 2230 atque
1701 2162 1864 2213 etiam
1901 2158 2134 2212 ridicula

544 2257 613 2311 de
644 2270 709 2310 ea
740 2270 799 2310 re
832 2254 1012 2309 fabula
1052 2252 1360 2323 discipulos
1396 2253 1653 2323 aspersit.
1695 2250 1765 2305 Se
1797 2251 1943 2306 enim
1985 2265 2138 2305 sum--

546 2361 690 2399 mam
729 2359 853 2400 esse
893 2342 988 2398 Dei
1032 2343 1178 2407 vim;
1215 2353 1460 2399 scortum
1506 2358 1637 2397 vero
1668 2357 1830 2397 suum
1870 2340 2134 2411 Spiritum

520 2436 670 2494 'esse
712 2447 962 2492 sanctum
994 2434 1267 2489 affirmare
1305 2450 1478 2490 ausus
1521 2443 1627 2500 est,
1664 2436 1825 2501 cujus
1871 2433 2137 2505 gratia'de

542 2531 687 2586 etelo
730 2529 1107 2585 descenderat.
1159 2527 1264 2583 Sed
1319 2528 1374 2581 in
1432 2543 1765 2598 unoquoque
1815 2528 1956 2580 etclo
2013 2542 2138 2596 pro-

543 2623 745 2692 priam,
794 2622 997 2683 aiebat,
1030 2621 1151 2689 ejus
1203 2620 1329 2674 cmli
1364 2619 1593 2673 formam
1622 2619 1797 2681 indui,
1833 2634 1942 2687 quo
1986 2632 2138 2671 meos

547 2713 775 2783 angelos
810 2713 980 2766 latere
1013 2727 1254 2781 possem,
1277 2719 1331 2766 et
1358 2710 1422 2764 ad
1451 2726 1623 2763 meam
1659 2710 1806 2762 illam
1835 2709 2141 2778 intelligente

550 2808 685 2860 tiam
721 2804 1139 2863 descenderem,
1173 2804 1278 2857 hoc
1313 2811 1398 2858 est
1428 2802 1687 2857 Helenam
1728 2803 1911 2864 istam,
1938 2817 2059 2872 qua:
2087 2808 2140 2855 et

551 2897 850 2960 Prunicus,
881 2904 935 2951 et
965 2896 1203 2966 Spiritus
1233 2905 1458 2951 sanctus
1487 2896 1826 2966 appellatur;
1860 2911 1956 2965 per
1976 2909 2139 2964 quam

547 2991 775 3062 angelos
811 2989 1034 3055 creari;
1088 2987 1268 3057 angeli
1312 3002 1475 3058 porro
1513 2986 1799 3050 mundum,
1838 2994 2001 3055 atque
2045 2985 2141 3037 ho-

548 3084 725 3138 mines
761 3081 1149 3136 coudideruut.
1198 3079 1457 3135 Eamdem
1494 3094 1618 3133 esse
1648 3078 2011 3132 confirmabat
2039 3076 2144 3131 lle-

546 3176 751 3238 lenam,
778 3174 940 3243 cujus
967 3189 1133 3228 causa
1153 3173 1353 3226 bellum
1375 3170 1596 3227 Graecos
1624 3170 1764 3223 inter
1784 3185 1847 3224 ac
1869 3168 2141 3238 Trojanos

546 3265 777 3320 exarsit.
828 3264 910 3318 Ad
964 3263 1079 3318 hmc
1126 3263 1365 3318 fabulam
1414 3261 1708 3331 adjiciebat
1752 3279 1766 3315 :
1818 3261 2024 3329 lapsam
2074 3260 2141 3314 de

555 3354 698 3408 (σξιο
721 3352 829 3407 vim
866 3352 1015 3406 illam
1047 3351 1399 3420 semetipsam
1426 3346 1844 3411 dissimulasse;
1875 3346 2052 3415 deque
2075 3360 2141 3398 eo

551 3458 742 3517 poetas
785 3445 1015 3515 figurate
1053 3443 1275 3497 locutos
1321 3457 1462 3496 esse.
1503 3439 1629 3494 llaec
1665 3439 1811 3493 enim
1844 3438 1916 3492 ob
1950 3453 2143 3507 supre-

550 3550 695 3589 mam
739 3535 889 3587 illam
935 3535 1045 3586 vim
1090 3531 1359 3585 accidisse
1393 3531 1554 3595 bella,
1584 3546 1711 3598 quia:
1759 3529 1827 3582 ab
1868 3527 2142 3581 haereticis

552 3625 676 3679 aliis
702 3625 965 3691 Barbcro,
1002 3623 1118 3677 sive
1146 3622 1376 3675 Barbelo
1405 3622 1610 3675 dicitur
1644 3640 1658 3676 :
1684 3637 1805 3692 quae
1837 3635 1959 3674 cum
1986 3633 2142 3673 suam

553 3717 631 3771 illi
675 3714 1146 3788 pulchritudinem
1188 3713 1544 3777 ostendisset,
1600 3714 1685 3768 sui
1737 3713 1885 3780 ipsos
1937 3708 2144 3764 amoris

557 3809 799 3865 stimulis
847 3807 1146 3872 incitasse;
1203 3806 1451 3875 adeoque
1495 3805 1563 3859 ad
1612 3819 1708 3859 eos
1752 3802 2145 3874 deprmdandos

553 3901 661 3973 57
692 3901 988 3973 principes,
1042 3900 1134 3969 qui
1168 3898 1435 3953 mundum
1488 3896 1868 3958 condiderant,
1916 3895 2142 3949 missam

519 3993 660 4046 -hos
707 3992 855 4060 ipsos
894 3989 1117 4060 angelos
1152 3998 1397 4042 mutuam
1438 3986 1505 4041 ad
1550 4001 1787 4057 pugnam
1829 3984 2141 4040 excitasse:

554 4100 680 4139 cum
711 4084 928 4139 interim
964 4083 1101 4137 nihil
1138 4082 1230 4136 illa
1264 4080 1389 4134 mali
1421 4095 1581 4151 passa
1611 4079 1811 4148 injecta
1840 4075 2145 4133 vehementi

556 4178 642 4232 sui
682 4175 986 4245 cupiditate
1028 4172 1338 4244 perfecerit,
1375 4181 1434 4225 ut
1484 4187 1544 4227 se
1587 4171 1821 4225 invicem
1870 4169 2147 4223 interﬁce—

556 4273 700 4321 rent.
743 4265 875 4320 Eam
921 4266 1122 4336 quippe
1169 4264 1508 4326 detinebant,
1546 4278 1615 4316 ne
1660 4252 1880 4317 sursum
1928 4261 2149 4317 evolare

558 4367 781 4429 posset;
825 4358 1059 4427 ideoque
1088 4372 1213 4410 cum
1246 4371 1311 4411 ea
1363 4356 1564 4426 singuli
1598 4356 1653 4409 in
1695 4356 1847 4408 varia
1877 4353 2149 4408 transfor-

559 4461 745 4504 mante
767 4466 827 4505 se
849 4451 1140 4504 mulierum
1165 4464 1231 4503 ae
1255 4448 1581 4503 feminarum
1606 4463 1839 4517 corpora
1869 4447 2148 4517 congressi

562 4551 711 4597 sunt.
739 4541 816 4597 Ex
848 4542 956 4595 illis
982 4556 1146 4610 porro
1173 4541 1230 4594 in
1269 4541 1486 4595 diversa
1515 4551 1624 4594 tam
1647 4540 1954 4603 hominum,
1984 4553 2146 4608 quam

562 4633 873 4706 pecudum,
917 4633 1262 4703 aliorumque
1308 4647 1542 4702 corpora
1587 4632 1897 4699 transibat;
1946 4638 2005 4684 ut
2057 4645 2154 4701 per

564 4735 785 4782 mutuas
813 4726 937 4781 illas
972 4726 1428 4796 promiscuasque
1470 4724 1646 4780 caedes
1673 4724 1845 4780 effuso
1886 4723 2154 4794 sanguine

564 4820 889 4889 semetipsos
937 4818 1282 4883 minuerent;
1325 4816 1555 4886 ipsaque
1580 4816 1808 4871 collecta
1843 4815 1891 4869 vi
1932 4830 2151 4870 rursum

564 4911 623 4967 in
657 4912 853 4968 coelum
884 4916 1071 4982 posset
1112 4909 1505 4965 conscendere.

768 5048 797 5075 Ι

642 5279 755 5351 ('50)
805 5278 941 5335 Ἀπὸ
987 5278 1098 5351 ζῆς
1135 5275 1602 5351 ἐν’τῇ-μαγείᾳ.
1663 5273 1803 5330 Hinc
1849 5273 2156 5351 Simouiani

572 5345 762 5406 omnes
791 5354 955 5420 ma‘gi.
1004 5345 1276 5420 Irenaells:
1316 5346 1387 5400 Et
1415 5363 1737 5417 quacunque
1765 5345 2157 5420 {tmtalz'apa-

575 5434 749 5487 rerga,
796 5416 936 5483 apu'd
972 5437 1061 5473 eos
1106 5419 1342 5472 studiose
1376 5416 1708 5471 exercentur.
1756 5416 2154 5486 Corrigendum

577 5491 846 5556 perierga:
889 5495 948 5540 ut
979 5491 1099 5541 Aet.
1129 5504 1243 5551 χιχ,
1272 5488 1360 5551 19,
1407 5487 1511 5551 Qui
1530 5497 1681 5541 erant
1707 5487 1920 5541 curiosa
1945 5487 2154 5540 sectati.

650 5558 762 5628 (5|)
795 5557 1379 5628 'Elérnr_ro§r01tzt.
1438 5557 1686 5612 Selenem
1719 5566 1915 5628 vocant
1936 5556 2064 5628 am,
2098 5563 2157 5609 ut

580 5624 718 5680 lrcii.
757 5627 793 5678 Ι.
830 5643 868 5687 ι,
902 5642 1024 5694 cap.
1054 5624 1424 5699 20,Cyrillus,
1450 5629 1587 5699 Aug.
1620 5636 1675 5684 et
1706 5628 1816 5683 alii.
1847 5625 1983 5683 Vide
2003 5624 2154 5683 Tert.

579 5696 617 5750 l.
657 5696 729 5749 De
751 5712 838 5747 an.
865 5711 915 5748 ο.
945 5695 1035 5747 54.

605 5739 617 5750 .
657 5711 729 5749 118
751 5712 838 5747 an.
865 5711 915 5748 (⁵.
945 5711 1035 5747 04.

656 5765 768 5843 (5g)
812 5764 880 5818 Ἠ
905 5764 1003 5843 καὶ
1034 5764 1376 5842 Πρρύνικος.
1412 5767 1594 5823 Dicam
1626 5769 1691 5825 de
1713 5784 1777 5826 ea
1807 5784 1941 5827 voce
1972 5767 2039 5826 ad
2060 5766 2157 5826 Ni-

583 5835 907 5892 colaitarum
939 5835 1204 5888 hmrcsim.

2236 595 2403 666 μένην
2427 591 2539 647 ἀπὸ
2568 590 2670 661 τῆς
2698 593 2756 644 ἐν
2782 591 2848 661 τῇ
2890 588 3093 660 μαγείᾳ
3126 585 3238 655 ('50)
3265 585 3639 657 δαιμονιώδους
3670 587 3785 642 πλά-

2230 701 2348 755 νης,
2397 683 2492 736 καὶ
2531 678 3078 749 πεφαντασιωμένην,
3125 676 3413 747 πρόχειρος
3455 674 3529 729 ὦν
3573 676 3657 729 ἀεὶ
3697 675 3786 747 τῆς

2231 774 2429 830 ἑαυτοῦ
2476 774 2675 836 κακίας
2722 771 2793 826 τὰ
2838 767 3149 841 βαρϐαρικὰ
3205 768 3299 821 καὶ
3353 766 3619 837 δαιμόνων
3663 768 3784 840 πρά-

2229 881 2417 935 γματα
2465 862 2553 917 διὰ
2598 862 2700 933 τῆς
2752 858 2947 915 ἑαυτοῦ
3003 856 3340 929 μαγγανείας
3385 857 3783 920 ἐπιδείκνυσθαι,

2230 956 2516 1030 παρελθὼν
2544 958 2623 1013 εἰς
2659 955 2844 1025 μέσον,
2872 955 2967 1008 καὶ
3003 954 3352 1024 προσχήματι
3390 950 3642 1019 ὀνόματος
3668 949 3787 1019 Χρι-

2232 1048 2381 1110 στοῦ,
2414 1047 2489 1110 ὡς
2533 1046 2815 1116 ἐλλέϐορον
2858 1044 3031 1115 μέλιτι
3068 1040 3454 1112 παραπλέκων,
3486 1036 3788 1107 δηλητήριον

2229 1143 2343 1203 τοῖς
2370 1139 2461 1192 ὑπ’
2491 1136 2656 1191 αὑτοῦ
2687 1136 3033 1207 ἀγρευθεῖσιν
3057 1136 3137 1196 είς
3165 1134 3265 1204 τὴν
3293 1135 3669 1201 κακομήχανον
3704 1129 3790 1181 αὐ·-

2228 1230 2323 1283 τοῦ
2368 1229 2576 1301 πλάνην
2628 1226 2920 1299 παρενθεὶς
2969 1225 3048 1297 τῷ
3090 1224 3185 1278 τοῦ
3239 1224 3499 1294 ὀνόματος
3547 1219 3792 1290 ἀξιώματι

2230 1320 2490 1393 Χριστοῦ,
2531 1322 2762 1375 θάνατον
2801 1319 3086 1387 ἐνεποίησε
3131 1318 3246 1379 τοῖς
3285 1314 3571 1368 πεισθεῖσι.
3605 1313 3793 1381 Λάγνος

2229 1413 2285 1466 δὲ
2322 1411 2398 1466 ὢν
2432 1412 2574 1467 κατά
2605 1412 2704 1482 τὴν
2735 1410 2915 1479 φύσιν,
2950 1408 3089 1462 αἰδοῖ
3124 1411 3190 1478 τῇ
3230 1406 3338 1461 τῶν
3368 1404 3558 1459 ἑαυτοῦ
3584 1402 3793 1474 ὑποσχέ-

2233 1520 2371 1558 σεων
2405 1503 2866 1574 ὑπονυσσόμενος,
2900 1498 3368 1573 παρεφθαρμένην
3414 1497 3666 1550 ὑπόνοιαν
3698 1497 3794 1560 τοῖς

2233 1596 2326 1649 ὑπ’
2358 1594 2522 1650 αὐτοῦ
2557 1593 2939 1665 ἀπατωμένοις
2971 1594 3000 1645 ὁ
3045 1592 3292 1664 ἀγύρτης
3332 1589 3793 1661 παρενεποιήσατο.

2231 1685 2470 1740 Γυναῖκα
2502 1684 2614 1757 γάρ
2647 1701 2770 1739 τινα
2809 1682 2985 1755 ἐαυτῷ
3025 1683 3327 1755 εὑράμενος
3360 1680 3626 1753 ρεμόάδα,
3667 1678 3797 1733 Ἐλέ-

2233 1796 2333 1851 νην
2360 1776 2599 1848 τοῦνομα
2627 1776 2763 1848 (31),
2792 1776 2901 1829 ἀπὸ
2934 1777 3033 1846 τῆς
3067 1775 3282 1847 Τυρίων
3318 1771 3663 1845 ὁρμωμένην,
3688 1769 3800 1837 ἂγε-

2162 1871 2204 1926 Β
2233 1888 2348 1933 ται,
2402 1871 2477 1941 μὴ
2510 1868 2825 1937 ὑποφαίνων
2874 1866 3171 1936 συνάφειαν
3223 1865 3367 1936 ἔχειν
3415 1863 3552 1933 πρὸς
3597 1860 3795 1931 ταύτην.

2247 1962 2337 2015 Ἐν
2381 1957 2719 2031 παραϐύστῳ
2767 1956 2825 2009 δὲ
2884 1956 3203 2029 αἰσχρότητι
3250 1953 3798 2025 συμπεριπλεκόμενος

2234 2050 2313 2123 τῷ
2356 2050 2563 2121 γυναίῳ
2593 2049 2622 2101 ό
2671 2048 2826 2119 γόης,
2867 2049 2991 2101 τινὰ
3045 2047 3265 2119 μυθώδη
3305 2046 3658 2118 ψυχαγωγίαν
3705 2047 3801 2108 τοῖς

2235 2143 2429 2199 ἑαυτοῦ
2465 2142 2733 2214 μαθηταῖς
2765 2142 3049 2213 ὑφηγεῖτο,
3081 2139 3242 2211 δῆθεν
3276 2140 3471 2193 ἑαυτὸν
3504 2134 3642 2192 εἶναι
3663 2135 3800 2191 δύνα-

2240 2254 2329 2307 μιν
2358 2234 2492 2288 Θεοῦ
2540 2233 2713 2302 λέγων
2743 2233 2841 2304 τὴν
2877 2231 3120 2303 μεγάλην
3141 2249 3154 2260 ·
3185 2231 3286 2301 τὴν
3320 2231 3375 2284 δὲ
3415 2228 3643 2299 σύζυγον
3684 2240 3799 2298 πορ-

2236 2329 2368 2383 νάδα
2402 2326 2630 2398 Πνεῦμα
2675 2325 2829 2395 ἅγιον
2866 2321 3007 2379 εἶναι
3048 2324 3349 2395 τετόλμηκε
3383 2323 3581 2392 λέγειν,
3613 2323 3700 2377 καὶ
3724 2322 3798 2375 διὰ

2236 2418 2441 2488 ταύτην
2470 2414 2895 2487 κατεληλυθέναι
2932 2413 3115 2484 φησιν.
3160 2412 3250 2464 Ἐν
3288 2412 3507 2482 ἑκάστῳ
3534 2410 3589 2464 δὲ
3614 2404 3800 2481 ούρανῷ

2241 2508 2729 2585 μετεμορφούμην,
2777 2506 2942 2577 φησὶ,
2995 2504 3138 2558 κατά
3186 2504 3285 2574 τὴν
3344 2504 3559 2575 μορφὴν
3597 2501 3697 2554 τῶν
3753 2501 3800 2551 ὲν

2239 2604 2457 2674 ἑκάστῳ
2500 2600 2738 2671 οὐρανῷ,
2769 2600 2857 2652 ἴνα
2896 2598 3043 2653 λάθω
3075 2595 3175 2660 τάς
3208 2595 3511 2664 ἀγγελικάς
3543 2610 3639 2666 μου
3668 2590 3801 2646 δυνά-

2244 2712 2384 2766 μεις,
2414 2693 2508 2747 καὶ
2539 2690 2786 2745 κατέλθω
2815 2691 2909 2745 ἐπὶ
2940 2690 3040 2761 τὴν
3072 2687 3303 2752 ἔννοιαν,
3335 2688 3460 2759 ἥτις
3492 2688 3633 2740 ἐστὶν
3662 2682 3799 2751 αὕτη.

2241 2787 2274 2857 ἡ
2301 2785 2398 2838 καὶ
2426 2782 2728 2854 Προύνικος
2755 2781 2887 2852 (52),
2937 2782 3033 2835 καὶ
3060 2780 3286 2852 Πνεῦμα
3314 2781 3472 2848 ἅγιον
3502 2775 3800 2848 καλουμένη,

2241 2876 2308 2930 δι’
2369 2870 2438 2949 ἦς
2486 2877 2614 2940 τοὺς
2662 2874 2929 2945 ἀγγέλους
2975 2873 3203 2927 ἔκτισα·
3259 2875 3307 2927 oi
3353 2873 3414 2926 δὲ
3477 2869 3686 2941 ἄγγελοι
3725 2866 3801 2921 τὸν

2242 2968 2447 3039 κόσμον
2483 2967 2728 3034 ἔκτισαν,
2753 2966 2849 3020 καὶ
2892 2966 3019 3028 τοὺς
3053 2963 3395 3037 ἀνθρώπους.
3436 2960 3588 3017 Εἶναι
3612 2960 3666 3015 δὲ
3693 2956 3803 3011 tati-

2242 3079 2343 3131 την
2388 3060 2486 3132 τὴν
2532 3060 2752 3131 Ἑλένην
2797 3058 2896 3130 τὴν
2953 3057 3145 3121 πάλαι,
3195 3057 3263 3110 δι’
3290 3057 3355 3128 ἢν
3406 3057 3457 3109 οἱ
3504 3054 3680 3126 Τρῶες
3726 3050 3803 3103 καὶ

2248 3154 2508 3227 ’Έλληνες
2563 3156 2641 3218 εἰς
2693 3153 2877 3225 μάχην
2927 3149 3114 3226 ἦλθον.
3157 3152 3353 3221 Ἔλεγε
3400 3150 3461 3204 δὲ
3508 3147 3666 3222 μῦθόν
3703 3161 3804 3198 τινα

2169 3216 2214 3276 C
2246 3248 2324 3310 εἰς
2356 3216 2550 3311 ταῦτα,
2598 3216 2925 3300 ὅτίάνωθεν
2951 3216 3000 3316 ’ἡ
3046 3243 3278 3315 δύναμις
3301 3216 3312 3221 1
3333 3216 3600 3296 κατιούσα
3634 3236 3802 3306 ἑαυτὴν

2247 3337 2620 3410 μετεμόρφου.
2665 3335 3067 3408 Ἀλληγορικῶς
3096 3336 3154 3389 δὲ
3201 3337 3250 3388 οἱ
3292 3334 3524 3406 ποιηταὶ
3564 3331 3682 3400 περὶ
3706 3325 3804 3381 τού-

2243 3446 2337 3483 του
2368 3429 2598 3499 ἔιρασαν.
2633 3427 2732 3483 Διά
2765 3429 2875 3501 γὰρ
2902 3428 3109 3483 ἀνωθεν
3135 3426 3392 3497 δύναμιν,
3443 3427 3509 3497 ἢν
3541 3418 3804 3495 Προύνικόν

2245 3541 2429 3593 φασιν,
2456 3525 2578 3593 ἥτις
2612 3522 2745 3594 παρ’
2765 3521 2953 3584 ἄλλαις
2985 3520 3234 3591 αἱρέσεσι
3263 3515 3539 3590 Βαρόηρὼ
3566 3516 3676 3587 ἦτοι
3695 3512 3805 3579 Βαρ-

2245 3613 2394 3685 ὁηλὼ
2427 3604 2536 3687 (55)
2585 3613 2857 3677 καλεῖται,
2902 3612 2963 3665 τὸ
3009 3611 3206 3674 κάλλος
3247 3608 3423 3679 αὐτῆς
3470 3607 3804 3680 ὲμφαίνουσαν

2245 3706 2325 3768 εἰς
2355 3699 2570 3775 οἶστρον
2601 3702 2810 3769 ἄξασαν
2835 3701 3051 3764 αὐτοὺς,
3078 3701 3171 3753 καὶ
3195 3697 3284 3751 διά
3309 3696 3470 3751 τοῦτο
3497 3693 3804 3766 πεμφθεῖσαν

2245 3796 2325 3859 είς
2360 3793 2705 3862 συλαγωγίαν
2746 3791 2858 3863 (⁸54)
2898 3789 3005 3843 τῶν
3037 3788 3314 3860 ἀρχόντων
3363 3787 3476 3841 τῶν
3516 3786 3604 3863 τὸν
3627 3782 3801 3851 κόσμον

2245 3888 2433 3942 τοῦτον
2486 3860 2807 3942 κτισάντων.
2839 3860 2965 3938 -Καὶ
3014 3884 3141 3947 τοὺς
3190 3882 3389 3945 αὐτοὺς
3446 3860 3695 3949 ἀγγέλους
3739 3871 3804 3931 είς

2248 3979 2481 4049 πόλεμον
2519 3978 2584 4031 δι’
2631 3976 2800 4047 αὐτὴν
2864 3975 3053 4046 ἥκεινο
3112 3974 3285 4045 αὑτὴν
3327 3972 3385 4025 δὲ
3437 3971 3601 4043 μηδὲν
3635 3979 3803 4022 πεπον-

2248 4073 2430 4135 θέναι,
2480 4068 2895 4141 ἀλληλοκτονίας
2946 4067 3004 4121 δὲ
3055 4066 3252 4128 αὐτοὺς
3308 4066 3390 4128 είς
3450 4063 3667 4121 ἑαυτοὺς
3728 4058 3800 4126 ἑρ-

2248 4162 2520 4235 γάσασθαι
2565 4160 3004 4234 παρασκευάσαι,
3048 4157 3114 4211 δι’
3142 4157 3209 4229 ἢν
3245 4154 3501 4209 ἐνέϐαλεν
3533 4157 3610 4217 είς
3632 4147 3801 4209 αὐτοὺς

2250 4256 2388 4329 πρὸς
2429 4254 2629 4323 ἑαυτὴν
2673 4250 2993 4322 ἐπιθυμίαν.
3040 4249 3153 4323 Κ-αὶ
3187 4246 3507 4329 συνέχοντες
3553 4244 3711 4315 αὐτὴν
3726 4237 3801 4292 τοῦ

2254 4322 2330 4421 μη
2370 4347 2482 4402 ἀνω
2512 4322 2768 4399 δύνασθαι
2808 4342 3042 4406 ἀνιέναι,
3078 4322 3568 4409 συνεγίνετααύτῇ
3607 4336 3803 4392 ἕκαστος

2252 4443 2310 4496 ὲν
2340 4441 2556 4511 ἑκάστῳ
2589 4436 2803 4509 σώματι
2831 4434 3151 4506 γυναικείας
3189 4433 3282 4487 καὶ
3307 4431 3550 4505 θηλυκῆς
3581 4426 3801 4499 σχέσεως.

2186 4553 2230 4609 ι)
2261 4531 2730 4607 μεταγγιζομένης
2774 4529 2948 4599 αὐτῆς
2992 4528 3102 4581 ἀπὸ
3136 4526 3409 4596 σωμάτων
3459 4520 3695 4595 θηλυκῶν
3740 4515 3804 4609 εἰς

2259 4604 2485 4696 σώματα
2515 4624 2750 4692 διάφορα
2794 4618 3146 4692 ἀνθρωπίνης
3180 4614 3399 4685 φύσεώς
3426 4633 3486 4670 τε
3508 4615 3599 4668 καὶ
3624 4604 3802 4675 κτηνῶν

2257 4718 2354 4772 καὶ
2382 4716 2577 4781 ἄλλων,
2608 4715 2693 4768 ἴνα
2713 4713 2781 4766 δι’
2808 4706 2883 4765 ὧν
2910 4711 3065 4766 αὐτοὶ
3102 4709 3430 4783 ἐργάζονται
3459 4700 3739 4764 κτείνοντές
3756 4713 3802 4750 τε

2256 4807 2351 4861 καὶ
2380 4805 2735 4876 κτεινόμενοι,
2764 4803 2990 4874 μείωσιν
3021 4800 3230 4855 ἑαυτῶν
3256 4799 3346 4853 διὰ
3364 4799 3465 4868 τῆς
3488 4796 3581 4851 τοῦ
3605 4794 3803 4864 αἵματος

2256 4898 2605 4971 προσχύσεως
2653 4894 3026 4967 ἐργάζωνται·
3063 4888 3181 4946 εἶτα
3231 4890 3437 4962 ἐκείνη,
3472 4887 3567 4961 τὴν
3609 4884 3803 4951 δύναμιν

2259 4991 2622 5062 συλλεγομένη
2661 4990 2847 5057 πάλιν,
2882 4983 3041 5051 αὖθις
3070 4986 3151 5049 εἰς
3187 4983 3417 5057 οὐρανὸν
3449 4979 3700 5049 ἀναϐῆναι
3725 4972 3800 5026 δυ-

2256 5082 2413 5154 νηθῇ.

2333 5282 2446 5352 (⁸55)
2485 5278 2769 5348 Βαρϐηρὼ
2800 5275 2932 5345 ἤτοι
2956 5272 3265 5343 Βαρϐηλὼ.
3311 5271 3534 5344 Syriaca
3571 5282 3665 5322 vox
3701 5271 3802 5352 esse

2259 5351 2474 5427 videtur
2503 5370 2732 5425 Barbelo
2759 5353 3445 5433 alyn-1:1,tuiusnanaiis,
3473 5363 3523 5416 id
3553 5366 3631 5433 est
3653 5351 3797 5410 tom.

2260 5441 2333 5498 Ut
2364 5445 2508 5497 enim
2536 5439 2772 5495 Verbum
2807 5431 2992 5495 aeterni
3034 5436 3214 5490 Patris
3237 5435 3408 5491 Filius
3437 5453 3450 5488 :
3491 5431 3799 5498 sicimpurus

2259 5493 2630 5569 iiie'éiiom
2659 5493 2868 5571 suam,
2912 5509 3015 5562 hoc
3045 5516 3131 5562 est
3160 5506 3416 5562 Helenam
3454 5500 3616 5556 videri
3652 5493 3797 5550 voluit

2259 5584 2407 5638 velut
2436 5582 2604 5636 fetum
2632 5580 2922 5650 quemdam
2954 5594 3076 5633 esse
3100 5592 3296 5650 suum;
3335 5586 3391 5630 ut
3416 5572 3653 5650 Justinus
3689 5574 3791 5618 nar-

2260 5665 2363 5713 rat,
2387 5653 2487 5724 τὴν
2509 5652 2602 5705 ὑπ’
2627 5645 2778 5721 αὐτῷ
2804 5650 3011 5724 ἔννοιαν
3040 5645 3597 5724 πρώτην-γενομένην.

2597 5697 3023 5793 σῖέιῖγῷἦλίῇκξ-
3048 5697 3155 5772 ii;
3167 5697 3233 5772 cii
3247 5697 3253 5699 ⁷
3265 5697 3399 5793 ιξέέ.
3420 5697 3549 5785 ’σοιιί
3576 5697 3796 5765 emenda-

2260 5787 2439 5851 vimus
2470 5787 2569 5865 pro
2589 5807 2654 5851 eo
2679 5787 2825 5863 quad
2853 5787 2969 5847 erat
2996 5787 3377 5861 ψυχαγωγίαν.
