4022 6426
296 384 503 445 289'

951 350 1322 465 Auvsnsus
1361 378 1707 438 lleEitESES
1745 380 1854 436 Lm

2002 382 2165 442 τοιι.
2217 386 2278 441 ιι.
2320 422 2388 430 -
2426 390 2707 471 ΠΑΞΒῙΞΞ.
2750 391 2889 447 xxr.

3471 394 3581 448 290

364 508 434 561 Γ.
467 505 571 561 Ἦν
601 504 657 559 δὲ
688 504 827 575 αὕτη
869 504 989 557 τότε
1039 503 1072 572 ἠ
1119 501 1215 556 ἐπὶ
1256 505 1370 565 τοῖς
1400 500 1626 573 Ἕλλησί
1675 518 1733 554 τε
1784 501 1856 554 κα

2054 500 2140 556 ill.
2186 501 2357 575 Igitur
2400 508 2590 561 eadem
2628 516 2732 573 est,
2765 507 2964 573 aiebat,
3010 505 3101 561 illa
3130 523 3253 580 quae
3280 515 3393 565 tum
3422 510 3581 568 ϐρω-

296 600 474 671 Τρωσὶ
501 598 591 652 καὶ
629 596 892 651 ἀνωτάτω
923 594 1089 666 πρινὴ
1114 591 1208 647 τὲν
1234 593 1441 664 κόσμον
1472 592 1746 663 γενέσθαι,
1779 595 1873 647 καὶ

296 685 425 755 μετὰ
453 686 545 739 τὸν
575 683 782 755 κόσμον
811 682 900 737 διὰ
925 682 1036 736 τῶν
1070 681 1322 753 ἀοράτων
1365 681 1646 753 δυνάμεων
1684 681 1753 735 τὰ
1783 685 1872 736 ἴσα

296 777 519 830 ίσότυπα
552 778 902 846 πεποιηκυῖα.
936 774 1086 848 Αὕτη
1131 776 1193 830 δέ
1220 778 1368 840 ἐστιν
1401 778 1434 847 ἠ
1473 774 1568 829 νῦν
1596 775 1692 829 σὺν
1724 774 1870 845 ἐμοὶ,

292 870 379 924 καὶ
398 870 484 924 διὰ
514 869 715 941 ταύτην
747 869 1112 939 κατελήλυθα.
1152 870 1263 924 Καὶ
1304 868 1446 939 αὕτη
1476 868 1533 922 δὲ
1566 867 1872 939 προσεδόκα

291 964 382 1034 τὴν
410 964 548 1034 ἐμὴν
575 964 901 1035 παρουσίαν.
938 962 1086 1034 Αὕτη
1117 962 1226 1034 γάρ
1249 963 1399 1015 ἐστιν
1426 962 1460 1032 ή
1489 960 1666 1014 ἔννοια
1687 962 1719 1032 ἡ
1741 961 1869 1032 παρ’

303 1054 518 1125 Ὁμήρῳ
558 1055 744 1126 Ἑλένη
773 1054 1106 1125 καλουμένη.
1134 1054 1246 1107 Kal
1271 1053 1463 1107 τούτου
1492 1052 1679 1106 ἕνεκεν
1708 1053 1873 1122 ἀναγ-

292 1144 511 1208 κάζεται
536 1146 707 1217 αὐτὴν
737 1146 1056 1218 διαγράφειν
1082 1145 1329 1218 Ὅμηρος
1357 1146 1448 1199 ἐπὶ
1473 1146 1685 1218 πύργου
1711 1148 1871 1219 έστη-

290 1237 455 1300 κέναι,
484 1239 578 1291 καὶ
601 1236 692 1291 διὰ
717 1238 999 1309 λαμπάδος
1028 1238 1347 1308 ὑποφαίνειν
1368 1241 1482 1302 τοῖς
1520 1238 1742 1309 Ἕλλησι
1767 1240 1867 1311 τὴν

289 1324 420 1378 κατὰ
453 1325 563 1378 τῶν
593 1325 822 1397 Φρυγῶν
846 1325 1163 1393 ἐπιϐουλήν.
1213 1327 1644 1400 Ἐχαρακτήριξε
1677 1329 1735 1383 δὲ
1777 1330 1868 1384 διὰ

287 1412 380 1484 τῆς
408 1413 772 1485 λαμπηδόνος,
799 1415 875 1481 ὡς
908 1415 1067 1489 ἔφην,
1091 1416 1188 1489 τὴν
1218 1417 1312 1471 τοῦ
1340 1418 1547 1472 ἄνωθεν
1580 1420 1757 1487 φωτὸς
1781 1420 1868 1474 ἔνο

285 1504 457 1571 δειξιν.
490 1507 584 1560 Διὸ
603 1508 697 1560 καὶ
735 1507 826 1561 τὸν
861 1510 992 1579 παρ’
1030 1508 1256 1580 Ὁμήρῳ
1294 1508 1507 1583 θούριον
1563 1511 1729 1565 ἵππον
1769 1531 1867 1583 με-

289 1597 683 1667 μηχανημένον,
722 1597 781 1650 ὃν
823 1598 1134 1669 νομίζουσιν
1166 1599 1429 1673 Ἕλληνες
1472 1602 1726 1674 ἐπίτηδες
1769 1620 1864 1672 γε-

288 1686 559 1758 γενῆσθαι,
591 1688 744 1758 ἔλεγε
791 1690 953 1744 πάλιν
981 1692 1011 1744 ὁ
1054 1692 1209 1762 γόης,
1249 1693 1330 1746 ὅτι
1366 1692 1559 1763 ἄγνοιά
1604 1696 1719 1748 ἐστι
1746 1695 1861 1748 τῶν

287 1777 474 1831 ὲονῶνο
518 1780 618 1833 καὶ
664 1780 740 1844 ὡς
783 1783 835 1835 ol
865 1782 1100 1854 Φρύγες,
1138 1784 1388 1848 ἕλκοντες
1434 1785 1597 1840 αὐτὸν
1644 1787 1858 1858 ἀγνοίᾳ,

1976 608 2166 647 eorum
2212 610 2275 650 ac
2305 595 2671 666 Trojanorum
2702 597 3041 668 temporibus
3067 597 3167 653 fuit
3191 616 3206 664 ;
3235 599 3344 653 imo
3371 606 3426 655 et
3448 609 3576 656 ante

1974 691 2031 736 et
2071 690 2195 752 post
2246 687 2531 741 conditum
2584 689 2850 743 mundum
2903 690 3050 744 inter
3089 690 3313 760 angelos
3368 691 3573 746 similia

1974 778 2225 845 quaedam
2271 790 2706 849 perpetraverat.
2757 783 2835 836 Ea
2878 797 3010 837 vero
3039 782 3153 851 jam
3203 798 3415 839 mecum
3461 792 3568 851 est,

1973 867 2203 938 ejusque
2225 884 2394 925 causa
2418 872 2680 929 descendi
2705 892 2719 940 ;
2755 889 2880 928 cum
2908 890 3031 929 eum
3067 879 3333 931 hactenus
3364 875 3566 932 adven-

1974 966 2087 1013 tum
2116 971 2479 1033 exspectaret.
2513 964 2610 1021 Est
2636 967 2784 1021 enim
2817 967 2907 1020 illa
2950 968 3121 1030 notio,
3162 983 3325 1037 quam
3356 968 3569 1041 liome-

1971 1066 2068 1107 rus
2103 1051 2361 1110 Helenam
2388 1057 2621 1111 vocavit.
2647 1058 2827 1127 Atque
2871 1058 2994 1113 ideo
3034 1075 3132 1125 pro
3155 1061 3292 1114 turri
3326 1068 3565 1115 stantem

1971 1143 2142 1210 illam,
2177 1147 2518 1218 sublatisque
2547 1147 2764 1205 facibus
2789 1148 3104 1205 Graecorum
3136 1162 3331 1206 contra
3365 1151 3564 1220 Troja~

1973 1248 2075 1288 nus
2115 1234 2349 1291 insidias
2401 1237 2777 1293 moderantem
2819 1239 3137 1296 describere
3182 1249 3411 1297 coactus
3453 1252 3560 1297 est.

1973 1323 2074 1379 llic
2095 1327 2238 1379 enim
2278 1328 2483 1383 lacium
2517 1329 2696 1401 fulgor
2736 1333 2961 1387 emleste
2992 1334 3174 1388 lumen
3208 1334 3278 1388 ab
3317 1350 3377 1388 ea
3405 1343 3562 1404 pate-

1968 1416 2172 1472 factum
2208 1421 2506 1490 signiﬁcat.
2549 1421 2683 1477 Nam
2711 1424 2950 1493 ligneum
2988 1426 3140 1479 illum
3182 1427 3325 1496 apud
3356 1426 3561 1482 Home-

1967 1524 2088 1563 rum
2135 1526 2335 1580 equum
2373 1527 2534 1581 quem
2579 1513 2649 1568 de
2690 1514 2960 1570 industria
3014 1514 3339 1571 fabricatum
3382 1516 3556 1572 Graeci

1966 1611 2193 1669 putant,
2251 1603 2522 1673 impostor
2582 1606 2684 1661 iste
2732 1609 2975 1677 gentium
3041 1608 3109 1662 ad
3160 1609 3557 1680 ignorationem

1964 1694 2237 1762 pertinere
2278 1697 2583 1751 contendit.
2622 1699 2689 1752 [ι
2741 1700 2886 1753 enim
2936 1698 3182 1770 Trojani,
3229 1718 3353 1756 cum
3405 1702 3556 1755 illum

1963 1787 2029 1839 ad
2072 1802 2169 1841 sua
2207 1789 2408 1843 mmnia
2456 1806 2550 1859 per
2592 1792 2958 1861 ignorantiam
3005 1795 3385 1860 attraxissent,
3433 1809 3557 1865 per-

286 1870 366 1922 τδν
404 1869 532 1925 ῐδιον
564 1871 786 1943 ὀλεθρον
831 1875 1214 1930 ἐπεσπάσαντο
1237 1889 1250 1904 ⁸
1294 1875 1439 1930 οὕτω
1482 1879 1575 1931 καὶ
1598 1877 1664 1932 τὰ
1707 1878 1856 1951 ἔθνη,

1965 1877 2161 1934 nieiem
2204 1882 2306 1937 sibi
2339 1885 2727 1938 consciverunt
2757 1904 2771 1951 ;
2805 1887 2878 1939 ita
2910 1896 3122 1955 gentes,
3177 1887 3281 1941 hoc
3327 1898 3412 1943 est
3450 1888 3555 1943 llo-

284 1959 548 2014 τουτέστιν
589 1963 640 2014 οἱ
670 1962 965 2034 ἄνθρωποι,
1002 1966 1158 2030 ἐκτὸς
1185 1968 1284 2038 τῆς
1322 1967 1462 2039 ἐμῆς
1493 1968 1745 2037 γνώσεως
1771 1970 1860 2025 διὰ

285 2053 375 2123 τῆς
405 2055 632 2122 ἀγνοίας
678 2056 926 2111 ἕλκουσιν
972 2060 1185 2123 ἑαυτοῖς
1220 2059 1318 2132 τὴν
1366 2058 1661 2115 ἀπώλειαν.
1701 2061 1862 2116 Ἀλλὰ

284 2148 368 2201 καὶ
410 2147 645 2219 Ἀθηνᾶν
678 2149 838 2204 πάλιν
866 2151 964 2223 τὴν
1004 2152 1173 2223 αὐτὴν
1199 2152 1354 2221 ἔλεγε
1383 2152 1481 2224 τὴν
1512 2153 1642 2223 παρ’
1679 2154 1858 2208 αὐτῶν

284 2237 475 2294 ἔννοιαν
506 2240 875 2313 καλουμένην,
920 2241 1203 2313 χρώμενος
1240 2242 1402 2314 δῆθεν
1435 2244 1463 2295 ὁ
1503 2242 1701 2307 πλάνος
1738 2246 1860 2309 ταῖς

282 2330 366 2384 τοῦ
394 2332 548 2400 ἁγίου
590 2332 889 2387 ἀποστόλου
936 2333 1149 2387 Παύλου
1200 2336 1425 2404 φωναῖς,
1458 2335 1766 2405 μεταποιῶν
1796 2354 1859 2390 τε

281 2420 368 2492 τὴν
393 2421 656 2492 ἀλήθειαν
704 2425 784 2485 είς
824 2423 884 2476 τὸ
917 2421 1083 2477 αὐτοῦ
1122 2422 1338 2493 ψεῦδος,
1368 2423 1447 2487 τὸ,
1488 2425 1857 2479 Ἐνδύσασθε

283 2514 377 2567 τὸν
413 2514 651 2584 θώρακα
681 2514 793 2585 τῆς
813 2517 1092 2583 πίστεως,
1122 2517 1221 2570 καί
1248 2517 1365 2585 τὴν
1387 2518 1860 2587 περικεφαλαίαν

283 2604 376 2659 τοῦ
412 2592 878 2677 σωτηρίουίκαί
928 2608 1238 2677 κνημῖδας,
1279 2610 1379 2662 καὶ
1428 2609 1732 2679 μάχαιραν
1758 2610 1856 2665 καὶ

282 2699 493 2767 θυρεόν.
527 2699 723 2753 Ταῦτα
749 2700 925 2754 πάντα
954 2701 1047 2754 ἐπὶ
1076 2701 1174 2770 τῆς
1205 2700 1298 2754 τοῦ
1326 2701 1667 2766 Φιλιστίωνος
1696 2720 1858 2773 μιμο-

282 2790 447 2861 λογίας
474 2794 502 2846 ὁ
526 2792 812 2857 ἀπατεὼν,
844 2793 913 2846 τὰ
960 2793 1065 2846 ὑπὸ
1104 2793 1196 2846 τοῦ
1235 2793 1555 2849 Ἀποστόλου
1590 2796 1857 2866 εἰρημένα

281 2880 358 2935 διὰ
385 2884 603 2956 στερεὸν
632 2884 895 2955 λογισμὸν
923 2884 1017 2938 καὶ
1056 2884 1239 2937 πίστιν
1274 2886 1442 2956 ἁγνῆς
1482 2886 1853 2957 ἀναστροφῆς,

282 2975 363 3027 καὶ
390 2975 623 3047 δύναμιν
653 2976 798 3030 θείου
831 2977 989 3046 λόγου
1022 2977 1116 3030 καὶ
1152 2977 1498 3051 ἐπουρανίου,
1532 2979 1612 3041 είς
1657 2978 1856 3050 χλεύην

281 3064 446 3120 λοιπὸν
520 3067 623 3121 καὶ
704 3068 856 3123 οὐδὲν
908 3069 1094 3141 ἓτερον
1152 3069 1566 3140 μεταστρέφων.
1614 3070 1679 3123 Τί
1725 3071 1854 3142 γὰρ,

282 3160 400 3229 φησὶ⁵
416 3160 452 3227 ³,
469 3161 651 3215 ταῦτα
680 3160 857 3215 πάντα
880 3164 960 3224 είς
988 3161 1216 3233 Ἀθηνᾶς
1236 3161 1853 3236 τύπουςομυστηριωδῶς

281 3251 624 3323 ἐσχημάτιζε.
670 3252 761 3305 Διὸ
795 3252 957 3306 πάλιν
1002 3252 1211 3322 ἔλεγεν,
1257 3254 1332 3318 ὼς
1386 3258 1668 3325 προεῖπον,
1717 3258 1853 3309 ὑπο-

282 3341 469 3409 φαίνων
495 3343 720 3413 ὲκείνην
749 3343 848 3414 τὴν
883 3343 1000 3414 μετ’
1034 3343 1202 3396 αὐτοῦ
1228 3348 1461 3414 γυναῖκα
1491 3345 1589 3419 τὴν
1618 3347 1727 3400 ἀπὸ
1748 3348 1854 3401 Τύ-

284 3450 365 3504 ρου
408 3434 711 3507 ληφθεῖσαν
760 3435 937 3507 αύτῷ,
994 3437 1092 3509 τὴν
1136 3435 1426 3508 ὁμώνυμον
1469 3438 1569 3509 τῆς
1620 3438 1855 3504 παλαιᾶς

291 3524 517 3600 Ἑλένης·
568 3528 639 3581 τὰ
667 3527 846 3581 πάντα
875 3527 1081 3599 ταύτην
1122 3527 1325 3590 καλῶν,
1368 3530 1460 3583 καὶ
1485 3529 1716 3594 ἔννοιαν,
1760 3531 1853 3584 καὶ

291 3610 524 3687 Ἀθηνᾶν,
562 3616 657 3669 καὶ
675 3616 924 3687 Ἑλένην,
956 3616 1051 3669 καὶ
1079 3615 1149 3669 τὰ
1181 3616 1334 3669 ἄλλα.
1363 3618 1473 3671 Καὶ
1506 3617 1594 3672 διὰ
1623 3618 1849 3690 ταύτην,

281 3708 417 3776 φησὶ,
467 3707 849 3779 καταϐέϐηκα.
899 3709 1068 3761 Τοῦτο
1116 3710 1224 3782 γάρ
1264 3712 1378 3779 ἐστι
1421 3711 1482 3764 τὸ
1527 3714 1852 3785 γεγραμμέ-

279 3815 357 3852 νον
386 3799 489 3871 (55)
525 3805 592 3856 ὲν
627 3799 707 3871 τῷ
737 3800 1087 3871 Εὑαγγελίῳ·
1124 3800 1184 3854 τὸ
1232 3802 1504 3873 πρόϐατον
1541 3803 1603 3857 τὸ
1646 3805 1852 3859 πεπλα-

277 3893 510 3963 νημένον.
555 3892 720 3947 Ἀλλὰ
745 3894 840 3947 καὶ
879 3894 1065 3948 εἰκόνα
1092 3893 1212 3947 τινὰ
1246 3894 1594 3966 παραδέδωκε
1618 3899 1731 3960 τοῖς
1768 3898 1857 3951 αὑ-

277 3982 380 4048 τοῦ,
409 3985 477 4051 ὡς
499 3985 668 4056 δῆθεν
707 3984 872 4040 αὐτοῦ
898 3980 1082 4040 οὖσαν.
1120 3987 1231 4040 Καὶ
1258 3987 1658 4057 προσκυνοῦσιν
1682 3990 1852 4062 αὐτὴν

278 4076 330 4129 ἐν
379 4078 505 4134 εἴδει
558 4078 705 4143 Διός.
752 4076 954 4150 Ἀλλην
1000 4076 1057 4131 δὲ
1101 4078 1364 4144 ὡσαύτως
1408 4079 1624 4151 Ἑλένης
1666 4081 1852 4136 εἰκόνα

203 4154 212 4167 ”
278 4169 584 4241 παρέδωκεν
604 4169 786 4233 αὐτοῖς
819 4171 877 4221 ὲν
906 4169 1150 4239 σχήματι
1191 4168 1445 4240 Ἀθηνᾶς,
1482 4172 1576 4224 καὶ
1601 4187 1850 4244 προσκυ-

278 4255 412 4310 νοῦσι
444 4257 653 4321 ταύτας
683 4261 732 4312 οἱ
760 4257 898 4329 πρὸς
932 4257 1098 4311 αὐτοῦ
1132 4259 1496 4331 ἠπατημένοι.

337 4346 404 4399 Δ’.
438 4348 735 4420 Μυστήρια
768 4347 825 4400 δὲ
864 4346 1093 4401 ὑπέθετο
1120 4349 1498 4422 αἰσχρότητος,
1544 4351 1754 4424 posse;
1789 4371 1850 4411 τε

279 4438 569 4508 σωμάτων,
613 4439 763 4503 ὅπως
819 4439 1143 4511 σεμνότερον
1194 4441 1550 4513 ὑφηγήσομαι
1573 4460 1588 4475 ⁸
1638 4444 1849 4516 ἀνδρῶν

1966 1971 2141 2024 mines
2173 1973 2437 2037 universi,
2474 1975 2564 2043 qui
2593 1976 2812 2044 quidem
2851 1977 3162 2047 ciiguitione
3187 1994 3303 2033 mea
3339 1988 3554 2046 carent,

1964 2076 2027 2116 ex
2073 2062 2419 2133 ignoratione
2473 2067 2578 2121 sibi
2635 2068 2863 2121 exitium
2918 2080 3228 2126 arcessunt.
3281 2070 3553 2128 Praeterea

1962 2149 2259 2208 Minervam
2301 2156 2549 2211 eamdem
2601 2173 2723 2213 esse
2772 2157 3012 2226 dicebat,
3047 2176 3210 2229 quam
3249 2163 3548 2228 notiOuem,

1963 2256 2024 2302 ut
2055 2248 2319 2312 diximus,
2351 2253 2681 2321 appellabat.
2713 2254 2885 2318 Quam
2914 2254 2978 2308 ad
3002 2270 3116 2308 rem
3141 2254 3373 2324 apostoli
3398 2253 3549 2310 Pauli

1962 2333 2169 2388 dictum
2223 2337 2359 2392 illud
2412 2342 2850 2416 accommpdare,
2897 2349 2952 2395 et
2997 2343 3064 2397 ad
3116 2345 3398 2397 mendacia
3451 2358 3552 2399 sua

1960 2427 2246 2483 veritatem
2283 2432 2501 2487 trahere
2548 2434 2800 2500 solebat;
2846 2450 2969 2489 cum
3023 2437 3097 2489 ita
3140 2435 3343 2492 Paulus
3377 2438 3552 2508 loqui-

1962 2524 2052 2571 tur
2102 2518 2361 2576 :Induile
2406 2524 2634 2578 loricam
2676 2526 2825 2594 ﬁdei,
2876 2536 2926 2581 et
2972 2528 3179 2598 galeam
3236 2530 3449 2595 salutis,
3500 2541 3550 2586 e:

1960 2626 2144 2665 ocreas
2171 2629 2233 2666 ac
2267 2612 2532 2683 gladium,
2563 2625 2611 2669 et
2643 2628 2852 2671 scutum
2874 2621 2915 2673 ¹¹.
2950 2618 3082 2684 Qua:
3115 2621 3297 2675 omnia
3339 2623 3393 2677 in
3422 2638 3549 2677 eum

1963 2700 2122 2757 ﬁnem
2163 2705 2231 2760 ab
2282 2706 2551 2777 Apostolo
2599 2709 2768 2778 dicta,
2831 2720 2889 2766 ut
2933 2713 3163 2769 solidam
3213 2725 3448 2769 mentem
3494 2725 3549 2768 et

1959 2796 2260 2851 castissimi
2299 2799 2430 2853 vitm
2460 2800 2695 2855 instituti
2729 2803 2909 2868 ﬁdem,
2939 2815 2986 2858 et
3018 2807 3189 2860 divini
3222 2822 3286 2860 ac
3308 2808 3550 2862 cmlestis

1959 2886 2067 2940 vim
2099 2890 2374 2945 sermonis
2414 2894 2767 2962 exprimeret,
2802 2898 3099 2953 circulator
3150 2900 3274 2961 iste,
3304 2903 3387 2956 sic
3422 2910 3545 2957 tan-

1960 2993 2121 3048 quam
2155 2979 2501 3041 Philistionis
2545 2988 2740 3042 mimos
2785 3001 2991 3058 ageret,
3026 2992 3161 3045 nihil
3200 2993 3346 3047 aliud
3382 3009 3546 3064 quam

1961 3069 2026 3123 ad
2062 3070 2361 3127 ludibrium
2397 3080 2693 3132 convertit.
2737 3080 2847 3151 58
2869 3081 3007 3146 Quid
3038 3085 3183 3137 enim
3224 3086 3548 3154 inquiebat?

1962 3159 2156 3217 Omnia
2205 3164 2322 3220 haec
2372 3166 2632 3224 Minervae
2690 3174 2877 3240 specie
2927 3177 3155 3245 mystice
3203 3176 3541 3235 declarabat.

1954 3253 2141 3319 Quare
2174 3274 2337 3328 quam
2372 3261 2663 3315 abductam
2707 3263 2852 3335 Tyro
2893 3282 3076 3321 secum
3127 3269 3545 3327 babehatfemi-

1958 3360 2086 3400 nam
2131 3350 2334 3403 veteris
2373 3350 2522 3405 illius
2578 3350 2796 3407 llelenm
2838 3360 3239 3424 cognominem,
3294 3377 3436 3427 eam,
3485 3370 3545 3416 ut

1956 3438 2164 3494 dictum
2200 3452 2304 3507 est,
2342 3443 2643 3512 signiﬁcari
2680 3448 2917 3513 volebat,
2964 3459 3018 3505 et
3065 3451 3131 3505 ad
3160 3469 3280 3507 eam
3317 3456 3541 3510 nomina

1956 3532 2139 3585 omnia
2188 3534 2578 3589 transferebat.
2636 3535 2922 3605 Nationis,
2982 3541 3272 3609 Minervae,
3326 3546 3544 3605 Helena

1956 3624 2174 3694 aliaque
2200 3628 2632 3696 quamplurima.
2671 3629 2738 3685 Et
2774 3632 2961 3702 hujus,
2999 3635 3196 3706 inquit,
3236 3643 3413 3709 gratia
3443 3642 3544 3697 de-

1957 3716 2166 3771 scendi.
2204 3715 2407 3787 Estque
2431 3719 2571 3774 adeo
2604 3722 2720 3787 illa,
2757 3724 2824 3779 de
2852 3741 2958 3794 qua
2985 3729 3038 3781 in
3083 3728 3376 3799 Evangelio
3401 3733 3544 3789 scri-

1955 3814 2107 3878 ptum
2132 3817 2234 3876 est,
2281 3814 2399 3865 ovis
2426 3813 2740 3869 errabunda
2761 3816 2808 3870 δ.
2848 3816 2959 3872 Nec
2988 3820 3056 3876 iis
3093 3830 3383 3881 contentus
3412 3826 3544 3881 ima-

1955 3900 2134 3969 ginem
2174 3902 2488 3971 quamdam,
2533 3921 2699 3975 quam
2740 3910 2825 3964 sui
2870 3912 3099 3983 efﬁgiem
3142 3931 3264 3972 esse
3301 3918 3540 3988 dicebat,

1955 3996 2247 4066 dlscipulis
2277 3998 2521 4064 tradidit,
2554 4002 2650 4071 qui
2690 4020 2816 4057 eum
2857 4007 2961 4062 sub
3003 4011 3186 4078 specie
3254 4009 3405 4069 Jovis
3444 4014 3543 4068 ad-

1961 4096 2147 4144 orant.
2185 4091 2360 4143 Aliam
2397 4090 2636 4160 lieleme,
2673 4095 2899 4165 ﬁguram
2930 4100 3241 4170 cujusmodi
3271 4105 3418 4177 pingi
3447 4106 3540 4161 Mi-

1955 4193 2120 4234 nerva
2148 4180 2310 4246 solet,
2344 4181 2537 4236 iisdem
2579 4183 2867 4255 discipulis
2901 4190 3159 4259 obtrusit,
3192 4209 3355 4263 quam
3418 4212 3546 4265 per-

1952 4282 2106 4340 teque
2137 4269 2364 4324 fanatici
2385 4271 2461 4325 illi
2481 4285 2832 4331 venerantur.

2030 4359 2117 4417 IV.
2157 4360 2241 4416 Ad
2267 4363 2381 4418 base
2413 4367 2676 4435 mysteria
2708 4369 2953 4438 quaedam
2978 4369 3242 4429 fmditazis
3271 4376 3541 4446 proﬂuviio

1951 4470 2058 4526 que
2100 4468 2418 4525 corporum,
2459 4468 2518 4513 ut
2553 4459 2839 4518 honesﬁus
2869 4463 3074 4533 dicam,
3103 4469 3371 4540 instituit;
3419 4490 3543 4544 quae

280 4529 368 4597 μὲν
391 4530 477 4585 διὰ
523 4530 632 4600 τῆς
667 4532 987 4604 ἀπορροίας,
1021 4534 1301 4601 γυναικῶν
1344 4533 1403 4587 δὲ
1444 4534 1534 4589 διὰ
1564 4534 1672 4589 τῶν
1724 4539 1848 4592 κατ’

1961 4548 2010 4602 in
2041 4546 2287 4603 maribus
2315 4549 2535 4620 quidem
2569 4554 2796 4609 seminis
2839 4559 3195 4625 exundantia,
3243 4562 3298 4618 in
3325 4565 3541 4622 feminis

278 4617 486 4691 ἐθισμὸν
517 4619 630 4674 τῶν
658 4621 964 4691 ὲμμηνίων,
996 4622 1225 4695 συλλογῇ
1270 4641 1375 4678 τινι
1405 4626 1738 4700 αἰσχροτάτη
1772 4629 1852 4693 είς

284 4714 541 4786 μυστήρια
600 4714 948 4783 συνάγεσθαι.
1003 4715 1115 4768 Καὶ
1167 4714 1338 4769 ταῦτα
1385 4711 1527 4771 εἶναι
1577 4722 1854 4793 μυστήρια

281 4800 434 4873 ζωῆς,
481 4804 739 4875 γνώσεώς
780 4823 840 4859 τε
881 4807 978 4877 τῆς
1022 4806 1398 4878 τελειοτάτης·
1432 4810 1571 4882 ὅπερ
1619 4812 1853 4882 μάλιστα

282 4893 499 4967 ὑπάρχει
538 4896 617 4966 τῷ
661 4896 761 4970 τὴν
785 4896 1000 4949 σύνεσιν
1036 4899 1099 4951 ὲκ
1129 4897 1264 4951 Θεοῦ
1295 4901 1618 4973 κεκτημένῳ
1658 4902 1846 4973 βδελυ-

280 4985 388 5054 ρίαν
414 4989 614 5058 μᾶλλον
642 4989 894 5060 ἡγεῖσθαι
925 4990 1020 5043 καὶ
1052 4988 1283 5045 θάνατον
1314 4992 1460 5065 ἥπερ
1488 4993 1654 5066 ζωήν.
1704 4996 1850 5050 Ὀνό-

279 5094 410 5145 ματα
437 5079 493 5133 δέ
522 5097 645 5135 τινα
686 5083 717 5134 ὁ
752 5081 914 5147 αὐτὸς
949 5081 1060 5155 (56)
1096 5082 1408 5138 ὑποτίθεται
1442 5086 1628 5157 ἀρχῶν
1661 5104 1721 5141 τε
1754 5088 1849 5142 καὶ

1954 4646 2240 4693 menstrua
2300 4643 2628 4712 purgatione
2681 4649 3099 4717 perﬁcerentur.
3160 4652 3227 4708 Et
3301 4657 3368 4712 ad
3427 4659 3542 4716 haec

1955 4729 2206 4784 obeunda
2232 4733 2494 4801 mysteria
2539 4738 2929 4805 spurcissimos
2965 4756 3268 4801 conventus
3300 4746 3539 4806 induxit.

1956 4819 2085 4873 Haac
2124 4821 2270 4875 enim
2313 4823 2441 4878 vita:
2498 4840 2621 4881 esse
2675 4832 2960 4900 mysteria,
3016 4834 3544 4909 perfectissimmque

1958 4912 2301 4980 cognitionis
2349 4915 2570 4971 aiebat:
2598 4934 2721 4988 qua:
2767 4923 2859 4990 qui
2890 4925 3233 4992 prudentiam
3276 4929 3543 4990 divinitus

1958 5003 2716 5071 acceperit,.abominantlum
2769 5015 3026 5083 quiddam
3092 5032 3157 5073 ac
3199 5019 3542 5089 detestabile,

1957 5101 2300 5181 mortemque
2335 5095 2472 5153 adeo
2505 5100 2688 5170 potius
2714 5117 2879 5173 quam
2911 5106 3079 5163 vitam
3112 5124 3237 5165 esse
3249 5111 3542 5182 iudicabit.

345 5237 358 5266 '
391 5234 537 5293 Fort.
568 5256 736 5314 φησι;
764 5242 850 5297 vel
892 5238 1072 5311 φύσει.
1151 5242 1172 5273 ³
1201 5239 1403 5313 Ephes.
1429 5258 1506 5311 vr,
1544 5244 1613 5299 15
1652 5260 1774 5317 sqq.
1854 5268 1856 5277 λ

1964 5249 2095 5306 atth.
2126 5268 2223 5320 xu,
2256 5252 2342 5308 Η.

340 5393 460 5472 135)
495 5396 674 5472 Τοῦτο
719 5397 830 5468 γάρ
878 5398 1010 5453 ἐστι
1044 5398 1132 5472 ’τὸ
1187 5396 1615 5472 γεγραμμένον.
1648 5398 1832 5457 Tert.:

286 5462 606 5540 [lanc'igitur
626 5462 738 5523 essé
759 5462 901 5540 quem
926 5462 1210 5540 perditam,
1235 5462 1305 5523 all
1332 5462 1490 5540 quam
1514 5469 1839 5528 descenderit

284 5534 431 5591 Pater
463 5534 719 5602 summus,
753 5534 936 5593 Simon
967 5540 1187 5604 scilicet,
1218 5549 1324 5594 etc.

344 5607 449 5681 (ξιίξ)
481 5609 761 5681 ’ρνόματα
780 5608 848 5663 δέ
869 5626 1003 5663 τινα
1034 5613 1066 5662 ὀ
1092 5610 1297 5674 αὐτός.
1337 5608 1503 5681 λΤοΓι.
1527 5611 1600 5664 Dc
1617 5627 1837 5681 pnes".

284 5688 325 5727 c.
366 5680 461 5754 ᾆδε
497 5678 820 5754 Siuioniana;
863 5689 1040 5754 autem
1080 5681 1271 5754 iungite
1311 5678 1840 5754 disciplina'angelis

284 5750 515 5819 serviens,
538 5751 710 5817 utique
731 5760 779 5804 et
804 5751 918 5818 ipsa
938 5750 1074 5803 inter
1102 5750 1441 5804 idololatrias
1466 5750 1836 5819 deputabatur,

282 5825 328 5869 et
356 5834 388 5873 α
409 5817 565 5876 Petro
586 5817 826 5889 apostolo
850 5822 900 5875 in
927 5820 1040 5889 ipso
1060 5820 1275 5877 Simone
1298 5817 1675 5883 danmabalur.
1717 5817 1844 5883 limo

1952 5829 2045 5884 καὶ
2087 5829 2329 5896 ἀπιέναι,
2375 5829 2474 5894 καὶ
2521 5838 2787 5913 ἀγγέλους

1945 5408 2666 5495 (Ξειοιιὲοιοτιιιῃλατρεία,
2718 5434 2883 5487 quam
2912 5424 3096 5495 magis
3131 5428 3393 5486 usitatam
3425 5448 3549 5490 esse

1946 5476 2485 5572 ξιοξειξΙωιιῇᾼίοι.
2512 5476 2583 5539 ἰιι
2613 5476 2823 5572 βιγὸηι.
2856 5504 2876 5572 ί

1947 5548 2065 5644 Earl
2087 5549 2352 5644 δέαὶιτοῖςΔ
2362 5553 2568 5644 μάγοιῖ
2579 5556 2817 5644 οἴνουςτε
2845 5548 3003 5644 due-3',
3028 5569 3121 5621 καὶ
3143 5548 3429 5644 ὲμψύξων,

1949 5617 2671 5710 σίων-εάπέῄεσθαιε
2733 5617 3120 5710 λᾳτρὲύοιέάῶ”

1949 5688 2217 5770 δαίμοσιν.
2250 5690 2399 5770 _llit_ic
2438 5688 2626 5770 conc._
2652 5688 2989 5760 Laodfcan.
3013 5688 3024 5690 ἡ
3043 5688 3192 5763 v35?
3220 5688 3549 5770 “ii-Tot

1949 5758 2310 5829 Χριστιανοὺς
2332 5764 2751 5831 ἐγκαταλείπειν
2781 5773 2831 5825 τ’
2900 5758 3240 5852 ,Ἐκκλησίαν

1952 5829 2045 5884 καὶ
2087 5829 2329 5896 ἀπιέναι,
2380 5837 2474 5894 καὶΙ
2521 5838 2787 5898 ἀγγέλους
2815 5792 3130 5898 Exauditae]-
3164 5855 3257 5898 καὶ
3294 5854 3545 5898 auulsa:
3596 5848 3605 5859 ‘

2854 5855 3131 5923 νομάςειν,
3164 5855 3257 5907 καὶ
3294 5855 3545 5926 συλάξεις
