4022 6430
336 362 449 421 993

1007 363 1377 419 ADVERSUS
1431 360 1778 420 "AERESES
1816 359 1947 417 LIB.
1987 360 2030 418 Ι.
2072 361 2239 417 TUM.
2284 361 2347 416 ll.
2390 393 2459 402 —
2499 361 2769 419 IIAZRES.
2823 363 2964 420 XXI.

3501 367 3611 433 294

333 477 515 549 χρόνῳ
558 480 662 530 τινὶ
689 475 999 549 εὑρίσκεται
1047 478 1188 532 κατά
1235 478 1486 550 διαδοχὴν
1524 479 1586 532 τὸ
1622 476 1800 551 χρεὼν
1828 476 1923 531 ἐπὶ

2044 477 2128 545 psi
2168 477 2374 531 nullam
2406 492 2635 549 prorsus
2663 477 2957 534 invenerit.
2983 478 3235 546 Quonam
3268 495 3399 537 vero
3419 493 3610 554 pacto,

328 573 431 641 τῆς
473 569 758 640 Ῥωμαίων
809 569 1059 636 ἀποδοὺς,
1093 572 1181 625 ὅτε
1229 574 1287 625 ὲν
1341 573 1480 645 μέσῃ
1524 574 1590 642 τῇ
1635 570 1745 626 τῶν
1786 569 1917 623 Ῥω·

333 658 514 730 μαίων
541 659 691 712 πόλει
724 659 835 731 (58)
873 652 901 714 6
935 661 1104 725 τάλας
1133 663 1459 716 καταπεσὼν
1500 663 1764 734 τέθνηκε;
1797 661 1916 714 Τίνι

327 750 387 803 δὲ
429 750 510 820 τῷ
553 751 700 822 λόγῳ
739 754 767 805 6
810 753 1015 823 Πέτρος
1049 756 1368 827 ἀπεφήνατο
1396 756 1557 811 αὐτὸν
1601 756 1675 828 μὴ
1715 754 1916 827 κλῆρον

333 842 473 914 μηδὲ
501 843 690 916 μερίδα
716 843 859 915 ἔχειν
883 847 940 898 ὲν
978 846 1056 917 τῷ
1098 848 1254 918 μέρει
1281 849 1380 920 τῆς
1410 847 1749 914 θεοσεϐείαςς
1791 845 1917 910 Πῶς

327 932 387 986 δὲ
418 931 642 988 δύναται
665 936 693 986 6
722 936 923 1005 κόσμος
945 936 1081 990 Θεοῦ
1114 938 1316 1006 ἀγαθοῦ
1345 939 1421 1011 μὴ
1446 939 1732 1009 ὑπάρχειν,
1756 937 1916 991 ὁπότε

330 1023 391 1092 ἐξ
415 1024 581 1079 αὐτοῦ
612 1026 812 1091 πάντες
843 1029 893 1080 οἱ
919 1027 1115 1097 ἀγαθοὶ
1156 1028 1523 1102 ὲπελέγησαν;
1560 1028 1686 1094 Πῶς
1716 1028 1772 1082 δὲ
1796 1030 1913 1101 ἀρις

330 1116 501 1187 στερὰ
524 1116 608 1189 εἴη
641 1116 869 1189 δύναμις
898 1121 931 1191 ἡ
959 1121 1015 1173 ὲν
1045 1120 1194 1192 νόμῳ
1218 1122 1312 1174 καὶ
1335 1124 1394 1174 ἐν
1423 1123 1731 1193 προφήταις
1751 1120 1918 1192 λαλή-

332 1221 502 1267 σασα,
533 1209 656 1278 ἥτις
688 1210 816 1281 περὶ
856 1210 954 1279 τῆς
988 1209 1253 1273 ἐλεύσεως
1298 1210 1390 1264 τοῦ
1420 1210 1660 1284 Χριστοῦ
1708 1208 1916 1280 ἀγαθοῦ

329 1297 469 1351 Θεοῦ
495 1301 737 1371 προκεκή
748 1318 896 1371 ρυχε,
920 1302 1012 1355 καὶ
1036 1302 1103 1356 τὰ
1128 1303 1309 1373 φαῦλα
1338 1304 1517 1357 πάντα
1548 1303 1915 1375 ἀπαγορεύεις

332 1390 459 1456 Πῶς
491 1391 550 1444 δὲ
578 1393 677 1445 οὐκ
701 1393 767 1446 ἂν
800 1395 882 1465 εἴη
922 1394 1019 1465 μία
1048 1395 1259 1467 θεότης,
1309 1396 1404 1450 καὶ
1438 1398 1498 1451 τὸ
1534 1397 1667 1450 αὐτὸ
1701 1395 1917 1466 πνεῦμα

331 1485 545 1556 Καινῆς
584 1486 679 1539 καὶ
716 1486 958 1551 Παλαιᾶς
998 1488 1296 1561 Διαοήκης,
1331 1491 1492 1544 ὁπότε
1532 1490 1560 1541 6
1592 1489 1796 1562 Κύριος
1834 1484 1916 1541 εἶ·-

330 1593 469 1630 πεν·
528 1580 652 1631 Οὐκ
703 1575 895 1649 ἦλθον
944 1581 1284 1637 καταλῦσαι
1330 1584 1439 1637 τὸν
1485 1584 1693 1652 νόμον,
1756 1583 1917 1638 ἀλλὰ

329 1668 685 1737 πληρῶσαι;
730 1672 839 1724 Kal
886 1672 973 1726 ἵνα
1008 1672 1179 1746 δείξῃ,
1228 1675 1309 1728 ὅτι
1347 1676 1375 1727 6
1420 1674 1581 1745 νόμος
1621 1674 1716 1726 ὑπ’
1750 1670 1915 1725 αὑτοῦ

331 1761 673 1832 κατηγγέλη,
710 1763 803 1816 καὶ
834 1763 919 1817 διὰ
944 1765 1222 1828 Μωῦσέως
1246 1764 1513 1836 ἐδωρήθη,
1542 1767 1574 1836 ἡ
1604 1764 1659 1816 δὲ
1689 1764 1917 1832 εὐαγγε-

2020 568 2076 622 id
2110 568 2255 639 quod
2296 578 2637 640 comportant
2675 580 2779 636 est,
2821 570 3078 627 accidere
3120 572 3319 642 potuit,
3363 581 3423 628 ut
3456 582 3611 631 certo

2018 659 2357 730 deﬁnitoque
2401 668 2647 735 tempore
2682 659 2871 716 Romae
2918 670 3153 717 mortem
3201 663 3424 727 obierit,
3476 679 3607 720 eum

2018 749 2195 803 media
2234 749 2288 802 in
2322 747 2459 802 urbe
2483 748 2745 804 decidens
2776 764 2844 804 ex
2875 750 2988 805 alto
3017 752 3186 807 miser
3218 753 3605 821 iuteriit‘.’Qua

2018 838 2148 894 item
2175 840 2390 894 ratione
2418 838 2614 896 Petrus
2638 842 2780 895 hanc
2809 841 2866 895 in
2903 842 3055 896 illum
3085 846 3414 899 sententiam
3451 847 3607 903 tulit:

2018 931 2226 985 nullam
2267 946 2394 985 eum
2436 932 2489 987 in
2516 933 2703 987 divino
2730 934 2880 987 cultu
2913 942 3141 1001 sortem,
3175 951 3240 989 ac
3272 946 3479 1006 portent
3507 938 3615 993 ob-

2019 1019 2197 1073 tinere
2222 1019 2277 1071 ‘?
2299 1017 2486 1076 Potest
2514 1036 2643 1076 vero
2683 1021 2925 1078 mundus
2966 1038 2997 1076 a
3030 1024 3175 1078 bono
3201 1024 3311 1080 Deo
3340 1043 3447 1082 non
3484 1042 3611 1084 esse

2019 1110 2299 1176 conditus,
2350 1128 2475 1167 cum
2523 1114 2593 1169 ab
2640 1130 2705 1169 eo
2750 1115 2878 1170 boni
2918 1130 3113 1171 omnes
3152 1117 3311 1171 electi
3348 1119 3501 1174 sint?
3540 1122 3610 1174 At

2021 1202 2137 1257 haec
2177 1216 2277 1256 cur
2307 1202 2535 1258 sinistra
2566 1219 2690 1258 esse
2734 1204 2819 1258 vis
2862 1204 2953 1259 illa
2984 1205 3212 1271 dicitur,
3246 1223 3368 1278 qua:
3397 1210 3451 1263 in
3490 1211 3610 1281 lege

2023 1309 2086 1350 ac
2122 1311 2219 1365 per
2241 1297 2539 1366 prapbelas
2575 1296 2757 1349 locuta
2804 1295 2910 1350 sit?
2938 1314 3059 1366 qua:
3088 1296 3295 1356 Christi
3341 1302 3468 1356 boni
3506 1303 3602 1359 Dei

2020 1388 2317 1442 adventum
2345 1388 2703 1457 praadixerit?
2729 1403 2851 1458 qua:
2886 1389 3095 1443 nefaria
3132 1394 3317 1445 omnia
3341 1395 3615 1449 vetuerit?

2018 1476 2102 1531 An
2136 1494 2246 1533 non
2282 1494 2390 1533 una
2435 1480 2729 1544 utrobique
2756 1478 3023 1536 ‘diviuitas
3056 1482 3309 1553 idemque
3353 1483 3485 1539 Novi
3519 1487 3600 1541 si-

2030 1570 2144 1625 mul
2189 1585 2253 1626 ac
2306 1570 2523 1627 Veteris
2581 1570 2925 1627 Testamenti
2982 1570 3226 1643 Spiritus
3269 1592 3393 1631 esse
3432 1577 3617 1641 debet.

2027 1678 2151 1717 cum
2188 1662 2452 1736 Dominus
2483 1663 2685 1719 dixerit
2718 1683 2730 1718 :
2763 1662 2886 1718 Non
2928 1666 3038 1718 reui
3070 1666 3267 1720 solvere
3308 1667 3491 1739 legem,
3527 1669 3621 1724 sed

2028 1756 2526 1826 implere’?Atque
2573 1762 2631 1811 ut
2680 1756 2812 1810 illud
2867 1758 3205 1823 ostenderet,
3242 1759 3620 1815 denuntiatam

332 1852 462 1923 λικὴ
494 1854 656 1924 χάρις
704 1854 772 1907 δι’
804 1855 999 1908 ἑαυτοῦ
1036 1857 1133 1910 καὶ
1172 1858 1269 1927 τῆς
1313 1858 1577 1928 ἐνσάρκου
1622 1854 1925 1929 παρουσίας

2039 1862 2061 1901 a
2102 1862 2161 1902 se
2194 1848 2368 1917 legem
2409 1862 2472 1901 ac
2508 1863 2606 1917 per
2640 1847 2880 1920 Moysem
2919 1864 3286 1919 concessam;
3334 1852 3618 1924 Evangelii

336 1947 702 2017 κεκήρυκται,
757 1945 908 2014 ἔλεγε
952 1950 1063 2011 τοῖς
1099 1947 1405 2012 Ἰουδαίοις’
1462 1950 1531 2001 Ei
1581 1948 1926 2000 ἐπιστεύετε

337 2032 602 2101 Mamerci,
651 2022 1003 2092 έπιστεύετέ
1040 2038 1116 2092 ἂν
1162 2040 1322 2108 ἐμοί·
1374 2039 1606 2105 ἐκεῖνος
1642 2039 1751 2108 γὰρ
1792 2038 1926 2106 περι

337 2128 488 2197 ἐμοῦ
525 2128 771 2197 ἔγραψε.
805 2130 915 2183 Καὶ
951 2129 1086 2183 ἄλλα
1124 2130 1295 2185 πολλά
1325 2134 1440 2184 ἐστι
1476 2132 1611 2202 πρὸς
1655 2129 1929 2184 ἀντίθεσιν

340 2220 442 2292 τῆς
468 2218 563 2273 τοῦ
592 2219 787 2292 γόητος
820 2221 1147 2289 ἀντιλογίας.
1184 2222 1311 2287 Πῶς
1354 2223 1410 2275 δὲ
1441 2223 1593 2276 ἔσται
1630 2223 1700 2275 τὰ
1730 2221 1931 2294 αἰσχρά

342 2308 575 2374 ξωτικά,
608 2311 656 2362 εἰ
691 2311 764 2380 μή
787 2327 839 2363 τι
863 2310 929 2364 ἂν
959 2310 1227 2389 δαιμόνων
1252 2312 1338 2381 εἴη
1368 2312 1430 2365 τὸ
1463 2312 1739 2384 φρόνημα,
1766 2312 1929 2365 ὁπότε

226 2415 248 2427 δ
343 2400 510 2463 αὐτὸς
543 2402 571 2454 6
612 2400 817 2472 Κύριος
860 2402 1012 2472 λέγει
1053 2405 1111 2458 ὲν
1150 2403 1233 2474 τῷ
1263 2404 1581 2474 Εὑαγγελίῳ
1621 2403 1757 2475 πρὸς
1803 2405 1931 2466 τοὺς

341 2489 605 2559 λέγοντας
630 2490 808 2561 αὐτῷ’
842 2494 911 2546 El
954 2493 1142 2558 οὕτως
1170 2493 1208 2560 ἠ
1259 2496 1417 2547 αἰτία
1446 2494 1550 2549 τοῦ
1584 2493 1805 2561 ἀνδρὸς
1832 2491 1931 2545 καὶ

342 2579 458 2650 τῆς
484 2581 788 2651 γυναικὸς,
822 2584 893 2636 οὐ
936 2583 1227 2653 συμφέρει
1260 2583 1546 2655 γαμῆσαι.
1600 2584 1656 2636 '0
1701 2582 1757 2635 δὲ
1795 2582 1933 2653 πρὸς

345 2673 546 2736 αὐτοὺς
571 2672 704 2746 ἔφη·
738 2676 822 2727 Οὐ
856 2673 1078 2741 πάντες
1104 2676 1281 2730 τοῦτο
1311 2677 1632 2745 χωροῦσιν.
1661 2674 1797 2729 Εἰσὶ
1823 2673 1934 2745 γὰρ

343 2766 651 2833 εὐνοῦχοι,
702 2765 922 2830 οἵτινες
963 2768 1337 2838 εὐνούχισαν
1377 2767 1629 2833 ἑαυτοὺς
1671 2766 1767 2820 διὰ
1827 2767 1936 2835 τὴν

343 2858 678 2925 ,βασιλείαν
714 2856 833 2912 τῶν
853 2858 1158 2928 οὐρανῶν·
1196 2861 1289 2913 καὶ
1320 2859 1544 2923 ἔδειξεν,
1573 2859 1649 2923 ὡς
1685 2858 1745 2911 τὸ
1774 2857 1936 2928 φύσει

349 2947 652 3020 ἀπέχεσθαι
684 2949 944 3018 συζυγίας
976 2949 1255 3020 βασιλείας
1292 2951 1535 3022 οὐρανῶν
1578 2952 1693 3003 ἐστι
1730 2949 1934 3022 δῶρον;

353 3040 523 3093 Πάλιν
550 3038 606 3092 δὲ
650 3042 709 3092 ἐν
739 3040 885 3111 ἄλλῳ
924 3043 1077 3112 τόπῳ
1102 3043 1250 3111 λέγει
1286 3042 1428 3097 κατά
1473 3042 1565 3096 τὸν
1598 3041 1797 3112 σεμνὸν
1834 3040 1938 3109 γά-

356 3148 479 3203 μον,
507 3131 568 3184 ὃν
615 3132 776 3195 αὐτὸς
815 3133 843 3184 6
880 3134 1064 3205 Σίμων
1105 3134 1518 3207 παραφθείρων,
1555 3132 1795 3205 αἰσχρῶς
1840 3149 1939 3203 με-

354 3221 565 3276 θοδεύει
590 3224 690 3296 τὴν
716 3224 910 3279 ἑαυτοῦ
926 3225 1259 3298 ⁷ἐπιθυμίαν,
1283 3228 1366 3280 ὅτι
1388 3245 1401 3259 ·
1426 3225 1544 3294 Οὓς
1568 3229 1601 3282 d
1620 3226 1765 3292 Θεὸς
1787 3240 1939 3278 συν-

350 3314 615 3384 ἐζὲυξεν,
648 3318 959 3387 ἄνθρωπος
983 3319 1070 3389 μὴ
1108 3319 1410 3391 χωριζέτω.

432 3585 526 3652 ς’.
557 3583 681 3649 Πῶς
702 3584 760 3638 δὲ
783 3586 947 3640 πάλιν
968 3588 998 3640 6
1025 3586 1243 3651 πλάνος,
1271 3587 1664 3661 ἐπιλαθόμενος
1682 3589 1785 3660 τῆς
1807 3588 1945 3653 ἰδίας

358 3675 651 3747 ληρωδίας,
683 3678 877 3731 ἑαυτὸν
916 3678 1155 3749 ἐλέγχει,
1187 3679 1375 3753 ὥσπερ
1420 3681 1631 3750 ἀγνοῶν
1671 3682 1707 3737 ἃ
1745 3681 1942 3751 προλέ-

358 3783 480 3837 yet;
508 3769 691 3839 Φήσας
722 3768 851 3842 γὰρ,
878 3770 960 3822 ὄτι
998 3771 1089 3823 ὑπ’
1115 3772 1280 3825 αὐτοῦ
1309 3773 1597 3842 γεγόνασιν
1635 3776 1683 3828 oi
1722 3774 1945 3842 ἄγγελοι

355 3858 452 3914 διὰ
481 3859 579 3931 τῆς
616 3838 781 3914 αὺτῦῦ
804 3838 1041 3926 -ὲννοίας,
1078 3863 1237 3917 πάλιν
1271 3838 1423 3934 ἔλεγε
1462 3838 1946 3937 μεταμορφοῦσθαι

359 3950 488 4007 καθ’
514 3952 745 4007 ἕκαστον
776 3953 1025 4025 οὐρανὸν,
1050 3955 1199 4020 ὅπως
1221 3954 1372 4011 λάθοι
1399 3958 1525 4021 τοὺς
1553 3958 1748 4020 αὐτοὺς
1781 3959 1838 4010 ἐν
1867 3956 1946 4028 τῷ

358 4044 630 4098 κατιέναι.
663 4041 811 4116 ’Λρα
856 4044 1042 4110 δεδιὼς
1091 4047 1371 4102 ἐλάνθανε.
1400 4049 1509 4103 Καὶ
1548 4048 1668 4112 πῶς
1712 4048 1881 4102 δέδιεν
1918 4050 1947 4102 6

359 4136 673 4207 ληρολόγος,
705 4137 800 4201 οὓς
828 4138 989 4202 αὐτὸς
1016 4139 1271 4209 ἐποίησεν
1312 4140 1578 4210 ἀγγέλους
1601 4159 1616 4208 ;
1650 4140 1775 4204 Πῶς
1800 4141 1857 4195 δὲ
1883 4143 1944 4195 οὐ

359 4229 526 4283 παντὶ
553 4230 943 4300 εὐθυέλεγκτος
981 4231 1144 4285 αὑτοῦ
1175 4235 1289 4296 τοῖς
1322 4236 1562 4296 συνετοῖς
1590 4235 1622 4304 ἡ
1660 4232 1949 4305 ὑποσπορὰ

356 4323 462 4393 τῆς
488 4322 694 4397 πλάνης
738 4324 1114 4395 εὑρεθήσεται,
1150 4326 1309 4379 ὁπότε
1340 4326 1399 4379 ὲν
1447 4326 1588 4399 ἀρχῇ
1629 4326 1883 4398 ἐποίησεν
1919 4328 1949 4380 6

359 4413 495 4477 Θεὸς
516 4414 607 4469 τὸν
646 4414 875 4487 οὐρανὸν
902 4415 997 4469 καὶ
1034 4416 1132 4486 τὴν
1161 4416 1287 4488 γῆν,
1323 4418 1491 4488 φησὶν
1514 4420 1547 4488 ἠ
1586 4417 1808 4491 Γραφή;
1838 4416 1948 4471 Καὶ

1968 3178 2010 3236 C

2030 1954 2159 1995 vero
2196 1941 2426 2007 gratiam
2471 1956 2565 2010 per
2614 1941 2995 2009 semetipsum,
3051 1943 3456 2014 adventumque
3492 1960 3618 1999 cum

2029 2045 2196 2086 carne
2230 2039 2391 2087 suum
2442 2032 2765 2087 hominibus
2810 2034 3234 2103 promulgatam,
3281 2039 3358 2090 ita
3398 2035 3621 2093 Judaaos

2030 2122 2301 2176 allocutus
2333 2128 2416 2175 est
2442 2139 2454 2174 :
2481 2120 2543 2174 Si
2578 2121 2859 2176 crederetis
2893 2121 3092 2193 Moysi,
3121 2125 3249 2178 mihi
3282 2142 3485 2197 quoque
3515 2144 3625 2182 cre-

2030 2211 2248 2265 deretis.
2278 2209 2381 2264 Ille
2410 2212 2549 2264 enim
2584 2211 2648 2265 de
2675 2228 2754 2265 me
2778 2214 2988 2283 scripsit
3009 2214 3049 2269 ³;
3086 2214 3193 2268 Sed
3224 2223 3278 2268 et
3301 2218 3405 2270 alia
3428 2233 3625 2287 quam-

2031 2302 2267 2379 plurima
2296 2314 2444 2372 suut,
2475 2324 2596 2377 quae
2631 2306 2898 2364 adversus
2924 2294 3234 2365 contrarias
3254 2310 3625 2381 praestigiato-

2033 2402 2114 2455 ris
2154 2401 2305 2456 illius
2333 2402 2577 2455 rationes
2611 2415 2894 2471 opponere
2935 2416 3253 2471 possumus.
3285 2402 3363 2454 Ac
3392 2400 3499 2455 nisi
3534 2400 3625 2455 ille

2034 2492 2345 2547 daemonum
2376 2509 2573 2548 sensus
2602 2501 2772 2555 esset,
2803 2492 3081 2562 quomodo
3112 2492 3258 2547 foeda
3288 2492 3380 2546 illa
3413 2492 3627 2561 turpia-

2035 2599 2141 2654 que
2180 2584 2481 2639 coneiliare
2524 2584 2691 2638 vitam
2735 2591 3004 2654 possent,
3054 2600 3178 2639 cum
3222 2583 3275 2638 in
3328 2583 3628 2652 Evangelia

2037 2671 2304 2729 Dominus
2345 2674 2463 2743 ipse
2500 2674 2567 2727 iis
2593 2675 2683 2743 qui
2716 2673 2971 2728 dixerant
3003 2693 3016 2728 :
3047 2674 3110 2729 Si
3140 2676 3217 2728 ita
3236 2685 3312 2729 est
3342 2692 3506 2729 causa
3528 2675 3628 2729 viri

2037 2781 2156 2818 cum
2193 2780 2380 2828 uxore,
2422 2782 2525 2818 non
2565 2765 2772 2832 expedit
2803 2765 3018 2827 nubere,
3059 2765 3148 2820 his
3178 2766 3365 2820 verbis
3401 2780 3631 2835 respou-

2039 2855 2167 2910 deat
2194 2875 2206 2910 :
2240 2855 2365 2909 Non
2394 2873 2569 2911 omnes
2605 2857 2821 2924 capiunt
2851 2857 3014 2910 istud.
3044 2856 3180 2912 Sunt
3214 2859 3351 2911 enim
3380 2856 3628 2923 eunuchi,

2039 2947 2129 3018 qui
2158 2948 2356 3016 seipsos
2402 2957 2768 3002 castraveiunt
2803 2959 3017 3018 propter
3047 2964 3262 3018 regnum
3304 2948 3554 3002 cazlorum
3574 2947 3633 3002 ’τ

2042 3037 2255 3105 Quibus
2278 3040 2461 3095 verbis
2490 3037 2733 3095 ostendit
2757 3053 2787 3091 a
2811 3040 3211 3095 consuetudine
3235 3039 3480 3093 mulieris
3502 3039 3632 3094 abso

2043 3132 2258 3195 tinere,
2304 3146 2509 3188 munus
2558 3147 2682 3187 esse
2737 3146 2767 3185 a
2822 3131 3033 3185 cmlesti
3073 3146 3245 3201 regno
3293 3131 3628 3186 derivatum.

2046 3223 2261 3281 Rursus
2300 3224 2444 3279 idem
2480 3216 2597 3279 alio
2641 3225 2697 3279 in
2740 3225 2864 3280 loco
2912 3226 2988 3280 ita
3022 3225 3089 3280 de
3133 3225 3380 3280 honestis
3426 3223 3633 3294 nuptiis

2045 3316 2313 3386 loquitur,
2339 3332 2478 3386 quas
2516 3317 2720 3388 impius
2760 3315 2949 3371 Simon
2981 3317 3195 3371 violans
3240 3317 3474 3386 turpiter
3508 3315 3635 3370 libi-

2044 3408 2159 3462 dini
2211 3424 2324 3463 suze
2361 3407 2506 3461 viam
2548 3424 2611 3462 ac
2649 3411 2920 3463 rationem
2966 3415 3237 3479 orazparat
3267 3428 3279 3462 :
3312 3407 3455 3475 Quos
3492 3406 3634 3461 Deus

2013 3500 2322 3570 .conjunxit
2353 3500 2507 3555 homo
2541 3516 2646 3555 non
2672 3510 2873 3568 separet
2892 3498 2934 3552 ⁸.

2121 3591 2211 3647 VI.
2254 3591 2732 3659 Quemadmodum
2761 3606 2896 3647 vero
2937 3604 3206 3661 nugarum
3246 3605 3472 3645 suarum
3501 3589 3635 3644 oblio

2048 3690 2140 3737 tus
2174 3682 2465 3752 impostor,
2517 3682 2667 3737 velut
2709 3698 2899 3737 eorum
2924 3682 3034 3753 60
3067 3696 3190 3751 qua:
3222 3689 3382 3739 antea
3421 3682 3638 3736 dixerat

2049 3774 2299 3845 ignarus,
2333 3775 2576 3843 seipsum
2613 3773 2840 3828 refellit!
2875 3771 3011 3828 Nam
3049 3788 3172 3827 cum
3205 3772 3439 3827 dixisset
3472 3788 3637 3844 ange-

2049 3866 2135 3922 los
2174 3881 2206 3921 a
2250 3881 2310 3922 se
2344 3881 2441 3937 per
2473 3867 2891 3936 intelligentiam
2942 3879 3097 3921 suam
3140 3876 3455 3935 procreatos
3493 3879 3639 3932 esse,

2051 3958 2287 4027 srdijecit
2322 3964 2537 4028 postea,
2570 3966 2631 4011 ut
2653 3958 2876 4012 eosdem
2909 3957 3033 4011 illos
3060 3957 3230 4011 latere
3252 3954 3642 4010 descendendo

2051 4058 2257 4119 posset,
2291 4047 2521 4118 ﬁguram
2560 4048 2615 4101 in
2642 4062 2995 4118 unoquoque
3039 4048 3181 4101 ccelo
3228 4056 3494 4102 mutasse.
3532 4047 3642 4117 lgi-

2051 4148 2145 4194 tur
2175 4140 2379 4195 latebat
2423 4140 2567 4203 ideo,
2619 4139 2769 4209 quod
2810 4140 2933 4192 illos
2982 4146 3267 4193 metueret.
3305 4137 3469 4206 Atqui
3506 4136 3638 4206 quid

2052 4247 2149 4288 eos
2181 4246 2323 4303 quos
2352 4232 2470 4303 ipse
2501 4232 2828 4287 condiderat
2851 4229 3074 4300 angelos
3104 4230 3374 4297 impostor
3402 4227 3492 4280 ille
3526 4241 3640 4280 me-

2051 4323 2273 4380 tuebat?
2312 4322 2504 4379 Nonne
2533 4324 2699 4379 etiam
2730 4323 2987 4377 convictu
3023 4320 3200 4374 facilis
3228 4318 3482 4389 prudenti
3516 4319 3640 4372 cui-

2052 4417 2186 4473 libet
2230 4418 2450 4472 occulte
2482 4416 2891 4486 prosemiuatus
2928 4426 3085 4470 error
3136 4413 3228 4468 ille
3278 4412 3466 4475 fuerit,
3511 4424 3638 4465 cum

362 4508 699 4579 συνᾳδόντως
727 4509 903 4581 τούτῳ
924 4510 1003 4582 τῷ
1030 4510 1174 4581 λόγῳ
1199 4512 1227 4563 6
1268 4510 1471 4581 Κύριος
1500 4512 1558 4565 ὲν
1582 4510 1660 4582 τῷ
1697 4512 1933 4581 Εὑαγγε-

2055 4507 2347 4581 Scriptura
2376 4517 2536 4572 teste,
2572 4509 2628 4562 in
2652 4508 2930 4579 principio
2967 4504 3236 4561 creaverit
3270 4502 3413 4558 Deus
3440 4502 3643 4557 omium

360 4596 464 4670 λίῳ
504 4602 686 4669 φησιν,
721 4601 796 4666 ὡς
817 4603 955 4675 πρὸς
978 4603 1070 4656 τὸν
1095 4601 1226 4656 Θεὸν
1260 4592 1477 4672 Πατέρα
1504 4602 1596 4656 τὸν
1627 4603 1787 4657 ῐδιονο
1819 4601 1942 4656 Πά-

355 4707 484 4761 τερ,
511 4694 685 4759 Κύριε
726 4693 832 4748 τοῦ
883 4694 1144 4763 οὐρανοῦ
1188 4694 1286 4748 καὶ
1332 4694 1444 4762 τῆς
1486 4692 1620 4766 γῆς.
1653 4695 1717 4748 Et
1765 4694 1943 4749 τοίνυν

363 4781 593 4851 ποιητὴς
640 4782 870 4854 οὐρανοῦ
905 4784 999 4837 καὶ
1045 4783 1147 4855 γῆς
1192 4785 1429 4856 ὑπάρχει
1457 4787 1486 4839 6
1513 4784 1647 4849 Θεὸς
1675 4787 1705 4841 6
1751 4786 1945 4858 Πατὴρ

356 4871 456 4925 τοῦ
492 4872 713 4947 κυρίους
744 4873 900 4945 ἡμῶν
943 4873 1118 4943 Ἰησοῦ
1148 4876 1406 4945 Χριστοῦ,
1440 4877 1617 4948 μάτην
1648 4877 1718 4930 τά
1767 4877 1947 4932 πάντα

354 4963 441 5035 τῷ
474 4965 784 5038 συκοφάντῃ
815 4964 1020 5035 Σίμωνι
1063 4966 1299 5038 εἴρηται,
1336 4967 1397 5022 τὸ
1444 4969 1534 5021 ὑπ’
1569 4969 1815 5039 ἀγγέλων
1854 4969 1946 5023 τὸν

358 5056 568 5124 κόσμον
593 5056 649 5107 ἐν
675 5056 1017 5127 ἐλαττώματι
1035 5057 1383 5130 γεγενῆσθαι,
1408 5060 1587 5114 καὶτὰ
1609 5059 1745 5114 ἄλλα
1770 5061 1948 5115 πάντα

355 5148 461 5202 ὃσα
504 5147 775 5219 δαιμονῶν
802 5149 832 5203 6
873 5149 1073 5215 πλάνος
1119 5150 1207 5222 τῷ
1241 5151 1433 5224 κόσμῳ
1480 5152 1809 5226 παραλαλῶν
1855 5154 1950 5221 ἐξ·

2051 4609 2108 4656 et
2142 4609 2343 4657 terram
2367 4600 2423 4654 εἳ
2451 4598 2664 4666 Quibus
2695 4606 3131 4654 consentaneum
3168 4604 3252 4650 est
3279 4594 3427 4666 quod
3461 4593 3646 4648 Domi-

2051 4707 2158 4747 nus
2201 4692 2257 4746 in
2296 4691 2593 4764 Evangelia
2647 4689 2816 4746 Deum
2863 4688 3085 4744 Patrem
3125 4687 3414 4757 alloquens
3458 4684 3640 4740 dicit:

2052 4784 2239 4849 Pater,
2265 4783 2489 4838 Domine
2514 4783 2631 4837 coeli
2671 4799 2734 4836 ac
2763 4781 2979 4836 terrw'.
3012 4779 3169 4846 Quod
3214 4780 3263 4833 si
3300 4778 3424 4832 οωΙί
3459 4785 3644 4831 terra»

2057 4893 2166 4948 que
2216 4877 2477 4933 conditor
2527 4886 2613 4934 est
2642 4875 2786 4932 Deus
2832 4873 2994 4929 Pater
3032 4873 3247 4927 Domini
3295 4871 3470 4926 nostri
3510 4869 3641 4925 Jesu

2057 4968 2286 5034 Christi,
2322 4968 2532 5025 frustra
2580 4971 2768 5025 omnia
2811 4983 2842 5023 a
2900 4967 3243 5039 sympbauta
3293 4964 3519 5019 Simone
3556 4963 3642 5033 λε-

2056 5068 2305 5123 ctantur,
2355 5060 2623 5116 mundum
2657 5060 2867 5116 scilicet
2910 5059 2983 5113 ab
3013 5058 3226 5128 angelis
3261 5071 3389 5110 cum
3423 5054 3643 5109 defectu

2028 5146 2031 5147 ν
2059 5152 2420 5219 fabricatum;
2449 5160 2758 5222 cmteraque
2784 5150 2994 5213 omnia,
3037 5163 3161 5220 quoe
3186 5146 3461 5201 fanaticus
3493 5154 3643 5199 vete-

436 5305 601 5381 ‘_t_\ct.
643 5321 763 5372 vut,
791 5305 883 5361 21.
958 5306 1196 5366 'Matth.
1238 5326 1291 5376 ν,
1326 5310 1411 5363 17.
1490 5311 1512 5343 ³
1538 5309 1698 5368 Joau.
1731 5327 1783 5377 v,
1822 5310 1914 5367 46.

2048 5309 2239 5366 Matth.
2278 5326 2393 5378 six,
2431 5309 2648 5381 iOsqq.
2726 5306 2911 5365 'ibid.
2939 5305 2991 5362 6.
3068 5302 3253 5362 'Gen.
3296 5319 3335 5370 ι,
3372 5301 3422 5357 ι.
3464 5300 3643 5359 'Luc.

362 5389 415 5441 ι,
440 5377 533 5429 21.

432 5530 551 5603 (38)
595 5532 694 5587 Ἐγ
713 5535 876 5603 μέσῃ
921 5530 998 5603 τῇ
1049 5534 1177 5605 τῶν
1208 5533 1503 5605 Ῥωμαίων
1534 5536 1729 5605 (τέλει.
1789 5534 1941 5590 Hanc

353 5603 650 5674 historiam
686 5612 898 5661 veteres
933 5621 1124 5661 otunes
1161 5603 1350 5661 Patres
1389 5612 1511 5674 post
1535 5603 1813 5662 Justinum
1856 5623 1941 5660 re-

361 5675 578 5746 (erunt;
613 5671 1174 5746 Eusebius,Cyrillus
1222 5684 1277 5730 et
1324 5671 1440 5731 alii.
1491 5675 1599 5746 Sed
1638 5676 1940 5746 Adeistatua

363 5743 583 5817 Sirinonj
599 5758 741 5817 Δοιιιιι
775 5744 888 5817 hac
910 5743 1268 5817 inscriptione
1297 5744 1769 5817 posita.HSl.\IO.Vl
1793 5744 1940 5817 ADEO

364 5811 658 5881 SANUTO,
686 5816 771 5870 vir
800 5815 1022 5886 quidam
1069 5811 1317 5873 eruditus
1358 5815 1641 5874 addubitat
1669 5835 1681 5874 :
1713 5815 1807 5889 qui
1842 5813 1941 5872 Ju-

2049 5534 2250 5590 stinum
2278 5531 2527 5588 Gracum
2572 5527 2847 5584 hominem
2897 5539 3083 5582 errore
3126 5522 3421 5595 deceptum
3461 5524 3643 5591 putat,

2048 5620 2173 5660 eum
2206 5600 2694 5674 vulgarem_il_lau_t_
2719 5593 3376 5674 ac_pas§im_§§smlitent
3407 5593 3642 5660 ἐπιγρα-

2050 5675 2158 5744 φήν
2186 5664 2407 5745 legisset
2441 5667 2695 5725 SEMONI
2746 5664 2879 5723 υΕο
2927 5664 3174 5728 SANCO,
3221 5664 3496 5720 Simonem
3543 5676 3645 5728 pro

2051 5745 2287 5800 Semone
2314 5742 2613 5811 accepisse.
2649 5736 2944 5811 ραδεᾉωὶῢί
2983 5736 3304 5810 conjectura
3345 5746 3479 5791 sane
3515 5745 3644 5801 pro-

2049 5781 2362 5877 Siiiiii'éZs:
2390 5781 2613 5868 riga...“
2653 5781 2695 5809 κ
2784 5807 2804 5817 ’
