4022 6472
466 377 570 439 295

1889 378 1951 437 S.
1991 378 2339 436 ΕΡῘΡΠΛΝΙΙ

3630 386 3720 445 ibi}
3785 447 3794 456 _

467 502 616 549 ratur
663 487 1034 549 fraudulentis
1093 492 1444 549 sermonibus
1496 492 1550 549 in
1604 494 1790 549 orbem
1849 495 2053 550 invexit

2163 497 2424 568 ηγήσατο,
2453 495 2544 549 καὶ
2585 495 2800 567 ἀπάτην
2828 472 2967 549 τισὶν
3011 496 3295 570 ἐνεποίησε
3325 496 3430 552 τῶν
3459 498 3545 553 ὑπ’
3579 501 3721 558 αὑτοῦ

468 589 880 659 nonnullasque
911 604 940 643 a
981 603 1041 644 se
1072 587 1334 658 deceptos
1369 586 1563 643 iisdem
1607 588 1913 644 mendaciis
1946 588 2058 644 cir-

466 682 771 735 cumvenit.

540 772 655 829 νη.
700 774 880 844 Atque
926 773 1041 827 haec
1086 772 1478 841 compendiose
1526 788 1557 826 a
1595 772 1757 828 nobis
1793 773 2089 851 adversus

466 866 619 923 illius
669 866 909 921 haeresin
948 866 1227 935 disputata
1260 864 1465 920 leetori-
1503 864 1799 927 suﬂicient,
1853 867 2061 935 quibus

466 960 668 1014 veritas
701 958 843 1029 ipsa,
874 973 939 1012 ac
972 958 1101 1011 mali
1141 956 1384 1010 remedia
1417 964 1837 1021 monstrantur;
1868 957 2062 1012 redar-

468 1065 823 1126 guunturque
870 1053 905 1107 ii
937 1053 1029 1123 qui
1070 1051 1295 1106 immani
1349 1051 1442 1105 illa
1483 1052 1798 1121 corruptela
1852 1052 2060 1123 ignaris

465 1146 787 1202 hominibus
845 1144 1095 1200 fraudem
1156 1144 1343 1200 facere
1392 1151 1683 1199 conantur.
1738 1142 1895 1198 Nune
1952 1146 2060 1200 alio

466 1236 874 1301 transferenda,
906 1244 961 1291 et
989 1236 1057 1291 ad
1090 1237 1320 1291 alteram
1354 1236 1589 1291 haeresin
1618 1234 2057 1290 couvineendam

465 1326 799 1383 reﬂectenda
824 1334 909 1381 est
941 1327 1141 1381 oratio.
1171 1325 1267 1379 Est
1294 1340 1424 1379 vero
1456 1325 1511 1379 in
1545 1325 1802 1380 haeretico
1831 1325 1925 1379 illo
1962 1340 2058 1379 va-

464 1417 607 1472 rium
650 1416 912 1487 quiddam
957 1424 1121 1485 atque
1157 1414 1380 1484 duplex,
1414 1415 1506 1484 qui
1535 1417 1753 1469 tametsi
1787 1415 2060 1485 impostor

466 1509 658 1567 fuerit.
702 1506 912 1562 ChriSti
946 1507 1052 1562 sibi
1087 1521 1285 1561 nomen
1328 1508 1511 1576 specie
1542 1514 1706 1561 tenus
1747 1506 2010 1575 imposuit
2041 1524 2055 1561 :

465 1598 929 1672 quemadmodum
984 1599 1164 1653 urinis
1215 1614 1282 1653 ex
1328 1600 1580 1668 aspidum
1625 1613 1690 1651 ac
1744 1598 2056 1668 viperarum

465 1696 587 1749 ovis
639 1692 878 1747 obortivi
936 1691 1272 1760 serpentium
1335 1690 1478 1744 fetus
1535 1691 1892 1759 corruptique
1945 1690 2059 1744 for-

466 1792 722 1849 mantur;
762 1782 814 1836 id
839 1782 985 1851 quod
1025 1782 1093 1834 iis
1124 1782 1307 1837 verbis
1337 1796 1366 1834 a
1400 1782 1668 1852 propheta
1700 1781 1911 1836 dictum
1937 1791 2053 1836 est:

2169 589 2203 656 ἠ
2214 604 2355 658 πατη
2366 587 2562 657 μένων.

2240 769 2314 821 Z'.
2355 767 2465 821 Καὶ
2494 765 2674 821 ταῦτά
2716 783 2807 837 μοι
2840 766 2898 821 ἐν
2946 768 3183 839 ἐπιτομῇ
3240 768 3377 840 πρὸς
3428 769 3521 841 τὴν
3559 770 3729 826 τούτου

2170 861 2381 933 αἵρεσιν
2422 861 2690 933 εἰρημένα
2743 860 2970 933 ἀρκέσει
3022 864 3135 924 τοῖς
3180 862 3607 934 ἐντυγχάνουσιν,
3660 867 3728 923 εἰς

2170 953 2443 1026 πρόφασιν
2476 952 2735 1022 ἀληθείας
2782 971 2839 1007 τε
2871 954 2967 1006 καὶ
3014 954 3233 1019 ἰάσεως,
3268 957 3363 1009 καὶ
3409 958 3485 1019 εἰς
3534 956 3729 1029 ἔλεγχον

2166 1047 2275 1101 τῶν
2302 1046 2391 1101 διὰ
2426 1047 2528 1117 τῆς
2551 1047 2807 1118 τοιαύτης
2841 1047 3144 1120 θηριώδους
3173 1048 3379 1120 φθορᾶς
3402 1051 3729 1121 πειρωμένων

2167 1140 2371 1194 ἀδικεῖν
2395 1141 2519 1203 τοὺς
2553 1139 2901 1208 ἀγνοοῦντας.
2943 1140 3359 1213 Ὑπερὸήσομαι
3407 1141 3483 1206 δὲ,
3524 1142 3611 1195 καὶ
3655 1141 3727 1211 ἐφ’

2169 1233 2361 1304 ἐτέρας
2392 1232 2554 1285 πάλιν
2586 1232 2875 1304 βαδιοῦμαι
2899 1234 3164 1306 αἱρέσεως
3196 1234 3414 1305 ἔλεγχον
3462 1235 3606 1288 Ἔστι
3635 1234 3729 1305 γάρ

2167 1327 2226 1379 ὲν
2259 1324 2409 1397 αὐτῷ
2443 1325 2714 1397 μεταϐολὴ
2759 1328 2855 1380 καὶ
2886 1327 3203 1397 ὲνδυασμδς,
3237 1327 3436 1381 πλάνου
3472 1327 3565 1398 μὲν
3596 1327 3730 1392 ὄντος

2168 1417 2357 1481 αὐτοῦ,
2399 1419 2612 1490 μορφὴν
2665 1418 2722 1472 δὲ
2768 1419 3033 1491 ὀνόματος
3078 1418 3321 1492 Χριστοῦ
3372 1421 3729 1492 ἐνδυσαμένου,

2167 1511 2309 1583 ὡςλή
2357 1512 2466 1565 τῶν
2519 1512 2892 1584 ὲκτρωμάτων
2937 1512 3253 1585 ἐρπετὼδης
3300 1514 3358 1582 ἐξ
3400 1514 3591 1585 οὐρίων
3622 1514 3731 1571 ὠῶν
3788 1530 3796 1543 ‘

2167 1603 2410 1657 ἀσπίδων
2445 1604 2783 1674 κυῖσκομένη
2832 1604 3029 1675 φθορὰ,
3073 1606 3167 1658 καὶ
3199 1605 3375 1660 ἄλλων
3404 1607 3635 1678 ἐχιδνῶν,
3668 1609 3733 1674 ὣς

2169 1714 2333 1769 φησιν
2361 1698 2391 1750 δ
2441 1698 2767 1768 Προφήτης·
2808 1696 2908 1751 Ὠὰ
2940 1697 3219 1752 ἀσπίδων
3261 1699 3538 1767 ἕρῤηξαν,
3576 1702 3663 1753 καί
3704 1705 3733 1755 ὁ

2163 1789 2410 1858 μέλλων
2442 1787 2563 1842 τῶν
2594 1789 2726 1843 ὠῶν
2777 1789 2978 1845 αὐτῶν
3022 1790 3258 1861 φαγεῖν,
3301 1788 3479 1860 εὗρεν
3528 1794 3733 1862 οὔριον,

469 1876 582 1931 Ora
627 1874 873 1944 asp'dum
919 1874 1228 1941 fregerunt,
1287 1883 1337 1927 et
1377 1874 1467 1943 qui
1513 1890 1608 1926 ova
1657 1873 1755 1927 illa
1798 1874 2053 1929 comedert

2169 1882 2267 1935 καὶ
2316 1881 2386 1934 ἐν
2416 1879 2578 1946 αὐτῷ
2618 1881 3020 1946 βιισιλίσκον.
3067 1883 3227 1937 Ἀλλὰ
3270 1888 3337 1956 τῇ
3391 1884 3629 1955 δυνάμει,
3669 1885 3734 1948 ὡς

466 1968 641 2027 vellet.
694 1966 880 2019 inania
919 1964 1131 2032 reperit,
1178 1961 1472 2032 ibidemque
1515 1961 1815 2032 regulum‘.
1859 1958 2060 2015 Verum

465 2068 826 2129 posteajuam
860 2058 1091 2121 Christi,
1126 2060 1205 2112 uti
1234 2057 1497 2121 diximus,
1534 2056 1774 2126 potentia
1814 2056 2063 2111 veritatis

464 2152 617 2205 illum
669 2151 1018 2206 sermonibus
1073 2150 1432 2220 impetiimus,
1481 2148 1716 2218 ejusque
1757 2148 2060 2219 perniciem

463 2259 681 2299 omnem
722 2244 1106 2305 restinximus,
1155 2242 1388 2312 gradum
1434 2240 1503 2297 ad
1539 2241 1786 2313 reliquas
1825 2240 2061 2320 haereses

464 2334 758 2391 faciamus.
802 2333 1142 2390 charissimi.

691 2447 1071 2505 ADVERSUS
1110 2445 1658 2502 MENANDRIANOS
1678 2446 1792 2519 (59)
1811 2486 1826 2511 ,

465 2561 598 2628 Quo:
628 2570 710 2617 est
748 2560 967 2616 hwresis
1024 2570 1141 2631 post
1190 2559 1473 2631 adventum
1507 2559 1709 2615 Christi
1754 2557 1839 2626 11,
1875 2558 2060 2615 ordine

1164 2630 1365 2685 XXII.

535 2750 577 2806 ι.
618 2749 875 2805 Proxime
914 2750 1139 2822 quidam
1168 2749 1300 2805 huic
1342 2747 1640 2804 Menander
1672 2746 2060 2819 adjungendus

462 2854 583 2907 est,
647 2843 742 2913 qui
796 2858 995 2913 genere
1045 2842 1429 2898 Samaritanus
1471 2842 1757 2911 aliquanto
1816 2849 2061 2911 tempore

466 2934 679 2991 Simoni
713 2951 934 3006 operam
964 2936 1069 3005 ει
1101 2934 1270 2991 dedit.
1294 2937 1473 3005 Atque
1504 2934 1593 2989 hic
1630 2934 1858 3005 perinde
1887 2941 1947 2988 ut
1979 2934 2059 2987 al-

463 3037 549 3083 ter
597 3029 864 3083 mundum
901 3029 970 3082 ab
1000 3030 1208 3098 angelis
1244 3028 1573 3082 fabricatum
1608 3043 1621 3079 :
1654 3026 1898 3097 seipsum
1927 3042 2058 3084 vero

463 3119 556 3176 Dei
588 3120 697 3174 vim
740 3136 865 3176 esse
895 3120 962 3175 de
994 3121 1135 3175 caelo
1171 3121 1395 3176 missam
1430 3121 1649 3175 asserit.
1690 3122 1749 3173 In
1791 3136 1900 3190 quo
1928 3121 2057 3191 qui-

461 3218 583 3270 dem
629 3214 892 3283 majorem
941 3229 1104 3284 quam
1141 3214 1406 3284 magister
1440 3213 1533 3268 ille
1574 3228 1711 3269 suus
1744 3213 2057 3269 circumve-

460 3308 680 3363 niendis
723 3307 1042 3362 hominibus
1074 3305 1323 3361 fraudem
1366 3321 1431 3360 ac
1463 3305 1740 3360 fallaciam
1774 3321 2058 3361 commen-

458 3409 550 3456 tus
576 3408 685 3454 est.
723 3398 795 3455 Se
822 3399 968 3453 enim
1004 3400 1186 3453 aiebat
1213 3400 1278 3451 ad
1312 3397 1540 3452 humani
1570 3398 1791 3467 generis
1822 3397 2055 3452 salutem

458 3494 766 3560 emissum;
832 3500 1016 3562 atque.
1066 3500 1128 3546 ut
1177 3492 1478 3546 nonnullos
1522 3507 1685 3546 sttum
1732 3491 1799 3545 ad
1851 3500 2059 3561 myste-

458 3584 603 3638 rium
634 3582 1007 3644 tontraheret-,
1043 3598 1113 3636 ne
1158 3583 1480 3653 angelorum
1519 3597 1584 3637 ac
1622 3580 2055 3652 principatuum,

458 3685 927 3747 potestatumque,
964 3690 1087 3745 qua:
1132 3674 1397 3728 mundum
1448 3673 1835 3737 condiderant,
1872 3673 2057 3727 domi-

458 3772 674 3827 nationi
708 3771 1025 3826 subessent.
1058 3769 1268 3824 Caetera
1298 3768 1513 3823 doctori
1548 3783 1650 3824 suo
1682 3775 2055 3823 consentanea

459 3864 655 3921 iisdem
708 3863 1009 3933 praestigiis
1059 3876 1127 3916 ac
1170 3861 1457 3916 maleﬁciis
1507 3861 1809 3924 attexebat,
1850 3875 1953 3916 nec
1988 3861 2057 3916 ab

457 3956 581 4025 ejus
617 3956 873 4025 dogmate
919 3952 1262 4019 dissidebat;
1321 3953 1431 4008 nisi
1487 3952 1634 4023 quod
1685 3952 1949 4025 majorem
1996 3966 2071 4019 se,

456 4058 814 4108 antecessore
844 4064 910 4105 ac
942 4059 1284 4122 praeceptore
1316 4061 1418 4102 suo
1447 4044 1714 4117 jactabat.

527 4218 593 4275 11.
624 4217 826 4276 Verum
862 4221 917 4276 in
944 4219 1137 4277 eadem
1178 4235 1304 4276 cum
1355 4218 1465 4276 isto
1509 4219 1861 4275 incommoda
1898 4219 2041 4277 dela-

458 4326 594 4381 psus
612 4319 733 4379 est;
767 4312 1074 4384 iisdemque
1103 4312 1354 4367 veritatis
1379 4313 1670 4370 convictus
1696 4313 2049 4368 sermonibus

456 4411 754 4459 evertetur.
788 4402 886 4460 Est
912 4406 1060 4461 enim
1092 4405 1211 4476 ipse
1240 4404 1563 4473 subversus,
1592 4404 1825 4477 ejusque
1852 4420 2051 4476 magna

565 4563 582 4595 ί
611 4561 713 4618 lsa.
732 4576 859 4643 ‘th,
896 4561 952 4618 5.

526 4721 641 4794 (39)
687 4722 1176 4795 Μενανδριανῶν.
1229 4722 1669 4795 Deublenandro
1706 4720 1939 4787 Tertul.,
1972 4722 2050 4779 De

2163 4739 2346 4781 norem
2379 4725 2694 4795 quamdam.

454 4792 698 4865 preach,
726 4811 777 4849 e.
812 4794 881 4848 46
912 4812 924 4848 :
959 4793 1089 4849 Post
1124 4795 1262 4847 hunc
1309 4792 1601 4849 Menander
1637 4794 1933 4865 discipulus
1976 4796 2047 4849 il-

455 4863 579 4922 lius.
605 4865 856 4920 simiiiter
878 4880 1084 4935 magus,
1111 4865 1295 4919 eadem
1329 4866 1660 4935 diceusqun-
1684 4863 1867 4935 Simon
1898 4866 2043 4930 ipse;

451 4935 707 5008 quidquid
737 4953 791 4990 se
818 4934 1002 5008 Simon
1034 4935 1266 5000 dixerat,
1300 4938 1395 4989 hoc
1418 4952 1473 4990 se
1505 4934 1799 5008 Menander
1831 4952 1944 4991 esse
1966 4936 2045 5008 di-

452 5006 623 5069 cebat,
650 5024 845 5077 negans
871 5007 1063 5061 habere
1087 5023 1403 5078 quemquam
1438 5022 1589 5078 posse
1625 5006 1852 5078 salutem
1873 5047 1887 5071 ,
1938 5007 2044 5061 nisi

451 5078 506 5132 in
554 5076 766 5133 nomine
803 5094 898 5132 suo
933 5076 1480 5147 baptiiatusﬁfuisset.
1516 5076 1652 5133 Vide
1684 5077 1910 5147 Euseb.,
1944 5078 2035 5132 lib.

452 5164 510 5220 I_Il
547 5149 714 5216 Hist,
755 5166 878 5219 cap.
913 5144 1025 5219 ‘20';
1077 5144 1380 5213 Justinum,
1430 5147 1583 5219 Apol.
1644 5163 1723 5214 ll;
1781 5144 2039 5220 Au'gust.,

452 5216 917 5359 Pl‘iiiijt‘bztgka
947 5287 1325 5361 Σαμαρειτῶν
1362 5288 1720 5413 ὁρμώμενος.
1746 5285 1999 5346 Justinus
2024 5309 2036 5343 :

465 5358 600 5413 Ἀπὸ
643 5360 839 5413 κώμης
890 5360 1351 5413 Καππαοεταΐας.
1441 5360 1770 5413 heodoretus
1823 5379 1836 5413 :
1907 5358 2036 5413 ’Δπὺ

465 5358 600 5433 ζᾼτεδ
643 5360 839 5433 κώμης
890 5358 1351 5433 Καππαρεταΐας,
1389 5358 1770 5416 Thebdoretus
1823 5379 1836 5415 :
1907 5358 2041 5414 Ἀπὸ

456 5427 676 5501 Χαᾷραῖ
694 5427 901 5501 κώμης
934 5431 1078 5486 οὕτω
1108 5427 1471 5501 καλουμένης.

525 5498 639 5571 (41)
690 5498 947 5555 Ἑαυτὸν
991 5501 1060 5556 δὲ
1112 5498 1294 5571 ἐλεγέ
1324 5498 1603 5571 δύναμιν.
1655 5499 1818 5571 Atqui
1875 5499 2039 5571 lren.,

452 5568 551 5641 lib.
584 5568 627 5633 ι,
657 5585 780 5640 cap.
812 5571 905 5636 2|,
938 5573 1130 5627 scribit
1172 5568 1530 5626 Menandrum
1563 5568 1771 5627 dixisse
1811 5570 2045 5641 primam

454 5640 714 5711 virtutem
741 5641 1070 5711 incognitam
1109 5642 1363 5696 omnibus
1398 5656 1562 5697 esse:
1599 5658 1659 5697 se
1682 5656 1813 5696 vero
1845 5640 1911 5694 ad
1944 5641 2044 5694 bo-

458 5709 667 5780 minum
696 5709 929 5765 salutem
962 5710 1030 5765 ab
1053 5713 1260 5780 angelis
1296 5727 1419 5767 esse
1444 5715 1694 5766 missum.
1731 5711 1913 5779 Quare
1936 5726 2043 5764 non

458 5778 704 5849 μεγάλην
730 5780 887 5849 ἱΙΙοιη
928 5792 987 5831 se
1018 5778 1146 5835 esse
1179 5780 1411 5849 δύναμιν
1447 5781 1756 5836 asseruissc
1789 5779 2041 5847 videtur;

454 5858 512 5901 ut
547 5849 721 5920 ipsius
751 5848 1033 5922 magister,
1068 5858 1121 5905 et
1155 5848 1761 5927 erroris_arcbite(‘tus;
1808 5850 1903 5909 sed
1938 5851 2041 5905 mi~

2170 1974 2327 2043 ἔφην,
2362 1974 2455 2028 τοῦ
2503 1975 2741 2047 Χριστοῦ
2787 1975 2978 2029 τοῦτον
3021 1978 3316 2043 παίσαντες
3363 1978 3452 2033 διὰ
3502 1977 3604 2033 τῶν
3648 1977 3734 2047 τῆς

2170 2065 2429 2136 ἀληθείας
2467 2066 2662 2135 λόγων,
2695 2068 2790 2121 καὶ
2816 2069 2917 2138 τὴν
2958 2069 3125 2123 αὐτοῦ
3164 2069 3345 2143 λύμην
3375 2070 3733 2141 ἀφανίσαντες,

2170 2156 2264 2209 ἐπὶ
2296 2156 2392 2221 τὰς
2428 2156 2555 2228 ἑξῆς
2595 2157 2788 2230 ἴωμεν,
2826 2159 3120 2229 ἀγαπητοί.

2559 2446 2752 2500 ΚΑΤΑ
2794 2446 3369 2512 ΜΕΝᾹΝΔΡῙᾹΝΩΝ,

2168 2550 2425 2621 Δευτέρα
2456 2556 2690 2627 αἵρεσις
2714 2555 2834 2609 ἀπὸ
2860 2554 2971 2625 τῆς
2997 2555 3105 2609 τοῦ
3141 2558 3366 2626 Κυρίου
3404 2559 3738 2627 παρουσίας,

2413 2624 2489 2694 τῇ
2512 2626 2581 2679 δὲ
2611 2624 2942 2693 ἀκολουθίᾳ
2972 2624 3521 2697 εὶκσστὴδευτέρά.

2238 2742 2317 2796 Α’.
2351 2740 2537 2815 Ταύτῃ
2578 2739 2813 2812 καθεξῆς
2859 2741 3193 2799 συνάπτεται
3221 2742 3537 2816 Μένανδρός
3569 2761 3664 2807 τις,
3690 2743 3741 2806 δς

2167 2830 2275 2884 ἀπὸ
2301 2830 2657 2902 Σαμαρειτῶν
2687 2830 3011 2903 ὁρμώμενος
3034 2832 3147 2903 (40)
3189 2834 3413 2902 ἐγένετο
3440 2832 3741 2905 μαθητεῦων

2165 2924 2341 2995 τούτῳ
2381 2924 2460 2994 τῷ
2509 2923 2714 2994 Σίμωνι
2756 2927 2814 2977 ὲν
2856 2923 3033 2995 χρόνῳ
3074 2925 3200 2982 τινί.
3245 2926 3481 2997 Ὁμοίως
3511 2927 3567 2981 δὲ
3606 2926 3742 2994 ἔλεγε

2166 3017 2260 3071 καὶ
2294 3018 2454 3080 αὐτὸς
2480 3017 2570 3072 τὸν
2612 3018 2818 3088 κόσμον
2845 3019 3129 3087 γεγονέναι
3169 3020 3263 3072 ὑπ’
3311 3021 3589 3090 ἀγγέλων·
3623 3022 3739 3074 ἐαυ·

2164 3111 2256 3166 τὸν
2308 3111 2364 3164 δὲ
2424 3110 2578 3178 ἔλεγε
2629 3110 2860 3182 δύναμιν
2904 3113 3016 3182 (41)
3070 3112 3279 3167 ἄνωθεν
3333 3113 3470 3168 Θεοῦ
3520 3129 3740 3168 καταπε-

2166 3204 2436 3275 πέμφθαι.
2475 3204 2715 3268 Μείζονα
2757 3204 2815 3257 δὲ
2851 3205 3076 3258 κυϐείαν
3124 3198 3282 3269 οὗτος
3325 3207 3467 3277 ὑπὲρ
3497 3206 3587 3260 τὸν
3624 3205 3742 3276 πρό-

2158 3314 2319 3367 τερον
2373 3296 2754 3368 ἐργασάμενος
2810 3297 2951 3369 πρὸς
3000 3298 3219 3370 ἀπάτην
3264 3299 3375 3353 τῶν
3435 3297 3740 3371 ἀνθρώπων.

2161 3388 2348 3459 ἔλεγεν
2396 3389 2588 3442 ἑαυτὸν
2629 3388 2955 3459 πεπέμφθαι
2994 3393 3074 3454 εἰς
3123 3391 3401 3463 σωτηρίαν
3434 3391 3611 3462 δῆθεν,
3660 3388 3742 3442 καὶ

2161 3485 2241 3546 εἰς
2278 3481 2341 3535 τὸ
2381 3480 2639 3549 συνάγειν
2670 3481 2825 3544 τινὰς
2854 3482 2936 3544 εἰς
2961 3481 3024 3535 τὸ
3065 3482 3261 3535 ἑαυτοῦ
3294 3486 3595 3555 μυστήριον
3622 3479 3741 3545 (42³,

2159 3573 2247 3627 διὰ
2278 3573 2340 3626 τὸ
2365 3573 2439 3645 μὴ
2470 3573 2576 3625 ὑπὸ
2606 3571 2714 3626 τῶν
2741 3572 2832 3625 τὸν
2862 3572 3069 3644 κόσμον
3099 3577 3487 3645 πεποιηκότων
3511 3573 3742 3645 ἀγγέλων

2160 3666 2257 3719 καὶ
2282 3666 2469 3737 ἀρχῶν
2500 3666 2595 3718 καὶ
2626 3665 2885 3731 ἐξουσιῶν
2919 3668 3446 3739 κατακυριευθῆναι.
3481 3663 3743 3738 Ὀμοιαδὲ

2161 3757 2239 3829 τῷ
2273 3757 2467 3812 ἑαυτοῦ
2498 3755 2806 3828 διδασκάλῳ
2835 3756 2902 3810 τά
2930 3758 3109 3812 πάντα
3140 3760 3488 3829 συνυφαίνων
3509 3760 3602 3813 καὶ
3625 3773 3743 3827 γοη-

2160 3850 2339 3914 τείαις
2377 3849 2473 3903 καὶ¹
2508 3849 2632 3912 ταῖς
2681 3847 2871 3912 ἄλλαις
2927 3850 3298 3918 μαγγανείαις
3343 3851 3407 3905 οὐ
3457 3851 3742 3905 διέλειπεν·

2162 3938 2314 3992 οὐδὲν
2355 3939 2413 3992 δὲ
2444 3937 2731 4009 διήλλαττε
2764 3941 2831 4010 τῇ
2869 3938 3207 4011 διδασκαλίᾳ,
3251 3940 3432 4013 ἀλλ’ἢ
3477 3941 3633 4011 μόνον
3671 3939 3743 3991 ὅτι

2163 4029 2354 4083 ἑαυτὸν
2384 4028 2538 4097 ἔλεγε
2575 4027 2802 4099 μείζονα
2850 4027 3052 4099 μᾶλλον
3086 4029 3119 4101 ἢ
3162 4030 3254 4084 τὸν
3285 4031 3395 4102 πρὸ
3434 4030 3598 4086 αὐτοῦ
3628 4029 3744 4084 ὂντα
3796 4058 3802 4064 ~

2162 4120 2328 4175 αὑτοῦ
2366 4118 2708 4173 διδάσκαλον.
3855 4135 3865 4145 ·

2230 4213 2305 4269 η’.
2338 4212 2431 4283 Τῷ
2471 4213 2530 4267 δὲ
2562 4210 2713 4283 αὐτῷ
2749 4210 3092 4283 ὲλαττώματι
3112 4253 3128 4279 ,
3168 4206 3214 4283 ᾧ
3243 4218 3340 4270 καὶ
3364 4218 3394 4271 ό
3419 4214 3581 4270 αὑτοῦ
3612 4214 3744 4268 διδά-

2160 4306 2357 4371 σκαλος
2388 4306 2687 4377 περιέπεσε
2708 4345 2724 4369 ,
2773 4304 2868 4358 καὶ
2896 4305 3059 4370 αὐτὸς
3099 4307 3263 4373 ἁλοὺς
3303 4308 3396 4363 διὰ
3442 4309 3549 4364 τῶν
3580 4305 3741 4363 αὐτῶν

2155 4402 2252 4460 τοῦ
2303 4400 2528 4471 ἐλέγχου
2581 4399 2681 4470 τῆς
2733 4396 2995 4468 ἀληθείας
3052 4398 3229 4470 λόγων
3287 4402 3736 4475 ἀνατραπήσεται

2727 4726 2882 4795 Quod
2914 4726 3204 4784 et'diserte
3227 4727 3503 4783 Theudor.
3536 4735 3735 4782 asserit.

2165 4796 2391 4871 Ἐαυτρν
2423 4796 2503 4860 δέ,
2548 4798 2746 4871 inquit,
2784 4798 2846 4871 οὐ
2884 4799 2986 4869 τὴν
3034 4799 3253 4871 πρώτην
3287 4798 3547 4871 ῶνόμασε
3590 4798 3737 4871 δῦνα-

2155 4883 2279 4940 μιν·
2316 4865 2593 4940 άγνωστλον
2624 4869 2739 4940 γάρ
2779 4865 3220 4940 έφησέίταῦτηνί
3253 4869 3371 4924 ἀλλ’
3406 4865 3497 4922 ἐπ’
3539 4868 3740 4934 ἐκείνης

2151 4936 2491 4991 ἀπεστάλθαι
2518 4936 3101 5010 βρενθυόμενοςριιορ
3138 4936 3181 4992 si
3205 4940 3275 4993 ita
3301 4949 3410 5005 est,
3444 4940 3536 5010 qui
3565 4952 3736 5010 verum

2150 5023 2291 5079 esse;
2311 5017 2510 5079 potest,
2556 5008 2709 5078 quod
2754 5008 2990 5078 subjicit
3053 5008 3397 5079 Epiphanius
3442 5008 3735 5076 {majorem

2150 5094 2210 5133 se
2241 5077 2598 5152 Menandrum
2637 5077 2988 5152 antecessore
3034 5077 3136 5152 suo
3161 5077 3250 5135 ac
3289 5088 3627 5152 praeceptore
3662 5078 3738 5140 ja-

2149 5150 2367 5204 ctasse?
2397 5149 2512 5204 Nisi
2545 5149 2681 5205 forte
2725 5150 2995 5206 mendacii
3039 5151 3231 5220 hacin
3274 5149 3431 5220 parte
3469 5150 3735 5220 Simonem

2149 5233 2406 5291 arguens,
2442 5235 2677 5286 eumque
2707 5220 2760 5274 in
2795 5222 3042 5276 ordinem
3068 5218 3345 5291 redigeus,
3385 5222 3490 5276 sibi
3527 5220 3625 5290 ipsi
3657 5218 3735 5270 in-

2150 5289 2379 5362 feriores
2417 5290 2565 5344 illius
2590 5291 2885 5362 δυνάμεως,
2915 5304 3112 5347 nOmen
3145 5289 3209 5362 ac
3236 5289 3559 5362 dignitatem
3591 5299 3735 5362 arm:

2148 5361 2315 5428 gavit.
2345 5361 2517 5426 Quem
2553 5362 2620 5416 ad
2651 5354 2885 5415 sensum
2914 5360 3222 5416 revocanda
3254 5354 3384 5417 sunt
3420 5354 3734 5417 Tertulliani

2148 5431 2335 5491 verba.
2368 5439 2426 5485 ut
2468 5432 2596 5498 quia
2640 5430 2871 5502 δύναμιν
2921 5447 2982 5487 se
3032 5433 3442 5496 esse'dicebat,
3478 5435 3598 5502 etsi_
3633 5440 3732 5481 non

2147 5502 2417 5573 eamdem,
2446 5515 2611 5573 quam
2658 5499 2867 5573 simu,
2901 5517 3013 5573 ρεαδ
3048 5519 3109 5559 se
3144 5502 3332 5570 ferret,
3364 5501 3513 5558 idem
3568 5499 3634 5556 de
3679 5509 3734 5552 se

2145 5571 2432 5640 professus
2464 5571 2632 5625 fuisse
2668 5571 2907 5627 dicatur.

2220 5641 2331 5711 (42)
2363 5643 2466 5707 Εις
2505 5641 2571 5696 τὸ
2600 5640 2833 5697 ἑαυτῶν
2854 5642 3215 5710 μυστήριον.
3256 5642 3542 5698 Privatum
3572 5636 3731 5711 quod:

2147 5706 2271 5783 dam
2315 5706 2583 5780 baptismi
2640 5728 2812 5781 genus
2855 5706 3164 5768 Menander
3208 5714 3441 5780 habuit;
3489 5706 3603 5783 quo
3645 5706 3730 5779 qui

2147 5781 2345 5854 initia_ti
2372 5790 2555 5835 essent
2589 5783 2927 5854 immortales
2953 5783 3069 5838 fore
3099 5785 3199 5839 hac
3231 5786 3286 5839 in
3313 5785 3424 5854 vita
3449 5781 3749 5854 persuasc-.

2146 5858 2252 5908 rat.
2282 5850 2533 5908 Justinus
2568 5851 2722 5924 Apol.
2762 5868 2821 5913 ιι.
2849 5854 3106 5928 Ιιεηεευε,
3136 5853 3428 5912 Eusebius.
