4022 6422
317 404 419 468 301

926 407 1299 468 ADVERSUS
1337 407 1685 465 llAiRESES
1723 403 1854 466 LIB.
1896 401 1938 463 ἰ.
1993 404 2160 466 TOM.
2205 408 2269 463 Il.
2311 436 2379 449 -—
2421 408 2698 468 llAiRES.
2740 407 2932 466 XXI".

3500 409 3609 470 '50!

317 525 461 579 τανᾶ
494 522 764 596 ὑπάρχειν
812 516 961 591 λέγει
988 536 1005 553 “
1056 521 1181 576 ὅθεν
1232 522 1326 576 καλ⁸
1374 520 1425 575 οἱ
1463 518 1684 585 πλείους
1731 518 1914 575 αὐτῶν

2025 535 2137 576 rem
2159 519 2404 594 plerique
2439 536 2502 578 ea
2551 522 2746 581 horum
2767 522 3058 595 disciplina
3076 523 3329 584 animatis
3349 530 3608 585 omnibus

315 615 585 688 ὲμιῖνὺχων
626 614 949 686 ἀπέχονται.
980 616 1131 680 ὅπως
1163 615 1252 670 διά
1292 616 1394 687 τῆς
1421 614 1798 686 προσποιητῇ
1825 614 1919 686 513-.

314 707 412 761 θεν
436 706 715 771 πολιτείας
743 705 926 761 αὑτῶν
963 724 1118 772 τινας
1141 706 1533 775 ἐπαγάγωνται
1572 706 1653 770 είς
1690 705 1788 778 τὴν
1817 705 1918 761 αὑ-

316 798 428 853 τῶν
455 798 698 871 ἀπάτην.
736 797 850 863 Τὰς
877 798 935 852 δὲ
960 798 1302 872 προφητείας
1330 798 1530 868 φάσκει
1562 799 1590 851 ὁ
1614 797 1777 861 αὐτὸς
1806 797 1916 852 πά-

315 886 401 940 λιν
448 888 617 960 γόης,
668 887 769 951 τάς
822 887 922 959 μὲν
969 887 1079 942 tim
1125 886 1235 940 τῶν
1287 887 1636 959 κοσμοποιῶν
1666 889 1918 957 ἀγγέλων

316 977 826 1064 τεεπροφητεῦσθαι,
852 978 1021 1042 «aest
1040 978 1150 1032 t‘mb
1168 977 1263 1031 τοῦ
1292 978 1535 1033 Σατανᾶο
1559 979 1653 1033 καὶ
1671 980 1835 1034 αὐτὸν
1859 979 1919 1033 δὲ

313 1072 411 1124 τὸν
426 1072 674 1127 Σατανᾶν
684 1070 915 1140 ἄγγελον
931 1072 1130 1141 φάσκει
1150 1070 1587 1144 ἀντιπράττοντα
1603 1075 1716 1137 τοῖς
1726 1089 1920 1143 κοσμο-

317 1166 497 1229 ποιοῖς
536 1163 823 1233 ἀγγέλοις,
868 1164 1101 1235 μάλιστα
1133 1160 1192 1219 δὲ
1229 1165 1309 1236 τῷ
1336 1164 1457 1236 Θεῷ
1489 1164 1599 1219 τῶν
1627 1165 1915 1221 Ἰουδαίων.

389 1260 469 1313 I".
498 1260 672 1314 Ὅταν
718 1258 776 1313 δὲ
807 1257 977 1314 ταῦτα
1024 1260 1210 1333 φάσκῃ
1255 1260 1284 1312 ὀ
1336 1240 1655 1331 κτηνῶδης,
1697 1259 1918 1324 πάντως

315 1364 426 1403 1που
452 1351 549 1405 καλ⁵
584 1349 746 1415 αὐτὸς
774 1350 1119 1422 δειχθήσεται
1159 1351 1259 1405 ενα
1299 1351 1435 1406 θεὸν
1460 1351 1781 1424 ὁμολογῶν,
1825 1351 1919 1406 καὶ

310 1444 414 1496 ἐπὶ
445 1443 576 1515 μίαν
610 1443 840 1516 ἑνότητα
872 1445 1174 1517 μοναρχίας
1211 1445 1433 1513 ἀνάγων
1458 1445 1522 1498 τὸ
1554 1445 1780 1501 mint
1808 1442 1919 1515 γὰρ

309 1538 366 1588 οἱ
396 1534 619 1605 ἄγγελοι
650 1530 1019 1609 πεποιήκασιν
1044 1578 1059 1603 ,
1099 1536 1321 1607 ἄγγελοι
1374 1536 1433 1591 δὲ
1479 1536 1639 1592 πάλιν
1672 1536 1783 1590 ἀπὸ
1816 1536 1920 1606 τῆς

309 1625 527 1680 ἄνωθεν
558 1626 844 1697 δυνάμεως
870 1626 933 1680 τὸ
964 1625 1138 1682 αἴτιον
1163 1627 1434 1698 ἐσχήκασι
1466 1620 1572 1683 τοῦ
1593 1622 1735 1680 εἶναι
1755 1642 1770 1657 ο
1807 1627 1916 1699 ἄρα

311 1720 418 1772 οὒκ
451 1718 609 1773 αὐτοὶ
640 1719 802 1773 αἴτιοι
831 1718 926 1773 τοῦ
955 1718 1275 1790 πλάσματος
1300 1718 1397 1773 τοῦ
1430 1716 1721 1792 ἀνθρώπου
1739 1758 1753 1779 .
1795 1717 1910 1771 ἀλλ’

312 1812 349 1880 ἡ
379 1810 590 1865 ἀνωθεν
617 1808 846 1882 δύναμις
867 1812 902 1883 ἡ
942 1811 1070 1875 τοὺς
1104 1811 1372 1881 ἀγγέλους
1403 1812 1677 1883 ποιήσασα
1703 1852 1717 1875 ,
1747 1811 1807 1878 ἐξ
1839 1804 1914 1864 ὧν

314 1902 415 1957 καὶ
445 1904 481 1975 ή
512 1902 710 1967 πλάσις
740 1903 834 1957 τοῦ
854 1902 1160 1975 ἀνθρώπου
1192 1903 1515 1976 συνέστηκε.
1540 1904 1652 1958 Καὶ
1678 1903 1787 1976 γὰρ
1815 1904 1915 1957 οὐκ

309 1992 493 2048 αἴτιον
513 1993 576 2047 τὸ
604 1995 885 2065 ἐργαλεῖον
912 1995 1021 2049 τῶν
1048 1996 1139 2050 ὑπ’
1164 1995 1333 2050 αὐτοῦ
1366 1996 1699 2066 γενομένων,
1724 1996 1839 2050 ἀλλ’
1875 1997 1904 2049 ὁ

310 2084 560 2157 ἐνεργῶν
611 2086 675 2139 τὸ
704 2085 987 2158 ἐνέργημα
1017 2085 1109 2143 διά
1162 2085 1258 2141 τοῦ
1289 2086 1576 2159 ἐργαλείου
1603 2126 1618 2150 ,
1664 2085 1732 2140 δι’
1765 2081 1826 2140 οὗ
1855 2085 1917 2139 τὸ

314 2176 481 2247 ἔργον
506 2177 720 2246 γίνεται
740 2217 755 2241 ,
787 2178 865 2243 ὡς
903 2179 1000 2231 καὶ
1023 2177 1337 2249 γέγραπται
1356 2195 1372 2210 ο
1405 2177 1504 2245 Μὴ
1536 2176 1916 2246 δοξασθήσε-

315 2284 412 2321 ται
470 2268 662 2336 πρίων
705 2268 855 2324 ἄνευ
903 2268 1012 2324 τοῦ
1063 2268 1353 2336 ἕλκοντος
1426 2271 1650 2333 adadv;
1704 2269 1798 2322 καὶ
1846 2267 1918 2322 τά

315 2357 467 2430 ἑξῆς.
527 2357 685 2415 Οὕτω
732 2359 789 2414 δὲ
843 2360 1063 2434 ὁρῶμεν
1091 2400 1105 2427 ,
1169 2361 1252 2416 ὅτι
1298 2359 1422 2415 οὔτε
1475 2359 1722 2433 μάχαιρα
1766 2360 1917 2414 αἰτία

316 2451 517 2519 φόνου,
561 2451 675 2506 ἀλλ’
705 2452 735 2505 ὁ
775 2455 842 2524 τῇ
896 2452 1140 2526 μαχαίρᾳ
1173 2453 1265 2507 τὸν
1319 2453 1480 2524 φόνον
1532 2454 1912 2525 ἐπιχειρήσας.

318 2544 520 2597 Καὶοῦ
547 2544 610 2598 τὺ
636 2545 1072 2617 πηροπλαστείον
1110 2544 1335 2601 δύναται
1387 2545 1455 2598 δι’
1497 2545 1701 2600 ἑαυτοῦ
1741 2548 1918 2598 ποιεῖν

316 2636 389 2691 τὰ
427 2635 803 2709 πλασσόμενα,
830 2638 946 2692 ἀλλ’
971 2639 1001 2692 ὁ
1022 2638 1083 2692 τὸ
1107 2638 1536 2711 κηροπλαστεῖον
1562 2639 1656 2691 καὶ
1680 2637 1741 2691 τὸ
1779 2637 1916 2691 πλά-

319 2743 439 2799 σμα
488 2728 889 2801 ἐργασάμενος.
931 2729 1146 2786 Οὐκοῦν
1190 2728 1318 2784 οὔτε
1369 2730 1420 2783 ot
1456 2729 1680 2799 ἄγγελοι
1730 2731 1914 2794 αἴτιοι,

318 2816 438 2871 ἀλλ’
471 2819 502 2873 ό
528 2819 657 2884 τοὺς
686 2819 953 2890 ἀγγέλους
987 2821 1224 2893 ποιήσας
1245 2859 1260 2883 ,
1291 2821 1340 2873 εί
1384 2820 1479 2873 καὶ
1508 2815 1577 2891 ἦν
1610 2819 1919 2890 παραγγεί-

317 2911 419 2977 λας
443 2914 630 2977 αὐτοῖς
661 2912 757 2967 τοῦ
785 2915 865 2984 μὴ
901 2912 1128 2985 ποιῆσαι
1169 2912 1477 2984 ἄνθρωπον.
1510 2912 1572 2965 ΕΞ
1613 2912 1629 2942 ¹
1671 2912 1782 2983 γάρ
1816 2929 1919 2966 κα-

318 3004 689 3077 ταψηφίζεται
744 3006 848 3077 τῆς
875 3006 988 3060 ἄνω
1017 3004 1301 3076 δυνάμεως
1330 3002 1557 3073 ἄγνοιαν
1600 3003 1695 3058 καὶ
1740 3004 1917 3071 ἀγνω-

318 3098 448 3152 σίαν
479 3097 590 3151 τῶν
623 3097 927 3169 μελλόντων
955 3096 1176 3151 ἔσεσθαι
1216 3096 1369 3169 παρά
1414 3096 1475 3150 τὺ
1503 3097 1674 3169 αὐτῆς
1705 3096 1920 3169 θέλημα

317 3191 760 3264 ἐπιτελουμένων
777 3232 791 3257 ,
817 3193 850 3264 η
875 3191 1100 3247 εὐδοκία
1124 3194 1145 3224 ³
1171 3194 1239 3263 τῇ
1276 3192 1477 3263 ἑαυτῆς
1502 3193 1630 3256 τοὺς
1655 3190 1923 3260 ἀγγέλους

321 3285 686 3357 πεποιηκέναι
715 3285 855 3357 πρὸς
897 3284 961 3339 τὸ
989 3286 1262 3363 χρήσιμον
1305 3286 1407 3358 τῆς
1439 3285 1788 3357 κατασκευῆς
1824 3284 1921 3339 τοῦ

316 3375 616 3447 ἀνθρώπου
641 3417 657 3439 ,
691 3372 753 3432 οὗ
790 3376 952 3450 ῆθελε
981 3376 1417 3441 κατασκευάζειν
1442 3416 1459 3441 ,
1490 3377 1769 3448 ποιήσασα
1794 3378 1923 3441 τοὺς

319 3469 614 3539 ἀγγέλους,
654 3471 748 3524 καὶ
773 3470 848 3543 μὴ
874 3470 1227 3546 ἐντειλαμένη
1258 3470 1355 3524 τοῦ
1404 3470 1480 3543 μὴ
1516 3469 1829 3524 ἐπιτελέσαι
1860 3468 1922 3523 τὸ

315 3563 662 3635 ἐπιχείρημα
684 3606 700 3631 ,
729 3565 978 3618 τουτέστι
1012 3564 1107 3619 τοῦ
1159 3561 1452 3637 ἀνθρώπου
1502 3562 1565 3616 τὸ
1604 3563 1916 3628 πλαστεῖον,

312 3652 399 3717 ὡς
426 3655 459 3725 ἡ
485 3653 667 3707 αὐτῶν
704 3653 959 3727 μυθώδης
990 3656 1318 3728 τεχνουργία
1353 3654 1620 3730 περιέχει.

2018 608 2319 679 abstinent,
2365 621 2426 667 ut
2465 613 2719 670 ati‘ectalo
2761 615 2855 671 illo
2904 601 3204 672 sanctioris
3251 616 3376 673 vita:
3410 634 3612 691 genere

2018 704 2317 763 tmnnullos
2345 717 2510 760 suum
2541 704 2593 761 in
2619 716 2865 761 errorem
2899 705 3202 778 pelliciant.
3232 705 3348 781 θη
3378 707 3457 767 De
3484 725 3614 782 pm.

2021 794 2308 865 pbetarum
2354 797 2597 853 oraculis
2644 797 2720 852 ita
2765 795 3044 855 veneﬁcus
3083 798 3175 855 ille
3225 799 3491 872 disputat,
3546 818 3610 857 ea

2017 887 2219 958 partim
2245 904 2274 944 a
2308 888 2499 944 mundi
2530 887 2822 960 opiﬁcibus
2850 888 3084 962 angelis,
3121 890 3320 962 partim
3350 906 3381 946 a
3407 891 3609 948 Sataua

2019 982 2302 1054 proiecta:
2353 989 2409 1039 et
2444 983 2591 1038 hunc
2624 982 2805 1053 ipsum
2848 981 3112 1039 Satanam
3160 990 3319 1057 putat
3354 985 3608 1057 angelum

2017 1090 2163 1140 esse,
2197 1070 2292 1145 qui
2324 1073 2514 1129 mundi
2546 1072 2931 1129 conditoribus
2960 1074 3195 1146 angelis,
3216 1075 3608 1149 praecipueque

2018 1166 2339 1223 Iudaeorum
2370 1165 2483 1222 Deo
2513 1165 2760 1223 resistat.

2089 1257 2176 1314 Ill.
2196 1258 2330 1325 Quae
2350 1272 2475 1313 cum
2493 1257 2562 1312 ab
2582 1256 2675 1311 illa
2693 1256 2902 1328 pecude
2934 1258 3081 1314 hunc
3106 1261 3163 1317 in
3193 1260 3415 1318 modum
3433 1257 3611 1316 disso-

2020 1353 2333 1416 runtur,vei
2356 1352 2563 1408 invitus
2585 1351 2936 1407 convincitur
2953 1369 3120 1408 unum
3146 1354 3395 1410 conﬁteri
3414 1353 3608 1417 Deum,

2017 1454 2184 1516 atque
2221 1445 2290 1502 ad
2331 1445 2581 1510 unicum,
2616 1443 3064 1517 singularemque
3106 1445 3444 1500 dominatum
3485 1446 3612 1501 uni-

2017 1553 2176 1595 versa
2206 1537 2436 1595 referre.
2474 1538 2692 1595 Etenim
2725 1539 2772 1596 si
2812 1534 3054 1592 mundus
3089 1535 3158 1591 ab
3187 1537 3400 1609 angelis
3429 1536 3609 1592 factus

2018 1640 2126 1697 est,
2161 1646 2287 1687 cum
2323 1631 2548 1703 ipsimet
2576 1640 2705 1688 ante
2744 1645 2775 1685 a
2804 1629 3018 1687 caelesti
3050 1629 3254 1685 virtute
3280 1627 3610 1700 principium

2017 1731 2181 1794 atque
2205 1724 2475 1795 originem
2501 1722 2821 1790 habuerint,
2845 1732 2962 1778 non
2996 1721 3075 1776 illi
3101 1720 3343 1794 ﬁngendi
3368 1719 3612 1777 hominis

2015 1820 2272 1872 auctores
2302 1824 2454 1883 sunt,
2484 1818 2579 1873 sed
2616 1829 2875 1887 suprema
2904 1816 3079 1872 virtus
3116 1815 3207 1871 illa
3237 1816 3446 1886 potius,
3478 1831 3603 1888 qua:

2024 1907 2254 1980 angelos
2297 1908 2573 1972 condidit,
2610 1924 2639 1962 a
2669 1908 2876 1980 quibus
2917 1908 3083 1963 homo
3118 1914 3310 1979 postea
3347 1907 3613 1963 formatus

2015 2008 2134 2067 est;
2163 2014 2288 2054 nam
2333 2010 2433 2055 nec
2463 2000 2599 2054 artis
2629 2000 3063 2055 instrumentum
3088 2012 3293 2052 eorum
3312 2014 3479 2055 causa
3506 2008 3612 2060 est,

2016 2107 2139 2164 qtne
2169 2092 2237 2147 ab
2265 2092 2386 2163 ipso
2426 2091 2596 2146 linut:
2635 2091 2731 2146 sed
2764 2089 2854 2145 ilie
2889 2092 3098 2162 potius,
3130 2091 3375 2161 quicum
3408 2091 3611 2145 instru-

2014 2192 2203 2239 mento
2224 2196 2344 2238 eam
2365 2183 2637 2237 actionem
2659 2181 2939 2252 exprimit,
2962 2191 3064 2252 per
3083 2192 3248 2251 quam
3275 2195 3414 2250 opus
3432 2180 3614 2249 ipsum

2016 2273 2269 2337 eﬂicitur,
2297 2270 2763 2344 quemadmodum
2786 2270 3056 2341 scriptum
3092 2276 3208 2325 est:
3250 2267 3397 2323 Num
3421 2267 3617 2339 gloria-

2017 2364 2162 2419 bitur
2205 2381 2355 2419 serra
2401 2365 2515 2418 sine
2561 2362 2800 2417 trahente
2850 2360 3105 2431 ipsam”?
3160 2368 3265 2416 etc.
3298 2361 3478 2431 Atque
3511 2361 3615 2414 hoc

2017 2457 2233 2513 caeteris
2274 2457 2327 2511 in
2370 2458 2536 2513 rebus
2576 2456 2652 2511 ita
2685 2470 2817 2512 sese
2852 2454 3057 2511 habere
3080 2454 3386 2510 cernimus.
3426 2451 3616 2524 Neque

2018 2544 2164 2602 enim
2191 2545 2405 2618 gladius
2435 2562 2605 2602 causa
2637 2546 2802 2602 ca'dis
2841 2553 2946 2611 est,
2976 2545 3076 2601 sed
3107 2545 3156 2601 is
3194 2546 3288 2616 qui
3320 2544 3508 2617 gladio
3544 2545 3615 2599 ad

2020 2640 2449 2711 perpetrandam
2470 2641 2673 2696 caedem
2690 2640 2885 2694 utitur.
2916 2638 3102 2710 Neque
3120 2650 3404 2694 cerearum
3423 2639 3587 2710 imagi
3600 2669 3618 2679 -

2020 2748 2153 2787 num
2179 2741 2340 2805 typus
2380 2748 2503 2804 quae
2532 2732 2819 2804 tinguntur
2844 2747 2943 2803 per
2969 2746 3033 2786 se
3061 2731 3240 2788 moliri
3272 2739 3475 2811 potest,
3518 2731 3616 2787 sed

2022 2826 2069 2881 is
2098 2828 2326 2881 omnino
2360 2824 2455 2897 qui
2493 2833 2548 2881 et
2583 2835 2770 2896 typum
2801 2824 3005 2895 ipsum,
3048 2828 3106 2878 et
3128 2837 3448 2894 expressam
3481 2824 3619 2877 ima-

2022 2918 2205 2986 ginem
2242 2916 2388 2972 fecit.
2421 2916 2608 2982 Quare
2640 2930 2749 2970 non
2782 2914 2958 2986 angeli
2987 2913 3116 2985 ipsi,
3151 2912 3247 2968 sed
3270 2912 3366 2984 qui
3389 2914 3617 2985 angelos

2023 3007 2288 3079 produxit
2313 3008 2555 3064 hominis
2585 3023 2753 3064 causa
2777 3014 3057 3073 censetur,
3090 3005 3311 3062 tametsi
3346 3021 3417 3061 ne
3448 3005 3621 3060 homi-

2022 3115 2147 3157 nem
2179 3101 2487 3158 conderent
2535 3101 2647 3156 illis
2690 3098 3074 3167 interdixerit;
3117 3112 3243 3154 nam
3282 3098 3369 3154 vel
3404 3097 3617 3154 cmlesti

2022 3194 2214 3249 virtuti
2249 3193 2548 3258 inscitiam,
2578 3206 2642 3250 ac
2674 3192 2991 3248 futurarum
3028 3203 3213 3248 rerum
3249 3207 3375 3263 qua:
3418 3199 3619 3263 praeter

2021 3286 2361 3341 voluntatem
2421 3300 2580 3341 suam
2634 3283 2983 3356 perficienda!
3034 3288 3184 3347 sunt,
3243 3282 3617 3353 ignorantiam

2025 3376 2275 3442 ascribit,
2320 3385 2414 3433 aut
2447 3392 2568 3433 eam
2618 3378 2842 3449 propria
2876 3376 3043 3432 animi
3094 3370 3411 3431 inductione
3450 3383 3620 3445 putat

2020 3471 2245 3542 angelos
2266 3485 2608 3543 procreasse,
2629 3470 2773 3543 quod
2787 3471 2892 3528 hoc
2913 3472 3089 3543 ipsum
3114 3470 3180 3525 ad
3203 3468 3618 3541 producendum

2029 3562 2306 3618 hominem
2330 3568 2466 3620 utile
2486 3562 2650 3631 foret,
2674 3579 2837 3636 quem
2859 3564 3097 3620 fortnare
3124 3571 3382 3635 cuperet:
3410 3577 3535 3617 cum
3563 3570 3621 3617 et

2028 3655 2257 3727 angelos
2281 3656 2643 3723 condidisset,
2676 3673 2780 3714 nec
2797 3672 2892 3714 eos
2904 3657 3282 3729 prohibuisset
3310 3672 3448 3729 opus
3464 3656 3620 3728 cjus-
3716 3644 3727 3651 “

312 3743 489 3804 moJi,
539 3743 798 3798 nimirum
858 3743 1095 3799 hominis
1153 3744 1494 3800 molitionen
1537 3743 1783 3815 aggreli,
1840 3742 1896 3798 id
1938 3743 2087 3815 quod
2124 3743 2439 3803 fabulosum
2469 3748 2693 3803 illorum
2722 3747 3023 3804 artiﬁcium
3057 3748 3324 3827 continet.

391 3842 465 3893 A'.
498 3840 570 3893 Ἦ
603 3840 624 3873 ³
643 3841 842 3896 οὐκοῦν
880 3843 1067 3898 πάλιν.
1090 3841 1183 3898 τὸν
1231 3842 1533 3916 pm
1568 3842 1875 3915 ἐρωτητέον
1899 3856 1917 3871 ⁶

314 3932 443 4003 ᾔδει
468 3939 505 4008 η
546 3936 662 3990 ἀνω
703 3933 964 4007 δύναμις,
1004 3936 1032 3991 δ
1065 3950 1118 3990 τι
1146 3935 1402 4007 μέλλουσι
1451 3935 1754 4009 πράττεινς
1784 3934 1916 4001 Ναὶ,

313 4030 510 4101 φησίν.
545 4032 690 4102 Ἀρα
723 4028 888 4099 γοῦν,
922 4029 971 4082 εί
1000 4028 1141 4101 ᾔδει,
1175 4029 1316 4101 αὐτὴ
1347 4030 1617 4102 πεποίηκε
1641 4069 1655 4093 ,
1697 4030 1790 4083 καὶ
1818 4027 1919 4082 οὐκ

312 4125 500 4179 αὐτοί.
544 4126 609 4179 Ei.
644 4124 704 4179 δὲ
730 4123 847 4196 ⁴ᾔδει
896 4123 994 4194 μὲν
1019 4164 1034 4189 ,
1073 4121 1175 4176 οὐκ
1224 4122 1385 4196 ἢθελε
1414 4122 1489 4188 δὲ,
1536 4121 1691 4193 παρά
1731 4122 1787 4175 δὲ
1820 4120 1918 4193 τὴν

314 4215 501 4288 αὐτῆς
553 4215 781 4287 γνώμην
833 4214 1200 4287 ἐπεχείρησαν
1229 4213 1293 4267 τὸ
1335 4210 1676 4285 ἐπιχείρημα
1720 4210 1914 4266 αὐτοί·

2101 3841 2191 3900 W.
2223 3841 2594 3911 Quamobrem
2622 3861 2843 3903 rursum
2876 3845 2945 3903 de
2983 3846 3297 3901 fabularum
3331 3846 3626 3905 inventore

2026 3936 2385 4004 qtncrendum
2417 3944 2537 3993 est:
2574 3937 2785 4009 Ecquid
2826 3939 3070 3995 cmlcstis
3116 3940 3207 3995 illa
3240 3939 3419 3997 virtus
3455 3957 3620 3997 nove-

2027 4034 2136 4090 rat,
2188 4028 2321 4096 quid
2374 4037 2564 4083 essent
2613 4030 2789 4100 angeli
2840 4029 3077 4085 facturi?
3112 4030 3370 4098 Noverat,
3418 4034 3618 4104 inquit.

2027 4114 2200 4185 Igitur
2232 4133 2344 4172 non
2393 4119 2570 4188 angeli
2607 4119 2734 4190 ipsi,
2768 4121 2865 4176 sed
2902 4121 2992 4175 illa
3038 4123 3230 4192 utique
3276 4121 3428 4179 fecit.
3463 4125 3622 4193 Quod

2029 4206 2078 4261 si
2107 4217 2335 4261 noverat
2364 4209 2608 4279 quidem,
2638 4209 2735 4265 sed
2764 4210 2881 4266 lteri
2903 4218 3087 4266 tamen
3113 4211 3352 4274 nolebat.
3386 4229 3451 4269 ac
3482 4230 3623 4285 prae-

312 4309 433 4363 τίνι
486 4307 565 4381 τῷ
614 4308 761 4380 λόγῳ
807 4306 870 4361 οὐ
914 4305 1260 4369 κεκώλυκενς
1290 4305 1356 4359 Et
1383 4305 1442 4359 δὲ
1479 4304 1761 4369 ἀδυνάτως
1795 4303 1918 4373 ἔσχε

2029 4305 2112 4354 ter
2160 4300 2308 4357 illius
2342 4301 2667 4356 sententiam
2712 4302 2981 4372 attingere
3029 4318 3169 4373 opus
3197 4303 3342 4360 istud
3375 4308 3619 4377 aggressi

313 4399 424 4456 τοῦ
449 4399 715 4466 κωλῦσαι,
753 4397 949 4473 πρώτη
981 4398 1287 4471 φαυλότης,
1311 4398 1393 4452 ὅτι
1422 4398 1544 4453 καθ’
1577 4397 1749 4469 αὐτῆς
1791 4398 1920 4460 τοὺς

317 4496 423 4551 ὑπ’
458 4495 641 4567 ,αὐτῆς
695 4492 990 4564 γεγονότας
1036 4492 1308 4562 ἀγγέλους
1344 4492 1427 4557 εἰς
1462 4489 1738 4545 ἀντίθεσιν
1788 4490 1919 4543 satu"-

313 4588 428 4659 τῆς
460 4588 557 4642 καὶ
590 4585 941 4658 παροξυσμὸν
979 4584 1381 4640 κατεσκεύασε·
1410 4582 1664 4655 δεύτερον
1706 4582 1763 4636 δὲ
1782 4623 1798 4648 ,
1838 4582 1920 4636 ὅτι

314 4678 600 4749 δυναμένη
632 4678 696 4732 οὐ
730 4675 1068 4742 κεκώλυκεν,
1091 4676 1230 4731 ἀλλὰ
1258 4679 1603 4750 συνήργησεν
1631 4677 1710 4739 εἰς
1740 4673 1800 4730 τὸ
1822 4688 1920 4728 7:0-

315 4789 392 4841 νη
403 4769 493 4840 ρδν
523 4768 684 4842 ἔργον
712 4768 775 4821 τὸ
804 4767 912 4822 ὑπὸ
942 4766 1055 4821 τῶν
1088 4769 1338 4838 ἀγγέλων
1359 4784 1558 4839 γεγενη
1567 4767 1750 4839 μένον.
1778 4764 1843 4820 Et
1861 4765 1921 4820 δὲ

317 4865 390 4919 οὐ
418 4865 749 4936 συνήργησε,
780 4862 876 4916 καὶ
903 4860 1227 4933 βουληθεῖσα
1250 4863 1353 4917 οὐκ
1386 4859 1627 4934 ἠδυνήθη
1652 4859 1919 4925 κωλῦσαι,

317 4953 499 5028 πολλή
538 4972 623 5019 τις
652 4952 911 5009 ἀσθένεια
940 4955 1000 5007 έν
1026 4955 1092 5025 τῇ
1122 4952 1399 5027 θελησάσῃ
1429 4952 1524 5007 καὶ
1562 4952 1638 5023 μὴ
1671 4949 1920 5023 δυνηθεί-

319 5059 434 5120 erg“
464 5048 556 5100 ttat
589 5045 789 5117 μᾶλλον
818 5043 1167 5119 ισχυρότερον
1188 5043 1356 5115 εἴητὺ
1383 5043 1475 5096 ὑπ’
1502 5042 1675 5114 αὐτῆς
1697 5041 1925 5112 γενόμε-

318 5154 424 5193 νον
443 5136 551 5191 τῶν
580 5137 829 5208 ἀγγέλων
855 5136 1065 5208 στίφος,
1089 5137 1124 5208 ἢ
1148 5138 1181 5209 ἡ
1204 5134 1345 5206 αὐτὴ
1371 5135 1522 5189 αἰτία
1544 5130 1681 5189 οὖσα
1700 5133 1808 5188 τῶν
1833 5134 1926 5187 ὑπ’

321 5226 505 5299 αὐτῆς
545 5227 845 5297 γεγονότων
894 5227 1164 5296 ἀγγέλων.
1188 5224 1527 5292 Ἐξὰπαντος
1578 5223 1762 5277 τοίνυν
1806 5222 1921 5277 ἀλί·

322 5337 521 5377 σκεται
550 5323 584 5394 ή
621 5321 721 5393 τῆς
761 5320 1029 5393 αἱρέσεως
1058 5318 1339 5384 ὑπόθεσις,
1371 5317 1678 5388 ἀσυστασίᾳ
1720 5317 1923 5387 μᾶλλον

323 5414 757 5484 περιπίπτουσα,
782 5413 879 5467 καὶ
906 5412 1010 5466 οὐκ
1037 5409 1287 5484 ἀληθείᾳ.
1320 5408 1387 5465 ΕΞ
1411 5409 1469 5463 δὲ
1493 5408 1763 5478 ἐγίνωσκε
1801 5410 1921 5481 μὲν,

322 5506 547 5579 ἀνάγκῃ
565 5505 623 5561 δὲ
649 5504 826 5559 ἐποίει
848 5503 1097 5569 τούτους,
1120 5501 1151 5557 ὃ
1179 5502 1257 5575 μὴ
1281 5501 1441 5572 θέμις
1473 5501 1592 5554 ἐστὶ
1610 5499 1723 5571 (50)
1752 5502 1927 5573 πράτ-

322 5614 446 5656 τειν
472 5599 624 5671 παρά
655 5599 717 5653 τὸ
745 5598 915 5669 αὐτῆς
946 5595 1218 5669 βούλημα,
1250 5592 1558 5649 ἐλαττώσει
1579 5592 1745 5664 ἑτέρᾳ
1768 5609 1926 5665 περι-

2028 4403 2176 4459 suut,
2210 4408 2312 4449 cur
2353 4410 2460 4450 non
2503 4396 2826 4465 prohibuit?
2870 4397 2966 4452 Sin
3007 4398 3230 4454 obstare
3265 4400 3490 4457 minime
3522 4417 3622 4473 po—

2030 4487 2160 4542 tuit:
2195 4487 2433 4559 primum
2474 4488 2579 4544 hoc
2623 4489 2815 4544 vitium
2848 4498 2953 4556 est,
2995 4491 3143 4562 quod
3186 4500 3377 4547 contra
3416 4503 3624 4551 semct-

2024 4576 2200 4649 ipsam
2240 4580 2495 4639 conditos
2523 4596 2554 4636 a
2582 4597 2644 4638 se
2677 4582 2922 4655 angelos,
2962 4584 3065 4639 sibi
3103 4591 3161 4639 ut
3202 4585 3521 4643 resisterent
3556 4603 3621 4642 ac

2027 4683 2088 4728 Se
2138 4672 2425 4729 irritarent
2474 4673 2659 4730 moliri
2705 4674 2982 4740 voluerit;
3027 4675 3284 4735 alterum.
3318 4677 3465 4747 quod
3512 4678 3622 4750 65

2030 4779 2157 4819 cum
2195 4775 2408 4836 posset,
2460 4768 2687 4823 minime
2747 4767 3114 4839 prohibuerit,
3168 4769 3280 4823 imo
3332 4771 3498 4825 etiam
3554 4774 3621 4824 ait

2029 4856 2334 4927 pessimum
2360 4859 2493 4913 illud
2524 4859 2846 4930 angelorum
2889 4859 3168 4931 opificium
3203 4862 3621 4933 exsequendum

2028 4947 2357 5018 adjutricem
2384 4964 2508 5006 sese
2524 4951 2838 5022 praebuerit.
2865 4950 3022 5017 Quod
3047 4952 3091 5007 si
3120 4967 3221 5007 nec
3244 4952 3367 5008 illos
3388 4953 3620 5022 adjuvit,

2030 5049 2087 5096 et
2140 5043 2435 5112 prohibere
2484 5058 2611 5099 cum
2656 5045 2821 5100 vellet
2864 5062 2974 5100 non
3022 5045 3234 5115 potuit:
3289 5060 3625 5116 magnopere

2032 5133 2364 5190 imbecillam
2407 5150 2528 5190 eam
2568 5143 2787 5206 oportet
2832 5151 2976 5201 esse,
3020 5152 3142 5207 qua:
3181 5136 3329 5207 quod
3365 5137 3622 5202 voluerit,

2031 5225 2248 5283 etiicere
2298 5242 2407 5282 non
2445 5229 2659 5300 potuit:
2701 5229 2917 5301 eritque
2961 5228 3098 5284 adeo
3155 5229 3382 5285 condita
3425 5231 3518 5285 illa
3556 5233 3624 5289 ab

2029 5334 2094 5376 ea
2117 5320 2437 5391 angelorum
2498 5328 2719 5377 caterva
2771 5322 2988 5387 fortior,
3018 5336 3184 5397 quam
3228 5321 3461 5389 ipsamet
3503 5342 3625 5390 (iure

2032 5411 2353 5482 angelorum
2387 5426 2557 5467 causa
2588 5419 2673 5467 est
2704 5428 2770 5469 ac
2799 5411 3150 5483 principium.
3195 5411 3367 5485 igitur
3395 5414 3626 5472 lnercsis

2030 5501 2138 5559 ista
2170 5503 2398 5558 minime
2424 5502 2705 5559 cohaerere
2726 5503 2846 5574 ipsa
2881 5516 3092 5560 secum.
3131 5513 3300 5576 atque
3322 5519 3352 5558 a
3388 5506 3622 5561 veritate

2033 5593 2473 5651 rccederc'omni
2514 5610 2582 5651 ex
2625 5601 2787 5665 parte
2826 5593 3195 5661 convincitur.
3240 5592 3363 5652 1am
3404 5612 3533 5653 vero
3575 5597 3620 5653 si

404 5737 420 5770 '
445 5734 508 5792 F.
540 5736 597 5808 ἦ.
673 5737 694 5768 ¹
719 5734 781 5790 ιτ.
810 5733 1109 5809 ῆεύδοκὶα.
1169 5732 1191 5766 ³
1218 5731 1282 5789 F.
1305 5747 1546 5804 expung.
1578 5731 1632 5802 ἡ.
1712 5730 1735 5762 ⁸
1766 5728 1872 5786 lsa.
1900 5748 1954 5796 ιι,
1998 5731 2087 5789 15.

407 5870 519 5944 (50)
561 5875 815 5943 Τούτους
872 5872 907 5928 ὃ
951 5872 1040 5945 μὴ
1075 5872 1245 5944 θέμις
1292 5874 1488 5930 ἐστίν.
1550 5872 1712 5930 Deest
1767 5874 2084 5939 μέλλοντας.
