4022 6424
356 405 467 465 509

1026 400 1398 459 ADVERSLS
1441 402 1788 459 ElASltESES
1825 401 1956 461 LIB.
1995 402 2041 457 1.
2085 399 2248 457 ΤΟἈ.
2293 397 2360 451 ll.
2404 426 2473 438 —
2513 388 3023 450 "ERESuXXIV.

3540 384 3652 443 διο

359 542 448 579 ται
501 522 603 596 μὲν
652 524 950 596 κηρύττειν
980 520 1286 594 ὑπερϐολὴν
1315 520 1458 593 ὑπὲρ
1492 519 1584 575 τὸν
1617 519 1916 590 σχολαστὴν
1941 521 1956 551 ⁸

2085 517 2208 572 lieni
2254 515 2407 587 vigo-t
2450 513 2599 567 illius
2641 508 2869 567 tmesis
2916 506 3198 578 proﬂuxit,
3243 518 3368 574 quc
3418 503 3489 558 ab
3529 502 3654 572 ejus

363 615 527 671 αὐτοῦ
555 614 757 687 γόητα,
783 614 875 669 τὸν
902 613 1339 681 καταλειφθέντα
1371 612 1466 666 ἐπὶ
1495 612 1597 683 τῆς
1626 612 1846 685 Συρίας,
1877 612 1963 665 ἵνα

363 708 528 778 δῆθεν
555 707 628 761 τὰ
662 708 805 778 ὑπὲρ
845 708 1051 760 ὲκεῐνον
1085 706 1444 777 διηγούμενος
1490 704 1621 778 δόξῃ
1662 703 1961 774 φαντασιᾲ-

367 802 483 864 ζειν
516 798 681 853 πλέον
727 799 856 862 τοὺς
901 796 1221 863 ἀκούοντας,
1248 795 1580 867 ἀρέσκεσθαί
1611 813 1671 849 τε
1710 795 1804 849 καὶ
1840 811 1964 848 συν-

366 892 614 963 αγείρειν
661 891 846 963 πλήθη
888 891 1030 963 ὑπὲρ
1061 890 1152 946 τὸν
1181 891 1398 961 ἑταῖρον
1421 889 1588 944 αὑτοῦ
1618 888 1961 961 Σατορνῖλον.

368 980 482 1037 Καί
509 999 657 1046 τινες
683 980 872 1035 λοιπὸν
899 979 1289 1051 φαντασιώδεις
1336 980 1659 1052 μυθοποιίας
1693 980 1966 1051 ὑπερϐαλ-

368 1073 748 1145 λόμενος(55),
770 1073 1001 1146 ἄρχεται
1027 1073 1127 1144 μὲν
1151 1072 1353 1137 οὕτως*
1385 1073 1455 1126 τὰ
1482 1072 1657 1144 ἀληθῆ
1682 1072 1738 1126 δὲ
1767 1076 1962 1140 εἰπεῖν,

368 1168 475 1221 οὐκ
495 1168 604 1222 ἀπὸ
631 1167 731 1238 τῆς
760 1167 953 1223 ἑαυτοῦ
976 1167 1183 1232 ἐννοίας
1212 1166 1579 1239 ἐναρξάμενος
1610 1168 1739 1237 ἡμῖν
1768 1166 1838 1220 τὰ
1857 1168 1962 1221 δειο

370 1258 443 1312 νά
475 1276 532 1312 τε
564 1257 659 1311 καὶ
686 1257 976 1331 ὀλετήρια,
1013 1258 1150 1313 ἀλλὰ
1181 1258 1484 1330 προφάσεις
1528 1257 1709 1311 λαϐὼν
1753 1258 1819 1311 ἐκ
1869 1256 1963 1311 τοῦ

372 1348 697 1421 Σατορνίλου
745 1348 841 1403 καὶ
890 1349 1134 1420 Σίμωνος
1161 1348 1257 1403 τοῦ
1292 1347 1784 1421 προεληλεγμένου.
1830 1347 1964 1401 Βού-

372 1435 527 1491 λεται
559 1437 619 1491 δὲ
644 1436 849 1509 ἑτέρως
893 1437 1037 1492 αὑτά
1070 1438 1497 1512 μεταχειρίςειν,
1531 1440 1625 1494 καὶ
1671 1441 1751 1504 είς
1801 1440 1965 1509 ὄγκον

374 1531 603 1601 μείζονα
623 1530 928 1601 διηγεῖσθαι
950 1530 1019 1586 τὰ
1046 1532 1493 1605 μυθολογήματα.

2065 607 2369 677 disciplina
2386 606 2734 660 occasionem
2765 607 2931 670 atque
2970 595 3240 667 originem
3277 594 3514 664 accepit.
3547 592 3656 659 Qui

2065 700 2288 773 quidem
2325 698 2720 770 praestigiatore
2754 695 2849 751 illo
2900 691 3446 763 suocondiscipuio,
3490 704 3658 761 quem

2068 766 2124 851 in
2169 766 2469 865 Syria'69
2510 766 2834 861 reliquerat,
2880 787 3091 857 majora
3137 786 3312 840 multo
3359 783 3660 856 praedicare
3700 766 3725 790 ⁸

2069 886 2258 957 ccepit,
2294 894 2353 940 ut
2387 884 2819 941 sublimioribus
2845 896 3013 953 quam
3054 879 3145 935 ille
3184 877 3487 934 tractandis
3558 873 3658 929 do-

2070 977 2344 1049 gmatibus
2366 976 2630 1046 majorem
2678 973 3021 1032 auditoribus
3049 971 3166 1027 suis
3198 969 3386 1025 fucum
3432 967 3657 1031 faceret,

2072 1072 2379 1142 iisdemque
2415 1069 2723 1139 impensius
2746 1067 3037 1129 arrideret,
3061 1080 3124 1120 ac
3150 1065 3337 1136 plures
3357 1061 3536 1119 sodali
3559 1076 3664 1118 suo

2075 1164 2358 1220 Saturnilo
2419 1170 2725 1218 sectatores
2778 1160 3085 1231 colligeret.
3150 1159 3342 1228 Itaque
3397 1154 3664 1210 fabulosis

2073 1258 2403 1328 quibusdam
2437 1257 2667 1327 adjectis
2687 1255 2922 1313 somniis
2957 1255 3102 1310 bunc
3141 1255 3195 1309 in
3230 1252 3453 1308 modum
3496 1267 3665 1308 exor-

2076 1366 2172 1407 sus
2200 1358 2307 1406 est.
2340 1348 2468 1414 Sed,
2507 1357 2567 1404 ut
2604 1349 2752 1421 quod
2795 1364 2885 1404 res
2916 1356 3003 1403 est
3043 1347 3249 1411 dicam,
3298 1361 3407 1401 non
3448 1344 3540 1400 ille
3569 1357 3667 1414 per

2073 1457 2195 1499 sese
2238 1457 2303 1497 ac
2343 1451 2539 1512 suopte
2570 1442 2794 1513 ingenio
2834 1441 2953 1497 dira
3008 1440 3107 1495 illa
3156 1455 3221 1494 ac
3247 1437 3511 1509 pestifera
3566 1434 3670 1489 do-

2071 1545 2255 1604 gmata
2282 1535 2494 1605 primus
2521 1534 2877 1605 excogitavit,
2914 1533 3012 1589 sed
3061 1548 3090 1586 a
3131 1530 3434 1596 Saturnilo,
3473 1543 3541 1583 ac
3576 1525 3669 1582 Si-

375 1638 539 1677 nzone
566 1621 741 1692 Mago,
786 1639 948 1693 quem
989 1639 1158 1695 supra
1202 1625 1586 1691 refutavimus,
1627 1625 1835 1681 erroris
1866 1634 2189 1696 argumenta
2221 1633 2507 1683 mutuatus
2561 1634 2649 1682 est
2732 1640 2850 1696 quae
2884 1624 2991 1679 alia
3054 1624 3270 1679 ratione
3320 1630 3559 1677 tractare
3617 1630 3673 1675 et

376 1729 588 1782 majore
621 1731 745 1768 cum
778 1731 974 1786 pompa
1006 1732 1271 1773 enarrare
1304 1719 1564 1774 instituit.

447 1808 595 1871 Ὅτι,
625 1809 809 1877 φησιν,
842 1803 910 1880 ἦν
943 1807 1001 1862 ἒν
1028 1809 1090 1863 τὸ
1122 1810 1406 1882 ἀγένητον,
1427 1811 1455 1865 ὃ
1490 1811 1648 1883 μόνος
1686 1813 1804 1865 ἐστὶ
1832 1810 1967 1864 πάν-

373 1913 487 1950 των
542 1900 747 1970 πατήρ.
795 1899 890 1952 Ἐκ
936 1901 1126 1954 τούτου
1162 1901 1553 1972 προϐέϐληται,
1602 1901 1757 1973 φησι,
1788 1898 1966 1965 Νοῦς’

2140 1810 2305 1875 Erat,
2350 1810 2564 1882 inquit,
2614 1809 2894 1881 ingenium
2946 1821 3119 1861 unum
3169 1802 3528 1875 principium,
3575 1802 3673 1872 qui

2068 1902 2221 1957 solus
2248 1909 2333 1958 est
2360 1903 2607 1957 omnium
2636 1915 2855 1971 parens.
2895 1897 2978 1953 Ab
3011 1897 3117 1951 boc
3145 1902 3435 1965 procreata
3467 1892 3620 1949 Mens
3647 1911 3662 1954 ;

374 1991 445 2042 ἐκ
480 1989 535 2042 δὲ
566 1989 658 2044 τοῦ
684 1989 795 2044 Νοῦ
833 1991 1004 2060 Λόγος
1023 2008 1036 2022 ·
1075 1992 1139 2045 ὲκ
1159 1992 1217 2045 δὲ
1243 1994 1338 2046 τοῦ
1368 1994 1543 2061 Λόγου
1572 1996 1865 2067 Φρόνησις·
1904 1996 1968 2048 ἐκ

2085 1996 2300 2051 iMcnte
2319 1993 2589 2058 Verbum;
2622 1993 2691 2047 ab
2712 1992 2818 2046 hoc
2846 1989 3169 2052 Prudentia,
3200 2003 3232 2042 a
3261 2003 3370 2058 qua
3398 1985 3585 2041 Virtus
3610 1992 3670 2039 et

373 2079 434 2132 δὲ
482 2079 582 2149 τῆς
628 2072 949 2152 Φρονήᾰεως
1001 2079 1246 2154 Δύναμις
1302 2083 1398 2137 καὶ
1431 2084 1638 2153 Σοφία·
1676 2084 1742 2139 ex
1786 2085 1844 2138 δὲ
1876 2085 1975 2156 τῆς

376 2165 674 2235 Δυνᾶμεώς
716 2185 776 2220 τε
811 2168 905 2222 καὶ
938 2169 1139 2238 Σοφίας
1188 2172 1374 2243 ἀρχαὶ,
1422 2173 1684 2240 ἐξουσίαι,
1733 2175 1974 2244 ἄγγελοι.

386 2257 489 2311 Ἐκ
516 2258 573 2311 δὲ
609 2258 817 2313 τοῦτων
848 2260 956 2312 τῶν
986 2260 1273 2333 δυνάμεών
1301 2281 1363 2317 τε
1395 2266 1490 2319 καὶ
1535 2266 1783 2336 ἀγγέλων
1813 2284 1976 2337 γεγο-

376 2351 529 2403 νέναι
577 2350 849 2422 ἀνώτερον
900 2352 1113 2425 πρῶτον
1143 2355 1397 2427 οὐρανὸν,
1442 2357 1537 2412 καὶ
1564 2359 1829 2428 ἀγγέλους
1862 2360 1977 2413 ἐτέο

380 2459 513 2511 ρους
546 2441 607 2510 ἐξ
638 2443 818 2498 αὐτῶν
852 2446 1154 2514 γεγονέναι.
1192 2447 1332 2511 Τοὺς
1377 2448 1435 2507 δὲ
1469 2450 1563 2503 ὑπ’
1598 2451 1778 2504 αὐτῶν
1819 2469 1970 2521 γεγο-

379 2534 543 2599 νότας
577 2535 843 2606 ἀγγέλους
874 2538 1232 2608 πεποιηκέναι
1265 2534 1420 2604 αὖθις
1448 2540 1700 2613 δεύτερον
1729 2543 1978 2617 οὐρανὸν,

382 2628 485 2681 καὶ
517 2630 713 2694 αὐτοὺς
741 2630 797 2684 δὲ
843 2632 1004 2686 πάλιν
1046 2634 1407 2703 πεποιηκέναι
1452 2634 1721 2703 ἀγγέλους
1744 2653 1755 2664 ο
1806 2639 1901 2691 καὶ
1931 2640 1979 2691 οἱ

380 2718 445 2785 ἐξ
476 2720 656 2774 αὐτῶν
686 2721 963 2793 γενόμενοι
1006 2724 1191 2790 τρίτον
1229 2720 1385 2788 αὖθις
1415 2726 1783 2797 πεποιήκασιν
1818 2728 1982 2798 οὐρα-

376 2814 474 2865 νόν
494 2830 505 2843 ·
539 2814 634 2867 καὶ
675 2813 851 2880 οὕτως
880 2818 927 2868 οἱ
962 2816 1085 2875 καθ’
1118 2819 1214 2872 ἕνα
1250 2816 1481 2890 οὐρανὸν
1509 2820 1588 2882 εἰς
1618 2815 1773 2884 αὖθις
1804 2822 1823 2852 ⁸
1864 2821 1981 2874 ἕτε-

2083 2086 2366 2157 Sapientia
2396 2085 2623 2157 prodiit.
2673 2084 2756 2141 Ab
2808 2092 3044 2154 utraque
3086 2095 3253 2152 porro
3307 2079 3673 2151 principatus.

2080 2188 2380 2252 potestates
2408 2186 2462 2234 et
2489 2178 2688 2249 angeli.
2736 2175 2944 2232 Deinde
2962 2176 3207 2231 virtutes
3246 2171 3542 2243 angelique
3584 2170 3677 2226 isti

2081 2271 2317 2342 primum
2345 2285 2412 2326 ac
2443 2285 2763 2341 supremum
2812 2267 3013 2322 crnlum
3058 2265 3254 2328 moliti,
3299 2263 3523 2335 angelos
3552 2277 3679 2316 rur-

2084 2380 2204 2422 sum
2236 2364 2376 2420 alios
2417 2369 2810 2435 propagarunt.
2842 2360 2948 2439 Qui
2975 2367 3032 2415 et
3066 2358 3179 2430 ipsi
3218 2356 3522 2414 secundum
3557 2368 3674 2411 οων

2088 2458 2198 2510 lum
2230 2453 2477 2509 fabricati
2516 2460 2669 2513 sunt,
2711 2460 2767 2507 et
2818 2451 2959 2507 alios
3002 2449 3231 2519 insuper
3275 2448 3503 2518 angelos
3549 2461 3680 2517 pro-

2085 2546 2385 2603 duxerunt.
2440 2543 2505 2598 Hi
2553 2544 2774 2598 tertium
2832 2542 3084 2612 adjecere
3130 2539 3356 2609 cupiam,
3395 2547 3564 2610 atque
3601 2538 3681 2592 ita

2085 2640 2404 2711 singillatim
2451 2655 2561 2695 uno
2596 2635 2907 2709 postaliud
2955 2633 3097 2704 crelo
3129 2631 3430 2690 identidem
3476 2630 3683 2692 consti-

2084 2740 2201 2787 tuto
2233 2732 2299 2786 ad
2332 2747 2538 2786 ccccxv
2564 2729 2882 2802 perficiunt,
2912 2742 3054 2798 quos
3096 2740 3128 2779 a
3171 2724 3349 2796 primo
3387 2738 3680 2795 supremo-

2083 2840 2191 2894 que
2225 2825 2290 2877 ad
2327 2824 2378 2878 id
2408 2823 2554 2895 quod
2586 2822 2746 2891 nobis
2770 2823 3021 2877 citimuni
3062 2828 3148 2878 est
3181 2825 3533 2879 enumerant.

379 2927 479 2979 ρον
509 2910 602 2964 καὶ
644 2911 861 2980 ἑτέρους
904 2913 1439 2978 κατασκευάζοντας,
1472 2914 1601 2986 ἄχρι
1622 2918 1950 2986 τριακοσίων
1988 2918 2420 2992 ἑξηκονταπέντε
2466 2918 2711 2990 οὐρανῶν
2759 2917 3055 2989 ἐληλύκασι
3109 2917 3129 2949 ³
3178 2916 3270 2972 τὸν
3309 2912 3544 2986 ἀριθμὸν
3571 2910 3683 2965 dm?)

377 3001 474 3054 τοῦ
504 3001 780 3055 ἀνωτάτου
817 3003 919 3067 ἕως
951 3003 1139 3060 τούτου
1168 3006 1261 3061 τοῦ
1295 3006 1416 3061 καθ’
1448 3009 1597 3079 ἡμᾶς
1629 3008 1882 3080 οὐρανοῦ.

454 3095 527 3146 B'.
579 3096 973 3167 Ἀφραινὸντων
1006 3097 1051 3151 δ’
1071 3097 1137 3152 ἂν
1172 3098 1259 3169 εἴη
1289 3098 1449 3154 τοῦτο
1480 3101 1769 3171 ἐπαγωγὸν
1799 3103 1858 3156 τὺ
1891 3122 1979 3157 πι-

2162 3096 2225 3152 ιι.
2266 3097 2370 3153 Sed
2408 3097 2524 3155 haec
2559 3096 2812 3170 figmenta
2844 3097 3064 3159 nonnisi
3094 3097 3421 3168 insipientes
3457 3097 3684 3153 allicere

385 3188 603 3242 στεύειν
645 3191 713 3259 τῇ
758 3188 1014 3260 μανιώδει
1045 3189 1210 3260 αὐτοῦ
1239 3191 1497 3264 φλυαρίᾳ.
1533 3192 1780 3258 Συνετοίς
1803 3194 1859 3248 δὲ
1888 3196 1978 3249 εὑ-

2088 3198 2341 3262 possunt,
2370 3199 2444 3247 ut,
2476 3191 2687 3256 insanis
2719 3191 2938 3245 illorum
2974 3190 3137 3262 nugis
3170 3188 3332 3245 fidem
3367 3204 3685 3244 accommo—

379 3276 711 3346 ουὲλεγκτος
742 3280 837 3332 καὶ
863 3279 1113 3351 ληρώδης
1130 3282 1158 3334 ὁ
1178 3281 1369 3336 τούτου
1392 3283 1548 3351 λόγος
1585 3285 1680 3338 καὶ
1705 3287 1738 3357 ἡ
1763 3284 1980 3357 γνώμη,

380 3369 504 3433 πῶς
559 3372 639 3434 εἰς
683 3371 1130 3442 ὑπερϐάλλουσαν
1190 3376 1285 3429 καὶ⁵
1336 3375 1565 3448 ἄπειρον
1614 3378 1983 3450 κακοτροπίαν

381 3461 664 3527 ἐξετόπιτε
718 3464 816 3535 τὴν
870 3464 1063 3520 ἑαυτοῦ
1120 3465 1365 3539 γνώμην.
1423 3467 1630 3540 Ὀρίζει
1677 3469 1823 3544 γὰρ,
1883 3470 1979 3535 ὡς,

380 3554 528 3608 κατὰ
579 3557 859 3627 ποιητικόν
902 3575 1027 3612 τινα
1073 3558 1467 3630 ἐνθουσιασμὸν
1514 3561 1884 3633 ὲμϐροντηθὲν
1924 3563 1984 3616 τὸ

380 3645 617 3700 ἐλεεινὸν
650 3647 1054 3721 ἀνθρωπάριον,
1085 3651 1585 3725 ὀνόματαέκάστῳ
1613 3653 1833 3725 ἄρχοντι
1867 3652 1976 3717 τῶν

379 3737 630 3809 οὐρανῶν
668 3738 1020 3811 ὲκτιθέμενον
1065 3742 1203 3814 πρὸς
1230 3742 1292 3795 τὸ
1329 3742 1418 3801 διὰ
1442 3743 1548 3805 τῶν
1578 3745 1879 3815 ὀνομάτων,
1908 3737 1984 3798 ὧν

383 3829 735 3902 ποτητεύεται
763 3830 916 3903 παρά
949 3832 1056 3887 τῶν
1090 3834 1166 3910 μὴ
1195 3834 1287 3897 τὸν
1319 3834 1445 3889 νοῦν
1475 3836 1791 3909 ἐρρωμένον
1830 3836 1985 3907 έχον-

380 3937 495 3973 των
527 3921 902 3988 πιστεύεσθαι,
943 3924 1024 3987 εἰς
1056 3922 1279 3993 ὄλεθρον
1325 3922 1424 3997 τῆς
1463 3925 1574 3979 τῶν
1614 3927 1984 3999 ἠπατημένων

377 4011 587 4083 ψυχῆς.
628 4015 704 4068 0'3
738 4016 846 4087 μὴν
874 4015 933 4080 δὲ
965 4015 1105 4079 ἀλλὰ
1146 4018 1241 4081 καὶ
1278 4021 1647 4089 μαγγανικαῖς
1688 4020 1985 4091 μηχανίαις

383 4106 742 4177 προσανέχειν
762 4107 866 4162 οὐκ
911 4107 1209 4173 ἐπαύσατο,
1241 4110 1337 4163 καὶ
1384 4111 1730 4183 περιεργίαις
1764 4113 1794 4165 ὁ
1842 4112 1986 4166 ἀπα-

378 4195 542 4250 τεών.
575 4198 841 4269 ’Ὕστερον
867 4200 926 4255 δέ
957 4219 1122 4274 φησιν
1164 4203 1275 4257 ἀπὸ
1299 4201 1406 4257 τῶν
1447 4206 1505 4257 ὲν
1544 4203 1720 4275 τούτῳ
1754 4203 1832 4276 τῷ
1858 4202 1984 4258 καθ’

380 4290 535 4363 ἡμᾶς
563 4291 777 4364 οὐρανῷ
812 4292 908 4347 καὶ
940 4295 1038 4365 τῆς
1068 4296 1126 4347 ἐν
1156 4294 1308 4367 αὐτῷ
1355 4295 1641 4367 δυνάμεως
1675 4296 1773 4367 τὴν
1807 4297 1985 4351 κτίσιν

378 4381 593 4453 ταύτην
639 4384 1004 4457 γεγενῆσθαι·
1059 4385 1121 4453 ἐξ
1154 4380 1229 4442 ὧν
1276 4387 1527 4458 ἀγγέλων
1561 4389 1660 4445 ἕνα
1699 4389 1848 4460 λέγει
1891 4390 1985 4445 τὸν

379 4473 540 4539 Θεὸν,
573 4473 632 4529 ὃν
664 4476 854 4531 διελὼν
880 4477 990 4533 τῶν
1036 4479 1306 4534 Ἰουδαίων
1344 4480 1505 4552 μόνον
1534 4476 1675 4537 εἶναι
1708 4480 1813 4555 ἔφη
1850 4480 1982 4537 ’ἐναο

2087 3283 2238 3339 dent.
2306 3283 2599 3354 Sapientes
2673 3299 2803 3338 vero
2871 3281 3089 3337 facilem
3150 3280 3216 3339 ad
3283 3279 3682 3335 revinceudum

2087 3374 2329 3445 ineptam
2389 3375 2558 3445 bujus
2606 3390 2733 3430 cum
2794 3375 3127 3439 orationem,
3181 3383 3297 3429 tum
3348 3376 3681 3429 sententiam

2081 3468 2432 3539 judicabunt,
2462 3467 2712 3539 illudque
2754 3468 3160 3539 nullonegotio
3192 3467 3465 3538 detegent,
3493 3483 3672 3537 quan-

2087 3568 2199 3615 tam
2234 3576 2511 3632 quamque
2556 3561 2887 3616 immensam
2945 3559 3001 3614 in
3056 3559 3382 3629 pravitatem
3438 3568 3682 3614 mentem

2087 3670 2245 3715 suam
2275 3664 2442 3725 atque
2463 3655 2705 3709 animum
2729 3654 3016 3724 ablegarit.
3041 3651 3257 3708 Etenim
3284 3650 3432 3706 velut
3457 3650 3681 3721 poetico

2086 3746 2327 3820 quodam
2357 3745 2543 3801 furore
2590 3746 2877 3818 perculsus
2922 3744 3115 3801 infelix
3165 3743 3486 3808 homuncio,
3559 3743 3685 3796 uui-

2087 3838 2289 3910 cuiqne
2314 3838 2588 3894 caelorum
2621 3837 2858 3909 principi
2889 3846 3046 3894 certa
3079 3836 3305 3892 nomina
3336 3834 3681 3906 praescribit;

2088 3932 2291 4005 quibus
2322 3948 2353 3986 a
2388 3947 2449 3987 se
2476 3931 2731 3986 confictis
2767 3930 3086 3986 nominibus
3115 3946 3145 3985 a
3182 3929 3398 3986 levibus
3423 3935 3479 3984 et
3509 3926 3685 3982 imbe-

2087 4023 2234 4079 cillis
2272 4020 2537 4097 ingeniis
2563 4035 2854 4077 assensum
2897 4020 3197 4090 exprimat,
3231 4034 3297 4074 ac
3348 4016 3547 4074 fraude
3579 4032 3682 4071 sua

2088 4115 2501 4169 circumventos
2531 4113 2589 4166 in
2617 4111 2847 4166 exitium
2888 4111 3089 4167 anima:
3119 4111 3518 4181 interitumque
3558 4123 3682 4181 per-

2089 4204 2292 4260 trabat.
2328 4203 2604 4259 Praeterea
2631 4202 2867 4273 magicis
2894 4202 3109 4257 artibus
3138 4203 3283 4259 idem
3318 4202 3588 4273 impostor
3615 4216 3682 4256 ac

2089 4297 2384 4371 praestigiis
2421 4304 2692 4368 perpetuo
2737 4295 2843 4351 fuit
2891 4292 3167 4354 addimus.
3204 4293 3310 4361 Qui
3348 4294 3415 4349 ab
3464 4294 3680 4364 angelis

2089 4390 2282 4446 citimo
2311 4389 2442 4444 buic
2480 4387 2622 4445 cmlo
2663 4386 3033 4459 proximoque
3067 4385 3229 4443 nobis
3273 4385 3578 4449 attributis,
3614 4401 3682 4440 ac

2090 4483 2296 4539 virtute
2341 4498 2464 4554 quae
2497 4480 2626 4537 istic
2658 4480 2885 4545 residet,
2921 4485 3108 4537 creata
3145 4479 3500 4551 postmodum
3544 4478 3687 4535 infe-

382 4568 485 4621 καὶ
513 4567 703 4624 τοῦτον
728 4570 1085 4644 ωναρίθμιον
1105 4574 1361 4643 ἀγγέλοις
1387 4577 1500 4639 τοῖς
1530 4574 1623 4628 ὑπ’
1646 4574 1813 4641 αὐτοῦ
1843 4573 1978 4629 κατὰ

2092 4578 2240 4633 riora
2290 4581 2479 4653 censet
2538 4573 2656 4632 haec
2710 4572 2919 4637 omnia.
2982 4570 3191 4628 Horum
3240 4587 3307 4626 ex
3361 4572 3685 4643 angelorum

383 4660 714 4731 μιμολογίαν
758 4664 1343 4735 ὀνοματοποιουμένοις
1368 4665 1599 4724 τάττων.
1633 4668 1746 4722 Καὶ
1790 4665 1851 4732 ἐξ
1884 4667 1984 4721 αὑ-

384 4753 482 4809 τοῦ
533 4754 846 4811 πεπλάσθαι
897 4757 991 4812 τὸν
1050 4758 1374 4831 ἄνθρωπον,
1434 4760 1528 4814 καί
1589 4759 1813 4824 τούτους
1866 4758 1986 4830 ἅμα

382 4848 539 4919 αὐτῷ
580 4850 940 4923 μεμερικέναι
976 4849 1071 4906 τὸν
1118 4851 1325 4923 κόσμον
1370 4850 1517 4907 κατά
1549 4851 1818 4924 διαίρεσιν
1846 4851 1984 4923 κλή-

382 4959 470 5013 ρῳ
495 4939 605 5011 (36)
631 4941 710 5013 τῷ
746 4941 944 5015 πλήθει
969 4941 1078 4998 τῶν
1105 4942 1354 5017 ἀγγέλων
1373 4959 1389 4975 ⁸
1420 4942 1597 5015 τούτῳ
1629 4943 1687 4998 δὲ
1730 4944 1987 5017 λελογχέ-

380 5051 479 5089 ναι
519 5034 580 5088 τὸ
621 5034 777 5104 γένος
821 5034 929 5093 τῶν
989 5036 1282 5097 Ἰουδαίων.
1335 5036 1682 5110 Βλασφημῶν
1719 5036 1779 5092 δὲ
1822 5036 1987 5095 αὐτὸν

385 5128 480 5182 τὸν
509 5129 927 5203 παντοκράτορα
967 5128 1195 5203 Κύριον,
1223 5129 1318 5185 τὸν
1343 5129 1515 5196 ὅντως
1554 5130 1687 5199 ὄντα
1717 5130 1856 5187 Θεὸν
1885 5130 1983 5202 μά-

387 5234 500 5280 νον,
535 5220 629 5274 καὶ
665 5221 765 5292 οὐχ
816 5221 1004 5295 ἕτερον
1047 5220 1293 5295 (Πατέρα
1338 5220 1451 5295 γὰρ
1495 5220 1588 5285 τὸν
1628 5222 1794 5287 αὐτὸν
1840 5218 1986 5290 εἶναι

380 5309 757 5385 όμολογοῦμν
773 5311 869 5373 τοῦ
883 5312 1133 5386 Κυρίουή
1141 5312 1260 5385 μῶν
1289 5312 1462 5386 Ἰησοῦ
1481 5313 1766 5386 Χριστοῦ),
1795 5314 1987 5369 τοῦτον

512 5489 575 5547 F.
609 5493 1006 5565 συσχολαστήν.
1083 5496 1103 5527 ⁸
1135 5492 1197 5550 F.
1232 5493 1499 5559 εἰσαῦθις.
1576 5494 1597 5525 ³
1637 5491 1699 5561 F.
1729 5494 2052 5568 ἐληλάκασι.

471 5646 586 5717 (55)
620 5647 735 5703 Καί
793 5664 954 5716 τινες
1008 5649 1372 5719 μυθοποιίας
1431 5649 1982 5719 ὑπερϐαλλόμενος.

385 5714 554 5792 Forte
570 5714 735 5784 τινας
756 5726 832 5792 ιιιΔ
844 5714 1303 5792 ὑποϐαλλόμενος.

472 5787 583 5861 (56)
607 5791 778 5862 arma
803 5789 1100 5861 διαίρεσιν
1123 5787 1356 5862 κλήρῳ.
1378 5788 1496 5844 Non
1523 5789 1715 5862 dubito
1747 5789 1879 5862 quin
1907 5789 1983 5862 ad

292 5859 309 5866 ’
385 5858 573 5917 locum
604 5860 760 5917 illum
795 5858 1157 5929 respexerunt,
1188 5858 1381 5918 borum
1435 5858 1780 5919 somniorum
1816 5861 1985 5918 artili-

2086 4683 2319 4728 numero
2354 4683 2523 4723 unum
2564 4666 2854 4725 constituit
2898 4665 3085 4732 deum,
3146 4681 3311 4738 quem
3365 4674 3424 4720 ut
3458 4666 3530 4721 ab
3561 4666 3689 4722 aliis

2087 4761 2396 4833 distinguat
2450 4759 2562 4831 το
2598 4757 2806 4815 Iudaeis
2853 4757 3125 4814 duntaxat
3175 4757 3449 4829 praeponit
3477 4776 3492 4814 :
3521 4764 3690 4829 atque

2088 4852 2342 4909 eumdem
2367 4851 2547 4923 ipsum
2581 4850 2635 4905 in
2676 4863 2870 4913 eorum
2925 4847 3251 4920 angelorum
3285 4845 3539 4902 ordinem
3598 4860 3690 4901 re-

2092 4942 2221 5006 fert,
2249 4942 2455 5013 quibus
2486 4939 2818 4996 histrionico
2863 4953 3021 4999 more
3061 4944 3246 4993 certas
3291 4934 3690 5009 appellationes

2096 5033 2315 5091 indidit.
2353 5033 2437 5100 Ab
2478 5033 2572 5088 illo
2609 5047 2743 5095 vero
2793 5031 3092 5087 formatum
3146 5030 3427 5086 hominem
3482 5029 3688 5094 docet;

2093 5144 2205 5201 quo
2227 5143 2354 5184 cum
2391 5127 2577 5183 cazteri
2613 5126 2932 5185 universam
2963 5123 3022 5179 in
3068 5122 3394 5194 angelorum
3441 5120 3694 5177 multitu-

2093 5222 2280 5277 dinem
2321 5218 2520 5282 sortito
2546 5218 2813 5274 mundum
2844 5215 3289 5272 distribuerunt:
3337 5229 3406 5270 ex
3448 5229 3562 5287 quo
3603 5214 3690 5270 fa-

2094 5326 2243 5374 ctum
2276 5321 2386 5379 cst,
2440 5320 2499 5368 ut
2549 5312 2624 5368 illi
2663 5310 2980 5369 Judaiorum
3025 5323 3201 5380 genus
3239 5307 3544 5367 obveniret.
3596 5307 3692 5366 Sic

2094 5667 2209 5714 ccs,
2241 5654 2334 5722 qui
2384 5661 2469 5710 cst
2506 5651 2663 5709 Deut.
2712 5666 2888 5715 xxxii.
2921 5650 3093 5722 78,7_ex
3144 5645 3286 5722 LXX
3325 5645 3690 5722 interpretum

2093 5712 2381 5848 editigncj
2420 5724 2690 5796 ’Ἑστησεν
2724 5722 2849 5795 ὅρια
2874 5712 3055 5777 ’ἐθνῶν
3089 5720 3232 5776 κατά
3259 5712 3493 5794 ἀριθμὸν
3523 5715 3693 5788 Oﬁl-

2114 5811 2202 5847 .ων
2273 5810 2384 5850 εον.
