4022 6442
250 424 335 485 517
843 422 1218 483 ADVERSUS
1255 423 1604 483 HrEliESES
1639 426 1768 484 LIB.
1811 427 1855 485 l.
1899 427 2063 485 TUM.
2105 428 2170 486 ll.
2210 461 2274 471 --
2321 429 2594 486 "JERES.
2641 430 2828 486 XXIV.

3385 431 3490 490 318

249 547 292 602 δὲ
315 541 395 597 καὶ
423 538 512 593 νῦν
533 541 579 628 ἡ.
591 539 828 613 φλυαρἱα
858 543 952 596 τοῦ
985 543 1193 599 ἄνωθεν
1219 544 1664 617 καταϐεϐηκότος
1685 545 1790 599 Βα-

1900 546 2224 603 inirabiliter
2246 549 2510 603 convicii.
2545 548 2653 604 Nec
2682 549 2864 604 minus
2895 547 2950 602 in
2980 551 3271 619 praesentia
3306 549 3490 606 futiles

247 634 463 697 σι’λείδου,
483 632 580 686 καὶ
603 632 670 687 τὰ
699 633 812 687 ἄνω
844 634 1028 705 σαφῶς
1057 640 1531 701 κατοπτεύσαντος
1548 678 1562 702 ,
1595 637 1793 694 μᾶλλον

242 729 288 783 δὲ
314 725 501 781 ἄνωθεν
524 725 868 789 πεπτωκότος
892 727 1002 781 ἀπὸ
1028 727 1122 782 τοῦ
1149 729 1250 801 τῆς
1274 728 1534 800 ἀληθείας
1565 730 1788 784 σκοποῦ·

243 821 337 879 ὅτι,
365 818 409 871 εί
436 809 584 881 οὗτος
606 818 635 870 ὁ
660 817 889 887 οὐρανὸς
918 815 1024 871 ὑπὸ
1056 818 1165 872 τῶν
1202 818 1324 873 κατ’
1348 820 1511 874 αὑτὸν
1547 820 1795 890 ἀγγέλων

241 911 519 979 γεγένηται,
541 907 691 961 αὐτοὶ
703 906 759 961 δὲ
783 908 886 961 ὑπὸ
910 909 1018 963 τῶν
1039 910 1320 983 ἀνωτέρω,
1342 913 1435 964 καὶ
1456 912 1507 964 οἱ
1536 912 1795 984 ἀνωτέρω

243 1001 328 1056 ὑπὸ
347 1000 447 1054 τῶν
469 1000 547 1055 ἔτι
572 1001 851 1073 ἀνωτέρω,
882 1001 971 1071 ἄρ’
1005 997 1100 1056 οὖν
1135 1004 1170 1074 ἡ
1204 1004 1316 1058 άνω
1348 1003 1660 1076 δύναμις,ἡ
1700 1006 1795 1060 καὶ

242 1090 480 1165 ’Δϐρασάξ
520 1090 1252 1165 καλουμένη,,εὺρεθήσεται
1292 1094 1326 1165 ἡ
1368 1093 1438 1148 τὰ
1489 1095 1668 1150 πάντα
1706 1094 1797 1149 πε·

244 1185 488 1256 ποιηκυῖα,
522 1183 615 1237 καὶ
646 1184 680 1253 ἡ
716 1183 866 1237 αἰτία
898 1183 1009 1238 τῶν
1044 1182 1212 1240 ὅντων
1245 1185 1488 1253 πάντων,
1515 1188 1611 1242 καὶ
1642 1188 1796 1242 οὐδὲν

241 1275 338 1345 δίχα
365 1274 525 1345 αὐτῆς
563 1274 618 1327 τὶ
655 1275 985 1345 γεγενῆσθαι
1025 1275 1417 1349 εὑρεθήσεται,
1458 1280 1622 1333 ὁπότε
1656 1279 1794 1351 αὐτὴ

239 1368 288 1422 τὺ
313 1366 467 1421 αἴτιον
499 1367 594 1421 καὶ
633 1368 694 1420 τὺ
727 1367 943 1439 πρῶτον
971 1369 1283 1440 ἀρχέτυπον
1314 1373 1446 1443 παρ’
1483 1372 1665 1426 αὐτῶν
1697 1391 1796 1426 κα-

238 1459 577 1529 ταγγέλλεται,
622 1458 685 1512 τὸ
721 1458 1013 1530 λεγόμενον
1056 1462 1185 1533 παρ’
1224 1462 1411 1526 αὐτοῖς
1447 1463 1543 1517 τοῦ
1588 1466 1795 1537 κόσμου

237 1551 395 1604 τούτου
424 1549 740 1621 ὑστέρημα,
777 1551 884 1604 ὑπό
914 1568 1058 1615 τινος
1101 1552 1290 1624 ἐτέρου
1327 1553 1404 1625 μὴ
1434 1556 1795 1628 γεγενῆσθαι,

238 1642 351 1697 ἀλλὰ
402 1643 504 1698 ἀπὸ
535 1642 638 1713 τῆς
680 1641 906 1715 πρώτης
945 1643 1121 1716 ἀρχῆς
1163 1645 1258 1698 καὶ
1296 1646 1477 1711 αίτίας
1517 1648 1627 1702 τῶν
1668 1666 1796 1721 μετα

236 1734 398 1789 ἐπιτα
417 1735 734 1804 γεγονότων.
756 1736 1091 1813 Ἐρωτητέον
1116 1735 1172 1789 δὲ
1185 1737 1278 1790 τὸν
1308 1738 1490 1791 αὐτόν’
1512 1740 1630 1793 Τίνι
1653 1739 1797 1815 λόγῳ

234 1825 310 1877 ἐπὶ
331 1824 584 1897 τοσαύτην
616 1825 827 1896 πληθὺν
859 1826 1007 1897 ἡμᾶς
1045 1826 1251 1899 φέρεις,
1284 1821 1330 1881 ὦ
1355 1820 1511 1893 οὗτος
1530 1868 1546 1893 ,
1586 1831 1679 1884 καὶ
1718 1833 1799 1903 μὴ

1895 639 2142 709 ejusdem
2199 640 2451 697 Βηείιὶιιιο
2506 658 2661 712 nttgze
2720 640 3043 707 refellentur
3104 644 3197 714 qui
3264 661 3296 697 e
3346 643 3491 697 oculo

1894 732 2275 802 delapsushet
2316 733 2559 787 coelestia
2605 732 2893 788 manifeste
2940 735 3340 805 contemplatus
3382 741 3489 798 est,

1894 825 1980 879 vel
2004 838 2035 880 e
2062 825 2205 880 cmlo
2240 825 2444 895 potius,
2488 825 2590 878 hoc
2627 831 2712 879 est
2749 840 2918 896 scopo
2953 826 3201 900 veritatis
3237 825 3441 881 excidit
3472 843 3487 880 :
3580 890 3595 901 _

1898 931 2023 971 nam
2053 916 2099 972 si
2136 918 2339 973 coelum
2370 916 2518 971 istud
2550 917 2618 972 ab
2656 917 2864 987 angelis
2895 932 3036 987 quos
3062 918 3152 973 ille
3179 915 3488 983 constituit,

1897 1015 1985 1062 est
2029 1007 2391 1077 productum,
2429 1014 2483 1063 et
2517 1007 2552 1061 ii
2590 1023 2783 1063 rursus
2824 1023 2853 1061 a
2887 1009 3297 1079 superioribus,
3326 1024 3492 1079 supe-

1897 1099 2081 1155 riores
2116 1113 2147 1153 a
2184 1100 2461 1171 supremis
2495 1101 2764 1171 procreati
2804 1109 2953 1163 sunt,
2989 1116 3057 1156 eo
3094 1116 3189 1157 res
3228 1101 3490 1155 nimirum

1896 1193 2124 1259 recidet,
2155 1202 2214 1247 ut
2242 1210 2454 1249 summa
2487 1194 2576 1248 illa
2606 1194 2804 1259 virtus,
2833 1208 2954 1264 quae
2984 1193 3229 1248 Abrasax
3257 1188 3504 1257 dicitur,

1898 1286 2155 1341 universa
2213 1287 2556 1351 condiderit,
2615 1287 2796 1355 sitque
2851 1284 3096 1339 omnium
3147 1298 3492 1355 quaecunque

1899 1390 2028 1435 sunt
2067 1394 2254 1445 causa,
2304 1394 2405 1434 nec
2449 1379 2656 1448 absque
2695 1379 2786 1432 illa
2823 1376 3120 1448 quidquam
3163 1377 3439 1431 exstiterit
3474 1393 3488 1429 :

1898 1470 2008 1543 74
2049 1487 2174 1526 cum
2217 1471 2333 1526 hate
2374 1472 2490 1541 ipsa
2536 1469 2891 1542 principium,
2929 1484 2993 1524 ac
3034 1470 3268 1537 primum
3310 1482 3490 1521 rerum
3531 1498 3541 1509 ο

1898 1565 2141 1618 omnium
2185 1563 2467 1634 exemplar
2511 1563 2581 1618 ab
2628 1562 2736 1616 illis
2774 1577 2898 1617 esse
2934 1559 3157 1615 dicatur
3195 1575 3209 1612 :
3248 1560 3496 1630 adeoque

1899 1656 2148 1726 sequitur
2181 1655 2373 1711 mundi
2415 1655 2579 1725 hujus
2623 1670 2785 1726 quem
2825 1660 3025 1708 vocant
3066 1650 3340 1708 defectum
3384 1668 3493 1707 non

1899 1749 1964 1804 ad
2014 1748 2161 1804 aliud
2210 1764 2335 1805 esse
2382 1764 2548 1820 quam
2594 1747 2662 1803 ad
2700 1747 2938 1819 primum
2986 1746 3119 1802 illud
3162 1745 3494 1818 principium
3590 1820 3603 1827 _

1901 1856 2238 1911 causamque
2266 1856 2482 1907 eorum,
2505 1855 2628 1911 quae
2658 1846 2788 1895 sunt
2818 1849 3006 1913 postea
3040 1839 3181 1893 facta
3206 1881 3220 1903 ,
3249 1837 3498 1893 referen-

238 1917 405 1988 μᾶλλον
432 1918 522 1971 ἐπὶ
553 1919 655 1988 τὴν
683 1917 890 1989 ἀρχὴν,
929 1921 1209 1973 τουτέστιν
1252 1922 1347 1975 ἐπὶ
1389 1922 1482 1976 τὸν
1522 1923 1619 1976 ἕνα
1656 1924 1790 1979 Θεὸν

1900 1934 2046 1988 dum.
2084 1932 2217 1989 lltud
2247 1948 2379 1989 vero
2406 1934 2475 1989 de
2502 1933 2695 1989 eodem
2720 1933 3035 2004 percontari
3067 1939 3319 2004 oportet:
3354 1930 3493 1997 Quid

232 2009 307 2062 τὸν
324 2011 728 2081 παντοκράτορα
749 2026 763 2074 ;
782 2009 944 2064 ὁπότε
963 2009 1267 2077 ἐξάπαντος
1290 2014 1409 2085 ἦτοι
1428 2015 1570 2069 οὕτω
1591 2015 1785 2084 λέγων,

232 2101 259 2169 ἢ
286 2099 428 2165 οὕτω,
458 2102 537 2155 δεῖ
562 2103 659 2157 τὸν
684 2103 781 2157 ἕνα
812 2104 1003 2158 αἴτιον
1022 2105 1241 2160 πάντων
1283 2106 1565 2178 ὁμολογεῖν
1584 2109 1789 2163 Δεσπό-

230 2210 333 2264 την.
359 2193 513 2248 Ἀλλὰ
565 2196 667 2251 καὶ
717 2197 846 2267 περὶ
898 2196 1000 2267 τῆς
1052 2196 1149 2252 τοῦ
1194 2198 1433 2272 Χριστοῦ
1479 2200 1791 2267 ὑποθέσεως

229 2283 519 2357 ἀπόκριναι,
571 2279 624 2341 ὦ
669 2285 1013 2358 πλαστουργὲ
1069 2288 1169 2360 τῆς
1237 2290 1532 2363 μυθοποιοῦ
1584 2291 1790 2364 ταύτης

230 2378 596 2447 πραγματείας.
626 2378 691 2432 Ei
716 2377 898 2451 Σίμων
918 2380 1243 2453 ἐσταυρώθη
1268 2384 1297 2436 ὁ
1319 2384 1652 2455 Κυρηναῖος,
1680 2384 1790 2458 ἄρα

227 2467 280 2519 οὐ
314 2466 390 2521 διὰ
416 2468 589 2541 Ἰησοῦ
629 2470 664 2541 ή
706 2470 952 2543 σωτηρία
988 2472 1150 2544 ἡμῶν
1186 2473 1499 2548 γεγένηται,
1535 2477 1673 2532 ἀλλὰ
1701 2477 1790 2532 διὰ

228 2559 459 2631 Σίμωνος,
500 2563 597 2617 καὶ
647 2565 832 2620 οὐκέτι
874 2568 902 2620 ὁ
949 2567 1156 2639 κόσμος
1196 2568 1436 2625 ἐλπίσειε
1482 2571 1572 2626 διὰ
1610 2571 1788 2644 Ἰησοῦ

227 2651 431 2723 Χριστοῦ
456 2654 730 2720 σώζεσθαι
758 2657 850 2711 τοῦ
878 2659 952 2732 μὴ
983 2659 1268 2725 παθόντος.
1299 2662 1435 2717 Οὔτε
1463 2663 1574 2735 γὰρ
1606 2664 1790 2736 Σίμων

227 2744 416 2802 δύναται
439 2748 659 2815 σώζειν,
689 2750 974 2821 ἄνθρωπος
1015 2751 1094 2807 ὣν
1135 2753 1309 2824 ψιλὸς,
1341 2757 1437 2810 καὶ
1473 2757 1624 2812 οὐδὲν
1669 2758 1790 2812 ’ἐτε-

228 2853 323 2908 ρον.
338 2840 542 2913 ’Δμαδὲ
556 2843 658 2897 καὶ
682 2844 1048 2913 συκοφαντίας
1071 2846 1440 2918 καταψηφίζει
1465 2850 1479 2881 ¹
1515 2847 1611 2903 τοῦ
1636 2868 1792 2922 μονο-

226 2931 389 2998 γενοῦς
420 2933 547 2988 Υἱοῦ
581 2933 683 2990 τοῦ
713 2934 871 3000 Θεοῦ,
911 2938 960 2990 εί
994 2937 1181 3009 ἕτερον
1214 2940 1329 2993 ἀντ’
1356 2942 1525 2996 αὐτοῦ
1554 2944 1793 3015 παραδέ-

223 3020 372 3077 δωκεν
400 3027 426 3079 ὁ
451 3026 664 3095 ἀγαθὸς
698 3026 920 3100 Κύριος,
971 3028 1303 3101 βιασάμενος
1341 3034 1421 3097 είς
1462 3034 1638 3103 φόνον.
1681 3038 1792 3091 Καὶ

226 3111 353 3167 ἔσται
376 3114 555 3172 λοιπὸν
584 3117 746 3190 ὄναρ,
776 3119 977 3191 μᾶλλον
1003 3121 1061 3174 δὲ
1086 3122 1415 3194 κακοηθείας
1444 3128 1540 3180 καὶ
1568 3127 1792 3193 κυϐείας

225 3202 359 3276 ἔργον
391 3209 449 3263 τὸ
477 3210 725 3265 τοιοῦτον
744 3250 759 3275 ,
792 3213 876 3265 ὃτι
905 3214 935 3266 ὁ
968 3212 1171 3285 Κύριος
1189 3257 1203 3280 ,
1241 3215 1436 3289 κυϐείᾳ
1466 3220 1572 3273 τινὶ
1600 3219 1791 3274 ἑαυτὸν

224 3297 428 3369 κρύψας,
462 3302 628 3357 ἄλλον
663 3303 778 3357 ἀντ’
812 3303 978 3358 αὑτοῦ
1023 3306 1393 3378 παραδέδωκε·
1437 3312 1534 3364 καὶ
1568 3310 1722 3366 ἔσται
1758 3316 1793 3388 ή

224 3387 352 3479 παρὰ
390 3392 480 3445 σοῦ
537 3393 858 3466 μωρολογία
914 3398 1330 3467 συκοφαντοῦσα
1379 3401 1479 3473 μὲν
1518 3403 1620 3477 τὴν
1666 3387 1799 3479 άλήέ

222 3477 386 3577 θειαν,
409 3486 480 3557 μὴ
521 3486 806 3559 δυναμένη
855 3486 934 3577 δὲ,
972 3487 1088 3543 ἀλλ’
1122 3490 1456 3566 ὲλεγχομένη
1499 3494 1592 3550 ὑπ’
1624 3477 1797 3569 αὐτῆς

221 3570 305 3642 τῆς
344 3575 625 3648 ἀληθείας,
709 3570 1037 3646 ἀσυστάτως
1084 3582 1148 3638 τὸ
1193 3585 1410 3659 ποίημα
1461 3590 1622 3646 τοῦτο
1682 3594 1799 3648 εἱσ-

221 3678 337 3732 ηγον
344 3668 494 3741 μένη,

1898 2034 1954 2079 ιιι
1986 2026 2228 2090 tandem,
2268 2026 2341 2080 mi
2379 2025 2572 2090 homo,
2612 2039 2714 2079 nos
2752 2026 2807 2079 in
2843 2033 3048 2078 tantam
3089 2021 3494 2077 multitudinem

1898 2133 2018 2174 com
2033 2118 2222 2188 pellis,
2246 2132 2311 2173 ac
2335 2133 2444 2172 non
2478 2118 2660 2187 potius
2686 2116 2754 2171 ad
2788 2116 3120 2186 principium
3154 2115 3357 2185 ipsum,
3391 2112 3498 2167 hoc

1896 2219 1981 2266 est
2007 2225 2175 2263 unum
2207 2207 2376 2264 Deum
2408 2215 2463 2264 et
2488 2209 2918 2278 omnipotentem
2948 2205 3219 2261 deducis?
3240 2206 3499 2276 quando-

1897 2303 2116 2375 quidem
2167 2302 2284 2358 sive
2337 2302 2441 2356 hoc
2486 2302 2603 2356 sive
2653 2302 2761 2356 alio
2813 2298 2978 2355 modo
3031 2307 3267 2366 statuas,
3324 2313 3495 2352 unum

1897 2397 2123 2451 omnino
2175 2411 2358 2450 rerum
2410 2394 2655 2450 omnium
2707 2394 3034 2464 principium
3085 2406 3150 2446 ac
3203 2390 3496 2446 Dominum

1901 2486 2060 2541 fateri
2109 2490 2337 2541 necesse
2386 2487 2478 2541 sit.
2526 2482 2670 2551 Quin
2725 2483 2829 2539 hoc
2868 2482 3031 2538 velim
3052 2480 3207 2547 mihi,
3260 2475 3496 2535 l‘ahulosi

1897 2578 2063 2649 hujus
2086 2578 2380 2633 commenti
2415 2577 2736 2643 architecte,
2774 2575 2843 2630 de
2883 2574 3104 2629 Christo
3136 2558 3495 2642 respondeas.

1900 2674 1957 2729 Si
2000 2675 2054 2728 in
2101 2687 2320 2729 crucem
2372 2669 2563 2726 Simon
2615 2670 2707 2725 ille
2757 2668 3052 2741 Cyrenaeus
3092 2672 3176 2721 est
3210 2664 3495 2726 sublatus,

1898 2780 2011 2821 non
2048 2764 2220 2836 igitur
2249 2778 2346 2835 per
2379 2761 2659 2818 Christum
2697 2766 2852 2830 parta
2886 2757 3046 2813 nobis
3074 2765 3161 2812 est
3188 2756 3358 2820 salus,
3402 2753 3498 2808 sed

1898 2873 1997 2929 per
2036 2856 2352 2920 Simonem;
2382 2869 2484 2909 nec
2519 2852 2631 2923 jam
2664 2867 2763 2929 per
2801 2849 3082 2905 Christum
3117 2845 3359 2901 mundus
3389 2842 3501 2899 sal-

1899 2928 2032 3006 vum
2066 2950 2183 3005 fore
2224 2964 2283 3004 se
2316 2961 2540 3017 sperare
2563 2928 2788 3007 debeat,
2821 2949 3012 3012 utpote
3040 2938 3133 3009 qui
3172 2936 3397 2992 minime
3428 2934 3499 2989 sit

1899 3054 2123 3114 passus.
2167 3036 2357 3108 Neque
2387 3036 2534 3091 enim
2574 3033 2769 3091 salutis
2806 3046 2931 3087 esse
2969 3042 3138 3083 causa
3183 3025 3374 3080 Simon
3409 3039 3500 3093 po-
3592 3104 3599 3105 ί

1901 3143 2039 3201 test,
2074 3148 2246 3204 purus
2270 3132 2461 3202 utique
2490 3145 2553 3184 ac
2582 3136 2751 3200 putus
2777 3127 2965 3189 homo,
2998 3137 3175 3193 neque
3199 3119 3498 3192 quidquam

1901 3227 2160 3299 amplius.
2191 3224 2274 3280 Ad
2312 3224 2430 3279 htec
2462 3221 2802 3293 unigenitum
2844 3217 2938 3271 Dei
2973 3215 3171 3271 Filium
3212 3210 3501 3268 calumnia:

1902 3319 2258 3380 condemnas,
2292 3315 2340 3372 si
2368 3315 2597 3369 alterum
2630 3313 2809 3367 bonus
2842 3308 3108 3363 Dominus
3133 3305 3402 3361 violenter
3429 3300 3498 3354 ad

1900 3425 2093 3467 necem
2125 3423 2226 3464 suo
2258 3407 2380 3461 loco
2418 3403 2723 3459 tradiderit.
2756 3399 2869 3457 Nec
2903 3398 3050 3454 aliud
3084 3394 3198 3452 tota
3230 3409 3321 3449 res
3359 3405 3494 3463 prte-

1902 3513 1986 3560 ter
2002 3502 2276 3560 somnium
2302 3500 2428 3563 erit,
2459 3498 2572 3551 imo
2596 3493 2953 3567 malignitatis
2978 3488 3494 3561 prmstigiarnmque

1899 3595 2200 3666 specimen,
2231 3606 2356 3646 cum
2392 3582 2747 3658 semetipsum
2799 3583 3065 3639 Dominus
3118 3577 3491 3635 fraudulentis

1906 3689 2118 3744 artibus
2143 3684 2462 3741 subdu'eens
2490 3681 2576 3737 sui
2608 3679 2876 3736 vicarium
2914 3677 3149 3731 alterum
3178 3674 3498 3729 substituat.

223 3759 396 3869 Si‘f‘lm’
431 3775 521 3822 ίυ³
566 3768 665 3823 illa
706 3769 1034 3826 ειυιιῖθεῑηιει
1079 3772 1358 3853 cavillatio
1403 3779 1621 3836 veritati
1670 3786 1891 3855 quidem
1951 3782 2287 3840 calumniam
2322 3785 2520 3844 struet,
2556 3792 2657 3832 nec
2711 3774 2858 3848 quod
2888 3774 3035 3830 volet
3092 3781 3278 3826 tamen
3338 3781 3498 3825 asse-

220 3863 296 3925 (ιυί
327 3865 538 3933 Poterit,
586 3864 689 3920 58d
734 3865 804 3922 de
850 3865 1109 3938 ﬁgmento
1165 3869 1260 3926 illo
1311 3879 1520 3932 temere
1566 3894 1630 3933 ac
1680 3881 1802 3939 sine
1832 3883 1942 3938 ulla
1976 3879 2276 3938 stabilitate
2302 3875 2587 3949 proposito
2638 3873 2723 3929 vel
2755 3872 2824 3927 ab
2851 3871 2971 3943 ipsa
3021 3869 3255 3925 veritate
3303 3863 3501 3921 redaro

221 3961 411 4019 siletur.

274 4045 341 4102 0'.
355 4051 536 4126 Πάντη
554 4052 672 4127 γὰρ
690 4050 901 4125 ἐλέγχει
916 4052 1104 4109 τοῦτον
1123 4056 1216 4111 τὸν
1236 4060 1595 4136 αἰρεσιάρχην
1615 4067 1648 4138 ἡ
1665 4066 1797 4139 ἁλή-

215 4139 319 4196 θεια
358 4146 415 4198 ἐν
450 4147 679 4218 Πιλαιᾷ
714 4147 808 4200 καὶ
845 4148 1021 4221 Καινῇ
1060 4150 1326 4226 Διαθήκῃ.
1364 4155 1535 4211 Παντὶ
1563 4157 1671 4229 γάρ
1710 4174 1795 4213 τοι

211 4232 370 4307 δῆλον,
391 4240 473 4294 ὅτι
500 4238 743 4312 Χριστὸς
768 4238 912 4293 ἑκὼν
935 4241 1027 4293 ἐπὶ
1051 4243 1114 4296 τὸ
1138 4244 1310 4309 πάθος
1333 4241 1486 4318 ἦλθε,
1513 4252 1608 4303 καὶ
1637 4250 1797 4323 θελή-

215 4342 328 4398 ματι
354 4329 466 4403 ἰδίῳ
486 4331 587 4386 καὶ
617 4329 714 4411 τοῦ
750 4330 880 4383 ίδίου
907 4332 1142 4404 Πατρὸς,
1162 4340 1258 4388 καὶ
1277 4336 1496 4411 εὐδοκία
1515 4339 1608 4394 τοῦ
1637 4341 1794 4411 ἁγίου

213 4419 511 4493 Πνεῦματος
538 4421 706 4476 ἔλαϐε
732 4423 832 4496 τὴν
862 4423 1063 4496 σάρκα,
1094 4426 1527 4501 ὲνανθρωπήσας
1552 4433 1610 4486 ὲν
1637 4436 1794 4507 ἡμῖν,

213 4510 263 4564 ὲν
287 4512 590 4585 τελειότητι
620 4514 756 4576 Θεὸς
783 4511 881 4579 ὢν,
915 4515 1012 4569 ἀπ’
1040 4517 1219 4589 ἀρχῆς
1249 4521 1316 4572 ὲκ
1348 4521 1564 4594 Πατρὺς
1600 4541 1791 4596 γεγεν-

1973 4062 2064 4118 IX.
2106 4061 2232 4118 Haec
2256 4059 2403 4116 enim
2429 4054 2851 4112 liaeresiareham
2882 4051 3050 4108 istum
3078 4057 3192 4105 tam
3222 4048 3279 4104 in
3306 4046 3495 4105 Veteri

1899 4171 2066 4228 quam
2106 4153 2260 4209 Novo
2299 4149 2659 4205 Testamento
2698 4145 2849 4200 omni
2890 4160 2959 4200 ex
2998 4150 3158 4215 parte
3195 4139 3497 4197 convincit.

1904 4240 2184 4318 Siquidem
2243 4240 2451 4298 nemini
2514 4246 2601 4294 est
2657 4237 2982 4297 obscurum,
3050 4232 3333 4288 Christum
3398 4243 3499 4287 sua

1906 4345 2103 4411 sponte
2142 4335 2208 4391 ad
2249 4331 2578 4405 supplicium
2618 4328 2857 4390 venisse,
2902 4335 3070 4397 atque
3105 4326 3271 4380 etiam
3309 4323 3502 4379 volun-

1901 4438 2013 4486 tate
2056 4444 2181 4484 cum
2231 4441 2332 4482 sua
2373 4431 2488 4478 tum
2523 4419 2703 4477 Patris
2741 4434 2806 4474 ac
2836 4418 3011 4475 sancti
3047 4414 3285 4488 Spiritus
3319 4412 3498 4472 addu-

1900 4530 2074 4587 ctum,
2099 4520 2182 4575 uti
2202 4531 2423 4574 carnem
2446 4514 2720 4578 indueret,
2751 4519 2805 4568 et
2831 4510 2977 4566 inter
2997 4524 3103 4566 nos
3131 4507 3409 4563 hominem
3439 4522 3500 4563 se

211 4606 444 4676 vqpévog,
476 4608 741 4680 ὰνάρχως
775 4609 871 4663 καὶ
902 4609 1167 4682 ἁχρὸνως·
1205 4614 1294 4666 ἐπ’
1330 4615 1574 4687 ἐσχάτων
1604 4618 1660 4673 δὲ
1689 4619 1794 4673 τῶν

1906 4615 2143 4680 faceret,
2188 4625 2313 4666 cum
2356 4607 2716 4664 nihilominus
2750 4604 3025 4677 perfectus
3061 4608 3208 4658 esset
3243 4598 3392 4656 Deus
3415 4638 3431 4665 ,
3462 4613 3493 4652 a

212 4697 414 4772 ἡμερῶν
456 4702 519 4755 ὲν
570 4702 760 4773 μήτρᾳ
811 4700 1083 4774 παρθένου
1125 4705 1382 4773 γενέσθαι
1428 4710 1792 4778 καταξιώσας,

210 4792 278 4854 εἰς
297 4792 485 4847 ἑαυτόν
505 4811 572 4846 τε
606 4792 765 4864 σῶμα
796 4793 1274 4868 άναπλασάμενος,
1308 4800 1404 4852 καὶ
1431 4803 1713 4874 γεννηθεὶς
1740 4807 1798 4860 ἐν

208 4885 439 4961 ἀληθείᾳ,
462 4890 563 4943 καὶ
587 4889 1017 4962 ὲνανθρωπήσας
1043 4893 1103 4945 ὲν
1133 4892 1441 4964 βεϐαιώσει,
1470 4897 1553 4950 ἵνα
1576 4898 1634 4952 ἐν
1656 4899 1793 4971 αὐτῇ

210 4977 340 5051 πάθῃ
371 4981 518 5052 ὑπὲρ
551 4980 713 5052 ἡμῶν
744 4983 810 5053 τῇ
848 4981 1034 5051 σαρκὶ,
1072 4983 1171 5037 καὶ
1197 4984 1298 5057 τὴν
1338 4984 1518 5058 ψυχὴν
1550 4986 1625 5058 δῷ
1653 4987 1795 5061 ὑπὲρ

210 5068 304 5123 τῶν
352 5072 503 5126 ἰδίων
566 5072 878 5144 προϐάτων·
939 5074 1017 5139 ὡς
1064 5075 1276 5148 ἐλέγχει
1328 5079 1552 5144 τούτους
1597 5079 1792 5150 λέγων·

209 5162 348 5219 Ἰδοὺ
391 5167 805 5243 ἀναϐαίνομεν
847 5168 935 5234 εὶς
993 5167 1409 5241 Ἰεροσόλυμα,
1438 5171 1539 5226 καὶ
1577 5176 1611 5226 ό
1662 5173 1796 5241 Υἱὸς

211 5256 301 5311 τοῦ
322 5258 651 5328 ἀνθρώπου
672 5259 1157 5329 παραδοθήσεται
1177 5303 1190 5324 ,
1215 5264 1314 5318 καί
1342 5264 1800 5333 dumetae-0:308-

210 5362 309 5410 ται.
359 5351 463 5406 καὶ
513 5348 595 5419 τῇ
638 5351 806 5423 τρίτῃ
855 5351 1052 5423 ἡμέρᾳ
1087 5353 1523 5422 ἀναστήσεται.
1565 5357 1691 5422 Τοῖς
1735 5376 1796 5412 τε

213 5442 330 5507 υἱοῖς
356 5443 654 5500 Ζεϐεδαίου
684 5447 885 5517 φήσαςο
914 5446 1190 5503 Δύνασθε
1222 5447 1384 5504 πιεῖν
1415 5448 1482 5504 τὸ
1507 5449 1799 5520 ποτήριον

210 5530 237 5586 ὃ
255 5533 458 5604 μέλλω
485 5535 711 5590 πίνειν·
741 5535 817 5600 ὡς
846 5535 944 5591 καὶ
969 5536 1001 5589 ό
1036 5536 1335 5602 ἀπόστολος
1377 5538 1530 5609 λέγει
1566 5540 1793 5614 Πέτρος-⁸

212 5626 579 5694 Θανατωθεὶς
608 5627 814 5697 σαρκὶ.
844 5626 1219 5696 ζωοποιηθεὶς
1250 5629 1320 5684 δὲ
1346 5633 1657 5704 πνεύματι.
1691 5636 1799 5688 Καὶ

214 5712 297 5775 πά)
309 5738 375 5774 ιν·
437 5723 553 5786 Ὃς
594 5720 817 5776 ἔπαθεν
861 5720 1016 5790 ὑπὲρ
1064 5720 1236 5792 ἡμῶν
1278 5725 1481 5793 σαρκι-
1532 5725 1694 5779 πάλιν
1740 5726 1799 5781 δὲ

275 5905 372 5967 ‘1".
406 5906 836 5983 καταψηφίζεις.
914 5909 935 5940 ¹
962 5907 1151 5966 Matth.
1185 5928 1273 5980 xx,
1322 5910 1399 5966 18.
1483 5912 1500 5941 ³
1533 5910 1664 5966 ibid.
1694 5912 1782 5967 :12.

1902 4706 2066 4762 Patre
2097 4702 2370 4776 principio
2399 4702 2519 4757 sine
2544 4699 2657 4755 ullo
2682 4697 2842 4754 initio
2867 4696 2950 4751 vel
2977 4705 3225 4775 tempore
3249 4692 3492 4764 genitus.

1905 4798 2009 4867 Qui
2042 4796 2338 4869 postremis
2367 4793 2707 4866 temporibus
2731 4791 2785 4846 in
2823 4788 3052 4860 virginis
3081 4796 3239 4843 utero
3267 4784 3494 4840 formari

1884 4892 2099 4955 voluit,
2123 4889 2339 4960 sibique
2360 4901 2562 4957 corpus
2583 4881 2812 4946 eﬁinxit,
2853 4894 2918 4933 ac
2955 4892 3141 4935 revera
3172 4876 3410 4947 genitus,
3441 4884 3498 4928 et

1900 4985 2066 5040 homo
2093 4983 2215 5039 sine
2236 4980 2351 5036 ullo
2368 4977 2697 5047 fucojactus
2714 4981 2820 5040 est,
2845 4972 2924 5027 uti
2947 4984 3142 5044 pmnas
3162 4970 3219 5024 in
3237 4982 3303 5022 ea
3331 4980 3495 5038 quam

1898 5082 2222 5147 susceperat
2267 5086 2436 5130 carne
2481 5085 2582 5141 pro
2639 5066 2802 5123 nobis
2849 5062 3226 5134 experiretur,
3283 5074 3349 5113 ac
3396 5072 3497 5129 pro

1897 5167 2097 5223 ovibus
2125 5166 2243 5221 suis
2267 5163 2510 5219 animam
2540 5158 2802 5215 traderet.
2834 5154 2893 5210 lu
2916 5169 3026 5226 quo
3054 5150 3343 5207 haereticos
3371 5148 3497 5203 illos

1897 5260 2196 5336 perspicue
2220 5255 2423 5315 refellit
2467 5254 2599 5309 dum
2642 5252 2718 5307 ita
2755 5248 3001 5321 loquitur
3031 5265 3045 5300 :
3084 5243 3222 5301 Ecce
3260 5243 3499 5298 ascendi-

1899 5372 2017 5411 mus
2068 5352 2504 5422 Hierosolymam
2525 5387 2541 5414 ,
2582 5356 2633 5401 et
2664 5342 2842 5399 Filius
2868 5338 3099 5395 hominis
3151 5336 3415 5399 tradetur,
3444 5346 3497 5391 et

1898 5449 2191 5513 occidetur,
2204 5457 2252 5502 et
2269 5443 2379 5516 75
2396 5441 2558 5499 tertia
2569 5438 2906 5509 diejruurget
2917 5436 2960 5490 ¹.
2974 5431 3114 5488 Tum
3129 5431 3355 5502 insuper
3370 5444 3496 5485 cum

1902 5541 2149 5599 ἵει)οάιεί
2190 5538 2317 5595 [iliis
2341 5538 2420 5594 ait
2461 5554 2477 5592 :
2512 5531 2741 5590 Potestis
2772 5528 2945 5584 bibere
2974 5525 3192 5581 calicem
3221 5539 3374 5595 quem
3403 5539 3500 5595 ego

1903 5636 2167 5691 bibiturus
2197 5648 2317 5688 sum
2342 5630 2404 5686 ιι
2425 5627 2550 5697 Quo
2577 5625 2667 5682 illa
2694 5619 2928 5696 apostoli
2959 5617 3107 5676 Petri
3130 5618 3297 5675 verba
3330 5617 3500 5689 perti-

1904 5733 2033 5783 nent
2061 5744 2075 5781 :
2103 5723 2466 5794 Mortificatus
2494 5733 2673 5783 carne,
2695 5714 2992 5786 riviﬁcatus
3036 5720 3215 5768 autem
3238 5710 3429 5780 spiritu
3449 5711 3495 5763 δ.
3590 5726 3593 5729 ·

1865 5911 1884 5939 ⁸⁸
1926 5909 1947 5965 l
1986 5906 2102 5964 Pet.
2138 5922 2218 5962 ιιι.
2254 5903 2341 5964 18.
