4022 6424
586 392 695 449 523
2024 385 2086 442 S.
2126 380 2468 440 EPIPIIANII
3740 388 3832 452 ³94

588 515 670 563 ter
699 520 782 560 me
799 502 940 559 Deus
963 512 1059 558 est.
1077 500 1235 570 Quod
1255 500 1486 557 audiens
1514 498 1745 556 Bai-bolo
1761 499 2061 572 laerymata
2082 508 2187 554 est.

2296 499 2386 553 τὸν
2409 498 2568 566 λόγον
2594 495 2805 562 τοῦτον,
2844 498 2938 552 καὶ
2967 495 3220 551 κλαῦσαι.
3250 496 3467 571 Ταῦτην
3486 497 3543 552 δὲ
3577 499 3659 555 ἀεὶ
3681 504 3833 570 φαίνε-

589 597 850 657 Eamdem
875 611 1040 668 porro
1072 603 1306 652 venusta
1348 591 1533 666 specie
1570 592 1913 664 principibus
1972 606 2192 662 semper

2296 591 2421 646 σθαι
2448 592 2565 654 τοῖς
2603 589 2865 661 ἄρχουσιν
2900 590 2959 643 ὲν
2989 589 3267 662 εὐμορφίᾳ
3297 591 3424 654 τινὶ,
3466 592 3559 646 καὶ
3597 594 3833 669 άποσυλᾷν

589 711 856 771 apparere
883 697 1096 761 dicunt,
1129 695 1197 751 ab
1214 695 1391 765 iisque
1407 707 1595 749 semen
1623 706 1722 763 per
1749 690 2086 762 voluptatem
2119 703 2186 742 ac

2296 685 2352 739 τὸ
2387 682 2447 751 ἐξ
2482 681 2666 736 αὐτῶν
2707 681 2933 752 σπέρμα
2972 680 3042 735 δι’
3070 681 3267 753 ἡδονῆς
3313 683 3408 736 καὶ
3438 684 3718 754 ὲκχὺσιως,
3763 686 3833 741 ἶνα

591 787 920 862 proﬂuvium
957 785 1212 853 auferre;
1260 784 1525 840 nimirum
1573 790 1634 837 ut
1666 781 1775 836 vim
1820 795 1977 837 suam
2024 780 2081 835 in
2109 778 2193 834 di-

590 896 783 937 versos
811 880 1132 935 distractam
1144 878 1355 933 iterum
1373 885 1686 946 recuperet.
1716 872 1894 944 Cujus
1916 871 2191 943 dogmatis

592 970 889 1027 occasione
934 967 1203 1025 foeditatis
1235 982 1351 1024 sua:
1402 966 1729 1038 mysterium
1767 964 1824 1019 in
1867 963 2060 1020 orbem
2104 964 2191 1043 in-

590 1063 756 1119 vexit.
787 1062 967 1133 Atque
1006 1075 1198 1118 eorum
1241 1059 1515 1132 plerique,
1547 1072 1690 1129 quos
1729 1056 2191 1113 commemorari-

588 1170 744 1221 mus,
775 1169 887 1227 quo
917 1154 1139 1210 tandem
1186 1160 1348 1224 pacto
1391 1149 1542 1222 quod
1573 1164 1646 1206 ne
1687 1147 1937 1221 proferre
1963 1148 2188 1219 quidem

587 1248 717 1304 licet
748 1247 892 1302 miro
930 1246 1302 1319 improbitatis
1332 1243 1574 1301 artificio
1608 1243 1665 1299 in
1715 1240 2035 1314 promiscuo
2067 1256 2189 1294 mn-

589 1339 786 1396 lierum
829 1339 1130 1395 concubitu
1150 1377 1166 1404 ,
1201 1337 1540 1409 immanique
1572 1334 1920 1407 turpitudine
1948 1331 2187 1388 volutari

587 1430 937 1487 docuerunt!
988 1429 1452 1500 quemadmodum
1522 1425 1915 1484 sanctissimus
1978 1423 2190 1481 Paulus

590 1521 723 1577 alibi
748 1522 998 1577 declarat
1020 1522 1106 1577 his
1139 1520 1361 1578 verbis:
1396 1518 1528 1586 Qua
1547 1519 1690 1576 enim
1718 1518 1930 1573 occulto
1960 1518 2096 1588 fiunt
2121 1518 2189 1572 ab

591 1615 724 1686 ipsis
748 1624 900 1683 turpe
929 1622 1009 1670 est
1036 1615 1115 1671 rei
1133 1612 1311 1668 dicere
1338 1614 1374 1667 '.

663 1705 757 1763 ill.
789 1705 992 1764 Verum
1030 1706 1079 1763 si
1107 1706 1204 1778 qui
1230 1705 1568 1762 contrariam
1615 1702 1745 1760 huic
1773 1700 1949 1759 errori
1981 1699 2192 1757 refuta-

593 1799 799 1853 tionem
826 1814 856 1853 a
891 1797 1102 1869 Spiritu
1153 1805 1350 1855 sancto
1406 1794 1711 1868 profectam
1751 1794 1940 1853 videre
1980 1793 2185 1864 cupiat,

2289 774 2453 844 δῆθεν
2473 775 2574 846 τὴν
2596 773 2769 844 αὐτῆς
2789 772 3027 843 δύναμιν
3046 772 3145 844 τὴν
3171 774 3250 837 είς
3267 774 3556 847 διαφόρους
3575 780 3836 847 σπαρεῖσαν

2290 863 2448 931 αὖθις
2477 866 2640 921 πάλιν
2666 863 3001 939 ἀνακομίςῃ.
3033 865 3143 918 Καὶ
3164 864 3339 930 οὕτως
3368 867 3435 920 ὲκ
3460 867 3701 938 τοιαύτης
3729 870 3835 922 ὑπο-

2291 958 2495 1021 θέσεως
2539 956 2603 1010 τὺ
2651 956 2752 1027 τῆς
2801 953 2969 1008 αὑτοῦ
3018 955 3408 1027 αἰσχρολογίας
3459 958 3739 1029 μυστήριον
3775 960 3837 1029 τῷ

2291 1050 2483 1121 κόσμῳ
2508 1048 2896 1120 ὑπεισήνεγκε.
2930 1047 3043 1102 Καί
3074 1063 3241 1111 τινες,
3265 1048 3341 1111 ὡς
3361 1047 3520 1118 ἔφην,
3552 1048 3656 1101 τῶν
3690 1066 3837 1119 προει-

2295 1142 2549 1213 ρημένων
2577 1139 2666 1195 διά
2699 1140 2904 1211 πολλῆς
2946 1140 3388 1212 κακομηχανίας,
3416 1140 3454 1195 a
3487 1140 3560 1212 μὴ
3593 1140 3736 1211 θέμις

2290 1250 2430 1304 γειν,
2482 1232 2601 1297 πῶς
2638 1234 2698 1287 ἐν
2735 1231 3034 1305 πολυμιξίᾳ
3075 1231 3374 1301 γυναικῶν,
3416 1233 3511 1287 καὶ
3554 1234 3610 1287 ἐν
3651 1235 3833 1305 αἰσχρο·

2292 1325 2498 1388 ποιίαις
2541 1325 2866 1393 ἀνηκέστοις
2895 1323 3336 1397 ἀναστρέφεσθαι
3378 1323 3640 1390 ἐδίδαξαν,
3674 1324 3740 1389 ὡς
3763 1326 3837 1380 καί

2291 1434 2396 1471 που
2420 1418 2451 1470 ὁ
2493 1416 2803 1486 ἀγιώτατος
2840 1415 3169 1480 Ἀπόστολός
3208 1431 3375 1486 φησι’
3419 1415 3497 1470 Τὰ
3538 1415 3645 1486 γὰρ
3672 1415 3837 1485 κρυφῇ

2292 1511 2576 1581 γινόμενα
2600 1510 2702 1567 ὑπ’
2739 1507 2941 1565 αὐτῶν
2967 1510 3232 1579 αἰσχρόν
3266 1509 3401 1563 ἐστι
3428 1508 3529 1563 καί
3550 1506 3753 1578 λέγειν.

2362 1690 2436 1743 1".
2469 1687 2562 1760 Τῷ
2587 1687 2646 1742 δὲ
2676 1686 2985 1760 βουλομένῳ
3012 1685 3111 1758 τὴν
3139 1685 3420 1741 ἀντίθετον
3455 1685 3581 1740 ίδεῖν
3609 1686 3668 1740 ἐκ
3698 1685 3835 1740 ιινεῦ-

2296 1797 2463 1852 ματος
2491 1781 2649 1850 ἁγίου
2691 1781 2824 1852 περὶ
2861 1781 2960 1851 τῆς
2988 1778 3181 1833 τούτου
3227 1778 3498 1851 αἱρέσεως
3541 1780 3835 1851 ἀνατροπὴν,

591 1906 657 1947 ea
691 1907 757 1947 ex
790 1868 968 1948 sancti
995 1888 1227 1946 Joannis
1265 1889 1596 1961 Apocalypsi
1643 1889 1904 1960 cognosci
1960 1887 2186 1958 poterit,

2297 1871 2474 1925 ίστέον
2500 1872 2649 1925 ἐστὶν
2694 1869 2803 1923 άπὸ
2834 1869 2935 1941 τῆς
2974 1869 3069 1923 τοῦ
3096 1868 3255 1937 ἁγίου
3291 1869 3544 1924 Ἰωάννου
3577 1868 3835 1924 Ἀποκαλύ-

592 1985 688 2055 qui
713 1985 778 2039 all
809 2000 976 2039 unam
1020 1982 1398 2039 Ecclesiarum
1443 1998 1510 2037 ex
1557 1981 1764 2036 Christi
1804 1978 2021 2036 Domini
2061 1993 2189 2049 per-

592 2091 728 2133 sona
760 2076 1035 2139 scribens.
1061 2075 1179 2132 sive
1196 2073 1265 2129 ad
1286 2074 1635 2146 episcopum,
1663 2073 1759 2144 qui
1782 2073 1833 2128 ei
1859 2070 2190 2145 praepositus

591 2168 794 2231 fuerat.
825 2182 951 2223 cum
983 2168 1164 2238 angeli
1195 2168 1373 2223 sancti
1405 2167 1611 2221 virtute
1635 2165 1731 2236 qui
1763 2165 1821 2220 in
1851 2163 2015 2219 altari
2045 2170 2187 2228 erat,

591 2257 667 2311 ita
697 2257 942 2328 loquitur
978 2276 992 2312 :
1028 2255 1132 2312 Sed
1158 2257 1257 2311 hoc
1305 2256 1468 2312 habes
1504 2255 1666 2321 boni,
1694 2254 2011 2328 quiNdisti
2042 2254 2192 2323 facta

593 2346 1021 2408 Nicolaitarum.
1054 2364 1172 2419 qua
1192 2357 1244 2403 et
1279 2364 1374 2419 ego
1398 2347 1489 2403 odi
1512 2350 1557 2401 θ.
1589 2348 1695 2402 Alii
1723 2362 1854 2403 vero
1891 2344 2190 2403 Prunicam

592 2439 884 2510 quamdam
913 2441 1025 2511 '78
1065 2439 1259 2496 eodem
1288 2456 1401 2511 quo
1435 2440 1528 2496 isti
1564 2446 1879 2495 commento
1920 2451 2192 2494 veneran-

593 2536 680 2583 tes
703 2569 719 2594 ,
750 2537 807 2584 et
838 2545 905 2584 ex
951 2529 1050 2583 illo
1098 2529 1464 2599 turpitudinis
1508 2529 1766 2601 dogmate
1797 2528 2192 2600 cupiditatibus

594 2621 714 2676 suis
746 2620 1138 2691 obsequentes,
1167 2619 1444 2685 Prunicaa.
1476 2621 1755 2692 inquiunt,
1788 2622 1935 2676 vires
1973 2636 2041 2677 ex
2071 2635 2194 2677 cor-

594 2713 826 2784 poribus
857 2712 1256 2785 prolluviisque
1280 2714 1626 2785 colligimus;
1663 2729 1730 2770 ex
1775 2715 1988 2770 semine
2030 2713 2191 2769 nimi-

597 2820 747 2870 rum,
775 2818 843 2858 ac
871 2806 1195 2874 menstruis,
1223 2804 1291 2860 de
1316 2807 1517 2877 quibus
1560 2806 1723 2877 paulo
1763 2813 1921 2876 post,
1967 2821 2095 2861 cum
2126 2806 2195 2862 de

596 2894 688 2950 bis
718 2892 1091 2964 particulatim
1118 2910 1368 2966 agemus,
1399 2894 1660 2950 subtilius
1686 2894 2048 2958 disseremus,
2080 2908 2192 2949 non

596 2992 659 3040 ut
689 2984 1059 3049 audientium,
1079 2985 1448 3057 legentiumve
1471 3000 1670 3042 sensus
1688 2985 2074 3055 inquinemus,
2094 2983 2193 3041 sed

594 3083 660 3132 ut
688 3076 1142 3147 prudentioribus
1164 3076 1548 3133 vehementius
1568 3078 1837 3132 adversus
1865 3076 1990 3132 illos
2003 3075 2192 3131 odium

595 3169 1080 3240 pessimorumque
1126 3167 1438 3224 facinorum
1482 3168 1909 3225 detestationem
1967 3169 2195 3239 injicere

2288 1963 2456 2034 ψεως,
2485 1962 2566 2028 ὃς,
2599 1963 2829 2034 γράφων
2860 1963 2959 2034 μιᾷ
2980 1962 3089 2016 τῶν
3118 1961 3459 2032 Ἐκκλησιῶν
3491 1954 3555 2015 ἐκ
3586 1961 3832 2034 προσώπω

2290 2054 2522 2127 Κυρίου,
2551 2056 2800 2109 τουτέστι
2836 2054 2917 2125 τῷ
2958 2054 3247 2127 ὲπισκόπῳ
3282 2054 3365 2126 τῷ
3401 2056 3579 2109 ἐκεῖσε
3606 2071 3836 2109 καταστα-

2291 2145 2459 2212 θέντι,
2496 2149 2594 2202 σὺν
2622 2149 2689 2219 τῇ
2724 2145 2958 2216 δυνάμει
2979 2145 3073 2201 τοῦ
3095 2146 3255 2215 ἁγίου
3284 2146 3519 2216 ἀγγέλου
3555 2146 3645 2202 τοῦ
3667 2148 3746 2200 ἐπὶ
3762 2146 3835 2200 τοῦ

2291 2235 2702 2307 θυσιαστηρίου,
2744 2237 2945 2307 φησίνο
2992 2238 3194 2305 Ἔχεις
3223 2235 3292 2291 δέ
3335 2251 3393 2290 τι
3423 2239 3630 2302 καλὸν,
3667 2235 3743 2291 ὅτι
3765 2253 3838 2305 μι-

2292 2330 2425 2398 σεῖς
2466 2331 2540 2385 τὰ
2573 2332 2719 2402 ἔργα
2758 2331 2877 2386 τῶν
2900 2331 3291 2398 Νικολαϊτῶν,
3330 2331 3373 2389 d
3412 2334 3513 2389 xui
3557 2333 3665 2404 ἐγὼ
3692 2331 3836 2403 μισῶ.

2257 2461 2270 2473 .
2292 2423 2597 2497 Προύνικόν
2632 2425 2654 2456 ³
2679 2440 2741 2477 τε
2786 2423 2937 2479 ἄλλοι
2980 2423 3254 2496 τιμῶντες
3293 2425 3442 2491 τινά,
3475 2427 3552 2490 ὡς
3594 2426 3678 2480 καὶ
3705 2420 3837 2487 οὗτοι,

2298 2513 2561 2587 μυθωδῶς
2579 2514 2745 2569 πάλιν
2766 2515 2845 2579 είς
2866 2514 3071 2586 ταύτην
3090 2514 3191 2587 τὴν
3213 2516 3474 2571 ὑπόνοιαν
3494 2517 3589 2588 τῆς
3604 2518 3838 2587 αἰσχρουρ-

2293 2608 2422 2677 γίας
2446 2606 2517 2661 τά
2541 2607 2754 2661 ἑαυτῶν
2785 2607 2934 2679 πάθη
2962 2607 3343 2675 ἑπιτελοῢντές
3381 2627 3545 2679 epam"
3574 2610 3676 2682 Τῆς
3698 2610 3838 2680 Προυπ

2293 2699 2446 2754 νίκου
2483 2700 2585 2772 τὴν
2627 2698 2860 2771 δύναμιν
2905 2701 3239 2773 συλλέγομεν
3287 2703 3402 2757 ἀπὸ
3452 2702 3562 2756 τῶν
3593 2703 3837 2774 σωμάτων,

2294 2793 2384 2849 διά
2425 2810 2487 2847 τε
2535 2793 2646 2847 τῶν
2679 2795 2952 2866 ρευστῶν·
2990 2797 3136 2867 φημὶ
3166 2795 3228 2851 δὲ
3274 2796 3445 2869 γονῆς
3493 2797 3588 2851 καὶ
3634 2811 3839 2866 zumpt}.

2293 2887 2444 2953 νίων,
2477 2887 2608 2960 περὶ
2639 2880 2715 2942 ὧν
2743 2886 2913 2959 ὀλίγῳ
2949 2887 3199 2961 ὕστερον,
3233 2890 3367 2946 ὅταν
3412 2892 3539 2962 περὶ
3577 2888 3737 2944 αὐτῶν
3762 2904 3838 2958 μου

2293 2982 2541 3054 νομερῶς
2572 2982 2752 3051 λέγειν
2774 2982 3223 3054 ὲπιϐαλλώμεθα,
3256 2986 3406 3041 κατὰ
3427 2988 3718 3058 λεπτότητα
3733 2986 3838 3053 iter;

2293 3074 2561 3146 γήσομαι,
2593 3076 2694 3130 οὐκ
2719 3079 2800 3142 εις
2837 3076 2899 3132 τὸ
2934 3078 3136 3148 χρᾶναι
3161 3078 3336 3142 άκοάς
3369 3079 3482 3135 τῶν
3525 3076 3839 3141 ἀκουόντωνῇ

2295 3168 2757 3238 ἐντυγχανόντων,
2784 3170 2903 3224 ἀλλ’
2929 3173 3012 3235 εἰς
3048 3170 3110 3225 τὸ
3148 3174 3268 3236 τοῖς
3302 3176 3551 3237 ωνετοίς
3591 3170 3833 3243 ἀπέχθειαι

594 3261 901 3332 possimus.
954 3259 1145 3334 Neque
1180 3278 1312 3318 vero
1360 3262 1627 3319 scelestos
1675 3263 1802 3319 illos
1847 3262 2195 3318 calumniose

2303 3259 2503 3332 μᾶλλον
2526 3261 2869 3332 ἐργάσασθαι
2904 3262 3044 3333 πρὸς
3077 3262 3296 3328 αὐτοὺς,
3326 3265 3428 3318 καὶ
3457 3263 3748 3337 ἀποτροπὴν
3763 3258 3836 3329 τῆς

595 3353 965 3420 traducimus,
995 3356 1092 3411 sed
1120 3370 1244 3426 quae
1273 3356 1344 3410 ab
1387 3356 1524 3425 ipsis
1571 3363 1860 3425 geruntur,
1892 3370 1956 3411 ea
2000 3356 2077 3410 uti
2131 3370 2194 3410 se

594 3457 690 3500 res
714 3445 902 3513 habet,
935 3446 1117 3515 palam
1166 3447 1427 3502 omnibus
1468 3448 1822 3519 exponimus.
1868 3447 2007 3502 Sunt
2032 3456 2087 3503 et
2123 3462 2191 3502 ex

597 3534 712 3591 illis
737 3537 948 3608 aliqui,
986 3538 1081 3607 qui
1116 3536 1444 3594 Jaldabaotb
1476 3540 1753 3609 prmeipue
1796 3540 2008 3604 colunt,
2038 3555 2191 3594 euut-

597 3642 708 3699 que
737 3626 1060 3685 Barbelonis
1083 3629 1324 3699 priorem
1349 3637 1485 3684 natu
1516 3630 1688 3684 filium
1710 3644 1837 3686 esse
1850 3614 2152 3699 praedicant
2174 3646 2189 3682 :

598 3720 834 3791 ideoque
866 3721 1152 3778 habendus
1186 3721 1237 3777 ei
1269 3722 1446 3777 honor
1475 3730 1582 3788 cst,
1616 3722 1892 3793 inquiunt,
1925 3720 2073 3793 quod
2106 3734 2194 3777 re-

598 3812 823 3869 condita
851 3817 1021 3869 multa
1053 3814 1330 3886 patefecit.
1362 3814 1502 3870 Hinc
1527 3823 1612 3871 est
1634 3814 1782 3886 quod
1808 3824 1991 3870 certos
2018 3813 2193 3868 libros

597 3903 926 3963 Jaldabaotb
965 3908 1189 3964 nomine
1221 3907 1517 3978 inscriptos
1546 3922 1612 3963 ac
1639 3906 2051 3963 commentitios
2098 3905 2195 3960 ba-

599 3997 766 4064 bent;
834 4014 1050 4055 necnon
1084 4000 1348 4055 barbaras
1379 3999 1715 4071 principum,
1744 4006 1805 4054 ut
1830 4005 2107 4063 asserunt,
2129 4014 2194 4054 ac

599 4098 937 4163 potestatum
970 4107 1068 4162 per
1100 4091 1536 4163 unumquodque
1566 4091 1769 4146 cmlum
1797 4089 2195 4162 appellationes

600 4186 946 4253 innumeras,
979 4186 1073 4256 qui
1113 4201 1308 4242 omnes
1343 4185 1630 4242 hominum
1669 4184 1871 4240 animis
1902 4192 2033 4241 sunt
2060 4198 2196 4240 con-

598 4276 774 4333 trarii.
833 4276 979 4334 Sane
1021 4280 1217 4349 ingens
1263 4279 1507 4334 humano
1536 4278 1730 4351 generi
1786 4278 1942 4334 fraus
1993 4286 2080 4333 est
2128 4293 2196 4333 ex

600 4368 917 4425 istiusmodi
951 4370 1236 4426 hominum
1283 4385 1475 4427 errore
1516 4378 1859 4441 comparata.
1898 4369 2006 4425 Alii
2049 4369 2197 4425 Cau-

602 4459 873 4516 laucauch
896 4461 1118 4515 cuidam
1162 4461 1413 4517 eamdem
1454 4462 1869 4517 venerationem
1913 4460 2193 4528 deferunt,

603 4566 715 4622 quo
744 4553 969 4607 nomine
998 4568 1170 4606 unum
1209 4567 1276 4608 ex
1327 4553 1674 4624 principibus
1727 4552 2028 4623 appellant.
2066 4551 2198 4620 Qui.

605 4643 715 4699 bus
746 4658 945 4699 vocum
981 4645 1264 4701 terriculis
1302 4645 1815 4715 eommentitiisque
1851 4644 2199 4700 ac‘barbaris

574 4728 1073 4808 'appellationibus
1112 4736 1384 4807 imperitis
1427 4737 1749 4794 hominibus
1775 4737 2059 4807 imponere
2100 4751 2199 4792 co-

609 4835 834 4883 nantur.
880 4825 986 4884 Sed
1020 4829 1414 4899 peritioribus.
1459 4840 1516 4886 et
1570 4831 1638 4886 iis
1668 4829 1763 4902 qui
1813 4829 2199 4901 cujuscunque

610 4923 892 4988 nominis,
947 4937 1014 4977 ac
1065 4923 1365 4995 prapositae
1397 4924 1475 4979 rei
1528 4924 1779 4978 notitiam
1825 4938 1923 4994 per
1954 4923 2199 4977 divinant

607 5016 904 5089 quamdam
955 5016 1244 5073 scientiam
1304 5016 1553 5087 ejusdem
1610 5025 1742 5072 sunt
1790 5013 1885 5071 Dei
1936 5014 2201 5093 beneficio

607 5111 917 5176 consecuti,
950 5109 1087 5182 quid
1125 5110 1346 5167 facilius
1371 5128 1533 5182 quam
1570 5113 1674 5168 ista
1720 5111 2100 5167 fabulosorum
2129 5110 2201 5165 ab

610 5202 722 5258 illis
749 5219 1000 5260 errorum
1033 5203 1267 5260 conficta
1299 5203 1554 5276 dogmata
1591 5205 1879 5285 refellere?

680 5293 768 5350 IV.
803 5295 941 5352 Cum
975 5296 1122 5352 enim
1153 5296 1453 5352 Prunicum
1486 5298 1774 5352 nominant
1827 5297 1962 5352 nihil
1994 5311 2058 5351 ea
2093 5309 2198 5349 vox

2299 3352 2409 3407 τῶν
2462 3352 2651 3408 κακῶν
2700 3355 2984 3425 ἐργασίας,
3029 3355 3091 3408 οὐ
3140 3357 3497 3424 συκοφαντῶν
3537 3357 3655 3419 τοὺς
3695 3351 3837 3421 ἁλιτηη

2302 3445 2474 3518 ρίους,
2507 3444 2647 3500 ἀλλὰ
2687 3446 2810 3499 κατ’
2852 3445 3111 3517 ἀλήθειαν
3142 3448 3223 3509 τὰ
3249 3448 3387 3520 παρ’
3417 3447 3596 3502 αὐτῶν
3626 3446 3838 3517 γινόμενα

2301 3538 2383 3601 είς
2408 3536 2722 3608 τούμφανὲς
2750 3536 3123 3610 θριαμϐεύων.
3148 3538 3371 3612 Ἐτεροι
3398 3541 3458 3595 δὲ
3484 3540 3593 3594 τῶν
3624 3550 3838 3608 «acapna

2304 3627 2483 3700 μένων
2530 3628 2859 3683 Ἰαλδασαὼθ
2892 3629 3198 3695 δοξάζουσι,
3230 3633 3533 3703 φάσκοντες
3558 3631 3705 3686 αὑτὸν
3731 3624 3838 3682 εἶναι

2302 3723 2519 3795 πρῶτον
2550 3724 2686 3790 υίδν,
2718 3726 2795 3791 ὡς
2826 3720 2987 3797 ἔφην,
3020 3727 3119 3799 τῆς
3148 3727 3454 3801 Βαρδηλὼο
3489 3729 3579 3782 καὶ
3604 3726 3685 3781 διὰ
3718 3719 3838 3776 τοῦτό

2303 3831 2438 3886 φησι
2469 3814 2582 3871 δεῖν
2614 3817 2768 3887 άγειν
2807 3817 2954 3888 αὐτῷ
2989 3818 3088 3889 τὴν
3128 3819 3319 3891 τιμὴν,
3347 3821 3433 3874 ὃτι
3481 3817 3645 3874 πολλὰ
3669 3812 3837 3871 anaxi-

2301 3903 2488 3975 λυψεν.
2513 3905 2678 3961 Ὅθεν
2705 3906 2799 3961 καὶ
2824 3906 3006 3978 βιόλία
3031 3907 3157 3962 τινὰ
3184 3908 3244 3976 ἐξ
3272 3909 3541 3981 ὀνόματος
3570 3907 3658 3961 τοῦ
3688 3902 3843 3958 ’ίαλδατ

2302 3995 2453 4051 ϐαὼθ
2485 3998 2867 4071 ποιητεύονται
2907 4000 3295 4066 ἐκτυποῦντες,
3333 4002 3433 4055 καὶ
3469 3998 3740 4072 ὀνομασίας
3765 4010 3833 4065 μιν

2305 4090 2430 4162 ρίας
2470 4089 2813 4163 βαρϐαρικὰς
2845 4092 3146 4164 ἀρχόντων,
3179 4092 3335 4162 φησὶ,
3369 4093 3467 4147 καὶ
3492 4088 3727 4157 ὲξουσιιῖιν
3748 4081 3838 4138 καθ’

2302 4183 2534 4237 ἕκαστον
2583 4184 2814 4256 οὐρανὸν
2860 4184 3294 4255 ἐναντιουμένων
3335 4188 3408 4257 τῇ
3447 4183 3555 4239 τῶν
3589 4178 3838 4253 ἀνθρώπων

2301 4276 2471 4348 ψυχῇ.
2508 4278 2618 4330 Καὶ
2650 4277 2818 4350 πολλὴ
2841 4276 3029 4342 ἁπλῶς
3056 4280 3090 4350 ἡ
3126 4277 3215 4331 διὰ
3238 4278 3340 4349 τῆς
3375 4279 3581 4350 πλάνης
3599 4272 3756 4329 αὐτῶν
3775 4285 3838 4337 γι·

2303 4370 2504 4442 νομένη
2533 4370 2613 4441 τῷ
2644 4371 2790 4441 γένει
2821 4372 2928 4425 τῶν
2962 4371 3266 4444 ἀνθρώπων
3298 4372 3581 4444 ἐπιϐουλή.
3619 4367 3774 4422 Ἄλλοι
3797 4362 3838 4415 δὲ

2302 4462 2395 4517 τδν
2426 4463 2800 4536 Καυλαυκαὺχ
2836 4465 3099 4530 ὡσαύτως
3137 4464 3476 4532 δοξάζουσιν,
3511 4462 3728 4537 ἄρχοντά
3748 4471 3835 4512 τινα

2303 4558 2495 4612 τοῦτον
2513 4556 2657 4612 οὕτω
2678 4558 2995 4624 καλοῦντες,
3032 4558 3424 4629 φαντασιάζειν
3452 4556 3835 4631 φιλοτιμούμενοι

2306 4650 2433 4713 τοὺς
2460 4649 2724 4722 ἀπείρους
2750 4650 2841 4704 διὰ.
2866 4649 2969 4721 τῆς
2996 4650 3108 4704 τῶν
3127 4651 3409 4722 ὀνομάτων
3437 4648 3748 4720 ἐκπλήξεως.
3768 4639 3836 4694 καὶ

2304 4742 2643 4796 ἑπιπλάστου
2672 4743 2775 4814 τῆς
2818 4742 2912 4796 τοῦ
2950 4743 3216 4813 ὀνόματος
3256 4741 3719 4815 βαρϐαρωνυμίας.
3743 4733 3836 4792 Τοῖς

2304 4834 2363 4889 δὲ
2392 4835 2678 4906 ἐμπείροις
2703 4834 2800 4889 καλ⁴
2829 4838 2893 4888 ὲκ
2921 4834 3057 4889 Θεοῦ
3083 4835 3308 4889 λαϐοῦσι
3348 4835 3480 4906 περὶ
3510 4834 3729 4900 ἑκάστης
3747 4826 3836 4877 ἀνθ·

2308 4928 2510 4997 μασξας
2552 4927 2647 4986 καὶ
2679 4925 2994 4990 ὑποθέσεως
3028 4926 3130 4997 τῆς
3167 4926 3426 4998 ἀληθινῆς
3451 4925 3545 4981 τοῦ
3577 4919 3700 4978 θεοῦ

2305 5034 2443 5084 eam;
2478 5019 2657 5091 χάριν,
2686 5018 2803 5083 πῶς
2844 5019 2944 5072 οὐκ
2974 5017 3346 5089 εὑθυέλεγκτα
3384 5018 3454 5072 τά
3489 5018 3585 5088 τῆς
3612 5009 3837 5085 μυθώδους

2302 5113 2483 5167 αὐτῶν
2516 5111 2725 5184 πλάνης
2747 5111 3055 5183 διδάγματα
3087 5110 3181 5165 καὶ
3210 5113 3482 5183 ἑχέγγυα;

2373 5295 2446 5345 Δ’.
2488 5291 2789 5363 Προύνικον
2822 5293 2917 5346 ἐὰν
2942 5295 3146 5347 ἐἴπωσι
3183 5294 3318 5365 (66),
3343 5295 3404 5348 τὸ
3428 5293 3545 5347 ὅλον
3578 5288 3710 5344 ἐστὶν
3736 5278 3834 5352 ἡδυο

685 5450 703 5482 ¹
737 5448 934 5522 Ephes.
975 5469 1031 5518 ν,
1066 5453 1155 5510 1‘2.
1251 5457 1272 5487 ²
1298 5455 1468 5536 Apoc;
1511 5416 1573 5519 ιιι,
1626 5454 1678 5507 6.
1796 5455 1815 5484 ³
1848 5470 1939 5522 γρ.
1993 5450 2338 5521 Ιιροῦνεικον.

681 5638 794 5723 (iiii)
821 5642 1159 5723 ῌρρρνικον
1192 5642 1299 5712 γὰρ
1329 5642 1439 5697 ἐὰν
1478 5641 1714 5723 ειςζέιεωσνιἶ
1747 5639 2070 5723 ΙΙριούν-ικοις.
2094 5636 2199 5691 lle-

612 5710 801 5782 syt-bio
829 5710 1073 5782 baiulum
1128 5710 1630 5782 ac'mercenarium
1670 5710 1977 5782 significat._
2009 5710 2074 5763 Oi
2110 5727 2217 5779 μι-.

612 5779 742 5852 σθοῦ
775 5780 1103 5852 κομίζοντες
1118 5780 1187 5852 τά
1214 5780 1352 5852 ὤνια
1382 5783 1492 5837 ἀπὸ
1524 5781 1622 5852 τῆς
1658 5779 1886 5851 ἀγορᾶς,
1905 5780 2017 5852 pii;
2056 5796 2198 5852 τινες

613 5849 983 5924 παιδαρίωνας
1019 5849 1264 5917 καλοῦσι,
1295 5850 1546 5925 δρομεῖς,
1576 5849 1818 5922 τραχεῖς,
1867 5850 2007 5916 ὀξεῖς
2049 5850 2198 5905 εὐκί-

2305 5655 2475 5710 νητοι,
2516 5640 2728 5709 γοργοὶ,
2760 5639 3043 5725 μισθωτοί.
3099 5642 3246 5699 Idem
3293 5645 3406 5699 fere
3464 5637 3599 5709 apud
3636 5631 3838 5688 Snidam-

2310 5708 2479 5764 Vulgo
2504 5724 2534 5763 a
2566 5711 2676 5764 ποό
2712 5720 2767 5764 et
2800 5712 2997 5764 ενείκω
3033 5714 3334 5764 deducunt.
3380 5719 3470 5764 aut
3496 5725 3524 5762 a
3553 5704 3653 5764 πρό
3678 5709 3725 5757 et
3751 5699 3828 5749 νεῖ·

2310 5704 2479 5780 Vulgo
2504 5704 2538 5763 ο
2566 5704 2676 5781 τὶρὸ
2712 5704 2773 5765 et
2800 5712 2997 5768 ἐνείκω
3033 5714 3335 5777 deducunt.
3380 5719 3470 5766 aut
3496 5704 3524 5762 a
3553 5704 3653 5777 πρό
3678 5709 3725 5757 et
3751 5704 3828 5749 νει·

2303 5797 2419 5862 κοςτ
2456 5777 2978 5864 Ναωθίὺδρισςιην
3022 5785 3486 5864 interpretantuIE
3528 5769 3829 5864 ἱιθιξξξςλΡξξξξ

2305 5838 2550 5907 rorinus.
2585 5849 2689 5923 Qui
2722 5838 2798 5908 ει·
2819 5838 2967 5911 addit
3012 5838 3324 5929 πάρελόςέδ
3351 5838 3560 5909 αἰδοίαν.
3593 5838 3726 5914 Quod
3757 5838 3831 5890 de-
