4022 6424
585 373 691 431 527

1997 365 2054 421 3.
2097 365 2439 423 EPlPll.\.\'ll
3751 376 3838 431 528

586 487 820 547 ridicula
844 503 860 554 ;
892 500 1015 558 qua:
1040 484 1295 557 quisquis
1326 482 1595 538 divinitus
1613 482 1963 551 prudrntiam
1990 491 2189 537 nactus

2296 484 2410 554 ρὸς,
2447 484 2539 537 καὶ
2588 485 2836 555 ignitae-3
2888 486 2988 557 τὴν
3035 484 3200 540 Εὕαν.
3252 486 3385 541 Ἀπὸ
3416 486 3513 540 τοῦ
3556 486 3713 540 τύπου
3751 492 3841 558 γὰρ

586 584 660 638 sit
714 580 870 636 nullo
923 579 1144 649 negotio
1189 574 1495 647 pervident.
1561 573 1844 645 Siquidem
1889 577 2185 645 voluptatis

589 673 764 743 gratia
826 686 952 726 cum
990 669 1240 738 seipsos,
1287 673 1402 719 tmn
1445 680 1588 737 quos
1632 666 1838 721 habent
1882 675 2186 721 sectatores

593 762 969 834 perdiderunt,
1013 758 1363 830 perduntque
1385 756 1654 828 quotidie.
1692 757 1755 811 Et
1776 756 1999 827 quidem
2025 772 2189 811 erro-

593 855 672 910 ris
704 855 796 910 ille
830 853 1060 923 spiritus
1095 849 1319 921 quidam
1343 850 1492 905 velut
1519 849 1573 903 in
1603 849 1735 904 tibia
1760 847 1924 906 ﬂatus
1949 858 2059 909 est.
2089 849 2186 920 qui

592 959 1043 1015 unumquemque
1064 942 1444 1013 insipientium
1464 941 1748 997 hominum
1791 941 2029 997 diversis
2055 957 2189 997 conv

590 1048 677 1093 tra
711 1039 996 1093 veritatem
1043 1036 1421 1107 agnitionibus
1451 1042 1786 1090 commovet.
1836 1034 2017 1107 Atque
2050 1037 2186 1092 adeo

590 1134 726 1189 tibia
763 1131 1040 1203 serpentis
1080 1130 1309 1200 ﬁguram
1343 1128 1550 1185 imitari
1588 1128 1836 1194 videtur,
1879 1144 1976 1198 per
2021 1143 2184 1199 quem

592 1225 772 1281 malus
806 1223 1023 1279 dtemon
1056 1223 1278 1277 locutus
1298 1228 1406 1285 est,
1431 1227 1597 1289 atque
1629 1217 1794 1273 Evam
1828 1218 2065 1289 decepit.
2105 1219 2183 1273 Ad

591 1312 756 1382 cujus
784 1311 1072 1381 exemplar
1126 1323 1389 1381 expressa
1416 1347 1432 1372 ,
1465 1318 1521 1364 et
1566 1308 1634 1362 ad
1677 1308 1979 1365 humanum
2012 1324 2185 1379 genus

589 1401 928 1459 illutlendum
952 1400 1205 1457 confecta
1234 1401 1367 1454 tibia
1393 1410 1498 1455 est.
1530 1398 1612 1457 Tu
1637 1414 1766 1455 vero
1790 1408 1845 1457 et
1875 1401 2023 1457 illam
2053 1401 2187 1457 mihi

590 1495 826 1567 eiligiem
862 1496 1115 1558 intuere,
1144 1508 1310 1563 quam
1343 1492 1437 1563 qui
1482 1492 1615 1547 tibia
1657 1491 1827 1547 canit.
1853 1492 1907 1545 in
1944 1507 2067 1547 sese
2100 1507 2185 1547 re.

2291 573 2504 626 ἐκείνου
2540 573 2684 626 κατά
2731 574 2965 645 μίμησιν
3013 577 3043 630 6
3091 575 3253 640 αὐλὸς
3300 578 3410 641 τοῖς
3457 572 3749 647 ἀνθρώποις
3777 579 3843 645 εἰς

2291 668 2510 737 ἀπάτην
2545 665 2981 737 κατεσκευάσθη.
3024 668 3136 721 Kal
3157 669 3260 739 ὅρα
3289 668 3380 722 τὸν
3410 667 3600 732 τύπον,
3628 667 3685 722 ὃν
3709 670 3846 734 αὑτὸς

2291 762 2320 812 6
2354 759 2534 813 αὐλῶν
2569 761 2626 814 ὲν
2661 758 2740 830 τῷ
2784 758 2933 829 αύλῷ
2966 762 3223 814 ποιεῖται.
3252 760 3440 814 Λύλῶν
3471 760 3579 832 γὰρ
3612 761 3716 814 ἄνω
3738 763 3845 815 ἁνα-
3874 764 3879 769 ’

2293 852 2461 916 νεύει,
2517 852 2614 909 καὶ
2663 853 2817 909 κάτω
2873 852 3200 906 κατανεύει-
3245 851 3395 917 δεξιά
3447 858 3517 905 τε
3562 851 3722 905 κλίνει
3770 853 3847 907 καὶ

2294 944 2553 1016 εὐώνυμα
2579 946 2783 1016 ὁμοίως
2810 945 3027 1016 ἐκείνῳ.
3063 943 3289 1009 Τούτοις
3319 945 3429 1016 γὰρ
3464 945 3557 1001 καὶ
3586 947 3615 999 6
3634 944 3845 1008 διάϐολος

2293 1041 2409 1103 τοῖς
2453 1038 2699 1108 σχήμασι
2738 1038 3028 1109 κέχρηται,
3080 1038 3169 1092 ἵνα
3211 1036 3354 1091 κατά
3402 1037 3513 1090 τῶν
3545 1038 3845 1107 ἐπουρανίων

2294 1124 2596 1196 ἐνδείξηται
2619 1126 2719 1197 τὴν
2748 1126 3116 1198 βλασφημίαν,
3147 1127 3242 1185 καὶ
3263 1126 3331 1180 τά
3364 1127 3461 1180 ἐπὶ
3484 1126 3582 1197 τῆς
3609 1125 3703 1194 γῆς
3730 1127 3846 1194 ἁφα-

2294 1216 2475 1289 νισμῷ
2517 1218 2780 1289 ἀφανίσῃ,
2818 1219 2912 1272 καί
2948 1218 3085 1289 ὁμοῦ
3140 1218 3527 1290 συμπεριλάῦῃ
3566 1218 3660 1289 τὴν
3700 1220 3846 1272 oixoa-

2298 1309 2488 1380 μένην,
2520 1308 2671 1376 δεξιά
2709 1327 2770 1363 τε
2810 1312 2906 1366 xal
2937 1310 3195 1385 εὐώνυμα
3232 1310 3627 1381 λυμαινόμενος
3658 1308 3770 1373 τοὺς
3791 1311 3844 1379 τῇ

2296 1400 2473 1476 πλάνῃ
2508 1402 2864 1475 πειθομένους
2913 1420 2974 1457 τε
3018 1404 3111 1458 καὶ
3156 1402 3542 1475 θελγομένους,
3574 1400 3752 1472 ὥσπερ
3778 1400 3847 1454 διὰ

2292 1495 2560 1566 μουσικοῦ
2614 1497 2869 1569 ὀργάνου,
2922 1500 3044 1562 ταῖς
3108 1498 3313 1568 φωναῖς
3379 1498 3505 1560 ταῖς
3537 1494 3847 1566 πεπλανημέ·

596 1595 911 1658 ιιι-ιιιεριιιιιι.
961 1586 1063 1644 llic
1111 1587 1256 1641 enim
1309 1598 1531 1640 sursum
1577 1582 1771 1637 faciem
1820 1582 2064 1648 attollit,
2112 1598 2177 1638 ac

2296 1603 2421 1652 ναις.

592 1684 857 1738 deorsum
893 1680 1149 1742 demittit,
1195 1686 1312 1733 tum
1348 1677 1417 1732 ad
1474 1676 1669 1731 dextra
1709 1674 2046 1745 sinistraque
2094 1677 2325 1746 perinde
2385 1688 2446 1735 ut
2508 1680 2600 1736 ille
2630 1681 2832 1752 vergit.
2895 1679 3113 1752 Quippe
3150 1680 3414 1737 diabolus
3458 1679 3595 1736 iisce
3633 1676 3844 1751 gestibus

599 1776 797 1841 utitur,
824 1780 884 1827 ut
914 1770 1306 1827 contumeliam
1341 1768 1397 1823 in
1423 1782 1654 1839 superos
1687 1775 1946 1834 ostentet.
1978 1775 2033 1824 et
2060 1784 2184 1838 quae
2211 1752 2267 1824 in
2318 1778 2467 1826 terra
2495 1780 2628 1832 sunt
2663 1772 2913 1830 funditus
2947 1781 3192 1838 evertat,
3253 1782 3547 1844 totumque
3589 1772 3716 1828 adeo
3757 1772 3845 1827 ter-

595 1884 787 1924 rarum
820 1865 1012 1923 orbem
1061 1863 1255 1920 eodem
1296 1863 1468 1920 exitio
1521 1860 1994 1932 comprehendat,
2054 1861 2186 1917 dum
2223 1862 2417 1920 dextra
2448 1866 2655 1936 pariter
2676 1882 2741 1923 ac
2771 1867 2998 1924 sinistra
3045 1866 3347 1938 perniciem
3382 1867 3455 1923 iis
3481 1866 3634 1922 aﬂ'ert
3682 1863 3764 1935 qui
3801 1863 3842 1915 in

593 1965 719 2034 ejus
753 1979 807 2018 se
872 1959 1118 2016 fraudem
1174 1958 1562 2023 committunt,
1592 1971 1657 2011 ac
1699 1957 1781 2012 sic
1824 1965 2089 2029 tanquam
2122 1960 2339 2016 musico
2390 1961 2763 2019 instrumento
2823 1962 2938 2036 80
2987 1962 3359 2021 fraudulentis
3410 1963 3560 2020 illius
3615 1959 3842 2019 sermoni-

598 2057 702 2111 bus
734 2053 1065 2111 adiciuntur.

671 2106 906 2206 lZSunt
939 2158 993 2203 et
1026 2106 1120 2201 alii
1156 2144 1380 2216 quidam
1427 2159 1495 2201 ex
1545 2144 1929 2200 hereticorum
1971 2144 2191 2200 illorum

2366 2147 2443 2203 ιε’.
2479 2146 2662 2201 Ἀλλοι
2705 2148 2762 2201 δέ
2813 2106 2957 2213 ¹τινες
3000 2147 3061 2214 ἐξ
3093 2149 3277 2203 αὐτῶν
3309 2147 3449 2205 κενά
3493 2166 3613 2203 τινα
3642 2148 3841 2218 ὀνόματα

596 2261 783 2318 grege,
813 2244 908 2315 qui
953 2243 1139 2298 inania
1172 2241 1423 2312 quaedam
1456 2241 1680 2300 nomina
1709 2241 2062 2312 contingunt,
2092 2242 2194 2296 ita-

593 2355 704 2411 que
725 2338 950 2393 dicunt:
975 2333 1136 2390 initio
1158 2333 1440 2398 tenebras,
1465 2346 1532 2386 ac
1555 2333 1895 2403 voraginem,
1921 2343 1976 2387 et
1993 2347 2194 2403 aquam

594 2432 774 2487 fuisse
801 2447 815 2484 :
846 2443 969 2500 quae
993 2442 1022 2481 a
1048 2442 1108 2483 se
1130 2426 1369 2481 invicem
1394 2424 1623 2495 spiritus
1640 2424 1960 2481 secrevcrit.
1991 2423 2193 2481 Verum

598 2526 840 2580 tenebrae
883 2530 1077 2577 contra
1113 2519 1367 2590 spiritum
1417 2517 1707 2573 iracundia
1736 2533 1800 2571 ac
1847 2516 2036 2573 furore
2070 2532 2195 2588 per-

595 2618 723 2672 citae
771 2628 998 2672 sursum
1031 2621 1394 2668 excurrentes
1438 2624 1563 2663 ctum
1595 2625 1663 2665 eo
1699 2622 2011 2680 congressa
2040 2621 2191 2666 sunt.

598 2707 731 2768 Inde
760 2706 963 2761 matrix
996 2704 1188 2761 nescio
1235 2718 1361 2774 qua:
1405 2702 1590 2773 genita
1625 2701 1855 2788 prodiit,
1890 2717 2014 2773 quae
2042 2703 2196 2771 ejus-

598 2799 728 2853 dem
755 2796 988 2867 spiritus
1008 2792 1474 2851 consuetudinem
1495 2792 1743 2863 appetiit.
1770 2791 1848 2846 Ειι
1869 2807 2045 2863 eaque
2063 2807 2195 2864 qua.

598 2897 730 2943 tuor
760 2886 970 2943 A'Sones
995 2883 1516 2959 pmductisunt..Ab
1537 2883 1623 2939 his
1651 2899 1742 2938 xlv
1761 2884 1852 2938 alii
1881 2886 2183 2955 procreati.

598 2979 735 3036 Item
765 2979 961 3035 dextra
983 3019 998 3045 ,
1028 2977 1386 3047 sinistraque,
1450 2990 1669 3031 necnon
1706 2975 1891 3031 lumen
1943 2992 2008 3031 ac
2046 2983 2195 3033 tene-

597 3072 733 3128 brae.
765 3069 1078 3127 Secundum
1096 3069 1200 3125 bos
1216 3083 1411 3125 omnes
1429 3076 1644 3140 turpem
1666 3067 1957 3139 quemdam
1982 3083 2191 3126 teonem

596 3156 806 3218 editum
837 3166 1091 3225 narrant,
1120 3173 1359 3229 eumque
1392 3173 1519 3214 cum
1549 3172 1637 3223 ea,
1669 3172 1836 3229 quam
1868 3159 2036 3228 paulo
2065 3165 2194 3215 ante

594 3254 865 3319 diximus,
896 3250 1125 3307 matrice
1153 3250 1354 3307 coiisse
1390 3267 1404 3303 :
1435 3259 1489 3305 et
1517 3249 1588 3304 ab
1618 3261 1854 3319 utroque
1876 3248 2011 3303 deos
2030 3257 2194 3319 atque

598 3347 850 3417 angelos,
872 3351 928 3401 et
952 3344 1259 3407 damn-es,
1292 3357 1358 3397 ac
1389 3350 1600 3413 septem
1624 3341 1856 3411 spiritus
1880 3347 2064 3397 ortum
2089 3340 2193 3394 ha-

601 3439 813 3496 buisse.
847 3437 955 3493 Sed
982 3436 1313 3493 histrionica
1348 3436 1439 3490 illa
1484 3434 1744 3505 ﬁgmenta
1779 3434 1933 3490 nullo
1968 3435 2192 3506 negotio

2296 2240 2723 2302 ἀναπλάττουσι,
2755 2240 3026 2308 λέγοντες,
3049 2241 3354 2303 ὅτιΣκότος
3381 2236 3453 2312 ἦν
3481 2240 3576 2295 καὶ
3602 2239 3746 2311 βυθὸς
3771 2240 3842 2293 καὶ

2297 2332 2470 2403 ὕδωρ
2522 2331 2585 2385 τὸ
2625 2331 2683 2385 δὲ
2730 2330 2949 2403 πνεῦμα
2994 2331 3100 2387 ἀνά
3144 2332 3309 2403 μέσον
3355 2332 3564 2386 τούτων
3608 2330 3841 2402 διορισμὸν

2294 2424 2592 2494 ἐποιήσατο
2628 2422 2830 2477 αὐτῶν.
2859 2421 2934 2476 Τὸ
2953 2422 3011 2477 δὲ
3040 2423 3229 2488 σκότος
3261 2418 3331 2495 ἦν
3354 2422 3671 2495 χαλεπαϊνὸν
3690 2439 3742 2475 τι
3767 2420 3841 2474 nl

2294 2515 2556 2585 ὲγκοτοῦν
2588 2515 2667 2586 τῷ
2705 2515 3015 2587 πνεύματί·
3044 2516 3184 2588 ὅπερ
3213 2519 3409 2579 σκότος
3446 2515 3739 2589 ἀναδραμὸν
3767 2514 3842 2567 ut.

2299 2607 2567 2683 ριεπλάκη
2590 2607 2668 2679 τῷ
2691 2607 2983 2680 πνεύματι.
3007 2608 3119 2662 Καὶ
3145 2608 3431 2681 ἐγέννησε,
3455 2610 3606 2679 φησὶ,
3626 2606 3736 2661 τινά
3756 2606 3839 2678 pi,-

2295 2717 2432 2773 τραν
2480 2699 2845 2772 καλουμένην,
2897 2702 3019 2772 ῆτις
3066 2699 3397 2773 γεννηθεῖσα
3438 2701 3763 2771 ὲνεκίσσησεν
3795 2700 3839 2750 ὲν

2297 2792 2448 2863 αὐτῷ
2477 2791 2556 2862 τῷ
2586 2791 2880 2862 πνεύματι.
2926 2792 3023 2845 Ἐκ
3051 2791 3109 2846 δὲ
3138 2791 3242 2863 τῆς
3285 2793 3504 2865 μήτρας
3542 2789 3836 2865 προεϐλήθη-

2296 2886 2398 2939 σάν
2438 2901 2585 2948 τινες
2638 2884 2905 2955 τέσσαρες
2948 2883 3188 2949 Λίῶνες·
3225 2884 3291 2938 ὲκ
3339 2884 3400 2939 δὲ
3446 2886 3555 2939 τῶν
3606 2882 3837 2952 τεσσάρων

2294 2974 2518 3029 Αίὼνων
2543 2974 2692 3029 ἄλλοι
2716 2974 3136 3047 δεκατέσσαρες,
3171 2976 3267 3029 καὶ
3297 2975 3493 3045 γέγονε
3534 2972 3677 3041 δεξιά
3694 2989 3745 3025 τε
3767 2968 3837 3025 καὶ

2295 3067 2586 3140 ἀριστερὰ,
2619 3067 2736 3137 φῶς
2765 3067 2861 3122 καὶ
2903 3068 3114 3133 σκότος.
3173 3068 3446 3141 ’Ὕστερον
3477 3069 3534 3123 ὁὶ
3568 3065 3694 3139 μετά
3727 3064 3836 3118 πᾶν·

2293 3179 2395 3227 τας
2423 3162 2647 3227 τούτους
2671 3161 3078 3233 προϐεϐλῆσθαι
3103 3179 3223 3223 τινα
3244 3162 3478 3236 αἰσχρὸν
3503 3162 3681 3224 αίῶνα,
3706 3156 3835 3231 μεμί-

2295 3254 2424 3325 χθαι
2480 3254 2538 3313 δὲ
2566 3253 2760 3308 τοῦτον
2792 3257 2862 3326 τῇ
2906 3256 3089 3326 μήτρᾳ
3133 3257 3198 3327 τῇ
3233 3255 3348 3310 ἄνω
3392 3251 3832 3328 προδεδηλωμένῃ·

2300 3346 2398 3400 καὶ
2427 3346 2492 3399 ὲκ
2518 3344 2714 3399 τούτου
2753 3343 2850 3399 τοῦ
2895 3344 3091 3409 αίῶνος
3128 3345 3224 3399 τοῦ
3266 3344 3499 3417 αἰσχροῦ
3531 3344 3730 3412 καὶτῆς
3755 3341 3834 3410 μή·

2282 3453 2431 3508 τρας
2459 3435 2744 3507 γεγονέναι
2784 3434 2943 3500 θεούς
2965 3453 3027 3490 τε
3054 3437 3149 3491 καὶ
3175 3438 3303 3501 τοὺς
3348 3440 3412 3508 ἀι
3426 3437 3611 3508 γέλους
3633 3436 3716 3489 καί
3744 3430 3835 3485 6a!-

598 3528 935 3599 deteguntur
966 3546 979 3582 :
1009 3541 1136 3582 nam
1191 3542 1318 3583 cum
1371 3493 1551 3581 unua;
1577 3526 1740 3581 initio
1791 3523 2013 3582 Patrem
2040 3493 2191 3582 Vdeﬁ-

2302 3493 2490 3603 μονάς,
2524 3493 2621 3591 καὶ
2650 3530 2793 3592 ἑτι-τά
2817 3493 3127 3602 πνεύματα.
3508 3493 3697 3586 τούτων
3715 3530 3743 3599 ἡ
3760 3524 3835 3593 τῆς

604 3620 778 3686 niant,
807 3618 1044 3675 subinde
1079 3618 1268 3689 plures
1290 3618 1425 3673 deos
1447 3617 1772 3684 ostendunt,
1805 3626 1866 3673 ut
1897 3612 2197 3689 ipsunimet

602 3724 849 3768 errorem
884 3725 984 3767 sua
1016 3718 1210 3765 contra
1255 3725 1317 3767 se
1359 3711 1769 3781 quodammodo
1806 3726 2024 3768 armare
2050 3727 2199 3768 men-

601 3803 759 3857 dacia
791 3810 1250 3868 commonstrent,
1278 3817 1342 3857 ac
1372 3803 1618 3873 seipsum
1648 3811 1931 3871 evertere;
1959 3818 2085 3858 cum
2121 3804 2200 3859 in-

602 3896 763 3952 terim
791 3895 941 3950 omni
972 3911 1037 3951 ex
1068 3904 1223 3967 parte
1264 3896 1558 3968 perspicua
1590 3896 1796 3953 veritas
1832 3903 2121 3968 appareat.

675 4181 764 4238 Vl.
789 4181 932 4250 Quid
967 4192 1054 4240 est
1080 4182 1268 4255 igitur,
1304 4182 1559 4250 Nicolae,
1583 4186 1683 4242 tibi
1707 4187 1852 4257 quod
1881 4190 2200 4259 opponam?

601 4274 867 4345 quidnam
893 4275 1226 4345 disputabo?
1255 4276 1413 4334 Unde
1457 4278 1618 4334 nobis
1665 4288 1883 4350 turpem
1913 4280 2066 4335 illum
2104 4295 2201 4336 ne-

605 4365 725 4419 scio
754 4380 916 4436 quem
953 4381 1184 4430 a‘onem,
1215 4381 1279 4422 ac
1323 4369 1586 4439 nequitia;
1615 4368 1860 4426 radicem
1882 4412 1895 4431 ,
1920 4380 1977 4425 et
2006 4370 2199 4426 fecun-

604 4455 733 4509 dam
762 4456 908 4510 illam
934 4457 1217 4511 matricem
1251 4473 1314 4512 ac
1339 4459 1579 4531 denique
1615 4461 1804 4530 plures
1836 4460 1970 4517 deos
2000 4477 2064 4518 ac
2087 4464 2201 4518 dte-

608 4559 801 4599 mones
829 4543 1231 4600 invehisYNam
1250 4547 1398 4617 quod
1423 4548 1490 4603 ad
1513 4549 1835 4619 Apostolum
1852 4551 2049 4608 attinet
2071 4568 2197 4610 cum

610 4634 679 4689 iis
704 4634 890 4689 verbis
932 4636 1111 4689 utitur
1147 4636 1166 4669 ³
1203 4656 1216 4692 :
1255 4636 1317 4693 Si
1340 4649 1463 4693 sunt
1488 4642 1582 4711 qui
1612 4641 1950 4711 appellantur
1972 4644 2073 4707 dii.
2102 4661 2199 4704 eos

608 4740 883 4796 nusquam
899 4742 1026 4783 esse
1045 4727 1341 4799 significat.
1367 4728 1503 4785 Cum
1530 4733 1699 4793 enim.
1726 4736 1819 4805 qui
1841 4737 2194 4805 appellantur,

2298 3622 2511 3695 πλάνης
2547 3623 2859 3695 μιμολογία.
2904 3622 3024 3676 Ἀπ’
3063 3622 3242 3695 ἀρχῆς
3274 3622 3388 3696 γὰρ
3417 3624 3514 3679 ενα
3544 3621 3740 3693 Πατέρα
3771 3615 3834 3669 λέ-

2298 3732 2488 3785 γοντες
2519 3718 2615 3771 καὶ
2650 3716 2980 3788 ὁριζόμενοι,
3016 3714 3244 3788 ὕστερον
3282 3717 3513 3783 πολλοὺς
3562 3715 3703 3777 θεοὺς
3731 3708 3834 3764 ὺπέ-

2299 3825 2498 3879 φηναν,
2525 3809 2605 3873 είς
2650 3808 2710 3863 τὸ
2734 3808 2905 3875 δεῖξαι
2945 3808 3118 3881 αὐτὴν
3147 3808 3248 3882 τὴν
3283 3808 3493 3881 πλάνην
3535 3806 3649 3862 καθ’
3675 3800 3834 3869 ἑαυτῆς

2297 3899 2368 3954 τὰ
2415 3899 2508 3957 ὑπ’
2537 3900 2707 3969 αὐτῆς
2754 3898 2925 3969 ψευδῆ
2974 3898 3246 3970 λεγόμενα
3284 3898 3549 3965 ὁπλίζειν,
3589 3894 3762 3962 ἑαυτὴν
3791 3887 3833 3941 δι

2300 3991 2468 4053 λύειν,
2498 3993 2599 4063 τῆς
2627 3991 2886 4062 ἀληθείας
2928 3994 3016 4046 ἀεὶ¹
3054 3996 3118 4047 ὲκ
3149 3993 3349 4056 παντὸς
3393 3994 3590 4064 μέρους
3629 3987 3833 4059 εὑρισκο·

2303 4085 2472 4155 μένης

2373 4182 2466 4247 ς’.
2499 4180 2564 4233 Τί
2593 4180 2771 4234 τοίνυν
2816 4182 2958 4235 εἴπω
2986 4184 3123 4254 πρὸς
3166 4177 3250 4245 σὲ,
3276 4179 3322 4234 ὦ
3353 4178 3616 4241 Νικόλαε;
3655 4175 3703 4226 τί
3746 4172 3832 4225 δια·

2299 4269 2667 4343 λεχθήσομαις
2713 4269 2906 4333 Πόθεν,
2936 4264 2983 4324 ὦ
3015 4266 3192 4335 οὗτος,
3224 4271 3384 4340 ἥκεις
3415 4269 3591 4341 φέρων
3619 4266 3732 4335 ἡμῖν
3764 4259 3831 4310 ulc

2302 4362 2467 4433 σχρὸν
2493 4360 2688 4426 αίῶνα,
2717 4360 2810 4420 καὶ
2834 4361 2991 4434 ῥίζαν
3016 4362 3301 4434 πονηρίας,
3331 4363 3429 4418 καὶ
3464 4362 3664 4432 μήτραν
3681 4366 3829 4422 γεννη-

2298 4455 2481 4528 τικὴν,
2528 4456 2625 4509 καὶ
2679 4455 2837 4520 θεοὺς
2890 4455 3137 4519 πολλοὺς,
3196 4454 3292 4509 καὶ
3341 4455 3628 4527 δαίμονας;
3666 4449 3715 4501 ὀ
3747 4442 3829 4512 γὰρ

2314 4546 2656 4614 Ἀπόστολος,
2708 4548 2891 4619 φήσας
2913 4563 2926 4577 ·
2964 4546 3152 4617 Ειπερ
3193 4546 3313 4602 εἰσί
3368 4545 3667 4615 λεγόμενοι
3714 4530 3824 4594 θεοὶ.

2298 4638 2402 4692 οὐκ
2436 4636 2573 4693 εἶναι
2603 4638 2826 4702 τούτους
2858 4638 3167 4707 ὑποφαίνει.
3203 4640 3292 4693 Ἐν
3316 4638 3399 4710 τῷ
3425 4638 3536 4711 γὰρ
3565 4629 3826 4691 είπεῖνμιε·

2300 4735 2541 4802 γόμενοι
2558 4771 2572 4795 ,
2604 4730 2803 4803 ἔδειξεν
2832 4731 3031 4794 αὐτοὺς
3058 4731 3117 4784 ἓν
3143 4729 3222 4803 τῷ
3253 4731 3504 4800 λέγεσθαι
3529 4726 3673 4799 μόνον
3700 4716 3822 4775 εἶναι,

604 4816 763 4882 dicit,
796 4818 914 4874 sola
952 4819 1076 4875 illos
1124 4821 1491 4891 appellatione
1524 4833 1819 4893 constare,
1861 4843 1985 4884 cum
2014 4832 2191 4903 reipsa

2306 4822 2381 4894 μὴ
2404 4822 2563 4887 ὅντα-ς
2604 4824 2670 4895 τῇ
2704 4822 3018 4887 ὑποστάσει,
3047 4821 3181 4877 ἀλλὰ
3226 4822 3317 4877 διὰ
3356 4823 3456 4894 τῆς
3497 4818 3645 4873 τινῶν

607 4912 835 4967 minime
880 4910 1224 4977 subsistant,
1268 4928 1371 4969 nec
1416 4915 1576 4972 aliter
1622 4934 1792 4989 quam
1834 4926 2201 4991 quorumdam

604 5002 867 5073 opinione
896 5002 1107 5059 docuit.
1147 5001 1319 5060 Nobis
1342 5021 1464 5061 vero
1503 5006 1669 5075 Deus,
1706 5011 1907 5084 inquit.
1934 5030 2074 5069 unus
2099 5026 2200 5084 est,

605 5097 788 5176 nobis,
828 5095 1074 5167 inquam,
1108 5097 1202 5166 qui
1234 5100 1485 5157 veritatis
1509 5117 1705 5160 sumus
1727 5106 2046 5176 cognitione
2068 5124 2202 5179 pm-

602 5188 729 5261 diti,
784 5184 1041 5257 Nec.qui
1072 5187 1473 5257 appellaretur,
1531 5192 1626 5247 sed
1681 5195 1775 5265 qui
1814 5210 2005 5252 revera
2051 5207 2200 5254 esset

606 5273 773 5341 Deus,
798 5274 1072 5344 adjunxit.
1102 5274 1258 5342 Quod
1284 5276 1333 5332 si
1367 5294 1513 5336 unus
1539 5282 1699 5339 nobis
1728 5292 1814 5341 est
1850 5286 1991 5343 Deus
2012 5328 2028 5351 ,
2072 5288 2191 5359 plu-

606 5381 696 5422 res
723 5369 950 5423 omnino
976 5384 1102 5424 esse
1133 5386 1242 5426 non
1272 5383 1526 5441 possunt.
1556 5374 1785 5432 Accedit
1813 5386 1869 5433 et
1897 5379 2104 5435 Christi
2136 5384 2189 5437 in

606 5452 899 5525 Evangelio
920 5444 1133 5514 dictum
1166 5461 1300 5517 illud
1331 5479 1344 5515 :
1382 5461 1452 5517 Ut
1484 5478 1800 5536 cognoscant
1829 5479 1876 5525 te
1900 5473 2073 5526 solum
2106 5488 2192 5526 re-

605 5558 723 5634 rum
756 5545 924 5600 Deum
952 5548 997 5601 '.
1028 5548 1149 5615 Quo
1180 5552 1491 5610 istiusmodi
1528 5556 1810 5615 hominum
1836 5603 1850 5627 ,
1894 5565 1987 5634 qui
2037 5564 2190 5621 ﬁctas

604 5630 842 5704 fabulas,
874 5653 942 5693 ac
964 5642 1324 5712 multiplicem
1340 5646 1685 5707 divinitatem
1712 5630 2007 5710 commenti
2035 5667 2183 5722 sunt,

682 5786 697 5816 ⁸
732 5785 901 5845 lCor.
944 5801 1064 5855 εἰη,
1101 5791 1154 5847 5.
1233 5799 1252 5829 ⁸
1280 5795 1438 5854 Joan.
1480 5817 1611 5859 xvu.
1646 5804 1694 5859 ii.

2297 4917 2469 4987 ψεως.
2511 4918 2686 4989 Ἡμῖν
2721 4916 2812 4983 δὲ,
2834 4918 3025 4989 φησὶν,
3048 4913 3144 4984 εῑς
3168 4918 3335 4983 Θεὸς,
3364 4914 3599 4987 δηλονότι
3625 4910 3720 4969 τοῖς
3750 4902 3825 4969 τὴν

2300 5008 2502 5078 γνῶσιν
2524 5008 2625 5079 τῆς
2654 5008 2912 5079 ἀληθείας
2950 5008 3357 5080 ἐπισταμένοις.
3389 5007 3496 5062 Kal
3519 5005 3613 5058 οὐκ
3634 4997 3736 5052 εἶπε
3761 4992 3823 5043 λετ

2298 5102 2531 5174 γόμενον
2560 5101 2716 5167 Θεὸν,
2750 5101 2887 5156 ἀλλά
2918 5100 3048 5155 ὄντα
3074 5100 3229 5155 Θεόν.
3269 5101 3331 5155 El
3359 5101 3414 5155 δὲ
3456 5100 3579 5170 ἡμῖν
3608 5087 3678 5156 εἷς
3703 5085 3819 5146 Θεὸς.

2297 5195 2489 5251 οὐκέτι
2516 5195 2703 5249 πολλοὶ
2740 5194 2874 5251 θεοί.
2904 5195 3015 5250 Καὶ
3049 5198 3079 5250 6
3118 5195 3325 5267 Κύριος
3369 5195 3429 5246 ὲν
3456 5190 3530 5263 τῷ
3559 5175 3819 5252 summa

2299 5287 2461 5359 φησίν
2481 5304 2496 5319 ·
2540 5288 2676 5343 Ἵνα
2718 5287 3058 5359 γινώσκωσι
3088 5305 3162 5342 σε
3205 5288 3315 5342 τὸν
3358 5286 3545 5357 μόνον
3579 5267 3819 5343 ἀληθινὸν

2301 5380 2469 5447 Θεὸν,
2510 5380 2596 5434 ἵνα
2627 5380 2907 5453 ἀνατρέψῃ
2935 5381 3037 5454 τὴν
3063 5380 3303 5436 διάνοιαν
3326 5381 3431 5433 τῶν
3458 5376 3523 5430 τά
3544 5366 3733 5454 μυθῷδη
3892 5446 3898 5450 ν

2299 5472 2528 5541 γὸντων,
2576 5472 2670 5526 καὶ
2717 5447 3045 5542 νομιξοντιον
3093 5467 3229 5523 εἶναι
3287 5465 3582 5524 πολυθεῖαν.
3614 5452 3696 5519 Εἷς
3733 5447 3815 5517 γὰρ

2298 5563 2453 5636 ἡμῶν
2469 5565 2617 5618 ἐστιν
2635 5566 2664 5619 6
2688 5563 2843 5631 Θεὸς,
2859 5563 3048 5635 Πατὴρ
3078 5563 3171 5617 καὶ
3187 5562 3313 5627 Υἱὸς
3336 5562 3427 5617 καὶ
3447 5559 3589 5625 ἅγιον
3613 5544 3810 5636 mali“.

2298 5627 2446 5727 τρεῖς
2476 5627 2838 5723 ὑποστάσεις,⁷
2865 5655 2963 5728 μία
2986 5627 3261 5754 κυριότης,
3289 5652 3386 5724 μία
3419 5647 3613 5715 θεάτης,
3644 5635 3727 5710 μία
3749 5627 3814 5681 δ⁰’
