4022 6420
348 402 451 459 5'39

993 400 1364 459 ADVERSUS
1403 401 1745 460 IIERESES
1778 404 1903 458 LIB.
1943 406 1981 460 l.
2022 404 2185 460 ΤΟΜ.
2224 406 2283 462 ll.
2324 437 2394 449 --
2428 407 2702 495 IIIERES.
2745 404 2933 459 XXVI.

3504 420 3607 474 5'50

349 518 587 587 ξολογία,
630 519 726 573 καί⁸
752 520 812 573 οὐ
837 519 1020 573 πολλοὶ
1053 519 1183 573 θεοί.
1218 518 1330 573 Ποῦ
1369 520 1425 574 δὲ
1458 520 1756 592 πληροῦται
1792 522 1932 575 κατά

2044 538 2232 578 sensus
2266 538 2329 577 ac
2361 525 2722 596 cogitationes
2767 534 3057 582 everteret.
3093 525 3246 583 Unus
3278 529 3424 584 enim
3452 533 3610 589 nobis

348 612 431 676 σὲ,
454 606 500 665 ὧ
532 611 792 678 Νικόλαε,
817 612 877 666 τὸ
915 613 1019 667 ὐπὸ
1049 612 1146 667 τοῦ
1194 613 1444 684 Σωτῆρος
1485 615 1809 686 εἰρημένον;
1851 617 1930 669 ὅτι

347 707 502 760 Είσὶν
537 706 808 777 εὐνοῦχοι,
850 706 1049 769 οἵτινες
1082 706 1505 778 εὐνουχίσθησαν
1556 707 1661 760 ὐπὸ
1701 707 1808 761 τῶν
1842 709 1933 760 ἀν-

349 797 617 871 θρώπωνο
650 799 745 851 καὶ
773 798 910 852 είσὶν
942 797 1207 870 εὐνοῦχοι,
1240 798 1288 852 οἳ
1326 800 1390 852 ἐκ
1428 801 1703 869 γεννητοῖς
1730 799 1745 830 ¹
1776 801 1931 868 ἐγεν-

347 888 622 961 νήθησανο
681 888 776 941 καὶ
824 889 965 943 είσ“.ν
1022 888 1302 961 εὐνοῦχοι,
1364 889 1562 953 οἵτινες
1613 889 1932 960 εὐνούχισαν

349 981 581 1043 ἑαυτοὺς
612 979 701 1034 διὰ
747 980 849 1050 τὴν
904 979 1181 1051 βασιλείαν
1220 980 1328 1034 τῶν
1352 981 1615 1053 οὐρανῶν.
1646 983 1709 1034 Εἰ
1755 981 1933 1035 τοίνυν

348 1071 596 1142 εὐνοῦχοί
618 1075 725 1125 εἰσι
745 1071 832 1126 διὰ
856 1072 955 1143 τὴν
989 1070 1262 1142 βασιλείαν
1289 1071 1398 1125 τῶν
1425 1071 1689 1143 οὐρανῶν,
1721 1072 1837 1138 πῶς
1868 1074 1932 1128 σὺ

350 1165 581 1218 σεαυτὸν
616 1163 993 1235 πεπλάνηκας,
1034 1165 1128 1217 καί
1159 1165 1287 1228 τούς
1334 1181 1415 1218 σοι
1451 1164 1805 1235 πειθομένους
1846 1164 1935 1220 διὰ

345 1256 606 1329 λαγνείας
636 1256 729 1309 καὶ
753 1256 1129 1326 αἰσχροποιίας
1158 1256 1256 1328 τὴν
1301 1257 1558 1329 ἀλήθειαν
1590 1257 1680 1311 τοῦ
1713 1257 1848 1311 Θεοῦ
1876 1260 1933 1312 ἐν

348 1345 535 1417 ἀδικίᾳ
554 1328 813 1415 κατέχων·
845 1344 940 1398 καὶ
968 1344 1268 1410 διδάσκων;
1298 1328 1407 1399 Ποῦ
1448 1345 1504 1399 δὲ
1533 1346 1687 1418 παρά
1722 1348 1805 1401 σοὶ
1836 1366 1933 1402 πε-

346 1439 635 1510 πλήρωται
674 1437 754 1504 τὸ,
812 1437 951 1506 Περί
1003 1437 1124 1492 τῶν
1172 1438 1484 1507 παρθένων
1530 1439 1597 1493 δὲ
1645 1440 1936 1512 ἐπιταγὴν

348 1530 575 1599 Κυρίου
601 1531 709 1584 οὐκ
736 1528 853 1599 ἔχω
872 1544 887 1558 ο
923 1528 1168 1600 γνώμην
1197 1530 1265 1582 δὲ
1304 1530 1530 1600 δίδωμι,
1570 1532 1651 1598 ὡς
1679 1533 1935 1604 ἠλεημέ-

346 1638 462 1689 νος
491 1622 558 1676 τὸ
588 1621 779 1676 καλὸν
815 1621 1003 1687 οὕτως
1045 1621 1230 1675 εἶναι·
1263 1623 1357 1675 καὶ
1392 1622 1577 1675 πάλιν
1619 1623 1688 1677 Ἦ
1722 1625 1936 1693 παρθέ-

347 1731 461 1781 ⁴νος
484 1713 741 1784 μεριμνᾷ
768 1717 841 1768 τὰ
868 1713 973 1768 τοῦ
1017 1714 1258 1782 Κυρίου,
1290 1713 1417 1779 πῶς
1450 1713 1651 1783 ἀρέσει
1695 1716 1776 1782 τῷ
1820 1720 1937 1771 Κυ-

343 1804 478 1875 ρίῳ,
508 1806 609 1858 ἵνα
635 1799 678 1876 ᾖ
703 1805 842 1873 ἁγία
872 1804 942 1858 ἐν·
985 1802 1210 1874 σώματι
1240 1805 1334 1858 καί
1365 1806 1434 1858 ἐν
1466 1809 1795 1876 πνεύματι;
1826 1808 1935 1862 Καὶ

349 1897 500 1950 πόσα
542 1896 658 1949 ἐστὶ
693 1896 820 1965 περὶ
854 1893 1074 1964 ἁγνείας
1103 1897 1198 1948 καὶ
1227 1896 1553 1967 ἐγκρατείας
1587 1898 1682 1950 καὶ
1724 1897 1931 1969 παρθε-
1969 1888 2010 1942 Β

348 1987 476 2051 νίας
500 1987 711 2057 λέγεινε
745 1987 906 2060 Παρὰ
936 1988 1030 2041 σοῦ
1063 1987 1171 2061 γὰρ
1199 1989 1227 2040 ὁ
1257 1989 1364 2052 πᾶς
1391 1988 1651 2060 βόρϐορος
1677 1990 1775 2062 τῆς
1800 1992 1932 2045 ἀκα·

349 2079 584 2152 θαρσίας
606 2079 976 2151 ἀναισχύντως
1011 2078 1277 2151 ὁρίζεται.
1321 2079 1479 2133 ’Λλλὰ
1510 2080 1596 2134 διὰ
1642 2081 1749 2135 τῶν
1782 2082 1875 2137 δύο
1896 2084 1931 2155 ἢ

349 2171 522 2243 τριῶν
554 2171 758 2226 τούτων
803 2170 980 2243 ῥητῶν
1033 2171 1135 2241 τῆς
1188 2171 1594 2240 καταγελάστου
1648 2173 1930 2243 αἱρέσεως,

350 2263 493 2334 πρὸς
537 2262 847 2334 ἀνατροπὴν
891 2264 1002 2326 τοῖς
1055 2262 1472 2334 ἐντυγχάνουσιν
1515 2264 1543 2316 ὀ
1598 2264 1797 2332 σκοπὸς
1850 2269 1935 2321 ἐν-

349 2354 532 2409 ταῦθά
558 2373 646 2426 μοι
676 2354 1052 2427 παρακείσθω.

2032 621 2117 669 est
2147 612 2310 677 Deus,
2344 611 2523 679 Pater,
2544 614 2735 685 Filius,
2760 627 2814 672 et
2839 614 3077 688 Spiritus
3096 614 3343 685 sanctus,
3364 636 3609 690 personae

2035 715 2168 771 tres,
2204 720 2311 761 una
2340 706 2668 775 dominatio,
2692 708 2955 765 divinitas
2981 724 3117 777 una;
3150 725 3258 764 una
3290 710 3470 769 laudis
3493 728 3605 768 om-

2036 797 2216 863 nibus,
2251 798 2547 870 gloriaeque
2585 801 2900 871 praedicatio
2934 822 2947 857 :
2990 803 3218 871 proinde
3264 819 3609 875 nequaquam

1982 898 1989 909 ‘
2030 890 2216 959 plures
2248 890 2324 946 dii
2357 902 2504 947 sunt.
2542 892 2662 949 Iam
2696 894 2853 960 illud,
2888 895 3036 965 quod
3073 904 3401 966 usurpatum
3447 912 3478 951 a
3508 897 3613 953 Do-

2036 983 2184 1036 mino
2212 992 2316 1052 est,
2339 986 2612 1056 quomodo
2634 988 2739 1058 81
2771 994 2845 1053 te,
2879 985 3121 1052 Nicolae,
3147 989 3365 1045 tandem
3390 1000 3612 1044 auctore

2035 1072 2349 1141 perﬁcitur?
2385 1073 2518 1130 Esse
2547 1078 2816 1146 quosdam
2843 1076 3147 1143 eunuchos,
3179 1080 3271 1148 qui
3326 1079 3395 1135 ab
3435 1081 3610 1137 homi-

2036 1165 2202 1220 nibus
2233 1169 2458 1222 castrati
2488 1177 2655 1235 sunt;
2687 1175 2741 1223 et
2767 1168 2906 1224 alios
2935 1184 3056 1224 esse
3085 1171 3178 1240 qui
3209 1171 3347 1225 tales
3392 1185 3423 1224 a
3463 1172 3611 1226 nati-

2036 1256 2200 1313 vitate
2231 1258 2555 1327 prodierint.
2595 1260 2750 1315 Alios
2782 1260 3015 1330 denique
3049 1262 3139 1331 qui
3170 1277 3228 1316 se
3254 1261 3403 1332 regni
3444 1263 3612 1317 coale-

2037 1346 2138 1401 stis
2165 1362 2331 1402 causa
2360 1349 2725 1405 castraverint
2749 1351 2790 1404 ³.
2825 1349 2980 1417 Quod
3015 1352 3061 1405 si
3088 1335 3338 1407 nonnulli
3370 1353 3611 1409 caelestis

2037 1439 2189 1509 regni
2222 1439 2398 1509 gratia
2450 1439 2579 1495 facti
2630 1450 2760 1497 sunt
2797 1441 3058 1508 eunuchi,
3111 1457 3210 1496 cur
3239 1443 3611 1513 temetipsum,

2037 1539 2269 1602 tuosque
2300 1531 2604 1601 discipulos
2643 1532 2870 1588 libidine
2900 1549 2962 1589 ac
2997 1533 3300 1591 foedissima
3339 1535 3617 1605 voluptate

2038 1622 2277 1692 decipis,
2337 1624 2694 1695 divinamque
2746 1625 3033 1681 veritatem
3068 1640 3164 1696 per
3220 1642 3491 1682 summam
3532 1627 3615 1681 in-

2036 1715 2306 1788 justitiam
2336 1719 2598 1783 retines“,
2626 1720 2689 1771 ac'
2724 1732 3006 1788 perperam
3033 1718 3282 1773 docendo
3309 1718 3617 1789 depravas?

2040 1809 2189 1863 lstud
2217 1824 2379 1880 porro
2409 1826 2518 1880 quo
2548 1811 2768 1865 tandem
2802 1817 2963 1881 pacto
2989 1806 3132 1880 apud
3164 1820 3215 1865 te
3254 1812 3462 1881 geritur
3489 1831 3502 1866 :
3540 1810 3618 1866 De

2041 1900 2328 1970 virginibus
2363 1912 2682 1970 praeceptum
2716 1900 2931 1955 Domini
2964 1916 3067 1955 non
3087 1900 3295 1965 Jzabeo;
3336 1901 3617 1956 consilium

2042 2002 2217 2047 autem
2249 1991 2352 2059 do,
2414 2001 2662 2062 tanquam
2717 1992 3139 2046 misericordiam
3189 2004 3500 2049 consecutus
3543 1995 3621 2048 ita

2041 2086 2234 2159 bouum
2264 2086 2454 2153 esse“;
2491 2100 2556 2139 ac
2588 2101 2808 2141 rursum
2841 2105 2854 2141 :
2892 2085 3049 2156 Virgo
3092 2086 3323 2140 sollicita
3346 2096 3425 2141 est
3449 2086 3513 2141 de
3553 2088 3619 2140 iis

2040 2192 2157 2245 quae
2176 2182 2299 2228 sunt
2324 2172 2563 2240 Domini,
2603 2174 2863 2245 quomodo
2890 2174 3098 2243 placeat
3129 2175 3375 2242 Domino,
3409 2184 3617 2230 uisan-

2042 2280 2127 2322 cta
2154 2268 2225 2323 sit
2250 2282 2466 2336 corpore
2494 2283 2556 2321 ac
2602 2268 2794 2336 spiritu
2822 2266 2878 2319 6?
2904 2266 3078 2333 Quam
3120 2269 3293 2322 multa
3344 2267 3413 2323 de
3451 2269 3620 2322 casti-

2041 2368 2175 2426 tate,
2206 2359 2548 2416 continentia
2574 2374 2637 2414 ac
2670 2359 2988 2430 virginitate
3027 2359 3135 2414 diei
3188 2362 3453 2431 possunt!
3484 2357 3619 2415 Nam

351 2444 504 2518 apud
553 2455 603 2501 te
644 2445 975 2515 impuritatis
1017 2459 1180 2500 omne
1236 2460 1454 2501 omnum
1506 2446 1625 2502 sine
1672 2447 1882 2518 pudore
1929 2449 2253 2521 praefinitur.
2310 2447 2510 2504 Verum
2569 2447 2784 2504 duabus
2837 2448 2947 2505 illis
3000 2449 3251 2507 tribusve
3309 2450 3617 2516 sententiis,

351 2555 518 2613 quem
544 2539 673 2595 mihi
705 2555 931 2611 scopum
954 2539 1263 2597 evertenda:
1297 2540 1542 2596 ridicula:
1586 2541 1751 2613 hujus
1799 2555 1962 2604 sectae
1995 2547 2365 2620 praefixeram,
2418 2547 2687 2604 hactenus
2734 2547 3034 2604 lectoribus
3093 2546 3417 2618 exposuisse
3473 2543 3622 2600 sulli-

352 2637 486 2691 ciat.

426 2728 501 2780 Z'.
533 2726 743 2798 Προῖὼν
781 2725 837 2779 δὲ
881 2724 1115 2797 καθεξῆς
1148 2727 1246 2799 τὴν
1284 2727 1460 2800 τούτῳ
1500 2729 1940 2804 συνεζευγμένην

350 2818 594 2889 αἵρεσιν,
615 2817 802 2890 ὥσπερ
830 2820 1317 2892 χορτομανήσασαν
1350 2819 1482 2891 ὓλην
1508 2821 1543 2891 ἢ
1579 2820 1737 2887 δάσος
1770 2824 1940 2877 ἀκαν-

352 2908 468 2963 θῶν
499 2908 833 2980 πανταχόθεν
859 2910 1248 2982 συνηνωμένην
1284 2911 1328 2978 ¹,
1372 2911 1404 2982 ἢ
1434 2912 1937 2986 κατεξηραμμένην

353 3002 415 3053 ἐν
445 3000 601 3074 ἀγρῷ
630 3002 839 3071 πληθὺν
875 3000 1044 3068 ξύλων
1085 3020 1144 3056 τε
1180 3004 1271 3056 καὶ
1313 3004 1604 3075 φρυγάνων
1650 3008 1730 3070 εἰς
1776 3007 1942 3061 κατά-

355 3105 555 3142 καυσιν
596 3089 1027 3162 έτοιμαζομένην
1057 3091 1341 3160 ὑποδείξω,
1380 3092 1469 3147 διὰ
1498 3093 1558 3147 τὸ
1585 3097 1650 3166 τῇ
1691 3096 1828 3167 αὐτῇ
1859 3098 1945 3150 αἱ·

2120 2728 2225 2786 Vll.
2267 2729 2536 2801 Deinceps
2570 2731 2755 2802 itaque
2789 2729 3001 2787 affinem
3026 2729 3156 2785 huic
3187 2727 3444 2794 lueresiri,
3475 2729 3624 2783 velut

2045 2819 2412 2876 luxuriantem
2458 2823 2705 2887 herbam,
2760 2831 2856 2877 aut
2903 2822 3185 2893 spinarum
3236 2819 3622 2876 densissimam

2045 2911 2260 2981 c0piam
2304 2912 2547 2982 undique
2584 2913 2892 2980 collectam,
2934 2923 3028 2975 aut
3058 2914 3329 2983 lignorum
3366 2913 3422 2966 in
3463 2927 3618 2983 agro,

2043 3003 2516 3074 virgultorumque
2544 3005 2877 3061 desiceatam
2908 3008 3239 3078 congeriem,
3268 3016 3321 3062 et
3347 3008 3413 3062 ad
3438 3008 3627 3063 incen-

2046 3094 2196 3150 dium
2232 3104 2589 3166 praeparatam
2642 3098 2698 3152 in
2747 3098 2986 3154 medium
3030 3098 3329 3170 proferam,
3374 3116 3441 3155 eo
3479 3101 3623 3170 quod

358 3179 508 3251 ρέσει
529 3181 623 3233 τοῦ
646 3179 876 3234 ἐλεεινοῦ
909 3182 1197 3246 Νικολάου,
1234 3181 1422 3257 ὥσπερ
1451 3185 1518 3238 δι’
1548 3186 1943 3258 ἐγκεντρισμοῦ

2049 3185 2238 3241 eadem
2276 3186 2364 3240 illa
2396 3188 2596 3257 perditi
2624 3187 2834 3243 Nicolai
2865 3197 3035 3255 secta,
3068 3199 3326 3262 tanquam
3369 3192 3627 3249 insitione

354 3270 390 3343 ἢ
418 3272 611 3345 ψώρας
637 3274 856 3346 ἀγρίας,
889 3274 1144 3346 ῆλέπρας
1174 3275 1231 3343 ἐξ
1254 3275 1455 3348 ἐτέρων
1486 3278 1753 3349 σωμάτων
1782 3278 1947 3349 ἔτερα

358 3366 593 3437 σώματα
664 3367 1156 3442 παραφθείρεσθαι.
1204 3369 1360 3424 Οὕτω
1415 3372 1523 3425 ἀπὸ
1586 3373 1786 3445 μέρους
1839 3374 1947 3428 εἰσὶ

357 3457 733 3530 συνηνωμένοι
780 3460 828 3511 οἱ
873 3457 1153 3530 λεγόμενοι
1199 3460 1259 3527 ἐξ
1322 3461 1487 3515 αὐτοῦ
1544 3463 1639 3516 καὶ
1680 3463 1792 3517 τῶν
1841 3463 1948 3536 πρὸ

356 3548 551 3613 αὐτοῦ,
614 3550 857 3620 Σίμωνος
899 3547 956 3601 δέ
1002 3567 1164 3619 φημι,
1210 3551 1304 3603 καὶ
1341 3550 1450 3603 τῶν
1479 3551 1653 3605 ἄλλων
1693 3552 1949 3616 λαϐόντες

356 3643 462 3706 τὰς
496 3628 797 3714 προφάσεις
843 3642 1138 3696 Γνωστικοὶ
1189 3642 1532 3714 καλούμενοι,
1574 3644 1948 3712 κατάγνυσι-οι

356 3733 420 3788 δὲ
458 3733 517 3787 τὸ
556 3735 662 3787 πᾶν
684 3734 771 3787 διὰ
805 3733 903 3805 τὴν
933 3733 990 3787 ἐν
1018 3737 1129 3798 τοῖς
1156 3733 1446 3806 πράγμασι
1488 3737 1589 3807 τῆς
1634 3734 1948 3807 ἀκαθάρτου

360 3825 631 3897 ἐργασίας
678 3825 856 3880 αὐτῶν
899 3824 1199 3898 μοχθηρίαν
1239 3827 1335 3880 καὶ
1391 3826 1806 3898 αἰσχρουργίαν.
1860 3827 1949 3890 Ὠς

360 3916 583 3987 ἀληθῶς
618 3916 727 3988 γὰρ
763 3917 858 3971 καὶ¹
893 3916 1081 3983 τοῦτον
1113 3916 1251 3988 πρὸς
1281 3916 1462 3987 ὀλίγον
1495 3916 1948 3988 ἐγκρατευσάμε-

359 4027 476 4074 νον,
505 4007 624 4066 εἶτα
649 4013 962 4084 ἀπορτάντα
998 4013 1097 4084 τῆς
1138 4013 1486 4085 ἐγκρατείας,
1510 4012 1666 4084 δίκην
1700 4012 1950 4084 ὕδρωπος

359 4103 464 4160 τοῦ
517 4102 748 4176 ἑρπετοῦ
804 4102 1143 4174 καλουμένου
1195 4103 1254 4170 ἐξ
1296 4103 1504 4158 ὐδάτων
1542 4105 1621 4168 εἰς
1659 4104 1763 4172 γῆν
1794 4102 1951 4157 ἀνελ-

361 4196 573 4260 θόντος,
607 4197 702 4249 καὶ
734 4197 814 4259 είς
841 4194 987 4267 ὕδωρ
1028 4191 1184 4259 αὖθις
1225 4195 1682 4268 ἀναστρέψαντος.
1717 4194 1952 4265 καλάμῳ

360 4288 447 4359 τῷ
476 4289 533 4340 ἐν
551 4287 693 4359 χειρὶ
714 4287 917 4341 δοθέντι
943 4285 1176 4359 Χριστοῦ
1204 4287 1498 4351 παίσαντες
1523 4287 1618 4342 καὶ
1643 4286 1949 4351 ὀλέσαντες,

361 4380 464 4437 ἐπὶ
490 4379 588 4446 τὰς
611 4379 736 4451 ἑξῆς
766 4379 1007 4453 αἱρέσεις
1043 4379 1367 4449 βαδίσωμεν.

460 4669 650 4723 ΚΑΤΑ
687 4669 825 4721 ΤΩΝ
865 4670 1283 4723 ΛΕΓΟΜΕΝΩΝ
1318 4670 1429 4741 (68)
1462 4673 1851 4728 ΓΝΩΣΤΙΚΩΝ

723 4761 928 4837 ’Ἐλιτή²
960 4762 999 4830 ἡ
1022 4762 1116 4815 καὶ
1156 4764 1400 4830 εἰκοστὴ
1420 4763 1587 4829 ἕκτη.

442 4871 519 4927 Δ“.
558 4872 726 4928 Πάλιν
754 4868 897 4928 οὗτοι
922 4875 971 4927 οἱ
1009 4875 1046 4926 Γ
1050 4857 1302 4928 νωστικοὶ
1332 4875 1603 4947 διαφόρως
1627 4877 1734 4930 ἀπὸ
1764 4860 1955 4930 τούτου

2047 3276 2307 3347 quadam,
2341 3278 2449 3347 vel.
2469 3279 2652 3349 potius
2683 3280 2762 3334 uti
2807 3278 2934 3335 ferae
2970 3282 3174 3337 scabiei
3209 3297 3272 3337 ac
3304 3283 3466 3353 leprae
3493 3299 3628 3338 con-

2048 3369 2266 3438 tagione
2295 3369 2399 3423 alia
2436 3384 2501 3425 ex
2535 3370 2658 3425 aliis
2689 3385 2945 3441 corpora,
2978 3371 3059 3427 sic
3091 3372 3374 3426 hominum
3411 3380 3625 3428 tentan-

2049 3467 2139 3513 tur
2166 3474 2230 3514 ac
2260 3472 2690 3530 corrumpuntur
2716 3461 2907 3517 animi.
2940 3460 3055 3516 Hoc
3095 3461 3282 3531 itaque
3314 3462 3475 3516 modo
3501 3476 3625 3515 cum

2050 3552 2333 3623 superiore
2368 3552 2563 3608 haeresi
2594 3553 2877 3609 cohaerens
2918 3569 2984 3608 ex
3026 3554 3209 3624 aliqua
3256 3538 3432 3624 parte,
3472 3551 3629 3624 quia

2009 3677 2013 3680 ~
2049 3644 2277 3699 Nieolao
2323 3644 2462 3714 ipso,
2507 3646 2737 3721 ejusque
2791 3647 3260 3711 antecessoribus,
3304 3646 3527 3701 Simone
3563 3657 3629 3698 ac

2051 3736 2266 3791 ueteris
2293 3737 2640 3792 occasionem
2668 3736 2817 3791 nacti
2846 3735 3095 3792 Gnostici
3127 3740 3502 3803 nominantur,
3532 3749 3632 3788 κα-

2049 3828 2370 3897 τάγνωστοι,
2404 3827 2508 3882 hoc
2536 3835 2620 3882 est
2661 3826 2958 3882 damnandi
2999 3829 3242 3899 penitus,
3268 3839 3489 3900 propter
3523 3832 3629 3886 im-

2052 3920 2338 3988 purissimi
2374 3919 2563 3991 ﬂagitii
2594 3921 2740 3991 quod
2774 3933 3093 3991 perpetrare
3124 3923 3304 3978 solent
3336 3925 3633 3994 turpitudi-

2051 4028 2176 4069 nem
2208 4027 2273 4068 ac
2291 3998 2617 4079 nequitiam.
2643 4011 3014 4079 Quamobrem
3042 4030 3164 4070 cum
3193 4030 3299 4072 nos
3325 4017 3479 4072 illum
3510 4018 3633 4074 hae-

2053 4113 2219 4158 tenus
2255 4102 2613 4157 continentiae
2653 4102 2720 4156 ad
2768 4102 2933 4159 breve
2976 4112 3194 4174 tempus
3234 4105 3524 4174 cultorem,
3569 4121 3636 4162 ac

2053 4191 2293 4249 Subinde
2320 4192 2682 4256 desertorem,
2707 4199 2762 4246 et
2787 4191 3051 4263 hydropis
3076 4193 3310 4248 similem
3333 4195 3500 4263 (quod
3523 4210 3634 4250 ser-

2054 4284 2236 4356 pentis
2264 4297 2439 4355 genus
2468 4298 2534 4338 ex
2569 4283 2732 4353 aquis
2763 4282 2816 4337 in
2854 4290 3055 4340 terram
3086 4286 3333 4356 emergit,
3361 4294 3415 4341 et
3442 4287 3630 4342 eodem

2057 4384 2246 4447 postea
2282 4391 2341 4432 se
2378 4374 2618 4445 recipit),
2652 4374 2884 4439 calamo,
2927 4375 3023 4444 qui
3065 4374 3287 4431 Christo
3309 4376 3363 4431 in
3411 4392 3633 4432 manum

2055 4469 2294 4524 traditus
2322 4475 2429 4533 est,
2473 4481 2794 4538 percussqu
2828 4465 3253 4530 confecerimus,
3296 4469 3539 4539 reliquas
3568 4472 3633 4527 ad

1986 4537 2029 4592 θ
2058 4560 2294 4617 haereses
2328 4560 2635 4614 orationem
2667 4568 2912 4615 nostram
2944 4562 3413 4629 promovebimus.

2258 4686 2265 4691 '
2362 4675 2472 4745 82
2511 4673 2882 4730 ADVERSUS
2920 4673 3323 4742 GNOSTICOS,

2331 4766 2463 4832 Qum
2510 4774 2589 4820 est
2634 4766 2850 4821 hwresis
2896 4764 2967 4821 Vl
3005 4768 3111 4821 sive
3168 4766 3381 4822 XXVI.

2136 4882 2175 4932 l.
2222 4879 2460 4934 Rursum
2496 4878 2748 4935 Gnostici
2799 4881 2888 4936 isti
2934 4880 3086 4936 varie
3128 4881 3197 4936 ab
3233 4881 3328 4935 illo
3355 4883 3636 4954 propagat!

447 5049 465 5080 ⁸
494 5046 632 5119 Lege
677 5048 922 5119 γενετῆς.
1000 5049 1020 5078 ¹
1058 5047 1117 5102 F.
1154 5050 1550 5119 συνηνωμένον.
1629 5051 1650 5081 ³
1681 5050 1870 5104 Matth.
1906 5068 1934 5105 x

2064 5052 2147 5106 l2.
2248 5053 2268 5084 ⁸
2298 5051 2459 5109 Rom.
2499 5069 2535 5117 ι,
2568 5054 2654 5109 18.
2742 5055 2763 5085 ⁵
2794 5053 2813 5106 l
2843 5052 2970 5109 Cor.
3006 5070 3106 5118 vn,
3138 5054 3228 5108 ‘25.
3328 5055 3349 5086 ⁸
3383 5056 3513 5111 ibid.
3547 5057 3636 5109 3i.

445 5205 571 5288 (68).
596 5203 980 5288 ιῖνωστικῶος.
1007 5203 1389 5260 Gnosticorum
1430 5198 1943 5288 appellatio,_qt_tam

2050 5209 2315 5282 inprimis
2342 5224 2440 5271 vu,
2488 5209 2556 5265 de
2578 5208 2858 5282 Gnostieis
2885 5221 2939 5265 et
2969 5214 3244 5282 γνωστικῇ
3278 5210 3503 5282 δυνάμει
3532 5215 3643 5280 plu-

368 5267 731 5352 impurissimi
797 5274 1178 5352 haareticorum
1245 5267 1612 5352 usurparunt,
1684 5267 1943 5332 eximium
2048 5267 2203 5352 rillus
2233 5267 2512 5352 disputat:
2536 5279 2695 5352 cujus
2724 5280 2850 5352 τρία
2871 5267 2994 5352 esse
3026 5280 3161 5335 dicit
3182 5267 3639 5352 ἀποτελέσματαε

368 5345 662 5418 quemdam
702 5353 865 5418 atque
903 5347 1231 5418 exquisitum
1268 5345 1434 5418 animi
1470 5356 1692 5418 statum,
1730 5360 1793 5400 ac
1822 5362 1958 5418 san-

368 5415 578 5477 étitatis
608 5416 900 5484 significat,
924 5426 988 5484 ut
1006 5431 1074 5484 ex
1101 5415 1467 5470 Alexandrino
1495 5415 1775 5470 Clemente
1802 5416 1951 5470 aliis-

417 5502 485 5539 ue
519 5483 773 5556 colligere
801 5486 955 5556 licet,
979 5483 1111 5539 Nam
1143 5486 1284 5554 apud
1316 5486 1466 5556 illum
1504 5500 1518 5537 I
1553 5485 1790 5556 Pazdag..
1825 5501 1947 5555 cap.

418 5596 434 5617 ,
459 5553 808 5624 opponuntur
829 5555 880 5607 οἱ
917 5554 1209 5609 Γνωστικοὶ
1240 5558 1352 5621 τοῖς
1389 5553 1657 5624 ψυχικοῖς,
1688 5553 1737 5610 ei
1788 5553 1953 5607 πνευ-

376 5625 601 5696 ματικοί
631 5632 912 5696 vocantur.
931 5624 1060 5696 cex
1102 5625 1211 5695 ἄρα
1233 5628 1297 5696 οἱ
1334 5625 1433 5696 μὲν
1465 5624 1860 5696 Γνωστικοὶηοί
1897 5624 1954 5678 δὲ

373 5694 596 5765 ψυχικοί
623 5696 681 5747 ἐν
711 5694 860 5764 αὐτῷ
884 5694 963 5763 τῷ
990 5693 1165 5765 λόγῳ)
1196 5695 1310 5748 ἀλλ’
1336 5693 1385 5748 οἱ
1433 5694 1633 5765 πάντες
1678 5693 1951 5765 ἀποθέμεέ

374 5781 461 5819 νοι
482 5764 583 5827 τὰς
602 5767 879 5833 σαρκικάς
910 5764 1240 5833 ἐπιθυμίας,
1291 5765 1415 5826 ἴσοι,
1455 5764 1550 5816 καὶ
1596 5764 1954 5832 πνευματικοὶ

376 5781 461 5819 νοι
484 5780 583 5827 τας
612 5780 679 5816 σα

376 5834 530 5906 παρά
557 5832 635 5886 τῶ
656 5780 717 5888 lg

711 5925 977 5985 Ριτιιοι..
1011 5924 1127 5985 (in.
1173 5923 1331 5983 XLI.

709 5834 866 5905 υρίῳ.
897 5832 1000 5887 Sed
1030 5832 1086 5886 in
1123 5834 1244 5887 aliis
1270 5833 1658 5903 Στρωματέων
1697 5833 1871 5895 libris,
1904 5842 1956 5887 et

2052 5349 2307 5421 nimirum
2348 5348 2411 5421 τὸ
2446 5349 2735 5421 γινώσκειν
2764 5348 2842 5403 ’τὰ
2887 5351 3222 5421 πράγματα’
3275 5348 3547 5421 δεύτερον,
3585 5355 3646 5408 τὸ

2052 5417 2318 5493 ἐπιτελεῖν
2342 5419 2370 5471 ὃ
2404 5436 2468 5493 τι⁸
2490 5417 2564 5493 ,ἂν
2595 5418 2810 5493 eam;
2853 5417 3199 5493 ὑπαγρρεύῃ·
3233 5423 3327 5475 καὶ
3353 5417 3552 5493 λτρίτον
3585 5433 3647 5478 το

2054 5488 2408 5563 παραδιδόναι
2446 5487 2704 5563 δύνασθαι
2727 5478 3061 5563 ξθεοπρεπῶξ
3103 5478 3180 5563 1ςᾶΔ
3224 5478 3470 5563 παράντῇ
3515 5494 3647 5562 ἀλη-

2052 5557 2180 5629 θεία
2206 5559 2681 5629 ἐπικεκρυμμένα.
2718 5557 2898 5623 Quare
2937 5558 3183 5615 Gnostici
3224 5557 3354 5615 sunt
3384 5557 3645 5621 Mka

2058 5627 2297 5696 perfccm
2328 5627 2684 5697 ac'siiigttlari
2713 5629 2945 5695 quadam
2980 5630 3205 5694 virtute,
3238 5646 3299 5686 ac
3333 5631 3643 5685 divinarum

2064 5712 2242 5770 rerum
2270 5697 2496 5752 scientia
2520 5696 2770 5770 praediti;
2794 5714 2911 5770 _n_ec_
2935 5714 2998 5753 ea
3027 5699 3249 5770 quidem
3282 5702 3514 5770 vulgari,
3551 5702 3645 5770 se]

2064 5768 2314 5839 abstrusa
2350 5783 2414 5839 ac
2449 5765 2748 5821 recondita.
2794 5765 2950 5822 Unde
2997 5765 3091 5839 qui
3133 5786 3165 5823 τι
3209 5765 3450 5835 Νἱροιεῐο,
3490 5769 3645 5824 Basi-

2066 5837 2169 5891 lidc
2206 5838 2526 5907 exterisque
2575 5839 2855 5909 propagati
2893 5837 3121 5895 arcanas
3154 5840 3419 5909 quasdam
3446 5852 3641 5917 nugas,

3296 5930 3363 5989 11
