4022 6444
294 378 402 436 353

899 374 1272 433 ADVERSUS
1302 373 1645 433 HJERESES
1683 372 1792 429 LIB
1830 375 1867 430 Ι.
1912 370 2074 428 TOM.
2112 370 2177 430 ll.
2204 402 2269 415 —
2313 372 2587 430 lleRES.
2621 371 2808 428 XXVI.

3461 370 3568 430 εει

294 495 454 561 αὖθις
482 464 933 569 προσφερόμενοι.
966 497 1071 562 ὅτι,
1106 497 1364 561 πολλάκις
1398 496 1697 568 βουλομένη
1746 495 1881 566 μετὰ

1987 508 2109 548 cum
2135 494 2342 549 Noemo
2362 502 2607 565 cuperet,
2638 506 2919 563 nunquam
2947 491 2998 546 id
3023 490 3073 547 ei
3100 492 3426 562 permissum
3450 503 3568 558 est;

292 588 392 643 τοῦ
451 587 575 641 Νῶε
628 590 687 641 ἐν
718 590 785 661 τῇ
842 587 1061 658 κιϐωτῷ
1089 588 1364 656 γενέσθαι,
1390 589 1450 641 ού
1498 589 1877 660 συνεχωρεῖτο,

296 679 391 735 τοῦ
421 681 702 753 ἄρχοντος.
741 681 894 748 φασὶ,
926 680 1021 734 τοῦ
1058 680 1152 734 τὸν
1187 679 1390 750 κόσμον
1432 680 1719 742 κτίσαντος
1754 677 1879 749 βου-

294 751 529 843 λομένου
568 770 736 843 αὐτὴν
758 769 1031 826 ’ἀπολέσαι
1083 771 1181 824 σὺν
1232 772 1342 833 τοῖς
1371 768 1552 833 ἄλλοις
1584 768 1788 823 ἅπασιν
1821 751 1899 822 ἐν’

294 863 375 934 τῷ
436 862 827 934 κατακλυσμῷ.
875 862 1054 933 Αὐτὴν
1097 860 1156 916 δέ
1192 878 1355 932 φασιν
1387 860 1795 927 ἐπικαθιζάνειν
1824 863 1882 914 ἐν

294 956 362 1024 τῇ
394 953 648 1025 λάρνακι,
683 954 1077 1025 καὶέμπιπρᾷν
1107 953 1275 1024 αὐτὴν
1305 952 1403 1024 οὐχ
1423 952 1591 1017 ἅπαξ,
1620 952 1744 1006 οὒδέ
1776 952 1880 1016 δὶς,

295 1043 438 1096 ἀλλὰ
476 1042 756 1107 πολλάκις,
804 1043 900 1096 καὶ
934 1042 1168 1114 πρῶτον,
1200 1041 1295 1095 καὶ
1325 1040 1596 1113 δεύτερον,
1641 1030 1736 1094 καὶ
1765 1040 1885 1112 τρί-

296 1155 414 1191 τον.
449 1136 614 1190 Ὅθεν
658 1135 724 1207 δὴ
773 1137 854 1199 εἰς
881 1133 975 1204 ἔτη
1002 1133 1173 1189 πολλὰ
1211 1133 1476 1204 ἐλήλακεν
1517 1134 1551 1204 ἡ
1583 1132 1684 1203 τῆς
1714 1131 1882 1186 αὑτοῦ

296 1229 394 1283 τοῦ
422 1228 546 1282 Νῶε
579 1228 845 1300 λάρνακος
872 1226 1205 1296 κατασκευὴ,
1234 1225 1321 1279 διὰ
1348 1226 1407 1278 τὺ
1435 1224 1693 1288 πολλάκις
1713 1224 1882 1296 αὐτὴν

298 1321 393 1375 ὑπ’
452 1321 625 1390 αὐτῆς
675 1317 1085 1391 ἐμπεπρῆσθαι.
1118 1313 1228 1370 Ἦν
1278 1316 1409 1388 γὰρ,
1467 1317 1652 1385 φασὶν,
1695 1318 1723 1370 ὁ
1760 1315 1883 1369 Νῶε

297 1412 626 1484 πειθόμενος
654 1410 733 1482 τῷ
770 1409 1023 1480 ἄρχοντι·
1060 1413 1093 1481 ὴ
1133 1409 1189 1462 δὲ
1222 1409 1413 1481 Νωρία
1442 1407 1762 1480 ἀπεκάλυψε
1784 1406 1883 1472 τὰς

295 1506 415 1560 ἄνω
460 1504 717 1574 δυνάμεις
756 1504 849 1557 καὶ
882 1503 978 1574 τὴν
1023 1501 1132 1556 ἀπὸ
1169 1501 1277 1555 τῶν
1304 1501 1586 1571 δυνάμεων
1618 1498 1885 1572 Βαρϐηλὼ

296 1594 399 1670 τῆν
417 1596 739 1651 ὑπεναντίαν
762 1595 838 1666 τῷ
864 1594 1106 1666 ἄρχοντι,
1124 1593 1200 1657 ὡς
1219 1592 1315 1646 καὶ
1343 1592 1399 1646 αί
1422 1591 1579 1644 ἄλλαι
1602 1590 1880 1662 δυνάμεις*

297 1689 397 1743 καὶ
431 1688 743 1757 ὑπέφαινεν,
768 1688 850 1741 ὅτι
870 1686 935 1757 δὴ
965 1688 979 1717 ¹
1001 1686 1070 1739 τὰ
1095 1684 1395 1756 συληθέντα
1421 1682 1529 1737 ἀπὸ
1548 1683 1650 1754 τῆς
1678 1683 1884 1740 ἄνωθεν

301 1779 510 1851 μητρὸς
539 1777 628 1832 διὰ
649 1776 743 1831 τοῦ
766 1779 1021 1850 ἄρχοντος
1045 1774 1139 1829 τοῦ
1156 1775 1246 1828 τὸν
1271 1774 1478 1846 κόσμον
1499 1774 1881 1845 πεποιηκότος,

1982 584 2129 654 quod
2159 600 2282 639 eam
2324 586 2580 656 princeps
2611 584 2800 640 mundi
2831 584 3084 639 conditor
3109 599 3220 638 una
3258 599 3383 638 cum
3414 592 3569 639 πιείρ-

1982 677 2061 731 ris
2109 678 2371 733 omnibus
2419 679 2631 733 diluvio
2663 679 2828 733 vellet
2870 678 3243 747 exstinguere.
3283 675 3424 747 Ergo
3453 677 3569 731 haec

1983 768 2233 825 insidens
2258 785 2402 824 arcte
2444 785 2555 825 non
2598 771 2768 826 semel
2808 785 2874 825 ac
2912 769 3177 833 secundo,
3217 769 3312 827 sed
3344 770 3568 839 saepius.

1983 861 2231 932 adeoque
2260 861 2426 916 tertio
2477 861 2626 915 illam
2678 860 2943 915 incendit.
2977 859 3098 926 Quo
3133 859 3337 915 factum
3366 868 3472 925 est,
3508 870 3569 914 ut

1983 951 2050 1007 ad
2081 952 2393 1022 complures
2433 967 2607 1008 annos
2638 968 2668 1006 a
2708 951 2916 1008 Noemo
2957 952 3073 1006 lure
3105 966 3246 1007 arcae
3287 959 3568 1009 structura

1982 1055 2275 1115 prorogata
2309 1043 2495 1108 fuerit,
2541 1059 2668 1098 cum
2697 1045 2766 1098 ab
2796 1044 2888 1098 illa
2929 1045 3132 1115 saepius
3170 1051 3318 1100 esset
3347 1051 3565 1099 exusta.

1986 1127 2267 1209 Siquidem
2302 1126 2542 1195 Noemus
2570 1138 2808 1209 principi
2838 1154 2899 1195 se
2927 1139 3320 1209 obsequentem
3347 1146 3573 1207 praesta-

1982 1231 2107 1297 bat;
2129 1229 2295 1285 Noria
2319 1246 2451 1287 vero
2476 1246 2706 1297 superas
2733 1231 2985 1296 virtutes,
3006 1240 3059 1286 et
3082 1231 3151 1286 ab
3172 1231 3239 1286 iis
3265 1229 3566 1301 profectam

1984 1321 2348 1379 Barbelonem
2401 1324 2638 1394 principi
2688 1324 3021 1379 contrariam
3066 1323 3352 1385 indicavit,
3385 1337 3571 1393 quem.

1985 1416 2280 1472 admodum
2310 1423 2365 1471 et
2399 1417 2522 1471 aliae
2561 1415 2741 1471 fecere
2769 1414 3005 1470 virtutes
3034 1435 3047 1469 :
3076 1421 3241 1485 atque
3266 1414 3400 1468 illud
3434 1428 3571 1483 prae-

1976 1494 2134 1563 terea
2181 1508 2416 1564 docuit:
2468 1515 2725 1580 oportere
2775 1522 2896 1577 quae
2947 1521 3220 1577 supremae
3273 1504 3493 1561 Parenti
3538 1519 3569 1558 a

1986 1598 2275 1654 conditore
2308 1599 2499 1654 mundi
2530 1599 2804 1671 principe,
2840 1614 2906 1654 ac
2945 1599 3172 1668 reliquis
3200 1600 3293 1668 qui
3336 1612 3462 1652 cum
3504 1611 3571 1650 eo

1988 1696 2120 1771 sunt
2151 1689 2258 1745 diis
2291 1699 2456 1761 atque
2484 1691 2717 1762 angelis,
2746 1697 2802 1746 et
2836 1690 3179 1746 darmonibus
3208 1695 3394 1760 erepta
3419 1696 3569 1752 sunt,

1988 1798 2055 1837 ex
2092 1781 2257 1838 insita
2287 1798 2585 1853 corporum
2633 1783 2685 1838 vi
2732 1798 2833 1854 per
2875 1784 3113 1838 marium
3150 1798 3213 1838 ac
3242 1782 3570 1838 feminarum
3666 1810 3681 1826 ο

299 1872 401 1928 καὶ
434 1871 544 1926 τῶν
564 1871 739 1926 ἄλλων
785 1870 893 1924 τῶν
930 1871 1027 1923 σὺν
1059 1868 1208 1940 αὐτῷ
1232 1867 1371 1921 θεῶν
1402 1884 1462 1921 τε
1511 1867 1606 1920 καὶ
1638 1866 1883 1936 ἀγγέλων

1989 1872 2252 1941 proﬂuvia
2277 1874 2553 1944 colligere.

298 1967 400 2021 καὶ
455 1965 726 2036 δαιμόνων
792 1963 1065 2034 συλλέγειν
1120 1961 1229 2016 άπὸ
1272 1962 1373 2033 τῆς
1421 1962 1480 2014 ὲν
1550 1963 1665 2025 τοῖς
1724 1953 1945 2033 σώμασί
1970 1966 2252 2039 δυνάμεως
2291 1966 2383 2023 διά
2426 1967 2527 2038 τῆς
2572 1969 2873 2041 ἀπορροίας
2929 1967 3173 2040 ἀρρένων
3202 1981 3265 2019 τε
3305 1964 3401 2019 καὶ
3466 1962 3571 2034 θη-

250 2093 271 2105 .
297 2074 480 2111 Αειων.

372 2171 449 2224 B'.
492 2169 605 2223 Καὶ
662 2167 848 2233 ἁπλῶς
878 2165 1163 2238 περικακῶ
1204 2166 1305 2237 τὴν
1334 2167 1515 2220 πᾶσαν
1542 2164 1746 2219 τούτων
1789 2162 1882 2217 τοῦ

300 2262 532 2323 σκότους
577 2261 824 2331 πήρωσιν
873 2256 1257 2312 ὑποδεικνύων.
1328 2256 1504 2310 Πολὺν
1549 2256 1659 2327 γάρ
1695 2255 1885 2328 χρόνον

297 2349 647 2420 άναλώσαιμι
692 2349 780 2412 ἂν,
814 2349 861 2400 εἰ
893 2346 1148 2401 ἐνταῦθεν
1184 2347 1285 2417 τὴν
1315 2348 1443 2421 περ)⁸
1498 2347 1705 2400 τούτων
1734 2338 1885 2415 γενο-

304 2443 479 2513 μένην
538 2441 789 2505 σύνταξιν
848 2440 1091 2510 ἐθελήσω
1145 2438 1563 2509 λεπτολογῆσαι,
1594 2438 1663 2492 τά
1707 2437 1885 2493 ἄτοπα

298 2535 483 2591 αὐτῶν
542 2535 638 2604 τῆς
687 2531 1036 2604 ψευδωνύμου
1089 2530 1343 2600 γνώσεως
1409 2530 1714 2602 διδάγματα
1760 2530 1882 2584 καθ’

298 2629 541 2699 ἑκάστην
578 2624 971 2697 ὑφηγούμενος.
1007 2622 1191 2677 Ἀλλοι
1211 2622 1268 2676 δέ
1297 2622 1356 2688 ἐξ
1387 2622 1587 2688 αὐτῶν,
1613 2621 1884 2694 διαφόρως

300 2720 466 2774 πάλιν
502 2716 959 2787 ἐπεντριϐόμενοι,
993 2714 1091 2778 τάς
1123 2731 1182 2768 τε
1210 2713 1360 2784 ὄψεις
1397 2712 1577 2767 αὐτῶν
1607 2714 1626 2744 ³
1662 2713 1884 2785 κρούον-

297 2830 413 2876 τες,
451 2811 543 2864 καὶ
570 2807 1047 2881 περικρουόμενον,
1087 2805 1414 2876 Βαρκαὸὅᾶν
1445 2822 1568 2858 τινα
1597 2805 1883 2875 προφήτην

299 2901 747 2974 παρεισάγουσιν,
805 2899 952 2964 ἄξιον
1005 2895 1098 2951 τοῦ
1150 2896 1330 2950 αὐτῶν
1371 2895 1653 2967 ὀνόματος.
1684 2894 1883 2948 Καὸϐᾶ

296 2997 411 3067 γὰρ
446 2994 809 3067 ἑρμηνεύεται
870 2992 982 3063 (71)
1017 2989 1263 3059 πορνεία
1310 2987 1450 3043 κατὰ
1488 2988 1585 3060 τὴν
1610 2987 1884 3059 Συριακὴν

296 3089 602 3150 διάλεκτον,
634 3085 997 3156 φονοκτονία
1028 3084 1086 3138 δὲ
1126 3083 1266 3138 κατὰ
1292 3083 1393 3153 τὴν
1421 3080 1736 3153 Ἑϐραῖκήν.
1772 3080 1883 3134 Καὶ

2055 2156 2121 2218 ll.
2150 2164 2352 2235 Atque,
2385 2172 2445 2221 ut
2466 2182 2575 2223 uno
2601 2166 2771 2223 verbo
2804 2166 3007 2234 dicam,
3042 2167 3188 2238 piget
3222 2181 3311 2225 me
3337 2183 3561 2225 omnem

1984 2252 2203 2308 illorum
2273 2256 2542 2313 caecitatis
2606 2258 2896 2330 caliginem
2963 2257 3219 2314 oratione
3286 2260 3568 2330 persequi.

1988 2344 2217 2401 Multum
2249 2348 2394 2402 enim
2430 2350 2821 2405 insumendum
2845 2351 2951 2406 erit
2972 2351 3258 2422 temporis,
3287 2354 3331 2409 si
3352 2353 3572 2414 univer-

1987 2452 2104 2492 sam
2144 2439 2340 2495 horum
2380 2440 2763 2513 ﬁgmentorum
2804 2442 2874 2497 ab
2922 2443 3030 2498 illis
3071 2444 3455 2503 concinnatam
3491 2463 3571 2504 se-

1989 2529 2124 2583 riem
2148 2529 2253 2584 hoc
2278 2530 2400 2585 loco
2427 2531 2744 2604 diligentius
2766 2533 3046 2604 explicare
3073 2536 3323 2599 voluero,
3349 2520 3403 2592 et
3426 2554 3569 2593 com-

1992 2620 2256 2676 mentitiae
2289 2621 2507 2676 illorum
2543 2623 2875 2693 cognitionis
2918 2625 3157 2680 absurda
3210 2625 3466 2698 dogmata
3504 2631 3572 2686 si-

1989 2710 2219 2780 gillatim
2276 2726 2606 2784 proponere.
2654 2714 2761 2769 Alii
2809 2728 2975 2785 porro
3021 2717 3172 2773 varie
3230 2719 3300 2774 ab
3349 2720 3458 2775 illis
3503 2722 3570 2776 ad

1988 2814 2335 2859 communem
2370 2806 2668 2875 perniciem
2698 2808 2901 2874 exorti,
2939 2815 2993 2864 et
3034 2809 3365 2866 intuentium
3396 2813 3571 2868 oculis

1991 2893 2283 2965 praestigiis
2330 2897 2648 2969 illudentes,
2689 2908 2744 2955 et
2793 2899 3012 2970 ipSimet
3060 2901 3207 2957 illusi
3250 2902 3571 2959 Barcabban

1989 2984 2177 3039 nescio
2210 3000 2372 3055 quem
2402 2989 2726 3058 prophetam
2757 2991 3045 3061 objiciunt,
3081 3009 3180 3049 sua
3213 2996 3304 3050 illa
3340 2999 3573 3067 appella-

1989 3076 2137 3131 tione
2175 3078 2424 3148 dignum.
2456 3079 2641 3135 Cahba
2669 3082 2816 3136 enim
2855 3081 3080 3154 Syriaca
3105 3086 3290 3158 lingua
3328 3098 3571 3159 stuprum

297 3182 464 3237 πάλιν
476 3178 831 3253 ἑρμηνεύεται
852 3176 1098 3246 τετάρτη
1111 3177 1290 3246 μοῖρα
1304 3175 1398 3228 τοῦ
1428 3173 1650 3245 μέτρου.
1672 3172 1883 3244 Χλεύης

1989 3167 2295 3237 significat;
2339 3169 2606 3227 Ilebraice
2664 3173 3035 3237 parricidium.
3076 3176 3182 3232 Sed
3218 3187 3273 3233 et
3310 3196 3572 3235 mensum

298 3274 357 3328 δὲ
388 3273 483 3327 καὶ
509 3272 741 3341 γέλωτος
779 3269 839 3324 τὸ
884 3268 1143 3333 τοιοῦτον,
1189 3262 1387 3339 μᾶλλον
1424 3266 1482 3320 δὲ
1526 3263 1884 3338 σχετλιασμοῦ

297 3367 452 3431 ἄξιον
472 3365 630 3435 ,παρᾶ
674 3365 789 3427 τοῖς
836 3361 896 3416 τὸ
933 3362 1104 3433 ὄνομα
1136 3361 1295 3414 τοῦτο
1325 3358 1711 3429 ἐπισταμένοις
1745 3357 1888 3412 κατὰ

295 3459 403 3523 τὰς
467 3458 602 3520 ἰδίας
652 3453 924 3524 γλώσσας.
954 3453 1183 3525 Φέρουσι
1228 3451 1285 3511 δὲ
1319 3452 1453 3522 ἡμῖν
1478 3450 1541 3503 ἐκ
1571 3447 1759 3501 τούτου
1790 3447 1883 3501 τοῦ

300 3550 755 3623 θαυμασιωτάτου
801 3548 1079 3620 προφήτου
1130 3546 1377 3617 διήγησιν
1431 3543 1695 3613 αἰσχρὰν,
1738 3542 1887 3604 ὅπως

300 3643 650 3717 φθοριμαίοις
684 3639 899 3711 σώμασι
948 3637 1247 3709 πλησιάσαι
1291 3634 1623 3705 πεισθῶμεν,
1656 3632 1749 3686 καὶ
1789 3632 1888 3703 τῆς

296 3734 508 3792 ἄνωθεν
530 3733 742 3795 ἐλπίδος
766 3729 1110 3801 ἐκπέσωμεν,
1141 3728 1242 3782 οὐκ
1286 3724 1666 3796 αἰσχυνόμενοι
1703 3723 1889 3785 αὐτοῖς

297 3829 415 3891 τοῖς
445 3826 651 3898 ῥήμασι
682 3822 751 3877 τὰ
776 3824 875 3895 τῆς
903 3821 1157 3893 πορνείας
1186 3818 1516 3893 διηγεῖσθαι,
1559 3817 1720 3871 πάλιν
1751 3819 1889 3890 ἐρω-

295 3919 430 3972 τικὰ
450 3918 552 3989 τῆς
584 3915 860 3989 Κύπριδος
884 3913 1280 3984 ποιητεύματα.
1326 3910 1511 3963 ’Ἄλλοι
1537 3910 1595 3963 δέ
1616 3909 1676 3978 ἐξ
1707 3909 1888 3965 αὐτῶν

297 4010 465 4066 πάλιν
492 4009 820 4064 ἐπίπλαστον
835 4007 1144 4077 είσάγουσιν
1165 4004 1447 4077 άγώγιμόν
1468 4021 1520 4057 τι
1550 4003 1761 4075 ποίημα
1775 4003 1886 4074 (72)

296 4096 344 4172 ᾧ
375 4101 736 4175 ποιητεύματι
771 4098 1029 4153 ἐπέθεντο
1066 4096 1257 4167 ὄνομα,
1301 4094 1633 4164 Εὐαγγέλιον
1668 4090 1890 4146 τελειώ-

300 4213 444 4259 σεως
481 4192 638 4249 τοῦτο
663 4193 985 4263 φάσκοντες.
1020 4191 1132 4243 Καὶ
1161 4187 1380 4258 άληθῶς
1418 4187 1519 4240 οὐκ
1552 4184 1888 4253 Εὐαγγέλιον

298 4290 482 4356 τοῦτο,
519 4288 653 4344 άλλά
684 4286 913 4349 πένθους
937 4284 1235 4346 τελείωσις.
1270 4281 1426 4335 Πᾶσα
1456 4278 1637 4352 γὰρ.ή
1666 4276 1761 4331 τοῦ
1795 4276 1889 4330 θα-

295 4382 465 4437 νάτου
492 4378 768 4440 τελείωσις
796 4377 854 4429 ἐν
874 4377 940 4446 τῇ
965 4374 1192 4446 τοιαύτῃ
1226 4370 1513 4441 ὑποσπορᾷ
1531 4366 1626 4422 τοῦ
1639 4366 1886 4421 διαϐόλου

164 4529 187 4546 ο
296 4473 323 4525 ἐ
334 4467 818 4543 μφέρεται.”Λλλδι
847 4466 903 4518 δέ
934 4464 1034 4518 οὐκ
1055 4462 1401 4533 αίσχύνονται
1429 4459 1680 4527 λέγοντες
1711 4458 1890 4525 Εὐαγ-

296 4562 483 4632 γέλιον
518 4559 679 4623 Εὔας.
707 4559 802 4621 Εἰς
828 4556 999 4626 ὄνομα
1024 4553 1134 4626 τὰρ
1171 4554 1345 4623 αὐτῆς
1384 4549 1566 4622 δῆθεν,
1595 4550 1670 4613 ὡς
1695 4547 1912 4621 εύρού-.

298 4671 404 4725 σης
437 4652 497 4706 τὸ
525 4652 693 4723 ὄνομα
725 4650 824 4721 τῆς
855 4648 1108 4717 γνώσεως
1139 4645 1200 4711 ἐξ
1227 4642 1626 4711 ἀποκαλύψεως
1655 4640 1747 4695 τοῦ
1784 4640 1883 4694 λα-

296 4749 563 4819 λήσαντος
615 4746 753 4815 αὐτῇ
825 4742 1023 4812 ὄφεως.
1084 4738 1292 4811 σπορὰν
1336 4734 1702 4790 ὑποτίθενται.
1756 4732 1884 4788 Καὶ

294 4838 491 4911 ὥσπερ
535 4839 594 4892 ἐν
643 4836 863 4906 ἀστάτῳ
908 4830 1103 4904 γνώμῃ
1151 4829 1441 4902 μεθύοντος
1492 4829 1586 4882 καὶ
1630 4827 1882 4898 παραλα-

295 4927 518 4991 λοῦντος
549 4926 649 4981 οὐκ
676 4926 767 4979 ἶσα
790 4925 875 4997 εἴη
898 4924 972 4977 τὰ
1009 4923 1249 4993 ῥήματα,
1280 4919 1418 4974 ἀλλὰ
1447 4918 1515 4973 τὰ
1550 4916 1649 4988 μὲν
1684 4917 1883 4982 γέλωτι

294 5018 663 5091 πεποιημένα,
708 5015 873 5088 ἕτερα
921 5014 978 5067 δὲ
1030 5009 1310 5081 κλαυθμοῦ
1359 5009 1572 5080 ἔμπλεα
1598 5024 1609 5037 ·
1642 5005 1880 5076 οὖτωςὴ

376 5203 391 5232 ¹
416 5197 545 5255 For.
576 5199 675 5255 δεῖ.
754 5199 776 5229 ³
803 5197 925 5252 For.
957 5192 1285 5267 ἀνθρώπων.

1989 3258 2336 3328 quadrantem
2373 3275 2440 3316 eo
2470 3263 2692 3318 nomine
2720 3275 2941 3321 vocant.
2967 3266 3102 3324 Risu
3131 3270 3295 3339 igitur
3328 3286 3392 3326 ac
3436 3272 3574 3326 ludi-

1988 3350 2111 3405 brio
2139 3352 2324 3423 digna,
2349 3340 2442 3407 vel
2484 3354 2801 3415 miseranda
2839 3358 3024 3427 potius
3064 3368 3146 3414 est
3174 3360 3447 3431 ejusmodi
3480 3381 3573 3419 no-

1990 3444 2195 3496 minum
2225 3445 2662 3501 accommodatio
2694 3448 2835 3518 apud
2867 3465 2985 3515 eos,
3019 3451 3112 3521 qui
3155 3453 3210 3507 in
3249 3463 3444 3524 suapte
3475 3456 3572 3510 lino

1990 3550 2097 3605 gua
2132 3538 2284 3592 v0cis
2314 3537 2463 3594 illius
2494 3547 2822 3608 potestatem
2850 3541 3182 3614 intelligunt.
3213 3543 3481 3600 Caeterum
3504 3563 3572 3602 ex

1989 3636 2101 3682 tam
2149 3628 2460 3684 admirabili
2513 3631 2779 3701 propheta
2841 3644 3056 3705 turpem
3104 3637 3261 3693 nobis
3310 3641 3575 3694 narratio-

1991 3737 2114 3776 nem
2156 3720 2424 3777 afferunt:
2446 3738 2552 3793 qua
2585 3730 2646 3778 ut
2675 3726 2950 3796 corruptis
2976 3741 3411 3787 consuescamus
3457 3745 3574 3786 cor-

1990 3799 2219 3883 poribus
2244 3815 2633 3883 persuadeant,
2665 3823 2830 3887 atque
2858 3819 2926 3873 ab
2954 3820 3103 3874 omni
3138 3835 3235 3891 spe
3260 3821 3569 3877 caelestium

1988 3902 2332 3959 excidamus.
2357 3902 2469 3959 Nec
2489 3905 2613 3961 illos
2638 3907 2805 3976 pudet
2826 3907 2895 3964 de
2921 3911 3150 3980 stupris,
3178 3913 3572 3983 amatoriisque

1990 4007 2057 4048 ac
2108 3995 2358 4050 venereis
2387 3996 2553 4052 rebus
2589 3997 2753 4054 nudis
2784 4014 2847 4054 ae
2878 4000 3225 4072 simplicibus
3255 4004 3438 4060 verbis
3467 4005 3574 4059 dis-

1989 4098 2194 4141 serere.
2247 4086 2388 4141 Sunt
2420 4097 2475 4141 et
2516 4104 2582 4144 ex
2630 4090 2698 4145 iis
2740 4093 3012 4159 nonnulli,
3059 4095 3151 4164 qui
3202 4095 3571 4152 adulterinum

1990 4176 2267 4247 quoddam
2315 4185 2372 4233 et
2428 4178 2767 4235 adscititium
2814 4197 3011 4252 poema
3063 4184 3369 4249 venditant,
3426 4189 3571 4254 quod

1990 4282 2130 4339 opus
2162 4266 2521 4338 perfectionis
2556 4268 2913 4342 Evangelium
2953 4272 3289 4342 inscribunt,
3338 4291 3463 4331 cum
3495 4295 3572 4332 re-

1990 4373 2122 4413 vera
2148 4372 2258 4414 non
2287 4357 2664 4430 Evangelium,
2692 4362 2788 4417 scd
2816 4363 3025 4420 doloris
3053 4366 3124 4420 sit
3147 4380 3212 4420 ac
3237 4367 3420 4423 luctus
3447 4385 3572 4439 per-

1994 4448 2179 4505 fectio.
2233 4448 2504 4506 Universa
2563 4453 2767 4523 quippe
2829 4463 3319 4528 consummataque
3375 4461 3572 4514 mortis

1993 4542 2268 4598 acerbitas
2316 4543 2370 4597 in
2413 4558 2480 4598 eo
2511 4544 2625 4617 84
2668 4546 2871 4601 diaboli
2921 4548 3030 4603 fetu
3080 4550 3417 4606 continetur.
3463 4553 3570 4607 Alii

1993 4634 2348 4706 Evangelium
2386 4635 2513 4692 Eva:
2556 4639 2677 4694 sine
2726 4640 2837 4694 ullo
2879 4641 3088 4711 pudore
3128 4642 3407 4712 jactitant.
3456 4644 3571 4700 Sub

1993 4726 2160 4796 hujus
2185 4728 2331 4782 enim
2360 4729 2602 4796 nomine;
2636 4739 2824 4802 utpote
2851 4748 2974 4802 qua:
3006 4736 3339 4805 cognitionis
3370 4752 3570 4793 nomen

1991 4834 2024 4873 a
2060 4830 2316 4890 serpente
2346 4837 2582 4891 quocum
2612 4826 2888 4889 collocuta
2920 4834 3026 4891 est,
3095 4828 3372 4894 didicerit,
3408 4833 3571 4900 perti-

1991 4912 2095 4968 dia’.
2142 4928 2259 4969 sua:
2307 4929 2519 4971 semina
2571 4927 2914 4988 sparserunt.
2973 4921 3051 4975 Ac
3107 4923 3568 4992 quemadmodum

1991 5006 2151 5071 ebrii,
2182 5022 2419 5076 quorum
2461 5009 2783 5069 inconstans
2817 5012 3055 5076 animus,
3096 5021 3151 5068 et
3193 5015 3572 5070 inconsidera-

374 5415 485 5485 (71)
531 5408 729 5468 Καόὄᾶ
782 5409 890 5485 αἰιρ
950 5408 1353 5485 ἑρμηνεύεται.
1404 5401 1544 5485 :l'am
1587 5399 1872 5485 .Heb‘raiee

1987 5399 2153 5485 )is'sg,‘
2170 5396 2433 5485 qt‘t‘od’est
2459 5394 2765 5485 perforare.

293 5470 717 5556 quam'Syriace
740 5470 1161 5556 tabernaculum.
1195 5485 1249 5532 et
1278 5475 1530 5556 fornicem
1556 5470 1869 5543 signiﬁcat:

296 5544 512 5611 necnon
534 5544 594 5610 'et
633 5551 1005 5620 prostibulum.
1031 5564 1096 5604 ac
1119 5544 1370 5620 lupanar.
1396 5544 1875 5620 _l\‘nmer._qnpqne

296 5610 430 5690 ixv,
466 5610 711 5686 com.'8,
761 5619 902 5675 LXX
956 5610 1187 5693 μῆτραί
1221 5614 1597 5693 reddiderunt.
1632 5610 1802 5693 Unde:
1820 5621 1876 5666 et

298 5684 558 5765 πορνείας
602 5684 887 5763 stuprique
928 5684 1104 5765 notio.
1150 5684 1516 5765 dtovoxvoviav.
1552 5697 1705 5765 vero,
1757 5684 1875 5764 sive

342 5751 996 5832 arricidium,'.tiu'squam
1050 5762 1231 5830 legere
1296 5754 1571 5832 memini.
1607 5751 1876 5823 Suspicor

330 5824 815 5920 Epip'hanium'nzp
848 5824 1175 5901 tanquam'a
1221 5838 1323 5896 np:
1369 5824 1675 5880 derivatum
1716 5837 1877 5878 acce-

2042 5454 2156 5540 (72⁷)
2186 5454 2530 5540 ’ΪΑγιῴγιμὸν
2575 5482 2630 5518 τι
2679 5462 2925 5540 «clama.
2976 5454 3569 5540 gornarius'illiciens

1969 5530 2177 5608 poema.
2220 5530 2527 5608 Ἀλίώλτίμον
2555 5542 2640 5590 est
2660 5531 2803 5602 quod
2834 5530 3147 5608 advehitur,
3172 5537 3268 5585 aut
3300 5530 3568 5608 importa-

1954 5600 2083 5665 -tur.
2129 5607 2240 5665 Nos
2292 5600 2586 5661 marinum
2638 5600 2704 5659 ei
2748 5600 3027 5656 communi
3077 5609 3349 5671 potestate
3397 5601 3566 5671 inter-

1975 5681 2177 5751 pretari
2233 5678 2550 5751 malpjiiius.
2611 5673 2954 5751 Quanqan
2998 5668 3379 5751 n.'i7,g_p:tg.
3438 5668 3565 5733 100,

1972 5739 2257 5821 ἆγώγιμον
2295 5746 2465 5821 μῦθον
2496 5745 2550 5799 in
2586 5739 2758 5815 priori
2794 5739 2886 5796 illa
2915 5739 3123 5798 Corna.
3151 5739 3375 5797 noti—one
3405 5754 3567 5795 usur—

1975 5828 2156 5892 patur.
2646 5824 2656 5833 “
