4022 6428
579 343 685 399 335

1990 348 2046 406 S.
2088 348 2427 407 EPIPIIANII
3715 359 3802 417 536

580 476 672 523 tus
694 476 780 523 est
808 482 1015 533 sermo,
1040 480 1385 539 nequaquam
1415 468 1517 523 sibi
1542 478 1913 527 consentanea
1934 471 2149 542 loqnun

2266 476 2374 529 τῶν
2406 475 2739 530 ἀπατεώνων
2783 476 2971 546 γέγονε
3002 478 3145 533 κατὰ
3179 477 3352 532 πάντα
3394 476 3590 549 τρόπον
3615 477 3702 548 τῆς
3724 495 3805 532 ια-

584 570 707 628 tur;
741 561 837 616 sed
865 563 1001 616 alias
1031 561 1260 615 ridicula
1291 562 1476 625 verba,
1511 562 1649 616 alias
1680 564 1933 620 mmroris
1966 580 2032 619 ac
2061 565 2161 619 do-

2267 568 2391 633 κίας
2414 571 2448 638 ἡ
2472 569 2775 641 ὐωσπορά.

580 660 711 715 loris
742 659 901 729 plena
933 656 1217 727 proferunt
1260 675 1273 711 :
1308 656 1501 712 eodem
1547 672 1779 724 prorsus
1828 658 1990 716 modo
2039 676 2165 718 sese
2202 661 2359 720 habet
2392 666 2460 719 ab
2501 666 2611 722 illis
2650 666 3045 737 impostoribus
3110 673 3230 721 orta
3296 681 3359 723 ac
3411 673 3691 737 propagata
3735 678 3810 721 ne-

579 753 770 823 quitia.

647 843 731 897 ΙΙΙ.
756 842 860 908 Qui
885 840 1105 912 quidem
1131 840 1349 901 stolidis
1376 842 1728 907 testimoniis,
1749 858 1813 899 ac
1832 844 1966 901 visis
1992 846 2047 901 in
2067 846 2164 902 illo

578 952 682 991 suo
730 932 876 1004 quod
923 947 1035 1002 pra:
1081 947 1141 987 se
1190 931 1393 997 ferunt,
1429 932 1727 1007 Evangelio
1766 937 2041 992 nituntur.
2083 937 2162 992 Ita

576 1029 719 1083 enim
761 1025 1059 1094 inquiunt:
1097 1022 1163 1077 In
1200 1024 1369 1079 arduo
1405 1036 1579 1082 monte
1618 1031 1985 1095 constiteram,
2040 1047 2159 1086 cum

574 1135 687 1174 ecce
716 1117 863 1171 rideo
904 1131 1180 1184 procerum
1232 1117 1519 1183 hominem,
1571 1129 1623 1173 et
1670 1121 1919 1176 mutilum
1969 1119 2158 1179 alium.

575 1210 707 1264 Inde
728 1225 901 1263 rorem
924 1208 1148 1262 tonitrui
1177 1209 1350 1263 instar
1371 1211 1620 1267 exaudio.
1651 1212 1880 1283 Propius
1906 1216 2068 1285 igitur
2091 1217 2160 1270 ad

572 1303 895 1357 audiendum
917 1301 1108 1355 accedo
1130 1317 1150 1366 ;
1183 1310 1292 1354 tum
1316 1318 1398 1357 me
1428 1301 1567 1357 [tunc
1593 1305 1650 1357 in
1679 1305 1891 1359 modum
1915 1318 1993 1361 est
2012 1308 2159 1371 allo-

574 1405 730 1450 cutus
759 1411 777 1449 :
812 1393 923 1465 Ego
945 1395 1084 1448 idem
1115 1410 1233 1448 sunt
1277 1410 1340 1448 ac
1375 1403 1455 1458 tu,
1491 1404 1541 1449 et
1583 1406 1640 1450 tu
1679 1397 1815 1453 idem
1846 1409 2002 1469 atque
2031 1417 2160 1468 ego;

571 1498 619 1541 et
645 1487 939 1557 ubicunque
968 1496 1023 1539 tu
1049 1502 1125 1552 es,
1165 1488 1276 1541 illic
1308 1504 1402 1560 ego
1432 1505 1571 1554 sum,
1615 1507 1679 1544 ac
1710 1506 1802 1558 per
1832 1494 2011 1546 omnia
2041 1510 2158 1548 sunt

572 1580 867 1648 dispersus.
913 1577 983 1632 Et
1032 1578 1375 1649 undecunque
1423 1579 1653 1635 volueris
1692 1598 1773 1636 me
1809 1584 2041 1653 colligis,
2078 1600 2160 1640 me

573 1685 694 1727 vero
723 1669 1044 1740 colligendo,
1079 1672 1411 1741 temetipsum
1444 1672 1673 1743 colligis.
1710 1673 1755 1729 Ο
1786 1675 2097 1729 doctrinam
2126 1690 2158 1731 ι

575 1764 915 1835 nequissimo
943 1762 1191 1819 daemone
1227 1764 1566 1836 profectam!
1611 1765 1895 1824 Undenam
1932 1769 2157 1824 humani

572 1856 793 1926 generis
821 1855 1043 1927 ingenia
1069 1856 1360 1926 pervertit.
1391 1865 1447 1911 et
1473 1857 1539 1911 ad
1565 1859 1791 1925 stolida,
1822 1861 2159 1931 minimeque

572 1955 947 2005 consentanea
980 1963 1010 2001 a
1045 1948 1217 2003 verbo
1242 1950 1495 2004 veritatis
1522 1950 1799 2022 abripuit?
1825 1951 1973 2007 Nihil
2009 1953 2159 2009 enim

570 2038 971 2109 propemodum
997 2039 1069 2103 ei,
1095 2040 1191 2109 qui
1223 2047 1407 2095 mente
1438 2049 1603 2112 atque
1629 2042 1922 2112 prudentia
1957 2044 2158 2115 praedi-

571 2141 662 2187 tus
683 2138 789 2195 est,
823 2130 1111 2202 Scriptura
1145 2132 1228 2188 vel
1253 2132 1547 2204 exemplis,
1580 2143 1674 2188 aut
1700 2134 1810 2190 ulla
1843 2150 1903 2191 re
1928 2136 2058 2201 alia,
2088 2134 2156 2190 ad

568 2234 667 2275 eos
693 2218 1026 2276 reiellendos
1063 2220 1139 2275 uti
1171 2235 1403 2277 necesse
1432 2228 1539 2277 est.
1577 2219 1859 2293 Siquidem
1891 2234 2041 2280 recta
2065 2240 2152 2280 ra-

569 2312 645 2371 tio
682 2312 915 2367 stolidas
948 2312 1171 2367 illorum
1203 2312 1421 2369 fabulas
1450 2322 1506 2369 et
1534 2313 1934 2370 adulteriorum
1964 2331 2030 2371 ac
2062 2315 2155 2371 fla-

566 2405 826 2475 gitiorum
857 2404 1115 2461 libidines
1149 2404 1307 2461 facile
1340 2421 1436 2477 per
1462 2421 1521 2462 se
1555 2408 1672 2478 ipsa
1702 2407 1998 2477 dignoscit.
2031 2407 2157 2464 Haec

568 2496 735 2566 igitur
761 2504 927 2565 atque
954 2496 1043 2552 bis
1062 2496 1264 2551 similia
1286 2499 1583 2554 commenti
1611 2497 1881 2564 Guostiei,
1910 2500 2003 2570 qui
2031 2516 2155 2556 cum

567 2585 777 2642 Nicolai
812 2598 963 2643 secta
991 2588 1276 2658 conjuncti
1307 2598 1437 2644 sunt
1471 2604 1501 2644 a
1527 2607 1575 2645 ν.
1595 2590 1760 2647 ritate
1790 2591 2153 2660 exciderunt;

567 2696 670 2736 nec
699 2695 892 2737 eorum
920 2680 1209 2745 duntaxat,
1238 2683 1439 2752 quibus
1472 2699 1717 2739 errorem
1741 2693 2154 2755 persuaserunt,

567 2771 942 2844 depravarunt
995 2774 1253 2845 ingenia;
1305 2773 1401 2830 sed
1458 2784 1512 2831 et
1555 2776 1772 2832 animos
1815 2790 2157 2846 corporaque

568 2866 771 2936 pariter
802 2865 1084 2925 adulteriis
1116 2881 1180 2921 ac
1216 2868 1545 2936 promiscuae
1573 2867 1784 2924 libidini
1818 2868 2072 2925 servilem
2099 2870 2153 2924 in

566 2957 787 3011 modum
838 2957 1209 3027 subiecerunt.
1255 2960 1471 3015 Etenim
1502 2975 1634 3016 suos
1671 2962 1820 3031 ipsos
1850 2970 2154 3019 conventus

566 3049 888 3120 multiplicis
923 3064 987 3103 ac
1025 3050 1328 3119 promiscui
1368 3052 1700 3107 concubitus
1749 3054 1992 3109 foeditate
2030 3070 2157 3109 con-

565 3141 870 3207 taminant;
920 3141 1012 3196 ubi
1045 3149 1100 3195 ct
1144 3141 1402 3198 humanis
1449 3143 1733 3208 carnibus,
1791 3154 1841 3199 et
1891 3145 2151 3215 turpissi-
2179 3175 2221 3233 ο

564 3232 669 3287 mis
701 3232 961 3287 sordibus
1009 3241 1333 3286 vescuntur.
1393 3232 1523 3308 Qtnc
1553 3236 1778 3289 omnino
1814 3250 2151 3293 commemo-

563 3338 684 3378 rare
733 3340 843 3379 nou
898 3325 1095 3391 audeo,
1141 3326 1248 3379 nisi
1293 3340 1379 3381 me
1423 3326 1605 3395 aliqua
1661 3325 1899 3385 fortasse
1952 3344 2149 3385 neces-

562 3416 697 3469 sitas
754 3415 1035 3485 impulerit
1082 3430 1097 3470 :
1157 3416 1231 3469 ita
1296 3431 1385 3471 me
1453 3418 1622 3471 animi
1682 3419 1788 3474 mei
1853 3419 2150 3477 vehemens

562 3508 785 3578 quidam
821 3508 980 3564 dolor
1008 3508 1079 3564 ob
1103 3525 1165 3564 ea
1200 3524 1321 3579 qua:
1358 3509 1451 3564 isti
1489 3526 1774 3581 perperam
1799 3492 2001 3582 gerunt
2028 3521 2149 3569 stu-

563 3618 695 3673 pore
741 3602 983 3657 defixum
1030 3602 1287 3668 detinet,
1352 3602 1490 3658 illud
1547 3618 1883 3673 magnopere
1941 3606 2150 3660 miran—

478 3694 483 3700 ’
562 3704 692 3758 tem,
727 3701 992 3764 quantam
1027 3693 1083 3748 in
1118 3693 1387 3747 malorum
1423 3694 1772 3763 gravitatem,
1822 3708 1888 3749 ac
1920 3694 2150 3766 profun-

560 3787 688 3841 dam
736 3785 1055 3856 voraginem
1101 3784 1355 3840 diabolus
1409 3785 1535 3841 illos
1568 3785 1847 3850 immittat,
1907 3787 2002 3856 qui
2040 3787 2147 3844 sibi

559 3877 768 3933 fuerint
808 3876 1092 3942 obsecuti;
1127 3875 1263 3930 adeo
1297 3881 1357 3930 ut
1396 3890 1590 3932 eorum
1631 3882 1845 3933 mentes
1870 3885 1926 3933 et
1952 3877 2144 3945 corda,

560 3984 794 4034 manus,
848 3983 982 4034 ora,
1043 3983 1391 4038 corporaque
1454 3969 1661 4039 pariter
1713 3978 1876 4039 atque
1931 3970 2146 4029 animos

556 4062 667 4134 85
696 4061 1121 4132 inquinet,quos
1142 4060 1196 4116 in
1217 4061 1384 4116 tantis
1407 4062 1651 4117 tenebris
1683 4062 1930 4118 irretitos
1958 4070 2147 4120 tenere

557 4156 820 4226 potuerit.
857 4152 963 4210 Sed
992 4153 1128 4209 illud
1161 4168 1382 4218 vereor,
1417 4169 1483 4209 ne
1526 4154 1608 4210 sic
1644 4163 1812 4210 totam
1853 4156 2003 4211 illam
2044 4172 2144 4227 pe-

557 4250 930 4307 stilentissimi
990 4249 1185 4306 veneni
1242 4249 1351 4305 vim
1403 4251 1563 4320 quasi
1612 4250 1786 4322 reguli
1847 4251 2142 4321 cujusdam

557 4342 751 4398 faciem
802 4342 1078 4412 aperiens.
1127 4342 1201 4396 ita
1256 4340 1529 4412 detegam,
1572 4350 1632 4398 ut
1679 4344 1747 4398 ad
1792 4358 1985 4399 eorum
2046 4344 2142 4414 qui

555 4432 674 4487 lure
701 4439 891 4488 uestra
922 4433 1103 4502 legent
1129 4430 1427 4501 perniciem
1478 4432 1831 4502 potiusquam
1863 4432 1932 4488 ad
1954 4448 2142 4488 emen-

2335 844 2408 899 I".
2484 845 2790 917 Ὀρμῶνται
2841 847 2898 900 δὲ
2950 847 3059 901 ἀπὸ
3111 846 3310 919 μωρῶν
3371 847 3676 918 μαρτυριῶν
3736 852 3811 904 καὶ

2261 936 2537 991 ὀπτασιῶν
2575 939 2633 991 ὲν
2654 932 2701 1006 ᾧ
2736 938 3054 1009 Εὑαγγελίῳ
3082 938 3531 1007 ἐπαγγέλλονται.
3572 940 3811 994 Φάσκουσι

2262 1029 2372 1101 γὰρ
2397 1028 2590 1094 οὕτως,
2624 1031 2706 1084 ὅτι
2740 1033 2972 1099 Ἔστην
2995 1029 3094 1084 ἐπὶ
3127 1029 3298 1098 ὅρους
3332 1030 3597 1098 ὑψηλοῦ,
3624 1031 3714 1083 καὶ
3747 1028 3815 1084 εἴ·

2261 1120 2372 1173 δον
2399 1121 2715 1189 ἄνθρωπον
2754 1123 3010 1192 μακρόν,
3057 1122 3153 1176 καί
3187 1122 3382 1175 ἄλλον
3416 1121 3697 1176 κολοϐόν·
3730 1122 3809 1177 καί

2268 1212 2510 1281 ἥκουσα
2546 1212 2691 1267 ὡσεί
2748 1213 2962 1283 φωνὴν
2999 1213 3290 1282 βροντῆς,
3336 1213 3439 1268 καὶ
3478 1212 3691 1283 ﬁmum:
3725 1213 3811 1267 τοῦ

2262 1303 2545 1368 ἀκοῦσαι,
2611 1305 2709 1358 καὶ
2769 1306 3040 1373 extimos
3089 1307 3240 1374 πρὸς
3299 1307 3400 1377 μὲ,
3461 1308 3562 1361 καὶ
3624 1302 3804 1360 slxsr'

2272 1392 2424 1461 Ἐγὼ
2451 1393 2554 1459 σὺ,
2605 1395 2702 1449 καὶ
2746 1394 2829 1448 σὺ
2886 1395 3018 1464 ἐγώ.
3069 1397 3179 1450 Καὶ
3230 1396 3383 1451 ὅπου
3423 1397 3534 1451 ἐὰν
3595 1392 3684 1467 ἧς,
3719 1396 3812 1466 ἐγὼ

2259 1485 2538 1555 ἐκεῖεἱμι,
2588 1487 2684 1540 καί
2725 1487 2795 1540 ἐν
2842 1488 3076 1543 ἅπασίν
3125 1492 3243 1559 ειμι
3295 1488 3684 1557 ἐσπαρμένος.
3722 1488 3811 1542 Καί

2260 1577 2400 1633 ὅθεν·
2457 1578 2566 1632 ἐὰν
2628 1579 2810 1647 θέλῃς
2870 1580 3193 1651 συλλέγεις
3239 1599 3318 1652 με
3424 1582 3524 1651 ἐμὲ
3569 1581 3635 1634 δὲ
3685 1582 3811 1635 avi»

2265 1670 2481 1739 λέγων,
2545 1670 2766 1724 ἑαυτὸν
2821 1673 3166 1743 συλλέγεις.
3228 1676 3340 1729 Καὶ
3367 1673 3412 1727 ὣ
3459 1676 3558 1745 τῆς
3591 1672 3677 1727 τοῦ
3719 1672 3814 1726 6t:-

2264 1758 2420 1812 δόλου
2469 1759 2815 1833 ὑποσπορᾱςί
2845 1761 3017 1815 Πόθεν
3061 1763 3151 1815 τὸν
3180 1762 3305 1816 νοῦν
3330 1764 3585 1835 ἐξέτρεψε
3612 1763 3705 1832 τῆς
3737 1763 3813 1816 ἁν-

2261 1846 2629 1919 θρωπότητος,
2653 1851 2749 1903 καὶ
2770 1852 2849 1913 είς
2878 1850 3036 1921 μωρὰ
3051 1851 3145 1904 καὶ
3162 1852 3445 1906 ἅσόστατα
3480 1856 3813 1925 περιέσπασεν

2259 1940 2481 1995 ἀπὸτοῦ
2514 1941 2673 2009 λόγου
2734 1942 2838 2012 τῆς
2883 1943 3176 2014 ἀληθείας;
3212 1946 3329 1999 Οὐκ
3356 1944 3474 1999 ἔστι
3516 1944 3623 2016 γὰρ
3659 1944 3813 2014 σχεδὸν

2258 2031 2336 2102 τῷ
2369 2032 2492 2085 νοῦν
2515 2031 2690 2103 ἔχοντι
2707 2034 2867 2105 χρεία
2890 2035 2999 2087 ἀπὸ
3024 2035 3246 2107 Γραφῆς
3272 2036 3305 2107 ἢ
3335 2037 3446 2089 ἀπὸ
3470 2035 3811 2107 τιαραδειγμά·

2257 2139 2385 2185 των,
2418 2121 2450 2194 ἦ
2484 2122 2671 2194 ἑτέρου
2693 2123 2838 2187 τινὸς
2870 2125 3195 2196 πράγματος
3225 2124 3500 2178 ποιεῖσθαι
3523 2124 3715 2179 τούτων
3732 2124 3811 2192 τὴν

2257 2217 2594 2288 ἀνατροπὴν.
2620 2216 2711 2288 Τῷ
2730 2216 2840 2290 γὰρ
2865 2218 3011 2291 ὀρθῷ
3030 2217 3278 2291 λογισμῷ
3301 2216 3526 2289 εὖδηλος
3545 2217 3711 2270 αὐτῶν
3737 2215 3811 2267 καὶ

2257 2310 2486 2383 φωρατὴ
2518 2313 2551 2382 ἡ
2585 2312 2683 2383 τῆς
2714 2312 3054 2386 μωρολογίας
3102 2312 3539 2386 δραματουργία,
3586 2309 3672 2363 καὶ
3711 2326 3810 2379 μοι·

2257 2403 2368 2475 χῶν
2393 2405 2647 2475 ἐργασία.
2689 2404 2875 2459 Ταῦτά
2908 2422 2991 2459 τοι
3034 2406 3130 2461 καὶ
3166 2406 3237 2462 τὰ
3261 2405 3494 2459 τοιαῦτα
3522 2401 3811 2474 είσηγούμε·

2257 2511 2336 2548 νοι
2362 2496 2412 2547 οἱ
2443 2495 2588 2565 ἀμφὶ
2616 2495 2717 2568 τὴν
2756 2496 2957 2565 γνῶσιν
3000 2496 3425 2570 συνεζευγμένοι
3456 2502 3522 2569 τῇ
3548 2497 3638 2551 τοῦ
3678 2496 3811 2549 Νικο-

2256 2588 2385 2643 λάου
2417 2590 2649 2661 αἱρέσει,
2690 2592 2787 2661 τῆς
2820 2589 3077 2662 ἀληθείας
3114 2592 3562 2656 ὲκπεπτώκασιν,
3592 2591 3649 2644 οὑ
3681 2590 3811 2660 μόνον

2254 2682 2347 2737 τὸν
2373 2682 2497 2737 νοῦν
2525 2682 2635 2738 τῶν
2687 2683 3019 2739 πεισθέντων
3064 2686 3248 2749 αὐτοῖς
3290 2685 3670 2757 ἐκτρέψαντες,
3700 2681 3811 2735 ἀλλὰ

2256 2774 2353 2827 καὶ
2378 2772 2447 2829 τὰ
2478 2772 2703 2846 σώματα
2734 2776 2827 2829 καί
2862 2775 2960 2840 τὰς
2992 2776 3169 2848 ψυχὰς
3214 2776 3585 2838 δουλώσαντες
3619 2770 3810 2844 πορνείᾳ

2255 2862 2352 2917 καὶ
2397 2862 2711 2934 πολυμιξίᾳ.
2770 2864 2950 2936 Αὐτὴν
2984 2865 3094 2937 γὰρ
3132 2865 3229 2939 τὴν
3285 2866 3513 2930 σύναξιν
3552 2863 3718 2918 αὐτῶν
3762 2862 3809 2912 ἐν

2254 2954 2576 3027 αἰσχρότητι
2637 2954 2962 3025 πολυμιξίας
3013 2956 3294 3027 φύρουσιν,
3360 2955 3608 3018 ἔσθοντες
3647 2970 3700 3007 τε
3728 2951 3809 3004 καὶ

2255 3046 2691 3119 παραπτόμενοι,
2732 3048 2828 3102 καὶ
2895 3048 3255 3118 ἀνθρωπίνων
3305 3048 3530 3121 σαρκῶν
3579 3047 3666 3101 καὶ
3695 3048 3806 3099 ἀκα-

2256 3139 2525 3215 θαρσιῶν·
2566 3139 2642 3204 ὡς
2678 3140 2802 3194 οὔτε
2833 3141 3094 3213 τολμήσω
3136 3141 3197 3195 τὸ
3227 3144 3334 3196 πᾶν
3384 3144 3638 3208 ἐξειπεῖν,
3664 3142 3708 3192 εἰ
3748 3139 3806 3207 μή

2253 3247 2306 3284 τι
2331 3231 2736 3304 ἀναγκασθείην
2771 3231 2858 3286 διὰ
2896 3232 2995 3305 τὴν
3024 3232 3330 3306 ὑπερϐολὴν
3380 3234 3483 3304 τῆς
3511 3235 3567 3287 ιν
3589 3233 3700 3303 ἐμοὶ
3733 3230 3807 3283 ἀλ-

2252 3320 2455 3393 γούσης
2482 3321 2719 3386 διανοίας
2741 3320 2756 3334 “
2774 3323 2903 3393 περὶ
2941 3322 3051 3375 τῶν
3083 3324 3334 3395 ματαίως
3366 3323 3462 3376 ὑπ’
3491 3322 3663 3376 αὐτῶν
3688 3334 3806 3388 γινο-

2255 3412 2432 3484 μένων
2460 3413 2919 3485 ὲκπληττόμενος,
2948 3416 3027 3478 είς
3065 3410 3175 3468 οἷον
3206 3414 3372 3484 ὄγκον
3404 3416 3501 3469 καὶ
3532 3412 3701 3469 κακῶν
3728 3411 3808 3482 βοά

2251 3498 2342 3552 θὸν
2402 3500 2431 3551 ό
2472 3500 2666 3572 ἐχθρὸς
2711 3500 2820 3555 τῶν
2878 3501 3181 3575 ἀνθρώπων
3241 3503 3490 3568 διάϐολος
3551 3503 3664 3573 ἄγει
3703 3500 3806 3561 τοὺς

2250 3589 2400 3662 αὐτῷ
2431 3592 2787 3663 πειθομένους
2816 3610 2831 3624 θ
2866 3593 3007 3648 ὥστε
3058 3597 3250 3665 μιᾶναι
3282 3596 3379 3649 καὶ
3409 3596 3553 3663 νοῦν,
3580 3594 3665 3650 καὶ
3691 3610 3804 3663 καρ·

2248 3680 2388 3746 δίαν,
2418 3684 2511 3737 καὶ
2527 3686 2735 3757 χεῖρας,
2763 3685 2857 3739 καὶ
2871 3686 3135 3757 στόματα,
3158 3686 3253 3741 καὶ
3276 3686 3525 3758 σώματα,
3549 3686 3638 3740 καὶ
3656 3681 3805 3753 ψυχὰς

2248 3775 2453 3830 τούτων
2487 3776 2593 3830 τῶν
2629 3776 2720 3830 ὑπ’
2750 3776 2915 3831 αὑτοῦ
2963 3778 3021 3831 ἐν
3065 3781 3132 3850 τῇ
3164 3779 3404 3853 τοσαύτῃ
3441 3777 3687 3832 σκοτώσει
3722 3792 3806 3826 πα-

2247 3865 2623 3933 γιδευθέντων.
2654 3867 2814 3920 Δέδια
2841 3867 2897 3920 δὲ
2940 3869 3014 3940 μή
3060 3885 3137 3940 πη
3171 3868 3278 3941 ἄρα
3309 3870 3403 3923 τὸν
3446 3870 3619 3941 μέγαν
3647 3865 3804 3920 τοῦτον

2246 3958 2365 4011 ὅλον
2431 3959 2507 4013 ίὺν
2560 3959 2974 4031 ἀποκαλύψαιμι
3004 4000 3019 4024 ,
3076 3960 3265 4033 ὥσπερ
3322 3960 3632 4033 βασιλίσκω
3683 3956 3804 4015 τινὸς

2244 4046 2420 4117 ὄφεως
2444 4048 2505 4102 τὸ
2530 4049 2819 4122 πρόσωπον
2840 4093 2855 4116 ,
2889 4050 2969 4114 είς
2996 4049 3176 4122 λύμην
3205 4049 3407 4123 μᾶλλον
3433 4050 3541 4104 τῶν
3569 4051 3800 4116 ἐντυγχα-

2245 4139 2443 4193 νόντων
2469 4142 2614 4213 ἥπερ
2642 4143 2721 4206 εἰς
2753 4141 3037 4213 διόρθωσιν
3061 4160 3074 4173 σ
3102 4144 3313 4214 χραίνει
3344 4143 3445 4215 μὲν
3483 4142 3586 4215 γὰρ
3612 4141 3674 4195 τὰ
3707 4133 3802 4191 ὦτα

2244 4232 2518 4306 ἀληθῶςή
2560 4235 2658 4305 τῆς
2711 4235 2953 4305 μεγάλης
2991 4234 3196 4307 τόλμης
3243 4234 3559 4307 βλάσφημος
3587 4249 3798 4299 συναγω-

2243 4325 2344 4399 γὴ,
2380 4329 2476 4383 καὶ
2504 4320 2603 4397 τῆς
2629 4327 2984 4399 αἰσχρότητος
3011 4327 3152 4399 αὕτη
3181 4316 3413 4400 συλλογὴ
3438 4347 3497 4381 τε
3525 4328 3615 4383 καὶ
3639 4327 3799 4396 διήγη-

2244 4435 2328 4482 σις
2353 4461 2367 4484 ,
2393 4421 2487 4473 καὶ
2517 4422 2549 4490 ἡ
2575 4420 2675 4489 τῆς
2701 4420 3043 4492 ἁγυρτώδους
3076 4422 3467 4493 αἰσχρουργίας
3493 4417 3797 4493 βορὸορώδης

555 4524 835 4579 dationem
865 4523 1156 4579 redundet.
1193 4522 1478 4592 Siquidem
1519 4525 1602 4580 vel
1639 4539 1804 4580 aures
1839 4525 1989 4595 ipsas
2022 4524 2135 4595 poi-

2251 4512 2521 4567 κακόνοια.
2552 4513 2713 4585 Παρὰ
2747 4530 2858 4567 τισι
2902 4512 2958 4566 δὲ
3006 4514 3162 4581 φύσει
3205 4514 3555 4587 Βορϐοριανοὶ
3591 4511 3691 4583 (75)
3719 4524 3796 4561 κει·
3860 4514 3874 4529 ⁸

556 4618 660 4674 luit
684 4624 797 4673 tam
829 4617 1056 4672 infinita:
1098 4616 1345 4673 audaciae
1384 4619 1439 4671 in
1470 4616 1720 4672 divinum
1752 4632 1956 4672 numen
2002 4632 2139 4672 con-

557 4709 851 4766 tumeliosa
882 4710 1090 4773 series;
1128 4724 1193 4764 ac
1228 4711 1314 4766 vel
1344 4711 1463 4765 sola
1496 4708 1745 4764 narratio
1776 4707 2139 4778 turpitudinis

554 4801 756 4874 ipsius,
782 4809 838 4857 et
862 4802 1265 4859 sordidissima:
1286 4801 1551 4858 fmditatis
1579 4816 1644 4855 ac
1674 4801 1956 4856 lutulentae
1983 4799 2140 4873 ﬂagi-

550 4898 695 4953 tiosa
724 4896 885 4951 ratio.
920 4893 1064 4950 Hinc
1104 4903 1190 4952 est
1223 4894 1371 4966 quod
1404 4910 1435 4950 a
1469 4893 1753 4949 nonnullis
1784 4893 1925 4949 scite
1955 4892 2139 4950 admo-

549 4990 681 5047 dum
716 4987 1058 5056 Borboriani,
1102 4987 1207 5043 boc
1248 4994 1333 5045 est
1376 4986 1572 5042 cmuosi
1606 4985 1990 5052 nominantur;
2027 4986 2122 5040 alii

547 5081 865 5137 Coddianos
900 5087 1119 5135 vocant.
1170 5078 1266 5134 Est
1299 5079 1446 5134 enim
1486 5076 1662 5133 codda
1712 5075 1857 5131 idem
1903 5075 2141 5153 Syriace’

546 5174 693 5243 quod
740 5172 1009 5242 paropsis,
1057 5179 1153 5227 aut
1205 5171 1417 5226 catinus
1455 5185 1474 5223 :
1516 5185 1618 5241 pro
1658 5184 1723 5225 eo
1767 5168 1914 5240 quod
1969 5183 2135 5224 nemo

546 5265 827 5320 communi
857 5280 981 5319 cum
1011 5265 1118 5320 illis
1152 5264 1227 5319 uti
1270 5265 1395 5319 cibo
1429 5263 1641 5333 possit;
1683 5260 1779 5317 sed
1833 5259 2134 5331 separatim

546 5356 938 5410 contaminatis
975 5358 1085 5411 illis
1116 5357 1321 5427 apponi
1354 5356 1529 5411 soleat
1566 5373 1580 5409 :
1613 5369 1797 5426 neque
1830 5353 2130 5423 quisquam

547 5447 621 5501 ob
645 5463 836 5502 eorum
873 5450 1193 5520 spnrcltiem
1224 5449 1307 5503 vel
1336 5463 1478 5513 pane
1504 5462 1631 5503 curn
1661 5446 1773 5502 illis
1799 5444 1951 5501 vesci
1974 5458 2097 5501 com
2115 5472 2131 5483 -

621 5600 933 5672 (73)_Hapd
963 5615 1083 5653 τισι
1114 5601 1182 5654 δὲ
1210 5603 1391 5671 φύσει
1424 5602 1828 5672 Βορ6οριανοι.
1870 5600 2127 5656 Theodo-

550 5679 700 5726 retus
730 5670 1091 5732 Barbeliotas,
1135 5670 1249 5726 sive
1282 5670 1651 5742 Borborianos
1685 5683 1867 5728 certos
1903 5673 2126 5727 haereti-

545 5744 965 5813 cosseparatim
992 5750 1277 5813 memorat,
1313 5758 1452 5813 quos
1484 5751 1539 5797 et
1563 5742 1856 5808 Naasinos,
1886 5752 1942 5813 et
1973 5744 2127 5797 Stra-

546 5808 787 5879 tioticos,
821 5821 875 5868 et
904 5808 1249 5867 Pbibionitas
1278 5808 1533 5883 appellat,
1574 5827 1697 5883 quae
1727 5821 1857 5871 sunt
1890 5811 2119 5871 Gnosti-

2247 4601 2463 4656 λοῦνται
2484 4619 2497 4632 θ
2529 4604 2707 4676 ἕτεροι
2742 4604 2798 4657 δὲ
2828 4604 3151 4669 Κοδδιανοὺς
3188 4602 3386 4669 αὐτοὺς
3414 4602 3791 4674 ἐπιφημίζουσι.

2247 4694 2421 4749 Κοδδὰ
2437 4696 2545 4767 γὰρ
2568 4696 2783 4765 λέγεται
2811 4696 2951 4750 κατά
2970 4699 3069 4769 τὴν
3088 4697 3361 4769 Συριακὴν
3385 4697 3654 4751 διάλεκτον
3677 4706 3793 4759 xop-

2244 4787 2417 4855 οψὶς,
2458 4788 2490 4860 ἢ
2550 4790 2871 4856 τρυϐλίον,
2932 4789 3042 4843 ἀπὸ
3087 4789 3179 4842 τοῦ
3239 4789 3314 4861 μὴ
3365 4788 3620 4844 δύνασθαί
3667 4797 3793 4842 τινας

2246 4882 2362 4951 μετ’
2398 4880 2576 4933 αὐτῶν
2605 4879 2833 4935 ἐσθίειν·
2864 4882 2984 4934 κατ’
3014 4881 3150 4936 ίδίαν
3176 4881 3232 4934 δὲ
3273 4885 3387 4945 τοῖς
3427 4877 3793 4954 μεμιαμμένοις

2240 4970 2475 5025 δίδοσθαι
2497 4971 2567 5025 τὰ
2601 4972 2887 5044 βρώματα,
2916 4974 3010 5027 καὶ
3043 4974 3115 5044 μή
3152 4990 3274 5026 τινα
3307 4972 3562 5027 δύνασθαι
3595 4969 3683 5021 σὺν
3711 4963 3791 5017 ab.

2239 5070 2351 5130 τοῖς
2382 5066 2469 5121 διὰ
2504 5068 2596 5122 τὸν
2628 5068 2901 5139 μολυσμὸν
2936 5068 3040 5122 κᾶν
3073 5069 3235 5141 ἄρτον
3270 5067 3581 5121 συνεσθίειν.
3610 5060 3700 5115 Διά
3719 5072 3788 5110 τοι

2240 5159 2398 5213 τοῦτο
2441 5162 2859 5233 ἀφωρισμένους
2890 5162 3114 5226 τούτους
3161 5160 3454 5233 ἡγούμενοι
3493 5159 3542 5212 οί
3572 5149 3787 5225 συμμέτο

2238 5269 2374 5306 οικοι
2422 5252 2746 5317 Κοδδιανοὺς
2794 5254 3172 5324 ἐπωνόμασαν.
3208 5254 3271 5305 Οἱ
3320 5251 3470 5304 αὐτοὶ
3504 5248 3559 5300 δὲ
3603 5248 3656 5298 ἐν
3707 5241 3786 5293 Ai-

2236 5346 2429 5418 γύπτῳ
2474 5340 2864 5417 Στρατιωτικοὶ
2907 5346 3197 5419 καλοῦνται
3229 5346 3324 5399 καὶ⁹
3361 5344 3687 5398 Φιδιιιινῖται,
3721 5332 3783 5393 ὠς

2235 5439 2347 5493 ἄνω
2366 5456 2455 5511 μοι
2478 5440 2535 5493 ὲν
2554 5438 2710 5510 μέρει
2737 5438 3006 5492 λέλεκται.
3035 5436 3190 5501 Τινὲς
3218 5436 3275 5490 δὲ
3304 5436 3496 5495 αὐτοὺς
3517 5426 3781 5498 Ζακχαῖους

2235 5612 2426 5653 corum
2467 5597 2753 5653 vocabula.
2803 5594 2960 5663 Quod
3018 5594 3085 5649 ad
3142 5609 3330 5650 vocem
3384 5590 3571 5648 attinet
3611 5578 3776 5663 κοδδᾷρ

2235 5676 2427 5724 notant
2467 5678 2657 5756 mvpn
2696 5658 3186 5726 esse'scutellam.»
3219 5666 3299 5720 vel
3330 5670 3588 5719 craterem
3629 5658 3775 5710 testa-

2234 5777 2410 5818 ceum.
2438 5759 2576 5836 [Vox
2603 5768 2783 5817 autem
2808 5768 2891 5817 est
2921 5760 3237 5817 Cbaldalcw
3267 5755 3453 5830 Eam]
