4022 6438
256 472 341 525 337

808 462 1179 518 ADVERSUS
1215 463 1558 518 llellESES
1584 463 1711 519 LIB.
1751 464 1788 521 Ι.
1832 464 1998 520 TOU.
2039 465 2103 518 ll.
2149 496 2213 507 -
2248 464 2522 521 ll.-'ERES.
2567 466 2755 522 XXVI.

3357 472 3462 527 358

254 580 493 635 καλοῦσιν.
548 576 686 631 ἄλλοι
733 576 786 629 δὲ
834 576 1195 648 Βαρϐηλίτας.
1249 578 1438 647 Ὅμως
1490 578 1613 630 ἐπεὶ
1665 576 1786 631 οὐδὲ

1897 578 2131 632 muniter
2162 585 2349 647 queat.
2388 578 2563 646 Quam
2596 580 2665 634 oh
2692 596 2916 634 causam
2945 582 3038 650 qui
3070 599 3194 637 eum
3222 583 3333 637 illis
3358 582 3462 636 ha-

252 669 505 736 παρελθεῖν
554 669 841 738 δυνήσομαι
894 668 993 720 ὂλα
1017 709 1047 733 ,,
1093 666 1478 739 ἀναγκάζομαι
1529 666 1783 732 ἐξειπεῖν.

260 762 450 833 Ἐπειδὴ
491 762 581 814 καὶ
620 763 647 814 6
678 761 830 828 ἆγιος
863 760 1105 831 Μωῦσῆς
1137 759 1246 813 ἀπὸ
1280 761 1597 830 Πνεύματος
1628 761 1785 830 ἁγίου

249 850 615 923 ἐμφορούμενος
644 850 873 922 γράφει,
901 849 984 901 ὅτι
1004 890 1018 909 .
1070 850 1194 903 Ἐάν
1219 867 1302 912 τις
1343 849 1426 921 ἴδῃ
1463 849 1621 918 φόνον
1647 892 1661 915 ,
1693 849 1786 903 καὶ

249 945 309 1014 μὴ
345 940 620 1011 ἀναγγείλῃ
639 981 654 1005 ,
694 938 1096 1009 ἐπικατάρατος
1123 940 1150 992 6
1178 938 1417 1017 τοιοῦτος
1443 939 1549 1011 εἴη.
1585 940 1785 1011 Διόπερ

245 1032 295 1085 οὐ
322 1031 532 1101 δύναμαι
572 1030 757 1084 τοῦτον
781 1030 870 1083 τὸν
900 1029 1073 1100 μέγαν
1107 1030 1296 1099 φόνον,
1346 1032 1441 1085 καὶ
1477 1032 1576 1102 τὴν
1614 1032 1785 1103 μεγά-

246 1125 323 1188 λην
351 1124 536 1194 ταύτην
562 1122 763 1194 φονώδη
794 1123 1057 1195 ἐργασίαν
1085 1121 1394 1195 παρελθεῖν,
1426 1125 1520 1178 καὶ
1543 1126 1662 1194 οὐχὶ
1684 1125 1782 1195 δησ-

244 1214 331 1266 λῶν
369 1213 612 1284 δηλῶσαι.
656 1212 913 1283 Δηλώσας
956 1214 1065 1287 γὰρ
1108 1215 1247 1286 τάχα
1287 1218 1399 1278 τοῖς
1438 1219 1677 1279 συνετοῖς
1721 1217 1783 1270 τὸ

246 1308 413 1378 πτῶμα
446 1306 630 1373 τοῦτο,
669 1306 856 1380 ὥσπερ
896 1309 958 1361 τὸ
1005 1309 1181 1383 φρέαρ
1220 1308 1319 1378 τῆς
1351 1308 1657 1372 ἀπωλείας,
1688 1308 1783 1377 φό-

245 1401 319 1453 ϐον
341 1401 424 1453 καὶ
452 1400 626 1472 φρίξιν
654 1401 960 1470 ἐμποιήσω,
994 1402 1074 1463 εἰς
1099 1400 1159 1452 τὸ
1299 1400 1458 1470 μόνον
1482 1400 1781 1471 ἀποδρᾶναι

230 1480 344 1554 τοὺς
371 1492 630 1554 συνετοὺς,
669 1490 805 1544 ἀλλὰ
837 1490 930 1544 καὶ
964 1490 1323 1544 καταλιθάσαι
1354 1490 1445 1544 τὸν
1475 1494 1533 1544 ἐν
1571 1491 1646 1562 τῷ
1687 1491 1780 1561 βα-

243 1582 398 1652 ρᾶθρῳ
428 1580 608 1635 τοῦτον
656 1581 867 1635 σκολιὸν
913 1581 1036 1649 ὅφιν
1076 1581 1169 1633 καὶ
1204 1580 1549 1652 βασιλίσκον,
1599 1583 1679 1644 είς
1721 1581 1783 1635 τὸ

243 1668 357 1740 μηδὲ
402 1668 688 1740 πλησιάσαι
725 1666 851 1722 τινὰ
896 1668 1120 1740 τολμᾷν.
1172 1668 1276 1722 Καὶ
1320 1667 1493 1722 ταῦτα
1545 1669 1643 1739 μὲν
1679 1669 1780 1739 ἤδη

240 1761 346 1832 περὶ
370 1762 537 1816 αὐτῶν
565 1758 849 1834 εἰρημένα,
886 1757 1045 1829 ὀλίγα
1074 1759 1197 1814 τινά
1232 1761 1385 1826 ὄντα,
1410 1761 1468 1814 ἐν
1510 1760 1664 1832 μέρει
1694 1777 1782 1814 τε·

240 1852 413 1922 τάχθω.

1888 669 2090 735 hitant,
2155 668 2304 723 velut
2359 685 2387 723 a
2455 672 2736 725 communi
2795 673 3076 727 consortio
3142 680 3462 744 segregatos

1888 770 2163 833 putantes,
2196 763 2510 821 Caddianos
2550 766 2914 837 appellarunt.
2968 765 3131 822 Iidem
3168 781 3334 836 porro
3363 765 3461 819 Mi-

1888 856 2077 911 litares
2106 856 2160 909 in
2192 854 2452 927 Egypto,
2474 872 2537 911 ac
2560 856 2883 913 Phihionita:
2911 866 3041 913 sunt
3066 859 3223 920 dicti,
3254 857 3322 911 de
3351 872 3459 925 qua

1887 962 1949 1003 re
1999 947 2250 1002 nonnihil
2299 956 2460 1002 antea
2505 949 2961 1019 significavimus.
3013 948 3153 1003 Sunt
3196 950 3288 1020 qui
3324 948 3456 1003 Zacc

1886 1038 2067 1106 charos
2094 1046 2312 1100 vocent,
2346 1040 2437 1093 alii
2471 1040 2796 1096 Barbelitas.
2830 1039 3125 1095 Enimvero
3158 1056 3282 1094 cum
3332 1041 3457 1093 uni-

1885 1142 2041 1182 versa
2074 1130 2491 1193 praetermittere
2537 1146 2826 1201 nequeam,
2854 1133 3115 1187 nonnulla
3144 1146 3456 1186 necessario

1889 1219 1958 1274 de
1986 1219 2095 1276 illis
2124 1220 2440 1290 attingenda
2488 1229 2638 1276 sunt.
2677 1220 2815 1276 Nam
2865 1232 2919 1277 et
2966 1230 3194 1278 sam-tus
3242 1221 3455 1291 Moyses

1887 1311 2060 1366 divini
2084 1310 2323 1382 Spiritus
2357 1312 2540 1367 aillatu
2571 1314 2827 1384 scripsit:
2858 1313 2913 1368 Si
2943 1315 3070 1384 quis
3103 1312 3454 1383 parricidium

1885 1399 2105 1467 viderit,
2135 1417 2237 1457 nec
2266 1402 2698 1469 denuntiaverit,
2717 1404 3078 1460 exsecrabilis
3108 1412 3245 1459 esto.
3274 1403 3457 1470 Quare

1882 1506 1991 1546 non
2040 1509 2264 1563 possum
2324 1494 2600 1566 ingentem
2660 1495 2808 1549 illam
2855 1494 3057 1550 cmdem
3111 1510 3175 1549 ac
3220 1494 3487 1563 parrici-~

1881 1579 2026 1636 diale
2058 1581 2276 1638 facinus
2306 1584 2754 1653 prmtermittere:
2787 1600 2897 1638 non
2929 1600 3180 1653 possum,
3209 1585 3454 1654 inquam,

1884 1670 2017 1724 illud
2042 1686 2148 1726 non
2170 1672 2398 1726 omnino
2430 1672 2703 1743 detegere.
2743 1671 3023 1728 Fortassis
3052 1675 3195 1727 enim
3233 1674 3278 1729 si
3322 1688 3458 1741 prm-

1882 1760 2103 1831 cipitcm
2148 1761 2291 1816 hanc
2337 1763 2574 1827 ruinam,
2633 1764 2784 1817 velut
2827 1763 2982 1816 exitii
3040 1771 3285 1833 puteum,
3329 1778 3456 1833 pru-

1882 1852 2140 1907 dentibus
2173 1853 2487 1917 ostendero,
2519 1862 2721 1908 metum
2770 1854 2838 1910 iis
2888 1868 2952 1909 ac
2990 1861 3254 1909 terrorem
3304 1855 3458 1907 incu-

240 1943 367 2009 tiam,
398 1952 452 1998 ut
476 1960 584 1999 non
619 1943 781 1998 modo
841 1940 1050 2012 fugiant
1084 1942 1210 2012 ipsi,
1249 1938 1344 1997 sed
1378 1952 1432 1998 et
1472 1949 1785 1997 tortuosum
1826 1941 1979 1997 illum
2014 1944 2070 1998 in
2109 1960 2171 1999 ea
2207 1945 2466 2015 voragine
2492 1954 2802 2016 serpentem
2867 1961 2933 1999 ac
2975 1947 3289 2001 basiliscum
3332 1944 3461 2013 lapi-

237 2032 372 2090 di‘..us
401 2036 649 2100 obruant,
705 2044 764 2088 ut
808 2037 993 2090 nullus
1032 2036 1295 2104 deinceps
1341 2031 1541 2089 audeat
1586 2035 1868 2089 accedere.
1913 2037 2093 2106 Atque
2143 2036 2257 2092 hzec
2289 2036 2357 2092 de
2406 2036 2518 2093 illis
2578 2037 2847 2092 hactenus
2898 2035 3044 2090 dicta
3089 2048 3274 2101 sunto,
3320 2051 3458 2106 pau-

237 2140 286 2179 Ca
314 2127 372 2181 dc
410 2126 611 2192 multis,
645 2134 808 2195 atque
839 2141 902 2182 ex
954 2131 1105 2195 parte
1150 2122 1496 2179 solunnnodo
1525 2121 1790 2177 delibata.

294 2219 354 2270 Δ⁸.
394 2214 794 2287 Παρελεύσρμαι
828 2213 885 2267 δὲ
914 2216 994 2277 είς
1031 2212 1123 2266 τὸν
1164 2209 1314 2266 οἷκον
1343 2211 1439 2265 τοῦ
1476 2209 1638 2283 βυθοῦ
1676 2210 1775 2281 τῆς

1946 2224 2035 2281 ιν.
2077 2226 2232 2284 Νιιηο
2281 2228 2349 2284 ad
2393 2228 2664 2299 pestifcre
2709 2230 2935 2285 illorum“
2975 2229 3249 2284 doctrinae
3304 2231 3453 2285 velut

236 2306 536 2370 θανατώδους
580 2306 767 2361 αὐτῶν
810 2303 1133 2378 διηγήσεως.
1186 2304 1451 2376 Διάφορος
1499 2303 1606 2374 γάρ
1648 2304 1778 2375 παρ’

238 2398 389 2460 αὐτοῖς
440 2399 469 2467 ή
517 2397 620 2468 τῆς
669 2396 858 2468 ἡδονῆς
907 2393 1089 2449 αὐτῶν
1137 2392 1614 2450 κακοδιδασκαλία.
1659 2395 1780 2448 ’Ὁτι

236 2490 418 2559 πρῶτον
449 2492 542 2560 μὲν
569 2491 760 2554 κοινάς
790 2489 888 2555 τὰς
922 2486 1129 2542 ἑαυτῶν
1155 2491 1418 2557 γυναῖκας
1449 2485 1650 2558 ἔχουσι.
1674 2485 1784 2539 Καὶ

181 2639 187 2647 _
237 2577 281 2629 εἴ
319 2595 392 2641 τις
424 2577 563 2643 ξένος
598 2579 969 2650 παραγένοιτο
988 2576 1082 2630 τοῦ
1125 2576 1303 2630 αὐτῶν
1347 2576 1646 2647 δόγματος,
1685 2593 1784 2645 ση-

240 2667 363 2736 μεῖόν
386 2669 494 2722 ἐστι
542 2671 676 2740 παρ’
703 2668 887 2734 αὐτοῖς
938 2669 1146 2740 ἀνδρῶν
1190 2668 1326 2739 προς
1367 2670 1658 2737 γυναῖκας,
1690 2667 1783 2721 καὶ

237 2757 471 2823 γυναικῶν
504 2760 644 2831 πρὸς
675 2759 901 2829 ἄνδρας·
945 2762 1003 2812 ἐν
1058 2758 1135 2829 τῷ
1181 2758 1443 2812 ἐκτείνειν
1484 2757 1581 2828 τὴν
1628 2759 1785 2828 χεῖρα

236 2847 371 2917 δῆθεν
406 2852 479 2914 είς
507 2850 800 2921 ἀσπασμὸν
834 2850 1184 2905 ὑποκάτωθεν
1216 2850 1314 2920 τῆς
1358 2848 1614 2919 παλάμης
1629 2889 1644 2914 9
1676 2851 1785 2919 ψη-

237 2937 434 3010 λάφησξν
461 2958 577 2995 τινα,
617 2940 993 3011 γαργαλισμοῦ
1029 2943 1294 3012 ἐμποιεῖν,
1323 2939 1411 2993 διὰ
1440 2938 1629 2992 τούτου
1665 2941 1788 2992 ὐπο-

238 3030 498 3098 φαίνοντες,
535 3035 619 3097 ὡς
639 3034 737 3103 τῆς
764 3033 942 3087 αὐτῶν
971 3032 1266 3104 θρησκείας
1295 3033 1443 3086 ἐστὶν
1480 3035 1507 3086 6
1541 3049 1788 3104 παραγε-

238 3122 442 3193 νόμενος.
483 3126 769 3180 Ἐντεῦθεν
798 3124 982 3179 λοιπον
1012 3124 1325 3193 ἐπιγνόντες
1354 3124 1616 3195 ἀλλήλους
1665 3123 1791 3196 τρέ-

240 3228 397 3266 πονται
444 3215 613 3279 εὐθὺς
659 3216 737 3277 είς
773 3214 1032 3268 ἑστίασιν.
1084 3212 1291 3284 Δαψιλῆ
1322 3211 1380 3266 δὲ
1415 3212 1484 3267 τὰ
1519 3214 1791 3285 ἐδέσματα

239 3306 549 3373 κρεωφαγίας
590 3305 690 3360 καὶ
722 3306 1029 3368 οὶνοποσίας
1060 3304 1453 3376 παρατιθέασι,
1488 3303 1594 3358 κᾶν
1627 3304 1793 3375 πένη-

238 3411 313 3458 τες
350 3394 468 3452 εἶεν.
530 3399 636 3451 Ἐκ
672 3397 888 3474 τούτου¹
919 3396 975 3450 δὲ
1020 3396 1494 3467 συμποσιάσαντες
1519 3436 1532 3459 ,
1575 3397 1670 3449 καὶ
1718 3396 1794 3459 ὡς

239 3486 345 3552 ἔπος
370 3492 557 3553 εἰπεῖν,
585 3490 692 3554 τὰς
722 3489 923 3558 φλέϐας
948 3488 1043 3542 τοῦ
1072 3488 1234 3560 κόρου
1262 3488 1639 3560 ἐμπλήσαντες
1665 3489 1794 3541 ἐαυ-

237 3577 361 3643 τῶν,
403 3583 477 3644 εἰς
508 3577 730 3653 οἶστρον
772 3578 1083 3651 τρέπονται.
1138 3579 1248 3632 Καὶ
1284 3581 1312 3632 ὁ
1364 3579 1461 3650 μὲν
1498 3578 1665 3649 ἀνὴρ,
1695 3577 1796 3648 τῆς
1822 3584 1864 3643 C

238 3672 461 3736 γυναικὸς
490 3672 862 3742 ὑποχωρήσας
879 3711 892 3732 ο
920 3672 1118 3739 φάσκει
1150 3669 1325 3738 λέγων
1353 3672 1417 3741 τῇ
1466 3669 1656 3723 hunc)
1696 3685 1793 3737 γὼ

240 3764 379 3827 ναικὶ,
409 3764 765 3826 ὄτιἊνάστα,
788 3763 982 3831 λέγων,
1015 3761 1239 3832 ποίησον
1273 3762 1373 3833 τὴν
1402 3761 1622 3830 ἀγάπην
1655 3760 1795 3831 μετά

239 3852 314 3906 τοῦ
353 3856 573 3934 ἀδελφος)
602 3873 616 3886 ·
645 3856 696 3908 οἱ
732 3854 789 3908 δὲ
831 3855 1059 3918 τάλανες
1088 3854 1340 3925 μιγέντες
1371 3853 1652 3927 ἀλλήλους.
1687 3852 1796 3906 Καὶ

240 3944 299 4009 ὡς
320 3947 405 4000 ἐπὶ
431 3947 694 4020 ἀληθείας
725 3946 1049 4017 αἰσχύνομαι
1077 3948 1249 4000 εἰπεῖν
1273 3946 1342 3999 τά
1372 3946 1525 4018 παρὰ
1556 3948 1668 4008 τοῖς
1702 3945 1798 3998 αὺ-

236 4040 329 4100 τοῖς
347 4039 540 4110 αἰσχρά
566 4037 922 4111 πραττόμενα
957 4035 1099 4091 κατὰ
1131 4036 1222 4090 τὸν
1262 4036 1415 4106 ἅγιον
1457 4038 1797 4103 Ἀπόστολον,

238 4127 349 4181 Ὀτι
399 4131 468 4184 τὰ
500 4133 645 4197 παρ’
690 4127 896 4196 αὐτοῖς
943 4132 1224 4200 γινόμενα
1251 4130 1510 4198 αἰσχρόν
1538 4128 1671 4181 ἐστι
1700 4127 1801 4181 καὶ

235 4218 431 4288 λέγειν.
468 4222 665 4293 Ὅμως
698 4221 799 4274 οὐκ
837 4219 1110 4290 αἱσχυνθῶ
1142 4218 1340 4287 λέγειν,
1383 4217 1419 4271 ἀ
1446 4217 1599 4271 αὐτοὶ
1628 4218 1801 4271 ποιεῖν

236 4309 322 4361 οὐκ
342 4312 689 4383 αἰσχύνονται
714 4350 729 4374 ,
758 4311 846 4363 ἵνα
885 4308 1024 4363 κατά
1064 4308 1242 4362 πάντα
1270 4306 1471 4378 τρόπον
1498 4304 1678 4375 φρίξεν
1707 4305 1800 4378 ἐρ-

236 4401 471 4472 γάτωμαι
522 4404 640 4466 τοῖς
697 4400 952 4455 ἀκούουσι
1008 4398 1079 4453 τὰ
1130 4399 1259 4469 παρ’
1323 4395 1502 4450 αὐτῶν
1535 4395 1802 4466 γενόμενα

238 4493 731 4566 αἰσχρουργήματα.
768 4492 922 4546 Μετά
967 4491 1075 4563 γὰρ
1119 4492 1179 4544 τὸ
1211 4491 1440 4561 μιγῆναι
1472 4489 1633 4542 πάθει
1671 4500 1803 4559 πορ-

180 4565 194 4576 ’
236 4584 361 4648 vela;
392 4628 408 4653 ,
468 4585 923 4657 προσεπιτούτοις
1000 4582 1370 4645 ἀνατείνοντες
1429 4581 1524 4653 τὴν
1595 4579 1803 4635 ἑαυτῶν

240 4673 567 4748 βλασφημίαν
604 4679 685 4741 εἰς
715 4677 962 4749 οὐρανὸν,
996 4676 1213 4747 δέχεται
1246 4676 1343 4745 μὲν
1369 4674 1430 4728 τὸ
1460 4672 1677 4743 γύναιον
1709 4673 1803 4726 καὶ

236 4766 406 4841 ὀάνὴρ
435 4770 533 4842 τὴν
566 4770 724 4842 ῥύσιν
749 4770 847 4841 τὴν
881 4768 989 4822 ἀπὸ
1016 4768 1111 4821 τοῦ
1143 4769 1370 4839 ἄρρενος
1414 4768 1493 4829 εἰς
1525 4766 1661 4829 ἰδίας
1707 4765 1805 4819 αὑ-

235 4858 329 4910 τῶν
364 4865 553 4933 χεῖρας
576 4905 592 4928 ,
628 4861 724 4916 καὶ
750 4862 991 4914 ἵστανται
1019 4861 1097 4923 εἰς
1130 4858 1361 4931 οὐρανὸν
1386 4857 1802 4919 ἀνανεύσαντες,

1884 2316 2068 2373 sedem
2108 2334 2172 2373 ac
2225 2320 2540 2389 voraginem
2594 2336 2679 2374 me
2728 2320 3033 2376 conferam.
3096 2320 3258 2375 Varia
3308 2324 3457 2376 enim

1885 2410 2028 2479 apud
2082 2410 2202 2465 illos
2246 2410 2471 2465 nefariae
2507 2410 2798 2481 disciplina
2841 2414 3136 2482 voluptatis
3184 2422 3289 2469 est.
3334 2413 3457 2469 Pri-

1882 2517 2034 2556 mum
2068 2500 2216 2571 quod
2270 2517 2591 2558 communes
2650 2503 2791 2558 inter
2845 2520 2904 2558 se
2958 2503 3191 2560 feminas
3224 2506 3458 2563 habent.

1884 2590 1964 2646 Ac
1996 2592 2040 2646 si
2084 2593 2209 2672 quis
2260 2592 2506 2663 ejusdem
2564 2604 2731 2650 sectae
2781 2595 3106 2664 peregrinus
3150 2598 3459 2658 advenerit,

1886 2684 2103 2753 signum
2140 2684 2414 2754 quoddam
2464 2685 2565 2739 viri
2613 2700 2643 2739 a
2697 2686 2937 2750 feminis,
2997 2687 3213 2741 feminae
3262 2702 3292 2740 a
3326 2688 3462 2742 viris

1880 2773 2186 2843 accipiunt.
2238 2774 2351 2845 86
2403 2772 2531 2829 Haec
2589 2782 2771 2830 autem
2821 2774 3094 2845 ejusmodi
3149 2785 3233 2833 est
3279 2776 3461 2832 :Cum

1887 2866 2165 2933 salutandi
2219 2882 2283 2922 ac
2333 2868 2737 2938 complectendi
2784 2884 2953 2924 causa
3007 2885 3229 2924 manum
3285 2870 3465 2939 porri-

1887 2964 2046 3029 gunt,
2083 2973 2204 3014 eam
2257 2958 2398 3013 infra
2455 2960 2693 3030 palmam
2749 2961 3147 3015 contrectando
3192 2976 3257 3016 ac
3295 2962 3467 3016 defri-

1890 3063 2068 3116 cando
2094 3062 2290 3118 leniter
2334 3063 2582 3127 titillant,
2623 3079 2800 3134 eoque
2840 3065 3000 3134 signo
3049 3064 3294 3135 ejusdem
3343 3067 3467 3121 relic

1889 3154 2068 3227 gionis
2091 3154 2357 3226 hospitem
2379 3169 2501 3209 esse
2534 3155 2931 3211 demonstrant.
2952 3154 3082 3211 Inde
3109 3166 3463 3226 posteaquam

1892 3254 2083 3301 mutuo
2117 3262 2176 3304 se
2222 3248 2547 3319 agnoverint
2594 3246 2662 3301 ad
2716 3248 3029 3303 convivium
3082 3248 3464 3319 accinguntur.

1892 3340 2048 3406 Quod
2077 3340 2281 3411 ipsum,
2319 3340 2535 3396 tametsi
2566 3355 2835 3411 pauperes
2865 3341 2995 3403 sint,
3028 3341 3226 3411 ingenti
3274 3341 3465 3409 epula-

1896 3447 2016 3486 rum
2065 3441 2353 3502 apparatu,
2398 3431 2638 3501 vinoque
2689 3439 2745 3485 et
2792 3430 3057 3487 carnibus
3095 3431 3467 3487 instructissi-

1898 3538 2047 3576 mum
2084 3524 2347 3593 prtebent.
2369 3522 2550 3578 Finito
2582 3523 2837 3579 convivio
2862 3538 2992 3577 cum
3015 3523 3275 3580 satietate
3301 3537 3471 3576 venas

1899 3614 2286 3681 distenderint,
2316 3616 2384 3671 ad
2417 3615 2698 3671 libidinem
2729 3614 3087 3683 proritautur.
3119 3611 3257 3666 Tum
3290 3612 3372 3666 vir
3403 3613 3471 3666 ab

1905 3721 2076 3761 uxore
2134 3706 2424 3764 discedens
2472 3709 2553 3763 sic
2606 3722 2728 3762 eam
2790 3688 3133 3775 alloquitur:
3167 3706 3365 3775 Surge,
3419 3711 3474 3759 et

1902 3796 2058 3873 fratri
2086 3798 2410 3854 cbaritatem
2459 3799 2676 3855 exhibe.
2712 3796 2792 3852 lta
2824 3796 2891 3851 ad
2927 3796 3286 3851 concubitum
3318 3795 3473 3851 veni-

1902 3908 2010 3957 tur.
2042 3901 2216 3959 Pudet
2239 3918 2325 3959 me
2350 3903 2491 3958 bona
2525 3903 2630 3959 fide
2654 3919 2775 3974 quae
2807 3902 2952 3973 apud
2983 3903 3111 3958 illos
3151 3902 3475 3971 turpissime
3546 3918 3555 3925 ·

1904 4002 2308 4064 perpetrantur,
2344 4010 2656 4065 exponere;
2700 3992 3162 4064 quemadmodum
3214 3992 3291 4044 ait
3330 3990 3478 4060 Apo~

1904 4087 2079 4140 stolus
2115 4105 2127 4139 :
2163 4080 2305 4153 Qua!
2330 4085 2469 4153 apud
2501 4088 2643 4155 ipso:
2674 4086 2832 4154 ﬁunt,
2871 4094 3018 4152 turpe
3047 4091 3126 4137 est
3151 4090 3200 4135 et
3226 4082 3398 4135 dicere
3436 4083 3475 4132 ¹.

1906 4175 2106 4231 Verum
2147 4192 2268 4247 quae
2324 4177 2448 4232 illos
2492 4176 2679 4231 facere
2732 4174 2871 4229 nihil
2926 4172 3118 4243 pudet,
3165 4186 3345 4241 neque
3392 4186 3481 4224 me

1903 4269 2126 4340 pudebit
2157 4269 2363 4340 eloqui,
2410 4277 2469 4323 ut
2507 4269 2602 4338 qui
2651 4266 2957 4322 foedissima
3001 4266 3220 4319 illorum
3275 4262 3479 4333 Ilagitia

1905 4361 2200 4427 audierint,
2230 4361 2461 4416 horrore
2486 4359 2724 4431 quodam
2763 4358 3087 4413 afficiantur.
3116 4356 3331 4411 Etenim
3359 4371 3482 4424 pcr-

1904 4462 2028 4509 acto
2068 4461 2262 4524 stupro
2308 4453 2543 4509 subinde
2568 4451 2984 4509 contumeliosis
3016 4451 3217 4505 emtum
3253 4448 3481 4503 vocibus

1905 4563 2247 4627 appetentes,
2279 4555 2498 4625 utrique
2525 4555 2696 4609 maris
2746 4550 3071 4623 profluvium
3107 4550 3259 4605 cavis
3305 4549 3483 4603 mani-

1906 4649 2012 4704 bus
2058 4648 2360 4719 excipiunt,
2402 4663 2465 4702 ac
2511 4647 2747 4703 sublatis
2792 4660 3015 4701 rursum
3061 4643 3244 4698 oculis
3278 4642 3483 4697 foedum

1909 4741 2041 4796 illud
2086 4749 2141 4796 et
2193 4738 2561 4796 abominabile
2604 4739 2860 4794 manibus
2905 4736 3259 4809 praeferentes
3299 4735 3485 4789 consi-

1913 4843 2101 4902 stunt;
2169 4849 2233 4890 ac
2274 4850 2465 4905 preces
2504 4832 2823 4903 concipiunt
2882 4830 3147 4885 Militares
3178 4828 3485 4898 quidemet

234 4948 315 5002 ἐπὶ
342 4919 545 5024 1216a;-
566 4919 623 5006 δέ
650 4952 867 5022 ἔχοντες
892 4950 990 5021 τὴν
1022 4919 1364 5020 ἀκαθαρσίαν
1386 4964 1399 4979 ⁸
1430 4947 1524 5001 καὶ
1558 4946 1793 5017 εὔχονται

1911 4927 2160 4982 Gnostici
2193 4928 2259 4982 ad
2296 4927 2706 4990 universorum,
2738 4932 2798 4979 ut
2829 4924 3006 4987 aiunt,
3058 4930 3359 4992 parentem,
3393 4919 3482 4971 cui

235 5037 377 5109 δῆθεν
416 5045 467 5095 οἱ
506 5043 608 5114 μὲν
660 5041 1048 5116 Στρατιωτικοὶ
1088 5039 1410 5109 καλούμενοι
1450 5038 1543 5091 καὶ
1573 5038 1807 5090 Γνωστι-

235 5132 309 5184 κο).
330 5134 406 5205 τῷ
431 5136 623 5207 πατρὶ,
655 5137 808 5206 φασὶ,
842 5134 949 5188 τῶν
970 5134 1126 5196 ὅλων,
1155 5132 1555 5204 προσφέροντες
1584 5130 1716 5185 αὐτὸ
1746 5129 1807 5183 τὸ

236 5225 316 5278 ἐπὶ
371 5231 491 5291 ταῖς
545 5230 702 5298 χερσὶ
727 5267 743 5291 ,
784 5228 877 5281 καί
936 5225 1185 5294 λέγουσιν
1226 5240 1240 5255 ⁸

237 5406 486 5476 ἐσθίουσι,
525 5408 1029 5481 μεταλαμϐάνοντες
1051 5407 1151 5478 τὴν
1194 5404 1400 5459 ἑαυτῶν
1433 5402 1798 5474 ἀκαθαρσίαν·

238 5498 319 5550 καί
359 5516 524 5568 φασι·
562 5499 731 5553 Τοῦτό
779 5500 895 5553 ἐστι
939 5497 1004 5551 τὸ
1046 5496 1205 5567 σῶμα
1251 5494 1347 5549 τοῦ
1396 5493 1661 5565 Χριστοῦ·
1709 5493 1805 5546 καὶ

236 5587 383 5642 τοῦτο
417 5591 540 5643 ἐστι
590 5591 651 5645 τὸ
696 5590 905 5660 Πάσχα.
944 5588 1034 5641 Διὸ
1074 5588 1270 5659 πάσχει
1308 5585 1376 5640 τὰ
1417 5584 1659 5657 ἡμέτερα
1700 5583 1807 5636 σώ-

188 5682 195 5697 ’
240 5697 395 5753 ματα,
427 5684 524 5736 καὶ
555 5683 919 5753 ἀναγκάζεται
950 5682 1227 5753 ὁμολογεῖν
1264 5679 1324 5734 τὸ
1356 5677 1523 5741 πάθος
1555 5677 1647 5731 τοῦ
1676 5677 1809 5748 X9:-

307 5880 322 5913 ¹
362 5881 569 5954 Ephcs.
603 5902 653 5950 ι’.
692 5885 778 5941 l2.

1294 5222 1491 5291 Ἀναφέ
1501 5220 1667 5292 ρομέν
1726 5236 1808 5273 σοι

234 5314 378 5370 τοῦτο
410 5318 588 5391 δῶρον
620 5319 681 5371 τὸ
712 5318 869 5389 σῶμα
908 5316 1000 5370 τοῦ
1026 5312 1314 5388 Χριστοῦοι
1340 5313 1432 5367 καὶ
1474 5311 1647 5376 οὕτως
1677 5311 1810 5364 αὐτὸ

1907 5026 1961 5074 et
1997 5016 2146 5089 quod
2174 5018 2430 5073 manibus
2480 5023 2697 5088 gestant
2746 5015 3008 5079 offerunt,
3065 5028 3191 5067 cum
3241 5012 3345 5065 hoc
3391 5022 3485 5064 so-

1916 5112 2081 5167 lemni
2107 5111 2350 5167 carmine
2383 5131 2396 5165 :
2436 5109 2551 5165 Hoc
2588 5110 2685 5164 tibi
2734 5123 2957 5173 munus,
2998 5107 3257 5161 nimirum
3277 5103 3485 5158 Christi

1909 5217 2130 5270 corpus,
2162 5199 2445 5255 oderimus
2486 5221 2500 5255 ;
2536 5208 2700 5269 atque
2733 5198 2807 5252 ita
2846 5205 2958 5250 tum
2986 5211 3051 5250 eo
3080 5200 3399 5256 vescuntur,
3433 5202 3488 5246 et

1918 5294 2322 5363 impurissimas
2346 5307 2476 5347 suas
2497 5291 2688 5347 sordes
2702 5290 3016 5360 degustant,
3039 5287 3222 5354 itaque
3247 5285 3437 5338 dicunt
3467 5301 3479 5335 :

1931 5385 2044 5440 lloc
2075 5396 2159 5441 est
2190 5401 2393 5455 corpus
2414 5384 2654 5447 Christi;
2687 5389 2743 5436 et
2777 5382 2879 5434 hoc
2901 5387 2985 5433 est
3013 5376 3246 5431 Pascha.
3282 5374 3489 5428 Idcirco

1929 5491 2160 5546 corpora
2195 5484 2381 5531 nostra
2406 5475 2708 5546 patiuntur,
2739 5480 2794 5527 et
2823 5470 3029 5525 Christi
3059 5467 3326 5537 supplicia
3358 5481 3491 5519 con-

1926 5580 2066 5634 ﬁteri
2096 5588 2384 5651 coguntur.
2428 5575 2628 5632 Eodem
2675 5576 2835 5631 modo
2878 5576 3092 5645 quoties
3126 5570 3320 5626 mulier
3348 5584 3492 5624 men-

1921 5680 2106 5729 struos
2158 5670 2338 5727 ﬂuxus
2387 5669 2611 5743 patitur,
2660 5665 3023 5724 fmdissimum
3073 5665 3223 5721 illum
3272 5659 3492 5732 sangui-
