4022 6424
317 428 424 487 331

327 563 560 617 μενον;
620 548 752 603 Ὅτι
800 549 896 601 οὐκ
945 544 1051 619 ἦν,
1106 550 1273 619 φασί,

352 641 680 695 Ἐνεπνέετο
713 640 818 712 γὰρ
847 641 951 694 ὑπὸ
980 640 1187 694 πολλῶν
1226 643 1554 712 πνευμάτων
1591 641 1731 695 κατά
1762 641 1930 694 κάλα-

347 751 446 803 μον
473 733 567 786 τὸν
598 734 698 786 ἐπὶ⁹
725 735 935 804 ἑκάστῳ
975 733 1163 803 ἀνέμῳ
1188 732 1523 804 κινούμενον.
1562 734 1676 786 Καὶ
1711 735 1797 787 ὅτε
1831 734 1929 803 μὲν

341 826 547 895 ἤρχετο
596 824 661 877 τὸ
694 825 909 894 πνεῦμα
956 824 1052 877 τοῦ
1085 825 1375 896 ἄρχοντος,
1436 827 1762 898 Ἰουδαῖσμὸν
1795 829 1928 901 ἐκή-

346 932 540 984 ρυττεν
561 933 573 946 ·
608 916 699 968 ὅτε
736 916 793 967 δὲ
830 915 889 968 τὸ
935 915 1159 985 Πνεῦμα
1187 918 1249 969 τὸ
1296 917 1449 985 ἅγιον
1475 956 1489 981 ,
1530 919 1659 988 περὶ
1689 918 1926 990 Χριστοῦ

341 1006 547 1059 ἐλάλει.
584 1007 694 1061 Καὶ
712 1004 869 1059 τοῦτό
892 1008 1029 1069 ἐστι,
1060 1007 1241 1075 φασὶν,
1278 1009 1359 1061 ὅτι
1402 1009 1453 1060 '0
1480 1013 1830 1078 μικρότερος
1857 1012 1929 1064 ἐν

343 1096 421 1165 τῇ
446 1098 736 1166 ,ϐασιλείᾳ
760 1100 877 1153 τῶν
898 1102 1170 1171 οὐρανῶν
1201 1103 1333 1172 (74).
1356 1103 1490 1175 Περὶ
1517 1103 1705 1174 ήμῶν,
1739 1104 1923 1173 φασὶν,

341 1184 545 1253 εἶπεν,
604 1191 686 1244 ὅτι
736 1192 766 1245 6
816 1194 874 1246 ὲν
940 1195 1071 1264 ήμῖν
1124 1195 1446 1266 μικρότερος
1504 1195 1703 1266 μείζων
1760 1194 1923 1249 αὐτοῦ

342 1279 606 1350 ὑπάρχει.

1384 1460 1412 1483 ο

272 1618 281 1623 .
418 1548 492 1600 Z'.
528 1547 637 1599 Καὶ
659 1547 819 1611 εὐθὺς
844 1549 1286 1620 ἐπιστομίζονται
1314 1553 1363 1604 oi
1383 1551 1609 1605 τοιοῦτοι
1635 1552 1728 1605 ἀπ’
1752 1552 1920 1623 αὐτῆς

337 1639 445 1706 τῆς
478 1638 754 1711 ἀληθείας.
806 1640 899 1695 Ἐκ
944 1643 1054 1714 γάρ
1101 1644 1207 1698 τῶν
1240 1643 1680 1714 συνεζευγμένων
1716 1646 1922 1717 ἑκάστῃ

342 1729 489 1792 λέξει
522 1731 822 1797 ἀναφανδὸν
854 1734 887 1803 ή
918 1733 1144 1803 ἀλήθεια
1169 1735 1535 1806 δειχθήσεται,
1568 1738 1661 1791 καὶ
1689 1741 1755 1791 τὸ
1773 1738 1922 1808 ἐχέγ-

340 1836 478 1885 γυον
507 1821 609 1889 τῆς
638 1822 889 1892 φράσεως
902 1823 1315 1894 ἀποδοθήσεται.
1344 1828 1406 1879 El
1435 1829 1534 1898 μὲν
1563 1828 1671 1899 γὰρ
1692 1830 1721 1882 6
1740 1829 1921 1882 Ἰωάν-

339 1927 445 1980 νης
473 1910 693 1980 μαλακά
728 1912 1015 1982 ήμφίεστο,
1047 1916 1138 1967 καὶ
1165 1916 1223 1968 ὲν
1255 1917 1422 1980 οἴκοις
1452 1917 1715 1985 βασιλέων
1743 1920 1923 1991 ὑπῆρ-

342 2019 475 2071 χενθ
508 2002 641 2075 ὀρθὴ
683 2003 750 2057 ἂν
792 2005 927 2076 πρὸς
972 2006 1133 2060 αὑτὸν
1165 2010 1197 2079 ἠ
1229 2008 1405 2074 λέξις,
1435 2011 1531 2063 καὶ
1564 2012 1747 2065 εὐθεῖα
1785 2013 1922 2083 πρὸς

339 2092 567 2162 ἔλεγχον
601 2091 693 2146 τοῦ
735 2093 898 2148 αὑτοῦ
953 2095 1214 2168 ὑπῆρχεν.
1248 2099 1311 2151 Et
1366 2100 1422 2153 δὲ
1446 2142 1461 2166 ,
1527 2101 1588 2154 Τί
1637 2101 1922 2167 ἐξήλθετε

341 2185 538 2249 Mair;
564 2185 877 2255 ἄνθρωπον
901 2189 971 2242 ἐν
990 2190 1289 2259 μαλακοῖς
1314 2194 1569 2261 Ιματίοις
1595 2194 1920 2265 ἠμφιεσμέο

336 2295 492 2344 νον;
520 2279 613 2332 καὶ
655 2280 750 2349 οὐχ
790 2279 964 2344 οὕτως
1010 2279 1155 2352 εἶχεν
1180 2324 1195 2347 ,
1233 2284 1415 2338 οὐκέτι
1461 2285 1521 2338 τὸ
1550 2285 1798 2358 ἔγκλημα
1829 2289 1921 2343 ἐπὶ

337 2371 435 2423 τὸν
466 2371 527 2423 οὐ
564 2371 780 2442 μαλακᾶ
822 2373 1090 2445 φοροῦντα
1149 2376 1401 2449 Ἰωάννην
1447 2378 1539 2432 τοῦ
1615 2380 1773 2449 λόγου
1821 2383 1920 2436 ἐπ-

337 2460 613 2522 ενεκτέον,
637 2461 775 2516 ἀλλά
804 2463 896 2515 ἐπὶ
921 2466 1047 2528 τοὺς
1064 2464 1236 2529 οὕτως
1260 2468 1512 2540 εὑρήσειν
1541 2470 1633 2524 τὸν
1672 2472 1920 2544 Ἰωάννην

335 2552 706 2623 νομίσαντας,
738 2554 833 2606 καὶ
871 2553 975 2607 ὑπὸ
1006 2554 1113 2609 τῶν
1158 2556 1304 2611 ἔνδον
1346 2562 1404 2612 ὲν
1455 2561 1624 2624 οίκοις
1656 2560 1920 2631 βασιλέων

338 2643 603 2706 πολλάκις
635 2644 775 2699 κατά
802 2646 1089 2718 ὑπόκρισιν
1114 2649 1598 2721 κολακευομένους.
1641 2655 1920 2725 Ἐνόμιζον

334 2733 451 2804 γάρ
481 2726 648 2799 οὗτοι,
683 2733 1039 2805 ἐξερχόμενοι’
1065 2739 1159 2792 καὶ
1191 2740 1345 2811 παρὰ
1387 2743 1630 2797 Ἰωάννου
1666 2745 1920 2809 ἐπαίνους

338 2827 641 2899 εὑρίσκειν,
673 2828 768 2882 καὶ
801 2834 1182 2902 μακαρισμοὺς
1211 2834 1305 2887 ἐπὶ
1336 2837 1448 2898 τοῖς
1472 2836 1564 2888 ὑπ’
1588 2837 1766 2892 αὐτῶν
1795 2838 1917 2891 καθ’

338 2918 582 2987 ἑκάστην
630 2919 842 2990 ἡμέραν
882 2922 1190 2992 γινομένοις
1236 2925 1695 2996 παραπτώμασιν.
1746 2929 1834 2991 Ὠς
1860 2930 1915 2982 δὲ

335 3018 440 3089 οὐχ
479 3012 679 3092 ηὗρον,
727 3022 1139 3092 ἀνατρεπτικῶς
1170 3020 1323 3094 παρά
1366 3020 1460 3075 τοῦ
1495 3021 1748 3092 Σωτῆρος
1781 3021 1916 3092 πρὸς

333 3110 536 3175 αὐτοὺς
560 3114 774 3184 εἴρηται
791 3154 804 3177 ,
831 3115 912 3167 ὃτι
950 3116 1015 3168 Τί
1041 3115 1321 3186 ἐνομίζετε
1364 3114 1671 3185 εὑρίσκεινς
1698 3114 1916 3184 Συμπε-

1022 433 1393 489 ADVERSUS
1428 433 1768 487 IIIEIII'ZSES
1808 431 1932 486 LIB.
1978 430 2017 488 I.
2054 431 2222 487 ΤΟΜ.
2256 431 2317 485 II.
2360 458 2426 472 -
2458 430 2733 485 Il/ERES.
2782 431 2967 486 XXVI.

1355 548 1558 613 τέλειος
1588 551 1617 602 6
1652 548 1918 620 Ἰωάννης.

2036 547 2222 601 existis
2262 549 2315 601 in
2346 548 2611 602 desertum
2645 547 2857 602 ridere?
2897 546 3222 601 Arundinem
3268 559 3414 601 rente
3436 554 3609 620 agita-

2033 649 2154 692 tam
2180 640 2195 670 ⁸
2218 640 2241 693 ?
2266 639 2444 707 Quod,
2469 649 2529 694 ut
2562 646 2839 703 asserunt,
2871 639 3113 694 nondum
3160 652 3307 694 esset
3335 642 3608 711 perfectus

2035 727 2300 785 Joannes.
2324 728 2461 784 Nam
2495 745 2522 783 a
2556 731 2809 801 pluribus
2840 732 3017 786 ventis
3043 730 3407 801 perﬂabatur;
3444 750 3609 789 arun-

2032 821 2180 876 dinis
2213 837 2384 887 more,
2420 837 2541 892 qua:
2574 821 2642 875 ad
2677 838 3125 893 unumquemque
3160 833 3380 878 Ventum
3436 826 3608 897 agita-

2028 916 2144 971 tur.
2185 914 2374 983 Itaque
2402 929 2527 969 cum
2561 915 2613 969 in
2650 931 2774 969 eum
2815 915 3086 986 principis
3126 915 3353 985 spiritus
3396 916 3608 971 incum-

2030 1008 2208 1070 beret,
2275 1005 2563 1061 Judaicum
2616 1008 2823 1061 cultum
2881 1008 3251 1078 praedicabat;
3298 1024 3419 1063 cum
3477 1023 3607 1063 vero

2033 1098 2285 1168 Spiritus
2319 1106 2546 1153 sanctus
2573 1097 2876 1162 adveniret,
2927 1099 2995 1154 de
3041 1098 3262 1155 Christo
3296 1114 3604 1155 sermonem

2033 1189 2383 1244 instituebat.
2417 1190 2537 1257 Quo
2560 1190 2778 1259 quidem
2823 1189 2938 1245 haec
2987 1191 3150 1245 verba
3192 1190 3467 1260 pertinere
3508 1206 3606 1260 pu-

2029 1289 2195 1335 tant:
2237 1283 2343 1349 Qui
2389 1283 2562 1336 minor
2584 1292 2661 1337 est
2692 1284 2754 1335 'in
2807 1299 2965 1353 regno
3003 1284 3249 1337 ca’lorum
3297 1283 3472 1353 major
3526 1292 3605 1337 est

2027 1373 2121 1426 illo
2146 1375 2185 1445 ἐ.
2221 1372 2434 1445 Quippe
2467 1375 2535 1429 ad
2564 1389 2665 1430 nos
2699 1375 2801 1429 ista
2830 1374 3159 1441 referuntur,
3209 1376 3381 1434 aiunt.
3417 1385 3468 1430 ut
3510 1376 3604 1445 qui

2026 1444 2171 1516 inter
2192 1479 2292 1519 nos
2332 1444 2522 1519 ﬁtninor
2553 1473 2657 1531 est,
2683 1465 2731 1521 is
2773 1463 2984 1520 Joanne
3016 1465 3087 1519 sit
3112 1465 3473 1534 praestantior.

2100 1552 2214 1610 VII.
2254 1552 2460 1609 Verum
2499 1570 2561 1610 os
2594 1556 2708 1611 illis
2736 1556 2971 1610 subinde
3011 1571 3040 1608 a
3074 1555 3300 1610 veritate
3326 1557 3439 1624 ipsa
3468 1571 3598 1625 pue-

2024 1642 2288 1698 cluditur.
2324 1643 2468 1698 Nam
2498 1661 2561 1699 ex
2598 1645 2666 1699 iis
2694 1660 2816 1715 qua:
2841 1659 2965 1699 cum
3004 1660 3334 1715 unaquaque
3364 1646 3604 1701 dictione

2026 1747 2278 1787 connexa
2307 1740 2457 1796 sunt,
2492 1734 2783 1805 perspicue
2814 1734 3020 1789 veritas
3044 1736 3348 1804 apparebit,
3381 1750 3445 1789 ac
3471 1733 3605 1805 quid

2030 1825 2290 1896 loquendi
2340 1826 2537 1880 rationi
2579 1833 3014 1881 consentaneum
3056 1826 3129 1881 sit
3159 1827 3468 1881 certissima
3500 1828 3605 1884 [ide

2031 1919 2454 1974 monstrabitur.
2486 1916 2697 1971 Etenim
2727 1918 2772 1974 si
2793 1917 3035 1974 Joannes
3071 1919 3414 1974 mollioribus
3436 1920 3605 1975 vesti-

2024 2008 2129 2065 bus
2164 2016 2431 2075 uteretur,
2465 2019 2628 2079 atque
2668 2010 2720 2063 in
2762 2010 3073 2079 principum
3109 2010 3327 2080 palatiis
3355 2011 3601 2080 degeret,

2023 2108 2176 2156 recta
2207 2100 2388 2170 ipsum
2422 2116 2527 2155 vox
2564 2100 2653 2154 illa
2684 2109 2912 2171 peteret,
2944 2109 3000 2156 et
3041 2101 3096 2155 in
3145 2100 3266 2169 ejus
3317 2101 3603 2171 repnehen-
3688 2112 3691 2115 ‘

2027 2195 2239 2249 sionem
2273 2201 2422 2248 esset
2470 2193 2589 2249 sine
2621 2193 2731 2247 ulla
2770 2193 2994 2264 ambage
3038 2193 3256 2248 collata.
3300 2193 3436 2247 Cum
3471 2198 3600 2247 vero

2026 2287 2102 2341 ita
2135 2286 2350 2342 locutus
2396 2284 2609 2341 fuerit:
2661 2284 2803 2351 Quid
2847 2286 3033 2341 existis
3067 2285 3282 2340 videre?
3336 2285 3600 2340 hominem

2023 2377 2275 2432 mollibus
2325 2378 2651 2433 vestimentis
2702 2377 2941 2431 indutum
2990 2378 3048 2431 'i
3103 2377 3249 2433 istud
3310 2393 3472 2448 porro
3529 2379 3599 2433 ab

2023 2467 2235 2525 Joanne
2285 2470 2478 2540 procul
2526 2469 2786 2534 abfuerit,
2831 2469 2968 2525 nihil
3014 2477 3099 2525 est
3133 2485 3233 2525 cur
3281 2470 3445 2541 hujus
3492 2471 3596 2525 loci

2025 2559 2467 2613 criminationem
2496 2558 2689 2615 referri
2720 2560 2785 2614 ad
2813 2558 3077 2614 Joannem
3111 2560 3467 2624 arbitremur,
3502 2560 3595 2630 qui

2024 2649 2316 2705 delicatum
2331 2649 2480 2703 illum
2497 2650 2702 2703 cultum
2718 2649 2942 2705 minime
2953 2650 3195 2704 omnium
3211 2650 3449 2705 adhibuit
3467 2667 3483 2716 ;
3502 2648 3597 2704 sed

2021 2741 2089 2796 ad
2123 2757 2218 2798 eos
2243 2743 2449 2813 potius,
2486 2741 2580 2811 qui
2610 2740 2879 2811 ejusmodi
2904 2756 2963 2797 se
2986 2738 3251 2797 Joannem
3282 2749 3601 2811 reperturos

2023 2834 2309 2903 putabant,
2346 2833 2662 2904 quibusque
2710 2833 2911 2903 saepius
2941 2834 3152 2888 adulari
3201 2833 3378 2889 solent
3418 2832 3455 2887 ii
3504 2833 3598 2905 qui

2024 2914 2333 2995 principum
2365 2925 2521 2979 aulas
2554 2938 2617 2977 ac
2654 2924 2856 2995 palatia
2910 2923 3283 2994 frequentant.
3319 2923 3596 2980 Exeuntes

2018 3015 2161 3069 enim
2192 3014 2271 3068 illi
2311 3014 2704 3070 collaudandos
2747 3029 2809 3070 se
2834 3015 2902 3069 ab
2940 3014 3172 3080 Joanne,
3206 3026 3260 3070 et
3285 3016 3356 3070 ob
3385 3031 3450 3071 ea
3476 3031 3597 3086 qme

2020 3105 2077 3160 in
2105 3105 2222 3161 dies
2257 3106 2552 3176 patrabant
2576 3106 2783 3161 scelera
2836 3105 3029 3163 felices
3073 3108 3451 3178 pradicandos
3488 3111 3597 3165 exi-

341 3202 698 3272 pt<p$p6pswv
736 3205 845 3266 τοῖς
877 3204 1030 3274 ὑμῶν
1072 3204 1301 3258 πάθεσιν
1328 3203 1631 3275 ἄνθρωπον,
1668 3202 1742 3266 ὡς
1775 3201 1914 3255 κατὰ

2024 3199 2339 3253 stimabant.
2381 3198 2498 3266 Qua
2533 3214 2631 3268 spe
2663 3213 2786 3253 cum
2829 3209 3017 3255 essent
3068 3199 3340 3266 frustrati,
3378 3201 3445 3255 ad
3497 3190 3595 3257 eos

334 3296 467 3360 τοὺς
497 3296 714 3368 μαλακά
743 3296 1075 3369 φοροῦντας;
1120 3300 1231 3370 Οὐχ
1268 3298 1459 3363 οὕτως.
1503 3301 1578 3352 Οὐ
1614 3299 1723 3371 γάρ
1766 3301 1913 3352 ἐστιν

349 3387 605 3458 Ἰωάννης
635 3388 881 3459 κάλαμος
925 3389 1280 3460 σαλευόμενος
1312 3388 1557 3461 γνώμαις
1591 3389 1910 3462 ἀνθρώπων,

334 3477 417 3540 ὡς
438 3477 753 3549 δονούμενος
784 3479 1027 3550 κάλαμος
1052 3480 1157 3533 ὑπὸ
1194 3481 1429 3551 ἑκάστης
1454 3480 1755 3553 ἀνθρώπων
1783 3483 1916 3535 ὑπο-

336 3570 574 3638 κρίσεως
600 3570 693 3623 καὶ
730 3571 965 3641 ἀπάτης.
1006 3572 1223 3644 Ἐπειδὴ
1252 3572 1309 3625 δὶ
1338 3569 1492 3650 εἶπεν
1515 3614 1529 3639 ,
1569 3576 1668 3627 Ἐν
1698 3588 1912 3644 γεννη-

333 3659 456 3726 τοῖς
478 3659 778 3730 γυναικῶν
801 3664 912 3717 οὐκ
933 3661 1064 3718 ἔστι
1074 3663 1287 3733 μείζων
1303 3663 1599 3729 Ἰωάννου,
1619 3665 1705 3718 ἵνα
1739 3666 1812 3736 μή
1835 3682 1916 3718 τι-

334 3768 429 3814 νες
457 3750 719 3821 νομίσωσι
739 3753 831 3806 καὶ
858 3752 1023 3807 αὐτοῦ
1042 3755 1137 3808 τοῦ
1149 3755 1402 3826 Σωτῆρος
1423 3756 1645 3826 μείζονα
1666 3751 1803 3809 εἶναι
1823 3756 1915 3809 τὸν

348 3842 628 3915 Ἰωάννην,
661 3844 742 3897 ὅτι
764 3844 859 3898 καὶ
882 3845 1047 3910 ,αὐτὸς
1072 3849 1100 3901 6
1128 3848 1317 3919 Σωτὴρ
1346 3848 1453 3902 ὑπὸ
1486 3849 1740 3917 γυναικὸς
1764 3850 1916 3917 ἐγενο

333 3932 474 4006 νήθη
507 3974 521 3999 ,
576 3936 677 4007 τῆς
725 3937 1084 4011 ἀειπαρθένου
1136 3940 1353 4012 Μαρίας
1383 3981 1398 4007 ,
1461 3940 1549 3994 διὰ
1603 3940 1916 4011 Πνεύματος

336 4025 517 4092 ἁγίου,
544 4024 975 4099 ἀσφαλιζόμενος
1008 4028 1156 4099 ἡμᾶς
1177 4028 1283 4101 ἔφη
1302 4069 1316 4094 ,
1356 4031 1439 4084 ὄτι
1488 4032 1544 4084 '0
1566 4032 1917 4101 μικρότερος

331 4116 545 4179 αὑτοῦ,
572 4117 818 4172 τουτέστι
846 4118 922 4190 τῷ
955 4122 1132 4193 χρόνῳ
1165 4120 1296 4192 (74⁸)
1332 4120 1435 4192 τῆς
1463 4122 1727 4194 ὲνσάρκου
1750 4121 1915 4176 αὑτοῦ

333 4209 659 4279 παρουσίας,
685 4209 899 4278 pem.»-
933 4210 1119 4267 αὑτοῦ
1135 4212 1307 4265 ἐστιν
1324 4194 1394 4265 ἐν
1412 4211 1490 4279 τῇ
1499 4212 1787 4282 ,βασιλείᾳ
1800 4214 1917 4269 τῶν

330 4299 627 4368 οὐρανῶν.
680 4301 895 4373 Ἐπειδὴ
943 4303 1054 4375 γάρ
1105 4303 1243 4375 μετά
1276 4302 1544 4376 ἑξάμηνον
1593 4307 1856 4380 ἐγεννήθη
1888 4310 1917 4363 6

329 4391 528 4461 Σωτὴρ
578 4391 679 4462 τῆς
730 4392 977 4447 Ἰωάννου
1025 4396 1328 4466 γεννήσεως
1359 4434 1372 4459 ,
1423 4395 1666 4466 δηλονότι
1713 4398 1916 4468 μείζων

328 4482 502 4535 αὐτοῦ
539 4481 631 4539 ῶν.
667 4480 777 4538 Ἦν
802 4484 912 4556 γὰρ
948 4486 1069 4550 ἀεὶ,
1110 4488 1203 4539 καὶ
1230 4487 1367 4540 ἐστι.
1417 4487 1538 4541 Τίνι
1578 4488 1634 4541 δὲ
1668 4488 1824 4543 τοῦτο
1851 4492 1912 4544 οὑ

2017 3289 2351 3346 refellendos
2386 3291 2466 3344 ita
2497 3290 2749 3344 Salvator
2780 3292 2999 3346 loeutus
3027 3301 3151 3347 est:
3187 3290 3330 3357 Quid
3372 3307 3469 3347 vos
3500 3309 3595 3346 na-

2018 3391 2208 3438 cturos
2237 3396 2361 3438 esse
2388 3381 2743 3454 credebatis?
2777 3380 3136 3439 Hominemne
3165 3382 3257 3453 qui
3305 3397 3364 3437 se
3410 3383 3595 3453 pravis

2021 3475 2191 3530 animi
2223 3474 2393 3531 vestri
2431 3474 2816 3530 affectionibus
2863 3475 3327 3539 accommodaret,
3368 3474 3524 3545 quod
3560 3476 3594 3529 ii

2022 3567 2233 3623 faciunt
2272 3568 2367 3638 qui
2417 3566 2766 3621 mollioribus
2806 3565 3053 3621 vestibus
3102 3566 3448 3621 induuntur?
3498 3566 3596 3621 Mi-

2020 3662 2168 3717 nime
2198 3676 2350 3716 vero.
2384 3658 2501 3715 Non
2535 3661 2682 3715 enim
2712 3657 2956 3715 Joannes
2991 3658 3205 3713 arundo
3236 3659 3482 3729 qturdam
3514 3666 3597 3715 est

2023 3754 2306 3809 hominum
2333 3754 2687 3823 opinionibus
2734 3752 2957 3823 agitata,
2989 3753 3073 3807 vel
3108 3753 3354 3822 qualibet
3404 3767 3594 3807 eorum

2023 3845 2216 3901 fraude
2277 3860 2341 3900 ac
2406 3844 2759 3900 simulatione
2813 3859 3110 3899 concussa.
3162 3842 3268 3899 Sed
3334 3845 3592 3915 quoniam

2021 3939 2157 3995 illud
2194 3938 2471 4009 adjecerat
2504 3956 2516 3991 :
2552 3937 2701 3991 Inter
2741 3946 2892 3991 natos
2918 3937 3198 3991 mulierum
3220 3953 3324 3991 non
3364 3941 3596 4014 surrexit

2020 4032 2198 4101 major
2227 4029 2435 4084 Joanne
2463 4029 2709 4097 Baptista
2731 4028 2772 4092 ⁸,
2800 4043 2868 4082 ne
2892 4029 3015 4098 quis
3043 4025 3308 4088 Joannem
3342 4027 3446 4083 sibi
3473 4043 3597 4097 per-

2019 4121 2302 4185 suaderet,
2330 4120 2494 4175 etiam
2529 4119 2648 4190 ipso
2691 4119 2977 4173 Salvatore
3003 4133 3127 4173 esse
3165 4118 3452 4189 majorem,
3483 4119 3598 4189 89

2019 4226 2130 4282 quo
2159 4211 2206 4266 is
2237 4225 2268 4264 a
2313 4209 2562 4275 muliere,
2596 4208 2858 4263 nimirum
2910 4208 3068 4263 beata
3107 4222 3434 4278 semperque
3472 4207 3595 4263 Vir-

2019 4306 2147 4377 gine
2184 4303 2355 4358 Maria
2400 4316 2497 4373 per
2545 4300 2809 4372 Spiritum
2860 4307 3115 4355 sanctum
3160 4307 3305 4357 esset
3353 4301 3591 4370 genitus.

2021 4402 2081 4451 ut
2117 4410 2218 4451 nos
2247 4401 2439 4450 contra
2484 4392 2633 4447 hunc
2670 4407 2915 4447 errorem
2942 4392 3263 4458 instrueret,
3308 4392 3542 4462 subjecit
3576 4410 3589 4445 :

2026 4488 2133 4555 Qui
2163 4488 2333 4541 minor
2366 4494 2444 4541 est
2479 4486 2534 4540 in
2583 4501 2741 4555 regno
2794 4484 3068 4548 caelorum,
3128 4485 3302 4555 major
3346 4494 3425 4539 est
3466 4469 3590 4540 illo.

326 4573 491 4644 δῆλόν
521 4577 694 4641 ὲστινς
728 4576 871 4647 Ἀρα
901 4576 1033 4644 γοῦν
1062 4577 1306 4647 ματαίως
1340 4576 1408 4631 τά
1441 4578 1618 4633 πάντα
1656 4584 1784 4651 παρ’
1814 4583 1912 4635 αὐ-

2024 4580 2181 4649 Quod
2217 4580 2468 4635 videlicet
2508 4578 2723 4633 ratione
2777 4578 3039 4649 temporis
3055 4583 3138 4633 est
3171 4578 3238 4633 ab
3280 4593 3344 4633 eo
3388 4577 3593 4633 dictqu

325 4668 446 4732 τοῖς
489 4669 915 4741 πεποιήτευται,
960 4669 1068 4724 ἀπὸ
1118 4670 1337 4741 ἀγαθῶν
1382 4673 1464 4738 είς
1511 4674 1688 4744 φαῦλα
1740 4695 1907 4749 μετα⁹

326 4757 499 4827 ὄεσλη
508 4758 662 4829 μένα.

2021 4690 2134 4747 quo
2160 4673 2214 4729 in
2270 4677 2419 4727 hunc
2448 4670 2716 4726 mundum
2751 4669 2991 4725 humana
3031 4685 3198 4725 carne
3223 4670 3482 4742 praeditus
3506 4669 3597 4726 ad-

2025 4769 2195 4833 venit,
2224 4767 2487 4838 quoniam
2522 4779 2680 4821 seno
2725 4779 2754 4818 a
2797 4763 3026 4821 Joannis
3073 4765 3362 4821 nativitate
3409 4780 3596 4819 mense

262 4913 271 4922 _
323 4851 589 4909 Christus
619 4860 703 4909 est
760 4854 814 4908 in
867 4855 1043 4909 lucem
1076 4854 1277 4911 editus.
1320 4855 1426 4923 Qui
1457 4857 1601 4914 haud
1656 4860 1822 4917 dubie
1875 4866 2056 4936 major
2090 4867 2212 4919 erat
2253 4859 2371 4923 illo,
2415 4872 2536 4915 cum
2576 4864 2629 4912 et
2668 4858 2739 4912 sit
2764 4872 2980 4927 semper
3007 4863 3063 4912 et
3101 4856 3284 4912 fuerit.
3319 4857 3453 4922 Quis
3494 4855 3593 4909 hoc

325 4960 463 5000 vero
490 4954 666 5015 potest
695 4946 994 5016 ignorare?
1027 4945 1253 5002 Frustra
1287 4949 1449 5020 igitur
1482 4951 1551 5005 ab
1594 4951 1703 5007 illis
1733 4958 2044 5027 excogitata
2072 4961 2202 5009 sunt
2231 4951 2439 5016 omnia,
2478 4957 2531 5005 et
2557 4964 2622 5004 ex
2653 4948 2814 5003 bonis
2840 4948 2894 5002 in
2924 4947 3065 5001 mala
3096 4962 3381 5003 conversa.

401 5036 482 5090 H'.
523 5036 633 5089 Καὶ
676 5036 744 5090 τά
773 5036 870 5107 μὲν
905 5036 1085 5107 βιϐλία
1113 5036 1290 5091 αὐτῶν
1321 5038 1523 5093 πολλά’
1565 5041 1911 5112 Ἐρωτήσεις

322 5128 440 5198 γάρ
458 5145 612 5192 τινας
642 5129 863 5201 Μαρίας
888 5130 1193 5184 ἐκτίθενται
1214 5148 1227 5161 ·
1264 5131 1413 5187 ἄλλοι
1440 5132 1497 5186 δὲ
1532 5134 1612 5197 εἰς
1652 5134 1745 5188 τὸν
1775 5152 1910 5207 προ·

2084 5040 2223 5097 VIII.
2281 5040 2550 5095 Caeterum
2613 5038 2734 5092 libri
2790 5052 2958 5106 penes
3024 5036 3151 5093 illos
3202 5037 3592 5108 quamplurimi

2009 5141 2158 5191 sunt.
2205 5132 2341 5187 Nam
2390 5129 2843 5202 lnterrogationes
2889 5125 3153 5198 quasdam
3188 5127 3369 5182 Maria:
3407 5127 3591 5181 vetuli-

321 5218 618 5290 ειρημένον
668 5220 1020 5297 Ἰαλδαϐαῲθ,
1063 5222 1144 5285 είς
1171 5222 1346 5295 ὄνομα
1375 5223 1432 5277 δὲ
1461 5224 1554 5299 τοῦ
1597 5225 1703 5295 Σὴθ
1739 5226 1910 5281 πολλά

2034 5235 2147 5283 ant.
2174 5221 2280 5279 Alii
2313 5225 2380 5280 de
2410 5240 2475 5280 eo
2500 5239 2657 5295 quem
2681 5221 2920 5276 diximus
2957 5220 3277 5276 Jaldabaoth
3305 5220 3408 5276 sub
3439 5219 3591 5277 Scthi

324 5309 511 5379 βιϐλία
535 5310 903 5365 ὑποτίθενται.
943 5312 1336 5384 Ἀποκαλὺψεις
1355 5313 1412 5367 δὲ
1436 5314 1530 5368 τοῦ
1560 5314 1730 5386 Ἀδὰμ
1745 5316 1911 5380 ἄλλας

320 5397 612 5468 λέγουσιν’
655 5400 948 5471 εὐαγγέλια
991 5402 1048 5456 δὲ
1073 5403 1236 5475 ἕτερα
1276 5406 1356 5468 είς
1385 5404 1554 5475 ὄνομα
1596 5406 1705 5480 τῶν
1737 5405 1907 5478 μαθηο

405 5556 421 5588 ⁸
449 5554 641 5612 Matth.
676 5574 751 5626 ιι,
781 5558 836 5614 7.
913 5562 934 5591 ’
966 5560 1096 5617 ibid.
1129 5562 1214 5617 II.
1294 5562 1314 5595 ³
1343 5562 1473 5617 ibid.
1507 5563 1558 5617 8.
1638 5563 1659 5596 ⁸
1686 5562 1816 5617 ibid.
1853 5564 1939 5619 11.

401 5711 514 5787 ζμ)
535 5712 694 5770 Forte
707 5715 1014 5787 addendum
1038 5717 1237 5787 μείζων
1256 5717 1419 5772 αὐτοῦ
1435 5720 1598 5773 ἐστιν.
1621 5717 1714 5770 En.
1730 5719 1900 5772 I'nu.

402 5782 539 5856 (ῖ-ιο)
580 5785 861 5840 Τουτέστι
912 5786 991 5851 τῷ
1037 5782 1248 5856 κρόνῳ.
1284 5787 1483 5841 Lucum
1531 5804 1595 5840 ex
1646 5790 1905 5842 Vaticano

328 5853 523 5910 codice
558 5871 673 5911 sua:
712 5856 1012 5927 integritati
1038 5853 1405 5914 'rt‘stituituus.
1452 5859 1604 5925 Quod
1645 5860 1709 5914 ad
1736 5876 1904 5916 cvan-

2008 5318 2229 5374 nomine
2263 5316 2573 5387 complures
2618 5315 2787 5370 libros
2844 5315 3221 5386 supposititios
3268 5313 3587 5369 obtrudunt.

2011 5406 2117 5462 Sed
2149 5414 2204 5461 et
2235 5405 2425 5461 Adami
2468 5406 2828 5462 revelationes
2861 5405 3017 5471 alias,
3048 5412 3104 5458 ct
3140 5404 3245 5460 alia
3270 5404 3397 5460 item
3428 5420 3593 5461 evan-

2012 5715 2169 5784 gelici
2242 5712 2596 5784 illius__loci
2630 5726 2850 5784 sensum
2913 5709 3127 5773 altiuct,
3189 5710 3380 5784 eodem
3426 5707 3589 5784 tundo

2011 5780 2294 5865 Clirysost.
2318 5793 2371 5841 et
2395 5781 2836 5853 'I‘hcophylactus
2866 5791 3165 5850 exponunt,
3202 5796 3312 5850 quo
3344 5780 3585 5849 l‘lpiplta»

2012 5872 2157 5911 111115.
2429 5882 2435 5890 '
