4022 6430
532 403 636 459 διίὸ

1951 402 2006 456 S.
2051 402 2389 459 I-LI’II’IIANII

3674 409 3762 464 ΞΗ

537 521 679 591 gelia
710 520 847 578 falsa
881 520 1275 591 discipulorum
1323 517 1545 572 nomine
1593 518 1941 572 conscribere
1989 528 2118 573 sunt

2238 522 2328 575 τῶν
2373 522 2790 592 συγγρᾶψασοαι
2819 523 3220 594 τετολμήκασιν
3238 536 3253 555 ο
3292 523 3454 577 αὐτόν
3478 539 3535 576 τε
3559 523 3643 578 τὸν
3670 527 3766 581 Σιω-

486 602 493 613 ’
536 614 680 670 ausi.
716 613 825 672 Nec
852 630 948 669 eos
982 614 1167 668 dicere
1206 613 1371 683 pudet
1403 610 1743 665 Salvatorem
1774 619 2021 667 nostrum
2053 627 2117 668 ac

542 702 831 758 Dominum
863 701 1050 758 Jcsum
1093 700 1373 755 Christum
1417 699 1687 768 ejusmodi
1719 715 1814 769 per
1861 714 1983 755 sese
2010 707 2121 755 tur-

538 794 841 864 pitudinem
862 803 1217 848 monstrasse.
1262 790 1476 847 Etenim
1508 791 1561 845 in
1593 789 1776 845 Maria
1812 790 2121 863 Interroga-

543 884 777 939 tiouibus
814 900 954 955 quas
984 885 1224 954 majores
1255 893 1452 938 vocant
1483 883 1635 955 (sunt
1672 884 1817 939 enim
1862 884 1980 938 aliae
2025 884 2122 939 mi-

540 991 704 1031 nores
756 974 982 1045 perinde
1030 975 1461 1045 commentitiae),
1513 975 1660 1029 hunc
1687 974 1764 1028 illi
1798 974 2122 1045 patefecisse

543 1068 774 1139 ﬁngunt,
806 1083 930 1124 cum
982 1084 1103 1124 eam
1146 1069 1204 1124 in
1246 1075 1488 1123 montem
1520 1067 1823 1134 eduxisset,
1867 1077 2123 1139 essetque

542 1166 820 1225 precatus,
863 1174 929 1215 ac
975 1158 1242 1229 producta
1282 1158 1349 1213 de
1378 1159 1550 1214 latere
1585 1173 1688 1214 suo
1723 1158 1951 1212 muliere
1995 1172 2122 1212 eum

539 1263 601 1302 ea
635 1263 748 1303 rem
794 1249 997 1304 habere
1042 1248 1335 1319 cmpisset;
1372 1256 1488 1303 tum
1532 1248 1759 1304 seminis
1810 1248 1895 1304 sui
1936 1247 2121 1318 profu-

541 1340 695 1394 sione
722 1337 1013 1411 degustata
1057 1346 1441 1407 monstrasset,
1479 1339 1577 1405 ita,
1627 1347 1688 1395 ut
1720 1326 1904 1394 vivere
1951 1342 2126 1409 possi-

545 1445 689 1491 mus,
718 1445 842 1485 esse
873 1429 1206 1485 faciendum.
1234 1427 1458 1485 Addunt
1484 1438 1537 1484 et
1555 1430 1927 1500 perturbatam
1959 1429 2127 1484 fuisse

544 1516 791 1583 Mariam,
834 1527 998 1587 atque
1044 1518 1194 1573 bumi
1233 1517 1519 1582 cecidisse,
1565 1533 1795 1589 eamque
1834 1533 1865 1572 a
1905 1518 2127 1573 Christo

546 1626 669 1666 cum
718 1610 806 1664 his
850 1610 1031 1665 verbis
1073 1617 1351 1666 erectam:
1402 1610 1580 1677 Quare
1605 1609 1861 1664 dubitasti
1907 1609 2127 1665 modica:

547 1701 718 1771 ﬁdei?
747 1700 926 1770 Atque
953 1700 1055 1754 hoc
1086 1701 1263 1770 ipsum
1294 1715 1419 1755 esse
1444 1701 1654 1765 volunt,
1687 1698 1834 1770 quod
1868 1699 1923 1753 in
1951 1699 2128 1760 Evan-

548 1793 690 1864 gelio
719 1792 923 1848 dicitur
955 1811 967 1846 :
1001 1790 1061 1847 Si
1095 1801 1302 1846 terrena
1331 1792 1441 1846 dixi
1470 1791 1633 1858 vobis,
1670 1803 1721 1846 et
1762 1808 1864 1845 non
1898 1791 2148 1846 credidi-'

548 1885 669 1945 stis,
698 1884 929 1938 caelestia
962 1883 1223 1953 quomodo
1270 1883 1490 1938 credetis
1517 1884 1569 1936 '?
1619 1882 1751 1939 Item
1786 1883 1919 1938 illud
1952 1902 1966 1939 :
1997 1883 2131 1939 Cum

551 1974 787 2027 uideritis
838 1971 1035 2028 Filium
1095 1974 1317 2030 hominis
1366 1992 1425 2029 eo
1459 1974 1823 2030 ascendentem
1878 1975 1967 2029 ubi
2017 1987 2130 2032 erat

544 2065 767 2132 prius’;
805 2064 907 2118 hoc
948 2073 1056 2130 est,
1094 2064 1370 2135 inquiunt,
1412 2064 1688 2135 proﬂuens
1718 2080 1905 2120 semen
1943 2080 2127 2120 exsor-

548 2163 722 2226 ptum,
773 2164 833 2210 ut
878 2170 945 2210 eo
993 2155 1137 2211 unde
1186 2158 1392 2212 exierat
1434 2167 1756 2213 revertatur.
1809 2156 1948 2211 Tum
1986 2157 2132 2228 quod

548 2249 676 2303 alibi
745 2248 1011 2318 scriptum
1070 2254 1154 2305 est
1189 2267 1201 2303 :
1240 2248 1364 2302 Nisi
1423 2249 1868 2304 manducaveritis
1921 2267 2134 2306 carnem

549 2354 741 2402 meam,
775 2348 824 2393 et
861 2339 1094 2393 biberitis
1133 2355 1302 2393 meum
1332 2342 1700 2419 sanguinem‘_.
1734 2342 1816 2396 Ad
1850 2358 1974 2413 qua:
2011 2359 2135 2413 per-

550 2430 788 2484 turbatis
822 2430 1133 2502 discipulis,
1181 2446 1246 2485 ac
1290 2431 1602 2488 dicentibus
1631 2453 1643 2489 :
1675 2433 1808 2498 Quis
1840 2435 1934 2489 hoc
1965 2444 2133 2504 potest

550 2526 812 2581 audire‘?
839 2525 907 2581 de
938 2526 1277 2598 turpitudine
1317 2542 1626 2583 sermonem
1664 2544 1790 2583 eum
1823 2529 2133 2584 institutum

554 2618 771 2683 ferunt,
830 2616 1064 2688 ideoque
1106 2618 1356 2673 turbatos
1408 2628 1555 2673 retro
1612 2619 1802 2688 pedem
1861 2621 2131 2675 retulisse.

552 2709 805 2765 Nondum
846 2709 991 2765 enim
1027 2709 1267 2780 perfecte
1294 2710 1635 2766 corroborati
1675 2718 1833 2765 erant
1874 2726 1939 2767 ac
1968 2712 2135 2768 stabi-

554 2801 655 2856 liti.
693 2800 812 2868 Quo
839 2800 1005 2856 etiam
1035 2799 1259 2855 Davidis
1292 2799 1433 2857 illud
1455 2798 1661 2855 dictum
1691 2800 1939 2855 referunt
1967 2819 1980 2855 :
2017 2800 2137 2855 Erit

556 2903 809 2963 tauquam
844 2894 1039 2964 lignum
1070 2890 1210 2962 quod
1243 2893 1546 2961 plantatum
1583 2901 1661 2946 est
1700 2908 1848 2946 secus
1883 2892 2135 2947 decursus

553 2999 833 3055 aquarum,
863 2982 1001 3054 quod
1033 2982 1267 3053 fructum
1298 2998 1451 3036 suum
1474 2980 1621 3035 dabit
1645 2983 1698 3035 in
1722 2992 1951 3052 tempore
1979 2984 2132 3038 suo“.

551 3075 662 3146 90
686 3074 865 3145 Atque
911 3074 964 3129 in
997 3088 1062 3128 eo
1119 3073 1264 3145 quod
1301 3074 1565 3144 scriptum
1605 3083 1725 3130 est:
1760 3072 1920 3130 Secus
1954 3077 2138 3130 decur—

2219 615 2362 685 τῆρα
2389 616 2421 684 ἡ
2432 613 2547 684 μῶν
2575 614 2669 667 καὶ
2717 613 2921 686 Κύριον
2968 612 3175 684 Ἰησοῦν
3204 614 3439 685 Χριστὸν
3479 615 3576 667 οὐκ
3598 618 3766 687 αἰσχῦ-

2220 722 2400 757 νονται
2439 704 2640 772 λέγειν,
2676 705 2759 758 ὅτι
2803 705 2966 768 αὐτὸς
3011 704 3330 773 ἀπεκάλυψε
3374 704 3474 775 τὴν
3514 706 3772 779 αἰσχρουρ-

2221 796 2345 864 γίαν
2377 795 2599 867 ταύτην.
2646 797 2734 849 Ἐν
2774 796 2884 866 γὰρ
2903 798 3023 858 ταῖς
3060 794 3417 863 Ἐρωτήσεσι
3445 796 3654 868 Μαρίας
3693 817 3770 852 κα-

2222 890 2512 962 λουμέναις
2564 890 2827 962 μεγάλαις
2878 890 3007 960 (εἰσὶ
3056 889 3164 960 γὰρ
3220 888 3313 943 καὶ
3369 889 3560 959 μικραὶ
3611 890 3770 956 αὐτοῖς

2224 982 2636 1053 πεπλασμέναι)
2712 980 3060 1036 ὑποτίθενται
3110 980 3271 1034 αὐτὸν
3333 981 3471 1050 αὐτῇ
3522 982 3769 1035 ἀποκαλύ-

2226 1091 2403 1138 πτειν,
2431 1072 2819 1143 παραλαϐόντα
2856 1072 3025 1142 αὐτὴν
3058 1071 3137 1134 είς
3176 1070 3237 1123 τὸ
3265 1069 3414 1140 ὅρος,
3445 1069 3541 1125 καὶ
3574 1070 3774 1143 εὐξάμε-

2223 1181 2334 1229 νον,
2364 1164 2458 1218 καὶ
2492 1164 2790 1217 ἐκϐαλόντα
2829 1164 2893 1217 ὲκ
2918 1162 3016 1232 τῆς
3064 1161 3307 1232 πλευρᾶς
3342 1161 3508 1214 αὑτοῦ
3541 1165 3770 1230 γυναῖκα,

2226 1254 2321 1308 καὶ
2363 1253 2671 1325 ἀρξάμενον
2715 1252 2850 1322 αὐτῇ
2895 1250 3437 1321 ὲγκαταμίγνυσθαιο
3494 1251 3587 1303 καὶ
3629 1249 3775 1313 οὓτως

2224 1344 2382 1415 δῆθεν
2411 1344 2509 1415 τὴν
2552 1344 2852 1414 ἀπόρροιαν
2896 1340 3061 1395 αὐτοῦ
3098 1339 3473 1411 μεταλαϐόντα
3505 1339 3683 1404 δεῖξαι,
3708 1341 3776 1393 ὅτι

2225 1436 2306 1488 δεῖ
2332 1435 2502 1498 οὕτως
2534 1437 2722 1498 ποιεῖν,
2758 1434 2843 1499 ἵνα
2875 1430 3130 1502 ζήσωμεν
3153 1447 3165 1460 ·
3223 1432 3317 1484 καὶ
3342 1431 3420 1493 ὡς
3456 1430 3554 1500 τῆς
3592 1430 3778 1502 Μαρίας

2225 1526 2611 1598 ταραχθείσης,
2662 1527 2757 1580 καὶ
2786 1526 3060 1597 πεσούσης
3104 1525 3302 1596 χαμαὶ,
3331 1524 3492 1578 αὐτὸν
3526 1522 3676 1576 πάλιν
3700 1523 3779 1575 αὖ·

2225 1612 2323 1684 τὴν
2368 1612 2658 1683 ἐγείραντα
2714 1614 2888 1666 εἰπεῖν
2922 1614 3061 1684 αὐτῇ
3087 1629 3099 1641 ·
3150 1614 3286 1668 Ἵνα
3349 1613 3409 1666 τι
3461 1610 3777 1678 ἐδίστασας,

2228 1703 2609 1771 cun-datare;
2657 1701 2765 1755 Kal
2815 1718 3005 1772 φασιν,
3035 1702 3117 1754 ὅτι
3150 1700 3247 1755 καὶ
3283 1700 3445 1753 τοῦτό
3473 1702 3586 1754 ἔστι
3625 1700 3682 1752 τὸ
3714 1700 3779 1752 εί-

2233 1792 2466 1863 ρημένον
2492 1793 2550 1845 ὲν
2577 1791 2657 1862 τῷ
2700 1792 3039 1862 Εὐαγγελίῳ,
3082 1792 3162 1846 ὅτι
3184 1792 3253 1844 Ei
3280 1790 3352 1845 τὰ
3378 1792 3605 1861 ἐπίγεια
3633 1786 3782 1844 εἷπον

2233 1883 2395 1953 ὑμῖν,
2432 1883 2531 1937 καὶ
2574 1886 2687 1937 οὐκ
2737 1883 3161 1946 ἐπιστεύσατε,
3213 1883 3286 1937 τὰ
3329 1880 3649 1951 ἐπουράνια
3678 1878 3782 1946 πῶς

2234 1975 2590 2029 πιστεύσετε
2603 1990 2626 2040 ;
2665 1976 2759 2030 καὶ
2804 1975 2885 2039 τὸ,
2922 1975 3109 2029 ’Ὅταν
3145 1973 3311 2041 τδητε
3361 1973 3471 2027 τὸν
3526 1973 3654 2026 Υίὸν
3694 1970 3782 2025 τοῦ

2234 2067 2547 2133 ἀνθρώπου
2596 2068 3000 2135 ἀνερχόμενον
3051 2066 3203 2120 ὅπου
3253 2062 3334 2135 ἦν
3377 2064 3445 2119 τὸ
3497 2064 3779 2132 πρότερον·

2234 2157 2479 2209 τουτέστι
2505 2156 2602 2227 τὴν
2633 2156 2933 2228 ἀπόρροιαν
2965 2155 3546 2226 μεταλαμϐανομένην,
3573 2151 3684 2206 ὃθεν
3707 2150 3783 2204 καὶ

2234 2247 2461 2318 ἐξῆλθε·
2505 2246 2689 2301 καὶτὸ
2732 2250 2938 2300 εἰπεῖν’
2982 2247 3123 2302 Ἐὰν
3153 2246 3239 2316 μὴ
3289 2244 3519 2316 φάγητέ
3558 2260 3665 2312 μου
3690 2240 3782 2307 τὴν

2236 2340 2453 2409 σάρκα,
2487 2340 2584 2394 καὶ
2612 2338 2788 2407 πίητέ
2812 2358 2931 2409 μου
2962 2338 3027 2392 τὸ
3065 2334 3226 2409 αἷμα.
3263 2339 3378 2392 Kal
3418 2337 3526 2391 τῶν
3560 2332 3783 2406 μαθητῶν

2235 2430 2678 2502 ταρασσομένων,
2732 2428 2827 2481 καὶ
2858 2428 3148 2495 λεγόντων,
3200 2428 3294 2493 Τίς
3342 2425 3592 2479 δύναται
3635 2421 3784 2477 τοῦτο

2236 2508 2529 2584 ἀκοιῧσαις
2572 2520 2759 2590 φασὶν,
2785 2516 2861 2584 ὡς
2896 2519 3024 2589 περὶ
3064 2519 3162 2589 τῆς
3187 2517 3545 2589 αἰσχρότητος
3571 2510 3635 2585 ἦν
3658 2516 3683 2566 ὁ
3716 2511 3785 2563 λό-

2236 2633 2367 2685 γος·
2417 2614 2498 2668 διὸ
2557 2614 2653 2667 καὶ
2711 2611 3128 2683 ἐταράχθησαν,
3182 2611 3279 2664 καὶ
3328 2608 3569 2681 ἀπῆλθον
3618 2607 3690 2669 εἰς
3730 2602 3786 2658 τὰ

2238 2710 2430 2763 ὀπίσω.
2467 2706 2633 2761 Οὔπω
2668 2705 2778 2778 γὰρ
2802 2701 2963 2776 ἦσαν,
3006 2704 3193 2773 φασὶν,
3225 2705 3284 2755 ὲν
3324 2700 3642 2774 πληρώματι
3662 2700 3786 2750 ἐστε·

2241 2801 2523 2874 ρεωμένοι.
2564 2799 2675 2852 Kal
2718 2797 2781 2850 τὸ
2821 2798 3000 2849 εἰπεῖν
3037 2795 3126 2848 τὸν
3156 2794 3349 2848 Δαδίδ·
3398 2795 3604 2848 Ἔσται
3638 2790 3709 2854 ὡς
3733 2785 3785 2840 τὸ

2239 2894 2431 2959 ξύλον
2464 2891 2530 2946 τὸ
2565 2885 3021 2959 πεφυτευμένον
3049 2885 3208 2953 παρὰ
3236 2884 3345 2950 τὰς
3374 2881 3669 2947 διεξόδους
3691 2875 3788 2930 τῶν

2241 2982 2493 3043 ὑδάτων,
2520 2980 2551 3034 ὃ
2585 2979 2693 3035 τὸν
2720 2978 2953 3047 καρπὸν
2984 2975 3170 3031 αὑτοῦ
3199 2974 3381 3027 δώσει
3409 2973 3478 3026 ἐν
3502 2968 3669 3040 καιρῷ
3697 2968 3784 3021 αὺ-

2238 3076 2342 3130 τοῦ
2362 3094 2375 3107 ·
2408 3074 2537 3144 περὶ
2572 3074 2673 3144 τῆς
2699 3069 3055 3143 αἱσχρὸτητος
3085 3068 3179 3121 τοῦ
3213 3067 3431 3138 ἀνδρὸς,
3462 3065 3610 3134 φασὶ,
3641 3062 3781 3129 λέγει,

553 3184 645 3221 sus
673 3183 951 3239 aquarum,
982 3167 1210 3221 indicari
1237 3167 1339 3221 viri
1367 3166 1669 3223 fmditatem
1700 3168 1968 3233 asseruit;
1988 3167 2135 3223 istud

2254 3166 2377 3219 Ἐπὶ
2416 3171 2531 3234 τὴν
2563 3163 2781 3229 ἔξοδον
2812 3163 2928 3217 τῶν
2961 3160 3215 3216 ὑδάτων.
3255 3158 3391 3220 Kal,
3414 3159 3509 3261 ’Ὃ
3547 3154 3645 3209 τὸν
3677 3168 3786 3263 καο-

552 3274 714 3315 vero:
746 3256 900 3326 Quod
923 3259 1158 3328 fructum
1191 3276 1347 3315 suum
1378 3258 1525 3313 dabit
1554 3260 1608 3313 in
1644 3268 1872 3328 tempore
1902 3276 2019 3321 suo.
2042 3275 2137 3315 vo-

553 3350 781 3420 luptatis
824 3349 1203 3405 demonstrare
1246 3349 1586 3420 proluviem;
1640 3363 1765 3402 nam
1806 3348 1951 3419 quod
1985 3347 2141 3402 addi-

554 3449 672 3495 tum
715 3448 819 3505 est,
851 3437 917 3491 Et
943 3439 1136 3508 {otium
1161 3438 1275 3508 ejus
1301 3456 1406 3493 non
1444 3438 1635 3507 deﬂuet
1658 3438 1702 3503 ⁸,
1744 3445 1859 3491 ιιιιιι
1895 3453 1925 3492 a
1958 3428 2169 3501 nobis,'

558 3533 836 3603 inquiunt,
882 3531 1182 3602 perﬁcitur,
1233 3546 1358 3586 cum
1410 3533 1463 3586 in
1499 3543 1697 3587 terram
1745 3531 1996 3587 decidere
2032 3546 2140 3585 non

558 3622 821 3691 patimur,
859 3621 955 3675 sed
991 3622 1212 3691 ipsimet
1236 3620 1369 3675 illud
1398 3622 1761 3679 absumimus.

629 3710 723 3768 IX.
764 3714 842 3767 Ac
876 3728 944 3767 ne
986 3713 1215 3782 prolatis
1260 3712 1476 3768 illorum
1510 3714 1842 3771 testimoniis
1882 3716 2006 3785 plus
2048 3715 2145 3771 de—

559 3804 808 3859 trimenti
831 3819 995 3876 quam
1042 3805 1298 3861 utilitatis
1342 3806 1591 3867 all‘eram,
1642 3804 1847 3863 ideirco
1887 3808 2145 3878 pleraque

562 3896 783 3952 silentio
823 3897 1256 3969 praetermittam.
1286 3897 1546 3969 Alioquin
1567 3899 1771 3962 omnia,
1815 3914 1937 3969 qua;
1970 3900 2040 3957 ab
2078 3899 2146 3953 il-

561 3991 634 4046 lis
662 3988 943 4053 dicuntur,
982 3988 1088 4043 hoc
1120 3989 1242 4044 loco
1265 3990 1596 4060 explicando
1628 4005 2141 4046 commemorarem.

563 4081 701 4135 Nam
738 4080 890 4152 quod
956 4080 1012 4134 in
1055 4078 1339 4151 Scriptura
1382 4082 1615 4154 legimus
1663 4079 1817 4137 Raab
1859 4083 2145 4137 coccinum

564 4177 619 4230 in
644 4172 883 4231 fenestra
908 4173 1164 4245 posuisse
1186 4173 1232 4240 ",
1258 4189 1369 4228 non
1395 4174 1680 4229 coccinum
1698 4181 1838 4240 erat,
1868 4174 2144 4246 inquiunt,

564 4267 663 4323 sed
703 4268 973 4323 muliebre
1018 4267 1376 4338 pudendum:
1413 4269 1479 4321 iur
1516 4283 1627 4337 quo
1669 4267 1961 4324 coccineus
1996 4268 2150 4323 color

567 4365 909 4413 menstruum
957 4357 1283 4429 sanguinem
1322 4356 1612 4427 signiﬁcat.
1661 4355 1808 4421 Quin
1848 4358 2013 4412 etiam
2055 4372 2150 4412 eo-

564 4449 688 4503 dem
719 4449 855 4504 illud
897 4458 1109 4519 spectat
1140 4468 1154 4503 :
1187 4449 1316 4503 Bibe
1350 4465 1545 4519 aquam
1573 4448 1638 4502 de
1671 4450 1778 4503 tuis
1814 4449 1955 4504 vasis
1974 4451 2016 4502 ⁸.
2061 4448 2150 4504 Si-

2239 3259 2359 3310 πὸν
2382 3255 2568 3311 αὑτοῦ
2594 3254 2794 3317 δώσει,
2827 3251 2926 3323 τὴν
2961 3251 3060 3321 τῆς
3102 3249 3294 3320 ἡδονῆς
3331 3245 3630 3318 ὲπίρῤοιαν,
3660 3239 3784 3307 φασὶν

2239 3347 2421 3415 λέγει’
2457 3345 2566 3399 Καὶ
2605 3344 2673 3397 τὸ
2707 3343 2948 3412 φύλλον
2985 3338 3169 3393 αὑτοῦ
3200 3339 3310 3392 οὐκ
3353 3332 3785 3403 ἀπερῤινήσεται,

2240 3441 2321 3493 ὅτι
2352 3439 2450 3491 οὐκ
2483 3436 2661 3506 ἐῶμεν
2694 3433 2824 3487 αὐτὸ
2855 3431 3031 3502 χαμαὶ
3062 3432 3269 3490 πεσεῖν,
3300 3426 3440 3480 ἀλλὰ
3486 3424 3631 3481 αὐτοὶ
3678 3417 3785 3474 αὐτὸ

2244 3531 2512 3600 ὲσθῖομεν.

2313 3710 2390 3765 Θ’.
2431 3710 2542 3764 Kal
2568 3710 2655 3763 ἵνα
2710 3708 2784 3778 μὴ
2834 3704 2934 3769 τὰς
2988 3699 3297 3774 μαρτυρίας
3343 3695 3522 3752 αὐτῶν
3570 3695 3624 3746 ἐν
3668 3688 3789 3760 μέσῳ

2247 3805 2395 3874 ἄγων
2434 3801 2623 3874 βλάψω
2675 3797 2875 3871 μᾶλλον
2925 3796 3069 3867 ἥπερ
3102 3791 3394 3861 ὠφελήσω,
3433 3786 3615 3841 τούτου
3657 3781 3788 3874 χάριις

2244 3867 2315 3949 τά
2348 3867 2517 3948 πολλὰ
2552 3867 2965 3962 θπῲόήσομαι.
3013 3885 3168 3938 Ἐπεὶ
3200 3885 3220 3917 ⁹
3263 3884 3329 3937 ἂν
3362 3881 3431 3935 τὰ
3471 3879 3637 3932 πάντα
3682 3867 3789 3962 παρ’

2246 3986 2428 4049 αὐτοῖς
2458 3985 2644 4047 κακῶς
2675 3961 2946 4052 λεγόμενα
2982 3976 3218 4031 ἐνταῦθα
3286 3971 3702 4046 παρατιθέμενος
3730 3961 3790 4014 δι-

2247 4078 2533 4152 ηγόρευον.
2568 4075 2643 4129 Τὸ
2667 4073 2981 4146 γὰρείπεῖν,
3003 4069 3156 4140 φασὶ,
3187 4067 3491 4121 τεθεικέναι
3519 4062 3611 4133 τὴν

2249 4144 2500 4226 κοκκινον
2541 4169 2598 4223 ὲν
2633 4170 2699 4241 τῇ
2735 4144 2933 4238 θυρίδι,
2960 4163 3059 4216 οὑκ
3088 4158 3180 4233 ἦν,
3205 4160 3360 4230 φασὶ,
3390 4158 3653 4217 κόκκινον,
3680 4144 3789 4203 ἀλλὰ

2247 4262 2319 4316 τὰ
2365 4262 2535 4333 μόρια
2560 4261 2659 4331 τῆς
2696 4256 3017 4337 γυναικείας
3053 4254 3302 4323 φύσεως’
3340 4253 3439 4306 καὶ¹
3473 4250 3533 4302 τὸ
3578 4246 3790 4337 κόκκινον

2250 4348 2390 4426 αἷμα
2438 4354 2547 4407 τῶν
2594 4333 2947 4422 καταμήνίων
2999 4348 3171 4416 λέγει.
3212 4344 3318 4399 Καὶ
3354 4344 3417 4397 τὸ
3459 4342 3641 4403 εἰπεῖν,
3674 4333 3791 4426 Hirti

2251 4419 2441 4499 ὕδατα
2472 4444 2588 4498 ἀπὸ
2627 4419 2754 4496 σῶιλ
2794 4419 3065 4510 ἀγγείων,
3088 4437 3218 4508 περὶ
3251 4434 3443 4488 τούτου
3486 4432 3640 4499 λέγει.
3679 4419 3791 4477 Φασὶ

564 4539 788 4620 quidem
815 4540 1045 4597 interire
1070 4556 1320 4607 carnem,
1355 4555 1456 4595 nec
1487 4540 1718 4596 excitari
1748 4540 1929 4596 denuo
1954 4541 2137 4611 praedi-

2252 4540 2307 4594 δὲ
2337 4536 2476 4592 εἶναι
2511 4537 2611 4605 τὴν
2645 4535 2823 4605 σάρκα
2854 4528 3255 4600 ἀπολλυμένην,
3292 4525 3387 4579 καὶ
3436 4523 3508 4595 μὴ
3522 4511 3790 4620 Δεγειῃροιιιιέ-

567 4637 720 4697 cant,
772 4645 1003 4701 eamque
1045 4632 1113 4686 ad
1141 4632 1444 4702 principem
1477 4632 1772 4702 pertinere.
1805 4631 1927 4686 Vim
1967 4642 2151 4689 autem

570 4723 742 4786 illam,
777 4736 899 4793 quae
949 4722 1004 4776 in
1046 4722 1347 4778 menstruis
1402 4730 1487 4778 est
1529 4738 1593 4779 ac
1645 4723 1874 4788 semine,
1915 4724 2152 4778 animam

568 4828 715 4881 esse,
751 4828 914 4885 quam
949 4813 1236 4869 collectam
1274 4814 1632 4870 comedimus.
1679 4812 1831 4870 Unde
1868 4830 1993 4869 cum
2032 4830 2159 4868 car-

570 4907 735 4962 nibus
788 4911 885 4961 aut
934 4904 1200 4971 oleribus,
1252 4912 1347 4958 aut
1408 4918 1566 4975 pane,
1609 4911 1704 4959 aut
1747 4905 1856 4960 alio
1896 4904 2155 4975 qquiam

567 5000 863 5064 vescimur,
894 4997 1032 5051 bene
1058 4995 1127 5052 de
1162 4997 1363 5052 creatis
1394 4996 1555 5051 rebus
1592 5010 1885 5062 meremur,
1919 4995 2049 5050 dum
2084 5011 2151 5051 ex

569 5090 655 5145 his
681 5088 942 5143 omnibus
971 5086 1211 5141 animam
1247 5099 1627 5156 corrogamus,
1658 5099 1723 5138 ac
1762 5084 2054 5140 nobiscum
2094 5083 2149 5139 iu

568 5180 770 5235 cmlum
817 5178 1123 5235 evehimus.
1181 5176 1415 5248 Ideoque
1456 5192 1657 5248 genere
1706 5177 1855 5232 omni
1902 5176 2151 5231 carnium

572 5278 821 5337 utuntur,
851 5282 912 5328 ut
942 5271 1179 5344 generis,
1213 5270 1387 5334 aiunt,
1419 5269 1594 5325 nostri
1628 5269 2009 5325 misereamur.
2039 5265 2155 5321 Cae-

572 5368 749 5418 terum
774 5364 1021 5419 eamdem
1054 5364 1237 5418 inesse
1258 5371 1452 5433 putant
1479 5362 1829 5426 animalibus,
1856 5367 1909 5416 et
1936 5359 2152 5424 bestiis,

650 5516 665 5543 ¹
693 5513 851 5569 Joan.
879 5531 960 5575 Ill,
1000 5516 1085 5570 12.
1165 5519 1183 5546 ⁹
1214 5515 1372 5572 Joan.
1412 5534 1486 5582 vt,
1522 5516 1610 5572 66.
1691 5517 1711 5548 ³
1743 5515 1876 5571 ibid.
1904 5515 1992 5569 54.
2069 5515 2089 5543 ⁸
2125 5513 2137 5567 i

2246 5556 2253 5564 .
2288 5511 2375 5565 6|.
2446 5513 2467 5543 ⁵
2494 5510 2636 5566 Psal.
2665 5528 2703 5573 ι,
2730 5510 2782 5563 5.

578 5599 627 5646 v,
674 5584 753 5637 I5.

839 5585 860 5617 ⁹
890 5584 950 5639 F.
985 5585 1098 5647 πῶς
1123 5587 1206 5638 ἄν.

2254 4649 2353 4700 νην
2375 4647 2388 4661 ν
2423 4624 2562 4682 εἶναι
2594 4626 2649 4679 δὲ
2696 4624 2899 4694 ταύτην
2924 4621 3020 4675 τοῦ
3052 4620 3328 4692 ἄρχοντος.
3375 4617 3484 4686 Τὴν
3517 4613 3570 4665 δὲ
3598 4607 3789 4700 δύναμιν

2255 4724 2355 4795 τὴν
2405 4722 2462 4773 ὲν
2497 4721 2609 4782 τοῖς
2643 4714 3001 4787 καταμηνίοις
3045 4712 3139 4766 καὶ
3184 4712 3242 4763 ὲν
3291 4710 3411 4771 ταῖς
3444 4705 3618 4775 γοναῖς
3642 4691 3789 4795 ψυχὴν

2255 4785 2396 4866 εἷναί
2448 4826 2633 4880 φασιν,
2685 4808 2751 4877 ἥν
2795 4785 3160 4871 συλλέγοντες
3211 4799 3483 4868 ἐσθίομεν.
3534 4791 3634 4846 Kal
3673 4785 3788 4880 ἄτερ

2257 4906 2417 4975 ἡμεῖς
2452 4876 2845 4971 ἐσθίομεν(ῖῶ
2890 4896 3048 4965 κρέα,
3078 4895 3112 4965 ἢ
3161 4893 3393 4961 λάχανα,
3428 4889 3460 4959 ἢ
3503 4886 3669 4975 ἄρτον,
3700 4876 3790 4944 fi‘ﬂ

2258 4970 2465 5065 έέερον,
2522 4970 2681 5062 χάριν
2728 4986 2989 5057 ποιοῦμεν
3036 4986 3158 5047 ταῖς
3200 4981 3432 5040 κτίσεσι,
3482 4970 3790 5065 ouili-ponte;

2258 5056 2367 5139 ἀπο
2396 5056 2613 5136 πάντων
2650 5079 2747 5150 τὴν
2778 5056 2976 5148 ψυχὴν,
3010 5074 3106 5129 καὶ
3142 5069 3532 5144 μεταφέροντες
3562 5058 3668 5133 μεθ’
3690 5056 3788 5106 ἑαν-

2258 5174 2366 5227 τῶν
2415 5174 2494 5235 εἰς
2545 5170 2613 5223 τὰ
2658 5167 2977 5238 ἐπουράνια.
3034 5164 3232 5233 Διόπερ
3280 5159 3374 5213 καὶ
3418 5156 3622 5208 πάντων
3654 5155 3787 5238 μετα-

2259 5263 2595 5335 λαμϐάνουσι
2626 5234 2810 5332 κρεῶν.
2831 5258 3103 5322 λέγοντες,
3137 5254 3227 5306 ἵνα
3259 5251 3563 5337 ἐλεήσωμεν
3586 5238 3639 5293 τὸ
3661 5234 3789 5337 γένος

2261 5356 2441 5428 ἡμῶν.
2465 5355 2739 5408 Φάσκουσι
2765 5352 2821 5407 δὲ
2849 5351 2947 5421 τὴν
2970 5347 3142 5419 αὐτὴν
3167 5344 3343 5416 ψυχὴν
3371 5336 3505 5395 εἶναι
3536 5335 3588 5388 ἓν
3620 5346 3672 5383 τε
3697 5335 3789 5383 τοῖς

2865 5507 2885 5537 ⁸
2919 5503 3049 5559 ibid.
3119 5504 3138 5533 "
3171 5499 3336 5555 Iosue
3370 5514 3427 5559 ιι,
3457 5493 3545 5548 2i.
3603 5486 3623 5517 '
3652 5481 3784 5536 Prat'.

646 5723 756 5791 (75)
791 5725 901 5778 Καὶ
938 5723 1089 5791 ἅπερ
1126 5725 1287 5792 ἡμεῖς
1322 5727 1619 5794 ἐσθίομεν,
1653 5724 1793 5779 Idem
1841 5718 2122 5775 Maniclttci

2238 5720 2414 5774 :titare
2445 5719 2712 5783 solebant,
2740 5726 2800 5772 ut
2828 5733 2893 5772 ex
2928 5716 3063 5785 Aug.
3100 5713 3192 5767 lib.
3252 5709 3503 5763 .ldrcrsus
3561 5696 3777 5754 Faustum

582 5800 822 5861 apparet.
