4022 6452
319 391 427 449 31⁸3
676 398 679 405 ’
863 452 871 462 ,
965 397 1339 458 ADVERSUS
1378 401 1720 460 "AERESES
1758 403 1890 461 LIB.
1926 405 1968 459 I.
2007 407 2168 464 'l‘Old.
2212 410 2275 467 ll.
2314 444 2382 455 —-
2418 412 2693 473 HIERES.
2727 417 2917 476 XXVI.
3496 426 3603 485 346

321 513 486 578 ζώοις
520 513 618 568 καὶ
646 513 706 568 ὲν
755 516 1066 582 κνωδάλοις,
1101 517 1200 589 καὶ
1250 519 1450 591 ἰχθύσι,
1486 522 1581 576 καὶ
1607 521 1787 593 ὕφεσι,
1817 524 1912 579 καὶ

2021 535 2072 582 et
2106 529 2354 599 piscibus
2393 546 2458 588 ac
2500 536 2852 604 serpentibus
2897 537 3159 607 animam,
3207 555 3328 610 qua:
3364 541 3604 603 homini-

321 603 640 678 ἀνθρώποις
679 609 1150 682 ὲγκατεσπάρθαι,
1184 611 1282 665 καὶ
1315 615 1372 666 ἐν
1411 613 1687 682 λαχάνοις,
1733 616 1829 668 καὶ
1860 618 1918 671 ὲν

2021 620 2131 704 bus
2195 622 2347 684 insit.
2388 634 2600 680 necnon
2642 635 2697 682 et
2747 629 3012 695 oleribus,
3062 638 3118 685 et
3186 632 3497 700 arboribus,
3539 650 3603 692 ac

323 694 594 766 δένδρεσι,
633 699 727 751 καί
766 699 824 751 ὲν
853 699 1180 771 γεννήμασι.
1214 703 1327 755 Καὶ
1376 704 1429 756 οἱ
1469 705 1570 774 μὲν
1616 705 1798 759 αὐτῶν
1830 705 1920 757 Φι-

2021 694 2362 783 germinibus
2398 716 2657 776 infusam.
2693 718 2810 774 Jam
2839 736 2971 776 vero
2996 723 3089 792 qui
3112 738 3179 778 ex
3219 723 3289 780 iis
3320 694 3604 781 Philaeni-

325 786 575 842 ϐιωνῖται
612 790 939 862 καλούμενοι
976 793 1313 865 ἀναφέρουσι
1344 796 1443 860 τὰς
1473 799 1706 869 αἰσχρὰς
1740 803 1920 857 αὐτῶν

2023 813 2092 858 ta:
2115 813 2385 861 vocantur
2420 810 2759 865 exsecranda
2789 812 2881 867 illa
2912 815 3156 871 libidinis
3202 831 3383 879 sacra,
3415 833 3537 888 quae
3572 833 3603 872 a

326 878 520 943 θυσίας
561 882 662 952 τῆς
700 885 982 955 πορνείας,
1007 884 1106 949 τὰς
1134 887 1226 955 ὑφ’
1259 888 1418 958 ἡμῶν
1448 888 1683 944 ἐνταῦθα
1730 909 1919 966 προει-

327 973 577 1044 ρημένας
643 977 872 1048 ὀνόμασι
933 981 1270 1051 τριακοσίοις
1319 981 1789 1053 ὲξηκονταπέντε,
1838 983 1922 1052 οἷς

323 1067 486 1121 αὐτοὶ
524 1068 770 1124 ἔπλασαν
815 1073 1094 1143 ἀρχόντων
1142 1073 1339 1144 δῆθεν,
1398 1076 1763 1147 ἐμπαίζοντες
1808 1083 1921 1142 τοῖς

324 1159 728 1229 γυναικαρίοις,
765 1162 864 1214 καὶ
900 1162 1156 1231 λέγοντες
1177 1181 1190 1192 ·
1240 1164 1450 1235 Μίγηθι
1493 1167 1609 1237 μετ’
1641 1167 1798 1238 ἐμοῦ,
1832 1169 1921 1222 ῐνα

324 1263 390 1300 σε
439 1249 718 1318 ἁνενέγκω
763 1253 902 1324 πρὸς
948 1255 1042 1309 τὸν
1093 1257 1355 1329 ἄρχοντα.
1403 1257 1538 1312 Καθ’
1588 1261 1829 1333 ἑκάστην
1862 1262 1919 1315 δὲ

327 1340 480 1411 μίξιν
532 1342 892 1413 ὀνομάζουσιν
933 1348 1052 1411 ἐνὸς
1083 1348 1256 1420 ὄνομά
1299 1367 1444 1413 τινος
1492 1350 1766 1425 βάρϐαρον
1810 1355 1918 1409 τῶν

325 1433 463 1502 παρ’
492 1434 678 1499 αὐτοῖς
727 1438 1187 1510 πεπλανημένων,
1236 1442 1331 1495 καὶ
1360 1442 1522 1512 δῆθεν
1550 1442 1803 1515 εὔχονται
1831 1446 1919 1500 λέο⁹

325 1540 521 1593 γοντες
542 1542 553 1554 ·
588 1527 981 1600 Προσφέρομέν
1024 1548 1106 1585 σοι
1133 1532 1212 1603 τῷ
1236 1534 1390 1599 δεῖνι,
1420 1534 1507 1588 ἵνα
1540 1537 1918 1611 προσενέγκῃς

324 1619 407 1689 τῷ
431 1620 583 1673 δεῖνι.
627 1622 670 1672 Τ
673 1623 704 1692 ᾗ
738 1622 794 1675 δὲ
826 1624 961 1698 ἄλλῃ
995 1626 1158 1680 πάλιν
1192 1627 1339 1697 μίξει
1376 1627 1521 1700 ἄλλῳ
1571 1630 1917 1687 ὑποτίθενται

324 1710 593 1776 ὡσαύτως
621 1716 971 1786 προσφέρειν,
1014 1718 1102 1771 ἵνα
1143 1719 1238 1772 καὶ
1262 1720 1428 1785 αὐτὸς
1470 1720 1549 1792 τῷ
1592 1722 1756 1795 ἄλλῳ.
1807 1726 1916 1779 Καὶ

324 1801 435 1867 ἕως
462 1804 530 1858 ἂν
561 1804 710 1878 ἔλθῃ,
747 1807 946 1877 μᾶλλον
979 1809 1036 1863 δὲ
1065 1810 1303 1884 κατέλθῃ
1343 1815 1667 1885 τριακοσίας
1691 1814 1907 1887 ἑξηκον-

322 1896 561 1950 ταπέντε
611 1897 849 1962 πτώσεις
871 1899 972 1969 τῆς
997 1883 1284 1969 λαγνείας,
1307 1883 1430 1957 καθ’
1459 1906 1697 1976 ἑκάστην
1742 1883 1915 1977 ὄνομά
1946 1883 1986 1939 Β

320 2004 377 2040 τι
418 1988 757 2042 ἐπικαλεῖται
784 1990 846 2043 τὸ
882 1991 1092 2045 τοιοῦτο
1121 1994 1510 2066 ἐργαζόμενος.
1548 1997 1658 2049 Καὶ
1685 1997 1915 2068 ἄρχεται

321 2079 495 2133 πάλιν
550 2081 800 2134 κατιέναι
845 2082 933 2137 διὰ
982 2084 1090 2137 τῶν
1142 2085 1352 2152 αὐτῶν,
1400 2086 1470 2140 τὰ
1522 2088 1662 2141 αὐτὰ
1711 2089 1913 2163 αἰσχρὰ

321 2172 598 2227 ἐπιτελῶν
647 2174 742 2226 καὶ
787 2174 1074 2244 ὲμπαίζων
1120 2180 1238 2241 ταῖς
1287 2179 1699 2249 ἡπατημέναις.
1746 2182 1914 2237 Ὅταν

324 2261 426 2318 οὖν
458 2268 541 2329 είς
570 2266 830 2321 τοσοῦτον
871 2266 1109 2338 ἀριθμοῦ
1156 2266 1319 2337 ὄγκον
1368 2271 1534 2342 ἐλάσῃ
1569 2272 1914 2327 ἑπτακοσίων

322 2358 625 2429 τριάκοντα
668 2358 953 2443 πτώσεωνζ
983 2360 1125 2426 λέγω
1164 2360 1229 2432 δὴ
1280 2361 1482 2432 μίξεων
1524 2364 1786 2435 αἰσχρῶν,
1817 2365 1913 2420 καὶ

320 2450 610 2520 ὀνομάτων
656 2451 767 2504 τῶν
804 2453 932 2521 παρ’
966 2450 1151 2514 αὐτοῖς
1195 2452 1617 2525 πεπλασμένων,
1652 2456 1774 2508 τότε
1802 2456 1914 2509 λοι-

322 2543 433 2596 πὺν
469 2543 645 2614 τολμᾷ
676 2543 704 2596 ό
738 2545 999 2610 τοιοῦτος,
1033 2547 1131 2599 καὶ
1160 2545 1341 2615 λέγει·
1398 2547 1541 2618 Ἐγώ
1579 2553 1696 2621 εἰμι
1722 2551 1750 2602 ὁ
1780 2551 1916 2620 Χρι-

216 2693 223 2701 _
323 2635 477 2697 στόςυ
539 2635 729 2707 ἐπειδὴ
766 2635 971 2691 ἄνωθεν
995 2637 1348 2709 καταϐέϐηκα
1374 2639 1463 2693 διὰ
1486 2640 1595 2695 τῶν
1623 2641 1905 2713 ὀνομάτων

320 2726 438 2781 τῶν
466 2728 574 2793 τξε’
603 2728 901 2799 ἀρχόντων.

399 2818 456 2874 l'.
500 2821 579 2873 Τὰ
600 2820 655 2874 δὲ
678 2821 786 2873 τῶν
820 2819 1082 2892 μειζόνων
1118 2821 1240 2876 κατ’
1266 2822 1465 2886 αὐτοὺς
1489 2824 1767 2895 ἀρχόντων
1799 2826 1916 2881 ὀνό-

327 2929 485 2983 ματα-
524 2912 698 2966 ταῦτα
743 2908 883 2967 εἶναι
928 2912 1168 2982 λέγουσι,
1219 2914 1449 2977 πολλοὺς
1494 2915 1762 2985 λέγοντες.
1824 2919 1914 2974 ’Ev

327 3004 433 3075 μὲν
459 3004 540 3075 τῷ
568 3004 771 3076 πρώτῳ
807 3005 1022 3078 οὐρανῷ
1050 3002 1189 3061 εἶναι
1217 3007 1309 3060 τὸν
1361 3007 1483 3071 Ἰαὼ
1512 3007 1772 3079 ἄρχοντα,
1803 3010 1899 3064 καὶ

322 3098 387 3149 ἐν
420 3096 501 3167 τῷ
534 3097 771 3168 δευτέρῳ
799 3098 963 3166 φασὶν
991 3094 1128 3153 εἶναι
1152 3101 1243 3155 τὸν
1274 3100 1486 3155 Σακλᾶν
1525 3102 1762 3173 ἄρχοντα
1811 3088 1931 3173 τῆςί

2019 895 2180 951 nobis
2208 897 2477 966 explicata
2516 908 2665 965 sunt,
2705 917 2905 958 cccuv
2942 907 3260 964 nominibus
3294 910 3600 974 ascribunt,

2020 1002 2142 1056 quze
2196 989 2504 1060 principum
2552 1008 2673 1049 esse
2728 997 2945 1066 prepria
2983 1001 3274 1055 commenti
3326 1008 3473 1057 sunt.
3524 1001 3601 1058 Ita

2021 1080 2365 1135 rnulierculis
2429 1081 2721 1141 illudentes
2763 1087 3155 1160 :Congredere
3204 1107 3457 1158 mecum,
3516 1094 3602 1148 in-

2018 1172 2238 1239 quiunt,
2269 1180 2328 1227 ut
2355 1181 2409 1228 te
2440 1175 2507 1227 ad
2541 1177 2845 1249 principem
2876 1180 3191 1251 perducam.
3225 1181 3362 1238 Tum
3395 1183 3461 1239 ad
3485 1185 3601 1239 sin-

2019 1263 2179 1333 gulos
2225 1265 2404 1321 coitus
2440 1267 2738 1323 barbarum
2783 1272 3006 1342 aliquod
3040 1276 3206 1331 unius
3234 1292 3299 1331 ex
3349 1277 3458 1332 illis
3499 1293 3601 1332 no-

2017 1369 2143 1410 men
2195 1364 2399 1413 temere
2453 1359 2520 1413 ab
2582 1359 2649 1415 iis
2697 1363 3063 1432 excogitatum
3118 1369 3494 1435 pronuntiant,
3534 1383 3600 1423 ac

2016 1446 2279 1501 nimirum
2303 1448 2403 1503 hac
2434 1450 2668 1505 formula
2700 1461 3034 1522 precantur:
3064 1455 3185 1510 Tibi
3214 1456 3597 1524 N.01Terimus,

2016 1546 2078 1592 ut
2114 1537 2179 1593 N.
2226 1541 2470 1597 vicissim
2516 1534 2749 1608 offeras;
2798 1545 2924 1601 inde
2967 1547 3075 1602 alio
3121 1562 3313 1605 rursus
3355 1551 3407 1602 in
3464 1565 3600 1604 con~

2016 1645 2208 1701 gressu
2257 1633 2412 1687 alteri
2459 1648 2519 1689 se
2569 1636 2766 1691 offerre
2806 1637 3127 1707 prazdicant,
3172 1634 3232 1695 ut
3267 1649 3320 1695 et
3362 1643 3410 1698 is
3444 1641 3603 1699 alteri

2016 1732 2390 1793 reprmsentet.
2415 1724 2491 1779 ita
2515 1727 2686 1783 donec
2713 1744 2810 1799 per
2833 1745 3040 1785 ccccxv
3058 1732 3304 1787 libidinis
3339 1746 3406 1789 ac
3434 1735 3602 1792 lasci-

2016 1817 2116 1870 viae
2168 1817 2375 1887 gradus
2421 1820 2792 1886 ascendet-int,
2827 1822 2913 1876 vel
2960 1823 3350 1879 descenderint
3389 1825 3598 1896 potius,

2017 1910 2234 1979 quoties
2277 1907 2542 1966 Venerem
2594 1922 2866 1982 repetunt,
2914 1914 3183 1984 ejusmodi
3232 1916 3455 1987 aliquod
3497 1933 3604 1973 no-

2017 2018 2141 2057 men
2187 2005 2485 2073 appellant.
2545 2003 2676 2060 lude
2714 2020 2813 2076 per
2856 2006 3047 2062 eadem
3108 2009 3200 2063 illa
3244 2010 3602 2080 turpitudinis

2016 2096 2245 2166 vestigia
2280 2096 2620 2162 relabuntur,
2662 2111 2725 2152 ac
2766 2099 3160 2154 circumventis
3208 2112 3240 2153 a
3287 2114 3348 2154 se
3385 2102 3605 2157 mulicr—

2017 2188 2159 2242 culis
2197 2187 2455 2243 illudunt.
2486 2188 2590 2258 91
2620 2186 2918 2258 Postquam
2966 2196 3146 2243 autem
3198 2190 3446 2245 iterando
3497 2203 3596 2243 sar

2015 2281 2140 2349 pius
2172 2279 2493 2343 concubitu,
2523 2295 2587 2334 ac
2616 2279 2756 2335 fictis
2791 2278 2901 2335 illis
2927 2280 3243 2337 nominibus
3284 2283 3603 2350 repetendis

2012 2383 2219 2425 nccxxx
2254 2385 2543 2425 numerum
2586 2369 2905 2440 implerunt,
2951 2369 3214 2440 deinceps
3251 2372 3346 2441 qui
3391 2369 3443 2424 id
3478 2387 3603 2440 ege-

2017 2460 2110 2523 rit,
2148 2460 2326 2530 palam
2360 2459 2430 2514 de
2474 2474 2535 2515 se
2568 2460 2870 2530 praedicare
2906 2472 3014 2515 non
3046 2458 3261 2515 dubitat
3294 2479 3306 2515 :
3335 2458 3449 2530 Ego
3474 2475 3595 2515 sum

2010 2552 2289 2607 Christus.
2332 2549 2466 2605 Nam
2512 2566 2610 2623 per
2651 2566 2858 2608 cccuv
2907 2549 3132 2607 nomina
3177 2551 3482 2623 principum
3519 2564 3589 2607 ex

2015 2641 2126 2696 alto
2148 2639 2432 2697 descendi.

2084 2819 2152 2875 Χ.
2193 2819 2457 2892 Majowm
2490 2838 2656 2895 porro
2692 2821 3027 2894 principum.
3052 2824 3277 2880 nomina
3320 2822 3439 2881 lucc
3480 2837 3608 2882 esse

2014 2923 2342 2977 memorant.
2382 2915 2438 2969 ln
2466 2929 2742 2985 supremo,
2771 2918 3049 2987 inquiunt,
3076 2918 3208 2973 urbe
3244 2917 3447 2974 residet
3473 2915 3606 2986 Jao;

2016 3003 2071 3058 in
2119 3004 2365 3059 secundo
2406 3002 2629 3068 Saclan,
2682 3005 2730 3060 is
2777 3006 2872 3075 qui
2915 3006 3123 3076 stupris
3174 3021 3238 3061 ac
3285 3007 3606 3062 libidinibus

2016 3103 2240 3167 praeest;
2280 3097 2337 3151 in
2384 3096 2548 3150 tertio
2614 3094 2850 3164 Sethus;
2916 3098 2970 3150 in
3017 3105 3217 3167 quarto
3260 3096 3445 3153 Daden
3494 3108 3609 3153 sta-

324 3188 606 3257 πορνείας·
657 3189 717 3241 ὲν
747 3186 805 3241 δὲ
850 3188 929 3260 τῷ
954 3188 1123 3262 τρίτῳ
1160 3191 1249 3244 τὸν
1282 3191 1389 3263 Σὴθ
1436 3192 1672 3264 ἄρχοντα
1694 3208 1707 3223 ·
1760 3195 1818 3247 ὲν
1849 3192 1908 3247 δὲ

2021 3196 2180 3242 luunt
2215 3205 2228 3241 :
2274 3187 2476 3258 quippe
2516 3195 2776 3259 quartum
2824 3203 2951 3244 esse
2988 3190 3189 3245 caelum
3246 3197 3606 3254 asseverant,

323 3276 406 3351 τῷ
436 3278 684 3350 τετάρτῳ
735 3277 875 3333 εἶναί
925 3297 1058 3349 φασι
1096 3283 1186 3335 τὸν
1235 3283 1409 3353 Λάδην
1432 3298 1446 3311 ’
1498 3284 1758 3354 τέταρτον
1807 3285 1916 3356 γὰρ

324 3370 677 3425 ὑποτίθενται
717 3372 967 3441 οὐρανὸν,
1001 3374 1097 3427 καὶ
1132 3374 1314 3446 τρίτον
1335 3391 1350 3405 ο
1383 3374 1635 3445 πέμπτον
1673 3375 1729 3427 δὲ
1760 3375 1917 3429 ἄλλον

323 3463 580 3533 οὐρανὸν.
628 3465 688 3517 ὲν
725 3458 771 3532 ᾧ
807 3481 968 3532 φασιν
1021 3459 1162 3518 εἶναι
1215 3466 1306 3520 τὸν
1374 3466 1632 3521 Ἐλωαίον
1677 3467 1769 3520 τὸν
1823 3467 1920 3520 καὶ

339 3553 651 3608 ’Λδωναίον.
706 3555 796 3609 Ἑν
828 3555 884 3608 δὲ
915 3554 994 3625 τῷ
1041 3556 1186 3625 ἕκτῳ
1218 3550 1383 3624 (ῥασὶν
1425 3553 1568 3611 εἶναι
1607 3557 1656 3610 οί
1692 3555 1794 3626 μὲν
1828 3555 1918 3609 τὸν

338 3646 691 3711 Ἰαλδαϐαὼο,
732 3649 783 3719 οἱ
814 3648 872 3700 δὲ
910 3647 1000 3701 τὸν
1051 3647 1343 3702 Ἰῐλιλαῖον.
1380 3649 1573 3703 ’Λλλον
1604 3649 1661 3702 δὲ
1694 3648 1920 3718 ἕϐδομον

324 3738 558 3807 οὐρανὸν
604 3739 972 3804 ὑποτίθενται,
1008 3743 1067 3794 ὲν
1195 3742 1444 3811 λέγουσιν
1494 3737 1635 3794 εἶναι
1679 3740 1772 3794 τὸν
1812 3741 1921 3794 Σα-

326 3827 504 3882 ϐαὼθ.
544 3829 727 3883 Ἀλλοι
774 3830 831 3884 δὲ
875 3830 1125 3900 λέγουσιν
1169 3833 1311 3903 οὐχὶ,
1363 3832 1476 3885 ἀλλ’
1511 3834 1538 3886 ὁ
1596 3830 1918 3885 Ἶαλδαϐαώθ

327 3921 479 3972 ἐστιν
529 3921 588 3972 ὲν
635 3920 714 3989 τῷ
748 3920 994 3992 ἑϐδόμῳ·
1050 3926 1109 3976 ὲν
1155 3923 1211 3977 δὲ
1254 3923 1335 3994 τῷ
1367 3925 1538 3995 ὀγδόῳ
1570 3923 1785 3993 οὐρανῷ
1821 3921 1921 3993 τὴν

327 4009 603 4081 Βαρϐηλὼ
650 4012 1018 4083 καλουμένην,
1055 4014 1149 4065 καὶ
1176 4014 1287 4067 .τὸν
1335 4014 1555 4086 Πατέρα
1605 4016 1714 4068 τῶν
1759 4012 1915 4079 ὅλων,

329 4102 429 4155 καὶ
462 4102 666 4174 Κύριον
694 4105 787 4157 τὸν
816 4106 978 4158 αὐτὸν
1018 4105 1386 4177 αὐτοπάτορα,
1423 4107 1520 4159 καὶ
1548 4106 1783 4177 Χριστὸν
1826 4104 1921 4158 άλ-

330 4196 427 4250 λον
468 4197 853 4268 αὑτολόχευτον
874 4215 888 4230 ν
937 4199 1033 4252 καὶ
1070 4199 1305 4271 Χριστὸν
1354 4198 1545 4251 τοῦτον
1589 4199 1680 4251 τὸν
1732 4198 1923 4252 κατελ-

329 4289 517 4353 θόντα,
546 4290 640 4342 καὶ
673 4290 922 4354 δείξαντα
951 4294 1062 4352 'co't;
1088 4289 1396 4362 ἀνθρώποις
1422 4290 1625 4362 ταύτην
1657 4293 1756 4363 τὴν
1789 4290 1926 4360 γνῶ-

331 4397 441 4444 σιν,
477 4380 535 4434 ὃν
568 4381 666 4433 καί⁵
721 4380 929 4452 Ἰησοῦν
973 4398 1140 4452 φασι⁹
1195 4384 1269 4453 μὴ
1321 4376 1459 4435 εἶναι
1502 4380 1561 4435 δὲ
1609 4382 1772 4435 αὐτὸν
1815 4382 1924 4437 ἀπὸ

328 4471 556 4543 Μαρίας
587 4471 1008 4543 γεγεννημένον,
1035 4472 1172 4527 ἀλλὰ
1196 4470 1285 4526 διὰ.
1312 4472 1527 4544 Μαρίας
1553 4471 1918 4543 δεδειγμένον·

2019 3286 2076 3334 et
2120 3280 2384 3345 tertium;
2441 3293 2508 3334 ac.
2558 3294 2755 3335 rursus
2787 3281 3065 3350 quintum,
3111 3281 3167 3335 in
3207 3294 3317 3352 quo
3363 3280 3606 3335 Eloaaum

2018 3373 2314 3435 collocant,
2342 3371 2435 3442 qui
2466 3371 2608 3426 idem
2638 3381 2695 3427 et
2728 3372 3000 3427 Adunzus
3029 3372 3253 3427 dicitur.
3279 3372 3350 3426 At
3390 3380 3607 3428 sextum

2019 3479 2293 3534 occupare
2320 3465 2515 3519 volunt
2543 3465 2636 3518 alii
2676 3463 3032 3528 .laldabaoth,
3058 3463 3304 3519 Elilaeum
3344 3464 3456 3518 alii.
3499 3462 3608 3519 Sed

2006 3567 2073 3613 ~et
2105 3557 2401 3628 septimum
2444 3571 2568 3612 esse
2610 3555 2863 3611 nonnulli
2893 3555 3182 3619 deﬁniunt,
3232 3557 3319 3611 cui
3367 3556 3608 3610 Sabaoth
3665 3622 3675 3633 υ

2021 3650 2281 3705 insideat.
2309 3649 2467 3714 Quod
2497 3650 2565 3703 ab
2593 3650 2717 3705 aliis
2760 3657 3015 3720 negatur,
3048 3651 3142 3720 qui
3163 3648 3489 3706 Jaldabaoth
3522 3666 3610 3706 se-

2019 3743 2250 3812 ptimam
2278 3741 2429 3796 illam
2453 3743 2743 3797 stationem
2778 3741 3109 3797 attribuunt.
3142 3742 3203 3797 In
3236 3750 3431 3797 octavo
3476 3742 3611 3796 Bar-

2021 3833 2203 3888 beloni
2236 3833 2575 3887 domicilium
2603 3846 2727 3887 esse
2751 3831 2961 3902 fingunt
2982 3874 2996 3896 ,
3033 3847 3246 3888 necnon
3281 3841 3336 3887 et
3386 3833 3610 3887 univer-

2023 3939 2212 3980 sorum
2251 3922 2469 3978 Parenti
2511 3923 2611 3987 illi,
2660 3922 2755 3993 qui
2798 3924 2942 3978 idem
2977 3923 3241 3980 Dominus
3281 3926 3372 3989 sit,
3410 3931 3465 3979 et
3495 3924 3613 3978 sui-

2022 4014 2312 4085 metipsius
2354 4021 2530 4084 pater,
2577 4014 3042 4084 quemadmodum
3091 4022 3147 4070 et
3190 4014 3349 4069 alteri
3392 4014 3611 4077 cuidam

2022 4107 2264 4170 Christo,
2289 4110 2382 4177 qui
2415 4122 2510 4175 per
2539 4121 2661 4161 sese
2682 4107 2754 4162 sit
2778 4107 2835 4159 in
2867 4107 3045 4160 lucem
3080 4106 3287 4160 editus.
3317 4104 3457 4159 Tum
3481 4118 3613 4158 vero

2022 4198 2326 4261 Christum,
2376 4196 2582 4251 ibidem
2630 4198 2811 4267 ipsum
2864 4197 3158 4261 collocant,
3215 4196 3309 4265 qui
3356 4196 3424 4250 de
3471 4194 3613 4249 ctelo

2024 4289 2330 4351 descendit,
2359 4296 2414 4342 et
2445 4287 2716 4357 ejusmodi
2748 4288 3120 4357 cognitionem
3149 4287 3393 4340 humano
3423 4285 3610 4356 generi

2024 4383 2280 4448 contulit,
2308 4398 2471 4454 quem
2496 4383 2662 4437 etiam
2687 4382 3021 4452 appellatum
3054 4380 3227 4435 fuisse
3254 4378 3443 4433 Jesum
3470 4393 3611 4448 pra--

2024 4476 2230 4531 dicant.
2282 4474 2478 4529 V‘crum
2527 4473 2780 4530 eumdem
2827 4481 3027 4544 negant
3072 4472 3141 4527 de
3185 4471 3353 4525 Maria
3400 4479 3611 4535 natum,

332 4565 518 4635 σάρκα
547 4565 603 4618 δὲ
636 4565 801 4618 αὑτὸν
842 4565 916 4636 μὴ
952 4566 1249 4636 εἰληφέναι,
1285 4566 1399 4619 ἀλλ’
1433 4566 1467 4636 ἢ
1517 4565 1675 4636 μόνον
1700 4566 1920 4637 δόκησιν

2028 4567 2126 4622 sed
2168 4581 2264 4637 per
2296 4565 2522 4620 Mariam
2578 4574 2862 4621 ostensum
2916 4570 3204 4629 asserunt;
3258 4578 3435 4632 neque
3487 4577 3614 4615 car-

331 4652 498 4710 εἷναι.
532 4657 671 4711 Φασὶ
698 4655 754 4709 δὲ
779 4658 871 4711 τὸν
899 4657 1125 4711 Σαϐαὼθ
1158 4659 1207 4710 oi
1233 4658 1332 4729 μὲν
1363 4658 1485 4711 ὄνου
1519 4659 1734 4729 μορφὴν
1760 4658 1925 4729 ἔχειν,

332 4751 386 4803 οἱ
426 4750 485 4802 δὲ
514 4749 723 4820 χοίρου.
777 4751 980 4821 Διόπερ
1027 4752 1364 4815 ἐνετείλατο,
1412 4751 1569 4820 φασὶ,
1621 4753 1733 4814 τοῖς
1797 4752 1930 4805 Ἰου-

333 4840 505 4904 δαίοις
551 4845 735 4912 χοῖρον
781 4843 855 4912 μὴ
906 4839 1131 4896 ἐσθίειν.
1183 4838 1335 4895 Εἶναι
1379 4842 1437 4895 δὲ
1483 4841 1648 4895 αὐτὸν
1694 4842 1926 4913 ποιητὴν

335 4935 572 5007 οὖρανοῦ
616 4934 710 4988 καὶ
740 4936 864 5004 γῆς,
912 4935 1008 4989 καὶ
1043 4934 1154 4987 τῶν
1203 4934 1321 5005 μετ’
1350 4933 1514 4988 αὑτὸν
1555 4932 1801 5005 οὐρανῶν
1830 4934 1926 4986 καὶ

296 5014 305 5019 ’
336 5027 589 5095 ἀγγέλων
625 5026 734 5080 τῶν
772 5024 988 5080 ἑαυτοῦ.
1030 5026 1144 5097 Τὴν
1172 5025 1229 5078 δὲ
1275 5025 1475 5096 ψυχὴν,
1513 5027 1571 5078 ὲν
1601 5026 1680 5095 τῷ
1706 5025 1925 5096 ἐξέρχε-

334 5120 467 5173 σθαι
500 5119 774 5179 ἐντεῦθεν,
798 5118 1095 5173 διαϐαίνειν
1124 5117 1214 5173 διὰ
1241 5118 1351 5171 τῶν
1379 5117 1656 5189 ἀρχόντων
1686 5117 1920 5171 τούτων·

343 5212 421 5283 μὴ
449 5210 707 5264 δύνασθαι
742 5210 800 5262 δὲ
828 5210 1179 5279 διαπερᾶσαι,
1236 5210 1285 5262 εἰ
1343 5210 1418 5280 μή
1453 5225 1508 5261 τι
1539 5207 1606 5261 ἂν
1639 5211 1740 5280 τῆς
1785 5206 1924 5276 γνώ-

340 5319 484 5365 ceu);
532 5305 547 5334 ³
598 5305 655 5354 ὲν
710 5300 1033 5373 πληρώματι
1090 5301 1335 5373 γένηται,
1384 5300 1583 5371 μᾶλλον
1622 5300 1680 5353 δὲ
1721 5298 1925 5369 ταύτης

339 5394 449 5463 τῆς
476 5396 894 5463 καταγνώσεως,
930 5393 1027 5447 καὶ
1069 5392 1445 5464 ἐμφορηθεῖσα
1470 5388 1783 5464 ’διαδράσειε
1816 5390 1925 5445 τῶν

345 5485 623 5555 ἀρχόντων
661 5485 756 5537 καὶ⁵
800 5485 911 5537 τῶν
962 5483 1214 5549 ἐξουσιῶν
1270 5484 1370 5547 τὰς
1411 5486 1620 5555 χεῖρας.
1667 5479 1823 5535 Εἶναι
1868 5482 1928 5535 δὲ

343 5576 722 5649 δρακοντοειδῆ
761 5577 847 5630 τὸν
879 5578 1117 5648 ἄρχοντα
1146 5578 1237 5630 τὸν
1270 5577 1569 5646 κατέχοντα
1597 5574 1687 5628 τὸν
1722 5574 1927 5644 κόσμον

347 5668 557 5730 τοῦτον,
589 5668 683 5721 καὶ
722 5668 1087 5723 καταπίνοντα
1124 5670 1222 5739 μὲν
1262 5669 1357 5733 τὰς
1403 5668 1581 5739 ψυχὰς
1622 5665 1719 5729 τὰς
1762 5666 1836 5737 μὴ
1872 5668 1927 5721 ὲν

429 5849 445 5880 ¹
480 5866 568 5917 γρ.
604 5848 886 5914 γενέσεως.

2028 4674 2152 4713 nem
2190 4660 2353 4714 aliter
2381 4672 2546 4729 quam
2579 4658 2763 4727 specie
2798 4657 2918 4726 ipsa
2972 4656 3306 4725 suscepisse.
3357 4654 3513 4721 Quod
3545 4654 3614 4708 ad
3658 4642 3669 4659 ’

2030 4751 2273 4807 Sabaoth
2326 4751 2583 4821 pertinet,
2646 4751 2791 4804 hunc
2834 4749 2974 4804 asini
3025 4750 3270 4819 quidam,
3315 4749 3405 4801 alii
3463 4747 3615 4816 porci

2029 4845 2202 4915 ﬁgura
2251 4851 2512 4898 constare
2547 4850 2795 4898 censent.
2836 4840 2918 4896 Ob
2972 4841 3136 4912 idque
3165 4840 3392 4901 Iudaeis,
3439 4840 3612 4901 aiunt,

2026 4938 2206 4994 suillis
2239 4934 2505 4990 carnibus
2550 4934 2935 4989 interdixerat.
2972 4931 3130 4986 Hunc
3175 4946 3299 4986 esse
3346 4930 3470 4983 caeli
3505 4935 3617 4982 ter-

2020 5042 2205 5097 raeque
2243 5024 2610 5087 conditorem,
2665 5033 2778 5078 tum
2833 5038 3021 5097 eorum
3065 5020 3157 5090 qui
3199 5022 3617 5088 consequuntur

2021 5119 2328 5176 caelestium
2377 5116 2617 5181 orbium,
2676 5116 3107 5185 angelorumque
3147 5124 3396 5166 suorum.
3440 5107 3615 5162 Porro

2023 5209 2422 5281 digredientem
2470 5209 2597 5262 hinc
2642 5208 2880 5260 animam
2922 5220 3018 5275 per
3044 5206 3168 5258 illos
3201 5201 3441 5256 transire
3470 5199 3618 5271 prin-

2024 5304 2211 5372 cipes;
2266 5315 2443 5370 neque
2484 5308 2667 5353 tamen
2705 5304 2998 5369 penetrare
3044 5309 3234 5366 posse,
3284 5293 3392 5347 nisi
3433 5289 3618 5364 cogni-

2023 5393 2173 5446 tione
2204 5391 2295 5444 illa
2318 5388 2648 5459 plenissime
2683 5386 2905 5457 perfusa
2944 5385 3131 5450 fuerit,
3158 5384 3244 5439 vel
3278 5382 3616 5438 condemna-

2025 5484 2174 5538 tione
2225 5480 2445 5553 potius;
2511 5495 2617 5549 qua
2673 5479 2895 5550 quidem
2963 5477 3245 5533 cumulata
3299 5474 3613 5545 principum

2027 5576 2256 5631 istorum
2300 5586 2364 5627 ac
2404 5579 2736 5643 potestatqu
2784 5585 2981 5624 manus
3012 5566 3257 5639 eﬂugiat.
3301 5565 3520 5622 Addunt
3556 5570 3615 5618 et

2030 5667 2189 5739 hujus
2242 5667 2430 5722 mundi
2481 5662 2767 5736 prmsidcm
2817 5662 3078 5720 draconis
3116 5662 3345 5735 effigiem
3389 5660 3613 5716 habere.
3710 5693 3725 5707 .
