4022 6486
512 399 615 457 34⁷
1934 410 1999 468 ε.
2032 411 2373 469 summa
3693 409 3731 463 ε
3760 409 3792 463 s

515 517 586 572 ab
615 532 795 588 eoque
822 519 1036 574 animas
1068 521 1356 580 absorberi
1394 526 1713 597 cognitione
1747 525 1840 581 illa
1873 496 2104 583 destitu-

2210 526 2405 595 γνώσει
2438 525 2810 598 ὑπαρχούσας,
2844 523 2946 591 καὶ,
2972 523 3063 577 διὰ
3093 522 3191 594 τῆς
3236 522 3441 592 κέρκου
3482 520 3646 573 πόλιν
3681 521 3793 574 Ent-

517 617 625 674 tas,
664 626 999 683 rursumque
1027 629 1127 683 per
1161 616 1392 671 caudam
1442 617 1497 671 in
1533 617 1679 672 hunc
1718 616 1985 672 mundum
2026 633 2107 674 re-

2210 617 2512 694 στρέφοντα
2559 617 2640 680 εἰς
2678 616 2771 670 τὸν
2816 616 3037 687 κόσμον,
3076 614 3372 669 κάντεῦθεν
3404 613 3426 645 ³
3461 615 3545 675 είς
3587 613 3792 683 χοίρους

521 700 700 757 fundi.
750 701 829 757 Ex
872 720 982 775 quo
1012 705 1276 779 deinceps
1322 707 1377 762 in
1421 724 1716 779 porcorum
1761 709 2105 781 aliorumque

2210 706 2304 759 καὶ
2331 707 2411 768 είς
2440 704 2574 759 ἄλλα
2607 704 2743 770 ζῶα,
2775 706 2868 760 καὶ
2898 705 3060 759 πάλιν
3089 703 3178 757 διὰ
3210 702 3317 756 τῶν
3364 703 3561 755 αὐτῶν
3601 702 3792 768 ἀναφε-

517 793 878 848 animantium
923 811 1155 867 corpora
1201 799 1501 856 transfusa:
1550 817 1647 872 per
1689 801 1885 857 eadem
1921 802 2104 857 denuo

518 884 745 954 vestigia
783 902 1001 942 sursum
1051 888 1376 948 ell‘erantur.
1427 892 1585 960 Quod
1635 894 1681 949 si
1721 893 1870 964 quis,
1924 892 2102 956 aiunt,

517 989 580 1028 ea
611 974 771 1030 fuerit
794 978 1109 1047 cognitione
1132 981 1418 1050 praeditus,
1443 999 1673 1054 seseque
1702 1000 1801 1055 per
1823 990 2103 1038 menstrua

516 1063 610 1117 illa
642 1079 705 1119 ac
733 1065 981 1122 libidinis
1016 1068 1399 1139 profusionem
1433 1087 1499 1126 ex
1545 1072 1651 1128 hoc
1696 1072 1902 1127 mundo
1935 1072 2103 1126 colle-

515 1157 675 1226 gerit,
708 1171 831 1211 eum
857 1156 967 1228 92
997 1160 1134 1215 nihil
1180 1162 1270 1217 hic
1300 1164 1538 1219 detineri
1572 1164 1829 1235 amplius,
1870 1165 1967 1221 scd
2003 1179 2102 1220 eos

514 1262 654 1317 quos
698 1249 942 1307 diximus
995 1253 1348 1325 praetergredi
1408 1255 1720 1325 principes;
1769 1262 1824 1311 et
1873 1256 1942 1311 ad
1996 1254 2100 1310 Sa-

514 1337 680 1392 baoth
737 1356 912 1411 usque
975 1344 1288 1412 pervenire,
1348 1352 1518 1415 atque
1582 1345 1733 1401 illius
1780 1346 2103 1416 proculcare

514 1440 681 1501 caput
723 1433 822 1499 (ita
864 1435 1012 1489 enim
1063 1436 1328 1507 sacrilege
1368 1446 1534 1506 atque
1579 1437 1926 1508 impudenter
1965 1437 2102 1493 cliu-

515 1521 703 1593 tiunt),
738 1524 972 1596 indeque
1001 1526 1069 1582 ad
1094 1543 1408 1598 supremum
1433 1527 1566 1583 illud
1600 1527 1938 1584 domicilium
1975 1543 2104 1583 eva-

516 1613 666 1679 dere,
699 1616 788 1671 ubi
814 1618 1113 1673 viventium
1150 1627 1326 1675 mater
1365 1628 1452 1676 est
1482 1620 1744 1688 Barbero,
1784 1636 1909 1691 quae
1950 1621 2103 1677 etab

518 1705 627 1761 illis
674 1707 907 1764 Barbelo
946 1709 1170 1764 dicitur.
1234 1709 1387 1766 Hanc
1431 1727 1555 1770 esse
1601 1715 1798 1769 animae
1832 1714 2101 1768 rationem

519 1799 886 1872 adipiscendae
927 1804 1143 1861 salutis.
1187 1805 1323 1860 Illud
1374 1822 1506 1862 vero
1548 1801 1814 1876 praeterea
1855 1806 2102 1862 infelices

2210 796 2464 866 ρομένας.
2519 794 2584 848 Εἰ
2630 795 2689 849 δέ
2734 813 2837 859 τις,
2874 796 3057 865 φασὶν,
3108 795 3168 848 ἐν
3217 796 3283 865 τῇ
3313 792 3529 862 γνώσει
3574 793 3793 863 γένηται

2205 888 2400 959 ταύτῃ,
2436 888 2532 941 καὶ
2575 887 2817 954 συλλέξει
2853 887 3044 941 ἑαυτὸν
3085 888 3152 941 ὲκ
3182 886 3278 940 τοῦ
3309 885 3533 956 κόσμου
3574 884 3664 938 διὰ
3692 884 3793 938 τῶν

2203 979 2492 1051 ὲμμηνίων
2539 980 2634 1034 καὶ
2669 980 2758 1034 διὰ
2808 978 2914 1033 τῶν
2963 979 3172 1051 ρύσεων
3204 976 3417 1031 τούτων
3455 977 3564 1047 τῆς
3606 976 3789 1029 ἐπιθυ-

2206 1072 2358 1142 μίας,
2396 1073 2593 1143 μηκέτι
2622 1071 2855 1126 ὲνταῦθα
2880 1070 3205 1141 κατέχεσθαι
3238 1070 3429 1134 αὐτὸν,
3459 1068 3602 1121 ἀλλὰ
3620 1068 3790 1140 ,ὕπερ-

2204 1164 2409 1219 ϐαίνειν
2443 1167 2569 1229 τοὺς
2598 1164 3030 1236 προειρημένους
3056 1164 3346 1235 ἄρχοντας.
3386 1161 3695 1233 Ἐρχεσθαι
3718 1161 3790 1225 δὲ,

2204 1257 2357 1323 φασὶ,
2401 1254 2553 1329 παρὰ
2597 1255 2690 1327 τρν
2740 1252 2990 1312 Σαϐαὼθ,
3038 1253 3132 1307 καὶ
3178 1254 3375 1307 πατεῖν
3436 1251 3538 1304 ἐπὶ
3573 1246 3674 1319 τὴν
3708 1267 3791 1303 κε-

2205 1348 2379 1420 φαλὴν
2447 1346 2645 1413 αὐτοῦ,
2709 1346 3134 1418 ἁθυρογλὼττως
3165 1343 3664 1414 βλασφημοῦντες,
3705 1345 3793 1395 καὶ

2201 1438 2376 1503 οὕτως
2408 1438 2756 1509 ὑπερϐαίνειν
2784 1441 2864 1503 εἰς
2892 1438 2952 1491 τὸ
2983 1438 3096 1492 ἄνω
3130 1436 3318 1507 μέρος,
3354 1435 3503 1489 ὅπου
3544 1435 3579 1503 ἡ
3617 1435 3792 1505 μήτηρ

2202 1530 2312 1585 τῶν
2354 1529 2571 1595 ζώντων
2608 1532 2642 1602 ἡ
2687 1529 2979 1601 Βαρϐηρὼ,
3019 1529 3139 1599 ἦτοι
3165 1526 3463 1599 Βαρϐηλώ.
3508 1526 3625 1579 Καὶ
3660 1524 3792 1578 οὕτω

2202 1621 2303 1692 τὴν
2333 1621 2511 1692 ψυχὴν
2547 1621 2839 1687 σώζεσθαι.
2882 1622 3064 1691 Ἔχειν
3111 1618 3171 1672 δὲ
3202 1619 3293 1672 καὶ
3332 1618 3541 1689 τρίχας
3584 1617 3661 1679 ὡς
3701 1632 3791 1683 γυ·

2204 1712 2391 1775 ναικὸς
2424 1712 2516 1766 τὸν
2572 1712 2735 1766 αὐτὸν
2786 1711 3035 1780 λέγουσιν
3086 1711 3137 1763 οί
3178 1709 3446 1773 τάλανες,
3488 1707 3791 1778 νομίζοντες

2206 1804 2267 1858 τὸ
2302 1804 2473 1874 ὄνομα
2512 1803 2573 1857 τὸ
2607 1802 2833 1857 Σαϐαὼθ
2879 1802 3115 1876 ἄρχοντά
3139 1819 3263 1856 τινα
3290 1796 3475 1854 εἶναι’
3522 1799 3640 1852 Οὐκ
3670 1798 3793 1851 εἰδό-

519 1889 598 1944 illi
626 1892 694 1946 ad
716 1891 956 1948 fabulam
984 1893 1382 1965 adjunxerunt,
1405 1896 1584 1952 eidem
1610 1895 1850 1953 Sabaoth
1874 1897 2106 1968 capillos

2210 1908 2320 1956 τες,
2354 1892 2437 1945 ὅτι
2480 1893 2614 1946 ὅπου
2642 1892 2809 1961 λέγει,
2853 1892 2996 1947 Τάδε
3032 1893 3195 1961 λέγει
3243 1892 3470 1959 Κύριος
3524 1888 3789 1955 Σαϐαὼθ,

518 1998 645 2039 esse
684 1984 1002 2051 muliebres,
1033 1987 1180 2057 quod
1220 1988 1432 2042 scilicet
1458 2003 1646 2044 vocem
1679 1990 1826 2043 illam
1866 1986 2107 2044 Saba0th

519 2073 789 2144 principis
826 2075 1061 2147 alicujus
1106 2091 1230 2133 esse
1260 2093 1459 2133 nomen
1503 2078 1878 2147 arbitrentur;
1925 2095 2103 2149 neque

519 2164 650 2219 illud
683 2164 1014 2238 intelligant,
1058 2168 1374 2240 ubicunque
1421 2171 1497 2225 ita
1535 2169 1774 2227 dicitur:
1808 2169 1937 2225 Πωο
1974 2171 2105 2225 dicit

518 2253 777 2312 Dominus
802 2256 1062 2326 Sabaoth,
1096 2275 1207 2316 non
1235 2261 1546 2332 cujuspiam
1580 2261 1633 2316 id
1665 2277 1789 2318 esse
1820 2262 2100 2333 proprium

519 2364 742 2417 nomen,
778 2351 874 2407 sed
906 2352 1255 2423 praedicando
1288 2352 1473 2423 potius
1501 2352 1716 2408 numini
1751 2354 1900 2409 velut
1926 2353 2103 2424 quod-

519 2442 645 2498 dam
670 2444 1007 2501 laudationis
1028 2446 1356 2502 vocabulum
1383 2446 1655 2502 adhiberi.
1687 2445 1897 2517 Quippe
1920 2446 2104 2501 Domi-

520 2552 627 2591 nus
657 2534 897 2592 Sabaoth
933 2536 1076 2592 idem
1102 2534 1368 2593 Hebraice
1405 2536 1552 2608 quod
1580 2537 1869 2591 exercitum
1932 2536 2106 2606 signi-

475 2638 479 2643 ’
523 2627 667 2680 llcat.
694 2625 761 2679 Et
789 2625 1010 2697 quidem
1047 2625 1362 2697 ubicunque
1391 2641 1493 2680 vox
1521 2625 1613 2680 illa
1647 2625 1888 2680 Sabaoth
1920 2625 1973 2679 in
2007 2624 2107 2681 Ve-

523 2726 638 2772 tere
683 2714 1039 2771 Testamento
1079 2717 1310 2788 legitur,
1358 2718 1648 2795 exercitum
1697 2726 1876 2773 sonat.
1918 2716 2105 2787 Itaque

524 2822 623 2876 pro
645 2822 711 2862 eo
725 2809 872 2879 quod
895 2809 1163 2868 Hebraice
1182 2814 1448 2883 scriptum
1472 2821 1557 2868 est
1577 2831 1590 2868 :
1614 2811 1826 2867 Adonai
1845 2811 2103 2875 Sabaoth,

2211 1983 2313 2037 οὐκ
2343 1982 2515 2054 διομά
2558 2000 2703 2047 τινος
2758 1980 2932 2048 εἶπεν,
2965 1983 3078 2038 ἀλλ’
3128 1984 3303 2053 ὄνομα
3341 1980 3663 2049 δοξολογίας
3702 1981 3791 2050 τῆς

2209 2074 2482 2145 θεότητος.
2512 2074 2739 2129 Σαϐαὼθ
2774 2075 2881 2146 γὰρ
2912 2074 3275 2147 ἑρμηνεύεται
3304 2074 3420 2127 ἀπὸ
3452 2072 3555 2143 τῆς
3594 2072 3789 2142 Ἐϐραῖ-

2210 2163 2312 2235 κῆς
2350 2164 2630 2220 διαλέκτου
2664 2163 2886 2234 Κύριος
2926 2163 3043 2218 τῶν
3087 2163 3432 2233 δυνάμεων.
3479 2163 3657 2215 Ὅπου
3693 2161 3789 2231 γὰρ

2208 2257 2266 2309 ὲν
2305 2258 2373 2328 τῇ
2422 2256 2637 2329 Παλαιᾷ
2670 2257 2913 2329 Διαθήκῃ
2946 2255 3007 2310 τὸ
3056 2254 3286 2309 Σαϐαὼθ
3327 2254 3515 2326 ὄνομά
3548 2255 3663 2307 ἐστι
3704 2269 3786 2321 τε-

2207 2349 2546 2419 γραμμένον,
2585 2349 2850 2419 δύναμιν
2896 2349 3206 2418 ὑποφαίνει.
3260 2348 3435 2404 Ὅθεν
3484 2349 3516 2400 ὁ
3575 2345 3789 2409 ’Δκύλας

2208 2440 2487 2513 πανταχοῦ
2543 2441 2604 2496 τὸ
2662 2441 2910 2498 Ἀδωναῒ
2960 2441 3205 2496 Σαϐαὼθ
3248 2440 3555 2514 ὲρμηνεύει
3597 2438 3785 2507 λέγων,

2207 2535 2424 2603 Κύριος
2474 2533 2788 2603 στρατιῶν.
2837 2531 2993 2591 Οὗτοι
3032 2535 3121 2600 δὲ,
3172 2534 3317 2589 κατὰ
3363 2535 3552 2589 πάντα
3602 2532 3787 2602 τρόπον

2209 2628 2570 2699 ὲμμανέντες,
2602 2628 2746 2683 κατὰ
2786 2628 2881 2683 τοῦ
2912 2630 3092 2683 αὐτῶν
3129 2628 3396 2683 δεσπότου
3438 2627 3532 2681 τὸν
3577 2624 3649 2697 μὴ
3673 2623 3785 2678 ὄντα

2212 2721 2455 2792 ζητοῦσι,
2488 2722 2581 2776 καὶ
2607 2721 2699 2775 τὸν
2725 2721 2856 2776 δντα
2891 2721 3292 2787 ἀπολωλέκασι,
3341 2704 3555 2791 μᾶλλον
3581 2718 3637 2771 δὲ
3674 2717 3786 2768 sau-

2210 2814 2336 2875 τοὺς
2368 2811 2679 2866 ἀπώλεσαν.

523 2903 722 2974 Aquila
755 2915 1021 2977 perpetuo
1072 2878 1327 2962 Dominus
1377 2910 1705 2963 exercituum
1752 2906 1951 2963 reddit.
1998 2906 2104 2962 Sed
2145 2905 2234 2961 isti
2272 2906 2458 2961 [ιιι-οτέ
2491 2916 2659 2978 atque
2690 2907 2930 2962 amentia
2963 2906 3154 2977 perciti
3176 2878 3245 2961 ad
3277 2904 3506 2961 Domini
3570 2902 3655 2959 sui
3678 2898 3784 2975 ..ἰη-

518 2997 725 3065 juriam
765 3013 890 3053 eum
932 2997 1028 3069 qui
1060 3013 1333 3068 nusquam
1390 3006 1476 3054 est
1536 2998 1846 3068 inquirunt,
1879 3006 1933 3052 et
1971 3011 2097 3052 eum
2136 2996 2229 3066 qui
2259 3007 2343 3051 est
2379 2997 2582 3065 reipsa,
2616 2997 2700 3052 vel
2748 2996 3075 3066 semetipsos
3115 2997 3300 3067 potius
3340 2996 3720 3068 perdiderunt.

597 3092 687 3149 XI.
721 3093 862 3149 Sunt
885 3101 941 3151 et
968 3095 1087 3150 alim
1106 3093 1424 3150 earumdem
1459 3093 1891 3150 innumerabiles
1922 3107 2101 3164 nugae,

2180 3089 2189 3099 ’
2273 3088 2373 3145 IA'.
2422 3091 2596 3145 Ι’Λλλα
2626 3092 2683 3145 δὲ
2714 3092 2815 3145 ὃσα
2852 3090 3204 3162 φλυαροῦσιν,
3251 3093 3311 3146 ὲν
3348 3087 3438 3155 οἷς
3484 3087 3783 3161 περικακεῖν

525 3201 628 3241 nec
656 3185 776 3242 sine
803 3186 964 3243 taedio
996 3195 1176 3258 potest
1209 3186 1391 3243 omnis
1436 3186 1667 3242 istorum
1699 3184 1916 3240 insania
1949 3200 2104 3240 com-

2210 3182 2326 3235 ἐστι
2356 3181 2424 3234 τὰ.
2469 3182 2568 3253 τῆς
2613 3182 2793 3235 αὐτῶν
2843 3181 3042 3252 μανίας
3069 3181 3271 3249 λέγειν.
3307 3180 3476 3244 Τινὲς
3522 3180 3582 3232 δὲ
3612 3178 3667 3244 ἐξ
3696 3177 3781 3229 αὐ-

527 3280 845 3335 memorari.
881 3279 991 3336 Sed
1015 3280 1150 3336 illud
1179 3280 1523 3352 praetermitti
1553 3295 1665 3335 non
1693 3286 1910 3349 potest:
1934 3292 2107 3348 quos-

523 3372 651 3428 dam
679 3388 747 3428 εκ
778 3373 975 3428 horum
1001 3388 1126 3429 esse
1149 3387 1400 3436 numero,
1422 3371 1517 3442 qui
1552 3371 1630 3427 ita
1661 3370 1952 3425 mulierum
1975 3385 2109 3425 con-

528 3465 820 3520 suetudine
853 3465 1155 3531 abstinent,
1185 3472 1245 3519 ut
1287 3464 1505 3534 seipsos
1535 3461 1791 3517 manibus
1821 3460 1940 3516 suis
1973 3475 2109 3515 con-

530 3565 815 3624 spurcent,
849 3556 1031 3627 iisque
1079 3555 1446 3612 fmdissimum
1491 3552 1737 3610 libidinis
1776 3553 1930 3608 virus
1964 3552 2114 3607 exci-

440 3633 449 3641 ’
530 3641 703 3711 piant,
752 3649 917 3712 atque
963 3657 1030 3698 eo
1064 3650 1380 3698 vescantur.
1431 3641 1513 3711 Ad
1548 3641 1694 3709 quod
1733 3640 2109 3697 testimonium

531 3734 666 3789 illud
704 3748 800 3803 per
841 3748 1110 3788 summam
1144 3733 1476 3787 calumniam
1508 3731 1877 3800 detorquent:
1919 3729 2111 3784 Manus

532 3827 650 3880 ista:
669 3823 1076 3893 sitppeditarunt
1103 3840 1207 3878 non
1229 3823 1357 3878 mihi
1384 3824 1577 3888 solum,
1608 3822 1698 3876 sed
1721 3832 1770 3877 et
1803 3823 1867 3877 iis
1888 3822 1979 3892 qui
2008 3838 2114 3876 me-

530 3932 652 3970 cum
692 3925 814 3970 sunt
842 3916 883 3969 ¹.
929 3918 1066 3970 item
1116 3914 1265 3971 istud
1312 3932 1325 3968 :
1360 3912 1653 3983 Operantec
1703 3912 1946 3966 manibus
1990 3928 2115 3982 pro-

528 4008 684 4074 priis,
726 4016 783 4060 ut
824 4007 1040 4076 possitis
1064 4007 1130 4062 iis
1153 4008 1246 4077 qui
1297 4022 1404 4061 non
1438 4004 1629 4059 habent
1657 4003 2110 4059 communicare‘.

532 4101 610 4158 De
635 4102 837 4171 quibus
868 4103 1009 4157 adeo
1038 4100 1169 4155 mihi
1203 4108 1513 4156 commotus
1541 4098 1758 4154 videtur
1782 4097 1837 4152 in
1866 4097 2114 4167 apostolo
2142 4102 2146 4109 '

527 4194 558 4251 J
566 4195 669 4250 uda
688 4194 923 4265 Spiritus
945 4203 1194 4259 sanctus,
1226 4192 1328 4248 hoc
1343 4200 1428 4248 εει
1446 4192 1500 4245 in
1521 4192 1793 4246 catholica
1823 4189 1971 4245 illius
1989 4187 2117 4259 Epi-

530 4286 670 4341 stola
698 4284 889 4356 (ludas
924 4286 1014 4340 ille
1049 4299 1214 4354 porro
1240 4290 1346 4349 est,
1382 4282 1476 4353 qui
1502 4280 1717 4348 Jacobi,
1750 4288 1914 4351 atque
1946 4280 2114 4335 etiam

531 4372 747 4429 Domini
791 4374 958 4430 frater
982 4374 1288 4445 appellatus
1334 4372 1464 4445 est),
1501 4373 1558 4427 in
1595 4388 1701 4443 qua
1754 4387 1849 4442 per
1881 4372 2114 4441 apostoli

532 4477 718 4517 vocem
766 4461 1028 4534 Spiritus,
1088 4463 1335 4532 inquam,
1371 4469 1619 4527 sanctus,
1673 4470 1964 4531 corruptos
1991 4463 2114 4517 illos

2209 3271 2339 3337 τῶν,
2395 3273 2611 3341 γυναιξὶ⁵
2662 3274 2738 3344 μὴ
2796 3270 3210 3344 πλησιάζοντες,
3258 3274 3382 3335 ταῖς
3437 3271 3593 3334 ίδίαις
3644 3266 3782 3339 χερσὶ

2210 3364 2389 3418 αὐτῶν
2434 3365 2663 3428 ἑαυτοὺς
2721 3363 3038 3437 φθείρουσι,
3092 3365 3194 3437 τὴν
3246 3364 3306 3419 δὲ
3357 3362 3546 3419 αὐτῶν
3596 3358 3781 3432 φθορὰν

2210 3456 2577 3528 λαμϐάνουσιν
2624 3459 2707 3522 είς
2757 3458 2857 3521 τὰς
2909 3459 3120 3528 χεῖρας,
3174 3457 3270 3511 καὶ
3319 3456 3501 3521 οὕτως
3543 3455 3779 3511 ἐσθίουσι.

2211 3548 2485 3620 χρώμενοι
2525 3549 3045 3620 σεσυκοφαντημένῃ
3082 3548 3382 3620 μαρτυρία,
3419 3548 3483 3601 τὸ
3516 3549 3557 3611 ⁵,
3587 3548 3653 3599 At
3676 3540 3781 3612 χεῖ-

2204 3657 2314 3709 ρες
2344 3635 2521 3697 αὗται
2553 3640 2904 3709 ἐπήρκεσαν
2930 3642 3003 3694 οὐ
3047 3641 3242 3710 μόνον
3284 3640 3442 3710 ἐμοὶ,
3493 3635 3650 3693 ἀλλὰ
3694 3630 3778 3686 καὶ

2211 3732 2338 3799 τοῖς
2368 3733 2492 3787 σὺν
2516 3734 2649 3803 ἐμοί
2671 3750 2684 3765 ο
2720 3735 2815 3788 καὶ
2849 3732 2913 3787 τὸ
2951 3733 3139 3787 πάλιν·
3187 3732 3601 3802 Ἐρναζόμενοι
3624 3730 3645 3760 ⁸
3669 3722 3776 3789 ταῖς

2215 3824 2392 3891 ἰδίαις
2433 3826 2665 3893 χερσὶν,
2709 3828 2810 3881 ἵνα
2843 3825 3111 3894 δύνησθε
3154 3825 3253 3879 καὶ
3303 3825 3434 3891 τοῖς
3475 3821 3561 3892 μὴ
3590 3820 3779 3887 ἔχουσι

2208 3915 2613 3986 μεταδοῦναι·
2651 3917 2728 3982 ὡς
2763 3919 2857 3972 καὶ
2905 3918 3037 3988 περὶ
3069 3911 3527 3985 τούτων,,οἷμαι,
3579 3904 3776 3975 ἐκινήθη

2213 4008 2276 4062 τὸ
2308 4008 2462 4078 ἅγιον
2494 4008 2721 4080 Πνεῦμα
2759 4011 2817 4064 ὲν
2864 4007 2943 4080 τῷ
2989 4008 3274 4078 ὰποστόλῳ
3319 4006 3519 4077 Ἰούδᾳ,
3548 4002 3682 4069 λέγω
3722 3993 3776 4061 δὴ

2214 4101 2275 4154 ὲν
2305 4103 2371 4171 τῇ
2404 4101 2495 4154 ὑπ’
2522 4101 2685 4154 αὑτοῦ
2707 4101 2980 4174 γραφείσῃ
3030 4099 3290 4171 καθολικῇ
3321 4094 3608 4164 Ἐπιστολῇ
3642 4084 3776 4159 (Ἰού⁸

2215 4190 2310 4254 δας
2352 4190 2409 4243 δέ
2440 4193 2589 4244 ἐστιν
2619 4185 2793 4255 οὗτος,
2825 4192 2854 4244 δ
2882 4190 3111 4260 ἁδελφὸς
3155 4188 3417 4244 Ἰακώϐου
3452 4187 3547 4241 καὶ
3592 4175 3773 4246 Κυρίου

2216 4281 2546 4353 λεγόμενος).
2593 4282 2871 4349 ’Υπέδειξε
2909 4281 3018 4354 γὰρ
3052 4283 3250 4344 αὐτοὺς
3282 4281 3344 4334 τὸ
3373 4282 3527 4350 ἅγιον
3576 4270 3774 4339 Πνεῦμα

2215 4372 2305 4427 διὰ
2336 4373 2434 4443 τῆς
2467 4373 2649 4443 φωνῆς
2681 4372 2776 4427 τοῦ
2821 4373 2990 4427 Ἰούδα
3017 4372 3160 4427 κατὰ
3186 4372 3257 4427 τὰ
3287 4374 3463 4444 κτήνη
3510 4359 3772 4439 φθειρομέ-

2218 4481 2342 4527 νους
2375 4465 2470 4518 καὶ
2496 4464 2840 4536 φθείροντας,
2886 4464 2964 4527 ὼς
3001 4463 3172 4533 λέγει,
3215 4465 3297 4518 ὅτι
3333 4465 3493 4518 Ὅσα
3529 4457 3641 4530 μὲν
3677 4453 3770 4506 οὐκ

531 4560 883 4621 corruptores
931 4569 1056 4608 esse
1093 4553 1451 4615 demonstrat,
1486 4559 1547 4605 ut
1588 4552 1788 4606 ibidem
1815 4552 2055 4622 loquitur
2093 4571 2107 4607 :

2215 4556 2476 4621 οἴδασιν,
2510 4535 2874 4626 ἀγνοοῦντες
2900 4557 3255 4612 ἁλίσκονται
3273 4573 3286 4586 ·
3307 4556 3424 4611 ὅσα
3450 4554 3519 4610 δὲ
3536 4549 3766 4606 οἴδασιν,

454 4648 471 4675 ⁵
534 4646 666 4708 Qua:
678 4644 815 4698 enim
839 4646 1099 4710 nesciunt,
1118 4647 1423 4714 ignorantes
1449 4644 1502 4696 in
1521 4643 1627 4698 illis
1652 4644 1955 4712 capiuntur.
1982 4645 2114 4710 Qua:

532 4753 651 4790 vero
671 4745 885 4800 norunt,
924 4739 977 4790 :‘n
1005 4738 1070 4790 iis
1103 4748 1356 4804 tanquam
1386 4745 1531 4789 muta
1568 4734 1829 4789 animalia
1873 4752 2115 4789 corrum-

528 4838 747 4896 puntur.
783 4826 1062 4898 Siquidem
1105 4842 1302 4881 canum
1353 4826 1527 4882 instar
1567 4842 1631 4880 ac
1670 4841 1963 4895 porcorum
2013 4843 2115 4883 sua

532 4937 594 4977 se
649 4920 961 4990 corruptela
1026 4920 1384 4988 turpitudinis
1437 4918 1751 4989 inquinant.
1806 4917 1923 4974 Hoc
1967 4924 2111 4975 enim

531 5000 697 5069 mod'o
719 5020 830 5067 tam
858 5028 1024 5069 canes
1060 5028 1125 5067 ac
1156 5013 1330 5083 porci,
1354 5028 1520 5083 quam
1548 5019 1744 5067 mulera
1777 5027 1838 5067 se
1860 5012 2111 5066 animan-

530 5107 607 5161 tia
640 5101 1026 5178 corrumpnnt,
1073 5114 1129 5163 et
1159 5105 1519 5176 proﬂuentem
1547 5122 1579 5161 e
1619 5105 1947 5176 corporibus
1996 5105 2114 5162 suis

532 5199 778 5255 libidinis
806 5201 1090 5257 humorem
1119 5200 1427 5269 delingunt.
1472 5198 1651 5268 Atque
1674 5198 1782 5268 93
1812 5199 1886 5252 illi
1923 5213 2113 5253 revera

529 5306 750 5350 carnem
797 5306 949 5350 suam
988 5300 1310 5363 erumpente
1360 5290 1506 5345 velut
1559 5307 1654 5360 per
1697 5291 1968 5345 somnium
2016 5290 2116 5343 ilu—

534 5384 697 5439 xione
737 5387 1140 5442 commaculant
1196 5404 1209 5439 :
1264 5384 1689 5438 Dominationem
1751 5393 1926 5437 autem
1969 5399 2116 5451 sper-

2214 4649 2295 4714 ὠς
2332 4650 2404 4702 τὰ
2442 4647 2633 4717 ἄλοκι
2670 4647 2782 4709 ζῶα
2828 4648 3192 4717 φθείρονται.
3247 4648 3442 4702 Κυνῶν
3487 4643 3593 4714 γὰρ
3636 4636 3769 4703 δίκην

2216 4740 2313 4795 καὶ
2346 4741 2543 4812 χοίρων
2581 4740 2679 4812 τὴν
2718 4740 2811 4793 ἀπ’
2858 4741 3039 4795 αὐτῶν
3083 4740 3290 4813 φθορὰν
3331 4735 3675 4794 ἐπιτελοῦσιν.
3715 4722 3767 4813 οἱ

2218 4833 2378 4893 κύνες
2433 4829 2540 4902 γὰρ
2587 4829 2682 4882 καὶ
2736 4830 2787 4882 οἱ
2843 4832 3036 4901 χοῖροι,
3085 4830 3146 4882 οὐ
3203 4830 3310 4901 μὴν
3343 4827 3479 4882 ἀλλὰ
3520 4822 3607 4878 καὶ
3653 4812 3767 4872 ἄλλα

2218 4921 2334 4988 ζῶα
2388 4921 2563 4985 οὕτως
2620 4922 2970 4992 φθείρονται,
3035 4922 3130 4976 καὶ
3190 4922 3290 4994 τὴν
3353 4919 3644 4990 ἀπόρρυσιν
3683 4904 3766 4973 τὴν

2218 5014 2327 5068 ἀπὸ
2358 5014 2465 5067 τῶν
2515 5016 2781 5084 σωμάτων
2810 5013 2989 5066 αὐτῶν
3036 5012 3297 5067 ἐσθίουσι.
3350 5014 3460 5068 Καὶ
3511 5007 3613 5077 γὰρ
3655 4998 3787 5065 ἀλτῗ.

2220 5108 2329 5171 θῶς
2364 5106 2810 5177 ἐνυπνιαζόμενοι
2840 5105 3021 5176 σάρκα
3057 5107 3351 5182 μιαίνουσι,
3380 5103 3689 5182 Κυριιῖτητζι
3707 5084 3764 5182 δέ

2219 5199 2523 5261 ἀθετοῦσι,
2562 5197 2748 5264 δόξας
2773 5197 2842 5251 δὲ
2877 5177 3343 5269 βλασφημοῦάι,
3384 5190 3614 5263 Μιχαὴλ
3649 5177 3762 5277 ne}

2219 5292 2615 5363 ἀρχάγγελος.
2646 5292 3072 5362 διαλεγόμενος
3108 5291 3191 5357 τῷ
3228 5289 3484 5352 διαϐόλῳ
3524 5276 3642 5346 περὶ
3673 5276 3762 5324 τευ

2222 5384 2519 5451 Μωῢσέως
2546 5384 2840 5454 σώματος.
2869 5385 2981 5438 οὐκ
3026 5382 3245 5452 ἤνεγκε
3291 5384 3473 5451 λόγον
3506 5373 3759 5439 ﬁla”???

532 5484 695 5536 nunt,
748 5476 1075 5544 majestatent
1115 5487 1292 5530 autent
1335 5474 1721 5543 blaspltemant.
1768 5476 1840 5528 At
1890 5474 2108 5528 Michael

2220 5475 2360 5542 μίας
2375 5474 2511 5543 (76),
2530 5474 2694 5529 ἀλλὰ
2705 5470 2895 5539 εἶπεν,
2922 5493 2941 5525 ι
2965 5471 3343 5544 Ἐπιτῖμήσαι
3364 5472 3502 5527 σοιό
3515 5461 3717 5528 Κύριοςο
3737 5465 3754 5498 '

608 5629 623 5658 ⁸
663 5628 786 5683 Act.
813 5646 903 5694 xx,
934 5633 1025 5687 34.
1105 5634 1125 5664 ’
1160 5632 1360 5704 Ephcs.
1386 5650 1459 5700 tv,
1484 5632 1576 5687 28.
1657 5633 1677 5664 ³
1704 5651 1792 5702 γρ.
1824 5630 2076 5687 ἐνταῦθα.

2210 5630 2334 5686 For.
2365 5632 2464 5703 τῷ.
2543 5634 2563 5664 ⁸
2596 5651 2686 5702 γρ.
2718 5632 3105 5705 ἐργαζόμενος,
3130 5643 3185 5687 ει
3211 5631 3450 5702 δύνηται.

612 5784 721 5860 liti;
759 5787 876 5860 0b):
908 5787 1123 5860 ἤνεγκε
1148 5790 1332 5860 ξἰόγον·
1352 5790 1771 5860 βλασφημίας,
1805 5788 1973 5842 Aliter
2005 5788 2117 5860 haec

2225 5787 2563 5857 ἀρχάγγελος
2593 5789 2680 5841 ὅτε
2718 5788 2795 5859 τῷ
2832 5787 3064 5857 διαϐόλῳ
3101 5787 3502 5859 διακρινόμενθς
3524 5770 3750 5859 διελέῖῗῖῗ

542 5856 593 5903 in
634 5839 1094 5912 (ιηἰιυιιῑρείίυὰευ
1146 5839 1811 5926 ιςιεὶιίιιιῖι-,”ἐνζδυ’ἒλὶίδὲ
1846 5839 2108 5929 mistith

2231 5839 2355 5929 πἐξὶι
2384 5839 2497 5913 ’τοῦ
2549 5844 2824 5923 Μωυσέως
2864 5842 3133 5928 σώματος,
3176 5839 3276 5911 οῦκ
3318 5839 3561 5927 ἐτόλμησε
3604 5839 3749 5910 κρίπν
