4022 6472
369 424 481 482 519

982 425 1359 484 ADVERSUS
1400 427 1741 484 llA‘JRESES
1778 428 1958 485 LIB.'l

2063 429 2187 485 'OM.
2226 426 2291 484 11.
2341 456 2404 469 --
2451 425 2727 484 ΗᾹΞΒΕΞ.
2762 423 2953 483 XXVI.

3539 423 3646 482 550

374 539 552 598 Οὗτοι
576 541 647 597 δὲ
674 542 795 597 ὅσα
837 544 947 599 οὐκ
983 543 1205 609 οιδασι,
1245 542 1516 613 φυσικῶς
1546 548 1953 617 βλασφημοῦ-

2063 544 2404 616 archangelus
2449 561 2566 598 cum
2611 543 2827 598 diabolo
2876 541 3157 611 disputans
3202 539 3268 595 de
3312 538 3484 611 Moysi
3528 553 3645 591 cor-

332 690 335 691 ,
370 650 507 688 σιν·
531 636 612 689 ὅτι
631 636 702 689 τὰ
719 636 887 705 ’Ἀγια
910 637 1019 690 τῶν
1049 637 1219 705 ἁγίων
1242 637 1310 691 τὰ
1348 638 1487 708 μετὰ
1517 631 1791 710 ἁγιασμοῦ
1824 643 1956 713 ἡμῖν

370 726 753 798 παραδοθέντα
794 727 1247 800 βλασφημοῦσιν,
1290 730 1372 792 είς
1417 731 1754 802 αἰσχρότητα
1801 732 1956 784 αὐτοὶ

374 819 862 891 μεταϐαλλόμενοι.
911 821 1020 874 Καὶ⁸
1063 821 1238 875 ταῦτά
1278 823 1426 875 ἐστιν
1476 822 1635 876 ἅτινα
1668 824 1810 877 κατὰ
1847 823 1958 875 τῶν

370 911 692 964 ἀποστόλων
747 912 1054 983 ἐτόλμησαν
1088 911 1299 982 λέγειν,
1348 913 1425 976 ὡς
1468 914 1565 967 καὶ
1616 916 1644 966 ὁ
1690 913 1958 985 μακάριος

375 1002 589 1066 [Ιαῦλός
620 1003 732 1075 (77)
760 1020 923 1076 φησιν
945 1021 960 1036 ο
998 1005 1180 1060 Ὥστε
1215 1004 1385 1073 τινὰς
1410 1005 1641 1076 τολμᾷν
1666 1005 1824 1075 ἡμᾶς
1859 1004 1958 1059 λέ-

371 1112 526 1162 γειν,
554 1094 908 1166 Ποιήσωμεν
934 1097 1007 1151 τὰ
1051 1098 1227 1161 κακὰ,
1259 1099 1358 1152 ἵνα
1383 1098 1530 1166 ἔλθῃ
1575 1096 1667 1166 ἐφ’
1694 1097 1854 1167 ἡμᾶς
1883 1098 1958 1150 τὰ

369 1186 591 1252 ἀγαθὰ.
619 1180 707 1239 ὧν
738 1187 803 1239 τὸ
832 1187 1010 1258 κρῖμα
1037 1188 1279 1243 ἔνδικόν
1304 1189 1457 1242 ἐστι.
1499 1189 1680 1252 Πόσας
1707 1189 1956 1257 δὲίᾶλλας

370 1278 644 1348 ἀγάγοιμι
688 1280 993 1349 μαρτυρίας
1036 1281 1176 1334 κατὰ
1222 1281 1332 1334 τῶν
1383 1280 1750 1351 βλασφήμωνε
1797 1273 1956 1335 Οὗτοι

369 1369 485 1439 γὰρ
524 1370 573 1421 οί
610 1373 731 1434 ταῖς
768 1371 926 1436 ίδίαις
957 1372 1114 1443 χερσὶ
1163 1372 1531 1442 φθειρόμενοι,
1574 1373 1636 1425 οὐ
1683 1372 1842 1443 μόνον
1873 1370 1953 1434 δὲ,

370 1453 515 1506 ἀλλὰ
545 1456 639 1509 καὶ
666 1458 715 1509 οἱ
736 1460 858 1520 ταῖς
876 1458 1095 1527 γυναιξὶ
1126 1458 1537 1529 πλησιάζοντες,
1573 1460 1761 1514 λοιπὸν
1794 1460 1955 1532 κόρον

376 1544 456 1615 μὴ
484 1545 740 1613 λαϐόντες
771 1550 871 1619 τῆς
901 1549 1041 1620 μετὰ
1068 1551 1178 1604 τῶν
1205 1553 1481 1621 γυναικῶν
1508 1552 1852 1624 πολυμιξίας,
1875 1555 1956 1616 είς

372 1636 642 1709 ἀλλήλους
683 1641 1018 1706 ἑκκαίονται,
1056 1641 1275 1712 ἄνδρες
1302 1644 1373 1697 ἐν
1395 1644 1652 1713 ἀνδράσι
1695 1645 1870 1713 (κατὰ
1896 1645 1957 1698 τὸ

379 1728 804 1800 γεγραμμένον)
852 1729 969 1799 τὴν
1015 1732 1399 1802 ἀντιμισθίαν
1444 1734 1550 1803 τῆς
1602 1734 1843 1803 πλάνης
1887 1736 1958 1788 ἐν

370 1816 614 1884 ἑαυτοῖς
655 1819 1202 1891 ἀπολαμϐάνοντες.
1259 1823 1507 1891 Ἐξώλεις
1546 1825 1656 1897 γὰρ
1694 1827 1742 1879 οἱ
1800 1826 1957 1880 αὐτοὶ

2055 656 2199 710 pore,
2247 636 2583 705 blasphemia:
2629 652 2921 690 sermonem
2968 651 3072 688 non
3118 633 3269 695 tulit,
3318 631 3408 687 sed
3456 629 3594 683 dixit
3624 642 3644 683 :

2063 752 2082 783 ι
2121 731 2360 801 Increpat
2389 740 2436 784 te
2464 728 2744 781 Dominus.
2784 747 2804 780 ι
2842 725 2912 779 Hi
2947 736 3122 779 autem
3147 738 3467 794 quau-anque
3492 721 3646 791 iqnoo

2057 833 2178 877 rant
2203 822 2524 877 naturaliter
2546 820 2946 889 blasphemant;
2976 819 3104 871 dum
3138 815 3508 872 sacrosanctis
3536 814 3645 869 illis

2057 913 2355 987 mysteriis,
2392 929 2513 985 quae
2566 927 2688 967 cum
2738 911 3106 966 sanctissimis
3152 907 3517 978 religionibus
3541 921 3642 960 no-

2059 1006 2268 1062 bisunn
2319 1006 2813 1064 communicantur,
2857 1000 3252 1057 contumeliose
3282 996 3537 1061 illudunt,
3591 1002 3646 1050 et

2059 1096 2126 1151 ad
2198 1096 2610 1167 spurcissimam
2690 1092 3280 1163 ﬂagitiosissimamque
3362 1086 3659 1141 libidinem.
3751 1118 3755 1123 ι

2058 1194 2400 1244 convertunt.
2435 1186 2558 1241 llaec
2593 1193 2721 1241 sunt
2752 1200 2872 1254 quae
2904 1185 3164 1237 adversus
3201 1179 3479 1250 apostolos
3506 1178 3647 1231 ell'u-

2058 1279 2161 1332 tire
2220 1285 2346 1335 sunt
2389 1278 2507 1332 ausi
2549 1296 2562 1332 :
2607 1275 3062 1346 quemadmodum
3111 1272 3303 1328 beatus
3350 1266 3647 1340 Apostolus

2058 1372 2296 1427 scribit:
2333 1370 2479 1425 Adeo
2529 1380 2584 1423 ut
2634 1368 2853 1440 quidam
2896 1367 3008 1422 haec
3045 1382 3077 1419 α
3119 1363 3267 1418 nobis
3298 1362 3406 1415 dici
3434 1361 3648 1431 jactar’e

2058 1464 2332 1519 audeant:
2362 1462 2656 1517 Faciamus
2698 1462 2864 1524 mala,
2914 1468 2974 1513 ut
3010 1459 3251 1513 eveniant
3290 1456 3426 1511 bona
3456 1469 3475 1506 :
3512 1468 3643 1523 quo-
3730 1492 3737 1497 .

2058 1573 2174 1610 rum
2194 1556 2399 1625 justum
2432 1564 2508 1609 est
2525 1553 2787 1624 judicium
2820 1552 2859 1605 ί.
2891 1550 3063 1618 Quam
3110 1562 3239 1604 vero
3282 1547 3453 1601 multa
3491 1544 3647 1598 testi-

2058 1647 2237 1701 monia
2282 1652 2600 1717 suppetunt,
2648 1660 2769 1715 quae
2811 1650 3003 1697 contra
3043 1639 3392 1709 blaspltemos
3431 1636 3554 1690 illos
3590 1634 3645 1688 in

2059 1739 2295 1796 medium
2339 1738 2533 1794 aﬂ'erre
2593 1736 2893 1807 possimus!
2940 1732 3049 1789 Sed
3098 1732 3175 1787 illi
3228 1731 3323 1801 qui
3375 1729 3491 1786 suis
3542 1727 3646 1799 ipsi

2060 1831 2313 1885 manibus
2342 1829 2760 1885 abominandam
2786 1825 3066 1880 libidinem
3098 1829 3372 1886 exercent,
3400 1821 3491 1890 qui
3521 1833 3647 1873 cum

372 1908 662 1979 γενόμενοι
702 1912 1095 1984 μακαρίζουσιν
1121 1915 1403 1987 ἀλλήλους,
1440 1916 1515 1981 ὡς
1546 1916 1606 1969 τὸ
1634 1917 1957 1990 προκριτέον

2063 1921 2382 1977 mulieribus
2434 1936 2494 1974 se
2547 1918 2941 1980 commiscent,
2995 1916 3220 1971 assiduo
3272 1914 3486 1967 illarum
3541 1924 3648 1964 usu

373 2004 1059 2078 πρᾶγμαάναδεξάμενοι.
1088 2009 1249 2064 Ἀλλὰ
1291 2010 1385 2064 καὶ
1423 2010 1740 2074 ἀπατῶντες
1765 2010 1827 2065 τὸ
1861 2011 1959 2065 αὺ-

371 2097 491 2157 τοῖς
515 2093 837 2166 πειθόμενον
863 2103 1172 2166 γυναικεῖον
1197 2100 1376 2171 γένος,
1415 2102 1476 2156 τὸ
1496 2103 1958 2173 Σεσωρευμένον

370 2186 789 2257 ἁμαρτήμασι,
827 2192 927 2245 καὶ
959 2191 1226 2262 ἠγμένον
1258 2195 1565 2260 ποικίλαις
1595 2194 1954 2265 ἐπιθυμίαις,

375 2276 648 2341 εάσκουσι
678 2279 799 2342 ταῖς
823 2280 1210 2351 ἡπατημέναις
1235 2281 1328 2334 ὑπ’
1359 2281 1556 2344 αὐτῶν,
1584 2281 1669 2334 ὅτι
1704 2282 1769 2334 Ἦ
1808 2281 1956 2336 δεῖνα

374 2367 652 2439 παρθένος
674 2371 707 2440 ἠ
732 2368 973 2424 τοσαῦτα
999 2370 1094 2443 ἐτη
1131 2371 1470 2445 ὲφθαρμένη,
1497 2373 1593 2426 καὶ
1622 2371 1953 2445 φθειρομένη

372 2460 501 2514 καθ’
534 2461 773 2534 ἑκάστην
806 2462 1043 2534 ἡμέραν.
1078 2465 1256 2537 Κόρον
1282 2465 1390 2536 γὰρ
1417 2466 1516 2518 οὐκ
1541 2464 1655 2536 ἔχει
1691 2466 1823 2538 παρ’
1857 2465 1957 2518 αὐ-

372 2553 492 2614 τοῖς
517 2552 549 2622 ἠ
579 2550 826 2621 λαγνεία,
855 2551 969 2606 ἀλλ’
1003 2553 1126 2607 ὅσον
1158 2572 1244 2619 τις
1278 2555 1408 2626 παρ’
1444 2556 1628 2619 αὐτοῖς
1660 2556 1955 2625 αἰσχρουρ-

372 2641 473 2709 γδς
537 2643 826 2716 ἄνθρωπος
845 2686 860 2711 ,
911 2644 1168 2700 τοσοῦτον
1225 2649 1355 2718 παρ’
1409 2649 1593 2711 αὐτοῖς
1648 2647 1952 2712 ἐπαινετός.

389 2735 637 2801 Ἐκείνας
664 2737 722 2792 δέ
755 2755 917 2809 φασιν
944 2735 1084 2794 εἶναι
1111 2739 1436 2811 παρθένους,
1466 2738 1566 2803 τὰς
1602 2739 1869 2811 μηδέποτε
1897 2741 1955 2793 ἐν

371 2830 616 2899 κοσμικῇ
674 2828 820 2900 μίξει
876 2830 1058 2901 γάμου
1104 2830 1248 2885 κατὰ
1305 2830 1467 2901 φύσιν
1520 2830 1620 2901 τῆς
1668 2830 1956 2900 συνηθείας

372 2919 673 3004 γενομένας
719 2922 825 2988 ἕως
862 2924 1168 2995 καταϐολῆς
1201 2925 1518 2997 σπέρματος
1540 2965 1555 2988 ,
1589 2922 1724 2978 ἀλλὰ
1759 2940 1955 2996 μιγνυ-

376 3010 548 3080 μένας
583 3013 681 3082 μὲν
714 3015 823 3079 ἀεὶ,
860 3016 955 3068 καὶ
996 3015 1387 3088 πορνευούσας,
1419 3015 1525 3086 πρὸ
1552 3015 1608 3069 δὲ
1647 3016 1742 3068 τοῦ
1778 3017 1957 3087 ἀπαρ-

370 3102 626 3175 τισθῆναι
650 3106 751 3176 τὴν
781 3106 975 3178 ἡδονὴν
1014 3105 1329 3178 ἀφιστώσας
1354 3108 1444 3160 τὸν
1471 3107 1829 3178 πονηροποιὸν
1858 3107 1958 3160 αὐ-

367 3190 485 3245 τῶν
533 3194 632 3265 τῆς
684 3196 970 3259 κοινωνίας
1017 3196 1255 3268 φθορέα,
1297 3199 1392 3250 καὶ
1440 3196 1824 3268 λαμϐανούσας
1855 3197 1956 3266 τὴν

2057 2027 2398 2084 nequaquam
2439 2012 2726 2074 exsatiati,
2769 2012 2823 2064 in
2867 2010 3190 2079 semetipsos
3231 2004 3643 2062 exardescunt:

2071 2107 2203 2171 Viri,
2241 2107 2487 2176 inquam,
2516 2105 2571 2159 in
2608 2104 2771 2166 uiros,
2814 2102 2958 2158 sicut
2998 2101 3262 2170 scriptum
3297 2105 3403 2162 est,
3453 2110 3649 2150 merce-

2056 2197 2174 2252 dem
2206 2196 2404 2251 erroris
2443 2194 2527 2247 sui
2568 2194 2623 2247 in
2663 2191 2951 2259 semetipsis
2999 2190 3304 2257 recipientes
3345 2188 3390 2240 ³.
3433 2185 3646 2240 Etenim

2056 2289 2253 2362 perditi
2310 2285 2686 2358 proﬂigatique
2736 2284 2985 2339 homines
3043 2281 3232 2349 beatos
3289 2295 3348 2334 se
3411 2278 3645 2332 invicem

2054 2377 2375 2449 praedicant,
2400 2383 2658 2446 tanquam
2693 2373 3027 2446 praecipuum
3058 2369 3317 2442 quiddam
3348 2369 3563 2425 facinus
3583 2381 3649 2422 ac

2057 2471 2335 2541 singulare
2373 2466 2737 2536 susceperint.
2781 2464 3091 2532 Quinetiam
3136 2460 3472 2516 mulierculis
3509 2469 3647 2528 quas

2058 2562 2161 2617 sibi
2201 2560 2500 2631 morigeras
2538 2559 2761 2622 habent,
2808 2556 3137 2612 illudentes:
3177 2551 3533 2613 Mulierculis,
3565 2550 3653 2603 in-

2057 2670 2244 2725 quam.
2273 2653 2478 2709 onustis
2521 2653 2769 2722 peccatis,
2809 2667 2871 2705 ac
2918 2647 3300 2717 multiplicibus
3340 2643 3649 2714 cupiditati-

2059 2745 2156 2801 bus
2185 2745 2428 2800 abductis
2456 2746 2498 2809 ³,
2527 2744 2819 2800 identidem
2868 2750 3093 2806 narrant
3118 2758 3129 2793 :
3150 2738 3324 2803 Hanc,
3364 2750 3527 2807 quam
3565 2733 3649 2785 vi-

2057 2838 2254 2893 delicet
2282 2836 2587 2902 nominant,
2618 2851 2741 2890 esse
2770 2833 3065 2905 virginem;
3113 2847 3237 2886 cum
3284 2838 3409 2884 ante
3449 2828 3652 2883 multos

2053 2928 2165 3000 jam
2198 2943 2382 3001 annos,
2409 2927 2598 2984 vitiata
2643 2926 2825 2990 fuerit,
2863 2941 2929 2982 ae
2960 2924 3205 2995 quotidie
3237 2926 3648 2992 eonStupretur.

2055 3019 2215 3088 Apud
2264 3020 2389 3075 illos
2432 3020 2634 3089 quippe
2675 3018 2900 3074 satietas
2949 3015 3195 3071 libidinis
3241 3014 3409 3077 nulla,
3451 3018 3506 3065 et
3541 3022 3652 3080 quo

2057 3110 2289 3166 foediora
2318 3111 2551 3181 quisque
2579 3106 2994 3179 perpetraverit,
3040 3121 3107 3160 eo
3158 3102 3352 3173 majori
3402 3098 3647 3156 omnium

2059 3204 2218 3258 laude
2260 3216 2325 3259 ac
2365 3200 2750 3271 praedicatione
2802 3198 3127 3253 celebratur.
3176 3194 3430 3273 Virgines
3485 3204 3652 3261 porro

368 3287 786 3358 προειρημένην
830 3289 1165 3360 αἰσχρότητα
1201 3291 1280 3353 είς
1316 3289 1544 3361 ἐδωδὴν,
1588 3288 1664 3353 ὡς
1697 3288 1840 3342 κατὰ
1894 3289 1956 3341 τὸ

2063 3296 2177 3351 illas
2213 3295 2506 3365 appellant,
2546 3307 2669 3363 quae
2707 3276 2993 3360 nunquam.
3039 3288 3281 3358 legitimo
3328 3282 3649 3354 nuptiarum

374 3379 563 3447 ὅμοιον
593 3378 687 3432 τοῦ
734 3379 937 3451 Σηλὼμ
984 3381 1121 3453 πρὸς
1162 3381 1261 3454 τὴν
1308 3382 1507 3453 Θάμαρ
1561 3381 1953 3452 κακοτροπίαν,

373 3467 513 3522 ἀλλὰ
538 3470 647 3523 ἀπὸ
696 3471 996 3542 παρθενίας
1027 3473 1126 3545 τὴν
1171 3473 1367 3545 τέχνην
1413 3473 1619 3545 ταύτην
1659 3475 1956 3546 ὲπανειρη-

380 3560 569 3629 μένας,
604 3561 697 3614 τοῦ
746 3561 1064 3647 φθείρεσθαι
1099 3564 1218 3636 μὲν,
1255 3566 1329 3636 μὴ
1368 3564 1724 3636 ὑποδέχεσθαι
1761 3565 1819 3619 δὲ
1860 3566 1958 3637 τῆς

374 3652 587 3724 φθορᾶς
617 3653 716 3726 τὴν
749 3656 895 3726 μίξιν
940 3656 1032 3710 καὶ
1073 3657 1173 3728 τὴν
1211 3657 1530 3731 ἀπόρροιαν.
1573 3657 1958 3728 Βλασφημοῦσι

376 3741 436 3794 δὲ
464 3743 527 3795 οὺ
569 3745 730 3815 μόνον
765 3746 858 3799 τὸν
907 3746 1161 3818 Ἀϐραὰμ
1189 3746 1281 3800 καὶ
1313 3748 1403 3801 τὸν
1441 3747 1704 3812 Μωῦσέα,
1744 3749 1837 3801 καὶ
1867 3748 1958 3801 τὸν

390 3833 598 3900 Ἠλίαν,
632 3836 729 3891 καὶ
781 3838 961 3892 πάντα
987 3837 1080 3890 τὸν
1119 3839 1280 3910 χορὸν
1324 3838 1432 3892 τῶν
1470 3838 1785 3910 προφητῶν,
1824 3838 1960 3894 ἀλλὰ

378 3928 475 3982 καὶ
498 3928 588 3981 τὸν
616 3928 747 3982 Θεὸν
772 3929 864 3983 τὸν
894 3930 1255 4001 ἐκλεξάμενον
1280 3930 1495 3994 αὐτούς.

2058 3402 2195 3451 usu,
2242 3401 2307 3440 ac
2347 3385 2581 3439 naturali
2630 3384 2722 3440 illa
2780 3380 3180 3438 consuetudine
3219 3379 3295 3433 ita
3349 3374 3652 3446 perfuncta:

2061 3487 2210 3543 sunt,
2252 3487 2313 3533 ut
2358 3476 2600 3532 infusum
2647 3491 2834 3531 semen
2868 3473 3204 3543 exciperent,
3238 3468 3333 3525 sed
3364 3481 3485 3539 quae
3525 3466 3654 3520 licet.

2060 3570 2285 3625 assidue
2321 3583 2381 3624 se
2429 3567 2635 3637 stupris
2677 3566 3004 3637 ﬂagitiisque
3031 3560 3427 3623 contaminent,
3465 3565 3647 3610 tamen

2062 3670 2354 3731 antequam
2402 3659 2573 3713 libido
2617 3658 2809 3721 omnis
2867 3655 3159 3725 impleatur
3218 3648 3651 3723 perditissimum

2064 3768 2224 3809 suum
2270 3751 2421 3805 illum
2474 3749 2859 3811 admissarium
2906 3747 3210 3807 excutiunt,
3244 3743 3474 3811 illasque
3517 3754 3654 3809 quas

2064 3847 2304 3901 diximus
2357 3842 2709 3913 turpissimas
2761 3839 2954 3896 sordes
3000 3838 3065 3892 ad
3120 3833 3450 3892 vescendum
3504 3829 3654 3885 exci-

2064 3936 2240 4005 piunt.
2281 3931 2339 3987 In
2373 3946 2483 4001 quo
2523 3933 2757 3985 immane
2793 3929 2921 3983 illud
2955 3925 3400 3995 horrendumque
3430 3917 3653 3976 Sellomi

376 4033 506 4074 cum
542 4020 812 4076 Thamare
842 4021 1053 4086 facinus
1088 4022 1375 4078 imitantur
1409 4022 1451 4087 ⁸,
1513 4031 1702 4096 utpote
1772 4039 1894 4096 quae
1927 4027 2208 4082 servandae
2257 4024 2591 4095 virginitatis
2642 4022 2933 4075 artiﬁcium
2988 4019 3123 4073 illud
3163 4016 3525 4086 susceperint,
3594 4019 3655 4064 ut

377 4128 505 4168 eum
555 4113 779 4170 assidue
832 4121 1276 4184 corrumpantur,
1342 4115 1549 4169 nullam
1609 4126 1789 4171 tamen
1830 4133 1897 4173 ex
1940 4132 2003 4172 ea
2044 4116 2357 4186 corruptela
2421 4114 2752 4169 inlusionem
2812 4111 3040 4167 seminis
3103 4107 3413 4163 admittant.
3469 4104 3658 4173 Neque

381 4216 511 4259 vero
540 4213 634 4259 aut
663 4204 1031 4260 Abrahamutn
1083 4207 1369 4272 duntaxat,
1404 4214 1497 4261 aut
1542 4208 1760 4279 Moysen
1792 4219 1956 4279 atque
1994 4208 2199 4270 Eliam,‘
2223 4208 2470 4277 adeoque
2502 4205 2795 4276 prophetas
2821 4217 3035 4265 omnes,
3077 4199 3189 4271 95.
3240 4198 3363 4255 sed-
3388 4208 3444 4251 et
3483 4193 3655 4248 Deum

379 4294 560 4366 ipsum
595 4309 624 4348 a
654 4310 762 4365 quo
789 4303 917 4350 sunt
940 4296 1094 4351 electi
1125 4296 1519 4354 contumeliose
1547 4298 1858 4353 traducunt.

454 4386 582 4439 ΚΗ.
633 4386 803 4439 Ἀλλα
852 4387 909 4440 δὲ
960 4387 1127 4459 μυρία
1181 4390 1310 4460 παρ’
1361 4390 1546 4454 αὐτοῖς
1600 4389 1958 4462 πεπλασμένα

377 4468 624 4550 γραφεῖα
653 4478 1001 4550 τετόλμηται.
1054 4481 1254 4535 Γένναν
1298 4480 1397 4552 μὲν
1435 4480 1544 4553 γὰρ
1591 4481 1825 4550 Μαρίας
1859 4481 1961 4545 ,ϐι-

381 4572 557 4625 ϐλίον
599 4571 655 4623 τί
700 4588 866 4640 φασιν
915 4568 1082 4632 εἶναι.
1126 4574 1183 4627 ὲν
1213 4566 1257 4641 ᾧ
1304 4573 1455 4628 δεινά
1500 4591 1561 4627 τε
1603 4573 1701 4627 καὶ
1744 4572 1965 4644 ὀλέθρια

381 4661 778 4728 ὑποϐάλλοντές
816 4681 936 4717 τινα
964 4666 1142 4719 ἐκεῖσε
1167 4651 1433 4735 λέγουσιν.
1473 4667 1567 4719 Ἐκ
1605 4665 1796 4720 τούτου
1827 4667 1958 4739 γὰρ,

380 4757 539 4824 φασὶ,
566 4756 657 4810 τὸν
698 4758 973 4828 Ζαχαρίαν
997 4759 1335 4813 ἀπεκτάνθαι
1372 4760 1429 4812 ἐν
1476 4757 1553 4829 τῷ
1581 4758 1716 4829 ναῷ,
1755 4758 1964 4831 ἐπειδὴ,

384 4847 541 4915 φασὶ,
577 4846 845 4899 ὀπτασίαν
890 4845 1138 4918 ἑώρακε,
1175 4848 1269 4900 καὶ
1304 4847 1413 4901 ἀπὸ
1445 4846 1538 4901 τοῦ
1584 4848 1753 4918 φόϐου
1798 4846 1968 4903 θέλων

385 4940 564 4991 εἰπεῖν
586 4937 683 5010 τὴν
714 4939 1002 5003 ὀπτασίαν,
1029 4940 1325 5011 ἀπεφράγη
1353 4941 1414 4994 τὸ
1458 4940 1648 5011 στόμα.
1683 4935 1804 4994 Εἷδε
1834 4941 1968 5012 γὰρ,

386 5031 574 5100 φασὶν,
607 5032 665 5083 ὲν
691 5033 758 5102 τῇ
793 5025 913 5104 ὥρα
945 5031 1040 5085 τοῦ
1084 5032 1428 5102 θυμιάματός
1461 5049 1601 5097 τινα,
1629 5032 1705 5096 ὡς
1739 5032 1959 5101 ὲθυμία,

386 5123 675 5196 ἄνθρωπον
704 5125 915 5178 ἑστῶτα
940 5124 1061 5177 ὄνου
1102 5124 1314 5196 μορφὴν
1347 5124 1567 5195 ἔχοντα·
1599 5125 1694 5178 καὶ
1722 5123 1967 5189 ἐξελθόν-

385 5232 500 5281 τος,
525 5218 678 5285 φασὶ,
701 5216 796 5270 καὶ
829 5216 1073 5281 θέλοντος
1100 5218 1292 5279 εἰπεῖν,
1320 5216 1455 5270 Οὐαὶ
1481 5217 1628 5286 ὑμῖν,
1665 5216 1769 5269 τίνι
1800 5232 1970 5287 προσ-

2140 4385 2253 4441 ΧΙΙ.
2280 4383 2511 4440 inﬁnita
2550 4396 2714 4454 porro
2751 4395 2916 4451 penes
2963 4378 3087 4433 illos
3137 4381 3266 4432 sunt
3308 4372 3659 4443 supposititia

2069 4489 2235 4550 atque
2274 4476 2620 4548 impudenter
2660 4473 2897 4528 conlieta
2944 4470 3300 4524 monimenta.
3335 4464 3657 4534 Cujusmodi

1998 4551 2039 4607 D
2068 4582 2155 4626 est
2177 4571 2268 4640 qui
2304 4568 2380 4623 De
2412 4566 2656 4637 progenie
2696 4563 2888 4618 Mariae
2921 4561 3058 4616 liber
3080 4557 3424 4619 inscribitur,
3461 4555 3517 4609 in
3548 4569 3659 4624 quo

2070 4663 2361 4720 horribilia
2419 4659 2666 4730 quaedam
2722 4672 2786 4712 ac
2843 4652 3166 4711 detestanda
3234 4650 3451 4705 illorum
3512 4647 3659 4701 dicta

2072 4757 2447 4813 continentur.
2478 4751 2641 4808 Velut
2672 4751 2814 4805 inter
2843 4749 2949 4803 alia
2980 4766 2994 4803 :
3035 4761 3158 4801 eam
3201 4742 3479 4799 Zachariae
3508 4739 3660 4795 necis

2069 4847 2127 4901 in
2160 4845 2613 4914 templocausam
2642 4839 2944 4901 exstitisse,
2968 4835 3110 4906 quod
3136 4850 3260 4888 cum
3290 4833 3466 4887 visum
3493 4829 3660 4900 quod-

2074 4939 2197 4993 dam
2228 4919 2311 4991 illi
2356 4944 2501 4990 esset
2540 4934 2802 4994 oblatum,
2838 4930 3002 4998 idque
3024 4943 3136 4998 prae
3177 4933 3325 4981 metu
3349 4922 3659 4996 signiﬁcare

2072 5029 2252 5093 vellet,
2285 5041 2349 5101 os
2378 5026 2447 5081 ,εἰ
2487 5025 2663 5095 primo
2697 5023 3022 5093 prteclusum
3062 5017 3153 5072 sit.
3185 5015 3405 5070 Viderat
3436 5009 3655 5076 'autem,

2076 5118 2351 5190 inquiunt,
2405 5132 2527 5171 cum
2576 5113 2787 5168 incensi
2836 5112 2968 5166 hora
3023 5106 3248 5169 audiret,
3299 5103 3440 5159 asini
3487 5102 3657 5172 ﬁgura

2078 5217 2316 5268 stantem
2342 5208 2639 5268 hominem,
2664 5221 2727 5260 ac
2750 5219 2876 5259 eum
2907 5199 3089 5273 egredi
3109 5197 3289 5264 vellet,
3320 5195 3503 5264 itaque
3531 5208 3657 5263 pro-

464 5350 478 5380 ¹
510 5348 670 5405 Rom.
698 5366 779 5415 ut,
807 5349 863 5404 8.
935 5351 955 5381 ²
985 5347 1143 5404 Rom.
1176 5364 1214 5417 ι,
1260 5347 1353 5402 9.7.
1431 5349 1451 5380 ³
1482 5347 1522 5401 11
1554 5345 1695 5401 Tim.
1741 5361 1820 5407 ιιι,
1853 5345 1907 5400 6.

2063 5320 2168 5401 ien.
2198 5358 2427 5409 xxxvm,
2467 5341 2535 5397 18
2569 5355 2692 5410 sqq.

395 5514 719 5582 ἐπενεγκεῖν
741 5495 1118 5585 βλασφημίας.
1157 5513 1279 5568 Non
1305 5529 1481 5585 ausus_
1503 5509 1980 5585 est_judiciutn_in-

2078 5504 2349 5575 ejusmodi
2382 5517 2554 5575 genus
2592 5499 2971 5575 haereticorum
3016 5492 3305 5575 pertinere
3328 5497 3504 5575 putat.
3527 5486 3659 5575 'l'fal

394 5585 555 5652 ferre,
577 5559 627 5638 ει
665 5559 921 5639 ησεΓιιεανξ
952 5559 1313 5654 ἳιαδῖιίιειηία.
1346 5559 1411 5639 A't
1444 5559 1959 5654 Epiplianiiusna‘liau

2082 5559 2242 5654 μ’ήπι
2268 5559 2430 5654 apii;
2463 5572 2690 5654 τούτους
2726 5571 2755 5622 ὁ
2807 5559 3127 5654 Ἀπὸστόλος
3158 5564 3310 5649 ἐν,τῇ
3334 5559 3661 5654 ίπρξὶῬιιξ-

395 5650 635 5709 fortasse
677 5656 963 5711 lectionem
1006 5650 1265 5723 secutus;
1304 5672 1405 5709 non
1438 5650 1578 5717 tulit,
1616 5651 1812 5720 inquit.
1835 5650 1981 5704 blus-

390 5725 673 5793 pltemiam.

468 5795 582 5863 {77)
630 5796 723 5861 Ὡς
758 5796 855 5851 καὶ
881 5795 1221 5865 όμακᾰριος
1244 5793 1505 5865 Παῦλος.
1538 5791 1794 5865 Clemens
1824 5791 1975 5865 Alex.

2084 5626 2617 5719 μαίουςῂίΕπιστολῇ
2665 5626 3088 5719 ᾇποτεινόμενος
3135 5626 3362 5719 γρρφέι·
3402 5626 3523 5719 ἶςαὶ
3569 5626 3656 5695 μὴ

2078 5700 2273 5783 intra;
2312 5700 2855 5783 βλασφημούμεθα,
2905 5700 3004 5759 καὶ
3039 5700 3269 5783 ,καθώς
3297 5700 3660 5783 ξασξατινες

2079 5769 2600 5857 ἡλιιῙςιέ.ιὲγὲιι·,”ὄῖι
2627 5769 2972 5849 πὲιήσώμεν
2995 5775 3065 5831 τὰ
3096 5775 3266 5841 κακὰ,
3297 5769 3396 5826 ἵνα
3423 5770 3571 5835 ἔλθῃ
3590 5769 3661 5821 τὰ

395 5863 489 5921 lib.
527 5856 583 5920 ιιί
626 5856 823 5943 Strom.
860 5856 1110 5921 euindeni
1160 5856 1408 5937 A'postoli
1460 5856 1640 5919 locum
1684 5863 1860 5917 citans
1908 5861 1973 5915 ad
2077 5856 2287 5927 ἀγαθά.
