4022 6420
290 365 398 423 353

969 365 1335 422 .‘JWERSUS
1376 364 1716 422 llAiRESES
1755 365 1882 421 LIB.
1911 365 2136 422 I.TOM.
2181 366 2242 423 ΙΙ.
2284 399 2354 410 -
2379 367 2654 426 ll/ERES.
2696 369 2885 426 XXVI.

3452 374 3558 432 35$

288 482 600 554 γεννήσασα
648 484 792 547 υίδν,
843 486 1136 553 κατέχεται
1175 484 1353 547 κάτω,
1401 483 1506 545 ἕως
1537 483 1601 537 ἂν
1647 482 1717 537 τὰ
1759 482 1867 537 ἴδια

1979 486 2090 539 novi
2126 500 2144 539 :
2183 501 2299 540 sum
2346 487 2485 541 enim
2526 503 2554 541 ε
2602 488 2893 542 ιάνΙεδιίιιηι
2946 503 3181 541 numero.
3236 487 3413 558 Atque
3456 491 3559 546 hoc

289 571 461 626 τέκνα
491 572 691 644 δυνηθῇ
732 573 1044 637 ἀναλαϐεῖν,
1074 572 1169 626 καὶ
1208 571 1503 626 ἀνελκύσαι
1531 573 1612 636 είς
1648 572 1868 643 ἑαυτήν.

291 665 407 721 Καὶ
441 664 615 720 ταῦτά
656 669 772 722 ἐστι
806 667 877 724 τὰ
913 666 1129 739 ληρώδη
1155 667 1334 722 αὐτῶν
1378 666 1473 721 καὶ
1513 665 1731 738 μυθώδη
1753 683 1765 695 ·
1797 668 1874 732 ὼς

290 759 387 813 καὶ
420 757 549 830 περὶ
589 758 685 812 τοῦ
728 760 886 827 ἁγίου
936 760 1090 814 Ἠλία
1119 759 1360 829 τολμῶσι
1404 758 1740 830 βλασφημεῖν
1780 759 1875 813 καὶ

292 846 499 914 λέγειν,
529 849 612 901 ὅτι
639 850 838 919 φησίν·
874 850 1004 903 Ὅτε
1047 848 1346 920 ἀνελήφθη,
1376 848 1684 919 κατεϐλήθη
1714 848 1874 903 πάλιν

293 939 375 1001 εἰς
403 938 498 991 τὸν
529 939 756 1010 κόσμον.
786 937 958 994 Ἦλθε
1001 942 1135 1013 γὰρ,
1174 942 1341 1014 φησὶ,
1381 942 1479 1012 μία
1511 940 1740 1011 δαίμων,
1780 941 1874 994 καὶ

293 1031 594 1103 ἐκράτησε,
630 1034 724 1088 καί
767 1029 918 1087 εἶπεν
960 1034 1130 1105 αὐτῷ,
1161 1035 1242 1088 ὃτι
1289 1034 1398 1088 Ποῦ
1438 1033 1679 1105 πορεύῃ;
1727 1034 1875 1103 Ἐχω

295 1123 407 1194 γὰρ
439 1123 607 1178 τέκνα
635 1124 743 1179 ἀπὸ
793 1125 921 1191 σοῦ,
957 1127 1053 1181 καὶ
1106 1127 1166 1180 οὺ
1211 1125 1437 1182 δύνασαι
1474 1126 1750 1189 ἀνελθεῖν,
1781 1125 1875 1185 καὶ

298 1208 400 1269 ὧδε
432 1217 653 1285 ἀφεῖναι
682 1217 752 1272 τὰ
781 1217 946 1272 τέκνα
985 1233 1102 1273 σου.
1134 1219 1264 1282 Καὶ,
1297 1218 1454 1289 φησὶ,
1490 1218 1667 1286 λέγει’
1704 1217 1875 1273 Πόθεν

296 1307 446 1377 ἔχεις
499 1307 666 1362 τέκνα
724 1310 819 1364 ἀπ’
849 1308 1007 1381 ἐμοῦ,
1057 1310 1151 1365 καὶ
1191 1309 1301 1379 ἐγὼ
1345 1311 1492 1382 ήμην
1538 1313 1595 1364 ἐν
1641 1309 1871 1380 ἁγνείας

296 1397 507 1463 Λέγει,
563 1396 727 1467 φησί·
786 1398 930 1457 Ναὶ.
977 1400 1067 1454 ὅτε
1116 1400 1384 1463 ἐνυπνίοις
1421 1398 1876 1471 ἐνυπνιαζόμενος

298 1476 583 1552 πολλάκις⁵
610 1491 669 1543 ἐν
712 1493 778 1561 τῇ
812 1493 1082 1562 ἀπορῤοίᾳ
1113 1480 1221 1547 τῶν
1267 1494 1534 1563 σωμάτων
1579 1491 1873 1565 ὲκενώθης,

296 1581 411 1650 ἐγὼ
434 1583 584 1653 ήμην
612 1585 645 1653 ἡ
677 1583 1055 1653 μεταλαϐοῦσα
1079 1585 1186 1639 ἀπὸ
1207 1568 1301 1639 acii
1338 1585 1407 1639 τὰ
1441 1584 1753 1657 σπέρματα,
1782 1585 1877 1638 καὶ

294 1673 548 1741 γεννῶσά
576 1691 657 1728 σοι
692 1675 861 1739 υἱούς.
899 1675 1076 1745 Πολλὴ
1100 1676 1156 1729 δὲ
1194 1676 1375 1750 μωρία
1406 1676 1513 1730 τῶν
1547 1677 1616 1732 τὰ
1654 1674 1876 1730 τοιαῦτα

294 1765 587 1833 λεγόντων.
613 1767 736 1830 Πῶς
764 1767 872 1836 γὰρ
904 1764 1127 1822 δύναται
1149 1768 1380 1838 δαίμων,
1411 1766 1628 1838 πνεῦμα
1658 1766 1718 1821 ὃν
1747 1767 1878 1821 ἀκά-

1974 576 2159 639 modo,
2196 577 2473 646 inquiunt,
2510 579 2598 632 illa
2626 578 2936 635 dimittitur.
2977 576 3074 633 Sin
3103 586 3284 633 autem
3315 580 3557 636 sobolem

1974 682 2307 739 propagasse
2332 670 2622 740 reperitur,
2665 670 2852 725 taudiu
2889 668 3031 724 infra
3065 667 3359 736 detinetur.
3384 672 3561 726 donec

1977 760 2117 814 filios
2152 773 2284 814 suos
2324 758 2567 828 recipere
2606 759 2861 830 potuerit,
2894 767 2948 814 et
2985 758 3052 813 ad
3094 760 3443 830 semetipsam
3480 768 3563 817 at-

1977 850 2212 905 trahere.
2250 848 2345 905 liae
2393 857 2521 905 sunt
2574 866 2731 921 nugs:
2778 851 2994 906 illorum
3035 866 3099 905 ac
3127 854 3360 908 somnia.
3403 849 3563 906 Velut.

1974 942 2135 997 etiam
2165 942 2256 995 illa
2285 948 2432 1005 sunt,
2462 956 2581 1012 qua:
2628 942 2681 996 in
2719 948 2968 998 sanctum
3002 940 3172 996 Ellam
3211 943 3563 998 exsecranda:

1976 1033 2263 1101 cujusdam
2317 1033 2475 1103 plena
2521 1035 2865 1088 contumelia:
2903 1033 3198 1104 praedicare
3236 1050 3345 1087 non
3370 1050 3561 1088 veren-

1979 1131 2067 1178 tur
2098 1142 2112 1179 :
2148 1139 2296 1188 eum,
2332 1138 2456 1177 cum
2494 1124 2550 1178 in
2598 1124 2793 1179 malum
2827 1134 3045 1181 evectus
3077 1131 3242 1188 esset,
3273 1140 3467 1180 rursus
3504 1124 3559 1179 in

1977 1216 2125 1272 hunc
2176 1217 2439 1273 mundum
2496 1216 2667 1272 fuisse
2714 1216 3004 1285 deiectum.
3062 1212 3219 1271 Venit
3262 1216 3430 1281 enim,
3478 1217 3560 1269 in.

1976 1303 2193 1373 quiunt,
2222 1320 2253 1360 e
2292 1320 2519 1360 numero
2555 1304 2880 1359 feminarum
2931 1306 3237 1361 daemonum
3275 1320 3404 1370 una,
3441 1321 3562 1375 quae

1979 1395 2126 1449 illum
2159 1398 2456 1467 superavit.
2496 1396 2562 1450 Et
2587 1413 2697 1468 quo
2720 1406 2775 1451 tu
2806 1397 3025 1453 tandem
3046 1399 3243 1463 ?dixil,
3274 1398 3384 1471 Ego
3415 1401 3560 1455 enim

1976 1501 2006 1540 a
2049 1494 2104 1542 te
2143 1487 2345 1543 liberos
2382 1488 2574 1552 habeo.
2623 1504 2801 1558 neque
2852 1503 3072 1543 sursum
3121 1490 3340 1545 evolare
3385 1499 3561 1560 potes.

1977 1589 2141 1650 atque
2194 1582 2283 1637 hic
2329 1591 2454 1638 tuos
2515 1583 2844 1652 relinquere.
2896 1583 2976 1635 Ad
3041 1582 3156 1637 haec
3199 1585 3566 1653 respondente

1976 1673 2092 1729 Elia
2127 1692 2138 1730 :
2183 1674 2249 1728 Et
2286 1674 2557 1730 undenam
2588 1675 2655 1729 de
2684 1691 2769 1730 me
2800 1674 2940 1731 filios
2983 1674 3108 1731 illos
3143 1676 3404 1741 habuisti,
3439 1693 3563 1731 cum

1977 1782 2078 1838 ego
2110 1769 2492 1823 castimoniam
2518 1775 2778 1837 perpetuo
2798 1768 3170 1823 servaverim?
3201 1768 3363 1832 Sane,
3390 1769 3567 1838 inquit

297 1856 501 1928 θαρτον
530 1858 625 1913 καλ¹
668 1832 981 1928 ἀσώματον,
1012 1832 1280 1928 σωμάτων
1311 1832 1782 1930 μεταλάιίϐάνεινξ
1811 1859 1874 1911 El

1980 1858 2087 1910 illa.
2119 1858 2254 1915 Cum
2289 1857 2433 1911 enim
2479 1857 2535 1911 in
2585 1857 2795 1912 somnis
2847 1856 3115 1912 ellusione
3157 1858 3386 1913 seminis
3425 1872 3568 1926 saepe

294 1947 355 1999 δὲ
404 1948 500 2002 καὶ
548 1948 657 2002 ἀπὸ
708 1947 979 2019 σωμάτων
1035 1947 1443 2019 μεταλαμϐάνει
1488 1950 1582 2004 καὶ
1625 1950 1874 2011 κυΐσκει,

292 2041 483 2097 οὐκέτι
518 2042 638 2095 ἐστὶ
678 2041 915 2112 πνεῦμα,
963 2040 1100 2095 ἀλλὰ
1130 2040 1309 2112 σῶμα.
1338 2041 1507 2111 Σῶμα
1541 2040 1597 2093 δὲ
1637 2039 1718 2102 ὃν,
1760 2040 1877 2103 πῶς

292 2135 449 2187 ἐστιν
482 2135 713 2207 ἀόρατον
756 2135 850 2188 καὶ
897 2133 1144 2205 πνεῦμας
1190 2133 1297 2186 Καὶ
1330 2132 1499 2204 πολλὴ
1539 2133 1738 2186 ἀτοπία
1776 2132 1875 2200 τῆς

292 2225 479 2277 αὐτῶν
523 2224 879 2295 μωρολογίας.
927 2224 1215 2278 Βούλοειται
1257 2224 1365 2296 γὰρ
1403 2224 1503 2294 τὴν
1546 2224 1662 2277 κατ’
1697 2221 1878 2276 αὐτῶν

296 2314 603 2385 μαρτυρίαν
625 2314 723 2387 τὴν
751 2315 857 2367 ἀπὸ
878 2314 978 2385 τῆς
1017 2313 1336 2385 Ἐπιστολῆς
1356 2313 1449 2366 τοῦ
1476 2313 1645 2367 Ἰούδα
1679 2313 1878 2384 μᾶλλον

291 2409 377 2470 είς
418 2408 642 2472 ἑαυτοὺς
670 2406 830 2478 δῆθεν
863 2407 1186 2476 ἐπάγεσθαι,
1227 2408 1285 2460 ἐν
1315 2406 1394 2478 τῷ
1422 2406 1633 2474 λέγειν’
1670 2406 1781 2461 Καὶ
1824 2408 1878 2459 οἱ

288 2499 410 2568 μὲν
452 2497 936 2568 ἐνυπνιαζόμενοι
978 2499 1089 2569 (78)
1127 2498 1325 2568 σάρκα
1375 2497 1493 2567 μὲν
1544 2498 1875 2568 μιαίνουσι,

292 2591 614 2658 κυριότητα
636 2589 704 2643 δὲ
724 2590 1006 2644 ἀθετοῦσι
1034 2605 1046 2619 ⁸
1078 2589 1262 2655 δόξας
1289 2587 1358 2642 δὲ
1375 2589 1874 2659 βλασφημοῦσιν.

291 2682 413 2734 Οὐκ
439 2677 562 2734 εἷπε
592 2681 648 2734 δὲ
675 2683 704 2735 ὁ
742 2681 1005 2752 μακάριος
1043 2680 1243 2745 Ἰούδας
1282 2681 1510 2750 ἀδελφὸς
1538 2680 1631 2734 τοῦ
1672 2680 1877 2753 Κυρίου

278 2770 426 2841 ’περὶ
478 2769 1037 2841 ὲνυπνιαζομένωνέὲν
1076 2769 1343 2841 σώμασιν.
1400 2770 1575 2833 Εὐθὺς
1607 2771 1715 2842 γὰρ
1749 2773 1879 2823 ’ἑπι-

291 2862 453 2933 φέρει
484 2861 580 2916 καὶ
626 2861 899 2927 δεικνύει,
935 2863 1016 2915 ὅτι
1068 2861 1197 2932 περὶ
1231 2861 1362 2933 ,τῶν
1408 2861 1878 2930 ὲνυπνιαζομένων

290 2953 478 3022 λέγει,
515 2953 625 3007 τῶν
669 2952 974 3006 λαλούντων
1011 2953 1087 3018 ὡς
1131 2953 1197 3005 δι’
1237 2952 1533 3022 ὀνειράτων
1578 2952 1647 3005 τὰ
1698 2952 1879 3005 αὐτῶν

294 3045 543 3115 ῥήματα,
570 3045 664 3098 καὶ
705 3044 806 3097 οὐκ
846 3045 1112 3115 ἁνανήψει
1151 3045 1539 3116 γρηγορήσεως
1580 3043 1876 3115 λογισμῶν.

1977 1949 2554 2019 σοι-ριιεέχιιουιοὶιθεε,
2583 1965 2685 2019 ego
2716 1950 2815 2005 abs
2854 1958 2906 2004 te
2948 1950 3080 2004 illud
3119 1951 3332 2020 excepi,
3356 1951 3568 2021 tibique

1979 2041 2120 2095 filios
2150 2041 2356 2109 peperi.
2392 2039 2566 2106 Quam
2601 2056 2731 2097 vero
2772 2041 2840 2097 ab
2879 2042 2983 2097 illis
3015 2041 3198 2111 inepte
3231 2043 3336 2098 ista
3366 2042 3562 2098 dicun-

1980 2130 2096 2183 tur!
2133 2129 2418 2195 Quomodo
2481 2131 2628 2184 enim
2678 2130 2922 2195 dtemon,
2977 2130 3228 2199 impurus
3260 2146 3567 2200 expersque

1979 2221 2228 2290 corporis
2266 2220 2515 2290 spiritus,
2558 2220 2626 2273 de
2663 2220 2991 2289 corporibus
3029 2221 3361 2290 participare
3403 2221 3565 2291 quid-

1978 2313 2120 2382 piam
2155 2311 2366 2380 potest?
2396 2309 2531 2365 Nam
2563 2311 2608 2366 si
2637 2326 2666 2365 a
2699 2311 3026 2382 corporibus
3054 2311 3104 2365 ei
3126 2314 3568 2367 communicatur

1980 2404 2181 2473 aliquid
2218 2409 2277 2456 ut
2316 2403 2524 2471 pariat,
2564 2418 2765 2471 corpus
2806 2406 2912 2457 erit
2947 2417 3053 2457 non
3089 2402 3335 2473 spiritus.
3363 2403 3476 2474 96
3508 2401 3568 2460 Si

1978 2512 2181 2567 corpus
2209 2505 2312 2558 cst,
2345 2497 2620 2565 quomodo
2662 2497 2848 2566 fugere
2885 2497 3172 2549 oculorum
3207 2505 3565 2565 conspectum

1980 2588 2336 2657 aut-spiritus
2386 2602 2509 2641 esse
2549 2586 2783 2656 poterit?
2830 2584 2935 2641 Sed
2975 2594 3029 2640 et
3067 2585 3282 2638 illorum
3326 2586 3567 2640 absurda

1978 2694 2102 2733 cum
2140 2679 2331 2747 primis
2389 2679 2664 2733 stoliditas
2716 2685 2823 2738 est.
2872 2693 2997 2732 cum
3029 2676 3162 2731 illud
3208 2693 3274 2730 ex
3323 2675 3569 2745 Epistola

1976 2769 2131 2826 Iuda:
2174 2771 2571 2835 testimonium,
2609 2786 2720 2839 quo
2761 2785 2952 2825 eorum
3001 2783 3157 2823 error
3195 2769 3565 2831 convincitur,

1980 2865 2044 2918 ad
2077 2864 2238 2933 hujus
2260 2864 2431 2932 ipsius
2458 2844 2824 2933 patrocinium
2849 2862 3269 2917 accommodant
3293 2879 3306 2915 :
3335 2860 3403 2915 In
3426 2878 3568 2915 som-

1979 2956 2082 3017 nis,
2120 2956 2315 3023 inquit.
2348 2972 2556 3008 carnem
2591 2956 2882 3018 maculant,
2929 2954 3346 3009 dominationem
3386 2964 3565 3007 autem

1980 3058 2270 3117 spernunt,
2323 3047 2654 3116 majestatem
2707 3056 2882 3103 autent
2937 3047 3320 3116 blasphemant.
3363 3044 3566 3099 Verum

291 3137 410 3191 Kal.
454 3135 562 3209 γὰρ
608 3136 704 3190 καὶ
740 3137 868 3208 περὶ
910 3135 1017 3190 τῶν
1055 3140 1111 3190 ὲν
1152 3136 1507 3207 Ἰερουσαλὴμ
1541 3136 1875 3191 διδασκάλων

1981 3140 2174 3195 beatus
2199 3138 2369 3194 Iudas
2402 3139 2611 3193 Domini
2640 3139 2810 3193 frater
2836 3154 2944 3193 non
2986 3137 3056 3193 de
3093 3137 3161 3192 iis
3186 3137 3446 3206 loquitur,
3471 3137 3567 3205 qui

292 3226 444 3295 λέγει
486 3228 710 3290 ἰισαῖας
731 3244 744 3257 ’
783 3226 1013 3302 Πάντες
1042 3229 1224 3295 κύνες
1262 3228 1418 3281 ἐνεοί
1452 3231 1522 3281 οὐ
1556 3226 1877 3297 δυνάμενοι

291 3320 614 3383 ὑλακτεῖν,
655 3319 1143 3389 ἐνυπνιαζόμενοι
1194 3323 1438 3390 κοίτην,
1474 3324 1569 3376 καὶ
1616 3323 1685 3375 τὰ
1731 3322 1876 3394 ἑξῆς.

291 3413 407 3467 Καὶ
433 3407 533 3466 ὦδε
560 3415 617 3467 δὲ
648 3416 743 3468 καὶ
779 3419 836 3469 ὲν
865 3419 930 3487 τῇ
957 3414 1050 3469 τοῦ
1100 3404 1269 3470 Ἰούδα
1316 3416 1601 3487 Ἐπιστολῇ
1640 3416 1880 3471 δείκνυσι

290 3504 489 3574 λέγων’
519 3506 1039 3577 Ἐνυπνιαζυμενοι
1069 3509 1300 3574 κοίτην,
1334 3507 1373 3561 ἂ
1396 3509 1507 3562 οὐκ
1543 3506 1744 3561 οἴδασι
1777 3508 1880 3562 ,Ζέ-

293 3614 523 3667 γοντες.
557 3600 668 3652 Καὶ
716 3599 933 3667 ἔδειξεν,
980 3602 1061 3655 ὅτι
1109 3601 1170 3654 οὐ
1208 3600 1337 3671 περὶ
1369 3600 1469 3676 τῇς
1513 3602 1880 3664 ἐνυπνιάσεως

291 3688 444 3760 λέγει
494 3690 589 3745 τοῦ
636 3691 826 3757 ὕπνου,
864 3692 1001 3747 ἀλλὰ
1040 3692 1170 3764 περὶ
1221 3692 1320 3761 τῆς
1377 3691 1652 3762 μυθώδους
1699 3692 1878 3746 αὐτῶν

291 3783 603 3857 τραγῳδίας
635 3784 729 3837 καὶ
751 3784 1096 3855 ληρολογίας,
1125 3783 1200 3846 ὡς
1222 3782 1311 3836 διὰ
1345 3782 1511 3836 ὕπνου
1555 3783 1875 3856 λεγομένης,

292 3876 388 3927 καὶ
418 3875 520 3928 οὐκ
544 3875 650 3929 ἀπὸ
675 3876 994 3947 ἐρρωμένης
1020 3874 1278 3937 διανοίας.

1981 3247 2077 3301 per
2128 3231 2460 3285 insomnium
2515 3230 2755 3285 fluxione
2805 3244 3034 3284 venerea
3093 3227 3563 3283 centaminantur.

1980 3322 2174 3379 Statim
2212 3323 2411 3393 quippe
2455 3322 2758 3392 subiungit,
2801 3321 3150 3390 ostenditque
3186 3320 3254 3375 de
3294 3309 3567 3388 ejusmodi

1978 3431 2038 3471 se
2071 3416 2468 3471 somniantibus
2508 3415 2679 3484 loqui,
2707 3414 2799 3484 qui
2833 3429 3115 3468 sermones
3155 3426 3286 3467 suos
3323 3410 3471 3464 velut
3509 3409 3567 3463 in

1979 3507 2216 3571 somnis,
2271 3521 2380 3560 non
2436 3505 2741 3575 experrecti
2788 3518 2852 3558 ac
2907 3503 3200 3574 vigilantes
3249 3498 3562 3555 instituunt.

1979 3598 2259 3670 Siquidem
2296 3605 2350 3653 et
2384 3599 2448 3653 de
2478 3596 2995 3669 llierosolymitanis
3032 3592 3353 3659 doctoribus
3394 3589 3566 3645 lsaias

1975 3691 2051 3744 ita
2094 3690 2379 3760 loquitur:
2416 3688 2608 3743 Omnes
2652 3703 2808 3741 canes
2855 3687 2987 3741 muti
3046 3701 3149 3738 non
3195 3683 3427 3738 valentes
3480 3681 3564 3734 la-

1976 3794 2139 3849 trare,
2164 3785 2485 3840 somniantes
2528 3784 2582 3837 in
2623 3784 2783 3838 cubili
2815 3785 2855 3848 ¹,
2884 3792 2940 3838 et
2983 3790 3201 3837 caetera.
3236 3778 3393 3847 Quod
3421 3777 3565 3831 idem

1973 3875 2028 3930 in
2060 3877 2162 3931 hac
2194 3875 2349 3932 Iuda:
2387 3876 2631 3946 Epistula
2667 3875 2977 3930 declaratur
3020 3874 3105 3930 bis
3153 3872 3356 3938 verbis,
3407 3868 3564 3924 Som-

292 3967 503 4021 m’anles
534 3967 725 4034 cubile,
775 3986 889 4039 qua:
957 3969 1195 4025 nesciunt
1236 3968 1491 4024 dicentes.
1527 3966 1626 4023 Ulli
1672 3966 1740 4024 de
1779 3968 2166 4027 dormientium
2232 3971 2521 4026 insomniis
2568 3970 2792 4024 minime
2830 3984 2890 4023 se
2944 3966 3092 4037 loqui
3128 3966 3268 4020 velle
3340 3965 3569 4017 detnon-

292 4067 459 4122 strat,
482 4058 577 4114 sed
611 4058 679 4114 de
703 4058 854 4114 falsis
884 4058 1096 4113 illorum
1128 4058 1413 4131 tragmdiis
1438 4072 1501 4112 ac
1530 4060 1711 4129 nugis,
1734 4073 1872 4128 quas
1912 4060 1993 4115 sic
2019 4068 2277 4132 tanquam
2304 4063 2359 4116 in
2379 4062 2609 4130 somnis,
2636 4076 2737 4116 nec
2763 4058 2917 4133 firmo
2954 4065 3010 4112 et
3067 4053 3342 4111 constanti
3376 4052 3571 4107 animo

293 4150 675 4219 pronuntiant.

364 4238 464 4295 Μ’.
500 4237 795 4310 Περικακῶ
827 4238 883 4291 δὲ
912 4238 989 4302 ὡς
1036 4238 1255 4310 άληθῶς
1286 4241 1355 4292 τὰ
1396 4239 1574 4294 πάντα
1615 4237 1873 4305 ἐξειπεῖνέ

290 4327 433 4382 θεοῦ
469 4331 579 4399 γάρ
615 4328 730 4382 ἔστι
764 4329 927 4399 μόνου
958 4329 1279 4383 ἀποκλεῖσαι
1311 4331 1400 4383 τὸν
1429 4330 1586 4399 βυθὸν
1625 4333 1716 4403 τῆς
1747 4333 1876 4387 δυσ-

290 4419 484 4489 οδμίας
533 4420 763 4491 ταύτηςζ
810 4420 921 4485 Καὶ
969 4422 1375 4494 παρελεύσομαι
1421 4424 1486 4475 ἐκ
1531 4423 1622 4477 τοῦ
1685 4424 1874 4489 τόπου,

290 4511 590 4582 εὐξάμενος
623 4512 702 4583 τῷ
743 4511 1080 4580 παμϐασιλεῖ
1108 4513 1226 4585 Θεῷ
1270 4514 1475 4585 μηδένα
1516 4517 1596 4579 είς
1632 4516 1722 4569 τὸν
1753 4516 1879 4588 βόρ-

289 4602 456 4673 ϐορον
486 4603 963 4674 ἐγκαταπαγῆναι,
994 4605 1128 4673 μηδὲ
1160 4607 1397 4676 ἐμαυτοῦ
1428 4607 1526 4677 τὴν
1548 4606 1756 4661 ἔννοιαν
1786 4624 1882 4679 με·

2050 4236 2191 4293 ΧΝ.
2227 4236 2518 4291 Enimvero
2560 4235 2726 4305 pudet
2770 4249 2857 4288 me
2895 4233 3076 4288 omnia
3118 4232 3335 4286 illorum
3366 4247 3569 4289 arcana

1982 4330 2256 4401 detegere.
2302 4328 2484 4384 Solius
2512 4328 2656 4383 enim
2685 4335 2769 4383 est
2798 4326 2887 4381 Dei
2910 4325 3392 4395 profundissimam
3427 4330 3570 4381 banc

1981 4423 2120 4477 tanti
2154 4420 2343 4475 fetoris
2372 4421 2681 4491 voraginem
2729 4420 3037 4475 obstruere.
3094 4417 3460 4483 Quamobrem
3500 4418 3571 4473 ab

1982 4530 2049 4568 co
2074 4514 2193 4566 loco
2230 4513 2526 4583 digrediar,
2560 4512 2663 4567 hoc
2701 4527 2869 4567 unum
2916 4510 2985 4565 ab
3028 4510 3286 4566 omnibus
3319 4511 3571 4566 modern.-

1985 4611 2101 4658 tore
2129 4601 2236 4659 Deo
2270 4603 2570 4673 postulans,
2604 4617 2675 4657 ne
2703 4603 2828 4673 quis
2856 4602 2910 4656 in
2942 4601 3075 4655 illud
3108 4615 3324 4658 cmnnm
3355 4601 3572 4657 demer-

286 4690 550 4745 ταλαϐεἴν
580 4692 679 4762 τῆς
702 4692 972 4751 δυσώδους
1002 4695 1363 4766 ἀκαθαρσίας.
1384 4695 1610 4766 Πρῶτον
1643 4695 1741 4766 μὲν
1768 4696 1875 4767 γὰρ

1982 4705 2172 4763 gatur;
2207 4709 2340 4749 neve
2373 4696 2614 4751 animum
2648 4710 2826 4751 meum
2863 4693 3161 4752 fmdissima
3193 4694 3307 4749 haec
3336 4694 3591 4764 itnpuri--

285 4784 317 4836 ὀ
346 4784 647 4849 ἀπόστολος
676 4785 886 4850 Παῦλος
910 4787 1167 4841 ἐκκόπτει
1187 4787 1366 4842 αὐτῶν
1393 4790 1569 4841 πᾶσαν
1595 4789 1752 4860 ῥίζαν
1775 4788 1877 4861 τῆς

282 4876 517 4941 κακίας,
550 4879 678 4951 περὶ
697 4896 765 4950 xi;
773 4878 883 4949 ρῶν
904 4878 1184 4951 νεωτέρων
1204 4880 1600 4951 παραγγέλλων
1617 4898 1630 4911 ·
1653 4880 1872 4949 Χήρας,

283 4971 458 5039 φησιν
480 5009 496 5034 ,
540 4970 833 5039 νεωτέρας
878 4972 1193 5040 παραιτοῦ.
1235 4974 1396 5028 Μετὰ
1432 4973 1542 5042 γὰρ
1579 4973 1645 5028 τὸ
1692 4989 1874 5028 κατα-

282 5059 651 5129 στρηνιᾶσαι
685 5061 791 5116 τοῦ
822 5062 1101 5133 Χριστοῦ,
1131 5063 1341 5134 γαμεῖν
1368 5064 1674 5134 θέλουσιν,
1695 5064 1873 5136 ἔχουὲ

365 5219 378 5249 ¹
416 5218 519 5273 lsa.
553 5235 659 5284 LVI,
688 5219 785 5275 10⁸

364 5375 474 5445 (78)
508 5376 618 5429 Καὶ
649 5379 713 5430 οῖ
732 5377 851 5446 μὲν
887 5375 1398 5445 ἐνυπνιαζόμενοι.
1468 5373 1586 5430 Vox
1619 5375 1756 5438 haec,
1790 5376 1878 5428 ὲν-

284 5446 699 5518 υτςνιαζόμενοι,
717 5450 767 5500 in
789 5445 1016 5518 Vulgata
1031 5446 1480 5518 interpretatione
1507 5446 1680 5511 deest,
1708 5460 1872 5518 quam

284 5516 355 5569 ad
392 5515 548 5586 turpe
579 5517 816 5571 libidinis
852 5515 1188 5587 proﬂuvium
1207 5517 1370 5571 refert
1402 5516 1653 5578 OEcum.,
1674 5516 1877 5585 aliique

288 5589 560 5642 nonnulli.
610 5587 716 5641 Alii
764 5588 831 5640 ad
879 5602 1127 5642 errorum
1201 5602 1582 5656 nugarumque
1635 5589 1870 5640 somnia.

287 5656 544 5711 Clemens
590 5658 743 5710 Alex.
793 5673 852 5711 ιιι
911 5657 1113 5712 Str-om.
1164 5659 1430 5711 adversus
1481 5659 1872 5725 Carpat-ralem

1983 4788 2113 4842 tatis
2148 4788 2298 4843 labes
2322 4786 2548 4842 inﬁciet.
2587 4786 2825 4841 Primum
2861 4786 3006 4841 enim
3054 4786 3335 4855 apostolus
3366 4785 3570 4841 Paulus

1982 4894 2176 4934 omnes
2204 4879 2513 4935 istiusmodi
2547 4879 2804 4948 nequitiae
2845 4878 3062 4932 radices
3094 4877 3318 4941 excidit,
3345 4891 3468 4930 cum
3500 4876 3571 4930 dc

1976 4971 2290 5042 junioribus
2339 4972 2518 5028 viduis
2555 4972 2659 5027 ista
2700 4969 3008 5042 praescribit
3045 4989 3058 5024 :
3099 4969 3318 5031 Viduas,
3362 4968 3565 5036 inquit,

1981 5065 2419 5120 adolescentiores
2460 5063 2668 5127 devita;
2701 5079 2818 5117 rum
2858 5062 2996 5117 enim
3039 5060 3326 5114 luxuriata:
3368 5057 3567 5127 fuerint
3624 5112 3631 5115 _

1985 5372 2231 5443 Ὁμοίως
2255 5372 2462 5443 μέντοι
2514 5373 2611 5427 καί
2640 5366 2806 5427 οὗτοι
2834 5370 3342 5443 ἐνυπνιαζόμενοι*
3366 5373 3438 5425 οὐ
3460 5370 3568 5441 γὰρ

1972 5441 2127 5513 ὑπὲρ
2156 5443 2229 5512 τῇ
2255 5441 2509 5512 ἀληθείᾳ
2534 5443 2991 5501 ἐπιϐάλλουσιν.
3021 5441 3282 5511 Sequitur
3308 5443 3463 5498 Isaia:
3488 5450 3567 5496 lo-

1973 5531 2072 5568 cus
2101 5532 2151 5569 c.
2183 5531 2267 5568 LVI
2301 5531 2444 5566 rom.
2490 5516 2576 5574 10.
2620 5515 2710 5568 ubi
2756 5514 2901 5581 quod
2938 5514 2992 5566 in
3037 5513 3264 5567 Hebraeo
3316 5521 3398 5567 cst
3432 5521 3566 5572 ειηη

1973 5594 2205 5644 tanaim.
2237 5585 2349 5638 visa
2376 5591 2720 5646 contuentes,
2750 5585 3025 5651 iacentes;
3064 5583 3198 5637 LXX
3222 5591 3441 5639 vertunt
3479 5584 3566 5636 ὲν-

1975 5656 2362 5725 υπνιαζόμενοι
2388 5656 2604 5725 κοίτην,
2630 5656 2953 5709 somniantes
2983 5655 3172 5710 cubile.
3213 5654 3347 5721 Quae
3378 5654 3559 5706 tamen

287 5725 612 5795 disputans:
644 5727 769 5807 Ἐπὶ
794 5727 1002 5810 τούτων
1033 5725 1209 5810 οἶμαι3
1243 5727 1339 5810 καὶ
1365 5723 1701 5810 τῶνόμοξίων
1722 5726 1868 5810 αἱρέ-

1979 5727 2025 5779 in
2058 5723 2336 5810 Canonica
2373 5723 2544 5810 Judf
2571 5740 2677 5810 non
2728 5726 3102 5806 reperiuntur,
3149 5735 3342 5780 contra
3393 5737 3558 5796 quam

289 5809 429 5851 σεων
459 5796 810 5865 προφητικῶς
838 5796 1038 5851 Ἰούδαν
1069 5796 1126 5850 ἓν
1146 5799 1211 5869 τῇ
1243 5798 1534 5869 Ἐπιστολῇ
1565 5797 1868 5867 εἰρηκέναι·

1972 5810 2217 5852 asserere
2244 5796 2463 5851 videtur
2492 5792 2850 5865 Ep'pbaniu’s.
