4022 6430
535 381 640 436 553

1968 376 2023 433 S.
2070 375 2410 433 EPIPHANII

3671 383 3762 440 356

534 496 586 551 in
638 494 871 558 Christo,
922 494 1110 548 nubere
1161 495 1360 559 volunt,
1408 493 1653 547 habentes
1699 494 2115 561 damnationem,

2232 512 2324 549 σαι
2367 494 2577 564 κρῖμα,
2629 492 2717 547 ὅτι
2765 496 2877 563 τὴν
2924 495 3167 565 πρώτην
3213 498 3418 553 πίστιν
3469 496 3765 568 ἠθέτησαν.

535 587 661 656 quia
701 587 929 655 prituam
966 585 1122 655 ﬁdem
1163 587 1373 639 irritam
1411 585 1663 655 fecerunt.
1688 587 1927 642 'Nubant
1958 590 2121 659 igitur
2172 598 2175 601 '

537 688 588 730 et
663 678 806 746 ﬁlias
854 684 1156 747 procreent,
1240 678 1675 747 matresfamilias
1728 690 1885 734 sunto
1922 681 2120 735 ‘.Cum

537 784 667 838 ergo
698 783 985 838 procreare
1020 768 1252 832 liberos,
1293 784 1358 823 ac
1403 770 1623 824 familiae.
1665 786 1901 840 praeesse
1932 773 2122 840 jubeat

537 860 856 930 Apostolus,
904 860 993 914 isti
1038 874 1170 915 vero
1204 876 1233 914 a
1276 864 1630 933 susceptione
1675 865 1972 918 liberorum
2025 865 2121 918 ab-

538 951 816 1016 horreant,
846 952 1004 1021 plane
1037 952 1139 1006 hoc
1180 967 1211 1006 a
1245 964 1508 1009 venenato
1549 962 1822 1024 serpente,
1856 957 2124 1025 pessima-

538 1060 646 1114 que
674 1045 958 1114 disciplina
1004 1044 1218 1100 facinus
1249 1045 1552 1115 profectum
1584 1055 1687 1101 est.
1721 1045 1854 1100 Dum
1886 1046 2030 1101 enim
2058 1047 2126 1100 li-

541 1137 786 1193 bidinum
828 1153 1053 1192 suarum
1085 1138 1348 1206 voluptati
1384 1140 1775 1204 succumbunt,
1805 1148 1987 1194 certas
2020 1140 2124 1195 sibi

540 1229 1025 1299 perpetrandorum
1071 1228 1398 1300 ﬂagitiorum
1442 1233 1761 1286 occasiones
1813 1242 2121 1295 arcessunt;

539 1336 651 1389 quo
683 1318 961 1375 elIrenatae
1011 1334 1125 1374 sua:
1172 1320 1458 1390 cupiditati
1514 1335 1578 1375 ac
1626 1320 1855 1374 luxuriae
1902 1321 2125 1376 satisfa-

541 1412 703 1466 ciant.
763 1412 907 1467 Sane
953 1411 1043 1465 illa
1087 1412 1271 1466 omnia
1332 1426 1399 1467 ne
1441 1396 1857 1467 commemorari
1908 1412 2126 1483 quidem

541 1503 849 1573 oportebat,
890 1518 1067 1572 neque
1122 1502 1284 1557 ullam
1328 1517 1519 1558 eorum
1561 1503 1615 1556 in
1656 1503 1878 1573 scriptis
1912 1512 2128 1558 exstare

542 1595 885 1660 memoriam,
916 1596 1012 1650 sed
1055 1603 1311 1665 tanquam
1360 1576 1562 1648 mortui
1596 1595 1828 1651 cadaver
1858 1594 2031 1658 fetidi,
2065 1611 2129 1651 ac

543 1684 791 1754 pestiferi
821 1684 1108 1753 cujusdam
1143 1684 1354 1739 alllalus
1401 1684 1453 1737 in
1498 1684 1810 1752 sepulcrum
1845 1685 2032 1754 abjici,
2062 1701 2129 1741 ne

543 1776 629 1829 vel
680 1776 865 1829 auditu
899 1776 1017 1845 ipso
1060 1777 1369 1831 mortalium
1402 1777 1698 1847 perniciem
1746 1776 1986 1832 alierret.
2019 1778 2128 1849 97

2233 587 2409 642 Ἀλλὰ
2434 587 2829 655 γαμείτωσαν,
2859 589 3417 652 τεκνοποιείτωσαν,
3449 589 3769 645 οίκοδεσπο-

2222 680 2532 733 τείτωσαν.
2568 680 2630 731 Ei
2668 678 2726 732 δὲ
2769 682 2797 733 ό
2850 679 3174 744 Ἀπόστολος
3216 679 3396 749 λέγει,
3439 683 3766 748 τεκνογονεῖν,

2222 769 2643 834 οἰκοδεσποτεῖν,
2683 765 2829 824 οὗτοι
2873 771 2932 824 δὲ
2980 770 3375 842 παραιτοῦνται
3412 771 3510 844 τὴν
3549 788 3771 840 τεκνογο-

2223 861 2361 921 νίαν,
2392 860 2570 928 δφεώς
2605 861 2723 914 ἐστι
2764 861 2875 915 καὶθ
2895 862 3074 933 κακῆς
3107 861 3451 925 διδασκαλίας
3487 860 3548 914 τδ
3585 862 3770 932 ἐπιχεί-

2225 970 2396 1024 ρημα.
2425 951 2758 1023 Ἠττώμενοι
2790 952 2898 1023 γάρ
2927 954 2994 1024 τῇ
3036 952 3197 1025 ἡδονῇ
3240 953 3337 1025 τῆς
3368 952 3636 1025 πορνείας,
3667 955 3771 1008 ἐπι-

2224 1044 2437 1096 νοοῦσιν
2462 1044 2676 1110 ἐαυτοίς
2702 1042 3046 1116 ἀκαθαρσίας
3077 1044 3400 1115 προφάσεις,
3430 1045 3576 1108 ὅπως
3605 1044 3773 1108 δόξωσι

2226 1133 2591 1206 πληροφορεῖν
2641 1136 2740 1205 τὴν
2784 1135 2995 1189 ἑαυτῶν
3035 1136 3325 1205 ἀσέλγειαν
3347 1154 3360 1167 ·
3409 1136 3503 1191 καὶ
3551 1136 3651 1190 ἔδει
3692 1138 3775 1207 μὲν

2227 1224 2443 1296 ἀληθῶς
2474 1224 2649 1278 ταῦτα
2693 1228 2830 1298 μήτε
2861 1226 3138 1296 λέγεσθαι,
3184 1230 3322 1299 μήτε
3365 1229 3425 1281 ἐν
3463 1228 3774 1298 συντάγμασι

2227 1314 2614 1380 καταξιοῦσθαι
2637 1317 2946 1389 γράφεσθαι
2966 1337 2979 1349 ·
3008 1319 3308 1375 θάπτεσθαι
3331 1320 3389 1375 δὲ
3410 1320 3593 1393 ὥσπερ
3610 1321 3776 1392 νεκρόν

2225 1424 2350 1461 τινα
2391 1408 2624 1461 ὀδωδότα
2643 1448 2657 1473 ,
2688 1410 2786 1463 καὶ
2813 1410 3051 1484 λοιμώδη
3100 1410 3387 1484 ἀποφορὰν
3422 1412 3666 1476 πνέοντα,
3703 1413 3778 1466 ἵνα

2231 1497 2306 1569 μὴ
2342 1498 2437 1551 καὶ
2455 1498 2520 1551 δι’
2551 1500 2722 1571 ἀκοῆς
2745 1500 3053 1574 λυμήνηται
3077 1504 3207 1567 τοὺς
3230 1503 3575 1575 ἀνθρώπους.
3612 1504 3710 1557 Καὶ
3737 1496 3805 1555 ei’

2232 1592 2331 1662 μὲν
2365 1591 2733 1663 παρεληλύθει
2770 1596 2803 1666 ἠ
2850 1596 3074 1668 τοιαύτη
3114 1595 3348 1669 αἵρεσις,
3392 1598 3486 1651 καὶ
3522 1596 3694 1653 οὐκέτι
3721 1591 3777 1668 ἦν

2231 1686 2288 1737 ἐν
2320 1682 2396 1754 τῷ
2432 1684 2549 1754 βίῳ,
2584 1685 2789 1753 ἀγαθόν
2815 1683 2883 1759 ἧν
2916 1688 3120 1761 ταύτην
3151 1690 3341 1760 θάψαι,
3373 1690 3469 1743 καὶ
3503 1690 3635 1761 μήτε
3662 1689 3779 1753 ὅλως

2231 1773 2363 1845 περὶ
2392 1774 2564 1844 αὐτῆς
2591 1777 2765 1829 εἰπεῖν
2785 1792 2799 1807 ⁸
2826 1777 3093 1849 ἐπειδὴδὲ
3121 1781 3215 1832 καὶ
3237 1778 3357 1833 ἐστι
3377 1780 3472 1833 καὶ
3492 1780 3778 1850 πράττεται,

545 1867 611 1921 Ει
647 1868 862 1938 quidem
894 1868 940 1922 si
970 1883 1033 1922 ea
1066 1869 1283 1937 penitus
1317 1870 1650 1939 praaterisset
1685 1871 1927 1934 luercsis,
1952 1887 2127 1942 neque

2232 1867 2662 1937 προετράπημεν
2714 1867 2773 1921 δὲ
2826 1869 2931 1922 ὑπὸ
2968 1870 3068 1939 τῆς
3112 1870 3267 1942 ὑμῶν
3315 1871 3624 1943 τιμιότητος
3672 1869 3781 1942 περὶ

544 1960 601 2013 in
650 1958 855 2013 mundo
904 1967 1217 2028 superesset
1252 1961 1506 2029 amplius.
1544 1961 1761 2029 sepeliri
1805 1976 2128 2039 operaipre-

548 2053 686 2106 tium
719 2062 859 2119 erat,
890 2066 1066 2122 neque
1103 2052 1265 2105 ullam
1297 2052 1418 2120 ejus
1451 2054 1780 2106 mentionem
1815 2052 1947 2107 ﬁeri.
1970 2051 2127 2106 Nunc

545 2161 668 2199 cum
699 2153 753 2197 et
783 2160 968 2198 revera
1001 2144 1163 2198 hodie
1195 2144 1285 2204 sit,
1320 2151 1374 2197 et
1407 2142 1566 2199 factis
1600 2144 1734 2213 ipsis
1766 2144 2123 2213 exprimatur,

546 2251 741 2306 ineque
772 2251 868 2290 vos
893 2242 953 2289 ut
977 2235 1044 2289 de
1076 2236 1333 2289 omnibus
1358 2234 1596 2289 dicerem
1643 2234 1845 2288 hortati
1894 2234 2127 2294 fueritis.

547 2329 728 2397 aliqua
771 2326 913 2380 illam
972 2342 1035 2381 ex
1086 2336 1240 2396 parte
1281 2333 1507 2381 coactus
1552 2340 1582 2379 a
1632 2326 1787 2381 vobis
1823 2327 1977 2396 attigi
2005 2365 2019 2388 ,
2067 2342 2136 2381 ne

548 2428 862 2489 susceptum
899 2419 1147 2473 veritatis
1186 2418 1428 2473 studium
1459 2419 1874 2487 praetermittam
1902 2434 1918 2481 ;
1957 2418 2050 2472 sed
2083 2418 2135 2473 id

549 2525 712 2564 omne
769 2511 962 2580 partim
1018 2510 1083 2563 ad
1145 2525 1241 2564 eos
1288 2512 1379 2580 qui
1426 2511 1701 2564 audierint
1755 2508 2133 2575 deterrendos,

2234 1961 2451 2014 πάντων
2470 1962 2669 2023 εἰπεῖν,
2697 1961 2838 2034 μέρη
2861 1963 3027 2035 αὐτῆς
3053 1964 3408 2037 διηγησάμην
3428 1964 3777 2034 ἀναγκασθεὶς,

2234 2053 2322 2107 ἵνα
2361 2053 2421 2106 τὸ
2449 2052 2743 2123 φιλάληθες
2786 2054 2860 2126 μὴ
2895 2057 3337 2127 παρασιωπήσω,
3377 2056 3511 2110 ἀλλὰ
3537 2058 3782 2127 ὑφηγήσοο

2238 2164 2353 2216 μαι.
2383 2147 2464 2210 εἰς
2490 2148 2811 2219 ἀποτροπὴν
2844 2148 2942 2215 μὲν
2968 2149 3074 2203 τῶν
3098 2149 3429 2214 ἀκουόντων,
3450 2151 3529 2213 εἰς
3552 2148 3778 2218 αἰσχύνην

2234 2237 2291 2291 δὲ
2328 2238 2436 2291 τῶν
2485 2239 2854 2309 πραττόντων.
2897 2242 3068 2295 Πόθεν
3113 2241 3222 2315 γάρ
3259 2244 3363 2296 οὑκ
3409 2242 3599 2313 ἔχομεν
3639 2239 3778 2304 δεῖξαι

2230 2328 2360 2391 τοὺς
2409 2330 2535 2400 παρ’
2568 2331 2752 2395 αὐτοῖς
2794 2332 3021 2401 φόνους,
3074 2335 3169 2387 καὶ
3208 2335 3491 2406 τερατώδη
3525 2334 3670 2404 ἔργα,
3702 2333 3781 2386 καὶ

2232 2420 2455 2485 τελετὰς
2499 2422 2746 2483 διαϐόλου
2793 2424 2869 2490 ἐξ
2894 2426 3138 2490 ἐπινοίας
3176 2428 3273 2481 τοῦ
3349 2426 3515 2482 αὐτοῦ
3558 2424 3774 2480 διαὸόλου

2234 2515 2348 2576 τοῖς
2374 2513 2715 2587 ἐμϐεϐροντη
2727 2516 2910 2586 μένοις
2937 2518 3215 2585 δοθείσας;

496 2600 500 2604 ’
549 2605 746 2674 partim
784 2605 849 2658 ad
883 2619 977 2658 eos
1021 2605 1111 2673 qui
1162 2605 1265 2657 ista
1305 2610 1622 2674 perpetrant
1690 2603 1897 2673 pudore
1966 2602 2278 2660 alliciendos
2341 2622 2632 2677 exponam.
2688 2609 2820 2675 Quae
2868 2615 3011 2664 enim
3058 2611 3327 2682 probandi
3380 2612 3519 2666 ratio
3558 2619 3653 2676 est,
3692 2622 3780 2679 qua

550 2709 659 2748 non
704 2693 759 2746 id
804 2692 1017 2747 edicere
1054 2693 1328 2762 possimus
1375 2692 1670 2762 parricidia
1716 2693 1808 2747 illa
1848 2694 2216 2763 immaniaque
2249 2711 2369 2765 qua:
2401 2697 2469 2751 ab
2509 2698 2575 2752 iis
2614 2700 3035 2754 committuntur
3074 2702 3303 2768 scelera,
3342 2704 3576 2775 malique
3608 2705 3781 2768 (latino.

551 2785 639 2842 nis
674 2785 812 2839 ritus
846 2799 917 2848 ac,
941 2784 1316 2849 caeremonias,
1347 2782 1594 2851 ejusdem
1626 2783 1889 2836 instinctu
1929 2781 2190 2839 daemonis
2231 2784 2456 2840 furiosis
2488 2786 2593 2840 illis
2631 2802 2695 2841 ac
2730 2789 3057 2845 vecordilius
3093 2792 3395 2847 constituta
3428 2794 3620 2849 fuisse?
3788 2775 3809 2793 ⁶

621 2874 737 2929 XV.
773 2875 935 2944 Atqui
973 2876 1207 2944 primum
1260 2873 1391 2928 illud
1446 2874 1631 2928 statim
1683 2873 1826 2943 quod
1869 2874 1974 2927 sibi
2024 2872 2128 2927 lin-

551 2976 707 3037 gunt,
743 2975 907 3036 atque
936 2982 964 3020 e
991 2966 1175 3035 priore
1204 2967 1414 3035 psalmo
1450 2965 1518 3020 de
1563 2966 1759 3019 arbore
1791 2980 2128 3020 commemo-

550 3065 730 3111 ratum
786 3055 1090 3126 proferunt.
1150 3056 1303 3109 nullo
1354 3057 1573 3125 negotio
1626 3055 1893 3110 refellitur
1930 3074 1942 3109 ε
1977 3054 2130 3121 Quod

549 3152 782 3220 fructum
811 3165 965 3203 suum
1013 3146 1158 3201 dabit
1190 3149 1245 3201 iu
1288 3156 1517 3214 tempore
1567 3164 1684 3214 suo,
1707 3156 1760 3202 et
1793 3148 1981 3217 folium
2020 3150 2133 3216 ejus

552 3260 653 3297 non
692 3242 881 3311 deﬂuat
908 3242 951 3298 '.
986 3240 1155 3294 Paulo
1181 3241 1328 3293 enim
1366 3248 1492 3293 ante
1522 3241 1791 3308 scriptum
1819 3250 1905 3294 est
1931 3258 1944 3294 :
1985 3239 2051 3293 Et
2080 3242 2133 3293 iu

551 3337 661 3406 lege
695 3310 832 3405 ejus.
855 3334 1196 3388 meditabitur
1224 3333 1309 3385 die
1365 3348 1428 3386 ac
1471 3344 1621 3387 nocte
1652 3332 1694 3387 ³.
1733 3334 1797 3385 At
1843 3334 1931 3388 isti
1965 3334 2133 3403 legem

551 3429 758 3500 pariter
797 3442 860 3481 ac
906 3418 1200 3496 prophetas
1239 3426 1549 3496 repudiant.
1592 3424 1766 3491 Quam
1803 3425 2022 3495 quidem
2062 3427 2137 3481 le-

550 3536 670 3591 gem
704 3521 747 3573 si
780 3527 1065 3588 respuunt,
1098 3533 1222 3571 cum
1252 3519 1351 3571 hac
1381 3518 1528 3570 illum
1556 3532 1774 3586 quoque
1805 3517 2137 3571 calumnian-

552 3620 660 3674 tur,
703 3608 795 3677 qui
830 3609 882 3661 iu
919 3609 1033 3678 lege
1066 3608 1281 3662 locutus
1301 3615 1404 3663 est.
1440 3605 1637 3661 Verum
1664 3616 1724 3663 σι’
1750 3606 1849 3661 hac
1875 3607 2136 3678 opinione

552 3715 653 3752 sua
687 3699 973 3761 falluntur,
1008 3708 1061 3752 et
1104 3714 1132 3751 a
1170 3701 1399 3754 veritate
1454 3700 1673 3770 longius
1719 3700 1997 3754 aberrant.
2028 3698 2136 3753 Ne-

553 3806 660 3859 que
695 3790 865 3842 ullum
898 3804 1028 3844 vero
1071 3788 1339 3858 judicium
1389 3788 1526 3854 fore,
1574 3806 1751 3861 neque
1786 3798 2034 3846 mortuos
2068 3790 2134 3845 ad

552 3882 721 3935 vitam
757 3880 1076 3935 excitandos
1120 3895 1243 3935 esse
1290 3883 1673 3952 pronuntiant.
1716 3882 1847 3949 Qua:
1877 3898 2040 3953 porro
2080 3882 2134 3937 in

551 3969 887 4038 voluptatem
927 3983 992 4023 ac
1034 3970 1304 4025 luxuriem
1349 3972 1505 4026 ell’nsi
1554 3983 1766 4029 suamet
1800 3974 1854 4027 in
1905 3988 2136 4043 corpora

549 4061 921 4123 committunt,
971 4076 1164 4116 eorum
1220 4061 1459 4117 fructum
1526 4065 1860 4134 percipiunt,
1922 4066 2052 4120 dum
2104 4081 2134 4119 a

549 4152 796 4207 daemone
829 4152 1118 4208 libidinum
1151 4148 1425 4209 illecebris
1453 4168 1518 4209 ac
1546 4155 1909 4225 cupiditatum
1942 4157 2136 4211 stimu-

551 4241 620 4298 lis
646 4244 954 4313 agitantur;
982 4244 1443 4314 quemadmodnm
1468 4244 1586 4315 ipsa
1612 4246 1857 4301 veritatis
1882 4247 2135 4303 oratione

550 4343 814 4403 perpetuo
844 4344 1006 4404 atque
1040 4335 1242 4405 ubique
1279 4335 1706 4406 redarguuntur.
1742 4337 1834 4392 Sic
1868 4340 2014 4393 enim
2048 4339 2134 4393 in-

552 4428 638 4474 ter
674 4424 814 4476 alios
844 4422 1087 4478 Joannes
1121 4424 1405 4493 loquitur:
1446 4424 1506 4479 Si
1538 4429 1655 4496 quis
1681 4430 1816 4481 venit
1846 4427 1914 4481 ad
1947 4446 2058 4490 vos,
2085 4439 2133 4482 et

2288 2877 2384 2930 IE'.
2402 2877 2511 2931 Καὶ
2532 2877 2693 2942 εὐθὺς
2711 2880 2810 2950 μὲν
2825 2876 2917 2933 οὖν
2937 2881 3249 2953 ἐλέγχονται
3265 2884 3347 2948 εἰς
3362 2886 3389 2939 ὅ
3408 2886 3782 2955 φαντασιοῦνται

2235 2967 2331 3019 καὶ
2366 2970 2792 3038 προφασίζονται
2821 2972 3069 3044 περὶτοῦ
3106 2974 3263 3042 ξύλου
3300 2978 3398 3031 τοῦ
3433 2982 3489 3032 ἐν
3512 2979 3586 3050 τῷ
3614 2979 3782 3051 πρώτῳ

2235 3057 2437 3130 ψαλμῷ
2468 3060 2783 3131 εἰρημένου,
2832 3063 2955 3119 ’Ότι
2997 3065 3175 3121 δώσει
3223 3070 3330 3124 τὸν
3372 3072 3601 3139 καρπὸν
3626 3072 3783 3126 αὐτοῦ

2239 3150 2309 3203 ἐν
2332 3150 2515 3219 καιρῷ
2543 3154 2751 3218 αὐτοῦ,
2778 3157 2873 3210 καί
2905 3157 2968 3210 τὸ
3004 3160 3247 3228 φύλλον
3278 3165 3468 3219 αὑτοῦ
3492 3168 3599 3220 οὐκ
3630 3165 3785 3232 ἀπορ

2237 3243 2545 3312 ρυήσεται.
2594 3247 2874 3321 ’Λνωτέρω
2917 3250 3027 3325 γάρ
3056 3257 3254 3321 κεῖται,
3289 3260 3375 3312 ὅτι
3419 3261 3513 3315 Ἑν
3535 3261 3609 3328 τῷ
3652 3262 3783 3330 νόμῳ

2235 3336 2422 3426 aptat”)
2462 3338 2784 3406 μελετήσει
2819 3341 3041 3412 ἡμέρας
3092 3348 3192 3401 καὶ
3238 3354 3480 3420 νυκτός.
3534 3354 3699 3426 Νόμαν
3737 3354 3781 3406 δὲ

2236 3422 2381 3483 οὗτοι
2425 3432 2519 3484 καὶ
2553 3435 2834 3504 προφήτας
2858 3436 3168 3508 ἀρνοῦνται.
3222 3442 3285 3495 Εἰ
3325 3443 3383 3497 δὲ
3416 3446 3574 3518 νόμον
3604 3422 3778 3517 Κυρίου

2235 3519 2549 3591 ἀρνοῦνται,
2593 3525 2689 3577 σὺν
2727 3525 2806 3595 τῷ
2851 3526 2999 3598 νόμῳ
3039 3530 3133 3583 καὶ
3176 3532 3267 3585 τὸν
3298 3533 3606 3608 λαλήσαντα
3645 3535 3782 3605 ἐντῷ

2236 3608 2386 3682 νόμῳ
2419 3615 2835 3683 συκοφαντοῦσι.
2858 3618 3172 3676 Πλανῶνται
3194 3623 3252 3678 δὲ
3275 3626 3401 3679 καθ’
3423 3614 3686 3693 ύπόνοιαν,
3706 3628 3782 3680 καὶ

2236 3696 2623 3760 ἐκπέπτὼκασι
2650 3708 2753 3778 τῆς
2783 3709 3060 3781 ἀληθείας,
3104 3714 3284 3785 κρίσιν
3307 3735 3369 3772 τε
3401 3721 3498 3790 οὐχ
3538 3720 3780 3792 ἡγοῦνται,

2236 3794 2359 3848 οὔτε
2377 3796 2671 3850 ἀνάστασιν
2688 3797 3057 3868 ὁμολογοῦσιν.
3076 3802 3217 3857 Ὅσα
3238 3805 3296 3859 δὲ
3316 3808 3638 3877 πράττουσιν
3655 3811 3705 3862 ἐν
3720 3807 3781 3877 τῷ

2239 3885 2449 3957 σώματι
2470 3888 2662 3959 ἡδονῆς
2684 3889 2909 3960 ἔμπλεοι
2933 3894 3225 3964 γινόμενοι,
3250 3897 3424 3953 ταῦτα
3443 3899 3781 3972 ἀποκαρποῦν-

2235 3993 2350 4040 ται,
2380 3979 2841 4050 ἐκδακχευόμενοι
2863 3984 2983 4045 ταῖς
3009 3983 3103 4036 τοῦ
3127 3984 3377 4042 διαὸόλου
3401 3992 3610 4062 ἡδοναῖς
3633 4008 3685 4044 τε
3706 3990 3782 4043 καὶ

2236 4068 2576 4140 ἐπιθυμίαις,
2607 4071 2684 4133 ὡς
2716 4072 2895 4142 πάντη
2926 4075 3021 4128 καλ⁵
3057 4079 3335 4151 πανταχοῦ
3371 4082 3666 4153 ἐλέγχονται
3694 4079 3781 4135 ἀπὸ

2236 4158 2330 4213 τοῦ
2366 4162 2463 4232 τῆς
2493 4162 2752 4234 ἀληθείας
2781 4166 2961 4235 λόγου.
3006 4169 3260 4242 Ἰωάννης
3288 4174 3399 4247 γὰρ
3432 4175 3572 4244 λέγει
3591 4174 3689 4228 Ἐι
3708 4189 3782 4237 τις

2234 4251 2488 4321 ἔρχεται,
2509 4255 2662 4325 φησὶ,
2681 4257 2830 4324 πρὸς
2843 4259 3018 4329 ὑμᾶς,
3037 4262 3137 4316 καί
3160 4265 3232 4317 οὐ
3248 4264 3413 4333 φέρει
3429 4266 3540 4335 τὴν
3561 4263 3782 4334 διδαχὴν

2234 4343 2484 4410 ταύτην·
2521 4345 2614 4398 καὶ
2636 4347 2816 4410 ποίαν,
2844 4350 3041 4419 φησίν;
3077 4353 3109 4423 ἢ
3132 4353 3229 4424 οὐχ
3253 4354 3390 4429 (78‘)
3412 4356 3651 4427 ὁμολογεῖ
3668 4355 3778 4425 Χρι-

2239 4434 2364 4487 στὸν
2386 4436 2445 4488 ὲν
2470 4439 2637 4509 σαρκὶ
2658 4438 2976 4509 ἐληλυθότα,
2998 4445 3151 4499 Ἀντί
3150 4451 3400 4516 χριστός
3415 4450 3553 4504 ἐστι.
3572 4446 3669 4503 Καὶ
3684 4443 3781 4499 νῦν

551 4530 656 4568 non
677 4517 832 4585 affert
859 4516 995 4569 hanc
1019 4515 1318 4569 doctrinam
1336 4516 1376 4571 δ.
1405 4515 1733 4583 Quamnam.
1766 4519 1980 4588 inquit?
2004 4520 2132 4586 Quae

2250 4527 2871 4597 Ἀντίχριστοιπαίλοί
2908 4515 3249 4603 γεγόνασιν·
3282 4515 3464 4610 ὠςίμὴ
3494 4540 3595 4594 τῶν
3622 4537 3779 4609 ὁμολο-

553 4607 763 4661 scilicet
810 4607 1087 4661 Christum
1141 4624 1268 4661 cum
1319 4622 1487 4663 carne
1547 4610 1762 4665 venisse
1824 4611 2131 4666 conﬁtetur.

554 4699 915 4753 Auticltristus
957 4709 1057 4754 est.
1092 4702 1160 4754 Et
1196 4718 1334 4756 nunc
1373 4702 1691 4756 Antichristi
1735 4704 1893 4758 multi
1922 4708 2134 4773 prodie-

555 4802 676 4844 runt
703 4792 746 4844 ⁸.
777 4792 944 4857 Quasi
974 4794 1067 4861 qui
1100 4792 1381 4849 Christum
1427 4809 1551 4849 cum
1586 4811 1753 4852 carne
1793 4797 2007 4852 Venisse
2043 4816 2138 4854 ue—

552 4890 701 4952 gent,
739 4883 851 4937 sint
884 4883 1232 4939 Antichristi.
1265 4883 1405 4951 Quin
1441 4887 1602 4939 etiam
1632 4885 1736 4939 hoc
1766 4888 1835 4941 ab
1867 4887 1983 4957 ipso
2014 4886 2134 4942 Sal-

550 4986 738 5031 vatore
763 4973 967 5030 dictum
996 4984 1106 5031 est:
1132 4975 1236 5043 Qui
1272 4980 1325 5031 in
1356 4994 1580 5048 regnum
1611 4980 1874 5033 cozloruu
1905 4978 2135 5035 admissi

550 5076 698 5131 sunt,
734 5082 909 5137 neque
938 5067 1148 5122 ducunt
1178 5082 1378 5123 uxores
1406 5084 1586 5137 neque
1630 5068 1867 5131 nubunt,
1899 5071 1993 5125 sed
2036 5086 2137 5124 an-

548 5160 684 5227 gelis
719 5158 956 5228 aequales
1000 5159 1200 5213 sunt‘.
1240 5159 1425 5228 Neque
1478 5160 1608 5215 illud
1655 5167 1905 5227 tantum;
1948 5162 2041 5215 sed
2074 5170 2153 5215 ut‘

550 5249 776 5321 insuper
810 5252 1154 5309 manifestam
1206 5253 1623 5322 absolutamque
1651 5253 2029 5307 castimoniam
2070 5269 2134 5307 ac

551 5341 1001 5406 sanctitudinem,
1051 5358 1158 5413 qua
1189 5353 1243 5398 et
1289 5352 1519 5398 caeteros
1570 5350 1794 5399 sanctos
1842 5342 2130 5410 eliieiebat,

2230 4618 2472 4687 γούντων
2496 4621 2584 4675 τὸν
2597 4624 2639 4675 Χ
2647 4623 2830 4694 ριστὸν
2846 4627 2902 4678 ἐν
2926 4643 2993 4680 σα
2998 4627 3090 4699 ρκὶ
3106 4628 3417 4701 ἐληλυθότα,
3437 4633 3488 4685 Ἀ
3498 4630 3777 4702 ντιχρίςτων

2228 4711 2606 4782 ὑπαρχόντων.
2643 4714 2801 4767 Ἀλλ-ἐι
2828 4717 2923 4769 καὶ
2942 4719 3106 4783 αὐτὸς
3134 4722 3161 4773 ό
3187 4720 3377 4795 Σωτὴρ
3404 4721 3566 4790 λέγει·
3597 4721 3652 4772 Οἱ
3671 4733 3776 4771 κατ-

2232 4801 2558 4868 αξιωθέντες
2615 4806 2713 4875 τῆς
2744 4806 3023 4877 βασιλείας
3050 4810 3159 4863 τῶν
3186 4813 3431 4884 οὐρανῶν
3457 4812 3573 4865 οὔτε
3604 4806 3777 4879 γαμοῦ-

2236 4909 2343 4957 σιν,
2373 4892 2496 4947 οὔτε
2525 4896 2871 4967 γαμίζονται,
2906 4900 3021 4954 ἀλλ’
3053 4902 3328 4971 ίσάγγελοί
3358 4906 3509 4957 εἰσιν.
3544 4904 3613 4956 Ού
3644 4901 3775 4972 μόνον

2234 4982 2312 5046 δὲ,
2341 4983 2476 5038 ἀλλά
2499 4988 2593 5039 καὶ
2623 4986 2707 5041 ἵνα
2738 4987 2885 5061 δείξῃ
2917 4991 3017 5062 τὴν
3045 4994 3189 5063 σαφῆ
3218 4995 3451 5062 ἁγνείαν,
3487 4994 3570 5048 καὶ
3599 4992 3686 5061 τὴν
3706 4986 3775 5039 διὰ

2235 5075 2329 5127 τοῦ
2356 5076 2606 5144 άγιάζειν
2634 5080 2972 5148 άγιαστείαν,
3008 5085 3207 5152 φάσκει
3238 5090 3303 5158 τῇ
3334 5086 3542 5158 Μαρίᾳ·
3575 5081 3773 5151 Μήλιον

2234 5164 2587 5237 ἅπτουί79)·
2641 5172 2806 5225 οὔπω
2844 5171 2955 5242 γὰρ
2992 5175 3331 5246 ἀναϐέϐηκα
3374 5177 3519 5247 πρὸς
3549 5176 3646 5229 τὸν
3674 5174 3770 5226 Πα-

2234 5257 2373 5325 τέρα
2397 5275 2411 5290 ⁸
2435 5259 2522 5315 ἵνα
2550 5261 2699 5336 δείξῃ
2724 5263 2822 5335 τὴν
2848 5265 3073 5333 ἁγνείαν
3106 5268 3369 5340 ἀμέτοχον
3405 5268 3670 5339 σωμάτων,
3696 5257 3771 5314 καὶ

2234 5349 2433 5421 ἀμιγῆ.
2490 5352 2650 5408 Ἀλλά
2678 5356 2772 5408 καὶ
2801 5357 2859 5409 ὲν
2900 5355 3045 5427 ἄλλῳ
3073 5360 3224 5430 τόπῳ
3256 5347 3398 5430 λέγει
3434 5352 3770 5433 προθεσπίζων

624 5451 683 5503 ¹Ι
718 5449 855 5506 Tim.
890 5471 945 5521 v,
977 5456 1036 5508 ll
1065 5470 1186 5525 sqq.
1262 5456 1288 5502 ι
1314 5453 1457 5508 Psal.
1494 5467 1534 5517 t,
1561 5453 1616 5507 5.
1694 5453 1714 5485 ³
1750 5454 1880 5509 ibid.
1908 5454 1964 5509 ἓ.
2043 5458 2063 5487 ⁸
2094 5457 2132 5510 ll

2232 5477 2320 5517 an.
2357 5464 2446 5519 10.
2523 5467 2545 5497 ⁸
2577 5466 2595 5519 Ι
2630 5466 2788 5524 Joan.
2824 5484 2885 5536 tl,
2918 5470 3003 5525 18.
3083 5472 3103 5502 ⁸
3140 5471 3329 5528 Matth.
3358 5473 3594 5539 “11,50.

631 5556 764 5639 (τξὲζ)
814 5563 1087 5639 interpres
1134 5566 1243 5622 non
1291 5545 1420 5639 legit
1456 5569 1577 5638 οὐχ.
1634 5567 1797 5622 Forte
1842 5569 2130 5625 delendum

550 5642 654 5685 est.
694 5633 790 5686 Eo.
822 5633 995 5686 Pun.

624 5702 853 5778 (ῖωρῐή
880 5719 1003 5771 μου
1028 5701 1238 5778 ἅπτου.
1264 5705 1639 5778 βιιτγεοειζὺι
1659 5704 1823 5760 Joan.
1846 5722 1970 5778 eum
1996 5724 2124 5764 sen-

551 5782 673 5823 sum
705 5773 860 5827 atl'ert
900 5790 913 5825 :
949 5771 1094 5838 quod
1151 5773 1312 5828 Maria
1364 5771 1485 5830 (um
1522 5775 1744 5832 Clu-isto
1787 5777 1976 5832 eadem
2015 5794 2125 5849 qua

2241 5588 2402 5656 antea
2443 5580 2816 5639 familiaritate
2849 5599 2971 5640 sese
3000 5596 3234 5656 gereret,
3281 5603 3379 5643 nec
3418 5586 3484 5641 de
3517 5600 3578 5641 co
3614 5578 3764 5656 "13195

2236 5651 2495 5725 quiddam
2519 5666 2575 5707 et
2602 5656 2891 5723 angustius
2916 5650 3038 5725 pos't
3069 5650 3515 5714 resurrectionem
3541 5650 3760 5712 sentiret;

2237 5721 2305 5774 ab
2336 5722 2430 5775 illo
2463 5722 2598 5778 iisce
2628 5721 2811 5781 verbis
2840 5721 3176 5782 admonitam
3208 5727 3396 5786 fuisse.
