4022 6436
264 376 354 432 εει

902 366 1271 425 ADVERSUS
1311 370 1655 429 HASRESES
1691 372 1822 430 LIB.

1944 372 2109 430 ron.
2153 371 2217 427 ιι.
2243 406 2309 415 -
2350 355 2645 427 "Missi
2668 368 2860 426 xxxi.

3407 374 3516 432 562

274 506 366 543 που
387 486 719 557 ὁγδοήκοντα,
745 485 838 540 καὶ
860 484 955 557 τὴν
979 486 1133 539 πόλιν
1157 486 1258 556 τῆς
1278 485 1456 540 αὐτῶν
1481 486 1825 551 ζιζανιὼδους

1932 504 2119 546 eorum
2145 487 2419 544 illecebris
2440 486 2582 558 capti
2605 501 2816 551 sumus,
2837 483 2932 541 sed
2962 482 3250 556 effugimus
3273 483 3511 549 tandem,

270 579 391 649 ὕλης
414 576 505 632 καὶ
531 575 867 642 ἀκανθώδους
889 577 1248 650 καθαρθῆναι.

1934 595 2060 635 mox
2097 578 2165 634 ad
2209 580 2521 649 episcopos,
2554 580 2647 648 qui
2696 578 2751 631 in
2783 578 2877 632 illo
2924 577 3046 633 loco
3085 584 3265 643 erant,
3302 575 3517 633 deferre

267 670 646 733 sluduerimns,
677 675 733 722 et
760 683 950 724 eorum
989 668 1257 725 hactenus
1286 671 1469 741 ignota
1504 674 1725 728 nomina
1769 674 1822 731 in
1866 670 2110 727 Ecclesia
2134 670 2411 742 detegere.
2441 670 2518 725 Ex
2566 685 2675 739 quo
2719 668 2923 727 factum
2968 676 3074 735 est,
3118 678 3177 724 ut
3239 668 3515 741 octoginta

266 759 370 815 fere
393 760 569 829 capita
597 760 817 816 exulare
843 759 999 830 jussa
1029 759 1100 815 ab
1125 760 1253 815 lolio
1278 762 1561 832 spinisque
1588 764 1706 819 suis
1742 769 2089 834 repurgatam
2121 762 2313 816 urbem
2346 761 2691 832 reliquerint.

328 854 428 905 ΠΡ.
450 853 571 924 Μνη
580 852 839 924 μονεύσας
859 852 917 906 δέ
938 870 1021 916 τις
1035 852 1135 922 τῆς
1151 852 1263 907 ἄνω
1278 856 1309 923 ἡ
1319 853 1435 924 μῶν
1452 856 1821 926 ὑποσχέσεως,

259 946 389 1014 τάχα
417 944 510 998 καὶ
542 943 898 1009 ἐπαινέσειεν,
925 945 1001 1008 ὡς
1028 944 1185 1015 ἡμῶν
1220 946 1718 1016 προαγγειλάντων,
1743 949 1826 1001 ὃτι

259 1035 387 1087 τισὶν
412 1033 591 1088 αὐτῶν
620 1034 1016 1106 παρετύχομεν,
1042 1034 1240 1090 τινὰδὲ
1265 1036 1353 1092 διὰ
1381 1039 1826 1111 συγγραμμάτων

258 1122 589 1193 ἐγνώκαμεν,
614 1124 737 1179 τινὰ
764 1124 822 1178 δὲ
850 1123 919 1178 δι’
952 1124 1265 1197 ὲνηχήσεὼν
1293 1144 1354 1180 τε
1379 1127 1472 1181 καὶ
1512 1128 1826 1200 μαρτυρίων

257 1215 575 1280 ἀξιοπίστων
628 1216 860 1288 ἀνδρῶν,
898 1217 1211 1289 δυναμένων
1252 1221 1384 1290 ἡμῖν
1425 1219 1525 1292 τὴν
1572 1221 1826 1292 ἀλήθειαν

255 1307 656 1362 ὑποδεικνύναιο
704 1308 781 1372 ὡς
812 1310 906 1364 καὶ⁵
932 1309 1170 1366 ἐνταῦθα
1198 1310 1510 1382 φιλαλήθως
1536 1312 1636 1383 οὐχ
1658 1314 1827 1381 ὑπερ-

255 1398 557 1470 ϐεϐήκαμεν
577 1400 671 1456 τὸν
702 1401 887 1467 τόπον,
923 1401 1062 1457 ἀλλά
1093 1402 1401 1473 ἐδείξαμεν,
1430 1403 1507 1468 ὡς
1542 1405 1641 1475 μία
1676 1407 1826 1459 ἐστὶν

255 1492 379 1565 αὕτη
416 1492 525 1545 τῶν
562 1495 695 1564 ἡμῖν
725 1495 1134 1566 περιτυχουσῶν
1164 1494 1447 1566 αἱρέσεων.
1496 1497 1604 1551 Καὶ
1639 1497 1826 1567 σαφῶς

254 1584 371 1655 περὶ
393 1584 601 1656 ταύτης
635 1585 983 1658 ἠδυνήθημεν
1011 1586 1209 1655 λέγειν,
1246 1586 1306 1653 ἐξ
1339 1582 1434 1653 ὧν,
1470 1590 1545 1662 μὴ
1576 1591 1822 1659 γένοιτοε

253 1675 305 1727 οὐ
337 1674 664 1747 πράξαντες,
702 1676 838 1731 ἀλλά
859 1678 1241 1750 μεμαθηκότες
1266 1680 1514 1751 ἀκριϐῶς
1542 1682 1695 1755 παρά
1719 1684 1826 1737 τῶν

252 1769 387 1837 ἡμεῖς
427 1769 505 1832 είς
545 1767 709 1822 τοῦτο
744 1769 1057 1834 πειθόντων,
1095 1772 1192 1825 καὶ
1245 1772 1319 1844 μὴ
1354 1776 1819 1846 κατισχυσάντων.

1998 851 2185 908 XVIII.
2222 847 2587 920 Quamobrem
2642 853 2688 909 si
2715 851 2841 924 quis
2879 852 3026 923 quod
3070 851 3229 907 initio
3286 850 3514 922 polliciti

1928 960 2117 1000 sumus
2136 945 2395 1000 memoria
2412 953 2645 1016 repetat,
2672 944 2908 1001 fortasse
2934 945 3243 1001 institutum
3262 949 3513 998 nostrum

1929 1037 2273 1107 approbabit,
2322 1037 2471 1106 quod
2505 1037 2578 1092 ita
2624 1037 2835 1108 praefati
2869 1053 3084 1104 sumus,
3126 1051 3249 1109 quae
3288 1035 3357 1090 ad
3392 1035 3513 1091 illas

1930 1138 2110 1183 sectas
2140 1128 2377 1183 attinent
2409 1143 2512 1184 nos
2538 1129 2739 1200 partim
2777 1144 2879 1185 usu
2904 1143 2968 1184 ac
2990 1127 3389 1184 consuetudine
3424 1125 3513 1181 di-

1928 1219 2153 1284 dicisse,
2200 1220 2402 1290 partim
2444 1236 2510 1276 ex
2559 1220 2913 1276 monimentis
2954 1220 3258 1291 accepisse,
3310 1216 3513 1288 partim

1930 1310 2033 1368 fide
2063 1312 2352 1383 dignorum
2381 1312 2684 1377 hominum,
2720 1312 2813 1383 qui
2845 1312 2923 1366 rei
2960 1312 3247 1367 veritatem
3270 1308 3515 1365 indicare

1929 1409 2176 1473 possent,
2206 1402 2522 1459 narratione
2553 1417 2619 1458 ac
2645 1403 2965 1459 testimonio
2993 1402 3163 1458 fuisse
3195 1401 3511 1474 perdoctos.

1929 1495 2119 1565 itaque
2150 1509 2250 1566 pro
2271 1510 2338 1551 eo
2367 1494 2512 1566 quod
2539 1510 2651 1567 pra:
2677 1493 2837 1550 nobis
2870 1493 3097 1551 ferimus
3122 1494 3367 1549 veritatis
3395 1502 3514 1549 stu-

1929 1587 2021 1641 dio
2058 1590 2472 1659 praetermittere
2494 1590 2643 1645 hunc
2665 1587 2845 1644 locum
2870 1586 3180 1656 noluimus;
3217 1586 3312 1643 sed
3334 1596 3516 1642 osten-

1929 1679 2111 1734 dimus
2151 1694 2316 1735 unam
2366 1680 2514 1737 illam
2547 1696 2614 1736 ex
2670 1680 2740 1738 iis
2765 1679 3066 1736 haeresibus
3098 1694 3239 1745 esse,
3280 1692 3512 1749 quarum

1931 1787 2092 1827 usum
2125 1772 2443 1835 habuimus,
2478 1772 2547 1828 de
2579 1788 2687 1844 qua
2717 1773 2852 1830 certi
2889 1771 3269 1843 exploratique
3305 1770 3514 1843 aliquid

253 1858 375 1913 ἀλλὰ
401 1858 495 1930 τὴν
524 1859 958 1915 ἑαυτῶνιὲλπίδα
983 1863 1083 1935 τῆς
1108 1865 1188 1927 εἰς
1214 1866 1361 1936 ἡμᾶς
1392 1866 1666 1931 ἀπωλείας
1688 1870 1821 1921 ἀπο-

1932 1856 2118 1913 afferre
2141 1874 2430 1930 possemus
2457 1881 2467 1914 :
2493 1874 2603 1914 non
2630 1876 2697 1916 ex
2720 1875 2786 1916 eo
2816 1860 2961 1931 quod
2986 1860 3322 1932 gesserimus
3351 1860 3455 1930 ipsi
3489 1878 3506 1915 :

252 1946 526 2015 λεσάντων,
570 1949 674 2005 καὶ
715 1950 790 2021 μὴ
829 1952 1195 2022 ἐπιτυχόντων
1233 1952 1327 2007 τοῦ
1378 1954 1583 2009 σκοποῦ
1620 1956 1715 2026 τῆς
1744 1959 1823 2020 εἰς

251 2040 338 2112 τὴν
359 2040 623 2095 τάλαιναν
657 2040 813 2113 ἡμῶν
844 2041 1022 2114 ψυχὴν
1044 2045 1500 2116 ὲπιχειρουμένης
1523 2047 1613 2100 ὑπ’
1644 2047 1824 2101 αὐτῶν

252 2148 303 2183 τε
331 2133 418 2185 καὶ
449 2131 542 2185 τοῦ
567 2134 634 2186 ὲν
657 2134 839 2197 αὐτοῖς
874 2134 1120 2189 διαϐόλου
1157 2137 1446 2207 συσκευῆς,
1479 2137 1553 2201 ὡς
1578 2139 1672 2191 καὶ
1701 2156 1825 2193 συν-

251 2219 352 2290 «pas
377 2221 520 2293 ἡμᾶς
543 2220 735 2290 λέγειν
767 2220 843 2294 τῷ
866 2222 1153 2293 ἁγιωτάτῳ
1171 2222 1357 2287 Δαϐὶδ,
1376 2224 1455 2276 ὅτι
1478 2241 1491 2254 ·
1524 2223 1681 2291 Βέλη
1715 2243 1823 2293 νη-

250 2314 388 2366 πίων
415 2313 805 2385 ἐγενήθησαν
830 2317 889 2369 αἱ
919 2315 1145 2385 πληγαὶ
1177 2315 1396 2379 αὐτῶν,
1430 2318 1524 2370 καὶ
1568 2316 1639 2370 τά
1664 2318 1787 2388 ἑξῆς
1809 2336 1821 2349 ·

252 2404 333 2456 καὶ
364 2403 463 2456 ὅτι·
501 2405 895 2473 Ἑπιστρέψει
927 2408 960 2459 ό
986 2406 1173 2471 πόνος
1196 2404 1396 2459 αὐτῶν
1433 2410 1521 2474 εις
1548 2408 1826 2477 κεφαλὴν

251 2493 447 2561 αὐτῶν,
486 2496 594 2551 καὶ
643 2496 683 2563 ἠ
720 2496 920 2552 ἀδικία
954 2495 1154 2550 αὐτῶν
1185 2498 1284 2551 ἐπὶ
1319 2499 1585 2569 κορυφὴν
1629 2499 1827 2555 αὐτῶν

253 2586 662 2653 καταϐήσεται.
702 2588 788 2652 Ὠς
806 2583 898 2641 οὖν
923 2589 1325 2659 περιτυχόντες,
1352 2590 1447 2641 καὶ
1469 2589 1823 2664 ἀποδράντες,

253 2679 335 2730 καὶ
358 2678 707 2746 ἀναγνόντες,
742 2678 837 2731 καὶ
873 2678 1112 2747 γνόντες,
1164 2679 1257 2733 καὶ
1291 2681 1677 2750 καταγνόντες,
1717 2701 1824 2737 σω-

254 2758 415 2824 θέντες
448 2762 502 2815 δὲ
527 2761 1019 2833 ὑπερϐεϐήκαμεν,
1058 2762 1202 2817 οὕτω
1235 2765 1328 2817 καὶ
1356 2765 1414 2818 σὲ
1444 2766 1535 2819 τὸν
1559 2766 1827 2838 ἀναγινώ-

255 2868 431 2907 σκοντα
470 2853 940 2927 παρακαλοῦμεν,
991 2855 1296 2923 ἀναγνόντα
1340 2857 1435 2909 καὶ
1484 2858 1825 2926 καταγνόντα

252 2940 363 2994 τοῦ¹
390 2943 725 3015 ὑπερϐῆναι,
752 2946 832 3008 είς
851 2947 912 2998 τὸ
939 2943 1015 3015 μὴ
1039 2946 1299 3014 ἐμπεσεῖν
1322 2944 1381 2998 ἐν
1403 2946 1480 3017 τῷ
1510 2946 1574 3018 ίῷ
1599 2948 1698 3020 τῆς
1716 2948 1825 3003 τῶν

252 3032 473 3102 ἑρπετῶν
508 3032 728 3088 τούτων
776 3034 1098 3107 μοχθηρίας.
1161 3035 1298 3088 Ἀλλ’
1327 3037 1375 3090 εί
1399 3035 1492 3091 καί
1520 3054 1649 3091 ποτε
1675 3056 1827 3110 περι-

252 3126 416 3196 τύχοις
456 3128 566 3181 τισὶ
620 3125 728 3180 τῶν
769 3127 877 3180 ἀπὸ
920 3128 1019 3199 τῆς
1060 3126 1326 3196 όφιώδους
1348 3127 1553 3200 ταύτης
1605 3130 1822 3202 σχολῆς,

1931 1955 2143 2002 avertat
2163 1948 2268 2003 hoc
2293 1963 2324 2002 a
2348 1948 2507 2004 nobis
2530 1947 2674 2004 Deus
2700 1949 2714 2004 l
2750 1948 2845 2005 sed
2876 1965 2940 2004 ex
2972 1964 3037 2004 eo
3058 1948 3202 2018 quod
3235 1948 3301 2003 ab
3331 1949 3398 2004 iis
3424 1961 3518 2004 ac-

1932 2049 2122 2093 curate
2154 2038 2474 2104 didicimus,
2515 2040 2607 2111 qui
2642 2041 2788 2095 illam
2825 2039 2987 2096 nobis
3026 2039 3359 2110 persuadere
3392 2038 3513 2095 fru-

1932 2137 2044 2183 stra
2069 2130 2381 2195 voluerunt,
2414 2140 2468 2184 et
2501 2137 2819 2200 conceptam
2859 2130 2926 2186 de
2952 2141 3142 2187 nostro
3165 2131 3333 2187 exitio
3361 2148 3513 2205 spem

1933 2221 2153 2292 penitus
2175 2220 2524 2291 abjecerunl:
2568 2237 2692 2277 cum
2728 2217 2939 2276 insidiae
2963 2236 3156 2277 omnes
3183 2236 3247 2277 ac
3267 2220 3512 2285 fraudes.

1932 2329 2070 2384 quas
2097 2311 2163 2367 ad
2190 2313 2429 2369 infelicis
2463 2311 2659 2368 anima:
2692 2320 2893 2369 nostra:
2918 2313 3213 2383 perniciem
3248 2323 3356 2370 tam
3385 2314 3513 2387 ipsi,

1932 2424 2094 2478 quam
2115 2407 2207 2479 qui
2238 2408 2293 2462 in
2324 2406 2433 2462 illis
2474 2407 2616 2462 inest
2644 2403 2894 2462 diabolus
2926 2406 3226 2461 machinati
3272 2404 3513 2472 fuerant,

1933 2497 2108 2553 irrita:
2144 2504 2311 2568 atque
2358 2496 2552 2552 inanes
2598 2495 2962 2565 exstitissent,
3001 2503 3062 2550 ut
3097 2494 3203 2550 hoc
3242 2508 3272 2548 a
3313 2493 3517 2551 Davide

1932 2587 2139 2642 dictum
2170 2584 2743 2641 accommodatissime
2767 2598 3039 2656 usurpare
3064 2585 3340 2655 possimus
3368 2601 3382 2638 :
3410 2583 3519 2639 Sa--

1930 2680 2077 2752 gina:
2092 2679 2432 2751 parvulorum
2455 2678 2613 2747 facta:
2635 2685 2758 2732 sunt
2781 2676 2953 2748 plaga:
2965 2693 3157 2732 'eorum
3175 2677 3219 2742 ³,
3239 2684 3348 2733 etc.
3374 2674 3516 2731 Tum

1934 2772 2108 2828 illud:
2162 2769 2504 2826 Conrertetur
2555 2769 2711 2827 labor,
2746 2784 2929 2823 eorum
2961 2768 3016 2822 in
3056 2778 3214 2838 caput
3258 2770 3515 2838 ipsorum,

1936 2867 2089 2936 ιοι
2125 2875 2176 2918 et
2206 2863 2463 2935 iniquitas
2489 2879 2671 2917 eorum
2701 2863 2756 2916 in
2778 2862 3020 2917 verticem
3048 2863 3281 2931 ipsorum
3307 2860 3519 2918 descen-

1927 2956 2020 3011 det
2044 2956 2087 3008 δ.
2119 2953 2287 3024 Igitur
2310 2951 2771 3023 quemadmodum
2799 2954 2880 3011 sic
2910 2968 3011 3008 nos
3039 2953 3095 3008 in
3123 2953 3341 3008 illorum
3364 2967 3517 3009 erro-

1933 3058 2046 3098 rem
2075 3041 2435 3105 incurrimus,
2470 3051 2529 3095 ut
2550 3040 2701 3097 illius
2733 3055 2932 3096 noxam
2954 3040 3344 3112 eﬂugeremns,
3371 3057 3520 3098 eum-

1933 3148 2039 3202 que
2075 3130 2409 3200 simulatque
2430 3130 2661 3201 legimus
2692 3145 2757 3184 ac
2786 3129 3146 3201 cognovimus
3169 3128 3514 3192 damnantes,

252 3219 396 3284 εύθὺς
419 3220 479 3273 τὸ
506 3218 678 3287 ξύλον
698 3217 981 3273 ἀναλαϐὼν
1002 3220 1062 3272 τὸ
1081 3218 1168 3271 διὰ
1184 3218 1278 3273 τοῦ
1310 3220 1515 3291 Κυρίου
1533 3222 1665 3291 ἡμῖν
1686 3223 1825 3275 ἑτοι-

1932 3225 2070 3281 salvi
2105 3232 2272 3294 atque
2318 3223 2624 3279 incolumes
2668 3222 3043 3295 praetergressi
3083 3209 3309 3289 simus;
3358 3222 3433 3276 ita
3464 3231 3518 3275 te

256 3312 457 3379 μασθὲν,
480 3314 538 3365 ὲν
556 3304 617 3379 ᾧ
634 3311 664 3363 ὁ
680 3310 881 3382 Κύριος
897 3310 1053 3381 ἡμῶν
1076 3310 1397 3382 προσεπάγη
1417 3311 1670 3383 Χριστὸς,
1683 3314 1824 3366 κατά

252 3402 338 3471 τῆς
363 3404 613 3474 κεφαλῆς
632 3401 727 3455 τοῦ
756 3402 954 3472 ὄφεως,
976 3402 1139 3465 εὐθὺς
1164 3400 1346 3455 λαϐὼν
1366 3403 1562 3467 εἴποις,
1593 3404 1674 3475 ὅτι
1699 3405 1826 3475 Χρι-

255 3494 361 3557 cro;
385 3471 734 3569 ἐσταύρωται
759 3494 901 3565 ὑπὲρ
929 3494 1106 3564 ἡμῶν,
1143 3494 1508 3569 ὑπογραμμὸν
1541 3471 1675 3566 ἡμῖν
1697 3471 1825 3551 ὑπο-

251 3585 513 3657 λιμπάνων
549 3587 861 3659 σωτηρίας,
904 3587 986 3640 ὅτι
1028 3586 1130 3640 οὐκ
1173 3586 1240 3640 ἀν
1273 3585 1623 3659 ὲσταυροῦτο,
1675 3589 1724 3640 εί
1749 3588 1824 3659 μὴ

252 3680 414 3750 σάρκα
439 3677 583 3751 εἶχε.
623 3679 809 3749 Σάρκα
837 3678 895 3732 δὲ
925 3678 1086 3749 ἔχων,
1119 3679 1215 3734 καὶ
1247 3679 1606 3750 σταυρωθεὶς,
1629 3680 1826 3733 ἐσταύ-

252 3789 408 3841 ρωσεν
434 3773 604 3844 ἡμῶν
638 3772 738 3835 τὰς
770 3771 1069 3843 ἁμαρτίας.
1119 3770 1311 3824 Πίστει
1338 3770 1531 3842 ἔχομαι
1559 3772 1661 3841 τῆς
1690 3770 1824 3842 ἀλη-

251 3866 404 3933 θείας,
426 3868 520 3920 καὶ
538 3866 649 3936 οὐχ
671 3866 952 3935 ύπάγομαι
970 3863 1148 3935 πλάνῃ
1175 3866 1243 3935 τῇ
1265 3863 1603 3934 νωθείᾳ¹τοῢ
1628 3864 1824 3934 ὄφεως,

249 3958 331 4009 καὶ
361 3954 836 4031 παραψιθυρισμῷ
857 3956 960 4025 τῆς
985 3953 1150 4009 αὐτοῦ
1171 3955 1538 4019 διδασκαλίας.

1931 3315 2187 3385 quisquis
2222 3330 2283 3369 es
2316 3314 2408 3387 qui
2439 3314 2543 3369 ista
2577 3315 2713 3385 legis
2757 3314 3066 3379 hortamur,
3110 3319 3170 3367 ut
3201 3312 3343 3368 lecta
3373 3312 3519 3382 pari-
3556 3346 3574 3357 κ

1931 3416 2015 3462 ter
2040 3424 2104 3464 ac
2125 3407 2383 3463 damnata
2408 3406 2797 3471 transilias,ne
2820 3408 2875 3459 in
2903 3412 3221 3476 serpentum
3243 3404 3518 3474 ejusmrdi

1932 3502 2081 3557 velut
2120 3500 2492 3574 improbitatis
2538 3496 2838 3571 quoddam'
2870 3498 3022 3553 virus
3066 3495 3300 3552 incidas.
3350 3495 3432 3550 Ac
3468 3496 3517 3548 si

1931 3595 2153 3663 quando
2174 3591 2408 3648 forsitan
2432 3606 2498 3647 ex
2524 3591 2626 3646 hac
2650 3597 2967 3661 serpentum
2999 3588 3185 3645 schola
3204 3586 3517 3659 quempiam

1931 3682 2250 3746 oﬂ‘enderis,
2311 3683 2494 3740 subito
2524 3682 2729 3753 lignum
2781 3680 2914 3734 illud
2945 3678 3094 3750 quod
3141 3677 3298 3734 nobis
3344 3691 3376 3731 a
3410 3675 3519 3732 Do-

1934 3776 2085 3831 mino
2114 3784 2498 3847 comparatum
2547 3782 2653 3837 est,
2683 3781 2739 3829 et
2779 3773 2837 3827 in
2875 3786 2987 3842 quo
3024 3771 3280 3826 Christus
3326 3767 3519 3824 aﬂixus

1934 3877 2042 3931 est,
2085 3876 2280 3923 contra
2313 3867 2589 3937 serpentis
2620 3875 2788 3935 caput
2820 3864 3117 3935 arripiens,
3146 3863 3220 3917 ita
3251 3862 3473 3932 loquere
3500 3878 3517 3915 :

1935 3961 2192 4019 Christus
2231 3968 2424 4017 nostra
2468 3970 2555 4014 est
2583 3958 2637 4013 in
2685 3972 2851 4013 cruce
2901 3970 3070 4012 causa
3112 3967 3438 4026 suspensus,
3466 3961 3521 4006 et

251 4057 464 4112 formam
542 4068 756 4113 nostrai
800 4056 997 4112 salutis
1048 4069 1370 4126 expressam
1422 4070 1486 4109 ac
1530 4054 1863 4110 delineatam
1939 4057 2188 4128 reliquit.
2241 4056 2398 4123 Quod
2450 4055 2557 4110 nisi
2608 4068 2832 4107 carnem
2880 4050 3182 4115 habuisset,
3236 4061 3517 4118 nunquam

247 4158 378 4205 esset
423 4150 680 4205 suﬂixus.
710 4146 788 4202 Eo
815 4161 944 4202 vero
972 4147 1118 4217 quod
1151 4160 1321 4201 carne
1365 4144 1633 4215 praeditus
1657 4152 1714 4200 et
1757 4146 1959 4203 afﬁxus
1983 4156 2069 4202 est
2103 4148 2277 4210 cruci,
2346 4153 2535 4199 nostra
2605 4142 2768 4221 simul
2809 4149 3032 4210 peccata
3081 4137 3290 4194 deﬁxit.
3355 4136 3520 4204 Equi-

250 4242 359 4296 dem
394 4243 615 4299 veritati
650 4257 749 4313 per
778 4240 938 4297 fidem
966 4240 1224 4306 inbaareo,
1281 4254 1383 4295 nec
1412 4240 1715 4295 tardissimi
1786 4244 2060 4312 serpentis
2111 4256 2300 4299 errore
2364 4240 2451 4295 vel
2503 4238 2626 4307 ejus
2675 4235 2938 4291 doctrinae
2983 4233 3164 4291 sibilis
3196 4230 3390 4287 abduci
3433 4244 3520 4285 me

250 4333 433 4399 patior.

308 4427 408 4481 ΔΙΘ¹.
450 4426 654 4480 Λοιπὸν
694 4431 898 4497 ταύτην
929 4423 1237 4497 παρελθὼν,
1273 4423 1581 4495 ἀγαπητοὶ,
1627 4424 1824 4494 ἐφεξῆς

2003 4419 2147 4475 XIX.
2186 4418 2291 4475 Sed
2310 4432 2459 4475 nunc
2474 4415 2669 4472 haeresi
2698 4415 2787 4470 illa
2814 4414 3208 4486 praetermissa,
3232 4414 3517 4483 deinceps,

251 4514 532 4589 βαδιοῦμαι
567 4518 664 4572 ἐπὶ
713 4518 812 4581 τὰς
843 4493 1022 4581 illch
1038 4517 1299 4590 τραχείας
1332 4493 1574 4587 τρίϐους,
1608 4516 1706 4587 οὐχ
1745 4493 1825 4571 ἴνα

1939 4509 2286 4573 charissimi,
2325 4508 2395 4563 ad
2444 4514 2748 4578 praeruptas
2779 4505 2915 4560 alias
2944 4505 3063 4559 vias
3102 4519 3167 4560 ac
3205 4505 3518 4561 salebrOsas

251 4605 467 4674 βαδίσω,
508 4608 627 4662 ἀλλ’
666 4608 753 4661 ἵνα
786 4609 894 4663 ἀπὸ
926 4609 1163 4679 μήκοθεν
1197 4607 1465 4675 ὑποδείξω
1487 4610 1600 4671 τοῖς
1646 4607 1825 4678 βουλο-

1940 4620 2027 4659 me
2056 4602 2359 4666 conferam,
2403 4616 2512 4656 non
2547 4608 2608 4655 ut
2643 4601 2745 4653 iter
2775 4613 2873 4669 per
2920 4599 3043 4653 illas
3084 4597 3300 4666 faeiam,
3334 4597 3428 4654 sed
3463 4608 3521 4651 ut

252 4698 423 4768 μένοις
463 4701 535 4754 τὰ
564 4700 873 4773 τραχύτερα
911 4702 1010 4773 μὲν
1044 4702 1465 4770 ἐπιγινώσκειν,
1502 4700 1730 4770 φεύγειν
1773 4701 1825 4753 δὲ

1937 4695 2155 4751 eminus
2220 4696 2289 4749 iis
2344 4700 2811 4756 commonstrem,
2864 4691 2959 4763 qui
3011 4690 3335 4761 asperitates
3401 4691 3522 4743 illas

247 4790 328 4845 διὰ
352 4792 455 4863 τῆς
485 4794 683 4863 στενῆς
724 4794 821 4847 καὶ
862 4794 1231 4864 τεθλιμμένης
1262 4794 1385 4847 ὁδοῦ
1423 4794 1526 4865 τῆς
1557 4794 1825 4865 φερούσης

1934 4802 2287 4859 cognoscere,
2317 4794 2371 4841 et
2402 4785 2469 4841 ad
2498 4793 2705 4841 arctam
2738 4785 2886 4839 illam
2924 4794 3321 4854 angustamque
3353 4783 3517 4847 viam,

248 4883 321 4945 εἰς
348 4881 495 4957 ζωὴν
535 4883 754 4939 αἰώνιον
774 4902 788 4916 ·
821 4886 915 4939 καὶ
958 4886 1395 4956 καταλιμπάνειν
1414 4885 1515 4956 τὴν
1549 4885 1825 4947 πλατεῖαν,

1934 4894 2057 4948 quae
2094 4877 2162 4933 ad
2192 4887 2449 4933 aeternam
2494 4876 2661 4930 vitam
2691 4874 2962 4945 perducit,
2992 4873 3289 4945 confugere
3330 4873 3518 4927 volue-

246 4974 334 5026 καὶ
363 4976 713 5048 εὐρύχωρον,
759 4977 854 5030 καὶ
892 4974 1177 5048 ἀκανθώδη
1201 5019 1215 5042 ,
1261 4977 1356 5029 καὶ
1386 4976 1832 5048 προσκομμάτων

247 5062 494 5132 ἔμπλεων
526 5064 644 5118 ὁδὸν
667 5065 1003 5138 βορϐορώδη,
1018 5068 1114 5119 καὶ
1139 5065 1427 5133 ἀσελγείας
1452 5065 1547 5117 καὶ
1573 5064 1831 5134 πορνείας

247 5155 732 5227 ἐμπεπλησμένην.
787 5151 895 5220 Ἧς
954 5157 1213 5228 πορνείας
1261 5158 1356 5209 καὶ
1416 5155 1702 5223 ἀσελγείας
1769 5153 1830 5206 τὸ

246 5244 423 5316 ὅμοιον
451 5248 602 5302 ἐστιν
627 5249 753 5304 ίδεῖν
782 5250 841 5303 ὲν
866 5250 945 5321 τῷ
968 5248 1185 5321 ἑρπετῷ
1208 5248 1287 5319 τῷ
1323 5248 1633 5319 δεινοτάτῳ,
1658 5241 1703 5315 ᾧ
1730 5249 1828 5300 ἐπ·

248 5335 423 5390 έθεντο
454 5338 517 5390 τὸ
560 5337 729 5409 ὄνομα
772 5337 1166 5406 ἀπειρώδινον
1195 5337 1444 5406 ἔχιδναν
1482 5338 1532 5389 οἱ
1580 5336 1821 5390 παλαιοί.

252 5427 401 5481 Ἐστι
438 5428 552 5502 γὰρ
578 5430 673 5501 τῆς
708 5429 964 5500 τοιαύτης
1007 5429 1219 5500 ἐχίδνης
1260 5430 1294 5499 ἡ
1340 5428 1504 5497 φύσις
1535 5426 1698 5498 ὁμοία
1727 5428 1826 5497 τῆς

249 5521 800 5595 τούτωνςμοχθηρίας.
829 5523 928 5577 Διά
970 5523 1076 5596 γὰρ
1108 5522 1208 5593 τῆς
1250 5520 1502 5592 ἀνδρείας
1542 5519 1757 5589 φύσεως
1788 5521 1821 5591 ἢ

202 5604 207 5611 ’
256 5611 567 5677 γυναικείας
614 5613 711 5683 τὴν
769 5612 1099 5683 αἰσχρότητα
1158 5608 1556 5673 ἐπιτελοῦντες,
1622 5609 1833 5679 ταύτην,

1932 4972 2063 5035 rint,
2104 4971 2270 5024 latam
2322 4982 2453 5023 vero
2504 4981 2567 5020 ac
2606 4967 2907 5035 spatiosam
2960 4965 3125 5019 aliam
3182 4964 3517 5033 relinquere,

1930 5077 2052 5132 quae
2074 5061 2247 5131 spinis
2272 5061 2595 5127 intercepta,
2620 5065 2674 5112 et
2689 5056 3032 5111 oﬂendiculis
3059 5055 3342 5124 impedita,
3358 5068 3520 5109 corno

1929 5153 2130 5219 obsita,
2159 5160 2213 5207 et
2262 5151 2586 5206 libidinibus
2635 5164 2700 5203 ac
2751 5147 2974 5218 flagitiis
3010 5145 3265 5201 omnibus
3303 5154 3384 5200 est
3428 5158 3518 5198 re-

1931 5248 2089 5301 ferta.
2122 5244 2294 5313 Cujus
2326 5243 2545 5312 quidem
2578 5240 2955 5311 impudicitiae,
2992 5253 3055 5292 ac
3092 5236 3335 5291 libidinis
3366 5234 3513 5313 simia

1929 5310 2218 5388 litudinem
2248 5310 2416 5386 refert
2433 5347 2606 5401 genus
2628 5330 2763 5384 illud
2794 5328 3065 5398 serpentis
3089 5310 3516 5387 atrocissimum,

1928 5426 2015 5478 cui
2049 5432 2235 5492 partus
2274 5424 2503 5491 expertis
2534 5424 2724 5482 vipera
2764 5434 2965 5475 nomen
2999 5425 3248 5473 vetustas
3298 5416 3515 5472 indidit.

1928 5516 2103 5585 Hujus
2135 5515 2279 5570 enim
2335 5522 2531 5571 natura
2571 5516 2788 5568 illorum
2831 5510 3094 5582 nequitiae
3140 5524 3304 5581 quam
3340 5508 3521 5564 simil-

1928 5607 2053 5666 lima
2094 5617 2179 5666 est
2210 5625 2223 5661 :
2264 5608 2353 5680 qni
2397 5622 2520 5665 cum
2556 5604 2817 5662 masculis
2851 5613 2943 5661 aut
2977 5603 3196 5663 feminis
3226 5599 3520 5675 turpitudi-

328 5762 345 5793 ³
366 5761 531 5820 Forte
563 5767 782 5821 τούτων.
858 5770 878 5800 ³
914 5767 1050 5823 Vide
1077 5785 1144 5822 an
1176 5772 1358 5837 νοθείᾳ
1385 5768 1580 5820 melius
1614 5767 1702 5819 sit.
1784 5762 1805 5797 ³

1932 5766 1984 5820 ιι.
2014 5780 2171 5830 Lxm,
2205 5765 2256 5820 8.
2339 5765 2357 5796 ‘
2388 5763 2533 5821 Ρεέιι.
2565 5780 2661 5829 vn,
2703 5762 2784 5817 Π.

573 5857 837 5922 Pareat.
885 5862 1000 5920 Gn.
1039 5864 1087 5920 Χ
1105 5863 1197 5920 Ll.

3113 5858 3189 5918 12
