4022 6450
437 431 446 439 -
550 400 654 458 567

1924 402 2012 458 -s.
2056 401 2400 458 EPlPllANtt
3391 429 3415 482 ς
3695 403 3781 463 568

552 519 864 585 induxerit,
910 521 964 576 id
996 521 1175 592 ipsum
1214 521 1413 577 audeat
1460 522 1759 592 suscipere.
1812 521 1926 577 lloc
1960 531 2132 577 autem

2249 524 2384 594 πρὸς
2414 522 2786 596 πληροφορίαν
2809 520 2907 595 τῆς
2927 518 3345 592 τετυφλωμένης
3364 518 3536 572 αὐτῶν
3561 520 3783 588 διανοίας,

548 625 616 665 eo
635 612 871 667 consilio
895 612 1122 678 faciunt,
1150 614 1322 683 quod,
1345 612 1421 667 uti
1441 614 1810 668 miserandum
1836 614 1891 668 in
1917 614 2137 668 modum

549 704 762 774 decepti
791 713 939 768 sunt,
965 715 1115 760 certo
1144 705 1251 761 sibi
1277 705 1664 775 persuadeant,
1692 720 1788 775 per
1810 712 1889 758 tot
1919 712 2141 774 tamque

548 797 769 852 diversa
802 795 1046 851 facinora
1080 797 1268 852 mundi
1296 796 1725 852 fabricator-ibus
1755 795 1986 863 angelis.
2023 811 2142 857 om-

548 887 825 958 nibusque
848 902 970 958 quze
997 888 1054 942 in
1084 886 1289 943 mundo
1318 896 1450 943 sunt
1481 886 1777 958 prostratis
1805 901 1869 941 ac
1897 893 2142 940 eontem-

548 978 685 1049 ptis,
720 978 940 1032 illorum
978 992 1039 1033 se
1076 992 1185 1032 non
1221 976 1437 1040 mundi,
1474 978 1570 1033 sed
1608 976 1920 1031 fabularum
1957 976 2139 1046 potius

550 1069 825 1124 artificum
862 1075 1192 1139 potestatem
1229 1069 1581 1140 transgredi;
1616 1084 1727 1138 quo
1764 1069 2048 1125 caelestem
2082 1069 2141 1123 li-

547 1161 813 1216 bertatem
848 1162 1155 1227 obtineant,
1196 1171 1250 1217 et
1284 1176 1506 1217 sursum
1538 1161 1786 1232 aspirare
1810 1168 1976 1230 atque
2005 1175 2137 1215 evo-

545 1253 661 1308 lare
701 1256 939 1325 possint.
990 1256 1147 1321 Quod
1196 1254 1481 1310 hominum
1533 1270 1706 1325 genus
1756 1254 1826 1308 ad
1879 1253 2139 1309 Ecclesia:

548 1341 637 1397 Dei
680 1343 941 1414 probrum
991 1354 1045 1401 et
1081 1344 1476 1399 oﬂendiculum
1505 1346 1804 1401 adornasse
1836 1359 1899 1399 ac
1931 1344 2139 1400 submi-

546 1435 691 1492 sisse
725 1434 962 1493 Satanas
994 1437 1214 1491 videtur
1245 1455 1261 1492 :
1316 1438 1519 1507 quippe
1559 1438 1654 1508 qui
1697 1435 2138 1492 Christianorum

546 1528 654 1582 sibi
685 1543 886 1583 nomen
914 1529 1232 1593 indiderint,
1274 1541 1333 1583 ut
1377 1537 1599 1599 propter
1628 1528 1750 1587 illos
1789 1527 2009 1585 offensae
2039 1544 2137 1582 na-

548 1619 727 1675 tiones
757 1620 827 1675 ab
857 1627 1064 1677 sanctae
1091 1619 1185 1676 Dei
1216 1620 1474 1676 Ecclesiae
1509 1621 1744 1676 utilitate
1778 1620 2135 1684 abhorreant,

548 1708 966 1780 nuntiatamque
998 1709 1284 1764 veritatem
1335 1710 1407 1765 ob
1451 1710 1711 1764 immania
1748 1709 1964 1763 illorum
2006 1708 2139 1761 faci-

547 1814 706 1867 nora,
741 1809 793 1857 et
822 1800 1201 1856 incredibilem
1246 1801 1551 1872 nequitiam
1588 1800 1910 1872 repudient;
1940 1807 2018 1864 ut,
2053 1798 2139 1852 in-

2243 613 2323 666 δτι
2369 613 2425 665 αἱ
2464 611 2712 667 τοιαῦται
2756 612 3123 685 ἐγχειρήσας,
3159 607 3551 679 κατισχύσασαι
3587 608 3666 663 διὰ
3697 611 3787 666 τῶν

2240 701 2511 756 τοσούτων
2537 702 2812 773 πράξεων,
2844 702 2938 755 καὶ
2958 700 3444 774 καταφρονήσασαι
3473 699 3580 753 τῶν
3612 717 3788 771 κοσμο-

2242 793 2411 848 ποιῶν
2437 794 2707 863 ἀγγέλων,
2738 793 2833 847 καὶ
2856 792 2966 847 τῶν
2992 794 3051 846 ἐν
3078 792 3158 862 τῷ
3186 791 3376 862 κόσμῳ
3396 832 3409 854 ,
3442 791 3791 863 ὑπερϐαίνουσι

2239 885 2337 957 τὴν
2364 885 2471 939 τῶν
2499 885 2678 939 αὐτῶν
2704 885 3037 957 μυθοποιιῖΝ,
3064 884 3127 936 οὐ
3158 883 3269 956 γάρ
3291 883 3358 936 ἀν
3386 883 3589 953 εἴποιμι
3615 900 3790 952 κοσμο-

2241 977 2430 1043 ποιιῖιν,
2463 976 2734 1044 ἐξουσίαν,
2766 977 2918 1040 ὅπως
2944 976 3012 1031 ἀν
3042 976 3143 1047 τὴν
3167 976 3280 1030 ἀνω
3310 974 3620 1046 ἐλευθερίαν
3643 975 3793 1028 ἀσπά-

2243 1084 2442 1120 σωνται
2461 1106 2477 1131 ,
2518 1066 2612 1120 καὶ
2638 1067 2738 1137 τὴν
2767 1066 2881 1120 ἀνω
2915 1065 3115 1137 πτῆσιν
3150 1065 3465 1134 κτήσαιντο.
3520 1061 3634 1114 Εἰσὶ
3660 1061 3710 1114 δέ
3740 1063 3792 1113 ἐκ

2238 1153 2334 1207 τοῦ
2372 1155 2589 1208 Σατανᾶ
2620 1154 2731 1223 (84)
2765 1152 3295 1227 παρεσκευασμένοι,
3330 1152 3426 1205 καὶ
3457 1150 3793 1222 προϐεσλημέ-

2239 1262 2321 1299 νοι
2352 1248 2433 1310 είς
2458 1232 2658 1311 ὄνειδος
2705 1247 2800 1300 καὶ
2831 1247 3127 1302 σκάνδαλον
3166 1246 3269 1317 τῆς
3296 1243 3391 1299 τοῦ
3425 1242 3561 1299 Θεοῦ
3594 1244 3793 1314 Ἐκκληο

2242 1340 2383 1403 σίας.
2442 1338 2732 1393 Ἐπέθεντο
2780 1341 2888 1412 γάρ
2943 1341 3156 1403 ἑαυτοῖς
3208 1338 3441 1408 ἐπίκλην
3493 1334 3793 1409 Χριστιανοί,

2240 1433 2378 1503 πρὸς
2419 1431 2480 1484 τὸ
2511 1431 2959 1497 σκανδαλίζεσθαι
2986 1432 3054 1488 τὰ
3081 1431 3210 1503 ἔθνη
3236 1432 3304 1485 δι’
3332 1428 3531 1494 αὐτῶν,
3574 1428 3659 1482 καὶ
3684 1427 3796 1480 ἀπο-
3854 1497 3859 1503 ⁸

2243 1521 2574 1594 στρέφεσθαι
2600 1522 2699 1594 τὴν
2727 1523 2830 1592 τῆς
2862 1522 3027 1591 ἁγίας
3050 1521 3143 1575 τοῦ
3173 1519 3311 1575 Θεοῦ
3347 1518 3665 1590 Ἐκκλησίας
3683 1517 3797 1587 ὠφέ-

2240 1615 2411 1680 λειαν,
2457 1616 2553 1670 καὶ
2598 1616 2659 1669 τὸ
2707 1615 2959 1686 ἀληθινὸν
3012 1616 3275 1688 κήρυγμα
3325 1614 3413 1668 διά
3460 1615 3559 1685 τῆς
3603 1612 3795 1666 ἐκείνων

2240 1708 2685 1780 ἀθεμιτουργίας,
2719 1709 2813 1762 καὶ
2841 1709 3166 1763 ἀνεικάστου
3202 1708 3612 1780 κακοπραγίας,
3642 1706 3714 1768 είς
3747 1705 3796 1757 τὸ

2241 1799 2311 1853 τά
2349 1799 2475 1871 ἔθνη
2510 1800 2876 1853 κατανοοῦντα
2917 1800 3099 1854 αὐτῶν
3127 1799 3198 1853 τά
3235 1800 3514 1870 ἐπάλληλα
3546 1797 3675 1870 ἔργα
3706 1796 3796 1848 τῶν

548 1905 737 1960 quam,
764 1890 1144 1961 frequentibus
1190 1891 1404 1945 illorum
1442 1890 1745 1946 sceleribus
1782 1889 2132 1944 animadver-

2239 1891 2675 1963 ἀθεμιτουργιιῖιν
2696 1932 2712 1955 ,
2744 1892 3046 1962 νομίσαντα
3092 1892 3189 1947 καὶ
3232 1892 3360 1956 τοὺς
3393 1892 3494 1962 τῆς
3537 1890 3688 1958 ἁγίας
3718 1883 3796 1941 τοῦ

547 1983 648 2046 sis,
677 1997 772 2037 eos
798 1997 1015 2052 quoque
1041 1981 1134 2051 qui
1158 1997 1188 2036 e
1210 1990 1401 2037 sancta
1428 1980 1520 2035 Dei
1566 1980 1813 2035 Ecclesia
1847 1987 1976 2036 sunt
2003 1980 2132 2037 tales

2248 1981 2384 2036 Θεοῦ
2427 1982 2756 2054 Ἐκκλησίας
2793 1984 3070 2045 τοιούτους
3112 1976 3256 2037 εἶναι
3277 2022 3292 2048 ,
3327 1982 3702 2053 ἀποστρέφειν,
3736 1978 3798 2041 ὡς

546 2087 671 2128 esse
704 2072 808 2128 sibi
838 2074 1225 2144 persuadeant,
1277 2081 1442 2143 atque
1476 2073 1549 2127 ita
1586 2072 1655 2127 ab
1693 2072 1983 2127 verissima
2020 2070 2132 2127 Dei.

2250 2075 2343 2129 καὶ
2391 2078 2673 2147 προεῖπον,
2721 2076 2822 2148 τὴν
2864 2075 3034 2148 ἀκοὴν
3081 2075 3190 2131 ἀπὸ
3232 2075 3335 2145 τῆς
3380 2074 3474 2130 τοῦ
3516 2074 3645 2129 Θεοῦ
3680 2071 3797 2126 κατὰ

546 2164 626 2218 uti
648 2163 909 2231 diximus,
935 2163 1188 2218 doctrina
1215 2178 1378 2218 aures
1403 2170 1683 2229 avertant;
1716 2167 1809 2215 aut
1832 2169 1983 2216 certe
2006 2176 2132 2231 pau-

2247 2166 2507 2239 ἀλήθειαν
2536 2166 2920 2232 διδασκαλίας·
2956 2167 2990 2239 ἢ
3033 2169 3129 2221 καὶ
3178 2166 3427 2239 ὁρῶντάς
3482 2182 3630 2229 τινας
3686 2164 3799 2217 πάν-

545 2269 734 2310 eorum
779 2254 1131 2324 improbitate
1173 2263 1471 2327 conspecta
1512 2256 1569 2311 in
1615 2256 1908 2311 universos
1946 2255 2132 2311 eadem

2244 2261 2377 2323 τως’
2400 2260 2600 2330 ὁμοίως
2627 2258 2967 2331 βλασφημεῖν
3002 2261 3112 2313 Kal.
3129 2259 3320 2313 τούτου
3344 2261 3510 2313 ἕνεκα
3539 2259 3586 2312 oi
3613 2256 3798 2316 πλείους

545 2348 837 2402 maledicta
875 2348 1197 2418 conjiciant.
1240 2348 1420 2418 Atque
1456 2362 1520 2403 ea
1563 2348 1781 2403 demum
1818 2362 1985 2402 causa
2028 2356 2132 2412 est,

2241 2350 2350 2405 τῶν
2388 2351 2593 2412 ἐθνῶν,
2631 2352 2767 2405 ὅπου
2811 2351 2856 2405 δ’
2900 2338 2966 2406 ἀν
3015 2351 3168 2405 ίδωσι
3213 2350 3527 2415 τοιούτους,
3572 2349 3684 2403 οὔτε
3722 2347 3797 2400 ἐπὶ

551 2453 657 2493 cur
687 2438 937 2509 plerique
963 2439 1270 2511 gentilium,
1306 2440 1623 2510 ubicunque
1651 2441 1812 2495 istius
1846 2448 2008 2496 secta:
2038 2439 2132 2494 ho-

2237 2443 2497 2516 κοινωνίᾳ
2528 2446 2659 2516 ἡμῖν
2696 2445 3096 2517 προσφέρονται
3119 2444 3471 2517 ληψοδοσίας,
3508 2443 3541 2515 ἦ
3581 2440 3793 2512 γνώμης.

547 2531 723 2587 mines
741 2530 1225 2602 deprehenderint,
1239 2531 1446 2586 nullam
1466 2530 1752 2586 nobiscum
1768 2529 1940 2585 velint
1958 2546 2132 2600 neque

2238 2535 2272 2607 ἢ
2318 2535 2488 2607 ἀκοῆς
2533 2535 2696 2605 λόγου
2739 2535 2883 2590 θείου
2909 2574 2924 2600 ,
2975 2533 3100 2588 οὔτε
3141 2535 3241 2606 τὴν
3289 2534 3466 2605 ἀκοὴν
3508 2532 3795 2592 ἐντιθέασιν,

544 2622 657 2678 dati
688 2624 1031 2694 acceptique,
1069 2639 1248 2695 neque
1268 2623 1509 2687 consilii,
1547 2637 1726 2693 neque
1753 2621 2009 2677 audiendi
2042 2623 2129 2678 di-

2238 2625 2575 2698 ἐπτυρμένοι
2621 2628 2731 2681 ἀπὸ
2764 2626 2865 2698 τῆς
2898 2627 3007 2682 τῶν
3035 2626 3316 2700 ἀθεμίτων
3349 2625 3738 2697 ἀνοσιουργίας.

544 2721 657 2776 vini
689 2720 842 2777 verbi
875 2720 1190 2775 societatem
1221 2718 1578 2791 conjungere,
1615 2732 1680 2771 ac
1711 2733 1779 2774 ne
1809 2732 1972 2772 aures
2025 2718 2246 2789 quidem
2289 2722 2535 2792 praebere
2579 2721 2921 2791 sustineant;
2972 2722 3287 2795 usqueadeo
3334 2720 3565 2778 nefariis
3612 2721 3796 2775 illorum

545 2808 765 2882 flagitiis
798 2809 1159 2875 consternati,
1200 2823 1264 2882 ac
1297 2807 1543 2863 deterriti
1585 2814 1734 2862 sunt.

615 2898 704 2956 Ν.
740 2899 915 2956 Porro
947 2901 1037 2957 isti
1071 2901 1126 2954 in
1158 2901 1287 2954 luxu
1318 2910 1481 2969 atque
1512 2899 1726 2955 deliciis
1756 2897 1980 2955 assidue
2013 2914 2132 2954 ver-

2306 2900 2381 2952 A'.
2421 2897 2544 2953 Εἰσὶ
2579 2898 2635 2952 δὲ
2670 2898 2974 2973 ἐν’ἀσωτίᾳ
3004 2901 3381 2966 διατελοῦντες
3406 2895 3574 2965 οὗτοι,
3604 2900 3690 2955 καὶ
3710 2901 3798 2954 πᾶν

524 3001 759 3059 -santur,
806 2992 1053 3063 nihilque
1093 3007 1202 3046 non
1244 2992 1309 3046 ad
1353 3006 1646 3063 corporum
1692 2991 2028 3062 voluptatem
2071 3005 2132 3045 ac

2236 2991 2413 3046 ὁτιοῦν
2450 2991 2811 3065 ἐργαζόμενοι
2850 2993 2987 3065 πρὸς
3039 2994 3339 3050 εὐπάθειαν
3376 2996 3659 3067 σωμάτων,
3690 2996 3797 3064 ἡμῖν

542 3085 943 3158 iucunditatem
980 3084 1323 3155 suscipiunt:
1355 3099 1536 3153 neque
1560 3082 1624 3138 ad
1657 3100 1758 3140 nos
1792 3083 2011 3154 penitus
2050 3097 2132 3137 ae-

2236 3080 2292 3134 δὲ
2320 3080 2457 3146 ὅλως
2486 3082 2587 3136 οὐκ
2620 3083 2955 3152 ἐγγίζοντες,
2982 3084 3030 3136 εί
3064 3085 3138 3156 μή
3167 3102 3222 3137 τι
3251 3084 3360 3158 ἄρα
3395 3086 3532 3158 πρὸς
3558 3085 3618 3140 τὸ
3640 3084 3796 3139 δελεά-

544 3179 770 3241 cedunt,
813 3176 916 3232 nisi
965 3166 1106 3232 forte
1152 3186 1209 3231 ut
1254 3176 1555 3231 imbecilles
1602 3177 1817 3232 animos
1866 3175 1934 3231 ad
1966 3176 2131 3246 impia

2239 3190 2326 3226 σαι
2357 3172 2536 3244 ψυχὰς
2563 3175 2927 3247 ἀστηρίκτους
2950 3177 3008 3228 ἐν
3033 3178 3099 3249 τῇ
3126 3176 3307 3231 αὐτῶν
3336 3161 3792 3246 κακοδιδασκαλίᾳ.

543 3285 642 3326 sua
670 3268 923 3338 dogmata
966 3267 1264 3338 pelliciant.
1324 3263 1510 3335 Neque
1547 3266 1694 3320 enim
1726 3265 1832 3319 alia
1881 3279 1941 3319 re
1970 3263 2132 3318 nobis

2238 3266 2334 3330 Είς
2358 3265 2513 3319 οὐδὲν
2546 3265 2654 3337 γάρ
2675 3268 2808 3338 ἡμῖν
2836 3266 3171 3338 ὁμοιοῦνται,
3197 3268 3231 3341 ἦ
3263 3270 3432 3340 μόνον
3473 3271 3689 3341 ὀνόματι
3715 3286 3796 3322 κα-

544 3360 753 3417 similes
796 3365 963 3424 sunt,
1008 3375 1171 3429 quam
1203 3356 1350 3427 quod
1392 3357 1509 3412 solo
1557 3355 1859 3411 Christiani
1911 3353 2132 3409 nomine

2236 3355 2444 3410 λεῖσθαι
2474 3356 2851 3427 σεμνύνονται,
2878 3359 3028 3423 ὅπως
3052 3357 3140 3412 διά
3166 3357 3260 3412 τοῦ
3289 3358 3559 3430 ὀνόματος
3589 3358 3675 3411 τοῦ
3695 3359 3796 3409 ἐπι-

2238 3448 2477 3501 πλάστου
2519 3447 2588 3501 τά
2634 3449 2734 3520 τῆς
2771 3448 2980 3502 ἑαυτῶν
3024 3449 3224 3513 κακίας
3252 3451 3619 3521 ἐργάσωνται.
3661 3447 3726 3501 Τδ
3755 3446 3800 3499 δὲ

2235 3542 2413 3611 κρῖμα
2461 3538 2669 3593 τούτων
2716 3539 2860 3593 κατά
2901 3540 2963 3593 τὸ
3004 3541 3624 3613 γεγραμμένονένδικόν
3656 3542 3798 3600 ἐστιν,

542 3453 868 3524 gloriantur,
900 3458 962 3503 ut
983 3451 1229 3505 ementiti
1257 3449 1422 3517 hujus
1450 3447 1702 3503 vocabuli
1726 3445 1910 3517 specie
1938 3446 2135 3515 impro-

524 3543 767 3598 l‘bitatem
790 3555 948 3597 suam
971 3545 1281 3595 exerceant.
1298 3538 1406 3593 Sed
1435 3538 1651 3603 horum,
1669 3536 1827 3607 105
1853 3536 1931 3591 uti
1960 3536 2133 3606 scrip-

542 3639 662 3688 tum
677 3639 784 3695 est,
798 3630 1065 3701 judicium
1081 3630 1393 3700 legitimum
1417 3636 1522 3698 est,
1536 3629 1589 3683 id
1607 3628 1756 3699 quod
1772 3628 1975 3683 Paulus
2004 3643 2135 3698 apo-

544 3722 1014 3780 stolustradidit'.
1032 3720 1312 3793 Siquidem
1330 3729 1558 3793 propter
1593 3721 1961 3776 abominanda
1985 3721 2128 3791 ipso~

544 3827 667 3870 rum
695 3814 860 3880 facta,
889 3828 1102 3869 merces
1124 3813 1235 3868 illis
1264 3823 1635 3868 consentanea
1667 3812 1963 3880 reddetur;
2004 3827 2129 3866 nam

545 3919 671 3960 cum
702 3903 944 3958 animum
976 3918 1135 3958 suum
1173 3903 1291 3973 rapi
1329 3902 1572 3959 libidinis
1603 3903 1807 3973 impetu
1841 3917 1906 3958 ac
1945 3902 2132 3957 furore

545 3997 917 4069 permiserint,
941 3997 996 4051 in
1025 3996 1236 4052 infinita
1262 4012 1384 4055 sese
1403 3998 1746 4068 voluptatum
1770 4011 1968 4068 genera
1992 4013 2132 4068 prae-

548 4088 745 4158 cipites
777 4088 1148 4143 committunt.
1183 4088 1261 4142 Ita
1279 4089 1425 4144 enim
1456 4089 1762 4161 disputant,
1788 4104 1910 4160 quae
1937 4091 2012 4158 ab
2034 4091 2131 4144 ho-

543 4181 786 4237 minibus
812 4181 951 4234 mala
978 4178 1321 4250 iudicantur,
1350 4197 1414 4238 ea
1444 4182 1672 4236 minime
1701 4181 1841 4235 mala
1862 4196 2006 4248 esse,
2032 4182 2128 4237 sed

542 4272 770 4330 honesta
796 4281 1015 4328 natura.
1056 4272 1203 4328 Nihil
1232 4275 1378 4328 enim
1414 4281 1610 4330 natura
1635 4276 1839 4330 malum
1871 4283 1989 4341 est;
2033 4275 2129 4333 sed

542 4365 613 4419 ab
633 4365 946 4421 hominibus
967 4364 1235 4421 duntaxat
1257 4381 1423 4436 prava
1446 4376 1762 4423 censentur.
1790 4367 1921 4432 Quae
1942 4367 1989 4422 si
2005 4370 2130 4438 quis

542 4456 728 4511 omnia
772 4456 826 4509 in
872 4457 982 4511 hac
1030 4471 1140 4510 una
1183 4458 1439 4527 praesenti
1488 4459 1597 4513 vita
1645 4458 1959 4529 perfecerit,
2009 4458 2129 4530 ejus

2234 3624 2310 3692 ὡς
2351 3629 2380 3682 ὁ
2423 3628 2579 3699 ἅγιος
2614 3628 2826 3694 Παῦλος
2871 3633 2898 3684 ὁ
2946 3630 3243 3696 ἀπόστολος
3283 3631 3428 3703 ἔφη·
3465 3632 3553 3686 διὰ
3595 3630 3694 3701 γὰρ
3720 3627 3800 3689 τὰς

2234 3718 2413 3782 κακὰς
2444 3717 2626 3771 αὐτῶν
2670 3718 2900 3788 πράξεις
2936 3720 2999 3774 τὸ
3038 3722 3400 3793 ἀνταπόδομα.
3437 3723 3800 3792 ἀποδοθήσεται

2232 3810 2437 3872 αὐτοῖς.
2474 3808 2670 3872 Ἀδεῶς
2692 3810 2802 3882 γάρ
2827 3811 2919 3865 τὸν
2952 3810 3080 3866 νοῦν
3107 3812 3288 3867 αὐτῶν
3314 3814 3403 3877 εις
3431 3812 3643 3886 οἶστρον
3671 3810 3800 3865 ὲκδευ

2232 3899 2503 3964 δωκὸτες,
2549 3899 2781 3954 πάθεσιν
2826 3892 3032 3972 ἡδονῶν
3077 3904 3290 3974 μυρίων
3331 3904 3567 3969 ἑαυτοὺς
3597 3900 3822 3972 παραδεο·

2235 3992 2465 4049 δώκασι.
2499 3994 2638 4047 Φασὶ
2667 3994 2806 4066 γὰρ,
2842 3995 2924 4049 ὅτι
2967 3996 3070 4049 ὅσα
3110 3995 3395 4067 νομίζεται
3431 3995 3583 4067 παρά
3619 3989 3804 4063 ἀνθρὼο

2236 4100 2358 4146 ποις
2386 4082 2536 4136 κακά
2566 4078 2730 4149 εἶναι,
2761 4084 2822 4138 οὐ
2859 4083 3005 4138 κακά
3035 4085 3295 4156 ὑπάρχει,
3320 4085 3463 4139 ἀλλά
3488 4085 3642 4156 φύσει
3663 4080 3799 4137 καὶά-

2234 4175 2399 4230 essay
2438 4176 2548 4248 γάρ
2581 4177 2699 4229 ἐστι
2733 4175 2893 4246 φύσει
2928 4175 3097 4230 κακόν
3120 4191 3135 4206 ·
3173 4179 3289 4239 τοῖς
3320 4176 3377 4229 δὲ
3409 4175 3706 4249 ἀνθρώποις
3730 4188 3802 4224 νο-

2235 4265 2451 4336 μίζεται
2480 4263 2621 4320 εἶναι
2641 4267 2842 4338 φαῦλα.
2874 4268 2985 4320 Kal.
3007 4267 3180 4321 ταῦτα
3210 4267 3391 4321 πάντα
3418 4269 3516 4322 ἐάν
3540 4285 3621 4331 τις
3643 4262 3799 4337 πράξῃ

2234 4360 2293 4411 ἐν
2323 4361 2390 4430 τῇ
2424 4361 2523 4431 μιᾷ
2552 4360 2723 4433 ταύτῃ
2754 4361 3051 4432 παρουσίᾳ,
3076 4361 3262 4414 οὐκέτι
3305 4356 3800 4432 μετενσωματοῦται

2232 4449 2399 4504 αὑτοῦ
2426 4452 2459 4522 ἠ
2487 4450 2654 4523 ψυχὴ,
2698 4453 2779 4516 είς
2806 4453 2868 4506 τὸ
2897 4452 3061 4507 πάλιν
3093 4452 3651 4524 ἀντικαταδληθῆναι,
3688 4446 3798 4502 and

545 4546 729 4599 anima
758 4562 871 4600 non
919 4547 1159 4616 amplius
1202 4546 1257 4601 in
1304 4547 1410 4601 alia
1438 4562 1667 4618 corpora
1703 4549 2130 4615 transfunditur,

2240 4541 2346 4594 ὑπὸ
2405 4542 2463 4596 ἓν
2488 4545 2768 4614 ποιήσασα
2822 4546 3005 4602 πᾶσαν
3070 4544 3315 4617 πρᾶξιν,
3380 4541 3801 4612 ἀπαλλαγήσεται

546 4641 608 4687 ιιι
628 4634 683 4688 in
706 4633 852 4688 hanc
877 4633 1056 4689 lucem
1081 4633 1261 4689 denuo
1284 4645 1637 4704 procreetur;
1666 4636 1761 4690 sed
1783 4627 1931 4690 omni
1959 4639 2132 4693 actio-

544 4739 677 4779 num
708 4738 908 4794 genere
932 4722 1242 4794 perfuncta,
1268 4723 1633 4795 liberaatque
1659 4724 1918 4779 immunis
1940 4724 2130 4779 absce-

543 4815 658 4883 det,
690 4829 816 4870 cum
847 4812 1054 4871 nullius
1078 4813 1259 4870 adhuc
1286 4815 1342 4869 in
1377 4815 1481 4870 hoc
1501 4813 1707 4871 mundo
1737 4815 1921 4871 debito
1956 4817 2128 4872 actio-

544 4909 633 4964 nis
665 4907 957 4978 obligetur.
1008 4905 1331 4976 Cuiusmodi
1361 4922 1492 4962 vero
1518 4908 1787 4964 actionem
1826 4907 2130 4980 intelligant

543 5015 762 5057 rursum
794 4999 1071 5071 explicare
1093 5014 1307 5065 vereor,
1336 5015 1405 5054 ne
1430 4999 1576 5054 velut
1603 5012 1855 5071 opertum
1883 5016 2125 5070 caenum,

540 5095 619 5148 ita
648 5093 1064 5165 ’graveolentetn
1099 5092 1242 5147 hanc
1281 5093 1526 5147 cloacam
1560 5094 1823 5163 aperiam,
1861 5109 1927 5148 ac
1954 5094 2127 5163 pesti-

542 5182 671 5243 ferae
711 5187 997 5258 cujusdam
1034 5185 1401 5242 exhalationis
1441 5200 1514 5241 ac.
1539 5185 1725 5242 fetoris
1776 5186 2123 5242 occasionem

521 5330 528 5371 ³
644 5342 667 5372 -³
699 5334 917 5407 Bom.1,
944 5342 1038 5396 27.
1112 5343 1132 5371 '
1159 5339 1287 5397 For.
1322 5340 1549 5403 πάντας.

615 5496 730 5567 (84)
759 5498 895 5567 Elei
921 5499 990 5551 δὲ
1018 5499 1088 5552 ἐκ
1113 5497 1222 5553 τοῦ
1246 5496 1503 5554 Σατανᾶ.
1523 5497 1885 5556 Perditissimi
1909 5498 2127 5554 lucreti-

542 5564 1018 5641 eormnGnostici,
1044 5567 1429 5641 Gnosticorum
1448 5568 1864 5641 Carpocratiani
1879 5567 2123 5641 fuerunt,

541 5646 601 5692 ut
626 5634 718 5706 qui
738 5637 1066 5710 turpissima
1093 5654 1324 5710 quzeque
1339 5639 1545 5708 ﬂagitia
1558 5634 1970 5696 committentes
1988 5640 2124 5710 adeo

543 5704 756 5782 nun'eru
765 5704 1071 5782 bescerent,
1157 5704 1320 5782 etiam
1338 5704 1632 5782 glorianda
1643 5726 1706 5765 ac
1726 5726 1836 5782 prae
1848 5725 1908 5782 se
1926 5709 2127 5782 haben-

541 5776 611 5849 da
645 5771 1078 5849 ptltareiit;_ldeo
1114 5771 1669 5849 deiCarpocratianis
1713 5771 2037 5835 nominatim
2069 5785 2123 5833 et

539 5846 796 5911 heraeus,
818 5854 870 5900 et
894 5843 1066 5897 Clem.
1092 5862 1148 5901 ιιι
1179 5843 1379 5901 Siron}.
1412 5857 1465 5904 et
1490 5848 1778 5918 Eusebius,
1805 5860 1857 5906 et
1885 5849 2121 5920 Epipha-

2237 4635 2688 4706 ἐλευθερωθεῖσα,
2723 4636 2819 4691 καὶ
2852 4637 3049 4709 μηκέτι
3082 4635 3439 4709 χρεωστοῦσά
3469 4653 3523 4689 τι
3550 4633 3655 4687 τῶν
3684 4627 3801 4699 πρὸς

2238 4724 2436 4797 πρᾶξιν
2470 4728 2528 4780 ἐν
2560 4726 2638 4798 τῷ
2666 4728 2878 4801 κόσμῳ.
2911 4728 3081 4782 Ποίαν
3129 4726 3187 4781 δὲ
3219 4727 3422 4801 πρᾶξιν
3452 4727 3644 4801 εἰπεῖν,
3674 4718 3802 4774 δέδια.

2226 4819 2420 4885 πᾶλιν,
2457 4821 2532 4891 μὴ
2564 4798 2838 4893 βορϐόρου)
2851 4822 3007 4894 δίκην
3034 4798 3455 4893 κεκαλυμμένου
3485 4798 3666 4891 ὀχετὸν
3685 4815 3800 4867 ἀπο-

2237 4911 2465 4981 καλύψω
2487 4952 2502 4976 ,
2550 4913 2643 4965 καί
2675 4930 2785 4969 τισι
2829 4912 2967 4979 δόξω
3004 4912 3305 4985 λοιμώδους
3336 4910 3628 4982 δυσοδμίας
3656 4902 3800 4975 ἔργά·

2236 5003 2427 5068 ζεσθαι
2453 5004 2553 5080 τὴν
2580 5007 2908 5079 ἐμφόρησιν.
2949 5007 3090 5060 Ἀλλ’
3118 5007 3268 5077 ὅμως
3288 5005 3591 5076 ἐπειδήπερ
3613 5000 3667 5066 ἐξ
3689 4996 3801 5064 ἀλη⁹

2236 5095 2386 5159 θείας
2435 5097 2774 5169 συνεχόμεθα
2807 5098 2880 5153 τά
2925 5098 3078 5170 παρὰ
3114 5101 3227 5162 τοῖς
3271 5095 3644 5169 ἠπατημένοις
3682 5090 3795 5142 ἀπο⁴

2235 5188 2492 5259 καλύψαι,
2528 5190 2854 5263 σεμνότερον
2888 5194 3063 5246 εἰπεῖν
3095 5208 3176 5257 τε,
3204 5190 3299 5245 καὶ
3331 5188 3433 5261 τῆς
3458 5185 3706 5258 ἀληθείας
3733 5177 3795 5250 μὴ

2231 5498 2358 5554 nius
2387 5498 2591 5568 aliique
2631 5500 2909 5568 scribunt,
2950 5515 3225 5557 summam
3267 5499 3337 5556 ad
3381 5496 3672 5556 Christiani
3707 5504 3790 5547 no-

2231 5570 2397 5623 minis
2423 5569 2703 5624 iniamiam
2739 5586 2804 5625 ac
2836 5571 3075 5627 dedecus
3109 5586 3206 5627 eos
3241 5587 3270 5625 a
3294 5571 3515 5626 diabolo
3543 5582 3657 5623 esse
3682 5575 3790 5633 Ρτ⁰⁴

2228 5638 2448 5710 ductos,
2495 5648 2553 5693 ut
2600 5639 2834 5710 gentiles
2868 5656 2993 5696 cum
3030 5641 3377 5696 Christianos
3418 5639 3661 5695 homines
3692 5643 3786 5710 tam

2230 5701 2479 5786 impurOS
2511 5725 2574 5786 a_c
2602 5701 2850 5786 nefarios
2879 5713 3168 5786 viderent_,_
3188 5727 3219 5764 a
3250 5701 3783 5786 Christianaproch;

2226 5770 2381 5849 sione
2425 5779 2643 5849 penitus
2691 5782 3072 5837 abhorrerent.
3114 5770 3258 5838 idem
3290 5791 3343 5837 et
3376 5779 3524 5836 'l'ert.
3566 5770 3617 5829 in
3645 5770 3781 5842 Apol-

2226 5855 2280 5903 et
2311 5847 2565 5905 Justinus
2593 5851 2957 5920 scripserunt.
3050 5858 3055 5864 '
