4022 6460
291 317 419 378 369
948 323 1319 384 ADVERSUS
1356 326 1701 389 HERESES
1739 332 1870 392 LIB.
1911 337 1951 393 Ι.
1993 335 2265 395 T011].
2306 332 2666 396 -—HA:ZRES.
2707 338 2918 395 XXVII.
3483 346 3591 403 570

292 432 419 498 ἔξω
444 432 650 502 βαίνειν
672 433 904 504 ἐμαυτὸν
929 441 1347 508 καταναγκάσω.
1368 443 1433 496 Τί
1455 444 1513 498 δὲ
1536 444 1665 499 ἄλλο
1692 466 1741 503 τι
1763 448 1779 479 ¹
1803 450 1882 502 πᾶ

1981 506 1985 516 _
2011 450 2336 521 quibusdam
2365 452 2555 520 videar
2576 454 2895 523 praebuisse.
2927 452 3034 511 Sed
3057 453 3434 521 nihilominus.
3463 435 3588 514 cum

304 539 421 575 σαν
460 524 868 596 ἁῤῥητουργὶαν
902 526 1001 585 καὶ,
1024 526 1282 615 ἀθέμιτον
1309 531 1527 603 πρᾶξιν,
1561 535 1629 605 ἢν
1662 537 1722 589 οὐ
1754 536 1881 608 θεμι

2006 555 2093 595 me
2125 541 2330 597 veritas
2361 542 2479 611 ipsa
2521 542 2937 612 quodammodo
2964 553 3140 615 cogat,
3175 553 3251 600 υιι
3272 545 3376 601 hoc
3398 559 3587 602 errore

290 613 403 706 τὲν
435 614 529 667 ἐπὶ
557 614 827 685 πόματος
869 617 1079 687 φέρειν,
1114 612 1262 673 οὗτοι
1290 622 1590 693 πράττουσι
1617 642 1631 691 ;
1665 628 1776 681 Καὶ
1798 631 1882 682 πᾶε

2004 632 2370 687 laborantium
2395 634 2677 689 hominum
2703 649 2902 690 arcana
2927 612 3291 706 ροιέΐιισίοηι,ο
3303 652 3431 694 eam
3449 638 3586 692 mihi

288 695 453 763 εἶδος
486 700 892 772 ἀνδροῦασιῶν,
938 704 1036 759 καὶ
1074 704 1440 780 λαγνιστέρων
1504 712 1729 782 ὁμιλιῶν
1768 716 1882 786 «pe...

2004 724 2387 780 necessitatem
2424 726 2724 796 imponam,
2758 733 2818 780 ut
2845 735 2900 781 et
2928 727 3336 784 honestiorihus
3366 744 3433 784 ca
3465 744 3587 785 ver-

302 793 608 859 γυναῖκας,
634 793 693 844 ἐν
719 792 938 865 ἑκάστῳ
966 794 1119 866 μέλει
1153 796 1422 869 σώματος,
1454 804 1686 871 μαγείας
1710 822 1769 859 τε
1806 809 1882 861 κα

2003 816 2089 873 bis
2126 831 2402 881 enarrem,
2449 792 2519 872 ει.
2547 834 2576 872 a
2609 818 2686 873 rei
2732 819 2960 874 veritate
2988 833 3345 889 nequaquam.
3380 820 3584 877 abhor-

311 883 679 953 φαρμακείας
722 886 818 939 καὶ
871 886 1320 960 είδωλολατρείας
1378 892 1741 960 ἐκτελοῦντες.
1791 899 1882 951 Κα⁴

1996 921 2168 962 ream.
2222 906 2363 973 Quid
2397 907 2562 978 igitur
2602 907 2693 962 isti
2739 906 2889 963 aliud
2936 883 3138 978 praeter
3178 883 3582 966 exsecrandum

293 975 470 1029 τοῦτο
525 971 667 1031 εἷναί
716 995 882 1049 φασιν
931 981 1196 1053 ἐργασίαν
1243 984 1555 1050 ἀποδόσεως
1582 987 1691 1042 τῶν
1727 991 1784 1042 ἐν
1820 991 1882 1062 at}

1995 996 2126 1051 illud
2155 1010 2223 1050 ac
2249 971 2583 1053 detestabile
2623 995 2889 1068 ﬂagitium
2934 971 3304 1063 committunt,
3338 999 3483 1070 quod
3513 1016 3583 1055 ne

294 1068 524 1141 σώματι
556 1073 940 1144 ὀφειλημάτων
984 1076 1067 1139 είς
1106 1075 1168 1128 τὸ
1199 1074 1397 1147 μηκέτι
1440 1079 1789 1147 ἐγκαλεῖσθαι
1810 1124 1824 1145 ,
1864 1085 1882 1133 i

1992 1102 2247 1142 sermone
2270 1089 2492 1159 quidem
2524 1089 2829 1159 exprimere
2860 1088 3010 1155 licet,
3038 1089 3259 1145 hoe‘est
3282 1068 3581 1159 praeposte-

296 1164 526 1234 μέλλειν
571 1183 624 1219 τι
675 1166 927 1239 πράξεως
973 1167 1135 1240 ἔργον
1168 1169 1546 1225 ἀπαιτεῖσθαι·
1579 1174 1675 1228 καὶ
1705 1174 1882 1228 τούτοι

1992 1197 2111 1237 ram
2151 1184 2386 1235 marium
2426 1179 2907 1245 consuetudinem,
2959 1186 3053 1234 aut
3089 1180 3597 1237 libidinosissimos.

290 1258 471 1310 ἓνεκα
505 1256 579 1329 μὴ
607 1259 1048 1330 ἀποστρέφεσθαι
1083 1260 1183 1332 τὴν
1209 1259 1388 1331 ψυχὴν
1416 1262 1557 1332 μετά
1587 1261 1687 1333 τὴν
1710 1263 1882 1318 eme

1990 1286 2116 1327 cum
2141 1251 2359 1327 feminis
2380 1269 2622 1342 qualibet
2636 1270 2885 1340 Corporis
2901 1278 3056 1339 parte
3071 1269 3432 1336 concubitus;
3460 1277 3578 1324 tum

291 1350 397 1403 θεν
442 1350 794 1422 ἀπαλλαγὴν,
829 1352 925 1405 καὶ
967 1352 1129 1407 πάλιν
1160 1354 1240 1417 εἰς
1273 1356 1763 1426 μετενσωμάτωσιν
1800 1358 1882 1410 καὶ

1997 1361 2240 1431 magicas
2286 1362 2513 1432 insuper
2553 1368 2721 1426 artes,
2769 1375 2834 1415 ac
2882 1360 3165 1426 veneﬁcia,
3198 1360 3579 1431 idolorumque

294 1443 690 1514 μεταγγισμὸν
724 1446 940 1515 χωρεῖν.

1998 1451 2205 1508 cultus?
2226 1452 2403 1523 Atque
2424 1452 2567 1506 hanc
2591 1451 3063 1508 dissolvendarum
3093 1452 3344 1522 corporis
3369 1451 3578 1508 debito-

290 1550 427 1589 rum
451 1536 720 1592 rationem
743 1553 870 1593 esse
889 1539 1240 1607 conﬁrmant,
1266 1557 1336 1597 ne
1362 1542 1622 1612 appellari
1649 1543 1883 1614 amplius
1921 1546 2154 1616 possint,
2178 1554 2272 1600 aut
2296 1545 2367 1601 ab
2396 1546 2464 1601 iis
2493 1545 2632 1615 ipsis
2656 1560 2796 1617 opus
2821 1545 3044 1616 aliquod
3103 1552 3384 1617 repetatur
3401 1588 3416 1613 ,
3484 1560 3579 1600 eo-

286 1644 410 1698 que
456 1630 618 1685 modo
671 1630 807 1686 illud
855 1633 1108 1702 obtineri,
1143 1641 1204 1690 ut
1244 1652 1314 1691 ne
1358 1646 1716 1709 posteaquam
1755 1639 2215 1697 hiuc’excesserit
2239 1640 2419 1695 anima
2441 1640 2623 1697 denuo
2642 1650 2973 1708 revertatur,
3005 1649 3061 1697 et
3084 1642 3152 1697 ad
3216 1641 3342 1697 illos
3398 1639 3577 1697 aliena

284 1724 357 1779 in
382 1740 614 1797 corpora
636 1728 902 1787 transitus
930 1744 993 1785 ac
1025 1731 1376 1802 tuigrationes
1399 1732 1528 1789 sesc'
1550 1734 1771 1791 referat.
3598 1736 3606 1743 ’

372 1821 450 1875 Ε’.
495 1820 681 1886 υῦτως
734 1822 846 1894 γὰρ
892 1823 1006 1893 ἔχει
1047 1824 1118 1878 τὰ
1167 1825 1347 1879 αὐτῶν
1392 1827 1768 1899 συντάγματα,
1814 1828 1882 1892 ὡς

2064 1821 2127 1877 ν.
2170 1821 2451 1893 Ejusmodi
2491 1823 2636 1878 enim
2685 1823 2903 1878 illorum
2945 1824 3284 1880 monimenta
3329 1834 3480 1895 sunt,
3515 1836 3578 1885 ut

287 1910 600 1980 ἀναγνόντα
628 1914 718 1966 τὸν
746 1914 965 1967 συνετὸν
991 1913 1291 1986 θαυμάζειν
1333 1919 1428 1971 καὶ
1463 1919 1883 1991 ἐκπλήττεσθαι,

290 2004 393 2055 καὶ
430 2004 680 2058 άπιστεῖν
713 2006 762 2058 εί
785 2005 959 2059 ταῦτα
989 2005 1163 2072 οὕτως
1191 2008 1295 2062 ὑπὸ
1321 2011 1626 2084 ἀνθρώπων
1652 2013 1884 2084 γενήσε-

287 2111 411 2161 ται,
460 2095 519 2147 ού
576 2095 737 2166 μόνον
763 2097 873 2150 τῶν
900 2097 1024 2153 καθ’
1057 2101 1208 2171 ἡμᾶς
1263 2101 1420 2156 πόλιν
1465 2103 1883 2171 κατοικούντων,

290 2185 437 2239 ἀλλά
476 2187 569 2240 καὶ
597 2188 705 2241 τῶν
723 2188 862 2259 μετά
878 2188 1063 2262 θηρῶν
1090 2192 1187 2245 καὶ
1215 2192 1418 2263 ὁμοίων
1433 2193 1596 2266 θηρσὶ
1622 2197 1718 2249 καὶ
1736 2197 1882 2268 ’κτή-

285 2293 437 2340 νεσι,
474 2278 566 2330 καὶ
616 2280 800 2348 σχεδὸν
828 2281 1003 2334 εἰπεῖν
1037 2281 1107 2336 τὰ
1141 2282 1319 2337 κυνῶν
1348 2285 1442 2337 καὶ
1470 2283 1582 2338 ὑῶν
1623 2286 1883 2358 πράττειν

286 2367 639 2439 τολμώντων.
695 2371 832 2423 Φασὶ¹
887 2374 1030 2445 γάρ’
1068 2375 1161 2427 Δεῖ
1203 2374 1418 2440 πάντως
1468 2377 1650 2431 πᾶσαν
1687 2378 1884 2450 χρῆσιν

286 2460 501 2516 τούτων
529 2463 821 2529 ποιεῖσθαι,
858 2465 946 2519 ἵνα
983 2465 1078 2538 μὴ,
1109 2466 1421 2531 ἐξελθοῦσαι
1455 2468 1549 2522 καὶ
1579 2469 1881 2542 ὑστερήσα-

289 2555 388 2607 σαί
430 2572 573 2619 τινος
628 2555 812 2627 ἔργου,
852 2556 1042 2611 τούτου
1097 2559 1261 2613 ἕνεκα
1303 2560 1760 2632 καταστραφῶσιν
1800 2562 1882 2624 είς

288 2645 526 2716 σώματα
556 2648 743 2701 πάλιν
774 2649 831 2703 αἱ
871 2649 1060 2720 ψυχαὶ,
1104 2651 1184 2713 είς
1216 2650 1277 2705 τὸ
1319 2651 1523 2727 πρᾶξαι
1555 2649 1711 2717 αὖθις
1739 2652 1777 2706 ἀ
1805 2653 1880 2725 μὴ

285 2736 555 2809 ἔπραξαν.
576 2742 686 2795 Καὶ
701 2740 858 2794 τοῦτὸ
881 2745 1019 2805 ἐστι,
1037 2744 1200 2812 φασὶν
1218 2743 1447 2815 (85-86),
1472 2745 1607 2817 ὅπερ
1632 2748 1660 2799 ό
1675 2744 1881 2815 Ἰησοῦς

286 2831 351 2882 ἐν
400 2831 481 2902 τῷ
531 2832 850 2905 Εὐαγγελίῳ
880 2830 1002 2887 εἷπε
1053 2835 1144 2889 διὰ
1201 2836 1519 2907 παραϐολῆς
1547 2837 1629 2891 ὅτι
1652 2853 1666 2867 ο
1716 2837 1876 2891 Ἰσθι

284 2924 522 2979 εὐνοῶν
540 2924 621 2991 τῷ
648 2925 930 2993 ἀντιδίκῳ
945 2942 1084 2991 σου,
1121 2928 1191 2982 ἐν
1221 2922 1269 2994 ᾧ
1294 2923 1371 2999 ᾖς
1405 2928 1474 2982 ἐν
1493 2926 1569 2996 τῇ
1593 2926 1713 2992 ὀδῷ
1752 2929 1877 2996 μετ’

287 3014 502 3083 αὐτοῦ,
537 3015 635 3070 καὶ
664 3015 771 3083 δὸς
791 3017 1081 3089 ἐργασίαν
1103 3018 1490 3088 ἀπηλλάχθαι
1520 3016 1623 3072 ἀπ’
1670 3015 1875 3080 αὐτοῦ,

282 3104 375 3176 μή
414 3118 539 3173 πως
580 3111 614 3162 ό
657 3108 963 3175 ἀντίδικος
986 3109 1231 3179 παραδῷ
1257 3125 1332 3165 σε
1371 3107 1453 3175 τῷ
1481 3106 1676 3178 κριτῇ,
1708 3109 1806 3161 καὶ
1844 3110 1877 3161 ὁ

1989 1914 2033 1969 si
2066 1913 2193 1984 quis
2216 1928 2279 1967 ea
2311 1912 2536 1983 sapiens
2560 1912 2775 1982 legerit,
2809 1912 3163 1970 vehementer
3189 1916 3572 1988 Obstupescat,

1986 2003 2185 2072 vixque
2209 2003 2277 2058 ab
2292 2003 2612 2059 hominibus
2638 2004 2755 2060 ﬁeri
2774 2004 2876 2059 ista
2899 2019 3065 2076 posse
3085 2007 3193 2062 sibi
3217 2001 3572 2079 persuadeat,

1984 2111 2095 2151 non
2131 2095 2295 2150 modo
2327 2096 2396 2152 iis
2430 2097 2609 2152 nostri
2642 2097 2861 2168 generis
2895 2097 3242 2174 hominibus,
3278 2103 3375 2171 qui
3404 2103 3465 2159 in
3493 2118 3578 2159 re-

1983 2185 2205 2256 publica
2234 2196 2550 2250 vcrsantur,
2580 2188 2677 2242 sed
2705 2188 2870 2243 etiam
2896 2187 2988 2254 iis,
3016 2189 3112 2259 qui
3135 2190 3191 2243 in
3220 2191 3405 2267 medio
3427 2191 3573 2247 fera-

1980 2291 2104 2329 rum
2131 2275 2450 2332 earumdem
2483 2292 2547 2332 ac
2569 2279 2840 2348 pecudum
2876 2280 3088 2337 similes
3111 2280 3337 2353 degunt,
3363 2284 3573 2355 quique

1982 2383 2108 2423 cum
2152 2368 2384 2424 canibus
2424 2382 2488 2424 ac
2525 2369 2718 2425 suibus
2762 2371 2913 2440 paria
2939 2374 3334 2444 propemodum
3376 2390 3572 2448 perpe-

1980 2467 2151 2516 trant.
2212 2459 2270 2514 Si
2313 2461 2533 2530 quidem
2570 2462 2805 2532 experiri
2841 2464 3026 2519 omnia
3062 2473 3318 2535 oportere
3356 2468 3569 2536 dicunt;

1981 2567 2050 2608 ne
2077 2567 2313 2624 egressae
2342 2553 2506 2610 istinc
2534 2554 2749 2620 animae,
2775 2569 2940 2626 opere
2965 2557 3152 2628 aliquo
3178 2562 3570 2629 praetermisso,

1979 2645 2053 2699 ob
2087 2645 2142 2701 id
2183 2661 2380 2703 rursus
2433 2646 2488 2700 in
2537 2661 2768 2718 corpora
2806 2649 3253 2721 compingantur,
3295 2653 3456 2726 106
3513 2663 3570 2711 ut

1980 2736 2112 2791 illud
2176 2736 2494 2807 perﬁciant,
2569 2737 2717 2808 quod
2783 2754 2894 2794 non
2938 2738 3207 2796 fecerunt.
3268 2741 3384 2798 Hoc
3440 2759 3573 2799 vero

1980 2827 2158 2896 ipsum
2193 2843 2340 2894 esse,
2380 2827 2529 2899 quod
2559 2828 2617 2883 in
2648 2827 2944 2901 Evangelio
2975 2830 3137 2888 Jesus
3171 2833 3275 2888 hac
3310 2835 3571 2906 parabola

1979 2917 2253 2988 signiﬁcat
2294 2937 2307 2973 :
2338 2918 2490 2985 Esto,
2525 2919 2722 2990 inquit,
2759 2912 3089 2978 consentiens
3121 2924 3569 3001 adversariatue,

1978 3009 2106 3061 dum
2141 3009 2314 3062 adhuc
2351 3027 2407 3065 es
2438 3012 2493 3065 in
2527 3014 2611 3066 via
2655 3029 2774 3066 cum
2802 3015 2938 3083 ipso,
2976 3023 3028 3068 et
3065 3014 3139 3069 da
3172 3031 3382 3085 operam
3419 3027 3479 3072 ut
3505 3018 3571 3072 ab

1978 3118 2037 3155 eo
2067 3101 2337 3156 libereris:
2365 3119 2427 3157 ne
2463 3102 2601 3172 forte
2632 3104 2813 3159 tradat
2842 3113 2891 3159 te
2925 3105 3266 3163 adversarius
3285 3108 3481 3178 judici,
3515 3117 3569 3165 et

293 3197 504 3268 κριτὴς
548 3198 629 3265 τῷ
675 3201 967 3272 ὑπηρέτῃ,
1018 3177 1117 3256 καὶ
1168 3205 1202 3257 ὁ
1226 3177 1529 3271 ὑπηρέτης
1562 3199 1772 3267 ,βάλλῃ
1804 3210 1878 3251 σε

1981 3193 2150 3263 judea:
2187 3192 2371 3247 tradat
2404 3205 2453 3249 te
2483 3196 2751 3259 ministro,
2798 3205 2849 3253 et
2887 3197 3129 3253 minister
3156 3200 3212 3254 in
3237 3177 3498 3257 carcerem
3521 3212 3570 3257 te

288 3293 381 3357 εις
414 3291 721 3361 φυλακήν.
752 3294 960 3364 Ἀμὴν,
986 3294 1152 3365 ἀμὴν
1169 3295 1324 3366 λέγω
1351 3293 1472 3359 σοι,
1496 3295 1567 3348 οὐ
1587 3292 1670 3363 μὴ
1705 3289 1878 3357 ἐξέλ-

289 3386 405 3450 θῃς
434 3383 685 3450 ἐκεῖθεν,
715 3384 826 3452 ἕως
850 3385 926 3440 ἂν
941 3382 1178 3455 ἀποδῷς
1207 3387 1312 3440 τὸν
1335 3384 1600 3456 ἔσχατον
1632 3381 1880 3452 κοδράν-

290 3492 422 3542 την.
444 3475 630 3529 Μῦθον
655 3475 715 3529 δέ
746 3492 868 3530 τινα
913 3477 1236 3532 πλάττουσιν
1271 3478 1323 3530 oi.
1363 3477 1520 3532 αὐτοὶ
1550 3476 1689 3548 πρὸς
1711 3477 1734 3508 ³
1760 3477 1873 3529 ἐπί-

287 3565 452 3637 ληψιν
504 3567 603 3638 τῆς
628 3567 943 3640 παραϐολῆς
988 3567 1226 3639 ταύτης·
1263 3569 1357 3622 καί
1408 3585 1572 3638 φασιν
1612 3565 1752 3623 εἷναι
1784 3570 1878 3623 τὸν

290 3656 560 3711 ἀντίδικον
594 3661 801 3711 ἐκεῖνον
826 3659 933 3711 τῶν
962 3661 1053 3713 τὸν
1080 3659 1286 3730 κόσμον
1315 3660 1692 3732 πεποιηκότων
1713 3661 1880 3731 ἀγγέ-

289 3748 399 3802 λων
429 3748 547 3813 ἕνα,
582 3749 676 3803 καὶ⁵
711 3751 793 3812 είς
840 3750 975 3804 αὐτὸ
1022 3749 1182 3804 τοῦτο
1216 3750 1673 3817 κατεσκευάσθαι,
1706 3752 1786 3814 είς
1816 3751 1878 3805 τὸ

289 3841 527 3909 ἀπάγειν
576 3840 675 3905 τὰς
725 3840 904 3912 ψυχὰς
949 3842 1087 3913 πρὸς
1124 3842 1214 3895 τὸν
1243 3842 1457 3915 κριτὴν,
1500 3844 1600 3907 τὰς
1628 3844 1878 3901 ἐντεῦθεν

291 3930 655 4003 ἐξερχομένας
692 3932 759 3983 ἐκ
794 3931 1082 4002 σωμάτων,
1116 3933 1295 3986 ἐκεῖσε
1326 3933 1383 3987 δέ
1411 3932 1771 4007 ἐλεγχομένας
1801 3936 1876 4007 μὴ

290 4022 599 4093 ποιησάσας
639 4025 819 4079 πᾶσαν
861 4024 1143 4096 ἐργασίαν.
1212 4025 1607 4097 Παραδίδοσθαι
1658 4028 1716 4081 δὲ
1768 4028 1877 4083 ἀπὸ

292 4114 388 4168 τού
416 4114 675 4186 ἄρχοντος
694 4114 774 4186 τῷ
803 4114 1073 4189 ὑπηρέτῃ.
1096 4117 1361 4185 ’Ἄγγελον
1384 4117 1442 4171 δὲ
1471 4115 1613 4172 εῐναι
1632 4119 1725 4172 τὸν
1745 4120 1879 4191 ὑπη-

298 4205 479 4278 ρέτην,
507 4205 1005 4278 ἐξυπηρετούμενον
1038 4205 1117 4277 τῷ
1150 4209 1312 4278 κριτῇ
1337 4206 1417 4278 τῷ
1455 4208 1769 4280 κοσμοποιῷ
1797 4211 1878 4274 εἰς

289 4298 355 4352 τὸ
399 4297 585 4369 φέρειν
644 4298 745 4362 τὰς
775 4297 951 4367 ψυχὰς
973 4297 1157 4359 πάλιν,
1188 4297 1284 4350 καὶ
1304 4298 1383 4361 είς
1411 4296 1638 4369 σώματα
1672 4317 1878 4369 καταγ-

293 4387 467 4458 γίζειν
512 4387 762 4459 διάφορα.
820 4384 975 4442 Εἶναι
1033 4391 1090 4444 δὲ
1125 4390 1217 4443 τὸν
1256 4390 1526 4446 ἀντίδικον
1553 4391 1758 4456 τοῦτον,
1818 4392 1877 4445 ὃν
1913 4448 1917 4452 ,

294 4479 505 4552 ἔφημεν
535 4480 626 4533 τὸν
677 4480 883 4552 Κύριον
916 4480 1194 4553 εἰρηκέναι
1239 4482 1298 4534 ἐν
1340 4481 1417 4553 τῷ
1444 4480 1781 4551 Εὑαγγελίῳ,
1818 4483 1879 4538 ὃν

296 4570 449 4623 αὐτοὶ
509 4569 739 4639 ἄγγελον
784 4571 881 4624 ἕνα
929 4570 1040 4623 τῶν
1089 4570 1436 4642 κοσμοποιῶν
1476 4587 1661 4641 φασιν,
1705 4572 1879 4642 ὄνομα

295 4661 485 4733 ἔχοντα
516 4661 761 4716 ΙἌϐολον.
783 4661 921 4715 Φασὶ
944 4660 1052 4734 γὰρ
1070 4658 1210 4716 εἶναι
1226 4660 1323 4731 τὴν
1339 4661 1585 4731 φυλακὴν
1607 4661 1668 4715 τὸ
1702 4661 1777 4715 σῶ
1785 4678 1879 4731 μα’

280 4744 386 4824 ⁸τὸν
413 4752 468 4805 δὲ
506 4751 733 4823 ἔσχατον
776 4751 1076 4832 κοδράντην
1120 4750 1365 4804 θέλουσιν
1397 4745 1539 4803 εἶναι
1566 4749 1666 4820 τὴν
1693 4767 1883 4821 μετενο

298 4844 638 4914 σωμάτωσιν.
664 4843 685 4874 ⁸
720 4842 858 4897 Καθ’
889 4842 1125 4912 ἑκάστην
1154 4841 1459 4913 παρουσίαν
1476 4842 1741 4897 ἐπιτελεῖν
1777 4860 1885 4897 σω-

258 4914 263 4919 .
300 4936 481 5006 μάτων
503 4933 741 5005 ἐσχάτην
766 4932 987 5005 πρᾶξιν,
1006 4932 1100 4986 καὶ
1126 4932 1321 5004 μηκέτι
1337 4922 1724 4989 ὑπολείπεσθαι
1743 4935 1882 5007 πρὸς

294 5029 354 5082 τὸ
397 5026 654 5099 ἀθέμιτόν
685 5044 738 5080 τι
785 5025 1012 5098 πρᾶξαι.
1070 5025 1163 5076 Δεῖ
1187 5024 1318 5096 γάρ,
1352 5027 1536 5095 φασὶν,
1582 5026 1658 5091 ὼς
1695 5026 1880 5098 προεί-
1920 5016 1929 5023 ’

297 5138 487 5192 πομεν,
522 5121 700 5174 πάντα
730 5118 753 5151 ⁵
798 5116 1080 5182 ἐλθοῦσαν,
1129 5116 1224 5169 καὶ
1272 5115 1559 5187 πράξασαν
1600 5118 1719 5172 καθ’
1748 5118 1878 5172 ’ἐκα-

254 5248 259 5253 ~
297 5230 438 5277 στον,
461 5212 557 5267 καὶ
591 5209 1073 5283 ἐλευθερωθεῖσαν,
1115 5208 1362 5265 ἀνελθεῖν
1393 5209 1529 5279 πρὸς
1552 5210 1663 5265 ἀνω
1698 5210 1875 5279 ἀγνω-

1985 3284 2184 3338 mittat.
2217 3282 2405 3349 Amen,
2440 3300 2591 3338 amen
2625 3284 2744 3340 dico
2773 3287 2891 3353 tibi,
2928 3302 3033 3341 non
3058 3289 3199 3343 σείει
3230 3290 3369 3355 inde,
3405 3291 3569 3347 donec

1987 3372 2174 3427 reddas
2198 3373 2537 3428 novissimum
2560 3374 2909 3446 quadrantem
2932 3378 2978 3434 ⁵.
3016 3376 3117 3432 Cui
3149 3379 3369 3449 quidem
3400 3382 3570 3438 inter-

1984 3463 2263 3532 pretanda:
2318 3464 2592 3534 parabolae
2640 3464 2884 3522 fabulam
2934 3468 3233 3537 quamdam
3270 3473 3571 3527 commenti

1985 3563 2153 3620 sunt;
2198 3562 2254 3611 et
2294 3554 2669 3612 adversarium
2712 3558 2867 3614 illum
2911 3576 3083 3615 unum
3130 3576 3256 3618 esse
3286 3577 3352 3618 ex
3381 3563 3570 3620 mundi

1985 3645 2411 3703 fabricatoribus
2453 3649 2660 3719 angelis
2700 3658 2915 3719 putant,
2962 3652 3056 3723 qui
3099 3652 3264 3724 huius
3294 3653 3374 3710 rei
3392 3669 3570 3711 .causa

1985 3738 2056 3793 sit
2085 3739 2438 3806 constitutus,
2464 3748 2524 3794 ut
2552 3742 2832 3799 oxsolutas
2848 3744 3107 3814 corporis.
3123 3745 3381 3813 vinculis,
3405 3754 3570 3820 atque

1985 3830 2115 3886 hinc
2150 3830 2450 3902 migrantes
2490 3834 2706 3890 animas
2750 3833 2817 3890 ad
2862 3834 3106 3906 iudicem
3150 3836 3387 3893 deducat
3406 3838 3569 3901 ;.,ubi

1983 3925 2226 3980 nondum
2250 3928 2432 3981 omnia
2451 3927 2778 3998 praestitisse
2798 3930 3064 3985 convicta:
3082 3945 3110 3984 a
3129 3931 3380 4003 principe
3399 3931 3568 3989 minis

1946 4082 1953 4089 υ
1983 4025 2101 4073 stro
2126 4017 2438 4084 traduntur,
2483 4021 2579 4090 qui
2613 4036 2681 4076 ex
2733 4022 3051 4092 angelorum
3085 4039 3249 4094 grege
3279 4038 3423 4079 unus
3451 4024 3569 4093 opi-

1983 4109 2073 4166 ﬁci
2104 4111 2292 4165 mundi
2315 4111 2484 4181 hujus
2498 4112 2672 4181 iudici
2698 4113 2766 4168 ad
2788 4112 3223 4180 transferendae,
3253 4122 3307 4171 et
3336 4116 3392 4169 in
3415 4116 3568 4171 varia

1983 4215 2213 4271 corpora
2244 4202 2610 4271 deportandas
2633 4203 2846 4259 animas
2870 4218 3094 4274 operam
3128 4219 3284 4260 suam
3308 4204 3564 4260 collocat.

1984 4290 2116 4345 Esse
2144 4305 2307 4361 porro
2327 4289 2700 4345 adversarium
2724 4291 2901 4358 illum,
2926 4308 3087 4362 quem
3107 4307 3138 4346 a
3162 4291 3393 4347 Domino
3417 4306 3569 4346 com-

1982 4389 2346 4436 memoratum
2376 4380 2430 4434 in
2462 4379 2756 4451 Evangelia
2781 4380 3047 4446 diximus,
3078 4397 3250 4438 unum
3283 4397 3350 4437 ex
3377 4380 3569 4436 mundi

1983 4473 2286 4527 artiﬁcibus
2319 4473 2526 4543 angelis
2557 4473 2777 4528 nomine
2805 4473 3064 4530 Abolum.
3108 4472 3243 4529 Nam
3287 4482 3342 4529 et
3371 4483 3565 4529 custo-

1981 4559 2125 4614 diam
2169 4576 2295 4616 esse
2338 4576 2540 4632 corpus
2589 4561 3056 4632 interpretantur,
3105 4570 3161 4617 et
3205 4563 3568 4619 novissimum

1977 4653 2341 4723 quadrantem
2386 4653 2767 4724 migrationem
2818 4655 3155 4723 animarum,
3194 4670 3334 4726 quas
3372 4670 3565 4711 acces-

1977 4747 2229 4803 sionibus
2264 4747 2328 4801 ad
2359 4763 2595 4818 corpora
2620 4748 2860 4820 singulis
2892 4750 3116 4807 ultimas
3144 4751 3392 4806 actiones
3412 4749 3569 4805 obire

1983 4857 2205 4898 necesse
2233 4841 2325 4907 sit,
2369 4842 2579 4897 nullum
2620 4850 2681 4897 ut
2705 4842 2941 4913 amplius
2982 4843 3165 4899 scelus
3195 4857 3259 4897 ac
3297 4840 3565 4919 ﬂagitium
3600 4886 3614 4920 ι

1983 4933 2241 5004 supersit.
2290 4932 2519 5002 Oportet
2555 4933 2727 4998 enim,
2764 4939 2826 4987 ut
2856 4942 3015 4988 antea
3055 4932 3262 4989 dictum
3293 4941 3399 4999 est,
3442 4945 3568 5011 per-

1979 5033 2229 5103 vagatam
2248 5026 2455 5089 omnia,
2475 5025 2817 5095 singulisque
2841 5023 3191 5095 perfunctam
3217 5025 3482 5083 animam.
3499 5036 3567 5076 ac

1974 5119 2233 5183 solutam,
2270 5116 2457 5172 mundi
2492 5116 2843 5172 eﬁ‘ectoribus
2874 5131 2937 5171 ac
2971 5116 3245 5187 praecipuo
3274 5114 3438 5183 hujus
3464 5127 3566 5167 au-

1972 5220 2128 5266 ctore
2168 5210 2464 5280 superatis,
2514 5208 2584 5263 ad
2629 5224 2947 5280 supremum
3003 5208 3155 5264 illum
3211 5206 3567 5277 ignotumque

354 5365 544 5421 ‘FOrte
558 5366 612 5419 τί
628 5365 685 5419 δὲ
702 5364 830 5420 ἄλλο
849 5365 906 5436 ἡ.
948 5368 967 5396 ¹
990 5380 1082 5433 γρ.
1116 5363 1250 5437 πρὸς
1275 5361 1527 5416 ἐπίπολυ.
1543 5361 1605 5417 F.
1630 5364 1878 5417 ἐπίλυσιν

1981 5373 1982 5390 ‘
2009 5364 2168 5421 Deest
2188 5365 2457 5420 nonnihil.
2496 5363 2660 5420 ‘For.
2683 5366 2764 5428 εἰς
2788 5364 2987 5419 πάντα.
3035 5363 3057 5397 ⁸
3084 5361 3276 5419 Matth.
3294 5361 3561 5428 v,25.26.

366 5487 573 5559 (ὃὸ-86)
584 5487 693 5559 Kal.
711 5486 891 5559 τοῦζό
903 5486 1054 5550 ἐστι,
1068 5481 1423 5559 φασίνΝμὶἀε
1446 5481 1595 5536 Tert.
1618 5482 1654 5536 l.
1680 5482 1753 5537 De
1767 5484 1885 5537 ani-

298 5552 399 5619 ma,
425 5574 476 5611 c.
507 5552 596 5612 35.
631 5556 736 5611 Sed
764 5564 819 5610 et
840 5552 1123 5618 lrenznum,
1152 5555 1271 5609 loco
1295 5552 1477 5613 citato,
1508 5568 1575 5607 ex
1611 5567 1718 5622 quo
1747 5568 1886 5608 non-

299 5630 441 5704 nulla
456 5626 834 5704 Theodoretus
857 5625 1165 5704 transtulit;
1189 5622 1455 5704 inquibus
1472 5623 1587 5678 leve
1608 5622 1881 5704 quoddam

302 5702 437 5755 inest
467 5697 745 5758 mendum,
785 5695 932 5766 quod
983 5695 1163 5749 obiter
1211 5692 1865 5766 ag'nobis‘corri’gendum

302 5778 398 5826 cst.
436 5767 640 5823 Scribit
673 5762 840 5837 igitur
875 5766 1110 5821 lrentrus
1136 5785 1148 5818 :
1177 5764 1289 5818 Καὶ
1328 5765 1374 5815 εἰ
1424 5762 1522 5833 μὲν
1561 5762 1864 5834 πράσσεται
1929 5837 1937 5844 ⁸

1990 5483 2122 5572 Τεαέ
2154 5483 2336 5572 seek
2362 5483 2432 5537 τὰ
2459 5481 2615 5566 ita“.
2645 5485 2741 5537 καὶ
2757 5482 3560 5572 3953.992.remanere“:

1990 5551 2100 5621 ἐγὼ
2131 5554 2231 5608 οὐκ
2254 5555 2319 5608 ἂν
2343 5552 2717 5623 πιστεύσαιμι.
2754 5551 3124 5623 [gemui—vetus
3153 5551 3423 5623 Interprer
3448 5554 3562 5608 haec

1990 5625 2290 5693 posteriora
2338 5625 2412 5678 ita
2465 5625 2539 5693 uti
2579 5621 2722 5693 apud
2763 5621 3036 5678 Theodor.
3080 5621 3322 5693 exstant,
3365 5624 3562 5690 legisse

1974 5694 2207 5765 videtur.
2239 5692 2374 5765 Nam
2409 5692 2589 5765 vertit,
2611 5692 2703 5765 ego
2731 5709 3060 5765 nequaquam
3092 5693 3266 5749 credo.
3300 5692 3560 5749 Scribon-

1976 5764 2102 5820 dum
2134 5779 2261 5820 vero
2285 5764 2381 5817 οὐκ
2413 5763 2479 5822 ἂν
2506 5762 2861 5835 πιστώσαιμι,
2892 5762 3155 5835 afﬁrmare
3178 5780 3278 5818 non
3308 5765 3499 5817 ausim.
