4022 6422
283 297 412 357 373

935 292 1305 350 suvensus
1340 270 1849 371 itmnesss‘ue.
1894 289 1936 344 ι.
1978 281 2140 347 ron.
2182 286 2321 377 ιιι-ι
2343 287 2629 346 umens.
2658 286 2872 342 xxvn.

3471 293 3581 354 574

283 412 607 484 περιόντων
633 409 811 465 αὐτῶν
840 409 947 464 ὑπὸ
983 410 1191 482 Πέτρου
1223 410 1495 481 λαμϐάνει
1513 411 1613 481 τὴν
1641 408 1884 481 χειροθε-

2000 406 2167 463 adhuc
2220 407 2611 478 superstitibus
2666 403 2942 476 impositis
2983 405 3240 463 manibus
3283 407 3576 478 episcopus

288 504 428 557 οίαν
447 502 546 572 τῆς
573 501 898 572 ἐπισκοπῆς,
948 501 1043 555 καὶ
1081 503 1561 575 παραιτησάμενος
1582 505 1747 574 ῆργει
1776 502 1887 574 (λέ-

286 608 387 659 γει
412 589 521 660 γὰρ
559 590 619 643 ἐν
670 591 771 661 μιᾷ
810 589 920 643 τῶν
957 591 1287 645 Ἐπιστολῶν
1314 591 1515 646 αὐτοῦ’
1561 590 1884 663 Ἀναχωρῶν

280 680 529 748 ἄπειμι,
577 678 924 747 ἐνσταθήτω
969 683 1004 735 ὀ
1055 680 1209 748 λαὸς
1240 681 1345 737 τοῦ
1373 681 1523 737 Θεοῦ
1545 699 1557 713 ·
1586 683 1700 736 τισὶ
1728 680 1888 736 τοῦτο

292 768 715 841 συμϐουλεύων,
738 768 973 842 εὕρομεν
1005 769 1115 842 γὰρ
1135 769 1192 824 έν
1209 787 1352 825 τισιν
1374 772 1890 845 ὑπομνηματισμοῖς

285 863 463 919 τοῦτο
506 861 842 933 ἐγκείμενον)
873 901 889 925 ,
932 862 1054 933 fit-ot.
1109 861 1249 933 μετά
1290 864 1389 934 τὴν
1423 864 1531 917 τῶν
1575 865 1888 920 ἀποστόλων

287 951 551 1023 διαδοχὴν
585 951 693 1005 ὑπὸ
724 951 939 1022 Κλήτου
966 950 1062 1004 τοῦ
1094 952 1398 1006 ἐπισκόπου
1429 941 1585 1018 οὗτος
1624 955 1889 1009 καθίστα-

284 1059 413 1106 ται,
464 1042 525 1095 οὑ
574 1042 714 1096 πάνυ
770 1042 959 1111 σαφῶς
993 1041 1171 1113 ἴσμεν.
1208 1042 1355 1115 Πλὴν
1395 1043 1532 1099 ἀλλὰ
1579 1045 1674 1100 καὶ
1717 1046 1891 1110 οὕτως

288 1131 535 1200 ἠδύνατο
566 1129 648 1183 ἐτι
678 1130 981 1201 περιόντων
1020 1129 1132 1183 τῶν
1162 1131 1498 1200 ἀποστόλων,
1531 1136 1672 1206 φημὶ
1700 1135 1758 1188 δέ
1780 1134 1889 1188 τῶν

287 1220 437 1293 περὶ
476 1220 689 1295 Πέτρον
728 1220 824 1274 καὶ
865 1218 1098 1285 Παῦλον,
1146 1222 1479 1288 ἐπισκόπους
1512 1224 1705 1290 ἄλλους
1751 1225 1888 1279 καθ-

294 1310 583 1375 ίστασθαι,
613 1311 701 1365 διὰ
744 1312 805 1365 τὸ
834 1313 961 1376 τοὺς
987 1314 1321 1379 ἀποστόλους
1359 1314 1620 1379 πολλάκις
1662 1317 1756 1370 ἐπ)⁵
1792 1317 1890 1382 τὰς

290 1403 470 1467 ἄλλας
503 1402 770 1475 πατρίδας
802 1403 899 1474 τὴν
956 1404 1184 1475 πορείαν
1231 1404 1543 1460 στέλλεσθαι
1566 1406 1660 1461 διὰ
1703 1407 1763 1461 τὸ
1790 1409 1892 1480 κή-

294 1510 495 1569 ρυγμα
506 1491 600 1546 τοῦ
621 1491 879 1566 Χριστοῦ,
905 1492 981 1565 μὴ
1000 1492 1258 1547 δύνασθαι
1282 1493 1338 1548 δὲ
1356 1493 1454 1565 τὴν
1482 1494 1592 1549 τῶν
1605 1496 1891 1568 Ῥωμαίων

290 1586 460 1641 πόλιν
489 1586 618 1640 ἀνευ
650 1586 955 1639 ἐπισκόπου
992 1581 1153 1640 εἶναι.
1187 1586 1246 1639 Ὀ
1281 1586 1380 1658 μὲν
1411 1586 1518 1659 γὰρ
1543 1588 1755 1652 Παῦλος
1796 1589 1891 1643 καὶ

289 1678 397 1731 ἐπὶ
444 1676 542 1749 τὴν
600 1673 875 1731 Ἱσπανίαν
907 1675 1019 1746 (88)
1046 1675 1386 1746 ἀφικνεῖται·
1415 1677 1621 1749 Πέτρος
1661 1677 1719 1731 δὲ
1765 1678 1890 1732 πολ-

1989 513 2020 553 a
2053 497 2214 554 Petro
2241 506 2618 562 consecratus,
2652 511 2825 567 eaque
2868 494 3170 551 detrectata
3200 497 3483 567 provincia
3507 498 3576 553 ab

1987 588 2138 643 omni
2180 588 2656 645 administratione
2700 587 2978 641 vacaverit
3006 584 3105 657 (ita
3140 586 3289 643 enim
3351 586 3408 642 in
3438 603 3576 659 qua-

1988 679 2117 735 dam
2159 680 2403 751 Epistola
2438 679 2702 750 scripsit:
2741 676 2965 745 Recedo,
2990 693 3139 747 exeo,
3162 680 3320 734 instet
3349 678 3574 751 populus

1990 769 2109 838 Dei,
2141 771 2420 827 nonnullis
2448 771 2704 827 videlicet
2745 770 2851 827 hoc
2883 768 3048 826 modo
3080 771 3412 839 consulens;
3442 787 3571 827 nam

1990 864 2045 918 in
2065 861 2397 935 quibusdam
2415 861 2825 916 commentariis
2838 861 2912 915 ita
2928 860 3194 931 scriptum
3220 860 3572 930 reperimus),

1990 968 2060 1008 an
2095 953 2277 1024 potius
2306 953 2610 1009 secundum
2640 951 2916 1022 apostolos
2945 950 3014 1006 ab
3034 952 3295 1021 episeopo
3319 948 3474 1006 Cleto
3501 949 3574 1006 sit

1991 1045 2353 1107 constitutus.
2387 1042 2597 1113 liquido
2618 1058 2731 1098 non
2750 1048 2985 1099 constat.
3014 1040 3340 1113 Quanquam
3367 1042 3571 1097 velhac

1991 1135 2210 1205 quidem
2232 1138 2442 1190 ratione
2465 1140 2717 1206 poterant
2739 1132 3050 1189 virentibus
3082 1132 3262 1188 adhuc
3284 1131 3569 1202 apostolis,

1991 1224 2152 1282 Petro
2178 1225 2389 1282 scilicet
2419 1241 2483 1281 ac
2503 1222 2674 1281 Paulo
2696 1224 2941 1297 episcOpi
2958 1224 3048 1279 alii
3079 1223 3396 1295 subrogari;
3423 1222 3571 1293 quod

1991 1315 2154 1372 iidem
2185 1317 2262 1371 illi
2293 1315 2620 1387 praedicandi
2640 1316 2918 1388 Evangelii
2952 1315 3127 1387 gratia
3152 1315 3209 1369 in
3235 1314 3373 1370 alias
3402 1313 3570 1370 urbes

1992 1407 2351 1478 regionesque
2379 1406 2775 1479 profectionem
2800 1405 3165 1476 susciperent,
3178 1418 3365 1458 carere
3387 1410 3567 1457 autem

1990 1498 2249 1568 episeopo
2282 1496 2455 1552 Roma
2510 1512 2623 1551 non
2662 1502 2854 1567 posset
2883 1513 2897 1548 :
2926 1492 3196 1565 siquidem
3260 1490 3464 1546 Paulus
3514 1492 3569 1544 in

1993 1587 2312 1657 llispaniam
2375 1587 2657 1658 pervenit;
2704 1586 2901 1642 Petrus
2943 1599 3074 1640 vero
3109 1583 3347 1638 Pontum
3379 1596 3444 1637 ac
3476 1580 3568 1634 Bi-

1993 1678 2234 1748 thyniam
2259 1690 2635 1748 saepenumero
2676 1675 3009 1747 peragravit.
3050 1673 3129 1727 Ae
3161 1670 3278 1726 ﬁeri
3311 1682 3443 1725 sane
3471 1682 3570 1738 pc-

291 1768 463 1832 λάκις
488 1743 688 1821 Πόντον
718 1783 777 1819 τε
802 1765 895 1820 κα)⁸
919 1743 1176 1821 Βιθυνίαν
1206 1743 1566 1838 ἐπεσκέψατο.
1605 1768 1890 1839 Ἐνεχώρει

2000 1743 2120 1832 tuit,
2146 1776 2206 1823 ut
2233 1743 2470 1838 primum
2499 1743 2781 1822 Clemente
2819 1743 3157 1828 constituto,
3181 1775 3305 1816 cum
3340 1760 3395 1815 is
3412 1758 3569 1814 defu-

292 1861 360 1915 δὲ
391 1860 531 1932 μετὰ
566 1858 629 1912 τὸ
676 1857 1084 1930 κατασταθῆναι
1115 1859 1433 1931 Κλήμεντά,
1476 1861 1570 1915 καὶ
1618 1861 1888 1933 παραιτή-

298 1951 505 2006 σασθαι
546 1950 682 2021 (ετγε
731 1948 905 2014 οὕτως
951 1950 1202 2022 ἐπράχθη
1228 1966 1241 1981 ’
1272 1949 1591 2021 διανοοῦμαι
1631 1950 1759 2022 γὰρ,
1791 1952 1888 2023 οὐχ

292 2040 618 2115 ὁρίζομαι),
650 2039 877 2112 ὕστερον
904 2040 1042 2113 μετᾶ
1069 2043 1132 2098 τὸ
1148 2042 1592 2113 τετελευτηκέναι
1617 2045 1775 2097 Αἶνον
1797 2045 1889 2097 καὶ

299 2132 521 2203 Κλῆτον
569 2128 1072 2195 ἐπισκοπεύσαντας
1134 2131 1273 2203 πρὸς
1326 2131 1554 2187 δεκαδύο
1609 2132 1704 2205 έτη
1755 2133 1886 2204 (89),

299 2224 535 2279 ικαστον
563 2225 703 2298 μετά
733 2225 831 2296 τὴν
857 2222 952 2278 τοῦ
995 2224 1152 2295 ἁγίου
1188 2225 1397 2296 Πέτρου
1433 2225 1526 2280 καὶ
1554 2226 1768 2280 Παύλου
1796 2244 1888 2280 τε-

302 2315 524 2389 λευτὴν,
552 2314 651 2388 τὴν
679 2318 769 2370 ἐπὶ
793 2316 872 2387 τῷ
888 2315 1175 2386 δωδεκάτῳ
1194 2316 1303 2370 ἔτει
1333 2316 1443 2387 (90)
1465 2316 1717 2388 Νέρωνος
1744 2334 1890 2387 γενο-

305 2407 503 2479 μένην,
559 2407 747 2461 τοῦτον
804 2404 960 2473 αὖθις
1015 2408 1426 2485 ἀναγκασθῆναι
1455 2409 1551 2481 τὴν
1585 2410 1890 2482 ἐπισκοπὴν

305 2501 821 2571 κατασχεῖν.⁸’ομως
852 2501 885 2571 ἡ
917 2497 1026 2555 τῶν
1055 2501 1112 2554 ἐν
1140 2499 1323 2571 Ῥώμη
1343 2501 1655 2555 ἐπισκόπων
1674 2501 1891 2573 διαδοχὴ

302 2590 517 2661 ταύτην
567 2590 681 2661 ἔχει
730 2590 829 2662 τὴν
885 2590 1204 2646 ἀκολουθίαν
1229 2608 1241 2621 ’
1290 2592 1494 2664 Πέτρος
1532 2594 1626 2646 καὶ
1658 2593 1888 2659 Παῦλος,

306 2683 467 2745 Δῖνος
493 2683 587 2736 κιιι)⁸
618 2681 850 2753 Κλῆτος,
876 2682 1127 2755 Κλήμης,
1153 2684 1483 2755 Εὐάρεστος,
1525 2682 1890 2756 Ἀλέξανδρος,

307 2769 534 2835 Ξύστος,
566 2770 919 2843 Τελέσφορος,
947 2773 1277 2845 Εὐάρεστος,
1314 2774 1545 2844 ’Υγῖ-ιος,
1569 2775 1719 2840 Πῖος,
1755 2775 1896 2828 Ἀνί-

309 2877 497 2932 κητος,
532 2863 560 2915 ό
585 2861 697 2915 ἄνω
730 2864 789 2916 ἐν
819 2861 898 2934 τῷ
926 2863 1210 2935 καταλόγῳ
1247 2864 1739 2937 προδεδηλωμένος.

382 2952 495 3004 Καὶ
530 2954 608 3024 μή
652 2970 737 3017 τις
782 2952 1060 3027 θαυμάσῃ,
1097 2956 1179 3008 ὅτι
1210 2955 1417 3010 ἕκαστα
1447 2955 1620 3021 οὕτως
1651 2957 1895 3028 ἀκριϐῶς

1989 1870 2139 1931 geret
2168 1860 2236 1931 (si
2263 1863 2335 1914 ita
2352 1866 2536 1913 tamen
2567 1857 2822 1928 contigit,
2859 1854 3007 1926 quod
3037 1868 3141 1925 ego
3171 1848 3447 1923 opinando
3469 1863 3570 1920 po-

1990 1954 2097 2010 tius
2132 1967 2294 2024 quam
2349 1950 2716 2007 asseverando
2749 1946 3030 2018 dixerim),
3063 1951 3255 2015 postea
3284 1942 3422 1998 Lino
3448 1941 3571 1998 Cle-

1988 2055 2152 2114 toque
2206 2042 2459 2106 mortuis,
2491 2041 2583 2111 qui
2615 2054 2694 2096 xu
2724 2053 2994 2094 annorum
3040 2036 3221 2107 spatio
3256 2033 3569 2106 singulatim

1990 2135 2363 2205 episcopatum
2417 2134 2798 2198 obtinuerunt,
2837 2138 2961 2199 post
2993 2127 3369 2197 apostolorum
3426 2122 3571 2180 Petri

1992 2224 2254 2293 Paulique
2279 2237 2491 2289 necem,
2519 2237 2642 2292 quae
2675 2220 2730 2275 in
2776 2234 2979 2274 annum
3012 2216 3247 2273 Neronis
3273 2231 3345 2270 xu
3381 2214 3572 2269 incur-

1990 2317 2082 2379 rit,
2111 2323 2224 2368 tum
2254 2312 2472 2368 demum
2497 2311 2874 2383 pontificatum
2904 2323 3193 2379 capessere
3223 2307 3295 2363 sit
3323 2310 3566 2362 coactus.

1993 2406 2099 2461 Sed
2126 2415 2407 2475 utcunque
2430 2419 2551 2460 sese
2586 2419 2674 2459 res
2718 2400 2990 2467 habuerit,
3030 2399 3401 2455 Romanorum
3436 2410 3571 2465 pon-

1993 2489 2198 2551 tiﬁcum
2227 2496 2332 2550 ista
2357 2494 2635 2550 successio
2657 2501 2743 2549 est
2771 2511 2783 2546 :
2813 2492 3010 2548 Petrus
3042 2499 3096 2547 et
3136 2490 3363 2552 Paulus,
3399 2488 3571 2544 Linus

1994 2604 2058 2645 ac
2084 2588 2290 2655 Cletus,
2323 2588 2600 2654 Clemens,
2634 2586 2940 2649 Evaristus,
2984 2584 3312 2648 Alexander,
3339 2579 3569 2654 Xystus,

1995 2682 2382 2752 TeleSphorus,
2440 2680 2744 2745 Evaristus,
2796 2677 3063 2750 Hyginus,
3099 2674 3252 2743 Pius,
3285 2674 3570 2736 Anicetus,

1993 2776 2086 2848 qui
2114 2783 2198 2832 est
2223 2791 2251 2828 a
2274 2790 2358 2831 me
2396 2775 2558 2845 paulo
2589 2783 2717 2828 ante
2752 2773 2805 2827 in
2841 2771 3226 2842 episcoporum
3255 2767 3446 2823 ordine
3479 2783 3575 2821 nu-

1996 2874 2259 2923 meratus.

2065 2956 2141 3011 Ac
2191 2956 2394 3011 nemini
2446 2970 2579 3010 sane
2629 2954 2829 3008 mirum
2884 2952 3163 3016 videatur,
3204 2966 3303 3006 cur
3359 2947 3574 3020 singula

311 3041 620 3115 διήλθομεν.
648 3044 748 3098 Διά
794 3045 903 3117 γὰρ
926 3046 1131 3101 τούτων
1163 3048 1251 3101 ἀεὶ
1290 3047 1353 3100 τὸ
1399 3048 1567 3118 σαφὲς
1596 3048 1893 3105 δείκνυται.

2000 3057 2150 3105 tanta
2182 3064 2309 3104 cum
2341 3046 2620 3117 diligentia
2673 3043 3067 3115 percurrerim.
3134 3040 3241 3097 Per
3278 3040 3394 3094 haec
3428 3039 3574 3094 enim

325 3134 419 3187 Ἐν
469 3133 678 3205 χρόνοις
727 3134 922 3200 τοίνυν,
965 3134 1041 3200 ῶς
1102 3134 1310 3207 ἔφημεν
1352 3136 1486 3209 (91),
1534 3138 1896 3210 ’Λνικήτου,ή

313 3224 770 3297 προδεδηλωμένη
799 3226 1148 3298 Μαρκελλίνα
1170 3228 1228 3281 ὲν
1272 3228 1461 3300 Ῥώμῃ
1483 3230 1770 3303 γενομένη,
1798 3230 1899 3302 τὴν

313 3319 495 3391 λύμην
510 3319 608 3389 τῆς
624 3321 929 3391 Καρποκρᾶ
952 3319 1301 3383 διδασκαλίας
1319 3318 1647 3391 ὲξεμέσασα,
1672 3320 1899 3386 πολλοὺς

314 3410 428 3464 τῶν
454 3412 630 3463 ἐκεῖσε
658 3410 1019 3482 λυμηναμένη
1048 3411 1313 3480 ἠφάνισε·
1363 3411 1458 3465 καὶ
1488 3411 1640 3467 ἐνθεν
1672 3413 1900 3481 γέγονεν

320 3506 355 3573 ἡ
387 3502 531 3573 ἀρχὴ
559 3502 880 3555 Γνωστικῶν
914 3499 1020 3554 τῶν
1052 3500 1421 3573 καλουμένων.
1451 3502 1674 3574 Ἔχουσι
1716 3504 1772 3557 δὲ
1819 3506 1899 3558 εί-

319 3593 485 3656 κόνας
507 3591 890 3663 ἐνζωγράφους
906 3592 994 3646 διὰ
1014 3592 1338 3665 χρωμάτων,
1359 3593 1506 3656 τινὲς
1532 3594 1589 3647 δὲ
1607 3596 1671 3647 ὲκ
1699 3594 1901 3667 χρυσοῦ

324 3687 420 3740 καὶ
476 3685 741 3757 ἀργύρου,
789 3685 883 3738 καὶ
913 3683 1116 3756 λοιπῆς
1141 3684 1293 3755 ὕλης,
1338 3685 1494 3739 ἅτινα
1531 3685 1905 3758 ἐκτυπὼματά

323 3796 491 3848 φασιν
514 3773 653 3831 εἶναι
684 3776 777 3831 τοῦ
822 3777 996 3847 Ἰησοῦ
1018 3793 1031 3808 ·
1073 3776 1368 3831 καὶταῦτα
1408 3777 1512 3830 ὑπὸ
1549 3777 1772 3832 Ποντίου
1807 3780 1906 3833 Πι-

322 3872 485 3926 λάτου
508 3869 833 3942 γεγενῆσθαι
861 3867 929 3922 τὰ
968 3866 1338 3939 ὲκτυπὼματα
1369 3869 1462 3923 τοῦ
1497 3871 1660 3924 αὑτοῦ
1704 3870 1901 3943 Ἰησοῦ,

324 3964 415 4015 ὅτε
457 3961 708 4032 ὲνεδήμει
738 3958 817 4032 τῷ
855 3956 963 4013 τῶν
1002 3957 1308 4032 ἀνθρώπων
1339 3962 1505 4031 γένει.
1558 3964 1813 4036 Κρύὸδην
1847 3966 1907 4021 δὲ

326 4053 426 4116 τὰς
450 4052 705 4116 τοιαύτας
737 4050 950 4122 ἔχουσιν
980 4051 1194 4118 εἰκόνας
1219 4069 1233 4083 ο
1269 4054 1362 4106 καὶ
1382 4053 1690 4124 φιλοσόφων
1721 4055 1904 4123 τινῶν,

330 4143 645 4216 Πυθαγόρου
666 4185 682 4210 ,
716 4144 811 4197 καὶ
858 4142 1167 4211 Πλάτωνος,
1205 4144 1301 4199 καὶ
1345 4145 1770 4217 Ἀριστοτέλους,
1813 4151 1908 4204 καὶ

329 4234 531 4289 λοιπῶν
551 4251 566 4266 ο
595 4232 718 4304 μεθ’
748 4226 823 4289 ὧν
867 4235 1170 4305 φιλοσόφων
1214 4235 1310 4288 καὶ
1341 4234 1507 4307 ἕτερα
1536 4236 1907 4309 ἐκτυπώματα

403 4350 515 4421 (88)
536 4349 612 4421 ΑὈ
637 4347 895 4420 μὲνγὰρ
917 4350 1160 4421 Πρῦλος
1182 4348 1401 4421 καὶέπὶ
1425 4350 1545 4417 τὴν,
1576 4351 1903 4408 Ἱσπανίαν.

1998 3147 2261 3215 perpetuo
2322 3147 2472 3194 certa
2543 3143 2910 3206 accurataque
2986 3134 3193 3190 veritas
3245 3131 3574 3187 ostenditur.

1999 3232 2366 3301 Quamobrem
2408 3229 2622 3285 Aniceti
2682 3235 2742 3283 ut
2785 3226 2993 3281 dictum
3026 3231 3110 3281 est
3139 3232 3402 3292 tempore,
3435 3221 3577 3275 Mar-

2000 3325 2195 3380 cellina
2220 3322 2382 3393 108
2410 3321 2503 3376 illa
2533 3317 2762 3372 Romam
2792 3316 3039 3383 veniens,
3059 3323 3113 3371 et
3135 3312 3580 3383 Carpocratiana:

2001 3418 2263 3471 doctrina:
2320 3414 2473 3468 virus
2531 3425 2813 3470 evomens.
2844 3408 3047 3463 multos
3090 3405 3201 3461 illic
3251 3417 3438 3459 errore
3477 3417 3580 3457 suo

2002 3509 2326 3578 depravatos
2348 3505 2403 3560 in
2437 3503 2664 3559 exitium
2693 3500 2945 3572 impulit;
2981 3497 3326 3567 indidemque
3360 3494 3581 3550 Gnosti-

2003 3615 2191 3655 corum
2221 3608 2347 3654 sunt
2373 3595 2608 3652 excitata
2652 3589 2971 3665 primordia.
3002 3588 3213 3645 Habent
3256 3601 3420 3658 porro
3444 3586 3581 3640 Car-

2004 3689 2311 3762 pocratiani
2358 3686 2603 3763 depictas
2661 3681 2937 3738 coloribus
2997 3677 3298 3751 imagines,
3356 3674 3578 3746 quidam

2004 3782 2169 3839 etiam
2209 3793 2405 3835 aureas
2451 3785 2546 3832 aut
2594 3780 2901 3847 argenteas,
2962 3771 3049 3827 vel
3096 3785 3165 3826 ex
3207 3767 3315 3825 alia
3350 3766 3580 3821 materia

2007 3875 2200 3937 tactas,
2225 3886 2364 3943 quas
2384 3885 2504 3925 esse
2532 3867 2663 3924 Jesu
2689 3864 2891 3938 elligies
2921 3862 3193 3919 aﬂirmant
3218 3883 3232 3917 :
3255 3858 3583 3928 easdemque

2006 3982 2039 4021 a
2073 3965 2272 4020 Pontio
2333 3961 2511 4017 Pilato
2544 3958 2613 4015 ad
2644 3957 2849 4013 Christi
2905 3951 3324 4011 similitudinem
3375 3950 3582 4007 ellictas

2007 4070 2115 4127 quo
2144 4063 2387 4124 tempore
2436 4053 2577 4107 inter
2607 4048 2859 4106 homines
2889 4045 3135 4127 degebat.
3169 4040 3277 4097 Sed
3315 4042 3583 4113 ejusmodi

2008 4125 2275 4217 imagines
2307 4143 2552 4199 occultas
2573 4142 2798 4207 habent,
2818 4156 3034 4196 necnon
3137 4137 3582 4209 philosophorum

2007 4235 2391 4310 quorumdam.
2444 4243 2507 4289 ut
2545 4232 2892 4305 Pythagorae,
2935 4229 3204 4296 Platonis,
3245 4226 3582 4291 Aristotelis,

2011 4349 2293 4424 πρόληψινΔ
2312 4352 2672 4424 usurparunt.
2701 4345 2886 4424 Quare
2920 4343 3058 4424 nihil
3097 4342 3167 4399 ab
3197 4341 3307 4424 illis
3328 4338 3586 4424 commis-

330 4410 803 4493 Quod'jact'uruni
852 4410 913 4475 se
959 4410 1224 4476 Romanis
1275 4410 1692 4476 denuntiaverat
1729 4421 1901 4493 (Rom.
1935 4429 1982 4485 D
2011 4410 2297 4493 sumiani
2345 4410 2548 4473 nec-ah
2592 4410 2860 4493 Josepho.
2897 4415 3030 4493 qui,
3078 4413 3232 4484 quod
3268 4410 3583 4492 Judaaorum

332 4490 1154 4630 "283)8)’.Ezwxmzetio’m~tac
1169 4560 1321 4629 πρὸς
1341 4560 1599 4615 δεκαδύο
1622 4562 1750 4631 ἐτη.
1783 4560 1910 4617 Sin-

333 4630 448 4701 guli
470 4630 752 4701 nimirum,
770 4644 896 4701 nam
922 4644 989 4685 ex
1020 4630 1238 4701 Eusebii
1266 4633 1529 4687 Chronico
1557 4633 1670 4688 haec
1692 4642 1909 4687 mutua-

336 4699 535 4825 :usuest
567 4699 926 4771 Epiphanius,
954 4700 1045 4755 ubi
1079 4699 1216 4756 Lino
1243 4718 1318 4769 ιιι,
1353 4702 1508 4758 Cleto
1541 4718 1617 4757 xu
1649 4703 1779 4757 anni
1806 4703 1907 4758 tri-

376 4787 407 4824 u
454 4786 485 4823 ιι
516 4786 599 4825 ur.

412 4838 523 4913 (Q0)
567 4838 688 4913 Τὴν
699 4837 1153 4913 ἐπὶ-δωδεκάτῳ
1172 4839 1497 4913 eret._Passl
1524 4849 1655 4899 sunt
1673 4843 1905 4913 apostoli

339 4908 663 4984 L.'Fon_teio
690 4908 998 4984 Capitone.
1032 4918 1088 4965 et
1126 4909 1274 4984 Julio
1316 4910 1463 4969 Rufo
1508 4928 1655 4969 coss.
1705 4908 1907 4984 quibus

340 4994 488 5033 anno
514 4978 745 5035 Neronis
771 4995 868 5033 xm
904 4978 1079 5044 linito,
1108 4982 1275 5044 coepit
1303 4998 1396 5036 xw
1422 4998 1488 5038 ex
1525 4991 1651 5039 ante
1671 4978 1816 5039 di'em
1844 4999 1906 5039 ιιι

340 5047 461 5104 Eid.
494 5049 717 5104 Octobr.
746 5046 845 5103 llic
875 5059 958 5105 est
991 5067 1169 5107 annus
1192 5046 1444 5108 Julianus
1469 5069 1604 5118 cxn,
1637 5069 1760 5110 serae
1782 5055 1910 5110 Dio-

340 5120 585 5202 nysiange
617 5118 1338 5202 navit._Quamobrem_non
1370 5138 1515 5202 anno
1545 5139 1620 5179 m
1648 5122 1905 5187 Neronis,

342 5188 404 5244 ut
447 5190 669 5260 scripsit
716 5188 1076 5260 Epiphanius,
1131 5191 1227 5246 sed
1279 5208 1379 5247 xm
1427 5193 1646 5251 labente
1703 5196 1906 5250 mortui

339 5267 473 5313 sunt
501 5259 755 5336 apostoli.
780 5259 959 5336 Quem
980 5261 1122 5336 dum
1141 5260 1433 5336 Eusebius,
1465 5273 1521 5319 ct
1542 5262 1906 5336 Hieronymus

340 5344 433 5413 ξιτ
452 5330 748 5413 appellant,
774 5330 991 5413 frustra
1004 5332 1066 5413 in.
1088 5331 1387 5389 Annalibus
1413 5330 1902 5413 reprehenduntur.

342 5398 551 5454 Etenim
586 5400 834 5473 plerique
864 5402 1303 5473 Christianorum
1342 5398 1675 5473 scriptorum
1727 5406 1906 5461 solent

340 5470 809 5550 annorumuinitia
841 5486 874 5550 ιι
908 5486 1078 5527 verno
1118 5470 1480 5543 Paschalique
1516 5489 1726 5550 mense,
1758 5475 1904 5550 quod

344 5540 865 5621 ecclesiasticianni
902 5550 1069 5613 caput
1094 5552 1200 5604 est.
1235 5540 1557 5621 arces—sere;
1580 5546 1645 5621 _id
1682 5540 1836 5616 quod
1874 5561 1904 5599 a

346 5609 478 5688 viris
520 5609 752 5688 eruditis
782 5609 1147 5688 observatum
1174 5622 1283 5688 est.
1338 5613 1473 5668 Cum
1495 5609 1904 5688 igitur'annus

345 5675 579 5761 ζέει-θεῆς)
610 5694 702 5733 xrv
733 5681 1250 5761 emperitpctobris
1286 5700 1339 5738 τι
1380 5685 1507 5738 anni
1537 5675 1739 5740 iuliani
1767 5701 1901 5749 cxn,

348 5746 614 5806 Eusebius
636 5764 697 5805 ac
720 5746 913 5823 reliqui
934 5751 1054 5823 ejus
1078 5752 1293 5809 initium
1318 5770 1346 5808 ιι
1373 5769 1557 5813 mense
1579 5771 1745 5813 verno
1770 5746 1908 5812 κατᾶ

2012 4479 2263 4548 historici
2297 4479 3148 4553 consueverant,’impefatOruin
3181 4498 3245 4538 ac
3274 4479 3584 4553 principum

2010 4576 2207 4625 annos,
2243 4558 2464 4615 aNisan
2499 4550 2712 4628 saepius
2732 4550 3026 4628 inchoasse
3060 4550 3306 4628 creditur
3327 4569 3342 4619 ;
3364 4550 3582 4628 _t_an_tetsi

2009 4619 2220 4702 aliquot
2252 4631 2321 4685 ab
2354 4630 2447 4684 illo
2472 4619 2757 4702 mensibus
2793 4622 3211 4702 iniissen_t._Qti_o
3239 4624 3331 4677 illa
3355 4619 3584 4702 _Taimu-

2009 4693 2277 4757 distarum
2335 4698 2522 4769 regula
2581 4699 2818 4769 pertinet
2865 4716 2879 4752 :
2932 4696 3027 4769 qui
3061 4693 3411 4769 in__Tractatu
3442 4699 3584 4769 ,πῖθι-ι

2007 4781 2183 4836 naxon,
2223 4787 2343 4841 cap.
2378 4760 2429 4832 ιῖ
2475 4760 2640 4841 [οὶ.’5
2678 4766 2910 4841 docent,
2953 4760 3343 4841 lsraelitarunr
3363 4760 3582 4841 quidem

2006 4832 2198 4912 regum
2253 4832 2428 4895 annos
2476 4840 2545 4912 ab
2585 4838 2944 4912 antecedenie
2971 4836 3141 4912 Nisan
3176 4832 3347 4912 ordiri
3346 4850 3386 4912 ’Ξ
3430 4837 3585 4912 exte—

2007 4899 2200 4967 rarum
2248 4926 2382 4966 vero
2424 4910 2757 4981 principum,
2801 4923 2833 4981 ρ
2882 4905 3051 4961 Tisri.
3094 4900 3415 4981 Quodetli:
3442 4899 3577 4954 lssa-
3617 4900 3625 4911 '

2009 4984 2143 5037 char
2178 4981 2282 5036 ben
2332 4971 2641 5035 Mordechzii
2680 4971 2752 5032 in
2791 4977 3051 5047 Computo
3089 4974 3335 5047 tradidit.
3374 4971 3582 5047 Quasn-

2009 5054 2199 5127 obrcm
2253 5051 2301 5105 si
2355 5053 2479 5122 quis
2512 5046 2745 5127 exempli
2788 5038 2956 5103 causa
3003 5046 3193 5127 ultimo
3235 5043 3324 5097 die
3374 5038 3583 5127 mensis
3662 5086 3677 5097 ,

2008 5123 2155 5177 Adar
2194 5110 2420 5188 regnuiu
2454 5110 2703 5188 capessa’t
2726 5157 2741 5182 ,
2793 5117 3044 5188 sequenti
3096 5112 3267 5169 Nisnn
3304 5110 3582 5188 secundus

2010 5192 2224 5261 imperii
2262 5187 2414 5246 illius
2450 5187 2627 5244 annus
2681 5187 3077 5268 numerabitur.
3119 5191 3237 5268 ἐπὶ
3268 5187 3584 5268 τιν-ηοξ

2007 5251 2125 5322 ruri:
2152 5270 2292 5349 ε]Ὀέ
2325 5270 2446 5321 nm
2477 5269 2629 5349 2313.11
2804 5257 2929 5340 Dies
2955 5272 3091 5337 unus
3112 5251 3461 5349 itilﬁniiti‘tz‘ti
3487 5264 3582 5349 ptio

2009 5320 2149 5405 anno
2182 5320 2493 5400 'reputotur.
2518 5329 2677 5394 Quod
2702 5329 2749 5383 si
2783 5329 2908 5398 quis
2940 5327 3118 5396 primo
3151 5320 3239 5405 die
3269 5320 3437 5402 Nisan
3470 5334 3583 5376 em-

2008 5403 2173 5472 perit,
2206 5416 2315 5457 non
2346 5411 2473 5457 ante
2510 5405 2812 5456 vertentem
2845 5411 3049 5452 annum
3086 5403 3299 5467 primus
3330 5406 3450 5463 ejus
3481 5405 3583 5444 an-

2008 5488 2114 5528 nus
2144 5473 2479 5529 censebitur.

2081 5543 2194 5615 (9i)
2239 5544 2342 5596 Ἑν
2366 5543 2607 5611 χρόνοις
2630 5541 2857 5615 τοίνυν,
2875 5536 2957 5602 ὼς
2998 5531 3354 5615 germen-Es
3380 5530 3584 5615 Iren’a‘zo

2008 5601 2120 5741 ita.
2147 5601 2280 5677 haec,
2306 5601 2472 5684 quam
2494 5601 2786 5681 sequentia
2810 5601 3092 5664 mutuatus
3112 5601 3226 5664 est.
3258 5603 3391 5660 Vide
3416 5618 3466 5658 c.
3490 5601 3583 5664 24,

2029 5701 2044 5739 ι
2089 5725 2100 5738 .
2133 5700 2169 5741 ι.

2029 5700 2100 5741 ιι).
2133 5700 2169 5741 Ι.
