4022 6424
543 296 650 359 575

1978 316 2036 371 S.
2076 314 2416 371 EPll‘llANll

3689 312 3782 372 576

542 416 913 490 aliorumque,
969 421 1172 493 quibus
1200 435 1295 477 eas
1327 438 1466 493 quas
1503 424 1614 478 dixi
1670 425 1875 481 Christi
1924 426 2109 498 eﬂigiet

2228 430 2321 484 τοῦ
2357 431 2532 502 Ἰησοῦ
2564 432 2828 495 τιθέασιν,
2865 430 3179 502 ίδρύσαντές
3209 446 3267 482 τε
3301 426 3678 500 προσκυνοῦσι,
3703 429 3784 483 καὶ

542 510 800 574 miscent,
832 519 888 567 et
908 522 1124 569 erectas
1146 512 1310 567 simul
1339 516 1799 582 omncs'adorant,
1831 518 1897 572 ad
1924 534 2127 589 easque

543 601 827 670 gentilium
861 603 1001 659 ritus
1043 604 1355 659 instituunt.
1383 605 1680 665 Collocatis
1729 609 1873 665 enim
1902 610 2126 666 simula-

542 692 658 746 cris
678 693 816 761 istis,
857 710 979 765 quae
1000 710 1031 749 a
1052 697 1345 766 gentilibus
1375 697 1489 753 ﬁeri
1518 700 1694 754 solent
1714 699 1972 772 deinceps
2002 719 2127 774 per-

543 780 756 837 ﬁciunt.
775 783 1008 851 Quinam
1037 801 1168 841 vero
1198 795 1326 842 sunt
1353 789 1584 859 gentiles
1609 790 1646 843 ii
1679 791 1818 845 ritus
1841 792 1931 845 alii
1960 808 2124 862 quam

542 875 833 940 sacriﬁcia,
869 885 1174 949 caeteraque
1197 880 1417 951 generis
1442 881 1728 951 ejusdem?
1745 883 2014 939 Caeterum
2051 886 2125 941 ita

542 964 647 1019 soli
676 965 871 1022 anima:
910 969 1144 1025 salutem
1177 971 1505 1037 attribuunt,
1536 981 1597 1029 ut
1628 974 1697 1029 ab
1728 975 1849 1045 ejus
1880 990 2125 1031 commu-

540 1052 707 1109 nione
729 1069 959 1127 corpora
990 1061 1327 1131 segreganda
1358 1071 1568 1132 putent.

615 1142 728 1200 νη.
767 1146 1136 1213 Quamobrem
1169 1153 1319 1206 omni
1359 1154 1481 1210 illos
1511 1170 1615 1226 ope
1645 1158 1932 1228 prolligare
1970 1174 2124 1230 opor-

536 1241 618 1291 tet
669 1246 836 1309 atque
862 1250 1131 1298 evertere.
1166 1242 1357 1316 Neque
1386 1247 1532 1302 enim
1559 1258 1646 1303 est
1673 1250 1819 1319 quod
1848 1251 2122 1320 ejusmodi

536 1327 794 1400 dogmata
820 1335 1124 1402 praesertim
1164 1350 1194 1390 a
1231 1337 1325 1392 tali
1360 1338 1662 1409 impostore
1695 1340 1940 1413 profecta
1970 1343 2124 1413 quis-

536 1420 685 1489 piam
734 1432 1072 1484 contemnat.
1121 1427 1339 1485 Atenim
1372 1429 1521 1485 dicat
1557 1433 1756 1502 aliquis
1792 1451 1805 1489 :
1840 1431 2032 1488 Nonne
2058 1449 2121 1490 ea

537 1515 669 1563 sunt
695 1515 919 1583 cognitu
950 1514 1158 1580 facilia,
1193 1519 1547 1592 stultitiaque
1591 1523 1948 1593 plenissima?
1981 1524 2121 1581 Sunt

536 1613 602 1655 ea
632 1617 783 1658 vero.
818 1602 924 1661 Sed
954 1606 1339 1680 insipientibus
1356 1614 1519 1668 stulta
1544 1614 1862 1685 plerumque
1890 1630 2119 1686 persua-

536 1688 758 1762 dentur,
787 1695 896 1751 imo
925 1698 1091 1753 etiam
1114 1701 1413 1770 prudentes
1440 1718 1471 1758 a
1502 1712 1651 1760 recta
1679 1706 1765 1760 via
1803 1705 2116 1774 deﬂectunt,

2228 522 2295 576 τὰ
2326 524 2436 576 τῶν
2488 522 2657 577 ἐθνῶν
2707 521 3016 576 ἐπιτελοῦσι
3048 521 3340 592 μυστήρια.
3369 520 3665 590 Στήσαντες
3687 518 3783 590 γὰρ

2224 613 2430 677 ταύτας
2447 614 2546 678 τὰς
2568 614 2803 679 είκόνας,
2829 613 2899 667 τὰ
2930 613 3038 667 τῶν
3061 612 3230 666 ἐθνῶν
3248 611 3343 680 έθη
3366 610 3553 664 λοιπὸν
3568 609 3782 665 ποιοῦσι.

2227 707 2360 760 Τίνα
2413 706 2471 760 δέ
2519 706 2665 760 ἐστιν
2694 706 2862 760 ἐθνῶν
2888 698 2986 777 ιθη
3013 705 3124 759 ἀλλ’
3157 705 3193 776 ἢ
3223 705 3405 758 θυσίαι
3439 703 3622 758 καὶτὰ
3646 702 3786 768 ἄλλας

2193 822 2200 827 ·
2226 799 2421 871 Ψυχῆς
2444 798 2500 852 δὲ
2537 796 2675 853 εἶναι
2708 798 2877 871 μόνης
2931 796 3207 867 σωτηρίαν
3239 797 3395 867 φασὶ,
3424 796 3520 850 καὶ
3549 794 3789 865 cultam-

2230 892 2436 963 μάτων.

2295 1127 2488 1217 22.Δεῖ
2537 1161 2715 1217 τοίνυν
2764 1159 2986 1224 τούτους
3030 1157 3358 1230 ἀνατρέπειν
3390 1152 3559 1207 παντὶ
3606 1149 3785 1206 σθένει.

2222 1255 2427 1327 Μηδεὶς
2455 1255 2563 1327 γὰρ
2593 1253 2998 1325 καταφρονείτω
3021 1250 3206 1319 λόγου,
3246 1248 3340 1304 καὶ
3377 1244 3611 1317 μάλιστα
3653 1241 3787 1314 παρὰ

2222 1344 2552 1409 ἁπατεῶνος.
2596 1343 2734 1397 Ἀλλ’
2763 1343 2905 1396 εἴποι
2948 1358 3030 1404 τις
3064 1334 3276 1436 ᾶν⁶ΔΟίι
3295 1336 3406 1406 γάρ
3438 1333 3788 1436 ἐστι

2222 1438 2315 1491 καὶ
2376 1438 2588 1509 μωρίας
2627 1424 2877 1508 ἔμπλὲας
2924 1432 3061 1485 Ἀλλ’
3108 1428 3220 1483 ἐσθ’
3250 1428 3358 1497 ὅπη
3392 1425 3490 1478 καὶ
3524 1424 3593 1478 τὰ
3646 1424 3788 1493 μωρὰ

2222 1528 2399 1583 πείθει
2431 1530 2554 1590 τοὺς
2580 1528 2839 1599 ἄφρονας,
2871 1520 2963 1581 καὶ
2985 1524 3111 1586 τοὺς
3132 1519 3390 1583 συνετοὺς
3414 1515 3786 1591 παρεκτρέπε,

2220 1619 2316 1673 ἐὰν
2357 1620 2433 1689 μὴ
2490 1620 2638 1691 παρῇ
2690 1618 2719 1670 ό
2755 1615 2881 1680 νοῦς
2935 1616 2965 1668 ὁ
3013 1616 3072 1668 ἐν
3106 1615 3174 1685 τῇ
3210 1611 3441 1683 ἀληθείᾳ
3477 1608 3785 1679 ἠσκημένος.

2233 1711 2594 1782 Ἐμπεσόντος
2627 1710 2805 1764 τοίνυν
2833 1708 2928 1762 καὶ
2947 1705 3139 1760 τούτου
3171 1703 3267 1758 τοῦ
3297 1702 3545 1775 Σίμωνος
3586 1698 3785 1771 μαγείᾳ,

535 1780 644 1837 nisi
673 1786 842 1840 animi
893 1789 977 1844 vis
1005 1790 1148 1847 adsit
1171 1794 1416 1855 veritatis
1457 1797 1849 1854 exercitatione
1885 1800 2109 1855 ﬁrmata.

2221 1772 2317 1856 καί
2345 1803 2455 1857 τῶν
2481 1772 2704 1866 λοιπῶν,
2733 1804 2845 1866 τοῖς
2865 1801 3047 1863 αὐτοῖς
3072 1798 3167 1854 καὶ
3187 1772 3379 1851 τοῦτον
3408 1790 3784 1863 ἀνατρέψομεν.

533 1871 901 1943 Quamobrem
947 1894 1072 1937 cum
1108 1883 1165 1939 in
1208 1883 1397 1941 iisdem
1429 1887 1630 1958 quibus
1659 1886 1851 1945 Simon
1893 1890 2109 1963 magicis

2221 1894 2285 1947 Εί
2313 1894 2421 1967 γὰρ
2445 1895 2478 1963 ὴ
2515 1893 2792 1962 ἄγνωστος
2816 1893 2910 1946 καὶ
2941 1889 3385 1961 ἀκατονόμαστος
3405 1886 3632 1956 δύναμις
3655 1880 3786 1935 αἰτία

534 1971 748 2030 artibus
778 1984 1083 2051 caeteraque
1115 1997 1366 2038 errorum
1408 1983 1539 2041 faece
1560 1984 1869 2057 Carpocras
1894 1988 2109 2057 Intereat,

2219 1988 2443 2057 γέγονεν
2486 1986 2663 2040 ἄλλων
2718 1984 2988 2053 ἀγγέλων,
3038 1982 3072 2054 ἢ
3124 1982 3272 2035 ἐστιν
3316 1980 3517 2048 ἄγνοια
3559 1973 3702 2047 παρὰ
3726 1975 3785 2043 τῇ

531 2076 636 2117 nos
664 2067 885 2122 easdem
919 2085 1136 2143 quoque
1172 2074 1240 2129 ad
1290 2076 1440 2130 illum
1489 2079 1842 2135 evertendum
1879 2082 2109 2139 rationes

2220 2079 2384 2149 αὐτῇ,
2432 2078 2679 2131 τουτέστι
2731 2075 2809 2147 τῷ
2861 2076 3030 2147 πατρὶ
3073 2074 3184 2129 τῶν
3225 2073 3386 2137 ὅλων,
3428 2072 3479 2124 εί
3508 2067 3583 2141 μὴ
3624 2063 3785 2138 nam

531 2148 937 2241 adhibebimus.
975 2157 1033 2214 Si
1066 2162 1211 2217 enim
1262 2163 1447 2234 ignota
1497 2165 1588 2220 illa
1615 2182 1716 2223 nec
1752 2169 1865 2225 ullo
1895 2172 2109 2227 nomine

2222 2148 2475 2238 μέλλουσι
2525 2167 2784 2241 πράττειν
2824 2168 2872 2219 οἱ
2921 2165 3012 2219 ὑπ’
3046 2164 3211 2219 αὐτοῦ
3268 2158 3784 2229 κατασκευαζόμενοι

529 2240 873 2310 explicabilis
921 2250 1099 2308 virtus
1140 2253 1372 2310 aliorum
1407 2257 1726 2327 angelorum
1778 2275 1942 2315 causa
1991 2261 2113 2329 fuit,

525 2330 615 2384 vel
638 2334 687 2388 ei
722 2337 1013 2396 tribuenda
1049 2344 1154 2399 erit
1218 2346 1550 2415 ignorantia,
1590 2350 1685 2419 qui
1722 2350 1795 2407 sit
1828 2353 2115 2409 universo-

525 2434 649 2476 rum
705 2441 955 2496 parens:
993 2434 1140 2503 quod
1208 2435 1433 2510 ignarus
1488 2454 1680 2495 eorum
1749 2442 1936 2510 fuerit,
1995 2459 2118 2516 qua:

524 2510 691 2570 iidem
743 2518 821 2573 illi
858 2537 1000 2593 quos
1057 2525 1382 2599 designabat
1429 2531 1678 2588 ell‘ecturi
1724 2543 1882 2589 erant
1914 2510 2112 2606 ang-eli,

524 2621 706 2678 neque
739 2611 889 2668 istud
935 2616 1179 2683 sciverit,
1212 2620 1594 2681 subtracturos
1620 2640 1680 2682 se
1708 2626 1778 2682 ab
1807 2627 1928 2697 ejus
1961 2638 2115 2699 pote-

460 2755 469 2762 _
526 2704 691 2764 state,
722 2715 895 2774 eaque
917 2720 1039 2776 quae
1079 2708 1302 2767 minime
1346 2713 1509 2768 vellet
1555 2714 1849 2786 aliquando
1878 2732 2000 2773 esse
2031 2718 2113 2774 fa-

524 2796 750 2858 cturos,
800 2796 884 2850 vel
935 2798 1015 2853 sic
1056 2800 1178 2858 illos
1220 2817 1543 2872 procreasse
1589 2807 1858 2866 dicendus
1900 2818 2007 2879 est,
2052 2820 2112 2867 ut

525 2881 674 2957 quod
698 2882 813 2940 lieri
836 2888 1005 2944 nollet
1039 2890 1281 2949 facturos
1310 2911 1435 2952 esse
1456 2908 1833 2971 cognosceret,
1867 2902 2011 2972 quod
2042 2904 2111 2960 iis

524 2974 846 3032 auctoribus
900 2988 1090 3048 postea
1144 2982 1216 3038 sit
1267 2995 1560 3043 secutum:
1595 2998 1760 3061 atque
1808 2991 1913 3047 hoc
1949 2995 2110 3050 modo

523 3059 792 3132 quidquid
828 3068 948 3122 ausi
978 3068 1068 3124 isti
1101 3068 1326 3137 iuerint.
1369 3074 1473 3131 hoc
1510 3078 1603 3133 ille
1628 3059 1682 3135 et
1706 3080 1937 3138 scientia
1967 3084 2106 3156 ipsa,

2218 2256 2458 2326 ἄγγελοι,
2489 2257 2783 2327 ἀγνοήσας,
2817 2257 2898 2309 ὅτι
2926 2256 3345 2327 ἀποστήσονται,
3365 2253 3465 2308 καὶ
3491 2251 3783 2322 ποιήσουσιν

2216 2348 2252 2405 ἃ
2281 2350 2356 2422 μὴ
2388 2350 2551 2414 αὐτὸς
2576 2349 2855 2403 ἐϐούλετο·
2888 2349 2923 2420 ἢ
2956 2347 3182 2427 τούτους
3239 2348 3339 2418 μὲν
3372 2345 3619 2414 ἐποίησε,
3637 2338 3782 2410 γινώ-

2217 2457 2361 2494 σκων
2376 2443 2458 2494 ὅτι
2474 2444 2791 2512 ποιήσουσιν
2811 2440 2839 2494 ὃ
2854 2440 3014 2505 αὐτὸς
3029 2441 3090 2494 ού
3111 2436 3380 2510 βούλεται,
3396 2436 3526 2508 παρ’
3543 2432 3711 2489 αὐτῶν
3732 2430 3781 2484 δὲ

2215 2534 2427 2603 γέγονε,
2467 2535 2561 2588 καὶ
2590 2534 2741 2587 ἔσται
2771 2533 2860 2587 διὰ
2900 2535 3000 2604 τῆς
3029 2530 3283 2600 γνώσεως
3311 2530 3408 2584 καὶ
3433 2526 3673 2589 εὐδοκίας
3696 2524 3777 2578 αὖε

2213 2625 2310 2689 τὸς
2364 2626 2599 2697 ποιήσας
2630 2625 2666 2680 ἃ.
2724 2627 2927 2679 ἐκεῖνος
2947 2622 3366 2697 τετολμήκασιν.
3398 2622 3464 2676 El
3499 2617 3690 2681 τοίνυν,
3715 2614 3781 2678 ὡς

2215 2719 2496 2789 προεῖπον,
2524 2719 2789 2786 ἐγίνωσκε
2826 2719 2925 2789 μὲν
2960 2717 2995 2773 ἃ
3028 2719 3369 2790 ποιήσουσιν,
3405 2716 3508 2768 οὐκ
3544 2709 3779 2782 ὴϐούλετο

2212 2808 2269 2863 δὲ
2323 2810 2409 2863 ἵνα
2461 2812 2748 2882 ποιήσωσι,
2799 2811 2906 2864 τίνι
2948 2810 3026 2882 τῷ
3073 2810 3219 2881 λόγῳ
3265 2809 3396 2870 τοὺς
3437 2803 3780 2875 πεποιηκότας

2212 2901 2404 2967 ἐποίει,
2435 2903 2516 2965 είς
2555 2903 2617 2954 τὸ
2650 2903 2911 2973 πράττειν
2947 2902 2982 2957 ἃ
3030 2903 3104 2975 μὴ
3130 2903 3291 2966 αὐτὸς
3332 2899 3618 2965 ἐϐούλετο;
3651 2897 3707 2949 El
3730 2894 3779 2947 δὲ

2211 2978 2375 3057 αὐτὸς
2412 2995 2510 3064 μὲν
2536 2995 2804 3066 πεποίηκε
2837 2997 2963 3059 τοὺς
2994 2995 3282 3065 ἀγγέλους,
3310 2995 3404 3047 ἵνα
3438 2993 3696 3063 ποιήσωσι
3720 2986 3778 3042 τὰ

2213 3083 2306 3136 ὑπ’
2357 3084 2538 3137 αὐτῶν
2582 3086 2866 3157 γινόμενα,
2915 3087 3024 3159 ἄρα
3069 3085 3229 3157 ἤθελε
3257 3084 3539 3152 γενέσθαι,
3574 3082 3651 3136 διὸ
3700 3079 3779 3133 καὶ

520 3159 578 3205 et
614 3156 979 3216 consensione
1028 3175 1093 3219 ac
1124 3164 1404 3223 voluntate
1436 3169 1687 3238 perfecit.
1735 3171 1903 3245 Igitur
1942 3178 2010 3242 si,
2049 3188 2108 3233 ut

2212 3177 2340 3240 τοὺς
2368 3179 2738 3250 πεποιηκότας
2771 3156 3284 3250 προκατεσκεύασεν
3333 3176 3624 3246 ἀγγέλους·
3682 3170 3778 3225 Καὶ
3832 3241 3835 3245 ,

523 3250 652 3299 ante
676 3244 885 3303 dictum
935 3258 1041 3317 est,
1085 3269 1148 3310 ea
1186 3266 1396 3326 nosset,
1427 3275 1549 3332 quae
1597 3244 1795 3319 facturi
1827 3277 1985 3323 erant
2012 3286 2107 3325 an-

519 3336 648 3404 geli,
700 3353 879 3410 neque
920 3349 1100 3399 tamen
1136 3344 1254 3401 licri
1283 3348 1465 3415 vellet,
1509 3367 1611 3406 cur
1637 3369 1733 3410 eos
1757 3355 1850 3426 qui
1892 3358 1947 3413 id
1980 3375 2108 3430 ege-

518 3427 632 3482 rint
665 3432 923 3499 produxit
953 3450 1216 3507 unquam,
1252 3447 1313 3493 ut
1352 3457 1475 3511 quae
1503 3445 1672 3500 nollet
1711 3447 1977 3504 auderent
2005 3427 2107 3505 ali-

519 3520 742 3589 quando
776 3521 1002 3581 facere?
1037 3526 1133 3582 Sin
1166 3532 1389 3602 angelos
1446 3533 1563 3604 ipse
1606 3537 1874 3604 condidit,
1907 3556 2005 3596 sua
2046 3550 2104 3597 ut

522 3610 614 3664 illa
635 3626 797 3681 opera
819 3623 1165 3687 praestarent,
1202 3619 1318 3674 ﬁeri
1348 3623 1515 3694 igitur
1528 3639 1590 3680 ea
1617 3641 1726 3682 non
1760 3629 1954 3696 noluit,
1978 3646 2103 3686 cum

524 3700 686 3775 109
715 3702 837 3759 ideo
874 3715 1131 3765 auctores
1175 3709 1393 3767 illorum
1438 3716 1660 3786 angelos
1686 3728 1811 3772 ante
1831 3721 2106 3789 produxe-

518 3792 610 3846 rit.
632 3792 786 3858 Quod
826 3793 872 3851 si
903 3797 970 3851 ad
996 3799 1188 3855 eadem
1232 3802 1324 3858 illa
1368 3804 1615 3861 facienda
1647 3812 1928 3881 produxit,
1956 3826 2009 3869 et
2040 3831 2105 3871 ea

518 3891 702 3940 tamen
727 3900 849 3956 quae
873 3887 1015 3944 facta
1043 3901 1171 3946 sunt
1197 3893 1500 3964 interdixit,
1522 3899 1804 3958 enimvero
1824 3905 2104 3963 calumnia

517 3987 584 4030 ac
620 3976 827 4031 malitia
855 3980 1103 4050 quaedam
1135 3982 1473 4042 intercessit.
1511 3986 1569 4043 Si
1603 4006 1733 4046 vero
1763 3993 1872 4050 illis
1901 4003 1960 4049 ut
1991 3994 2105 4051 elli-

514 4072 705 4119 ccrent
735 4069 1008 4136 permisit,
1036 4085 1157 4141 qua:
1177 4087 1309 4128 vero
1337 4085 1466 4131 sunt
1495 4078 1647 4135 abiis
1679 4081 1892 4148 euecta,
1923 4084 2102 4140 homi-

513 4171 616 4212 nes
654 4159 906 4216 videlicet
933 4169 989 4216 et
1016 4163 1247 4232 animas,
1267 4176 1481 4237 praeter
1506 4170 1739 4226 istorum
1762 4175 2101 4231 voluntatem

513 4248 582 4302 ad
627 4263 749 4306 sese
797 4267 1094 4324 aggregare
1140 4255 1348 4325 studet,
1401 4260 1505 4315 hoc
1553 4262 1774 4318 demum
1827 4266 1964 4320 nihil
1998 4270 2103 4322 erit

514 4340 684 4404 aliud,
719 4343 827 4397 nisi
875 4347 1150 4415 cupiditas
1190 4350 1439 4420 quaedam
1465 4354 1769 4410 alienorum
1816 4367 2100 4430 appetens,

2213 3268 2262 3318 εἰ
2294 3266 2824 3337 ,προκατεσκεύασεν
2871 3269 2952 3331 είς
2996 3267 3058 3321 τὸ
3103 3267 3344 3337 ποιῆσαι,
3374 3261 3702 3337 ἀπαγορεύει
3729 3260 3778 3312 δὲ

2212 3357 2281 3410 τὰ
2315 3359 2405 3411 ὑπ’
2440 3360 2617 3413 αὐτῶν
2637 3359 2925 3431 γενόμενα,
2955 3358 3291 3429 συκοφαντία
3329 3357 3402 3411 ἂν
3424 3358 3509 3427 είη
3537 3358 3595 3409 ἐν
3623 3353 3774 3426 μέσῳ.

2213 3450 2276 3502 Εἰ
2327 3451 2384 3504 δὲ
2414 3451 2709 3525 συνεχώρει
2738 3454 2836 3523 μὲν
2862 3451 2956 3506 τοῦ
2989 3455 3164 3505 ποιεῖν
3210 3451 3436 3515 αὐτοὺς,
3468 3448 3703 3520 βούλεται
3727 3443 3776 3498 δὲ

2211 3540 2281 3595 τὰ
2319 3542 2413 3596 ὑπ’
2467 3544 2647 3598 αὐτῶν
2683 3545 2970 3615 γενόμενα,
3022 3544 3297 3598 τουτέστιν
3332 3543 3654 3615 ἀνθρώπους
3695 3540 3776 3594 καὶ

2211 3634 2410 3707 ψυχὰς,
2468 3636 2630 3690 πάλιν
2676 3636 2813 3709 πρὸς
2858 3635 3050 3690 ἑαυτὸν
3082 3633 3491 3704 ἀναλαμϐάνειν
3531 3628 3777 3702 παρὰτὴν

2211 3729 2416 3782 τούτων
2445 3727 2699 3805 βούλησιν
2718 3746 2732 3760 ο
2769 3730 2879 3800 ἄρα
2911 3729 3064 3782 ἔσται
3106 3727 3390 3793 πλεονεξία
3416 3729 3474 3781 ἐν
3506 3726 3667 3799 μέσῳ,
3694 3722 3776 3775 καὶ

2211 3820 2360 3874 οὐδὲν
2399 3820 2611 3892 ἓτερον,
2665 3814 3066 3893 ἁρπαζομένων
3107 3821 3218 3874 τῶν
3264 3821 3369 3873 ὑπὸ
3413 3820 3524 3873 τῶν
3552 3815 3775 3885 ἀγγέλων

2158 3902 2163 3905 ’
2210 3909 2515 3982 ἀνθρώπων
2548 3911 2654 3965 ὑπὸ
2682 3912 2775 3964 τοῦ
2817 3911 2929 3965 ἄνω
2960 3912 3110 3984 παρὰ
3155 3911 3256 3983 τὴν
3287 3909 3497 3966 τούτων
3521 3909 3772 3981 βούλησιν.

2223 4001 2385 4055 Ἀλλὰ
2408 4003 2502 4056 καὶ
2530 4002 2789 4075 ἁδράνεια
2815 4002 2900 4075 εἴη
2922 4019 2935 4032 ·
2965 4004 3178 4074 ἐπειδὴ,
3214 4006 3289 4075 μὴ
3309 4004 3477 4069 αὐτὸς
3506 4002 3775 4071 δυνάμενος

2212 4090 2407 4145 ἑαυτοῦ
2421 4095 2611 4160 ποιεῖν,
2626 4091 2863 4166 ἁρπάζει
2873 4093 2941 4148 τὰ
2959 4094 3063 4147 ὑπὸ
3077 4094 3187 4147 τῶν
3200 4095 3291 4147 ὑπ’
3306 4093 3475 4149 αὐτοῦ
3489 4091 3772 4163 γενομένων
3879 4088 3886 4097 ”

2200 4184 2496 4256 γενόμενα.
2518 4186 2628 4239 Καὶ
2655 4186 2806 4240 ἔσται
2828 4180 3204 4259 λοιπὺνμῦθος
3217 4186 3311 4241 καὶ
3334 4185 3663 4285 μωρολογία,
3678 4178 3771 4285 τῶν

2214 4278 2314 4348 μὲν
2348 4277 2499 4331 κάτω
2550 4278 2833 4349 δυνάμεων
2884 4279 3190 4351 ὑπερϐῆναι
3223 4279 3352 4341 τοὺς
3385 4281 3445 4332 ἐν
3472 4276 3638 4348 μέσῳ,
3663 4276 3772 4331 τοὺς

2211 4368 2269 4423 δὲ
2306 4369 2366 4421 ἐν
2421 4368 2571 4439 μέσῳ
2614 4369 2976 4442 τιμωρεῖσθαι
3019 4371 3228 4433 αἰτίους
3276 4368 3439 4431 ὄντας
3466 4365 3576 4419 τῶν
3603 4362 3769 4417 κὰτω’

514 4449 639 4493 cum
673 4435 922 4492 homines
957 4440 1026 4493 ab
1057 4441 1268 4511 angelis
1301 4441 1464 4497 elIicti
1501 4444 1696 4501 iisdem
1742 4448 1879 4518 ipsis
1912 4447 2101 4507 invitis

2210 4457 2305 4511 καὶ
2334 4435 2462 4521 τοῦς
2511 4435 2833 4531 κάτω-ὑπὲρ
2864 4458 2993 4522 τοὺς
3037 4458 3236 4529 μέσους
3265 4455 3404 4544 πρὸς
3431 4454 3524 4544 τον
3545 4452 3653 4544 ἄνω

512 4540 827 4596 asupremo
884 4529 977 4585 illo
1024 4531 1368 4588 dominatore
1415 4535 1727 4605 rapiuntur.
1781 4542 1897 4597 lmo
1937 4545 2102 4599 etiam

2210 4547 2419 4613 ζεσθαι,
2460 4547 2555 4601 καὶ
2585 4529 3022 4618 ἐλευθεροῦσθαι,
3072 4545 3218 4615 λέγω
3246 4544 3312 4616 δὴ
3341 4541 3445 4606 τὰς
3469 4537 3644 4612 ψυχὰς
3675 4531 3769 4587 τῶν

514 4618 910 4676 imbecillitatis
963 4623 1108 4678 istud
1141 4627 1267 4691 erit,
1320 4641 1447 4680 cum
1478 4628 1595 4697 ipse
1642 4631 1749 4686 sibi
1779 4634 1961 4689 moliri
2002 4652 2099 4691 nec

513 4717 701 4781 queat,
730 4726 853 4782 qua:
892 4724 1019 4768 sunt
1039 4715 1108 4770 ab
1142 4715 1210 4770 iis
1242 4715 1385 4772 facta
1415 4734 1650 4790 quorum
1677 4730 1763 4778 est
1786 4733 1981 4781 auctor
2007 4741 2105 4799 per

511 4805 622 4861 vim
641 4818 706 4859 ac
733 4806 1047 4862 violentiam
1078 4809 1315 4869 auferre.
1341 4812 1463 4880 Quo
1484 4815 1544 4871 ﬁt
1575 4825 1635 4871 ut
1668 4819 1735 4873 ad
1760 4820 1922 4877 inane
1951 4838 2103 4879 com-

511 4905 755 4951 mentum
792 4912 857 4953 ac
908 4898 1147 4959 fabulam
1179 4908 1296 4959 tota
1323 4905 1543 4963 illorum
1585 4909 1837 4966 doctrina
1866 4915 2098 4983 recidat,

510 5003 635 5058 quae
662 4989 766 5044 hoc
798 5001 1044 5061 asserat;
1082 4996 1299 5059 tametsi
1354 4998 1556 5055 intimae
1610 5003 1847 5059 virtutes
1888 5008 2101 5063 medio-

509 5083 698 5142 cribus
720 5082 1064 5156 subjaceant,
1101 5102 1133 5144 a
1162 5089 1534 5154 mediocribus
1566 5100 1748 5151 tamen
1769 5135 1785 5162 ,
1820 5112 1942 5168 quae
1979 5100 2102 5158 illa-

585 5238 807 5317 (92)_01':_
828 5243 941 5317 γὰρ
962 5243 1237 5311 δύναται,
1263 5245 1302 5301 ἃ
1330 5247 1586 5317 ἐκεῖνος.
1611 5250 1816 5310 Deesse
1845 5257 2099 5313 nonnihil

512 5304 679 5388 hujus
697 5310 809 5388 loci
837 5304 1138 5388 integritati
1166 5304 1442 5388 suspicor.
1475 5304 1586 5375 Αιῆ
1613 5304 2098 5385 Ιιᾶιᾶἶυῖ

512 5378 736 5459 scripsit
770 5378 1135 5459 Epiphanius
1162 5389 1237 5459 Ού
1266 5378 1374 5459 γὰρ
1405 5389 1629 5446 δύναται
1656 5378 1857 5457 ποὶεἰν,
1887 5378 1923 5454 ἆ
1951 5378 2100 5451 tigri

511 5461 603 5505 νος
627 5449 1044 5527 ἐπιποθεῖ-εἷναι
1078 5456 1248 5527 αὐτῷ.
1276 5449 1354 5512 Ὁύ
1384 5459 1608 5515 δύναται
1649 5463 1706 5516 δὲ
1733 5464 1794 5517 τὸ
1823 5449 1933 5520 πᾶν
1960 5463 2099 5522 εἶναι

512 5513 702 5604 κακον.
735 5518 855 5569 οὑδέ
886 5522 991 5604 ι’)πρ
1020 5513 1211 5604 κακῶν
1233 5530 1535 5604 γεγονέναι.
1555 5513 2101 5604 Πιιονειλᾷιι-ίῄάὶιῖμοί

513 5590 887 5669 cratianorum
939 5590 1193 5660 dogmata
1229 5590 1256 5651 ι’
1284 5590 1553 5665 alterum,
1603 5603 1894 5669 mundum,
1939 5590 2098 5662 crea-

512 5660 712 5745 ﬁtsque
768 5670 1102 5745 reslom‘nes
1136 5680 1244 5745 non
1296 5682 1326 5721 a
1387 5660 1549 5745 bono
1579 5670 1673 5745 illo
1728 5660 2098 5745 supreu‘toque

516 5717 661 5787 lleo,
697 5723 790 5779 scd
830 5725 900 5781 ab
938 5717 1547 5811 inferioribusﬂang'cli's

2204 4641 2265 4692 ἐν
2288 4639 2415 4711 τῇδε
2451 4641 2519 4710 τῇ
2540 4638 2737 4693 κτίσει.
2788 4639 2887 4710 Είη
2930 4638 2975 4691 δ’
3007 4636 3074 4692 ἃν
3105 4639 3135 4691 ό
3166 4637 3265 4708 μὲν
3300 4635 3415 4689 ἄνω
3449 4632 3525 4704 μὴ
3546 4624 3769 4697 δυνηθεὶς

2206 4733 2434 4803 ποιῆσαι
2477 4731 2712 4802 ἀσθενὴς
2759 4729 3100 4812 κρινόμενος,
3137 4730 3188 4782 οἱ
3236 4728 3294 4782 δὲ
3319 4722 3600 4780 ὑπἀὐτοῦ
3636 4715 3768 4790 γενό-

2206 4822 2683 4895 μενοιιδυνάμενοι
2748 4811 2973 4893 ποιῆσαι
3003 4822 3041 4877 ἃ
3077 4822 3241 4884 αὐτὸς
3263 4821 3363 4892 μὲν
3404 4819 3507 4872 οὐκ
3541 4811 3768 4869 ἐϐούλετο

2204 4918 2298 4971 καὶ
2333 4919 2436 4972 οὐκ
2466 4917 2720 4988 ἠδύνατο.
2749 4918 2825 4970 Οὐ
2853 4915 2963 4988 γὰρ
2983 4913 3269 4969 δύναταιᾶ
3288 4915 3496 4976 ἐκεῖνος
3524 4908 3631 4982 (92)
3660 4907 3769 4959 ἐπι-

2202 5009 2379 5076 ποθεῖ,
2410 5006 2550 5064 εἶναι
2578 5008 2727 5080 αὑτῷ
2755 5008 2945 5073 κακὸν,
2980 5007 3101 5061 οὐδὲ
3125 5005 3232 5059 ὑπὸ
3258 5004 3445 5060 κακῶν
3486 4999 3763 5072 γεγονέναι.

2199 5105 2265 5163 Εἰ
2320 5103 2430 5175 γὰρ
2486 5098 2555 5174 ἦν
2610 5101 2800 5168 κακὸν,
2854 5101 3022 5173 ἐχρῆν
3071 5098 3424 5154 ἀπόλλυσθαι.
3460 5096 3525 5150 Εἰ
3557 5093 3612 5146 δὲ
3641 5089 3764 5149 ὅλως

2201 5250 2459 5323 alterum,
2483 5258 2539 5313 in
2562 5258 2833 5314 malorum
2861 5272 3063 5329 genere
3082 5257 3304 5329 censeri
3323 5257 3613 5329 mundum,
3630 5263 3762 5321 quae-

2200 5345 2309 5400 que
2335 5330 2540 5384 mundo
2572 5326 2929 5384 continentur
2950 5329 3231 5400 universa.
3261 5327 3564 5400 Utrumque
3583 5326 3757 5400 dogma

2199 5394 2543 5470 Epiphanius
2589 5400 2897 5469 impugnat.
2917 5468 2929 5478 _
2948 5398 3195 5478 Primum
3227 5399 3445 5470 quidem
3463 5394 3491 5464 ;’
3515 5394 3756 5478 (μιαί-οξ

2198 5468 2266 5551 eo
2307 5468 2683 5551 consequens
2731 5479 2855 5532 est,
2915 5468 3335 5551 imbecilliorem
3388 5469 3754 5551 gangelishggif

2198 5538 2394 5620 Reum.
2424 5538 2676 5620 alterum
2696 5555 2863 5620 _vero,
2895 5540 3045 5620 quod
3072 5555 3197 5595 cum
3236 5555 3363 5611 pars
3393 5540 3570 5620 aliqua
3598 5538 3752 5620 tollitis

2202 5609 2593 5666 Universitatis
2628 5605 2863 5685 salutem
2893 5605 3160 5685 obtineat,
3199 5605 3311 5668 non
3343 5605 3512 5685 possit
3538 5621 3570 5661 ι
3597 5605 3751 5660 bono‘

2200 5695 2322 5736 rum
2358 5696 2559 5753 genere
2593 5682 2812 5752 penitus
2847 5680 3086 5738 excludi.
