4022 6436
230 345 329 401 577

814 341 1190 398 ADVERSUS
1232 341 1576 397 ILERESES
1615 342 1742 398 LIB.
1786 345 1796 399 Ι

1901 345 2035 401 ΤΟΜ.
2078 344 2230 402 ΙΙ.’--
2259 347 2534 405 ιιιΕιιΕδ.
2574 349 2814 406 XXVIII.

3385 344 3494 413 378

228 465 387 536 μέρος
413 480 467 516 τι
492 461 582 517 τοῦ
602 461 764 534 ἔργου
798 460 1052 526 σώζεται,
1072 458 1259 514 οὐκέτι
1286 460 1349 513 τὸ
1377 459 1538 531 έργον
1570 459 1793 529 φαῦλον,

1901 479 2021 517 rum
2058 479 2241 519 causze
2269 462 2419 529 sunt,
2456 480 2648 536 pmnas
2677 468 2882 539 expeti,
2918 468 3248 541 inlimasque
3284 471 3494 527 medio-

226 555 319 609 κᾶν
366 571 426 607 τε
482 553 639 625 μέρος
688 552 853 607 αὑτοῦ
883 553 1188 623 σωζόμενον
1228 552 1558 624 εὑρίσκοιτο,
1599 551 1721 606 οὔτε
1751 554 1801 605 οἱ

224 647 544 716 ποιήσαντες
571 646 766 714 φαῦλοι
812 646 904 700 τδν
951 644 1261 717 σωζόμενον
1282 646 1699 716 τεχνησάμενοι.
1737 647 1802 700 Et

223 740 272 793 δὲ
296 739 433 803 ὅλως
467 740 529 806 ἐξ
564 738 811 808 ἀγγέλων
851 740 884 809 ἡ
929 737 1099 809 ψυχὴ,
1159 738 1256 793 καὶ
1283 738 1492 792 ἄνωθεν
1535 737 1802 809 λαμϐάνει

223 831 442 901 δύναμιν
473 831 815 902 παραχθεὶσα
837 849 851 863 ο
875 830 986 902 ἄρα
1022 847 1087 900 γε
1109 832 1158 885 οί
1182 830 1405 899 ἄγγελοι
1437 830 1599 884 πλέον
1629 847 1793 900 σωτη-

223 923 336 995 ρίας
365 921 668 989 τεύξονται,
718 923 802 976 ὅτι
845 924 880 993 ἡ
915 922 1010 976 ἀπ’
1044 921 1225 975 αὐτῶν
1247 920 1395 992 ψυχὴ
1427 919 1679 985 σώζεται,
1706 922 1801 975 καὶ

223 1009 430 1077 φαύλων
459 1005 615 1065 οὖσα.
653 1008 976 1083 Σωζομένης
1009 1011 1067 1065 δὲ
1107 1012 1302 1081 αὐτῆς,
1351 1012 1537 1064 οὐκέτι
1595 1010 1799 1081 φαῦλος

222 1100 333 1154 οὔτε
396 1102 537 1174 αὑτὴ
570 1102 778 1175 ἡψυχὴ
825 1106 859 1173 ὴ
908 1102 1175 1175 γενομένη
1222 1103 1330 1157 ὑπὸ
1375 1102 1483 1157 τῶν
1524 1103 1795 1173 ἀγγέλων,

222 1191 331 1244 οὑτε
365 1193 416 1246 οἱ
450 1192 694 1263 ἄγγελοι,
720 1194 779 1260 ἐξ
805 1188 879 1247 ὧν
910 1194 1050 1267 αὑτὴ
1080 1197 1113 1266 ἠ
1144 1194 1292 1265 ψυχὴ
1323 1194 1579 1267 ὑπάρχει.

1908 556 2095 611 cribus
2130 559 2405 628 superatis
2458 559 2525 613 ad
2570 575 2886 630 supremum
2935 564 3180 617 omnium
3213 571 3491 618 auctorem

1908 650 2147 714 evolare,
2199 664 2266 704 ac
2295 650 2606 705 libertatem
2654 652 2958 722 consequi;
2994 653 3097 707 hoc
3130 666 3215 709 est
3247 654 3490 719 animas,

1908 756 2033 813 quae
2056 742 2109 796 in
2150 741 2254 795 hac
2290 756 2473 797 rerum
2524 742 2872 797 conditarum
2910 744 3271 800 universitate
3315 745 3495 799 conti-

1903 842 2125 889 nentur.
2156 832 2522 899 Quamobrem
2570 848 2862 903 supremus
2909 835 3021 896 ille.
3053 837 3144 906 qui
3172 852 3267 892 eas
3303 849 3496 892 crearo

1903 922 2233 992 nequiverit,
2286 921 2683 979 imbecillitatis
2721 934 3004 995 arguetur.
3033 926 3184 993 Quos
3225 928 3342 997 ipse
3360 939 3497 982 vero

1902 1013 2245 1082 produxerit,
2275 1015 2546 1083 ejusmodi
2568 1031 2693 1072 esse
2712 1018 3070 1085 videbuntur,
3090 1020 3185 1090 qui
3216 1035 3280 1075 ea
3312 1018 3494 1075 facere

1902 1104 2139 1173 possint,
2167 1119 2290 1175 quae
2314 1106 2399 1160 vel
2429 1106 2520 1161 ille
2548 1107 2803 1174 noluerit,
2832 1110 2917 1163 vel
2949 1120 3007 1164 ut
3038 1111 3277 1164 maxime
3305 1109 3490 1177 vellet,

1904 1193 2084 1252 facere
2143 1196 2295 1251 nullo
2344 1195 2507 1252 modo
2536 1199 2795 1267 potuerit.
2848 1198 3037 1269 Neque
3078 1200 3223 1254 enim
3256 1214 3539 1281 quorum~

222 1285 302 1339 ille
347 1283 627 1341 desiderio
677 1294 916 1353 tenetur,
946 1303 1010 1344 ea
1050 1289 1155 1359 ipsi
1191 1289 1334 1342 mala
1372 1302 1499 1343 esse
1534 1292 1789 1358 possunt,
1828 1287 1911 1342 vel
1946 1303 1978 1342 a
2012 1288 2172 1342 malis
2200 1288 2490 1358 producta,
2516 1305 2642 1343 nam
2668 1290 2715 1346 si
2744 1292 2885 1345 mala
2927 1299 3087 1355 sunt,
3134 1292 3312 1362 perire
3368 1292 3493 1345 fun-

222 1380 356 1435 ditus
386 1382 656 1451 oportuit.
685 1383 782 1437 Sin
804 1398 931 1453 pars
955 1391 1043 1439 est
1064 1383 1461 1453 operisaliqua
1496 1380 1789 1449 servanda,
1830 1384 2033 1437 malum
2066 1382 2244 1452 ipsum
2283 1398 2408 1440 esse
2436 1399 2543 1439 non
2577 1392 2778 1455 potest,
2815 1387 2863 1441 si
2917 1386 3005 1441 vel
3034 1385 3156 1456 cjus
3198 1386 3306 1439 ulla
3364 1399 3492 1454 pars

222 1471 359 1525 salva
389 1473 664 1542 reperitur
695 1492 710 1529 :
742 1488 919 1544 neque
946 1475 1164 1545 ipsimet
1194 1476 1435 1530 artiﬁces
1467 1474 1598 1529 mali
1627 1482 1774 1538 sunt,
1817 1475 1910 1545 qui
1931 1489 2055 1529 eum
2078 1475 2172 1545 qui
2205 1476 2511 1533 servandus
2542 1484 2627 1532 est
2659 1476 2865 1531 fuerint
2904 1477 3176 1532 fabricati.
3205 1475 3323 1530 Jam
3354 1476 3400 1530 si
3424 1476 3493 1529 ab

222 1563 417 1634 angelis
443 1565 672 1621 omnino
727 1573 1023 1637 propagata
1078 1568 1150 1622 sit
1191 1567 1396 1633 anima,
1436 1575 1601 1637 atque
1644 1567 1699 1621 in
1727 1566 1905 1620 lucem
1942 1566 2207 1636 producta
2254 1567 2361 1621 vim
2392 1569 2686 1638 quamdam
2717 1569 2939 1623 caelitus
2974 1569 3266 1638 acceperit,
3320 1566 3493 1620 multo

222 1655 377 1728 igitur
426 1660 609 1728 magis
657 1659 889 1716 salutem
945 1658 1276 1714 obtinebunt
1328 1659 1530 1732 angeli,
1556 1674 1681 1714 cum
1728 1660 1799 1714 ab
1837 1658 1972 1729 ipsis
2005 1660 2190 1714 anima
2248 1661 2414 1714 etiam
2455 1662 2616 1717 malis
2682 1673 2971 1732 procreata
3024 1671 3298 1719 servetur.
3332 1660 3495 1714 Deni-

222 1764 319 1822 que
345 1750 389 1806 si
412 1751 567 1809 salva
596 1765 720 1807 esse
740 1733 915 1821 possit
935 1749 1141 1815 anima,
1170 1765 1351 1822 neque
1379 1753 1496 1821 ipsa
1517 1750 1661 1805 mala
1706 1750 1813 1805 erit
1850 1751 1921 1806 ah
1977 1750 2187 1822 angelis
2220 1751 2530 1821 producta;
2571 1767 2751 1823 neque
2795 1754 2995 1825 angeli,
3056 1769 3087 1808 a
3135 1743 3336 1825 quibus
3380 1751 3495 1809 lucc

223 1858 387 1906 ortum
425 1845 707 1902 habuerit.

286 1946 361 1998 H'.
399 1943 578 1997 Παντὶ
611 1942 668 1995 δὲ
691 1940 769 2013 τῷ
798 1940 891 1995 τὸν
921 1941 1047 1996 νοῦν
1076 1942 1389 2015 ἐρρωμένον
1419 1944 1598 2016 ἔχοντι
1624 1943 1796 1999 ἰστέον

1980 1932 2117 1989 VIII.
2151 1932 2231 1989 Ac
2295 1933 2611 2006 quicunque
2661 1935 2820 1992 firmo
2851 1945 2907 1993 et
2950 1938 3226 1994 constanti
3257 1938 3496 2011 ~ingenio

226 2037 283 2091 ἂν
312 2036 414 2106 εἴη,
440 2038 523 2089 ὄτι
562 2035 749 2099 ἀνοίας
780 2035 900 2089 ἐστὶ
939 2035 1002 2090 τὸ
1035 2037 1143 2091 πᾶν
1174 2036 1333 2090 τοῦτο
1361 2036 1673 2108 ἀγυρτῶδες
1706 2038 1796 2107 ὲρ-

224 2130 519 2199 γαστήριον.
572 2126 1149 2200 Καταισχυνθήσονται
1192 2128 1250 2182 δὲ
1306 2124 1460 2193 αὖθις
1508 2123 1651 2183 οὗτοι
1704 2128 1799 2182 καὶ⁵

222 2220 318 2273 ἀπὸ
364 2219 469 2272 τῶν
514 2217 699 2272 αὐτῶν
745 2218 943 2288 λόγων.
998 2220 1063 2274 Et
1112 2222 1221 2293 γὰρ
1262 2219 1470 2291 Ἰησοῦς
1525 2222 1631 2293 οὑκ
1690 2220 1799 2274 ἀπὸ

224 2312 473 2384 παρθένου
520 2311 769 2383 Μαρίας,
816 2311 953 2366 ἀλλὰ
998 2313 1064 2365 ὲκ
1115 2288 1428 2384 σπέρματος
1464 2288 1663 2384 Ἰωσὴῖρ
1704 2312 1798 2365 καὶ

222 2404 308 2477 τῆς
335 2404 497 2477 αὐτῆς
537 2404 781 2477 Μαρίας,
816 2403 1050 2470 σώζεται
1086 2403 1142 2457 δὲ
1180 2396 1366 2467 οὗτοςο
1414 2403 1522 2475 ἄρα
1568 2406 1662 2457 καὶ
1696 2404 1799 2457 αὑ-

224 2499 295 2550 τοὶ
338 2497 675 2569 σωθήσονται
718 2497 768 2550 οί
813 2494 1001 2550 τοῦτον
1047 2495 1459 2567 γεγεννηκότες.
1507 2497 1619 2550 Καὶ
1668 2497 1717 2549 εί
1762 2495 1796 2568 ἠ

225 2587 393 2659 Μαρία
418 2589 510 2642 καὶ
558 2588 762 2660 Ἰωσὴφ
796 2587 903 2643 ἀπὸ
934 2586 1028 2642 τοῦ
1061 2588 1406 2661 Δημιουργοῦ
1438 2588 1794 2661 ὑπάρχουσιν,

226 2680 319 2751 ἄρα
351 2681 437 2734 τὸν
471 2679 824 2752 Δημιουργδν
853 2681 1080 2752 κτίστην
1119 2681 1346 2751 ἔφασαν,
1387 2680 1481 2735 καὶ
1522 2679 1705 2734 οὐκέτι
1739 2681 1796 2733 ὲν

227 2773 540 2843 ὑστερήματι
608 2770 761 2826 ἔσται
812 2773 841 2826 ὁ
895 2772 988 2827 τὸν
1032 2773 1229 2845 Ἰωσὴφ
1279 2772 1374 2826 καὶ
1420 2772 1521 2841 τὴν
1575 2773 1796 2844 Μαρίαν

229 2863 431 2931 ποιήσας
464 2861 521 2928 ἐξ
562 2855 641 2915 ὧν
683 2864 712 2915 ό
761 2861 970 2934 Ἰησοῦς
1015 2863 1169 2934 παρὰ
1210 2862 1305 2916 τοῦ
1349 2861 1462 2916 ἄνω
1515 2861 1795 2932 ἀγνώστου

231 2954 414 3023 [ἰατρὸς
445 2954 710 3026 ὑπάρχει.
743 2954 805 3007 Et
838 2954 897 3007 δὲ
924 2955 1021 3009 καὶ
1062 2953 1227 3017 αὐτὸς
1257 2955 1288 3007 ὁ
1324 2951 1534 3025 Ἰησοῦς
1555 2954 1665 3007 ἀπὸ
1688 2955 1797 3007 τῶν

230 3044 446 3113 ἀγγέλων
475 3044 623 3109 ἐστὶ,
649 3044 745 3098 καλ⁵
774 3046 803 3098 ὁ
839 3044 1168 3117 δημιουργὸς
1188 3044 1195 3051 ’
1212 3038 1294 3109 εἷς
1333 3045 1447 3097 ἐστι
1495 3045 1604 3098 τῶν
1632 3044 1797 3113 ἀγγέ-

232 3145 342 3191 mur
373 3139 475 3211 ἄρα
499 3156 573 3208 γε
606 3138 919 3209 ἀτοπήματι
956 3137 1034 3209 τῷ
1075 3137 1156 3191 ἐνὶ
1189 3138 1392 3202 πάντες
1434 3136 1795 3208 περιπεσοῦν-

232 3244 321 3293 ται,
346 3230 507 3302 ὁποίῳ
533 3230 640 3284 καὶ
669 3230 719 3282 οί
749 3228 970 3299 ἄγγελοι
999 3228 1456 3301 περιπεπτώκασι
1481 3248 1495 3263 ·
1528 3230 1623 3282 καὶ
1664 3228 1798 3282 ἀσύ-

1900 2027 2168 2100 praeditus
2224 2024 2330 2094 est,
2390 2028 2693 2100 intelligere
2745 2030 2893 2085 istud
2932 2029 3111 2095 debet,
3173 2031 3311 2085 nihil
3372 2049 3497 2089 esse

1902 2127 2012 2175 tota
2045 2113 2155 2173 hac
2199 2119 2592 2174 circulatorum
2627 2119 2843 2176 ofﬁcina
2891 2122 3140 2178 stultius.
3187 2125 3335 2189 Quos
3366 2125 3495 2195 qui-

1900 2211 2025 2265 dem
2063 2209 2180 2264 suis
2236 2209 2483 2281 ipsorum
2533 2212 2717 2268 verbis
2760 2212 3127 2283 ignominioso
3169 2215 3497 2273 convincere

1905 2303 2010 2358 hoc
2045 2303 2207 2356 modo
2231 2316 2549 2372 possumus.
2582 2300 2798 2357 Etenim
2830 2303 2876 2358 si
2904 2301 3067 2359 .lesus
3098 2303 3353 2361 Christus
3383 2322 3494 2362 non

1898 2394 1966 2451 de
2014 2394 2225 2465 virgine
2278 2393 2451 2449 Maria
2502 2402 2687 2461 natus,
2726 2394 2823 2450 sed
2867 2393 2935 2451 de
2985 2394 3210 2467 Josephi
3258 2400 3491 2464 semine,

1900 2488 2205 2557 eademque
2240 2484 2410 2541 Maria
2453 2496 2788 2558 propagatus
2812 2494 2919 2553 est,
2954 2498 3008 2542 et
3042 2489 3089 2543 is
3120 2490 3350 2544 salutem
3377 2489 3495 2544 adi-

1898 2579 2152 2651 piscitur,
2192 2580 2359 2635 etiam
2414 2580 2538 2634 illos
2564 2579 2657 2650 qui
2679 2580 2856 2650 ipsum
2898 2581 3189 2648 genuerint
3218 2597 3341 2635 esse
3384 2580 3496 2635 sal-

1900 2688 1996 2728 vos
2026 2679 2266 2742 oportet.
2299 2670 2401 2738 Qui
2428 2671 2474 2727 si
2518 2686 2549 2725 a
2589 2687 2805 2727 summo
2834 2672 2930 2727 illo
2961 2673 3158 2742 opifice
3190 2673 3317 2728 facti
3342 2681 3492 2740 sunt,

1896 2780 2032 2820 sane
2065 2765 2211 2819 hunc
2258 2780 2381 2819 esse
2416 2765 2733 2819 Creatorem
2770 2765 2912 2820 inter
2938 2765 3061 2821 illos
3092 2768 3372 2829 convenit,
3397 2776 3495 2823 ne-

1897 2870 2005 2925 que
2045 2856 2139 2926 qui
2191 2853 2488 2924 Josephum
2553 2853 2893 2927 Mariamque
2972 2857 3216 2913 condidit
3258 2859 3495 2916 defectui

1898 2944 2138 3015 amplius
2176 2945 2508 3013 ascribetur,
2554 2946 2714 3017 110
2735 2948 2980 3017 aquibus
3008 2947 3169 3005 Jesus
3198 2958 3354 3006 ortus
3386 2961 3492 3017 est,

1894 3037 1994 3109 qui
2030 3037 2098 3091 ab
2123 3039 2310 3110 ignoto
2374 3037 2470 3091 illo
2501 3037 2737 3093 Parente
2769 3041 3050 3111 profectus
3078 3041 3298 3101 est.Sin
3332 3042 3494 3123 Iesus

1899 3128 2065 3183 etiam
2094 3129 2164 3184 ab
2198 3130 2409 3199 angelis
2437 3137 2659 3186 creatus
2689 3139 2794 3194 est,
2823 3139 2879 3187 et
2894 3140 2979 3188 est
3007 3134 3320 3203 angelorum
3348 3151 3494 3192 unus

1899 3220 2082 3293 opifex
2110 3221 2246 3291 ipse,
2280 3222 2335 3275 in
2354 3236 2525 3275 unum
2556 3230 2611 3277 et
2643 3222 2786 3278 idem
2819 3225 3121 3283 absurdum
3153 3227 3325 3283 relabi
3368 3226 3495 3282 uni-

232 3337 395 3377 στατον
436 3297 519 3395 είη
557 3321 632 3375 ἂν
672 3320 734 3374 τὸ
763 3297 894 3391 παρ’
932 3297 1112 3375 αὑτων
1152 3320 1538 3394 δραματούργη
1548 3338 1645 3391 μα,
1703 3321 1796 3392 δη-

1901 3322 2091 3369 'versos
2114 3328 2340 3369 necesse
2366 3322 2485 3378 est;
2519 3314 2574 3368 in
2601 3315 2749 3386 quod
2775 3326 2829 3371 et
2852 3318 3029 3388 angeli
3060 3320 3278 3388 ipsimet
3303 3322 3494 3375 incur-

229 3412 454 3487 λητηρίου
497 3415 782 3488 ἔμπλεων,
835 3415 930 3468 καὶ
976 3414 1160 3486 πάσης
1207 3414 1396 3479 ίὼδους
1449 3414 1798 3479 διδασκαλίας

232 3506 650 3579 μεμεστωμένον.
700 3505 918 3577 Ταύτην
968 3504 1024 3559 δὲ
1063 3501 1219 3569 αὖθις
1251 3505 1428 3559 ὀπίσω
1478 3504 1796 3577 τρέψαντες,

228 3596 389 3671 ὥσπερ
437 3598 738 3675 δράκοντος
784 3596 1026 3669 κεφαλὴν
1070 3596 1216 3668 ξύλῳ
1270 3600 1375 3668 τῆς
1425 3596 1663 3661 πίστεως
1704 3598 1802 3651 καὶ

229 3692 311 3761 τῆς
329 3694 585 3765 ἀληθείας
612 3693 706 3745 ἐπὶ
731 3692 836 3763 γῆς
860 3691 1223 3763 λακήσαντες,
1252 3694 1373 3755 ταῖς
1402 3690 1588 3755 ἄλλαις
1620 3689 1802 3762 θηριο-

232 3785 431 3857 μόρφοις
474 3785 962 3859 προσπελάσαντες
986 3826 1001 3851 ,
1059 3785 1147 3837 ἐπ’
1189 3783 1399 3857 ὀλέθρῳ
1448 3782 1651 3837 τούτων
1704 3782 1800 3837 καὶ

230 3877 317 3931 τῶν
345 3879 604 3934 τοιούτων
635 3877 985 3952 βαδιούμεθα.

631 4087 823 4141 ΚΑΤΑ
860 4086 1368 4156 ΚΗΡῙΝΘΙΔΝΩΝ,

705 4200 869 4254 Ἤτοι
893 4199 1308 4273 Μηρινθιανῶν,

524 4312 757 4384 mea",
793 4313 834 4382 ἡ
863 4311 967 4369 καί
995 4310 1245 4381 εἰκοστὴ
1272 4310 1478 4382 ὀγδόη.

285 4425 355 4479 A‘.
385 4423 651 4499 Κήρινθος
679 4423 736 4477 δὲ
764 4420 942 4492 αὖθις,
983 4424 1077 4495 ἀφ’
1128 4417 1303 4498 οὗπερ
1350 4425 1399 4479 οί
1442 4421 1799 4495 Κηρινθιανοὶ

227 4509 503 4587 λεγόμενοι,
543 4516 655 4571 ἀπὸ
680 4514 906 4587 ταύτης
948 4515 1050 4587 τῆς
1092 4514 1393 4587 θηριώδους
1452 4514 1662 4586 σπορᾶς
1704 4513 1797 4566 τὸν

1900 3411 2115 3459 rerunt.
2168 3400 2359 3473 Neque
2390 3402 2607 3458 illorum
2649 3404 2834 3460 fabula
2861 3407 3158 3473 constabit,
3196 3408 3373 3463 letalis
3396 3424 3495 3464 cu-
3558 3466 3561 3469 _

1897 3494 2120 3566 jusdam
2158 3494 2380 3561 veneni,
2408 3508 2474 3549 ac
2506 3493 2782 3565 pestifera:
2814 3496 3083 3552 doctrinm
3126 3497 3349 3555 referta.
3384 3497 3493 3554 Sed

1900 3607 2025 3657 nos,
2057 3592 2339 3664 profligata
2389 3592 2492 3648 hac
2525 3593 2739 3662 haeresi,
2770 3603 2825 3649 et
2862 3593 2918 3649 in
2971 3592 3154 3667 fugam
3205 3610 3492 3659 conversa,

1902 3685 2129 3755 perinde
2166 3700 2231 3739 ac
2261 3686 2535 3757 serpentis
2566 3686 2745 3756 capite
2769 3687 2890 3742 ﬁdei
2920 3702 2984 3742 ac
3014 3689 3263 3744 veritatis
3294 3690 3494 3745 baculo

1896 3777 2055 3832 humi
2090 3777 2258 3843 illiso,
2290 3777 2359 3833 ad
2390 3778 2528 3832 alias
2546 3787 2919 3835 monstrorum
2960 3779 3264 3836 horrendas
3292 3780 3494 3853 eﬂigies

1903 3875 2158 3938 promoto
2183 3867 2379 3939 gradu,
2421 3868 2671 3927 funditus
2707 3885 2803 3927 eas
2839 3871 3021 3929 delere
3055 3882 3222 3946 atque
3246 3881 3494 3930 evertere

1903 3958 2247 4015 conabimur.

2213 4073 2588 4133 ADVERSUS
2645 4074 3188 4144 CERINTHIANOS,

2397 4187 2525 4245 Sive
2574 4188 2999 4255 Merinthianos,

2115 4303 2248 4371 Quae
2289 4310 2369 4359 est
2409 4303 2627 4359 heresis
2669 4303 2839 4370 VII],
2870 4303 2949 4359 vel
2984 4302 3277 4360 XXVIII.

1969 4416 2011 4471 I.
2043 4414 2302 4486 Sequitur
2329 4415 2662 4472 Cerinthus:
2686 4431 2717 4471 a
2749 4432 2860 4488 quo
2886 4415 3223 4472 Cerinthiani
3251 4417 3489 4474 haeretici

1896 4508 2275 4574 nominantur,
2305 4508 2398 4580 qui
2455 4508 2650 4564 eodem
2691 4524 2760 4564 ex
2812 4509 2988 4565 ferino
3019 4518 3142 4565 satu
3169 4520 3491 4582 procreatus

232 4603 296 4658 ίὺν
318 4607 390 4679 τῷ
426 4608 616 4680 κόσμῳ
656 4607 839 4678 φέρων
884 4607 1032 4678 ἥκει.
1077 4606 1271 4678 Σχεδὸν
1307 4606 1364 4659 δὲ
1406 4605 1559 4659 οὐδὲν
1608 4604 1795 4675 ἕτερον

1901 4599 2052 4655 virus
2090 4608 2253 4655 Suum
2293 4602 2350 4654 in
2390 4601 2580 4655 orbem
2627 4610 2897 4657 terrarum
2938 4602 3204 4673 profudit.
3236 4604 3416 4675 Atque
3446 4605 3491 4660 is

229 4699 360 4770 παρὰ
384 4702 474 4755 τὸν
513 4697 917 4773 προειρημένον
950 4701 1312 4774 Καρποκρᾶν,
1352 4700 1489 4755 ἀλλὰ
1532 4698 1603 4753 τὰ
1653 4699 1794 4754 αὐτὰ

1901 4692 2035 4747 nihil
2066 4693 2457 4764 propemodum
2487 4694 2658 4759 aliud,
2685 4710 2848 4765 quam
2876 4695 3037 4751 nobis
3059 4712 3226 4766 supra
3254 4712 3494 4752 commc-

225 4787 293 4856 τῷ
329 4791 512 4862 κόσμῳ
556 4789 827 4845 κακοποιὰ
874 4789 1142 4863 φάρμακα
1174 4791 1548 4847 ἐκσλυστάνει.
1587 4792 1669 4846 Τὰ
1701 4791 1793 4846 ῐσα

229 4877 322 4951 γὰρ
348 4880 423 4952 τῷ
453 4882 838 4955 προειρημένῳ
866 4885 946 4949 είς
972 4884 1071 4944 ,τὸν
1096 4884 1421 4956 Χριστιανὸν
1455 4886 1795 4959 συκοφαντή-

230 4983 330 5037 σας,
363 4973 635 5045 ἐξηγεῖται
661 4976 757 5028 καὶ
785 4968 941 5040 οὗτος
978 4976 1044 5030 ὲκ
1076 4976 1294 5048 Μαρίας
1322 4978 1418 5031 καὶ
1449 4977 1515 5029 ὲκ
1549 4975 1797 5050 σπέρμα-

229 5076 305 5126 τος
335 5064 528 5137 Ἰωσὴφ
550 5067 637 5120 τὸν
659 5067 896 5140 Χριστὸν
923 5069 1303 5142 γεγεννῆσθαι,
1337 5071 1432 5123 καὶ
1464 5069 1554 5123 τὸν
1591 5068 1796 5140 κόσμον

229 5154 408 5223 ὁμοίως
463 5158 568 5211 ὑπὸ
596 5159 842 5230 ἀγγέλων
875 5160 1226 5232 γεγενῆσθαι.
1274 5162 1441 5215 Οὐδὲν
1484 5161 1596 5234 γὰρ
1642 5154 1798 5223 οὗτος

231 5247 363 5317 παρὰ
395 5248 485 5303 τὸν
515 5250 728 5322 πρῶτον
760 5251 1010 5324 διήλλαξε
1054 5255 1121 5325 τῇ
1177 5253 1458 5325 εἰσαγωγῇ
1501 5254 1600 5324 τῆς
1629 5250 1796 5305 αὑτοῦ

230 5334 555 5406 διδασκαλίας
579 5343 689 5397 ἀλλ’
721 5343 754 5416 ἢ
784 5344 842 5397 ὲν
873 5343 1048 5417 τούτῳ
1081 5345 1263 5416 μόνον,
1298 5346 1356 5398 ὲν
1393 5343 1472 5415 τῷ
1502 5344 1790 5415 προσέχειν

230 5428 296 5499 τῷ
324 5430 633 5507 Ἰουδαϊσμῷ
658 5436 764 5490 ἀπὸ
791 5437 1010 5510 μέρους.
1037 5438 1241 5492 Φὰσκει
1273 5438 1330 5492 δὲ
1372 5432 1526 5503 οὗτος
1558 5437 1652 5492 τὸν
1699 5438 1789 5491 νό-

236 5534 321 5586 μον
352 5525 444 5577 καὶ
468 5525 596 5589 τοὺς
628 5530 912 5600 προφήτας
958 5529 1065 5582 ὑπὸ
1110 5529 1357 5598 ἀγγέλων
1400 5529 1667 5594 δεδόσθαι,
1696 5531 1792 5583 καὶ

233 5610 311 5666 τὸν
343 5614 605 5672 δεδωκότα
642 5619 804 5689 νόμον
843 5621 939 5674 ἕνα
975 5616 1114 5675 εἶναι
1141 5619 1251 5674 τῶν
1275 5619 1523 5690 ἀγγέλων
1555 5620 1662 5673 τῶν
1703 5619 1793 5674 τὸν

236 5703 419 5774 κόσμον
456 5712 847 5781 πεποιηκότων.
892 5711 1138 5781 Ἐγένετο
1175 5712 1231 5765 δὲ
1260 5704 1416 5775 οὗτος
1453 5713 1483 5765 ὁ
1524 5712 1794 5786 Κήρινθος

238 5792 285 5847 ἐν
308 5799 367 5870 τῇ
402 5799 553 5875 Ἀσίᾳ
590 5802 897 5876 διατρίϐων,
923 5806 1147 5860 κάκεῖσε
1181 5805 1275 5859 τοῦ
1314 5790 1665 5877 κηρύγματος
1696 5806 1793 5860 τὴν

1900 4794 2146 4842 moratus
2176 4786 2268 4842 ille
2288 4786 2595 4859 Carpocras
2627 4790 2889 4856 asseruit,
2919 4791 3224 4862 eademque
3260 4807 3386 4846 cum
3423 4808 3491 4848 eo

1898 4879 2083 4935 letalia
2140 4880 2195 4933 in
2230 4881 2498 4936 mundum
2551 4896 2761 4936 venena
2807 4884 3151 4954 pr0pagavit.
3209 4881 3489 4955 Siquidem

1896 4970 2011 5042 pari
2072 4971 2129 5025 in
2166 4970 2453 5027 Christum
2496 4972 2775 5027 calumnia
2820 4982 3031 5039 censet,
3066 4975 3214 5030 hunc
3258 4992 3288 5033 e
3320 4975 3489 5030 Maria

1895 5060 2236 5134 Josephique
2269 5064 2479 5119 semine
2537 5080 2661 5120 esse
2704 5076 3073 5137 prognatum:
3112 5067 3491 5136 mundumque

1898 5157 2153 5212 similiter
2191 5156 2259 5211 ab
2307 5157 2516 5227 angelis
2549 5154 2897 5211 fabricatum.
2932 5155 3120 5228 Neque
3153 5158 3263 5213 ulla
3302 5158 3407 5211 alia
3431 5173 3490 5213 re

1897 5247 2302 5319 discrepantem
2351 5248 2423 5303 ab
2455 5248 2550 5302 illo
2586 5248 2897 5303 doctrinam
2941 5248 3168 5316 invexit,
3204 5249 3309 5304 nisi
3339 5250 3486 5319 quod

1896 5340 2157 5397 Iudaicos
2216 5341 2382 5396 etiam
2430 5340 2573 5394 ritus
2613 5339 2868 5395 adscivit.
2922 5340 2991 5393 At
3040 5340 3181 5397 idem
3214 5340 3384 5410 legem
3423 5356 3489 5396 ac

1898 5435 2194 5507 prophetas
2224 5435 2294 5489 ab
2316 5434 2527 5506 angelis
2554 5432 2838 5505 profectos
2871 5441 3091 5503 asserit,
3123 5450 3358 5505 eumque
3392 5437 3487 5508 qui

1901 5529 2071 5599 legem
2128 5526 2316 5583 tulerit
2363 5541 2427 5581 ex
2468 5539 2660 5580 eorum
2696 5526 3016 5595 angelorum
3054 5541 3179 5583 esse
3204 5542 3487 5582 numeroa

1900 5619 2103 5690 quibus
2129 5617 2282 5674 orbis
2328 5624 2414 5673 est
2460 5616 2738 5672 conditus.
2779 5615 2952 5674 Porro
2974 5617 3393 5677 Cerinthusiste
3427 5621 3483 5675 in

1902 5714 2030 5768 Asia
2054 5721 2304 5768 versatus
2331 5711 2635 5768 doctrinam
2666 5726 2820 5768 suam
2838 5712 3085 5783 proferre
3105 5715 3268 5771 isthic
3294 5715 3479 5785 coepit.

1904 5807 2028 5874 Qui,
2088 5816 2146 5863 ut
2211 5816 2336 5863 ante
2394 5805 2654 5875 diximus,
2704 5806 2927 5862 minime
2975 5823 3002 5862 a
3032 5808 3210 5880 prima
3253 5810 3345 5864 illa
3383 5824 3478 5866 su-
3556 5852 3561 5857 .
