4022 6448
553 326 658 381 579

1963 323 2017 381 S.
2054 325 2395 382 EPIPllANll

3709 331 3799 392 380

551 455 852 512 premaque
877 440 1076 495 virtute
1107 439 1430 496 fabricatum
1457 455 1579 495 esse
1604 440 1867 495 mundum
1895 442 2130 496 censuit.

2254 443 2410 514 ὶρχὴν
2455 427 2844 514 πεποιημένος.
2881 444 3021 513 Ἤδη
3066 444 3122 498 δὲ
3168 445 3294 516 περὶ
3337 445 3528 500 τούτου
3576 447 3799 519 εἴπομεν,

557 532 695 588 Tum
741 534 815 588 ita
841 533 1029 588 docuit
1059 551 1072 586 :
1103 545 1391 602 postquam
1437 532 1528 588 ille
1561 530 1723 587 Jesus
1751 532 2005 598 adolevit,
2045 535 2137 604 qui

2254 533 2313 597 ἕως
2360 535 2452 587 καὶ
2503 527 2658 598 οὗτος
2706 537 3002 606 ἐκήρυττεν
3040 537 3140 589 οὐκ
3182 536 3291 590 ἀπὸ
3333 537 3437 608 τῆς
3483 537 3695 609 πρώτης
3723 543 3804 595 καὶ

557 641 624 680 ex
679 621 900 694 Josephi
941 623 1234 693 Marimque
1287 624 1494 680 semine
1539 631 1703 681 natus
1736 633 1844 688 est,
1898 625 1956 680 in
1996 625 2140 680 hunc

2254 625 2445 680 ίνωθεν
2475 625 2757 696 δυνάμεως
2783 627 2876 679 τὸν
2900 627 3101 697 κόσμον
3129 628 3508 698 γεγεννῆσθαι,
3541 620 3736 683 ἄνωθεν
3757 631 3806 685 δὲ

556 717 844 786 delapsum
869 732 898 770 a
929 732 1145 772 summo
1173 717 1268 771 illo
1303 715 1414 772 Deo
1433 733 1558 772 esse
1583 717 1887 778 Christum.
1923 718 2026 773 hoc
2058 726 2142 774 est

564 806 828 877 Spiritum
865 813 1140 871 sanctum,
1191 807 1460 862 columba:
1513 807 1694 877 specie
1728 807 1794 862 ad
1825 805 2139 872 Jordanem,

561 915 626 953 ac
656 907 770 953 tum
806 898 858 953 ei
920 897 1257 968 incognitum
1293 895 1604 961 Parcntem,
1637 906 1690 952 et
1724 914 1818 968 per
1857 899 2009 953 illum
2043 914 2143 970 po-

555 987 723 1045 steris
756 985 1098 1057 patefecisse.
1135 984 1218 1040 0b
1274 986 1440 1055 idque
1485 1001 1609 1040 mox
1635 995 1693 1040 ut
1737 989 1791 1041 in
1824 988 2001 1058 ipsum
2028 1003 2143 1043 emo

562 1079 714 1132 lestis
746 1076 836 1130 illa
863 1091 990 1131 sese
1021 1076 1197 1131 virtus
1245 1075 1476 1140 infudit,
1508 1084 1759 1145 portenta
1786 1091 1850 1130 ac
1881 1077 2143 1130 miracula

556 1178 831 1239 patrasse,
867 1169 1021 1237 ιιι
1051 1183 1116 1223 ac
1165 1167 1385 1222 demum
1421 1176 1773 1237 posteaquam
1811 1182 2007 1238 passus
2035 1175 2142 1230 est,

562 1260 706 1330 quod
770 1275 801 1314 c
832 1261 973 1314 corio
1021 1266 1266 1322 venerat,
1318 1257 1509 1313 eodem
1553 1258 1746 1312 relicto
1777 1255 1964 1312 Jcsum
1991 1273 2146 1312 revo-

563 1351 730 1405 lasse.
772 1347 959 1404 Iesum
1000 1363 1164 1419 porro
1194 1357 1248 1404 et
1282 1347 1487 1404 obiisse
1513 1355 1766 1411 mortem,
1801 1355 1856 1403 et
1883 1349 1948 1403 ad
1981 1349 2144 1402 vitam

564 1442 862 1497 excitatum
916 1456 1072 1506 esse;
1120 1441 1402 1494 Christum
1453 1454 1585 1495 vero
1643 1441 1736 1510 qui
1790 1440 2148 1495 descenderat

568 1548 743 1604 paena:
774 1532 950 1587 omnis
979 1545 1255 1602 expertem
1301 1547 1367 1590 eo
1413 1531 1558 1592 unde
1594 1541 1815 1588 venerat
1845 1548 2147 1596 reversum,

568 1624 664 1694 qui
719 1624 861 1680 idem
900 1625 992 1680 ille
1049 1633 1155 1690 est,
1199 1624 1292 1694 qui
1338 1625 1608 1680 columbae
1660 1624 1844 1694 specie
1893 1623 2150 1694 delapsus

569 1713 752 1770 fuerat
781 1732 794 1769 :
831 1714 906 1769 ita
927 1714 1114 1769 .lesum
1152 1714 1380 1771 minime
1405 1729 1527 1770 esse
1552 1714 1849 1770 Christum.

639 1891 704 1948 ll.
738 1891 938 1948 Verum
967 1899 1019 1948 et
1054 1892 1142 1947 hic
1174 1907 1282 1948 non
1319 1893 1502 1947 minus
1533 1907 1696 1964 quam
1727 1892 1922 1963 reliqui
1957 1907 2150 1948 omnes

565 1985 793 2050 excidit,
813 1995 869 2040 ut
897 1985 1096 2040 intueri
1123 1986 1281 2042 facile
1297 1986 1550 2056 potestis,
1579 1986 1894 2056 quicunque
1911 1987 2153 2043 veritatis

573 2093 759 2133 amore
819 2077 1098 2133 tenemini.
1160 2077 1294 2132 Nam
1342 2093 1467 2134 eum
1515 2092 1546 2132 a
1581 2093 1692 2149 quo
1722 2080 1808 2135 lex
1857 2079 2057 2135 tradita
2080 2081 2156 2136 sit

570 2169 775 2224 bonum
810 2175 972 2237 negat
991 2181 1135 2232 esse,
1166 2167 1326 2237 cujus
1349 2174 1527 2221 tamen
1548 2167 1652 2238 legi
1681 2169 1869 2236 utique
1893 2177 2153 2239 tanquam

569 2258 725 2314 bona:
755 2258 1131 2328 obtemperare
1154 2257 1386 2312 videtur.
1413 2255 1517 2323 Qui
1533 2272 1661 2312 vero
1676 2259 1954 2323 convenit,
1979 2258 2156 2330 utqui

572 2349 748 2404 malus
776 2349 848 2405 sit
877 2349 1075 2404 bonam
1104 2348 1273 2420 legem
1296 2350 1739 2420 praescripserit?
1770 2349 1827 2404 Si
1859 2351 2006 2406 enim
2046 2367 2157 2407 non

573 2439 891 2504 adulterari,
934 2439 1018 2493 vcl
1060 2455 1170 2493 non
1222 2439 1478 2495 occidere
1505 2447 1590 2496 est
1615 2441 1929 2507 honestum,
1952 2451 2159 2514 quanto

573 2531 770 2587 melior
815 2532 862 2587 is
916 2540 1021 2598 est,
1056 2531 1148 2601 qui
1186 2531 1288 2586 ista
1331 2532 1611 2602 praecepit,
1655 2533 1701 2588 si
1733 2532 1780 2587 is
1809 2533 1900 2602 qui
1938 2549 2001 2588 ea
2049 2550 2158 2590 non

575 2624 854 2679 commisit
879 2623 1230 2680 confessione
1248 2624 1492 2678 omnium
1523 2625 1700 2680 bonus
1736 2625 1987 2692 habetur!
2013 2625 2161 2693 Quo-

2241 719 2306 770 ὲκ
2343 716 2439 770 τοῦ
2481 716 2593 770 ἀνω
2628 717 2786 779 Θεοῦ,
2827 717 2966 787 μετά
3005 718 3066 770 τὸ
3114 717 3445 789 ἀδρυνθῆναι
3491 717 3584 772 τὸν
3621 720 3806 790 Ἰησοῦν

2240 807 2332 860 τὸν
2377 809 2444 860 ὲκ
2496 808 2810 879 σπέρματος
2862 807 3060 878 Ἰωσὴφ
3097 808 3190 861 καὶ
3236 808 3455 880 Μαρίας
3498 811 3808 879 γεγεννημέ-

2243 913 2350 960 νον,
2381 895 2804 966 κατεληλυθέναι
2846 896 2938 950 τδν
2978 897 3213 968 Χριστὸν
3245 898 3325 961 είς
3363 897 3552 964 αὑτὸν,
3587 899 3806 954 τουτέστι

2243 987 2302 1040 τὸ
2333 988 2556 1058 Πνεῦμα
2597 987 2656 1040 τὸ
2690 989 2846 1056 ἆγιον
2885 989 2943 1041 ἐν
2979 989 3112 1042 εῖδει
3149 992 3480 1061 περιστερᾶς
3503 993 3564 1043 ὲν
3588 990 3661 1060 τῷ
3693 993 3807 1062 Ἰορ-

2243 1073 2400 1148 δάνῃ,
2423 1078 2519 1131 καὶ
2542 1077 2893 1146 ἀποκαλύψαι
2930 1077 3100 1147 αύτῷ,
3131 1079 3229 1130 καὶ
3270 1079 3336 1131 δι’
3363 1077 3536 1131 αὑτοῦ
3573 1082 3681 1142 τοῖς
3709 1082 3807 1148 μετ’

2245 1169 2409 1224 αὑτοῦ
2441 1169 2530 1222 τὸν
2560 1170 2837 1237 ἄγνωστον
2871 1169 3108 1238 Πατέρα.
3142 1169 3253 1222 Καὶ
3293 1169 3381 1222 διὰ
3429 1169 3607 1231 τοῦτο,
3646 1170 3810 1241 ἐπειδὴ

2244 1257 2408 1332 ἦλθεν
2442 1263 2474 1332 ή
2518 1261 2751 1331 δύναμις
2775 1263 2855 1324 εἰς
2889 1261 3052 1314 αὐτὸν
3087 1260 3315 1326 ἀνωθεν,
3348 1261 3610 1329 δυνάμεις
3653 1261 3811 1313 ἐπιτε-

2245 1351 2524 1404 τελεκέναι
2546 1390 2562 1414 ,
2607 1351 2703 1404 καὶ
2741 1349 2904 1403 αὐτοῦ
2951 1349 3279 1413 πεπονθότος
3327 1349 3392 1403 τὺ
3436 1348 3590 1402 ἐλθὸν
3629 1351 3810 1403 ἄνωθεν

2247 1443 2554 1512 ἀναπτῆναι
2591 1441 2701 1494 ἀπὸ
2739 1440 2835 1494 τοῦ
2881 1441 3054 1512 Ἰησοῦ
3105 1442 3236 1495 ἄνω.
3285 1441 3604 1494 Πεπονθότα
3643 1443 3697 1494 δὲ
3735 1443 3812 1494 τὸν

2262 1531 2504 1602 Ἰησοῦν,
2550 1531 2644 1585 καὶ
2699 1531 2860 1585 πάλιν
2903 1531 3305 1602 ἐγηγερμένον·
3357 1531 3596 1602 Χριστὸν
3639 1531 3694 1584 δὲ
3734 1532 3812 1584 τὸν

2248 1622 2455 1676 ἀνωθεν
2483 1621 2709 1676 ἐλθόντα
2752 1625 2832 1686 εἰς
2873 1622 3037 1677 αὑτὸν
3073 1623 3258 1694 ἀπαθῆ
3305 1625 3646 1684 ἀναπτάντα,
3697 1624 3813 1693 ὅπερ

2247 1713 2367 1767 ἐστὶ
2391 1713 2454 1767 τὸ
2481 1713 2738 1767 κατελθὸν
2759 1715 2819 1767 ὲν
2851 1713 2980 1767 εῖδει
3014 1715 3366 1784 περιστερᾶς,
3405 1714 3502 1768 καὶ
3524 1713 3585 1766 οὐ
3608 1715 3694 1767 τὸν
3727 1715 3812 1786 ’1η-

2185 1783 2228 1840 B
2256 1803 2382 1857 σοῦν
2407 1799 2544 1858 εἶναι
2571 1803 2824 1875 Χριστόν.

2323 1893 2398 1948 Β’.
2438 1893 2792 1946 Ἐκπέπτωκε
2825 1891 2882 1945 δὲ
2910 1891 3002 1945 καὶ
3034 1883 3210 1954 οὗτος,
3241 1892 3316 1955 ὼς
3354 1893 3523 1963 ὁρᾶτε
3555 1891 3738 1955 πάντες
3771 1891 3811 1942 οἱ

2252 1987 2349 2057 τῆς
2367 1983 2624 2055 ἀληθείας
2646 1985 2893 2055 ἐρασταί.
2919 1983 3121 2036 Φάσκει
3145 1983 3252 2054 γὰρ
3273 1983 3365 2035 τὸν
3391 1983 3558 2054 νόμον
3577 1982 3814 2035 δεδωκότα

2254 2077 2356 2130 ούκ
2417 2073 2642 2144 ἀγαθὸν,
2695 2069 2756 2129 οὗ
2808 2074 2885 2144 τῷ
2936 2075 3085 2145 νόμῳ
3128 2074 3413 2127 πείθεσθαι
3469 2074 3630 2139 δοκεῖ,
3681 2072 3811 2143 δῆλον

2254 2168 2333 2232 δὲ,
2376 2169 2457 2222 ὅτι
2495 2168 2569 2230 ὠς
2611 2166 2819 2237 ἀγαθῷ.
2858 2166 2982 2230 Πῶς
3017 2162 3112 2220 οὖν
3153 2168 3182 2220 6
3227 2167 3468 2238 πονηρὸς
3509 2166 3598 2220 τὸν
3641 2167 3812 2234 ἀγαθὸν

2257 2258 2422 2329 νόμον
2455 2257 2722 2322 δέδωκεν;
2772 2257 2834 2310 El
2879 2256 2989 2328 γὰρ
3028 2256 3190 2310 καλὸν
3219 2257 3281 2309 τὸ
3311 2257 3390 2328 μὴ
3436 2256 3716 2328 μοιχεύειν,
3739 2256 3812 2308 καὶ

2259 2350 2422 2404 καλὸν
2453 2349 2511 2402 τὸ
2545 2349 2620 2420 μὴ
2657 2348 2924 2418 φονεύειν,
2967 2349 3118 2420 πόσῳ
3151 2366 3214 2418 γε
3240 2350 3444 2419 μᾶλλον
3471 2351 3503 2400 6
3534 2349 3810 2418 ἐντειλάμε-

2257 2458 2346 2506 νος
2377 2440 2601 2512 βελτίων
2645 2441 2730 2512 εἴη
2751 2483 2765 2505 ,
2821 2442 2916 2496 ἐάν
2949 2459 3012 2510 γε
3047 2444 3075 2495 6
3121 2441 3198 2512 μὴ
3237 2443 3456 2515 πράξας
3489 2442 3682 2511 ἀγαθὸς
3707 2444 3811 2510 ὀμο-

2257 2533 2516 2602 λογεῖταιῑ
2549 2532 2672 2596 Πῶς
2702 2533 2757 2585 δὲ
2791 2531 3297 2604 κατηγορηθήσεται
3343 2535 3494 2587 κακά
3541 2535 3812 2605 πράττωνό

2259 2627 2321 2678 τὸ
2351 2624 2554 2694 ἀγαθὸν
2593 2624 2998 2695 συμϐουλεύων,
3042 2627 3136 2678 καὶ
3178 2625 3382 2694 ἀγαθὸν
3430 2627 3604 2690 διδοὺς
3643 2627 3810 2696 νόμονς

576 2730 708 2770 nam
737 2721 897 2784 pacto
926 2713 1054 2767 mali
1084 2714 1370 2785 cujusdam
1403 2714 1664 2771 facinoris
1685 2717 1935 2772 accusari
1955 2725 2153 2788 potest,

2274 2718 2434 2772 Ἀλλὰ
2493 2717 2767 2789 μανιώδης
2806 2719 2835 2771 6
2877 2718 3016 2790 ἀνὴρ
3054 2718 3314 2781 τοιούτοις
3352 2721 3636 2792 ἐγχειρῶν.
3675 2713 3811 2782 Οὗτος

577 2807 673 2877 qui
703 2806 845 2860 bona
882 2806 1143 2873 consulit,
1175 2821 1240 2860 ac
1289 2813 1399 2860 tam
1422 2805 1622 2862 bonam
1648 2808 1820 2879 legem
1849 2809 2153 2867 hominibus

2262 2811 2320 2865 δέ
2349 2814 2517 2874 ἐστιν,
2541 2810 2817 2882 ἀγαπητοὶ
2852 2808 2985 2880 (95),
3017 2805 3098 2874 εἷς
3124 2809 3234 2864 τῶν
3262 2812 3357 2864 ἐπὶ
3386 2811 3497 2865 τῶν
3535 2811 3811 2865 ἀποστόλων

579 2898 911 2968 descripsit?
941 2896 1230 2954 Enimvero
1261 2898 1502 2956 furiosus
1530 2907 1584 2955 et
1613 2916 1801 2957 amens
1838 2911 1944 2968 est,
1971 2903 2064 2974 qui
2098 2919 2153 2960 ea

2264 2907 2294 2960 6
2326 2905 2424 2975 τὴν
2465 2905 2711 2976 ταραχὴν
2756 2903 3152 2976 ἐργασάμενος,
3193 2904 3281 2958 ὅτε
3328 2906 3381 2957 οἱ
3433 2905 3560 2976 περὶ
3595 2902 3811 2957 Ἰάκωϐον

573 2989 786 3060 jactare
815 3004 924 3044 non
957 2999 1043 3045 est
1066 2989 1294 3046 veritus.
1320 2990 1498 3062 Atque
1525 2991 1664 3047 idem
1687 2993 1798 3058 ille,
1817 2993 2153 3063 charissimil

2267 2995 2607 3068 γεγράφασιν
2633 2997 2713 3059 εἰς
2734 2994 2831 3066 τὴν
2847 2996 3176 3068 Ἀντιόχειαν
3194 2997 3539 3067 Ἐπιστολὴν,
3564 2995 3783 3065 λέγοντες
3797 3009 3809 3022 ⁸

580 3078 704 3146 fuit,
741 3081 833 3150 qui
867 3079 1241 3150 apostolorum
1271 3085 1521 3150 tempore
1549 3081 1844 3136 tumultum
1882 3081 2035 3136 illum
2068 3097 2153 3138 ex-

2271 3086 2392 3140 Ὅτι
2422 3085 2689 3156 ἐγνωμέν
2707 3102 2878 3152 τινας
2901 3085 2970 3152 ἐξ
2997 3086 3167 3156 ἡμῶν
3185 3088 3334 3156 πρὸς
3353 3088 3512 3159 ὑμᾶς
3536 3089 3808 3150 ἐλθόντας,

579 3172 793 3239 citavit,
822 3187 946 3226 cum
973 3169 1211 3226 Jacobus
1244 3171 1538 3243 caeterique
1561 3172 1795 3244 apostoli
1819 3173 2030 3229 litteras
2051 3173 2153 3228 An-

2267 3175 2368 3231 καὶ
2410 3175 2788 3245 ταράξαντας
2831 3175 2988 3246 ὑμᾶς
3031 3178 3263 3246 λόγοις,
3305 3174 3400 3246 οἷς
3453 3180 3525 3232 οὐ
3567 3172 3810 3230 «Stercuti-

579 3265 839 3319 tiochiam
877 3264 1220 3335 scripserunt
1248 3265 1334 3320 his
1360 3265 1544 3321 verbis
1577 3284 1591 3322 :
1628 3265 1896 3332 Quoniam
1917 3267 2153 3337 cognovi-

2260 3270 2434 3338 μεθα.
2471 3267 2576 3322 Καὶ
2609 3261 2762 3333 οὗτος
2802 3265 2884 3332 εἷς
2923 3269 3042 3322 ἐστι
3075 3267 3182 3322 τῶν
3209 3271 3573 3324 ἀντιστάντων
3603 3267 3673 3336 τῷ
3700 3264 3811 3334 ἁγίῳ

582 3376 720 3426 mus,
761 3357 1019 3430 quosdam
1059 3375 1091 3411 a
1118 3356 1266 3412 nobis
1290 3356 1360 3411 ad
1399 3373 1487 3414 vos
1513 3373 1626 3412 esse
1652 3356 2153 3429 profectos,suisqtu

2267 3357 2482 3430 Πέτρῳ,
2520 3357 2707 3430 ἐπειδὴ
2753 3357 2969 3428 εἰσῆλθε
3015 3357 3151 3429 πρὸς
3195 3358 3497 3430 Κορνήλιον
3525 3358 3626 3430 τὸν
3665 3358 3807 3424 ἅγιον,

582 3468 670 3505 vos
705 3427 1041 3519 perturbans
1099 3447 1448 3514 sermonibus,
1512 3427 1700 3520 quibi“
1735 3427 1839 3503 non
1887 3427 2153 3503 mandavi-

2267 3449 2357 3505 ὅτε
2387 3427 2770 3522 μετεστείλατο
2805 3427 2969 3505 αύτδν
3010 3427 3378 3515 καταξιωθῗεὶςή
3393 3427 3650 3512 ὀπτασίας
3672 3445 3809 3513 ἀγγέ-

585 3558 702 3594 mus
730 3543 770 3608 ¹,
795 3550 904 3596 etc.
958 3539 1217 3610 Idemque
1249 3555 1440 3596 eorum
1481 3555 1625 3596 unus
1650 3547 1755 3604 est,
1785 3540 1879 3611 qui
1907 3556 1967 3597 se
2001 3540 2153 3597 Petro

2267 3543 2385 3599 λου.
2417 3545 2530 3599 Καὶ
2571 3546 2601 3598 6
2633 3544 2840 3616 Πέτρος
2881 3543 3146 3609 ὲδίσταζε,
3182 3545 3275 3598 καὶ
3313 3539 3424 3597 εἶδε
3458 3543 3518 3596 τὸ
3544 3543 3710 3612 ὅραμα
3734 3537 3810 3603 τῆς

586 3637 979 3704 opposuerant,
1009 3645 1133 3684 cum
1188 3629 1256 3685 ad
1299 3639 1551 3686 sanctum
1596 3630 1906 3687 Cornelium
1950 3632 2153 3699 ivisset,

2270 3635 2486 3707 ὀθόνης,
2511 3635 2606 3689 καὶ
2643 3633 2714 3689 τὰ
2751 3637 2809 3690 ὲν
2855 3636 3014 3708 αὐτῇ,
3059 3635 3152 3690 καὶ
3187 3636 3389 3706 ἧκουσε
3435 3634 3583 3706 παρὰ
3616 3629 3810 3702 Κυρίου.

585 3741 616 3779 a
647 3739 758 3795 quo
776 3733 898 3794 post
921 3723 1163 3778 oblatum
1213 3738 1309 3794 per
1336 3722 1514 3778 visum
1555 3725 1807 3794 angelum
1833 3731 1951 3780 erat
1983 3738 2153 3780 arces-

2275 3725 2442 3796 μηδὲν
2485 3725 2662 3779 κοινὸν
2697 3723 2876 3794 λέγειν
2922 3725 2956 3797 ἢ
2997 3724 3326 3796 ἀκάθαρτον.
3367 3718 3536 3787 Οὗτος
3572 3719 3657 3776 οὖν
3695 3735 3810 3787 παρ·

588 3819 730 3872 situs
762 3817 804 3872 ’.
835 3815 955 3882 Quo
987 3821 1232 3886 tempore
1269 3815 1556 3872 dubitante
1582 3814 1745 3872 Petro
1769 3815 1993 3871 linteum
2035 3815 2153 3871 illuc

2269 3816 2438 3870 εκίνει
2463 3815 2706 3888 περὶτοῦ
2728 3815 2939 3888 Πέτρου
2959 3815 3270 3878 ἀνελθόντος
3294 3817 3375 3880 εἰς
3412 3813 3741 3886 Ἰερουσαλὴμ
3758 3806 3811 3858 τὲ

589 3925 714 3964 cum
755 3908 841 3973 iis,
876 3923 997 3979 qua
1021 3908 1360 3973 continebat,
1379 3906 1652 3977 obiectum
1683 3915 1785 3973 est,
1810 3914 1864 3961 et
1888 3922 1916 3961 a
1941 3906 2171 3964 Domino

591 4001 734 4056 istud
763 4000 939 4070 ipsum
972 4000 1175 4067 audiit;
1200 4016 1269 4055 ne
1300 3998 1432 4071 quid
1460 4013 1751 4053 commune
1778 3999 1864 4054 vel
1894 3999 2170 4070 impurum

590 4089 905 4159 appellaret.
944 4087 1117 4160 Igitur
1141 4087 1437 4145 Cerinthus
1465 4086 1922 4143 circumcisorum
1954 4102 2170 4160 gregem

590 4181 854 4237 adversus
909 4179 1131 4236 Petrum
1177 4183 1544 4236 revertentem
1583 4178 1884 4234 commovit
1914 4177 2172 4234 Hieroso-

590 4271 774 4342 lymis,
819 4271 1060 4327 dicens:
1107 4269 1388 4341 Ingressus
1430 4275 1509 4325 est
1555 4268 1626 4322 ad
1666 4268 1804 4323 viras
1855 4269 2171 4336 prwputium

2272 3907 2454 3979 πλήθη
2481 3907 2594 3961 τῶν
2617 3909 2680 3960 ὲκ
2711 3905 3014 3977 περιτομῆς
3047 3906 3242 3974 λέγων,
3264 3906 3367 3958 ὅτι·
3400 3900 3654 3969 Elaﬁus
3690 3895 3812 3964 πρὸς

2273 3997 2500 4066 ἄνδρας
2541 3997 2950 4068 ἀκροϐυστίαν
2989 3995 3262 4066 ἔχοντας.
3307 3994 3560 4065 Ἐποίησε
3599 3991 3651 4044 δὲ
3683 3985 3812 4039 τοῦτο

2273 4087 2549 4159 Κήρινθος
2581 4088 2708 4160 πρὶν
2742 4085 2776 4156 ἢ
2821 4086 2880 4138 ἐν
2906 4086 2972 4156 τῇ
3008 4085 3164 4156 Ἀσίᾳ
3183 4082 3423 4158 κηρύξαι
3453 4082 3512 4136 τὸ
3549 4077 3698 4136 αὐτοῦ
3734 4075 3811 4141 xi,-

2278 4195 2485 4251 ρυγμα,
2509 4177 2603 4230 καὶ
2625 4177 2883 4248 ἐμπεσεῖν
2905 4177 2987 4238 εἰς
3017 4175 3079 4228 τὺ
3113 4176 3500 4248 περισσότερον
3533 4171 3627 4239 τῆς
3653 4161 3809 4221 ἑαυτοῦ

2275 4268 2553 4333 ἀπωλείας
2584 4268 2877 4341 βάραθρον.
2916 4267 3018 4323 Διά
3038 4267 3148 4340 γὰρ
3174 4269 3236 4320 τὸ
3260 4261 3402 4319 εἷναι
3431 4264 3588 4318 αὐτὸν
3615 4253 3809 4330 ἐμπερί-

591 4362 838 4418 habentes
866 4363 908 4416 ³.
943 4363 1100 4430 Quod
1135 4363 1356 4432 quidem
1409 4361 1478 4415 ah
1510 4374 1576 4415 eo
1637 4357 1841 4414 factum
1883 4365 1989 4426 est,
2021 4365 2153 4413 ante

2269 4377 2473 4432 τομον,
2522 4360 2684 4430 δῆθεν
2714 4359 3014 4424 ἀντιδικίας
3055 4361 3220 4414 ἕνεκα
3267 4357 3376 4412 τῶν
3426 4360 3484 4409 ὲν
3523 4345 3812 4424 ἀκροϐυστίὲ

595 4470 761 4525 quam
812 4471 971 4510 suum
1030 4455 1084 4509 in
1116 4452 1247 4509 Asia
1276 4453 1472 4522 dogma
1512 4449 1857 4520 prazdicaret,
1894 4465 2061 4521 seque
2118 4450 2153 4504 it

2272 4450 2503 4516 πιστῶν,
2526 4449 2616 4504 διὰ
2633 4449 2731 4521 τῆς
2759 4449 3064 4521 περιτομῆς
3089 4449 3188 4518 τὴν
3227 4445 3501 4517 πρόφασιν
3528 4437 3809 4510 ὲθηράσατο.

593 4545 744 4599 exitii
793 4544 877 4600 sui
927 4545 1196 4615 gurgitem
1246 4539 1576 4613 profundius
1635 4541 1972 4596 immitteret.
2042 4539 2178 4596 Nam
2217 4557 2341 4598 cum
2375 4541 2739 4597 circumcisus
2795 4540 2886 4594 hic
2922 4546 3092 4606 esset,
3123 4545 3183 4592 ut
3238 4551 3333 4591 eos
3356 4534 3450 4606 qui
3479 4537 3676 4588 retento
3699 4537 3810 4594 pra:-

595 4639 748 4711 putio
783 4638 968 4693 ﬁdeles
1005 4643 1164 4692 erant
1209 4636 1588 4702 ulcisceretur,
1631 4635 1981 4690 occasionem
2015 4650 2046 4691 e
2070 4637 2488 4693 circumcisione
2518 4645 2714 4692 nactus
2753 4643 2858 4690 est.

666 4725 752 4781 lll.
778 4726 884 4780 Sed
907 4740 1029 4779 cum
1051 4723 1314 4778 Dominus
1337 4723 1559 4777 humani
1586 4724 1802 4795 generis
1834 4739 2023 4778 curam
2055 4741 2153 4795 per

2254 4752 2258 4780 ι
2351 4725 2427 4782 Γ’.
2451 4725 2557 4780 Τοῦ
2580 4725 2636 4779 δὲ
2667 4725 2869 4796 Κυρίου
2903 4723 3133 4778 πάντοτε
3159 4721 3260 4793 τὴν
3291 4717 3600 4790 ἐπιμέλειαν
3625 4710 3712 4778 τῆς
3739 4705 3809 4797 ἀν-

598 4829 762 4891 pctuo
796 4825 970 4888 gerat,
1011 4824 1066 4872 et
1103 4817 1159 4870 in
1191 4815 1439 4870 veritatis
1471 4813 1784 4869 amantibus
1821 4814 1947 4869 ﬁliis
1978 4823 2153 4871 certan

2285 4815 2637 4887 θρωπότητος
2658 4795 3003 4886 ποιθυμένου,
3025 4811 3120 4866 καὶ
3137 4811 3199 4865 τὺ
3225 4810 3392 4880 σαφὲς
3414 4809 3511 4878 τῆς
3533 4799 3754 4891 ἀληθείας
3768 4795 3810 4845 ἐν

597 4889 663 4966 ac
690 4915 1035 4967 constantem
1085 4907 1233 4963 illius
1265 4906 1426 4962 ﬁdem
1474 4907 1721 4964 stabilire
1766 4921 1831 4962 ac
1857 4905 2153 4961 confirmar

2285 4909 2398 4971 τοῖς
2440 4906 2540 4977 τῆς
2576 4905 2833 4975 ἀληθείας
2875 4906 3012 4968 υἱοῖς
3055 4899 3502 4971 ἀσφαλιζομένου,
3548 4895 3634 4949 καὶ
3668 4889 3811 4977 δόντς

596 5003 790 5068 soleat,
824 5015 948 5054 cum
987 4998 1339 5054 sanctissimo
1382 4997 1631 5067 apostolo
1667 4995 1829 5051 Petro
1863 4995 2153 5051 confutand

2288 4974 2576 5069 Πέτρῳ
2599 4974 2738 5068 ἁγίῳ
2755 4995 3036 5066 ἀποστόλῳ
3060 4991 3386 5066 ποιήσασθαι
3412 4989 3509 5060 τὴν
3539 4984 3662 5055 πρὸς
3683 4974 3810 5069 αὑτὸν

600 5092 746 5146 illius
812 5089 1130 5144 facultatem
1185 5101 1251 5142 ac
1286 5087 1561 5142 rationem
1599 5086 1861 5148 dedisset,
1894 5086 2153 5140 manifest.

2287 5068 2527 5153 καὶτοὺς
2564 5087 2728 5143 αὐτοῦ
2769 5087 3048 5157 ἐλέγχους,
3093 5084 3302 5158 φανερὰ
3340 5084 3539 5153 γίνεται
3565 5079 3594 5148 ή
3616 5070 3698 5126 τοῦ
3722 5068 3810 5132 Κη“

600 5183 856 5239 omnibus
891 5190 976 5239 cst
1001 5181 1245 5237 Cerinthi
1291 5190 1572 5250 comperta
1607 5178 1898 5235 stoliditas.
1936 5179 2012 5234 lta
2036 5181 2153 5236 enin

2292 5179 2470 5253 ρίνθου
2501 5179 2673 5234 ἄνοια.
2704 5179 2844 5251 Φησὶ
2866 5179 2975 5249 γὰρ
3007 5179 3036 5230 6
3073 5177 3226 5244 ἆγιος
3253 5175 3482 5246 Πέτρος·
3525 5165 3653 5237 Ἐγὼ
3681 5160 3810 5253 τἰμ-ην

603 5275 897 5344 Apostolus
923 5275 1140 5331 locutus
1153 5283 1236 5328 cst
1261 5293 1274 5329 :
1305 5249 1582 5344 Egoieram
1603 5275 1658 5327 in
1687 5274 1950 5327 civitatem
1977 5271 2143 5342 Joppe

2285 5249 2356 5328 ἐν
2387 5273 2560 5327 πόλει
2607 5249 2844 5340 ἰόππῄο
2887 5273 2987 5327 καὶ
3044 5267 3209 5325 εἶδον
3253 5269 3321 5323 ἐν
3353 5269 3508 5338 μέσῃ
3549 5258 3619 5328 τῇ
3658 5249 3808 5322 ἡμέρᾳ

602 5375 651 5416 et
682 5367 788 5421 vidi
825 5367 1000 5421 media
1031 5367 1142 5422 luce
1165 5366 1308 5421 circa
1337 5366 1523 5421 horam
1550 5375 1754 5420 sextam
1780 5363 1939 5436 112
1963 5364 2153 5420 linteum

2290 5365 2422 5434 περὶ
2442 5365 2606 5435 ὥραν
2634 5365 2817 5434 ἕκτην
2843 5365 3064 5434 ὀθόνην
3092 5361 3444 5432 καθιεμένην
3481 5358 3546 5410 ἐν
3579 5349 3808 5417 τέτρασιν

679 5547 694 5576 ¹
729 5545 848 5599 Act.
887 5558 975 5609 xv,
995 5541 1065 5596 Ξιί
1088 5561 1208 5616 sqq.

1288 5547 1308 5577 '
1335 5545 1454 5601 Act.
1493 5563 1546 5607 κ,
1583 5544 1647 5600 l8
1675 5561 1795 5616 sqq.
1875 5545 1894 5576 ³
1924 5544 2041 5600 Act.
2077 5561 2156 5611 XI,
2186 5545 2237 5599 3.

677 5719 794 5790 (93)
830 5713 1020 5783 Οὗτος
1046 5719 1109 5773 δέ
1138 5722 1326 5788 ἐστιν,
1361 5723 1674 5791 ἀγαπητοί.
1717 5722 1957 5793 ldipsum
1991 5719 2153 5794 Phila

2254 5720 2330 5777 ius
2360 5717 2573 5776 scribit.
