4022 6428
221 359 320 415 381

803 354 1172 410 Αῡνειιευε
1207 352 1553 409 ΠἎΞΗΕΞΕΞ
1592 351 1716 406 LIB.
1768 352 1775 405 1

1879 347 2017 405 fOll.
2061 345 2507 403 ll.-—HAERES.
2552 342 2781 398 XXVIII.

3374 342 3486 401 382

216 474 454 546 ἀρχαῖς,
480 474 551 526 ἐν
585 470 623 541 ἦ
667 468 746 542 ἦν
782 470 979 527 πάντα
1025 471 1359 542 τετράποδα
1408 469 1507 525 καὶ
1555 465 1772 538 ἑρπετά

1897 473 2127 537 quatuor
2154 462 2328 517 initiis
2354 460 2617 515 satin-riui
2639 459 2704 512 de
2721 457 2872 520 caelo,
2908 457 2964 509 in
2997 471 3098 526 quo
3127 462 3279 510 erant
3303 458 3483 512 omnia

217 564 324 619 Kal
360 559 505 618 εἷπε
530 578 658 633 μοι·
690 560 894 616 Θῦσον
934 562 1032 617 καὶ
1076 561 1250 633 φάγε.
1296 560 1438 632 Ἐγὼ
1479 560 1548 614 δὲ
1583 555 1791 613 εἷπον·

219 654 412 722 Κύριε,
436 650 750 723 μηδαμῶς·
785 649 875 705 ὅτι
911 650 1200 706 οὐδέποτε
1226 648 1434 706 κοινὸν
1460 650 1500 718 ἢ
1537 649 1795 718 ἀκάθαρ-

214 760 319 799 τον
344 742 642 813 εἰσῆλθεν
666 745 755 809 εις
777 741 845 796 τὸ
872 745 1069 812 στόμα
1085 759 1227 812 μου.
1266 740 1575 809 Ἀπεκρίθη
1601 738 1670 794 δέ
1691 757 1793 810 μοι

211 837 278 890 ἐκ
325 833 613 907 δευτέρου
652 831 822 902 φωνὴ
866 831 936 886 ἐκ
983 832 1093 886 τοῦ
1152 829 1434 900 οὐρανοῦ·
1478 832 1539 883 Ἀ
1578 831 1613 882 ό
1646 829 1793 895 Θεὸς

212 924 556 994 ἐκαθάρισε,
582 922 665 980 σὺ
682 924 771 999 μὴ
804 923 1032 979 κοίνου.
1070 922 1181 978 Καὶ
1218 922 1288 988 ἐξ
1313 922 1505 991 αὐτῆς
1530 920 1661 975 ἰδοὺ
1682 920 1792 975 δύο

211 1018 428 1085 ἄνδρες
458 1016 851 1085 εἰστήκεισαν
876 1014 965 1080 εις
991 1013 1107 1083 τὴν
1127 1015 1344 1069 οὶκίαν.
1386 1011 1513 1069 Καὶ·
1532 1008 1664 1068 eius
1688 1029 1791 1082 μοι

212 1110 274 1164 τὸ
296 1110 549 1179 Πνεῦμα
566 1126 582 1146 ’
616 1108 884 1176 Πορεύου
921 1105 1043 1160 σὺν·
1090 1103 1296 1172 αὐτοῖς
1338 1103 1536 1174 μηδὲν
1570 1102 1791 1173 διάκρι-

209 1200 482 1269 νόμενος.
536 1198 648 1251 Καὶ
693 1197 880 1250 λοιπὸν
924 1196 1225 1267 διηγεῖταιο,
1270 1194 1348 1259 ὡς
1389 1195 1449 1248 ὲν
1506 1194 1789 1266 παραδολῇ

210 1285 394 1348 ταῦτα,
424 1283 467 1338 ἀ
500 1282 639 1356 πρὸς
661 1283 823 1338 αὑτὸν
859 1283 1073 1355 εἴρηται
1091 1300 1108 1315 ο
1135 1282 1231 1336 καὶ
1255 1282 1334 1347 ὡς
1365 1283 1429 1336 οὐ
1460 1285 1584 1338 τότε
1618 1283 1792 1338 ἐδίδα-

198 1375 313 1443 ξεν,
340 1376 451 1441 ἕως
487 1377 582 1429 ὅτε
617 1377 647 1429 ὁ
686 1372 889 1448 Κύριος
925 1371 1173 1446 ἐναργῶς
1213 1364 1414 1441 ἔδειξεν
1456 1374 1606 1451 αὐτῷ
1639 1374 1676 1430 ἃ
1703 1374 1791 1429 διὰ

208 1466 310 1520 τῶν
338 1465 522 1535 λόγων
570 1466 666 1520 καὶ
705 1466 893 1520 τύπων
932 1464 1098 1519 αὐτὸν
1137 1463 1435 1520 ἐδίδασκεν.
1469 1465 1647 1531 Εὐθὺς
1680 1465 1790 1537 γὰρ

208 1554 363 1609 αὐτοῦ
391 1554 709 1622 ἀνοίξαντος
727 1556 790 1609 τὸ
814 1553 1009 1626 στόμα,
1028 1554 1117 1610 ὅτε
1137 1550 1302 1628 ἦλθεν
1324 1557 1406 1621 εἰς
1427 1557 1787 1627 Καισάρειαν,

209 1644 435 1698 ὶπέπεσε
482 1644 548 1697 τὸ
598 1643 823 1714 Πνεῦμα
861 1645 927 1697 τὸ
969 1644 1123 1713 ἀγιον
1169 1644 1265 1698 ἐπὶ
1313 1645 1631 1717 Κορνήλιον.
1677 1646 1788 1699 Καὶ

212 1732 324 1786 ἰδὼν
359 1733 572 1805 Πέτρος
614 1729 768 1787 εἶπε·
818 1731 915 1800 Μή
958 1750 1051 1798 τις
1107 1731 1359 1787 δύναται
1404 1734 1674 1788 κωλῦσαι
1720 1733 1788 1789 τὸ

1891 554 2273 634 quadrupedia,
2323 560 2372 607 et
2420 551 2652 620 reptilia.
2698 546 2766 602 Et
2794 547 2932 603 dixit
2963 548 3141 602 mihi:
3197 545 3396 602 Occide
3430 559 3482 601 et

1894 644 2176 700 manduca.
2196 644 2320 698 Dixi
2348 652 2523 696 autem
2536 639 2929 710 :Nequaquam,
2950 636 3338 708 Domine;quia
3352 636 3490 692 nihil

1893 742 2125 805 unquam
2140 748 2412 790 commune
2424 732 2505 787 vel
2525 729 2857 786 immundum
2867 729 3103 784 introivit
3127 730 3181 783 in
3199 745 3257 786 os
3282 745 3477 786 ineunt.

1898 824 2185 895 Respondit
2213 822 2541 877 autem’mihi
2575 837 2673 876 vos;
2692 820 2756 876 de
2780 822 2907 877 coelo
2930 837 2950 877 :
2982 821 3115 889 Quae
3151 820 3291 876 Deus
3330 837 3484 875 mun-

1892 915 2058 981 daoit,
2105 925 2162 969 tu
2208 932 2272 969 ne
2312 915 2620 969 communia
2652 913 2876 968 dixeris.
2936 911 3005 967 Et
3046 913 3326 983 confestim
3367 929 3483 968 ecce

1892 1006 1998 1060 duo
2019 1006 2115 1060 uiri
2147 1005 2425 1059 astiterunt
2457 1004 2513 1056 in
2543 1002 2720 1057 domo.
2771 1001 2839 1056 Et
2861 1002 2998 1056 dixit
3022 1002 3155 1055 mihi
3197 1000 3429 1071 Spiritus
3460 1018 3479 1055 :

1902 1096 2048 1151 Vade
2078 1111 2199 1150 cum
2219 1095 2350 1162 ipsis
2377 1094 2512 1148 nihil
2535 1095 2790 1148 luccitans
2818 1094 2855 1147 ί.
2886 1095 3063 1162 Atque
3095 1092 3170 1147 ita
3199 1090 3479 1161 deinceps,

1893 1204 2013 1260 qua:
2052 1188 2155 1244 sibi
2192 1187 2444 1242 nuntiata
2491 1170 2620 1241 sunt
2659 1185 2810 1240 velut
2844 1199 2942 1255 per
2976 1184 3293 1254 parabolam
3332 1182 3479 1238 edis-

1893 1282 2028 1337 serit
2060 1299 2073 1334 :
2104 1295 2210 1336 nec
2238 1295 2318 1345 se,
2339 1279 2493 1350 prius
2517 1278 2585 1333 ad
2619 1277 2932 1333 docendum
2970 1275 3293 1341 accessisse,
3315 1288 3478 1345 quam

1891 1380 2077 1443 aperte
2131 1370 2396 1427 Dominus
2427 1382 2492 1424 ea
2538 1374 2892 1432 monstraret,
2922 1381 3047 1437 quae
3074 1364 3258 1421 verbis
3292 1372 3476 1426 antea.

1891 1464 2189 1535 ﬁgurisque
2259 1460 2682 1530 signiﬁcaverat.
2736 1456 2950 1512 Etenim
2999 1457 3224 1513 simulat
3268 1470 3375 1526 que
3415 1472 3478 1512 os

1889 1556 2104 1626 aperire
2128 1555 2296 1625 coepit
2320 1561 2433 1606 tum
2465 1567 2590 1607 cum
2629 1552 2936 1607 Caesaream
2978 1551 3177 1621 attigit,
3239 1548 3479 1619 Spiritus

1889 1656 2114 1703 sanctus
2141 1647 2197 1701 in
2229 1643 2544 1700 Cornelium
2565 1642 2826 1713 delapsus
2851 1651 2958 1697 est.
2977 1639 3136 1708 Quod
3155 1641 3247 1696 ubi
3281 1640 3479 1696 Petrus

1888 1739 2195 1805 conspexit,
2260 1736 2535 1808 Nunquid,
2598 1736 2708 1798 ait,
2779 1748 2974 1805 aquam
3034 1733 3151 1803 quis
3207 1732 3480 1802 prohibere

207 1823 353 1894 ὕδωρ
378 1825 502 1878 ἀπὸ
536 1825 768 1879 τούτων
791 1823 912 1879 τῶν
934 1824 1419 1889 καταξιωθέντων
1450 1825 1518 1879 τὸ
1542 1827 1775 1896 Πνεῦμα

1886 1804 2055 1898 potest
2084 1828 2148 1882 ab
2181 1828 2284 1893 his,
2329 1804 2419 1897 qui
2469 1825 2674 1895 Spiritu
2724 1804 2935 1889 sancto,
2983 1824 3065 1877 uti
3090 1832 3140 1877 et
3174 1840 3270 1878 nos
3299 1824 3474 1886 initio,

205 1915 270 1969 τὸ
303 1915 476 1985 ἄγων
505 1916 739 1982 λαϐεῖν,
765 1916 846 1983 ὡς
875 1916 976 1971 καὶ
1015 1918 1188 1987 ἡμεῖς
1210 1917 1281 1982 ἐξ
1303 1917 1498 1987 ἀρχῆς
1514 1934 1533 1983 ;
1565 1918 1639 1971 Τὸ
1674 1920 1784 1973 πᾶν

206 2006 260 2059 δὲ
286 2001 351 2078 ἢν
368 2006 531 2060 τοῦτο
555 2010 857 2081 μυστήριον
875 2049 891 2072 ,
919 2010 1015 2064 καὶ
1050 2010 1153 2082 τῆς
1185 2009 1278 2064 τοῦ
1318 2009 1451 2063 Θεοῦ
1477 2010 1782 2082 φιλανθρω-

206 2098 329 2163 πίας
349 2099 531 2170 ἔργον,
552 2101 708 2164 ὅπως
725 2102 753 2155 ὃ
780 2119 839 2155 τε
862 2101 1017 2171 ἅγιος
1038 2102 1246 2173 Πέτρος
1272 2103 1367 2157 καὶ
1404 2104 1513 2167 πᾶς
1533 2120 1617 2166 τις
1640 2102 1783 2172 γνὼ-

208 2207 366 2253 σεται,
389 2191 471 2244 ὅτι
498 2191 608 2245 οὐκ
636 2192 730 2246 ἀπ’
758 2191 1061 2264 ἀνθρώπων
1103 2194 1137 2264 ὴ
1166 2192 1278 2246 τῶν
1316 2193 1487 2248 ἐθνῶν
1516 2194 1779 2265 σωτηρία,

208 2281 312 2336 ἀλλ’
341 2285 404 2337 ὲκ
431 2282 594 2337 Θεοῦ.
620 2283 904 2355 Προῦλαόε
940 2284 1049 2356 γὰρ
1092 2285 1122 2338 ὁ
1159 2285 1295 2349 Θεὸς
1331 2285 1515 2340 δοῦναι
1548 2287 1648 2358 τὴν
1681 2287 1781 2340 δω-

210 2373 325 2445 ρεὰν
343 2372 434 2427 τοῦ
460 2373 804 2446 Πνεύματος,
833 2375 927 2428 καὶ
957 2376 1055 2447 τὴν
1095 2374 1191 2429 τοῦ
1231 2376 1465 2446 ἀγγέλου
1484 2378 1778 2442 ¹ὀπτασίαν,

210 2464 293 2517 καὶ
321 2463 414 2536 τὴν
433 2464 714 2537 ἀποδοχὴν
737 2468 836 2538 τῆς
863 2466 1047 2539 εὐχῆς,
1075 2468 1171 2521 καὶ
1204 2468 1491 2541 νηστειῶν,
1516 2470 1611 2523 καὶ
1644 2470 1780 2539 ἀγα-

209 2553 441 2609 θοποιιῶν
459 2576 475 2590 ο
504 2557 602 2610 ἵνα
629 2557 659 2610 ὃ
692 2557 1086 2630 ἐπιστεύθησαν
1118 2560 1169 2612 οἱ
1209 2560 1515 2627 ἀπόστολοι,
1543 2561 1779 2633 μάλιστα

209 2646 234 2698 ὀ
257 2645 396 2715 ἂτιος
419 2648 657 2719 Πέτρος,
689 2648 785 2703 καὶ
812 2650 862 2702 οἱ
899 2650 1076 2704 λοιποὶ
1098 2651 1405 2716 ἀπόστολοι,
1435 2652 1512 2725 μὴ
1539 2653 1779 2709 ἀποστε-

213 2736 395 2808 picum
418 2738 510 2793 τὸν
538 2740 611 2793 ὲκ
633 2738 769 2793 Θεοῦ
793 2741 934 2795 κατά
960 2740 1216 2812 ἀλήθειαν
1242 2742 1597 2814 κεκλημένον.

269 2830 334 2882 Δ⁴.
372 2829 535 2885 Ἀλλά
582 2830 758 2885 ταῦτα
796 2831 896 2903 μὲν
946 2832 1067 2886 τότε
1117 2833 1545 2906 ὲπραγματεύθη
1567 2874 1581 2898 ,
1624 2851 1776 2905 κινη-

208 2916 350 2973 θέντα
386 2920 490 2974 ὑπὸ
527 2920 631 2975 τοῦ
673 2921 1069 2995 προειρημένου
1104 2922 1544 2993 ψευδαποστὸλου
1576 2924 1778 2998 Κηρίν-

212 3007 322 3062 θον·
345 3009 417 3075 ὡς
441 3013 541 3066 καὶ
573 3010 763 3066 ἄλλοτε
793 3015 982 3069 στάσιν
1007 3014 1170 3078 αὐτός
1213 3031 1272 3068 τε
1313 3015 1409 3069 καὶ
1444 3018 1492 3070 οἱ
1527 3018 1643 3090 μετ’
1677 3017 1776 3071 αὑ-

1884 1921 2092 1992 dignati
2112 1923 2271 1975 sunt”
2295 1921 2317 1975 ι
2347 1918 2462 1974 lloc
2490 1932 2619 1973 vero
2632 1924 2807 1972 totum
2827 1915 3149 1988 mysterium
3174 1916 3473 1985 quoddam,

1884 2011 2185 2068 ac'divinte
2228 2010 2584 2079 benignitatis
2642 2022 2784 2079 opus
2836 2013 2977 2071 erat,
3016 2014 3075 2061 ut
3124 2014 3232 2060 tam
3279 2005 3476 2061 Petrus

1882 2117 2044 2175 quam
2074 2100 2255 2157 caueri
2292 2115 2484 2156 omnes
2512 2100 2915 2173 intelligerent,
2967 2112 3077 2153 non
3127 2096 3469 2159 hominibus.

1882 2194 1975 2249 sed
2008 2191 2120 2249 Deo
2150 2190 2436 2263 gentilium
2462 2190 2696 2246 salutem
2719 2187 3221 2245 essetribuemlam.
3256 2186 3471 2241 Etenim

1882 2300 2082 2340 inimus
2149 2282 2284 2339 illud
2334 2281 2509 2363 divini
2570 2280 2831 2352 Spiritus,
2856 2286 2911 2334 et
2957 2279 3140 2350 angeli
3187 2286 3471 2349 aspectum

1881 2376 2066 2447 largiri
2123 2383 2281 2431 antea
2335 2376 2528 2440 voluit,
2573 2389 2788 2430 necnon
2829 2381 2886 2429 et
2970 2373 3118 2428 illius
3168 2372 3475 2443 approbare

1878 2482 2071 2537 preces
2093 2481 2158 2521 ac
2180 2465 2412 2537 jejunis,
2446 2464 2773 2536 reliquaque
2802 2464 2873 2520 ab
2901 2478 2967 2520 eo
2991 2473 3255 2535 praeclare
3277 2472 3430 2534 gesta
3456 2479 3472 2529 ;

1879 2567 1939 2614 ut
1967 2559 2112 2630 quod
2166 2560 2432 2630 apostolis
2469 2558 2854 2630 praecipueque
2902 2557 3083 2624 Petro,
3116 2556 3473 2612 commissum

1879 2648 2083 2713 fuerat,
2139 2663 2206 2705 eo
2255 2664 2329 2705 ne
2377 2650 2652 2719 privatum
2712 2648 2994 2705 hominem
3049 2648 3201 2703 illum
3245 2646 3468 2711 vellent,

1878 2756 2039 2812 quem
2066 2739 2211 2797 Deus
2235 2741 2419 2812 reipsa
2448 2750 2764 2797 vocaverat.

1948 2831 2039 2886 iV.
2076 2832 2253 2903 Atque
2273 2833 2389 2888 haec
2411 2833 2632 2903 quidem
2654 2831 2900 2890 eomodo
2928 2838 3065 2887 tunc
3087 2831 3470 2888 administrata

1875 2932 2027 2988 sunt,
2055 2940 2178 2995 quae
2212 2923 2388 2982 falsus
2437 2924 2532 2980 ille
2563 2926 2845 2994 apostolus
2874 2923 3175 2980 Cerinthus
3214 2924 3473 2981 seditiose

1875 3026 2265 3073 commoverat.
2345 3015 2819 3083 Quemadmodum
2880 3016 3017 3072 alias
3078 3015 3472 3088 Hierosolymis

210 3098 650 3197 ’.τοῦ-ἐἰργάσαντο
694 3104 753 3158 ἐν
802 3105 942 3177 αὐτῇ
988 3109 1053 3178 τῇ
1100 3107 1491 3183 Ἰερουσαλὴμ,
1535 3109 1773 3181 ὁπηνίκα

1879 3126 2000 3169 cum
2030 3112 2146 3168 suis
2168 3111 2309 3166 idem
2341 3111 2433 3167 ille
2468 3112 2737 3167 tumultus
2787 3111 3029 3166 concivit
3062 3129 3076 3166 :
3106 3109 3328 3181 quando
3362 3112 3473 3167 sci-

212 3189 394 3256 Παῦλος
420 3193 627 3267 ἀνῆλθε
660 3195 797 3266 μετά
834 3196 1017 3263 Τίτου,
1063 3198 1144 3262 ὡς
1186 3200 1281 3254 κα)¹
1309 3195 1463 3265 οὗτος
1513 3201 1618 3272 ἔφη
1640 3243 1655 3267 ,
1689 3203 1772 3258 ὅτι

216 3280 433 3350 Ἀνδρος
480 3286 907 3356 ἀκροόὐστους
958 3289 1274 3362 εἰσήνεγκε
1326 3294 1456 3363 μεθ’
1516 3293 1735 3349 ἑαυτοῦ
1754 3337 1770 3362 ,

213 3370 295 3443 ἤδη
323 3376 441 3447 περὶ
467 3377 669 3431 τούτου
702 3378 898 3448 λέγων,
931 3382 1263 3449 Κεκοίνωκε,
1291 3384 1444 3455 φησὶ,
1491 3386 1584 3439 τὸν
1618 3385 1772 3456 ἀγιον

146 3482 151 3487 ~
202 3461 366 3535 τόπον.
394 3467 481 3521 Διὸ
536 3468 636 3523 καὶ
668 3470 879 3535 Παῦλος
916 3470 1065 3542 λέγει
1087 3489 1104 3506 ο
1149 3475 1301 3529 Ἀλλ’
1340 3475 1488 3530 οὐδὲ
1532 3476 1702 3544 Τῖτος
1739 3480 1773 3532 ὁ

209 3552 469 3625 obrepet,
501 3562 752 3629 Ἕλλην
777 3560 881 3628 ὢν,
916 3565 1274 3635 ἠναγκάσθη
1314 3569 1767 3639 περιτμηθῆναιο

210 3640 289 3698 διὰ
312 3647 373 3701 δὲ
404 3651 557 3717 τοὺς
578 3654 1016 3722 παρεισάκτους
1049 3656 1527 3729 ψευδαδέλφους,
1548 3661 1770 3728 οἵτινες

211 3742 598 3825 εαρεισῆλθον
611 3748 1077 3817 κατασκοπῆσαι
1093 3749 1209 3817 τὴν
1219 3750 1567 3820 ἐλευθερίαν
1577 3751 1768 3825 ήμῶν,

211 3823 279 3893 ἣν
307 3830 514 3904 ἔχομεν
545 3835 618 3889 ἐν
645 3838 897 3905 Χριστῷ,
939 3834 1032 3907 οἷς
1067 3839 1210 3895 οὐδὲ
1237 3845 1387 3911 πρὸς
1421 3842 1582 3913 ὥραν
1602 3823 1770 3910 εἴξα-

213 3936 300 4010 iter
318 3924 387 3994 τῇ
415 3927 711 3998 ὑποταγῇ.
732 3930 844 3985 Καὶ
866 3933 979 3996 τοῖς
998 3932 1056 3986 ἐν
1090 3933 1426 4007 ἀκροϐυστίᾳ
1457 3937 1770 4010 παραγγέλ-

211 4009 299 4068 λων
326 4016 499 4088 ἔλεγεν
518 4034 537 4050 ⁸
565 4021 661 4093 Μὴ
679 4023 1103 4092 περιτέμνεσθε
1120 4041 1132 4055 '
1158 4024 1271 4091 ὅτι,
1291 4026 1402 4081 ἐὰν
1419 4009 1771 4098 περιτέμνη-

211 4108 600 4181 σθε,Χρεστὸς
625 4110 780 4181 ὑμᾶς
809 4113 992 4169 οὐδὲν
1025 4115 1344 4185 ὠφελήσει.
1399 4119 1666 4188 Διήρκεσε
1711 4118 1768 4173 δὲ

214 4195 238 4266 ἡ
263 4204 511 4275 περιτομὴ
541 4204 721 4279 χρόνῳ
746 4206 1160 4278 ὑπηρετήσασα,
1190 4208 1296 4271 ἕως
1327 4209 1361 4279 ὴ
1395 4209 1595 4279 μείζων
1621 4225 1769 4281 περι-

215 4290 327 4362 τομὴ
349 4296 681 4366 παρεγένετο
702 4337 717 4363 ,
753 4298 999 4352 τουτέστι
1028 4299 1090 4352 τὸ
1123 4298 1349 4372 λουτρὸν
1380 4301 1477 4371 τῆς
1510 4300 1768 4370 παλιγγε-

213 4381 476 4451 eclogis»;
500 4384 667 4439 παντί
688 4403 768 4457 τῳ
788 4386 946 4457 δῆλόν
974 4388 1112 4451 ἐστι,
1147 4387 1242 4442 καὶ
1288 4388 1619 4462 σαφέστερον
1660 4390 1765 4444 δεί-

1874 3206 2003 3262 licet
2034 3219 2159 3261 cum
2189 3205 2315 3261 Tito
2349 3205 2553 3264 Paulus
2584 3207 2825 3274 advenit,
2874 3214 3043 3278 atque
3090 3207 3164 3262 ita
3194 3207 3338 3263 idem
3376 3207 3469 3264 ille

1873 3297 2091 3353 locutus
2137 3305 2242 3352 est.
2315 3295 2467 3352 Viros
2487 3297 2805 3368 prteputium
2857 3296 3108 3352 habentes
3157 3313 3338 3353 secum
3378 3298 3466 3352 in-

1872 3388 2026 3442 duxit
2045 3388 2087 3452 ',
2115 3387 2317 3459 quibus
2345 3385 2412 3443 de
2435 3386 2559 3443 Tito
2593 3386 2936 3459 signiﬁcabat
2962 3405 2976 3441 :
3002 3385 3205 3441 Locum
3227 3428 3240 3453 ,
3267 3386 3467 3457 inquit,

1872 3483 2128 3532 sanctum
2176 3473 2469 3546 profanum
2522 3474 2671 3531 fecit.
2703 3476 2885 3544 Quare
2933 3476 3009 3531 ita
3041 3474 3247 3532 Paulus
3274 3476 3413 3532 dixit
3447 3495 3463 3533 :

1873 3566 1980 3626 Sed
2001 3585 2162 3640 neque
2194 3570 2340 3623 Titus
2369 3571 2459 3640 qui
2501 3585 2703 3625 mecum
2742 3578 2878 3634 erat,
2905 3585 3024 3622 cum
3052 3577 3188 3625 esset
3222 3558 3482 3639 gentilis,

1871 3662 2171 3731 compulsus
2200 3669 2279 3716 est
2302 3662 2632 3716 circumcidi.
2666 3659 2772 3716 Sed
2804 3672 3018 3731 propter
3037 3660 3464 3716 subintroductos

1871 3752 2039 3825 falsos
2070 3753 2286 3822 fratres,
2305 3753 2395 3823 qui
2412 3738 2840 3808 ‘subintroierunt
2866 3754 3143 3822 explorare
3167 3753 3464 3809 libertatem

1869 3864 2025 3919 quam
2051 3847 2301 3902 itabemus
2348 3847 2402 3902 in
2449 3848 2681 3904 Christo.
2717 3850 2922 3917 Quibus
2964 3868 3127 3920 neque
3172 3850 3240 3905 ad
3276 3852 3462 3906 horam

1870 3943 2121 3995 cessimus
2175 3942 2498 4009 subjectione
2529 3942 2573 3993 ⁵.
2614 3940 2827 3998 Deinde
2876 3945 3151 4015 prteputio
3200 3944 3462 4015 praeditos

1870 4032 1957 4088 his
1986 4033 2164 4088 verbis
2219 4034 2581 4088 hortabatur:
2617 4031 2802 4089 Nolite
2832 4035 3165 4090 circumcidi.
3210 4034 3357 4091 Nam
3412 4036 3460 4090 si

1869 4125 2342 4191 circumcidamiui,
2363 4123 2606 4181 Christus
2625 4125 2760 4180 nihil
2773 4127 3008 4195 proderit
3028 4127 3071 4181 ⁸.
3095 4126 3462 4183 Circumcisio

1871 4226 2035 4283 porro
2068 4212 2258 4266 tandiu
2315 4228 2475 4269 suum
2525 4222 2743 4284 tempus
2789 4214 3004 4279 habuit,
3050 4215 3226 4271 donec
3280 4216 3461 4289 major

1868 4303 2223 4358 circumcisio
2265 4304 2386 4374 ejus
2431 4312 2518 4360 est
2552 4304 2675 4359 loco
2706 4304 3028 4369 substitute,
3072 4305 3228 4377 113
3259 4322 3459 4377 nempe
3548 4376 3551 4379 η

1870 4394 1961 4447 illa
2017 4394 2237 4451 lotionis
2287 4397 2478 4451 iterata
2541 4396 2867 4464 generatio;
2936 4396 2990 4450 id
3056 4398 3201 4468 quod
3250 4399 3457 4453 nemini

212 4485 374 4561 κνυται
412 4476 519 4529 ἀπὸ
559 4476 671 4529 τῶν
723 4476 874 4549 παρά
914 4480 1027 4543 τοῖς
1072 4479 1393 4545 ἀποστόλοις
1435 4482 1764 4555 εἰρημένων,

1879 4487 2167 4541 obscurum
2224 4495 2330 4553 est,
2388 4487 2809 4558 evidentiusque
2845 4504 2943 4560 per
2970 4504 3034 4544 ea
3069 4505 3190 4561 quae
3231 4505 3355 4544 cum
3387 4490 3458 4545 ab

214 4560 421 4628 μάλιστα
451 4567 603 4639 παρά
637 4567 718 4640 τῷ
762 4570 902 4641 ἁγίῳ
938 4571 1266 4644 Ἀποστόλῳ.
1295 4575 1498 4629 Φάπκει
1536 4575 1641 4647 γὰρ
1673 4575 1766 4629 οὖ-

218 4663 329 4715 θως·
366 4655 463 4722 Οἷς
497 4656 643 4712 οὐδὲ
688 4658 840 4726 πρὸς
877 4658 1040 4728 ὥραν
1074 4661 1323 4730 εἴξαμεν
1350 4663 1430 4734 τῇ
1468 4665 1761 4736 ὑποταγῇ.

212 4736 356 4795 Παντὶ
383 4744 442 4797 δὲ
470 4746 549 4817 τῷ
575 4746 883 4820 βουλομένῳ
908 4754 1189 4806 κατανοεῖν
1210 4751 1281 4807 τὰ
1306 4754 1457 4826 παρά
1482 4758 1596 4820 τοῖς
1624 4757 1763 4810 ἀπο-

212 4831 392 4898 στόλοις
430 4838 555 4893 τότε
605 4842 1144 4914 πεπραγματευμένα
1163 4884 1178 4909 ,
1222 4843 1500 4917 θαυμάσαι
1550 4846 1760 4910 ἔπεστι,

212 4921 311 4988 πῶς
330 4928 396 4982 τὰ
414 4932 566 5004 παρά
584 4935 650 5004 τῇ
676 4934 885 5006 αἱρέσει
909 4935 1080 5008 ταύτῃ
1101 4935 1163 5002 ἐξ
1192 4938 1434 5003 ἐπινοίας
1456 4939 1765 5011 πνεύματος

213 5012 395 5089 πλάνης
419 5022 777 5095 ὲνεργηθέντα
804 5025 897 5080 τὸν
928 5029 1253 5100 χαρακτῆρα
1281 5028 1628 5085 ὑποδείκνυσι
1654 5031 1764 5085 τῶν

212 5100 287 5158 διὰ
310 5109 411 5163 τῶν
440 5114 705 5187 αἱρέσεων
733 5116 941 5171 τούτων
973 5120 1034 5171 ὲν
1065 5122 1181 5183 τοῖς
1207 5120 1529 5186 ἀποστόλοις
1554 5122 1655 5194 τὴν
1678 5121 1764 5176 κι-

216 5205 347 5262 νησιν
386 5203 793 5278 ἐργασαμένων.
826 5207 1209 5263 ’Δποστάντων
1250 5208 1359 5281 γάρ
1402 5210 1628 5276 τούτων,
1668 5213 1764 5267 καὶ

218 5280 283 5345 εἰς
317 5286 767 5361 ψευδαποστόλους
813 5300 1163 5369 τραπέντων,
1216 5301 1311 5355 καὶ
1331 5280 1548 5366 ἀλλους
1596 5302 1759 5372 ψευδ-

217 5379 514 5465 αςιωστόλους
548 5387 1002 5451 ἀποστειλάντων,
1047 5390 1125 5454 ὡς
1157 5392 1250 5444 καὶ
1287 5391 1386 5463 ἤδη
1414 5392 1757 5465 προείρηται.

308 5467 397 5539 τὴν
435 5474 754 5550 Ἀντιόχειαν
791 5482 849 5535 ὲν
880 5483 1047 5554 ἀρχῇ,
1077 5484 1170 5537 καὶ
1200 5485 1283 5548 εἰς
1309 5460 1511 5549 ἀλλους
1535 5460 1756 5550 τοπους,

219 5547 461 5629 λέγοντας,
486 5547 767 5635 ach-Td?
807 5574 895 5646 μὴ
920 5547 1357 5647 ’.περιτμηθῆτῆ
1421 5547 1522 5633 καὶ
1562 5547 1761 5648 sou/lci;

1872 4577 1996 4632 aliis
2055 4578 2339 4647 apostolis,
2370 4587 2483 4632 tum
2543 4580 2816 4650 praacipue
2848 4595 2876 4632 a
2918 4577 3089 4634 Paulo
3117 4578 3263 4634 dicta
3302 4588 3453 4646 sunt,

1870 4667 2200 4723 ostenditur.
2253 4668 2330 4722 Ita
2381 4670 2526 4723 enim
2563 4669 2694 4724 ille:
2732 4669 2937 4736 Quibus
2983 4685 3145 4739 neque
3179 4670 3247 4723 ad
3268 4670 3456 4725 horam

1869 4761 2120 4815 cessimus
2172 4759 2514 4830 subjectione.
2571 4759 2727 4828 Quod
2784 4763 2830 4817 si
2894 4761 3019 4831 quis
3061 4776 3123 4817 ea
3170 4775 3292 4831 quae
3337 4771 3453 4816 tum

1869 4850 1937 4906 ab
1986 4850 2249 4922 apostolis
2305 4862 2458 4925 gesta
2512 4860 2642 4907 sunt
2702 4850 3141 4907 animadvertere
3193 4852 3450 4914 voluerit,

1866 4940 1996 4995 huic
2029 4941 2287 4995 admirari
2318 4942 2642 5011 cumprimis
2669 4949 2945 5004 occurret,
2988 4940 3450 5010 quemadmodum

1863 5044 1986 5100 qua:
2006 5039 2120 5085 tum
2149 5030 2217 5083 ab
2248 5031 2348 5083 hac
2383 5028 2578 5085 haeresi
2596 5028 2879 5084 mendacis
2926 5028 3190 5084 instinctu
3220 5027 3451 5097 spiritus

1865 5122 2243 5177 administrata
2261 5121 2679 5191 sunt,'proprias
2703 5121 2922 5176 illorum
2943 5131 3103 5175 notas
3117 5120 3447 5189 exprimant,

1864 5212 1956 5283 qui
1986 5226 2083 5283 per
2116 5211 2425 5267 istiusmodi
2450 5212 2687 5267 haereses
2721 5220 2904 5267 motus
2944 5211 3066 5265 illos
3098 5209 3153 5264 in
3183 5209 3447 5279 apostolis

1865 5303 2215 5360 concitarunt
2245 5320 2259 5357 :
2286 5318 2413 5358 nam
2446 5317 2573 5358 cum
2601 5302 2692 5358 isti
2722 5318 2750 5356 a
2797 5302 2921 5357 tidei
2965 5300 3277 5372 integritate
3298 5299 3447 5355 defe-

1865 5400 2089 5464 cissent,
2116 5407 2169 5453 et
2196 5399 2249 5452 in
2273 5396 2440 5453 falsos
2460 5397 2741 5468 apostolos
2769 5402 2957 5453 essent
2980 5392 3253 5461 conversi,
3279 5392 3447 5450 alios-

1866 5503 1973 5559 que
2013 5486 2235 5558 perinde
2286 5486 2455 5543 lalsos
2488 5487 2768 5556 apostolos
2815 5486 3115 5550 misissent,
3164 5484 3259 5557 qui
3290 5484 3441 5541 dice.

1868 5582 1991 5636 rent
2035 5578 2204 5634 :Nisi
2245 5578 2748 5650 circumcidamiui,
2803 5589 2855 5634 et
2912 5576 3226 5635 custodiatis
3278 5577 3447 5649 legem

280 5731 295 5762 ¹
331 5736 439 5795 Act.
481 5759 553 5812 xl,
593 5748 741 5807 3.12.
819 5755 838 5785 ³
873 5751 992 5808 Act.
1030 5770 1082 5818 κ,
1112 5754 1199 5809 l7.
1276 5753 1296 5787 ³
1323 5756 1441 5810 Act.
1480 5771 1551 5822 x1,
1581 5756 1631 5811 5.
1711 5756 1730 5789 "
1763 5713 1940 5813 Galatf
1976 5774 2032 5824 ιι,
2070 5757 2187 5814 ’5‹5.
2268 5758 2289 5790 ⁸
2325 5756 2501 5815 Galat.
2550 5774 2604 5824 ν,
2634 5756 2688 5811 2.
