4022 6432
578 314 698 378 383⁹
905 338 914 346 ’
1997 320 2055 378 S.
2097 319 2166 375 ΕΙ

2229 319 2437 375 διιειΝΙΙ
3728 320 3817 380 εει

586 435 784 507 Moysi,
809 452 914 492 non
943 426 1166 507 poiestis
1195 437 1395 493 salvari
1413 438 1451 501 ³,
1486 436 1679 507 ingens
1711 436 1836 495 inde
1861 437 2002 494 facta
2020 454 2169 495 com—

2231 483 2245 513 ι
2272 439 2415 506 ξητε
2449 439 2555 492 τὸν
2590 439 2775 507 νόμον
2813 434 3129 503 Μωῢσέως,
3160 436 3230 489 οὐ
3260 433 3527 489 δύνασθε
3560 436 3819 506 σωθῆναι·

588 530 758 584 motio
795 536 902 595 est,
936 540 995 585 ut
1045 538 1173 585 ante
1202 530 1465 584 diximus.
1511 530 1690 600 Atque
1748 531 1825 585 illi
1877 532 1981 602 ipsi
2036 541 2169 587 sunt

2280 530 2380 598 οὐχ
2404 532 2436 600 ἡ
2465 528 2707 599 τυχοῦσα
2729 527 2847 581 τότε
2883 526 3097 599 ταραχὴ
3141 524 3381 593 ἐγένετο,
3404 523 3482 589 ὡς
3510 526 3820 600 προείρηται.

587 634 728 687 quos
766 619 970 675 Paulus
1006 619 1172 675 falsos
1203 620 1481 689 apostolos
1512 628 1694 685 vocat,
1721 622 2008 691 operarios
2039 621 2172 677 sub-

2270 621 2382 674 Kai.
2405 615 2548 674 οὗτοί
2593 622 2729 673 εἰσιν
2771 621 2821 671 oi.
2871 616 3023 689 παρά
3059 615 3137 687 τῷ
3174 616 3373 687 Παύλῳ
3400 617 3675 689 εἰρημένα
3696 618 3826 687 ψευδ-

590 711 769 777 dolos,
801 710 1260 767 transformantes
1285 726 1343 767 se
1366 711 1421 765 in
1453 713 1733 782 apostolos
1772 712 1980 769 Christi
2019 715 2063 770 '.

2272 711 2579 772 απόστολοι,
2626 710 2854 781 ἐργάται
2896 707 3092 774 δόλιοι,
3137 707 3727 779 μετασχηματιζόμενοι
3761 713 3826 775 εἰς

2272 799 2601 864 ἀποστόλους
2629 799 2890 872 Χριστοῦ.
3498 865 3504 870 α

663 881 732 937 ν.
772 884 1008 940 Mattbaai
1043 886 1188 940 enim
1229 884 1524 958 Evangelio
1564 902 1675 941 non
1705 887 1937 959 integro,
1982 887 2078 944 sed
2106 904 2173 943 ex

2346 893 2423 946 E'.
2473 890 2729 963 Χρῶνται
2760 891 2870 963 γὰρ
2912 890 2990 962 τῷ
3028 889 3171 945 κατὰ
3216 888 3495 943 Ματθαίον
3541 886 3828 961 Εὐαγγελίῳ

594 989 749 1047 parte
785 977 1055 1031 duntaxat
1088 985 1340 1043 utuntur,
1372 979 1633 1033 nimirum
1666 990 1886 1049 propter
1929 980 2177 1050 genealo-

2275 983 2384 1037 ἀπὸ
2420 983 2642 1055 μέρους,
2680 984 2775 1036 καὶ
2829 982 2953 1053 οὐχὶ
2984 981 3091 1052 ὅλῳ
3114 998 3128 1012 ·
3167 980 3303 1034 ἀλλά
3341 979 3436 1034 διὰ
3477 981 3578 1050 τὴν
3615 981 3831 1049 γενεαλο-

592 1071 758 1139 giam,
796 1084 919 1139 qua:
966 1069 1088 1139 ejus
1129 1077 1216 1125 est
1259 1071 1444 1124 carnis
1477 1070 1719 1141 propria,
1763 1070 1910 1141 quod
1957 1070 2175 1140 quidem

2275 1072 2405 1140 γίαν
2442 1072 2543 1143 τὴν
2577 1070 2862 1142 ἐνσαρκον,
2898 1071 2994 1125 καὶ
3038 1070 3242 1140 ταύτην
3284 1068 3595 1141 μαρτυρίαν
3636 1068 3828 1140 φέρουσι

594 1158 870 1232 Evangelii
926 1162 1297 1218 testimonium
1342 1161 1596 1227 aﬂ‘enint,
1649 1170 1812 1232 atque
1859 1162 1931 1216 ita
1980 1161 2178 1232 pradi-

2277 1161 2386 1215 ἀπο
2428 1160 2523 1214 τοῦ
2567 1160 2922 1229 Εὑαγγελίου,
2956 1161 3118 1214 πάλιν
3147 1160 3423 1228 λέγοντες,
3468 1160 3551 1212 ὅτι
3598 1159 3833 1227 Ἄρκετὸν

592 1259 742 1305 cant.
776 1250 977 1322 Sufﬁcit
1006 1252 1290 1321 discipulo,
1324 1252 1373 1307 si
1421 1254 1490 1306 sit
1532 1254 1669 1307 sicut
1711 1255 1961 1323 magister
1996 1257 2109 1323 ejus
2134 1254 2175 1307 '.

2280 1248 2359 1315 τῷ
2376 1249 2638 1321 μαθητῇ,
2668 1252 2770 1304 ἵνα
2802 1249 3042 1320 γένηται
3066 1250 3148 1315 ὡς
3172 1251 3205 1302 ὀ
3225 1247 3619 1314 διδάσκαλος.
3650 1248 3710 1300 Τί
3726 1244 3830 1314 οὖν,

595 1341 738 1408 Quid
789 1343 976 1413 igitur,
1031 1342 1326 1413 inquiunt?
1380 1344 1754 1400 Circumcisus
1790 1354 1875 1401 est
1901 1344 2178 1401 Jesusztu

2282 1341 2437 1410 φασί;
2463 1339 2818 1412 Περιετμήθη
2842 1342 2871 1393 ό
2905 1340 3129 1411 Ἰησοῦς·
3162 1337 3540 1411 περιτμήθητι
3565 1339 3657 1390 καὶ
3678 1338 3831 1400 αὐτός.

596 1448 817 1503 quoque
862 1433 981 1502 ipse
1014 1434 1429 1490 circumcidere.
1461 1434 1717 1491 Christus
1760 1452 1826 1492 ex
1871 1437 2007 1506 legis
2040 1452 2180 1507 pra:-

2280 1431 2514 1503 Χριστδς
2547 1430 2689 1485 κατά
2719 1431 2902 1502 νόμον,
2937 1431 3121 1501 φασὶν,
3151 1428 3560 1493 ἐπολιτεύσατο,
3589 1428 3679 1481 καὶ
3703 1427 3835 1490 αὖτίς

598 1524 809 1593 scripto
837 1525 1005 1578 vitam
1030 1525 1269 1580 instituit
1293 1542 1308 1580 :
1332 1534 1390 1580 tu
1418 1526 1585 1598 igitur
1611 1526 1799 1582 eadem
1833 1526 2021 1583 facito.
2044 1527 2181 1583 Hinc

2282 1525 2351 1577 τὰ
2388 1523 2479 1577 ίσα
2509 1524 2756 1593 ποίησον.
2793 1522 2956 1576 Ὅθεν
3002 1520 3096 1575 καί
3129 1538 3275 1585 τινες
3300 1523 3366 1574 ἐκ
3395 1519 3624 1584 τούτων,
3659 1518 3727 1582 ὡς
3751 1520 3836 1573 ὑπὸ

600 1616 850 1669 nonnulli
882 1616 963 1671 sic
1001 1617 1070 1672 ab
1092 1619 1201 1674 illis
1224 1625 1483 1689 tanquam
1521 1619 1805 1675 venenatis
1838 1620 2183 1690 serpentibus

2282 1615 2624 1687 δηλητηρίων
2652 1614 3124 1687 ὑφαρπαχθὲντες,
3168 1613 3450 1667 πείθονται
3494 1614 3612 1673 ταῖς
3642 1610 3833 1664 πιθανο-

599 1705 816 1773 abrepti
849 1705 1246 1761 verisimilibus
1272 1705 1489 1761 illorum
1522 1707 1828 1761 rationibus
1873 1707 2185 1762 assentiun-

2284 1707 2493 1776 λογίαις
2530 1707 2621 1761 διὰ
2658 1707 2718 1760 τὸ
2755 1706 2847 1761 τὸν
2891 1705 3125 1777 Χριστὸν
3177 1703 3632 1777 πεμτετμῆσθαι.
3665 1702 3757 1759 Τὸν
3789 1703 3834 1756 δὲ

600 1801 715 1859 tur,
748 1808 815 1849 ex
848 1808 916 1848 eo
967 1796 1203 1851 maxime
1232 1797 1379 1866 quod
1409 1803 1463 1849 et
1504 1795 1757 1852 Christus
1805 1797 2185 1853 circumcisio-

2243 1798 2262 1851 ι
2287 1797 2498 1852 Παῦλον
2527 1797 2800 1863 ἀθετοῦσι,
2835 1798 2924 1853 διὰ
2951 1798 3013 1852 τὸ
3051 1798 3125 1869 μὴ
3151 1794 3442 1851 πείθεσθαι
3480 1797 3546 1866 τῇ
3577 1796 3831 1865 περιτομῇ.

603 1900 726 1939 nem
773 1886 1097 1956 susceperit.
1149 1887 1304 1953 Quod
1350 1887 1417 1942 ad
1462 1886 1693 1942 Paulum
1736 1890 1991 1959 pertinet,
2039 1889 2185 1944 hunc

2302 1891 2461 1945 Ἀλλά
2485 1893 2579 1945 καὶ
2602 1891 2949 1947 ἐκϐάλλουσιν
2970 1891 3155 1955 αὐτὸν,
3185 1888 3352 1943 διὰτὸ
3371 1886 3668 1959 είρηκέναι’
3697 1887 3832 1939 Ὅσοι

604 1977 824 2047 penitus
853 1971 1174 2049 explodun't,
1208 1989 1495 2051 propterea
1526 1981 1671 2053 quod
1707 1982 2185 2037 circumcisionen

2288 1983 2357 2035 ἐν
2382 1984 2543 2052 νόμῳ
2567 1982 2933 2047 δικαιοῦσθε,
2964 1980 3075 2049 τῆς
3103 1980 3345 2050 χάριτος
3382 1977 3722 2044 ἐξεπέσατε·
3758 1975 3833 2028 καὶ

602 2068 894 2131 abdicarit,
938 2078 993 2125 et
1022 2071 1275 2126 eumdem
1319 2072 1527 2128 idcirco
1558 2074 1834 2143 rejicinnt,
1866 2074 2013 2144 quod
2042 2073 2187 2131 istud

2288 2073 2393 2135 ὅτι,
2459 2072 2601 2126 Ἐὰν
2657 2071 3112 2143 περιτέμνησθε,
3168 2069 3429 2140 Χριστὸς
3485 2066 3638 2140 ὑμᾶς
3688 2065 3837 2121 οὐδὲν

602 2159 967 2226 usrrrpaverit.
998 2158 1305 2230 Quicunque
1334 2159 1388 2214 in
1425 2159 1532 2230 lege
1554 2160 1932 2230 justiﬁcamini
1961 2177 1993 2214 a
2014 2161 2191 2231 gratia
2290 2164 2612 2233 ὠφελήσει.

600 2249 942 2316 εαεὶάίειὶεδς
990 2258 1068 2318 et,
1125 2249 1188 2307 Si
1237 2252 1717 2318 circumcidamini,
1767 2251 2013 2308 Christus
2058 2252 2192 2306 nihil

602 2341 745 2397 vobis
773 2341 1005 2410 proderit
1021 2345 1067 2397 ⁸.

678 2428 765 2484 γι.
809 2432 890 2487 Ad
936 2433 1051 2487 haec
1090 2432 1389 2491 Cerinthus
1429 2435 1597 2491 homo
1636 2435 1890 2499 stolidus,
1932 2450 1999 2490 ac
2037 2434 2193 2489 stoli-

2365 2435 2439 2489 Z'.
2473 2425 2642 2495 Οὗτος
2669 2430 2726 2485 δὲ
2752 2432 2780 2485 ὁ
2801 2429 3073 2503 Κήρινθος
3107 2429 3333 2499 ἀνόητος
3356 2428 3457 2481 καὶ
3482 2426 3711 2495 ἀνοήτων
3722 2422 3837 2479 διδά-

603 2520 800 2577 dorum
845 2525 1130 2595 magister,
1154 2525 1349 2582 dicere
1385 2526 1518 2581 nihil
1572 2536 1657 2583 est
1693 2528 1927 2592 veritus,
1966 2541 2189 2598 passum

2296 2523 2495 2587 σκαλος
2524 2523 2723 2593 φάσκει
2752 2520 2916 2575 πάλιν
2940 2519 3242 2591 τολμήσας.
3281 2519 3525 2590 Χριστὸν
3555 2514 3837 2571 πεπονθέναι

605 2614 824 2686 quidem
871 2629 935 2668 ac
967 2616 1292 2671 cruciﬁxum
1333 2634 1457 2675 esse
1492 2618 1795 2685 Christum,
1836 2619 2079 2674 nondum
2112 2628 2193 2674 ta-

2295 2617 2389 2671 καὶ
2420 2613 2820 2686 ἐσταυρῶσθαι,
2867 2614 3036 2685 μήπω
3068 2612 3126 2666 δὲ
3166 2610 3496 2682 ἐγηγέρθαι.
3550 2607 3761 2663 Μέλλειν
3794 2604 3837 2658 δὲ

604 2717 731 2758 men
776 2718 807 2756 a
858 2706 1094 2761 mortuis
1140 2707 1465 2774 excitatum,
1517 2723 1583 2763 ac
1640 2716 1754 2763 tum
1805 2708 2025 2764 demum
2068 2723 2192 2763 cum

2294 2704 2639 2771 ἀνίστασθαι,
2672 2707 2800 2762 ὅταν
2829 2708 2863 2777 ἡ
2890 2704 3120 2759 καθόλου
3155 2702 3385 2773 γένηται
3417 2700 3623 2772 νεκρῶν
3644 2697 3837 2752 ἀνάστα-

609 2793 813 2847 mortui
852 2803 1137 2866 resurgent
1174 2812 1365 2853 omnes
1394 2799 1770 2853 excitandum.
1808 2798 1996 2869 Itaque
2046 2800 2197 2866 ejus«

2298 2817 2404 2863 σις.
2461 2797 2766 2853 ’Δσύστατα
2810 2797 2988 2850 τοίνυν
3030 2795 3208 2850 ταῦτα
3249 2795 3386 2866 παρ’
3437 2793 3661 2855 ἐκείνοις
3698 2788 3759 2843 τά
3791 2804 3835 2840 τε

611 2885 757 2940 modi
789 2885 1007 2941 illorum
1047 2896 1101 2943 et
1135 2889 1301 2956 dicta,
1331 2897 1386 2945 et
1428 2890 1687 2961 dogmata
1731 2891 2008 2947 cohaerere
2041 2890 2196 2946 nullo

2297 2892 2520 2964 ῥήματα
2553 2891 2649 2945 καὶ
2681 2890 2947 2961 νοήματα.
2984 2889 3149 2942 Ὅθεν
3178 2887 3274 2942 καὶ
3295 2888 3323 2939 ὁ
3349 2884 3568 2948 Παῦλος
3595 2879 3838 2950 ἐκπληττό-

608 2977 772 3032 modo
800 2987 1056 3049 possunt.
1097 2981 1449 3054 lndidemque
1473 2982 1683 3039 Paulus
1714 2983 1797 3039 sic
1847 2998 1942 3039 eos
1979 2983 2072 3053 qui
2109 2998 2196 3039 re-

2302 2996 2463 3050 μενος
2484 2982 2598 3043 τοῖς
2631 2979 2729 3050 μὲν
2757 2978 3050 3034 ἀπιποῦσι
3080 2981 3148 3049 τῇ
3195 2976 3495 3031 ἀναστάσει
3532 2972 3636 3028 τῶν
3669 2968 3836 3042 νεκρῶν

609 3078 959 3123 surrecturos
986 3079 1236 3127 mortuos
1264 3071 1569 3127 dilliderent
1596 3071 1890 3142 redarguit.
1918 3071 1979 3128 Si
2001 3073 2197 3127 mortui

2297 3074 2365 3144 τῇ
2408 3070 2675 3143 μελλούσῃ
2704 3070 2942 3135 ἔσεσθαι,
2968 3069 3133 3139 λέγει’
3176 3072 3246 3123 El
3269 3068 3474 3137 νεκροὶ
3496 3069 3603 3122 οὐκ
3623 3064 3828 3135 ἐγείρσνκ

608 3175 713 3213 non
747 3169 1048 3230 resurgunt,
1093 3178 1254 3234 neque
1290 3161 1534 3219 Christus
1579 3165 1931 3221 resurrexit“.
1964 3163 2196 3220 Eodem-

2249 3149 2269 3208 ἶ
2302 3181 2417 3231 ται,
2440 3161 2583 3218 οὐδὲ
2606 3162 2861 3232 Χριστὸς
2887 3160 3216 3232 ἐγήγερταιο
3249 3160 3345 3214 καὶ
3374 3160 3461 3223 τὸ,
3486 3157 3747 3227 Φάγωμεν
3763 3156 3837 3206 καὶ

608 3267 717 3323 que
753 3255 988 3322 pertinet
1033 3253 1166 3308 illud
1198 3273 1211 3310 :
1252 3253 1488 3311 Edamus
1516 3264 1567 3311 et
1600 3256 1861 3324 bibamus,
1897 3274 2018 3311 cras
2061 3257 2196 3311 milia

2301 3254 2543 3322 πίωμεν*
2568 3253 2776 3322 αὔριον
2788 3252 2899 3323 γὰρ
2913 3251 3395 3321 ἀποθνήσκομεν
3415 3249 3602 3315 καὶτὸ,
3619 3246 3706 3313 Μὴ
3726 3246 3838 3297 πλα-

606 3345 954 3400 moriemur".
997 3345 1158 3419 114
1185 3345 1322 3401 Tum
1361 3348 1505 3404 istud
1541 3366 1555 3403 :
1599 3346 1782 3403 Nolite
1820 3365 2042 3404 errare:
2068 3347 2194 3404 Cor-

2301 3345 2512 3401 réade-
2535 3347 2886 3417 φθείρουσιν
2906 3344 3021 3413 ἤθη
3050 3345 3285 3413 χρηστὰ
3306 3343 3536 3411 ὁμιλίαι
3553 3336 3733 3393 κακαί·
3756 3332 3837 3386 πά-

607 3445 858 3504 rumpunt
892 3437 1054 3491 bonos
1101 3454 1272 3493 mores
1310 3440 1576 3510 colloquia
1597 3455 1763 3508 prava
1779 3441 1826 3495 ⁸.
1871 3441 1949 3496 Ac
1966 3456 2195 3501 ,rursum

2302 3439 2387 3494 λιν
2405 3439 2462 3497 δὲ
2492 3442 2606 3503 τοῖς
2625 3439 2847 3507 λέγουσι
2870 3438 2961 3491 τὸν
2987 3436 3221 3509 Χριστὸν
3261 3435 3493 3507 μηδέπω
3522 3426 3838 3503 ἐγηγερμένον

610 3543 736 3594 eos,
783 3530 876 3598 qui
922 3528 1204 3584 Christum
1255 3530 1435 3588 adhuc
1487 3533 1861 3589 resurrexisse
1903 3540 2198 3605 negarent,

2303 3531 2567 3598 ὡσαύτως
2593 3533 2684 3586 τὸν
2717 3531 2939 3602 ἔλεγχον
2985 3530 3262 3600 ἐπιφέρει,
3294 3529 3493 3598 λέγων*
3538 3529 3601 3581 El
3633 3518 3840 3592 Χριστίλς

494 3660 504 3667 .
610 3616 717 3671 hoc
782 3618 946 3671 modo
992 3619 1315 3675 convincit:
1353 3619 1413 3675 Si
1446 3619 1691 3677 Christus
1734 3638 1837 3677 non
1888 3640 2082 3678 resurrt

2303 3625 2415 3678 οὐκ
2457 3622 2787 3694 ἐγήγερται,
2820 3622 3078 3693 μάταιον
3115 3620 3181 3675 τὸ
3222 3618 3504 3691 κήρυγμα
3543 3615 3719 3688 ἡμῶν.
3753 3625 3837 3682 μα·

612 3725 749 3763 vana
788 3719 868 3764 est
909 3710 1222 3778 prwdicatio
1264 3722 1484 3774 nostra;
1513 3714 1691 3767 inanis
1733 3723 1783 3767 et
1819 3715 1948 3781 ﬁdes
1991 3725 2200 3770 vestra:

2304 3715 2442 3769 rata
2469 3714 2567 3769 καί
2590 3716 2628 3783 ἡ
2653 3716 2857 3780 πίστις
2884 3710 3073 3783 ὑμῶν’
3099 3713 3502 3781 εὑρισκόμεθα
3525 3708 3591 3762 δὲ
3620 3704 3840 3771 www-

612 3800 907 3853 invenimur
935 3809 1113 3855 autem
1152 3810 1201 3855 et
1247 3802 1375 3872 falsi
1408 3811 1563 3857 testes
1597 3803 1715 3865 Dei,
1756 3805 2008 3873 quoniam
2036 3805 2200 3859 susci-

2304 3805 2671 3877 δομὰρτιιρες
2700 3806 2809 3861 ⁴τοῦ
2836 3805 3014 3870 Θεοῦ,
3040 3805 3128 3859 ὅτι
3150 3803 3351 3874 ἤγειρε
3376 3803 3487 3856 τὸν
3510 3793 3760 3870 Χριστὸν,
3785 3790 3841 3843 ὃν

614 3895 745 3946 tavit
786 3892 1074 3959 Christum,
1119 3911 1272 3965 quem
1303 3912 1407 3949 non
1436 3896 1771 3976 suscitavitf.
1806 3896 2016 3963 Quibus
2060 3897 2202 3953 indi-

2304 3901 2419 3953 οὐκ
2462 3898 2721 3970 ἤγειρενο
2750 3898 2826 3963 ὡς
2859 3898 2970 3952 τῶν
3022 3898 3122 3970 μὲν
3158 3896 3477 3951 ἀποστόλων
3515 3888 3840 3976 κηρυττόναιιν

612 3992 731 4047 cat,
787 3982 1070 4038 Christum
1127 4000 1158 4040 a
1221 3988 1457 4042 mortuis
1506 3974 1806 4042 excitatum
1873 3988 2200 4057 praedicasse

2306 3990 2543 4061 Χριστὸν
2595 3990 2909 4062 ἐγηγέρθαι,
2968 3990 3130 4043 τινῶν
3191 3988 3250 4043 δέ
3304 3987 3568 4057 αἱρέσεων
3615 3974 3839 4051 λεγουσῶν

611 4074 834 4143 quidem
882 4078 1188 4149 apostolos,
1229 4078 1497 4151 quasdam
1534 4093 1665 4134 vero
1703 4078 1942 4134 haereses
1986 4080 2199 4136 tametsi

2306 4078 2543 4149 Χριστὸν
2587 4080 2684 4151 μὲν
2729 4078 3049 4151 ἐγηγέρθαι,
3089 4079 3317 4150 νεκροὺς
3359 4076 3420 4131 δέ
3453 4076 3527 4147 μὴ
3559 4064 3838 4143 ἐγείρεσθαι⁴

611 4168 923 4225 surrexisse
982 4169 1262 4226 Christum
1318 4179 1672 4237 assererem,
1723 4177 2070 4226 mortuorum
2121 4180 2199 4227 ta<

2321 4171 2409 4224 Ἐν
2434 4170 2606 4244 ταύτῃ
2632 4171 2738 4242 γὰρ
2766 4173 2833 4244 τῇ
2874 4170 3117 4243 πατρίδι,
3146 4170 3290 4241 φημὶ
3319 4170 3377 4222 δὲ
3428 4169 3602 4240 ’Δσίᾳ,
3630 4161 3747 4219 ἀλλὰ
3767 4155 3840 4212 καὶ

611 4274 737 4314 men
772 4261 1236 4318 resurrectionem
1278 4276 1533 4333 negasse.
1586 4261 1798 4317 Etenim
1847 4262 1905 4318 in
1948 4263 2051 4318 hac
2087 4264 2199 4334 ipsa

2307 4260 2367 4313 ἐν
2391 4263 2458 4332 τῇ
2490 4261 2729 4335 Γαλατίᾳ
2754 4263 2895 4316 πάνυ
2920 4262 3138 4333 ἧκμασε
3170 4262 3232 4315 τὺ
3264 4260 3473 4316 τούτων
3500 4254 3838 4314 διδασκαλεῖον,

612 4349 836 4419 regione
882 4351 1045 4415 Asiaa,
1080 4366 1295 4406 necnon
1357 4358 1413 4406 et
1459 4351 1513 4404 in
1547 4348 1761 4407 Galatia
1804 4353 2023 4407 illorum
2058 4352 2200 4423 ejus-

2309 4354 2368 4405 ἐν
2389 4347 2469 4416 οἷς
2494 4351 2588 4407 καί
2611 4370 2662 4407 τι
2696 4353 3048 4423 παραδόσεως
3072 4355 3306 4426 πρᾶγμα
3332 4348 3497 4424 ἦλθεν
3518 4353 3597 4415 είς
3617 4348 3764 4420 ἡμᾶς·
3782 4339 3839 4401 ὡς

614 4439 763 4493 modi
809 4441 997 4496 schola
1053 4444 1378 4511 cumprimis
1422 4458 1488 4498 ac
1528 4443 1821 4514 disciplina
1881 4442 2085 4499 ﬂoruit.
2130 4444 2202 4501 De

2249 4484 2289 4543 Β
2309 4445 2470 4499 τινῶν
2501 4445 2601 4516 μὲν
2622 4448 2753 4517 παρ’
2775 4448 2958 4511 αὐτοῖς
2983 4445 3403 4519 προφθανόντων
3427 4442 3723 4510 τελευτῆσαι
3733 4434 3837 4543 ξνξυ

614 4545 725 4598 quo
770 4531 918 4586 istud
965 4547 997 4585 a
1047 4533 1355 4602 majoribus
1385 4533 1649 4588 traditum
1694 4535 2030 4605 accepimus,
2068 4551 2202 4592 non-

2249 4519 2286 4543 ν
2315 4535 2711 4607 βαπτίσματος,
2746 4537 2940 4600 ἀλλους
2970 4538 3028 4591 δὲ
3057 4539 3173 4593 ἀντ’
3205 4536 3387 4591 αὐτῶν
3429 4538 3510 4599 είς
3543 4534 3699 4602 δνομα
3730 4519 3837 4577 ἐκεί-

616 4622 798 4679 nullos
823 4639 889 4677 ex
919 4637 987 4678 eo
1013 4638 1211 4694 genere
1241 4624 1381 4679 citra
1412 4625 1749 4695 baptismum
1782 4628 2115 4695 excessisse,
2140 4644 2204 4684 ac

2313 4645 2419 4681 νων
2447 4627 2823 4699 βαπτίζεσθαι,
2854 4631 2993 4702 ὑπὲρ
3025 4630 3119 4683 τοῦ
3161 4630 3236 4702 μὴ
3266 4631 3325 4682 ἐν
3349 4631 3416 4701 τῇ
3447 4624 3720 4682 ἀναστάσει
3739 4616 3837 4668 ἀνα-

615 4729 718 4784 pro
747 4714 814 4770 iis
845 4715 985 4770 alios
1028 4717 1361 4787 baptismum
1398 4719 1720 4773 earumdem
1756 4720 2067 4788 suscepisse
2114 4737 2203 4775 no-

2314 4719 2545 4783 στάντας
2575 4720 2773 4784 αὐτοὺς
2798 4721 2952 4793 δίκην
2981 4720 3166 4776 δοῦναι
3191 4721 3480 4793 τιμωρίας,
3511 4718 3762 4790 βάπτισμα
3780 4703 3835 4778 μὴ

616 4807 787 4871 mine,
824 4824 894 4863 ne
922 4823 1047 4864 cum
1088 4818 1334 4865 extrema
1363 4811 1582 4865 demum
1611 4811 2017 4868 resurrectione
2044 4827 2204 4867 revo-

2312 4810 2625 4883 είληφότας,
2649 4811 2907 4881 ’γίνεσθαι
2954 4814 3012 4867 δέ
3061 4813 3407 4884 ὑποχειρίους
3437 4812 3535 4883 τῆς
3563 4804 3651 4863 τοῦ
3674 4813 3835 4869 κοσμο-

615 4899 726 4954 cati
754 4901 820 4955 ad
854 4900 1023 4955 vitam
1069 4910 1277 4969 essent,
1319 4902 1676 4973 praetermissi
1720 4902 1978 4973 baptismi
2018 4917 2203 4972 poenas

2310 4902 2466 4957 ποιοῦ
2496 4903 2764 4971 ἐξουσίας.
2799 4905 2911 4958 Καὶ
2931 4905 3123 4959 τούτου
3152 4905 3315 4959 ἕνεκα
3342 4906 3377 4977 ἡ
3405 4902 3684 4975 παράδοσις
3700 4886 3833 4969 (Μή

614 4988 1009 5059 dependerent,
1038 5001 1203 5062 atque
1232 4992 1353 5061 ejus
1383 4994 1477 5063 qui
1523 4993 1787 5049 mundum
1819 4994 2071 5049 condidit
2107 4994 2202 5048 do-

2310 4994 2542 5048 ἐλθοῦσα
2576 4998 2661 5059 εἰς
2702 4997 2852 5067 ἡμᾶς
2879 5014 3013 5067 φησι
3041 4997 3134 5051 τὸν
3166 4997 3331 5050 αὐτὸν
3368 4997 3521 5066 ἆγιον
3566 4981 3835 5046 Ἀπόστειλον

614 5083 904 5138 minationi
954 5084 1268 5139 subessent.
1313 5084 1485 5156 Cujus
1528 5087 1605 5142 rei
1663 5086 1837 5158 gratia
1883 5096 2202 5157 usurpatum

2310 5087 2612 5158 εἰρηκέναι·
2652 5088 2723 5142 El
2754 5089 2910 5156 ὅλως
2938 5089 3142 5159 νεκροί
3177 5092 3292 5145 οὐκ
3323 5090 3654 5161 ἐγείρονται,
3685 5078 3735 5133 τί
3755 5069 3832 5127 και

616 5174 753 5230 illud
785 5178 856 5232 ab
889 5178 1155 5246 Apostolo
1181 5176 1370 5233 eadem
1395 5179 1465 5234 ad
1487 5194 1589 5235 nos
1617 5180 1897 5235 auditione
1933 5180 2201 5248 perlatum

2306 5177 2697 5242 βαπτίζονται
2723 5181 2875 5249 ὑπὲρ
2895 5180 3127 5247 αὐτῶν;
3156 5181 3354 5246 Καλῶς
3380 5181 3438 5235 δι
3467 5179 3607 5236 ἄλλοι
3629 5174 3682 5227 τδ
3706 5165 3831 5241 ρητδν

613 5275 701 5322 est
731 5288 745 5322 :
780 5266 841 5323 Si
873 5270 1090 5324 omnino
1119 5272 1317 5325 mortui
1344 5286 1449 5324 non
1480 5282 1779 5342 resurgunt,
1809 5270 1936 5341 quid
1965 5281 2043 5326 est
2064 5271 2201 5343 quod

2314 5272 2733 5344 ἑρμηνεύοντες,
2767 5275 2931 5344 φασὶν
2964 5276 3047 5330 ὅτι
3092 5277 3143 5329 οί
3176 5274 3462 5348 μέλλοντες
3491 5268 3735 5337 τελευτᾷν,
3758 5260 3828 5312 ἐὰν

620 5490 645 5524 ⁸
667 5424 855 5506 βᾉοι.
892 5444 982 5497 xv,
1018 5430 1070 5484 1.
1145 5434 1166 5464 ¹
1198 5429 1241 5484 ll
1274 5432 1400 5485 Cor.
1436 5446 1511 5496 χι,
1545 5432 1599 5487 '5.
1678 5433 1698 5465 ³
1727 5431 1916 5487 Matth.
1952 5449 2005 5494 x.
2038 5431 2131 5485 25.

666 5495 777 5524 ιιιιιΙ
833 5499 898 5524 '2!
999 5500 1021 5524 Ω
1056 5501 1166 5524 ιω]
1225 5501 1243 5524 ι
1269 5504 1285 5524 ι
1349 5501 1410 5524 ιε·
1954 5519 1961 5524 .

2310 5434 2431 5488 alat.
2469 5454 2519 5500 ν,
2552 5436 2599 5491 ι.
2680 5436 2854 5492 “ibid.
2889 5437 2945 5492 2.
3026 5435 3254 5493 ‘lCor.
3283 5453 3374 5500 xv,
3418 5434 3501 5489 ιε.
3582 5413 3821 5481 'ihid.5‘l
3896 5448 3898 5451 -

666 5495 800 5550 ibid.
832 5499 923 5552 εδ.
969 5495 1021 5531 ⁷⁸
1056 5501 1166 5556 ibid
1222 5501 1433 5569 14,15.
1497 5495 1500 5496 '
1954 5519 1961 5526 ·

696 5648 808 5728 (οι)
846 5648 961 5705 Καὶ
1014 5654 1226 5708 τούτου
1266 5656 1459 5728 ἕνεκα
1492 5659 1529 5723 ή
1584 5656 1936 5728 παράδοσις.
1991 5655 2202 5728 Tertul.

2314 5658 2438 5712 stoli
2475 5659 2655 5714 locum
2697 5657 2851 5714 illum
2883 5654 3239 5726 explicatzde
3270 5669 3379 5725 quo
3404 5650 3703 5719 interpretes
3721 5641 3823 5688 con-

624 5716 718 5777 lib.
758 5716 833 5773 De
869 5734 1043 5772 resur.
1077 5731 1128 5773 et
1157 5739 1185 5773 ν
1215 5737 1380 5799 contr.
1403 5716 1546 5782 Mar.
1573 5730 1638 5783 ad
1656 5716 1779 5783 cum
1808 5716 2026 5781 ninnium
2057 5726 2202 5794 Apo-

869 5734 1043 5772 resur.
1077 5731 1128 5773 et
1157 5739 1185 5773 ν
1215 5737 1380 5799 contr.
1403 5716 1546 5782 Mar.
1573 5730 1638 5783 ad
1656 5716 1779 5783 cum
1808 5716 2026 5781 lucidum
2057 5726 2202 5794 Apo-
2316 5729 2452 5784 sule.
