4022 6432
231 342 326 401 385

826 337 1196 393 ADVERSUS
1234 337 1581 394 IIASRESES
1618 337 1744 393 LIB.
1786 338 1826 393 Ι.
1871 337 2026 393 TOM.
2076 336 2139 393 II.
2172 366 2223 378 —
2251 335 2528 393 IIAERES.
2570 335 2807 393 XXVIII.

3382 339 3489 399 586

234 457 322 517 ὦσι
351 459 763 532 κατηχούμενοι,
802 460 898 512 ἐπὶ
924 460 1099 531 ταύτῃ
1138 462 1203 531 τῇ
1232 460 1409 514 ἐλπίδι
1439 460 1544 531 πρὸ
1573 460 1673 530 τῆς
1707 478 1792 514 τε-

1906 460 2240 528 baptizantur
2276 474 2372 526 pro
2406 458 2613 527 ipsis‘?
2659 457 2864 514 Verum
2907 459 2997 514 alii
3050 460 3341 516 commode
3383 461 3489 516 hoc

233 554 411 622 ιευτῆς
438 551 662 624 λουτροῦ
693 549 1100 617 καταξιοῦνταιο
1137 552 1470 617 δεικνύντες,
1507 553 1591 606 ὅτι
1631 554 1660 606 ὁ
1702 570 1792 606 τε-

233 644 479 714 λευτήσας
514 643 607 696 καὶ
633 642 1021 713 ἀναστήσεται,
1053 642 1148 696 καὶ
1188 641 1276 695 διὰ
1313 640 1475 694 τοῦτο
1525 641 1797 696 ἐπιδέεται

229 736 315 805 τῆς
339 732 426 787 διά
450 731 546 787 τοῦ
576 731 801 806 λουτροῦ
834 733 1086 803 ἀφέσεως
1109 733 1544 804 ἁμαρτημάτων.
1578 732 1796 787 Τούτων

228 828 274 881 δὲ
298 829 345 881 οἱ
375 826 473 897 μὲν
497 826 591 880 τὸν
620 826 854 898 Χριστὸν
892 826 1118 898 μηδέπω
1155 826 1456 898 ὲγηγέρθαι
1483 825 1797 897 κεκηρύχα-

225 937 318 984 σιν,
346 918 663 974 ἀνίστασθαι
700 919 759 973 δὲ
794 918 934 990 μετὰ
961 920 1204 974 πάντων
1236 921 1288 973 οἱ
1315 920 1393 985 δὲ,
1430 921 1514 974 ὅτι
1544 920 1681 984 ὅλως
1710 936 1798 973 νε-

224 1013 333 1085 κροὶ
356 1013 454 1066 οὐκ
497 1013 917 1084 ἀναστήσονται.
949 1011 1043 1066 Διὸ
1078 1011 1244 1083 μέσος
1273 1013 1530 1083 χωρήσας
1566 1015 1594 1066 ὁ
1635 1012 1798 1066 Ἀπόο

226 1104 392 1167 στολος
428 1103 569 1176 πρὸς
610 1103 957 1175 ἀμφοτέρους
987 1102 1214 1166 τούτους
1244 1104 1338 1156 καὶ
1365 1103 1466 1168 τάς
1490 1103 1684 1168 λοιπὰς
1711 1104 1799 1156 αἱ·

227 1198 407 1269 ρέσεις,
437 1198 496 1250 ὲν
522 1198 590 1268 τῇ
628 1197 729 1268 μιᾷ
761 1197 997 1270 ἐργασίᾳ
1029 1197 1131 1269 τὴν
1165 1196 1477 1269 ἀνατροπὴν
1501 1196 1797 1266 πεποίηται

223 1291 271 1342 ὲν
311 1291 373 1359 τῇ
418 1289 549 1361 περὶ
589 1288 800 1361 νεκρῶν
851 1289 1167 1353 ἀναστάσει,
1221 1289 1317 1343 καὶ
1347 1291 1405 1342 ὲν
1438 1291 1559 1352 ταῖς
1593 1305 1799 1360 μαρτυ-

225 1382 373 1453 ρίαις,
410 1378 500 1445 αἶς
529 1382 675 1438 κατὰ
705 1381 1013 1453 λεπτότητα
1045 1381 1279 1447 διεξιὼν,
1322 1382 1421 1455 τὴν
1448 1380 1673 1451 βεϐαίαν
1701 1381 1797 1434 σύ-

224 1488 395 1526 στασιν
424 1474 725 1543 ἐποιήσατο
754 1476 855 1545 τῆς
899 1472 1007 1528 τῶν
1045 1472 1255 1546 νεκρῶν
1295 1474 1672 1539 ἀναστάσεως,
1703 1472 1799 1526 καὶ

223 1566 497 1636 σωτηρίας,
549 1567 650 1619 καὶ
695 1565 931 1630 ἐλπίδος,
991 1566 1246 1635 φάσκων*
1282 1567 1382 1621 Δεῖ
1415 1566 1483 1621 τὸ
1532 1566 1799 1636 φθαρτὸν

220 1655 379 1710 τοῦτο
427 1657 807 1713 ἐνδύσασθαι
858 1658 1227 1727 ἀφθαρσίαν,
1285 1659 1386 1712 καὶ
1444 1658 1510 1712 τὸ
1576 1658 1800 1725 θνητὸν

220 1746 380 1801 τοῦτο
404 1747 784 1804 ἐνδύσασθαι
823 1750 1180 1804 ἀθανασίαν·
1212 1751 1309 1804 καὶ
1341 1749 1504 1804 πάλιν
1535 1750 1640 1814 ὃτι,
1664 1753 1798 1818 Χρι-

1895 551 2138 622 Apostoli
2165 551 2373 605 dictum
2414 551 2855 620 interpretantur
2879 551 2949 607 de
2995 551 3064 607 iis
3105 552 3200 623 qui
3249 553 3492 609 instante

1897 649 2092 709 morte,
2142 643 2189 698 si
2233 642 2455 713 quidem
2494 642 2880 698 catechumeni
2923 643 3056 707 sint,
3108 661 3174 701 ea
3226 660 3323 715 spe
3362 645 3490 700 freti

1884 722 2055 788 ‘sacra
2087 733 2361 825 layatione
2391 742 2730 804 purgantur;
2764 748 2828 789 ac
2854 741 3106 791 mortuos
3131 743 3488 793 surrecturus

1896 841 2019 882 esse
2052 826 2460 891 demonstrant,
2497 827 2569 881 ob
2610 827 2776 897 idque
2806 826 3213 884 condonatione
3244 829 3336 883 illa
3368 845 3490 885 sce-

1898 919 2095 985 lerum,
2129 933 2253 989 quae
2279 933 2377 989 per
2403 917 2739 988 baptismum
2765 918 3046 975 obtinetur
3079 919 3346 991 indigere.
3382 920 3491 977 Sed

1897 1010 2117 1065 illorum
2164 1011 2256 1065 alii
2308 1009 2553 1065 nondum
2610 1009 2892 1065 Christum
2941 1011 3252 1068 surrexisse
3286 1013 3489 1083 pradi-

1898 1111 2047 1167 cant,
2078 1117 2144 1158 ac
2172 1118 2295 1157 cum
2343 1104 2559 1159 caeteris
2602 1104 2862 1159 Omnibus
2905 1119 3028 1161 esse
3067 1117 3489 1168 surrecturum;

1898 1194 1991 1249 alii
2020 1203 2270 1251 mortuos
2311 1201 2663 1251 surrecturos
2697 1211 2938 1265 unquam
2968 1196 3219 1253 funditus
3264 1207 3488 1270 negant.

1897 1285 2092 1357 Itaque
2134 1287 2374 1344 medium
2405 1287 2681 1358 quoddam
2712 1289 2816 1344 iter
2860 1290 3145 1361 ingressus
3191 1291 3493 1361 Apostolus

1900 1395 2027 1434 cum
2080 1388 2353 1451 utrosque
2385 1380 2529 1447 illos,
2570 1390 2683 1435 tum
2733 1382 2976 1452 reliquas
3018 1396 3210 1440 omnes
3252 1384 3492 1441 haereses

1900 1471 2088 1527 eadem
2120 1487 2290 1542 opera
2321 1472 2617 1535 disturbat,
2654 1489 2778 1529 cum
2810 1473 2878 1528 de
2906 1480 3251 1530 mortuorum
3283 1478 3492 1531 excita-

1898 1564 2048 1619 tione
2085 1563 2350 1635 disputat,
2399 1572 2564 1637 atque
2604 1565 2876 1635 ejusmodi
2932 1568 3264 1623 testimoniis
3295 1569 3490 1636 utitur,

1900 1654 2104 1725 quibus
2127 1655 2446 1728 singillatim
2469 1656 2736 1727 expositis
2757 1666 3104 1713 mortuorum
3128 1663 3494 1718 resurrectio-

1900 1761 2048 1813 nem,
2117 1761 2182 1801 ac
2239 1747 2474 1802 salutem
2529 1755 2584 1803 et
2629 1763 2783 1818 spem
2833 1755 3080 1804 nostram
3142 1751 3493 1809 solidissimis

220 1838 352 1905 στὸς
394 1839 711 1909 ἐγήγερται
742 1840 985 1910 ἀπαρχὴ
1018 1840 1139 1895 τῶν
1177 1840 1640 1910 κεκοιμημένων,
1694 1842 1797 1895 ἵνα

1906 1838 2204 1895 rationibus
2238 1838 2548 1905 conﬁrmat,
2592 1839 2677 1894 his
2710 1836 2937 1895 verbis:
2975 1840 3193 1911 Oportet
3235 1843 3332 1898 hoc
3374 1842 3494 1900 cor-

219 1930 307 1994 τὰς
361 1932 685 2004 ἀμφοτέρας
730 1933 944 2005 σχέσεις
981 1933 1091 1986 τῶν
1133 1933 1402 2004 αἱρέσεων
1444 1931 1692 2002 ἐλέγξας,
1733 1933 1796 1986 τὸ

221 2022 501 2093 ἀμόλυντον
527 2024 637 2095 τῆς
664 2023 1014 2088 διδασκαλίας
1045 2026 1306 2097 κήρυγμα
1339 2023 1399 2088 ἐξ
1429 2023 1690 2093 ἀληθείας
1718 2025 1796 2075 δι-

120 2118 129 2119 “
221 2113 337 2186 δάξῃ
379 2116 503 2179 τοὺς
550 2114 919 2187 βουλομένους
963 2115 1165 2171 εἰδέναι
1206 2115 1307 2186 τὴν
1347 2113 1442 2168 τοῦ
1487 2113 1624 2168 Θεοῦ
1667 2113 1800 2185 ἀλή-

222 2204 358 2261 θειαν
388 2208 838 2281 καὶ-σωτηριὼδη
869 2208 1241 2263 διδασκαλίαν.

1901 1932 2148 2001 ruptibile
2169 1931 2384 1987 induere
2418 1932 2886 2002 incorruptionem,
2926 1942 2977 1987 et
3008 1935 3105 1989 hoc
3143 1939 3370 1993 mortale
3410 1940 3494 1993 in-

1901 2024 2062 2078 duere
2085 2025 2545 2080 immortalitatem
2571 2028 2628 2093 ’ς
2657 2042 2720 2081 ac
2745 2043 2966 2084 rursum
3000 2048 3011 2083 :
3045 2029 3289 2086 Christus
3318 2048 3496 2087 resuro

1905 2118 2042 2171 rexit
2086 2117 2338 2186 primitite
2375 2117 2814 2186 dormientium’,
2869 2129 2930 2175 ut
2980 2121 3264 2177 ambarum
3327 2123 3498 2177 haere-

1904 2224 2058 2264 seum
2104 2210 2567 2280 respondentibus
2605 2211 2708 2266 sibi
2750 2226 2817 2266 ex
2866 2211 3100 2268 adverso
3139 2214 3494 2284 opinionibus

224 2300 478 2356 convulsis
497 2315 696 2356 veram
731 2316 797 2356 ac
824 2300 1097 2356 sinceram
1129 2301 1458 2357 Christianae
1484 2300 1608 2356 ﬁdei
1660 2300 2009 2373 disciplinam
2078 2302 2148 2358 iis
2194 2302 2479 2369 traderet,
2516 2303 2611 2374 qui
2651 2292 2895 2358 divinam
2944 2304 3233 2361 veritatem
3285 2306 3495 2361 saluta-

220 2404 425 2463 remque
448 2392 768 2448 doctrinam
794 2392 999 2448 vellent
1031 2394 1333 2464 percipere.

284 2489 359 2543 II'.
391 2487 749 2559 Πανταχόθεν
794 2488 977 2543 τοίνυν
1021 2489 1272 2561 φωρατὸς
1314 2488 1379 2545 ἂν
1405 2491 1490 2563 εἴη
1525 2488 1799 2563 Κήρινθος

223 2581 306 2636 καὶ
323 2583 367 2635 οἱ
389 2582 479 2636 ἀπ’
509 2580 686 2636 αὐτοῦ
712 2581 1106 2654 ἀπατηθέντες,
1139 2583 1190 2636 οἱ
1218 2583 1470 2649 τάλανες,
1496 2584 1590 2637 καὶ
1618 2583 1800 2648 ἀλλοις

224 2673 365 2725 αἴτιοι
384 2673 681 2742 γεγονότες
708 2674 1005 2740 ἀπωλείας,
1029 2674 1140 2730 τῶν
1162 2674 1322 2729 θείων
1342 2674 1577 2746 Γραφῶν
1608 2675 1799 2745 σαφῶς

225 2765 337 2834 ἡμῖν
353 2763 490 2817 κατά
514 2762 835 2836 λεπτότητα
858 2765 987 2835 napi.
1002 2764 1222 2819 πάντων
1238 2764 1633 2836 διηγουμένων.
1658 2763 1798 2818 Οῦτε

226 2858 318 2930 γὰρ
330 2859 388 2911 ὲκ
408 2858 735 2930 σπέρματος
766 2857 964 2929 Ἰωσὴφ
981 2860 1010 2912 ὁ
1024 2858 1280 2929 Χριστός-
1302 2858 1426 2912 ἐπεὶ
1454 2857 1573 2921 πῶς
1594 2857 1675 2911 ἔτι
1700 2876 1801 2930 ση-

231 2952 360 3019 μεῖον
387 2950 469 3021 εἴη
504 2951 580 3004 τὸ
608 2951 855 3022 γέννημα
873 2967 897 3017 ;ι
920 2950 1015 3004 καὶ
1040 2950 1102 3004 τὸ
1130 2949 1281 3024 παρά
1307 2950 1384 3022 τῷ
1419 2951 1621 3022 Ἡσαΐᾳ
1648 2953 1802 3021 εἰρη-

232 3042 366 3111 μένον
381 3043 491 3107 πῶς
507 3043 601 3097 ἔτι
639 3043 1071 3115 συσταθήσεται,
1105 3044 1178 3107 ὡς
1208 3038 1378 3097 εἶπεν·
1413 3042 1804 3107 ἈὐτὸςόΚύ-

1981 2484 2142 2556 115
2174 2482 2287 2539 VII.
2343 2485 2616 2551 Quocirca
2660 2484 3038 2557 deprehensus
3100 2490 3341 2562 undique
3397 2493 3499 2550 ce.

1905 2578 2124 2633 rinthus
2160 2592 2225 2632 ac
2257 2577 2546 2633 convictus
2578 2587 2816 2643 tenetur,
2852 2595 2961 2634 una
2999 2596 3122 2636 cum
3156 2583 3244 2651 iis,
3281 2586 3374 2656 qui
3402 2602 3499 2643 eo-

1905 2670 2029 2727 dem
2076 2671 2132 2726 in
2170 2686 2361 2726 errore
2392 2682 2705 2737 versantur,
2751 2671 3005 2729 infelices‘
3045 2674 3295 2734 homines
3335 2689 3499 2751 atque

1906 2763 2154 2834 ejusdem
2178 2779 2367 2820 secum
2392 2764 2546 2820 exitii
2576 2764 2700 2819 aliis
2733 2765 2959 2836 insuper
2987 2776 3262 2834 auctores,
3299 2771 3501 2842 quippe

1898 2866 2033 2911 cum
2072 2855 2190 2911 haec
2221 2857 2406 2911 omnia
2440 2871 2614 2913 sacra:
2653 2857 2852 2913 littera:
2881 2862 3173 2932 perspicue
3217 2874 3500 2921 accurate-

1895 2956 2016 3021 ‘que
2055 2949 2217 3005 nobis
2260 2949 2572 3006 edisserant
2602 2967 2616 3003 :
2649 2965 2774 3004 nam
2822 2966 3001 3022 neque
3044 2956 3113 3010 de
3146 2953 3370 3028 Iosephi
3414 2975 3502 3014 se-

1909 3044 2059 3098 mine
2084 3051 2248 3098 natus
2281 3052 2365 3098 est
2396 3043 2653 3100 Christus
2684 3063 2697 3099 :
2736 3045 2830 3116 qui
2862 3047 3007 3101 enim
3038 3049 3347 3119 prodigium
3374 3065 3503 3121 pos-

223 3149 333 3200 ριος
389 3134 581 3189 δώσει
625 3126 1084 3205 ὑμῖν’σημεῖονσ
1129 3134 1286 3190 Ἰδοὺ
1321 3135 1359 3204 ἠ
1407 3133 1704 3202 παρθένος
1738 3134 1800 3187 ἐν

1912 3144 1995 3190 set
2028 3135 2176 3191 ἰιιίιῐε
2217 3152 2341 3192 esse
2371 3139 2674 3208 generatio,
2727 3154 2790 3193 ac
2833 3140 2980 3209 quod
3024 3141 3095 3195 ab
3125 3140 3260 3196 Isaia
3290 3143 3498 3199 dictqu

230 3227 413 3295 γαστρὶ
443 3228 601 3294 ἕξει,
638 3228 735 3282 καὶ
775 3226 1008 3293 τέξεται
1048 3228 1202 3291 υἱὸν,
1252 3227 1350 3281 καὶ
1378 3228 1448 3281 τὰ
1484 3226 1648 3297 έξῆςς
1679 3227 1804 3289 Πῶς

230 3316 276 3370 δὲ
313 3319 384 3373 ἔτι
425 3320 860 3394 πληρωθήσεται
892 3320 954 3374 τὺ
995 3320 1285 3392 εἰρημένον
1331 3319 1484 3392 παρά
1515 3319 1617 3390 τῆς
1643 3319 1804 3387 ἁγίας

228 3409 479 3482 Παρθένου
515 3412 668 3485 πρὸς
692 3413 784 3467 τὸν
811 3411 1072 3485 Γαὸριήλ·
1100 3411 1248 3478 ’Πῶς
1279 3411 1451 3466 ἔσται
1487 3410 1686 3476 τοῦτο,
1715 3410 1806 3465 ὅτι

229 3501 394 3572 ἄνδρα
417 3507 486 3561 οὐ
528 3506 852 3577 γινώσκω;
887 3507 983 3560 καὶ
1030 3504 1196 3559 αὐτοῦ
1239 3505 1509 3575 λέγοντος·
1559 3505 1806 3575 Πνεῦμα

229 3592 376 3662 ἅγιον
404 3597 806 3653 ἐπελεύσεται
828 3597 927 3651 ἐπὶ
960 3597 1055 3663 σὲ,
1096 3598 1194 3651 καὶ
1229 3596 1484 3668 δύναμις
1519 3597 1804 3667 Ὑψίστου

227 3685 541 3744 ἐπισκιάσει
588 3705 707 3756 σοι,
765 3691 860 3743 καὶ
907 3690 976 3744 τά
1017 3690 1178 3762 ἐξῆς;
1226 3691 1351 3756 Πῶς
1397 3691 1453 3744 δὲ
1498 3691 1661 3747 πάλιν
1703 3692 1805 3746 οῦκ

228 3777 605 3855 ἐλεγχθήσεται
642 3781 822 3837 αὐτῶν
855 3785 887 3855 ὴ
915 3783 1095 3850 ἄνοια,
1124 3782 1585 3854 τοῦ,Εὑαγγελίου
1616 3784 1804 3854 σαφῶς

227 3868 452 3939 λέγοντος
510 3875 626 3939 ὅτι,
671 3873 902 3943 Εὐρέθη
944 3861 1015 3928 ἓν
1052 3874 1270 3943 γαστρὶ
1312 3876 1546 3945 ἔχουσα
1583 3877 1725 3946 πρὶν
1764 3876 1803 3947 ἢ

228 3966 524 4021 συνελθεῖν
543 3968 812 4033 adrade;
842 3968 1001 4021 Ἔστι
1030 3967 1087 4022 δὲ
1118 3968 1323 4037 γνῶναι
1348 3967 1556 4037 σαφῶς,
1583 3965 1803 4023 auocat

226 4056 347 4121 ὅλως
381 4058 667 4131 συνῆλθον.
693 4060 787 4130 Μὴ
829 4061 1040 4129 γένοιτο
1066 4059 1175 4133 γάρ
1208 4058 1368 4115 τοῦτο
1399 4060 1604 4113 εἰπεῖνι
1651 4060 1805 4113 Ἐπεὶ

227 4149 315 4203 οὐκ
346 4151 408 4205 ἂν
449 4152 596 4222 μετά
631 4152 866 4224 σταυρὸν
891 4153 1003 4224 (95)
1040 4153 1288 4225 προενόει
1329 4152 1677 4224 παραθέσθαι
1708 4152 1805 4205 αὺ-

215 4241 314 4315 ⁵τὴν
351 4244 571 4318 Ἰωάννῃ
595 4243 677 4317 τῷ
707 4245 848 4316 ἁγίῳ
882 4245 1160 4316 παρθένῳ,
1194 4243 1270 4309 ὡς
1292 4244 1461 4312 λέγει·
1490 4244 1605 4298 Ἴδε
1625 4245 1663 4313 ἢ
1689 4243 1805 4313 tui'

230 4355 327 4407 τηρ
355 4357 488 4396 σου·
519 4342 619 4396 καὶ⁴
652 4345 721 4413 τῇ
756 4340 915 4414 αὑτῇ’
958 4341 1079 4398 Ἴδε
1113 4344 1147 4392 ri
1177 4342 1310 4407 υἱός
1338 4358 1477 4397 σου.
1514 4342 1661 4396 Ἔδει
1693 4343 1804 4415 γὰρ

231 4433 376 4487 αὐτὸν
422 4435 761 4509 παραδοῦναι
812 4426 982 4507 αὐτὴν
1027 4439 1138 4500 τοῖς
1178 4436 1348 4506 αὐτῆς
1396 4438 1801 4509 συγγενέσιν,ἢ

228 4529 328 4590 τοῖς
363 4528 575 4592 τέκνοις
621 4526 717 4582 τοῦ
758 4527 976 4602 Ἰωσὴφ,
1017 4530 1173 4602 εἴπερ
1208 4525 1349 4601 ἦσαν
1383 4530 1442 4597 ἐξ
1473 4532 1663 4602 αὐτῆς,
1706 4533 1805 4585 Ἰα-

232 4616 377 4689 xta.qu
404 4620 551 4691 φημὶ
578 4620 674 4674 καὶ
714 4620 872 4691 Ἰωσῇ
912 4620 1008 4673 κα)⁸
1050 4621 1220 4693 Ἰούδᾳ
1250 4621 1343 4675 καὶ
1366 4621 1637 4691 Συμεῶνι,
1666 4624 1804 4686 υἱοῖς

230 4706 337 4763 οὖσι
360 4712 452 4766 τοῦ
492 4712 696 4782 Ἰωσὴφ
716 4711 830 4784 (96)
867 4712 976 4766 ἀπὸ
1004 4715 1105 4779 τῆς
1141 4712 1308 4785 ἄλλης
1342 4708 1623 4783 γυναικός.
1668 4713 1804 4766 Οὐδὲ

230 4801 345 4873 γὰρ,
389 4805 469 4858 ὅτι
519 4805 788 4878 κέχρηται
837 4808 905 4877 τῇ
952 4804 1238 4877 Παρθένῳ,
1287 4805 1424 4868 ὅλως
1462 4805 1801 4877 εὑρίσκεται,

233 4895 357 4964 μετά
390 4896 448 4949 τὸ
477 4896 871 4969 γεγεννηκέναι
900 4899 933 4969 ἡ
967 4896 1247 4969 Παρθένος
1293 4897 1583 4969 ἄχραντος.
1644 4896 1804 4950 Ἀλλά

230 4985 576 5055 περὶτούτων
605 4987 708 5058 ήδη
739 4987 798 5040 ὲν
823 4985 969 5057 ἄλλῳ
1001 5003 1092 5058 μοι
1130 4986 1275 5057 λόγῳ
1320 4985 1509 5054 σαφῶς
1551 5002 1805 5057 πεπραγ-

233 5075 504 5144 μάτευται,
539 5080 631 5133 καὶ
665 5078 1248 5150 πραγματευθήσεται.
1277 5074 1409 5131 ’Ὧδε
1445 5079 1503 5131 δὲ
1534 5079 1593 5131 ἐν
1624 5078 1802 5148 μέρει,

230 5167 297 5232 ὡς
326 5171 381 5224 ἓν
416 5172 773 5244 παρεκδρψῇ
806 5172 938 5243 περὶ
962 5171 1063 5242 τῆς
1091 5171 1298 5225 τούτων
1322 5171 1632 5234 ὑποθέσεως
1659 5171 1804 5241 εἴρη-

305 5326 514 5384 ‘ICor.
540 5344 630 5393 xv,
656 5328 749 5385 29.
826 5331 848 5361 ³
882 5327 1016 5383 ibid.
1053 5326 1143 5383 53.

122 5471 130 5479 Ι
232 5401 251 5432 ⁸
278 5395 430 5454 Joan.
455 5414 572 5464 xix,
601 5401 691 5465 26,
716 5398 809 5453 27.

298 5513 404 5582 (95)
464 5517 621 5571 Ἐπεὶ
649 5519 763 5572 οὐκ
803 5516 881 5571 ἂν
917 5514 1085 5587 μετὰ,
1119 5513 1407 5587 σταυρᾴγς.
1452 5509 1594 5564 Idem
1642 5524 1807 5587 argu:

228 5579 464 5657 {uentum
496 5598 652 5657 urget
678 5579 949 5642 Adversus
986 5579 1287 5657 Helvidium
1319 5579 1694 5651 Hieronymus
1717 5579 1730 5634 Ξ
1754 5579 1800 5657 0_

237 5648 378 5727 [ξιον
408 5648 599 5727 τοῖσιιᾷ
631 5669 682 5713 et
726 5659 782 5711 in
814 5658 1089 5727 proprium
1130 5655 1352 5727 exitium
1384 5648 1752 5727 mens‘vesana
1777 5651 1798 5704 .’

236 5719 373 5778 Dicis
412 5725 487 5780 ad
526 5719 728 5783 crucem
774 5719 990 5782 Domini
1028 5735 1253 5779 matrem
1289 5723 1405 5792 ejus
1438 5721 1604 5788 fuisse
1654 5738 1796 5790 pra;-

230 5803 443 5854 sentctn.
504 5796 644 5858 Dicis
687 5799 887 5855 Joanni
937 5796 1198 5866 discipulo
1253 5792 1314 5848 ob
1369 5793 1707 5857 viduitatem,
1748 5802 1797 5855 et

1243 5327 1263 5358 ³
1292 5327 1426 5381 ibid.
1462 5326 1554 5380 20.

1663 5325 1685 5356 ⁸
1721 5326 1827 5380 Isa.
1856 5341 1956 5391 vn,
1995 5325 2078 5378 II.

1906 3233 1990 3283 est
2014 3226 2235 3298 probari
2260 3229 2488 3283 omnino
2519 3238 2740 3300 posset:
2764 3230 3023 3286 Dominus
3051 3232 3159 3300 ipse
3178 3232 3325 3288 dabit
3357 3235 3499 3289 vobis

1905 3321 2115 3391 signum
2141 3338 2155 3375 :
2187 3319 2322 3374 Ecce
2348 3321 2493 3392 virgo
2530 3322 2804 3391 concipiet,
2829 3335 2878 3376 et
2906 3325 3077 3391 pariet
3101 3323 3273 3392 ﬁlium
3294 3324 3333 3390 ⁵,
3352 3326 3498 3381 ctc.?

1905 3411 2155 3480 Quanam
2181 3430 2311 3469 vero
2341 3414 2556 3469 ratione
2579 3414 2765 3486 perﬁci
2789 3416 2989 3485 poterit
3020 3416 3175 3480 illud,
3203 3416 3351 3488 quod
3385 3416 3497 3472 Ga-

1906 3503 2068 3559 bricli
2106 3503 2274 3576 Virgo
2305 3504 2652 3561 sanctissima
2680 3504 2818 3559 dixit
2850 3524 2861 3560 :
2894 3505 3170 3571 Quomodo
3212 3508 3303 3578 ﬁet
3330 3508 3498 3574 istud,

1904 3598 2159 3668 quoniam
2204 3597 2373 3652 virum
2406 3613 2510 3651 non
2541 3614 2796 3669 cognosco
2816 3596 2879 3651 '?
2907 3599 2994 3653 cui
3035 3597 3125 3655 ille
3171 3601 3454 3670 respondit
3481 3616 3496 3655 :

1898 3686 2145 3758 Spiritus
2178 3700 2397 3744 sanctus
2421 3691 2745 3759 superveniet
2774 3691 2829 3745 in
2861 3700 2930 3755 te,
2961 3701 3009 3746 et
3042 3693 3209 3747 virtus
3232 3694 3501 3750 Altisslmi

1906 3780 2245 3836 obumbrabit
2280 3782 2429 3847 tibi‘,
2456 3782 2592 3839 etc.?
2609 3781 2805 3839 Nonne
2839 3785 3056 3840 illorum
3091 3802 3159 3841 ex
3174 3801 3240 3842 eo
3271 3787 3501 3844 stultitia

1909 3873 2070 3932 facile
2103 3877 2473 3940 convincitur,
2504 3877 2649 3948 quod
2681 3877 2890 3934 diserte
2937 3879 2991 3934 in
3029 3870 3326 3952 Evangelia
3363 3881 3502 3938 scri-

1906 3976 2058 4036 ptum
2101 3976 2225 4024 est:
2261 3966 2485 4022 Inventa
2535 3977 2612 4023 est
2661 3970 2717 4022 in
2748 3980 2900 4024 utero
2961 3971 3158 4025 habens
3216 3982 3500 4044 antequam

1907 4059 2242 4113 convenirent
2274 4059 2337 4112 τὶ)
2366 4059 2506 4114 Illud
2550 4067 2733 4114 autem
2780 4060 3155 4115 certissimum
3221 4069 3324 4129 est,
3359 4079 3501 4117 nun~

1890 4155 2071 4221 ‘quam
2112 4151 2235 4207 illos
2274 4151 2502 4206 omnino
2539 4151 2887 4208 convenisse.
2940 4151 3099 4206 Absit
3145 4153 3292 4207 enim
3343 4163 3406 4208 ut
3445 4153 3501 4210 id

1905 4257 2149 4313 unquam
2182 4243 2451 4297 dicamus!
2497 4242 2717 4313 Alioqui
2746 4257 2872 4297 cum
2916 4243 2971 4297 in
3005 4257 3172 4298 cruce
3213 4245 3499 4315 penderet,

1907 4353 2014 4392 non
2052 4346 2245 4392 sancto
2278 4334 2500 4401 Joanni,
2532 4335 2624 4406 qui
2660 4343 2715 4390 et
2758 4336 2875 4407 ipse
2912 4335 3281 4407 virginitatem
3323 4354 3505 4395 serva-

1908 4432 2007 4495 vit,
2057 4440 2288 4485 matrem
2334 4428 2744 4485 commendaret
2770 4443 2948 4495 suam,
3006 4445 3132 4484 cum
3170 4429 3244 4485 ita
3285 4431 3503 4487 locutus

1908 4530 1992 4580 est
2030 4542 2042 4577 :
2080 4522 2210 4577 Ecce
2272 4531 2442 4577 mater
2497 4532 2612 4577 tua.
2676 4520 2745 4575 Et
2793 4520 2942 4575 illam
2993 4521 3319 4593 alloquens:
3367 4522 3503 4579 Ecce

1910 4617 2059 4686 ﬁlius
2092 4625 2213 4669 tuus
2234 4615 2275 4668 ⁸.
2314 4612 2471 4669 Hanc
2516 4613 2662 4668 enim
2698 4614 2785 4669 vel
2812 4614 3064 4685 cognatis
3100 4615 3216 4670 suis
3247 4616 3503 4670 commit-

1908 4719 2022 4762 tere
2060 4708 2325 4777 oportuit,
2371 4706 2454 4761 vel
2484 4703 2706 4775 Josephi
2750 4704 2960 4772 liberis,
3004 4706 3052 4761 si
3092 4722 3232 4777 quos
3274 4725 3341 4763 ex
3384 4707 3501 4778 ipsa

1908 4800 2232 4864 sustulerat,
2264 4807 2393 4868 puta
2422 4797 2649 4864 Iacobo,
2679 4796 2833 4864 Jose,
2865 4797 3038 4863 Iudae,
3070 4797 3336 4864 Simeoni,
3361 4817 3505 4871 quos

1906 4893 2181 4964 Iosephus
2227 4893 2331 4946 alia
2375 4908 2441 4947 ex
2476 4905 2648 4945 uxore
2700 4899 2986 4962 genuerat.
3024 4890 3214 4962 Neque
3263 4892 3410 4948 enim
3440 4892 3505 4945 il-

1914 4987 2026 5041 lum
2055 5001 2181 5041 cum
2216 4985 2388 5038 Maria
2422 4984 2780 5041 consuevisse
2826 4985 2939 5039 ullo
2974 4983 3137 5038 modo
3167 4979 3497 5055 reperimus,

1915 5086 2273 5149 posteaquam
2304 5076 2628 5145 incorrupta
2663 5075 2754 5129 illa
2787 5083 2841 5129 et
2874 5073 3189 5130 castissima
3218 5072 3385 5143 Virgo
3408 5088 3500 5143 pe-

1914 5170 2078 5239 perit.
2116 5166 2322 5222 Verum
2351 5166 2422 5222 de
2446 5166 2534 5222 bis
2561 5165 2670 5222 alio
2697 5166 2753 5220 in
2785 5165 2926 5221 libro
2958 5170 3219 5220 accurate
3242 5164 3501 5219 tractavi-

2183 5322 2204 5354 ⁸
2234 5320 2369 5377 Luc.
2401 5338 2440 5386 I,
2469 5324 2557 5377 54.
2658 5322 2679 5353 ⁸
2699 5318 2831 5375 ibid.
2858 5318 2961 5374 35.
3073 5319 3094 5349 "
3125 5316 3315 5373 Matth.
3348 5333 3388 5386 ι,
3415 5319 3502 5376 i8.

1915 5508 2257 5563 solitudinem
2286 5506 2734 5571 commendatam,
2770 5508 2925 5576 quasi
2965 5505 3129 5577 juxta
3172 5516 3220 5561 te
3261 5523 3365 5562 non
3407 5508 3506 5562 Ita-

1913 5583 2054 5634 beret
2100 5589 2332 5648 quatuor
2379 5578 2555 5641 ﬁlios,
2598 5587 2650 5632 et
2689 5579 2996 5633 innumeras
3040 5579 3221 5648 ﬁlias,
3278 5595 3504 5648 quarum

1900 5651 2176 5705 .consortio
2208 5650 2497 5719 frueretur.
2538 5648 2661 5702 Vid.
2704 5648 2940 5719 August.
2978 5650 3073 5704 lib.
3105 5665 3120 5703 I
3166 5649 3243 5703 De
3285 5665 3411 5717 nup.
3450 5658 3502 5703 et

1905 5736 2308 5800 cattfup.,_cap.
2347 5720 2435 5800 4.1.

1981 5792 2093 5862 \96)
2128 5785 2300 5857 ~I‘loig
2329 5785 2472 5845 οὖσι
2513 5788 2620 5845 τοῦ
2658 5788 2903 5860 Ἰωσήφ.
2939 5788 3075 5845 Vide
3109 5790 3243 5852 hair.
3267 5804 3497 5845 1.1m".
