4022 6450
218 374 331 433 ΞΒ

862 372 1229 431 ADVERSUS
1265 372 1610 431 HERESES
1650 373 1779 430 LIB.

1927 371 2073 429 ΓΟΜ.
2116 370 2180 429 ll.
2220 402 2291 412 —-
2329 370 2587 429 ilERES
2623 370 2815 428 XXIX.

3383 376 3490 435 594

218 486 393 558 θλεὲμ
416 486 516 557 τῆς
566 483 827 548 Ἰουδαίας
873 485 976 557 (1),
1019 485 1114 539 ἐπὶ
1163 485 1515 556 Ἀλεξάνδρου
1555 484 1652 539 τοῦ
1697 484 1808 540 άπὸ

1927 483 2134 539 ;ercidit
2178 497 2245 538 ac
2286 498 2586 555 suppressa
2632 483 2854 555 penitus
2896 494 3001 552 est,
3043 500 3074 540 a
3100 501 3211 558 quo
3239 486 3490 547 Christus

215 578 418 647 γένους
440 575 716 649 ἱερατικοῦ
745 576 837 631 καὶ
869 575 1172 648 βασιλικοῦ.
1212 578 1330 647 Ἀφ’
1358 570 1420 631 οῦ
1457 574 1808 647 Ἀλεξάνδρου

217 670 474 724 διέπεσεν
508 662 664 733 οὗτος
695 670 724 722 ό
766 668 971 740 κλῆρος
1015 667 1127 722 ἀπό
1173 668 1382 740 χρόνων
1428 666 1593 721 αὐτοῦ
1625 685 1687 721 τε
1716 668 1812 722 καὶ

217 760 488 823 Σααλίνας
526 759 625 830 (2),
656 758 760 830 τῆς
788 758 883 812 καὶ
923 756 1282 830 Ἀλεξάνδρας
1325 757 1688 829 καλουμένης,
1716 757 1813 810 ἐπὶ

218 855 336 916 τοῖς
375 852 588 924 χρόνοις
626 850 867 924 Ἡρώδου
914 848 1010 903 τοῦ
1054 848 1319 920 βασιλέως
1353 849 1449 903 καὶ
1494 847 1810 917 Αὐγούστου

220 946 334 1001 τῶν
373 945 660 1016 Ῥωμαίων
708 943 1128 1016 αὐτοκράτορος.
1203 943 1300 1005 Ὃς
1328 942 1425 995 καὶ
1455 940 1692 1012 διάδημα
1715 941 1812 992 έπ-

222 1036 382 1091 έθετο
413 1034 591 1107 ἑαυτῷ
635 1037 665 1089 ό
702 1034 1049 1107 Ἀλέξανδρος
1086 1028 1268 1101 οὗτος,
1312 1028 1394 1097 εἷς
1424 1031 1534 1086 τῶν
1574 1031 1812 1104 χριστῶν

220 1126 322 1181 καὶ
347 1124 670 1195 ἡγουμένων
700 1125 980 1197 ὑπάρχων,
1015 1123 1396 1194 Συναφθεισῶν
1435 1122 1546 1195 γὰρ
1586 1123 1696 1177 τῶν
1719 1121 1813 1176 δύο

227 1218 416 1289 φυλῶν
465 1217 562 1271 τοῦ
608 1235 670 1272 τε
719 1215 996 1289 βασιλικοῦ
1034 1218 1129 1271 καὶ
1177 1214 1474 1288 ἱερατικοῦ,
1541 1214 1713 1268 Ἰούδα
1755 1215 1814 1268 δέ

224 1327 371 1381 φημι
399 1309 501 1363 καὶ
532 1308 766 1380 Ἀαρὼν,
795 1309 892 1363 καὶ
915 1308 1095 1381 πάσης
1116 1310 1214 1380 τῆς
1240 1307 1335 1361 τοῦ
1363 1306 1514 1371 Λευῒ,
1545 1305 1688 1361 οὕτω
1721 1306 1816 1377 βα-

225 1403 398 1465 σιλεῖς
431 1401 528 1455 καῖ⁵
554 1401 722 1472 ἱερεῖς
755 1400 1014 1469 ἐγίνοντο.
1064 1401 1141 1454 Οὐ
1181 1398 1289 1471 γὰρ
1316 1398 1585 1471 διήμαρτέ
1622 1416 1677 1453 τι
1704 1399 1815 1453 τῶν

224 1494 336 1550 ἀπὸ
368 1494 471 1565 τῆς
502 1493 665 1562 ἁγίας
699 1492 924 1564 Γραφῆς
949 1493 1310 1565 αἰνιγμάτων.
1359 1490 1495 1544 Τότε
1538 1490 1595 1544 δὲ
1626 1490 1815 1543 λοιπὸν

225 1583 529 1655 ἀλλόφυλος
564 1582 815 1655 βασιλεὺς
855 1583 1122 1657 Ἡρώδης,
1151 1583 1245 1638 καὶ
1276 1583 1459 1636 οὐκέτι
1503 1583 1552 1635 οἱ
1583 1581 1692 1635 ἀπὸ
1719 1581 1813 1635 τοῦ

226 1677 395 1732 Δαῦὶδ
434 1675 673 1747 διάδημα
717 1675 1003 1730 ἐπέθεντο·
1039 1674 1457 1745 μεταπεσούσης
1492 1673 1549 1727 δὲ
1574 1672 1676 1743 τῆς
1722 1673 1818 1742 βα-

229 1764 444 1836 σιλικῆς
490 1763 762 1837 καθέδρας
795 1765 856 1818 ὲν
901 1763 1122 1836 Χριστῷ
1169 1764 1264 1817 ἐπὶ
1309 1764 1410 1835 τὴν
1469 1761 1813 1832 Ἐκκλησίαν,

230 1854 340 1909 ἀπὸ
375 1854 476 1926 μὲν
503 1853 652 1910 οἴκου
685 1853 781 1908 τοῦ
811 1853 1074 1926 σαρκικοῦ
1119 1854 1291 1908 Ἰούδα
1316 1854 1411 1908 καὶ⁸
1455 1852 1815 1926 Ἰερουσαλὴμ

228 1947 291 2000 τὸ
322 1945 601 2015 βασιλικὸν
648 1944 883 2017 μετέστη
934 1944 1186 2017 ἀξίωμαο
1222 1946 1431 2017 ἵδρυται
1470 1945 1527 1999 δὲ
1559 1946 1588 1998 ό
1627 1945 1816 2019 θρόνος

231 2040 290 2091 ὲν
319 2039 387 2110 τῇ
432 2039 566 2109 ἁγίᾳ
607 2036 702 2091 τοῦ
743 2037 879 2091 Θεοῦ
923 2037 1219 2111 Ἐκκλησία
1269 2040 1350 2103 εὶς
1380 2038 1474 2093 τὸν
1523 2038 1715 2101 αἰῶνα,
1749 2041 1815 2093 ὲκ

230 2129 326 2184 δύο
360 2129 688 2201 προφάσεων
737 2128 876 2200 ἔχων
921 2128 991 2193 τὸ,
1024 2128 1263 2200 ἀξίωμα,
1293 2128 1387 2183 τοῦ
1430 2146 1489 2182 τε
1535 2128 1813 2199 βασιλικοῦ

231 2219 330 2272 καὶ
373 2216 469 2271 τοῦ
518 2217 929 2290 ἀρχιερατικοῦ.
970 2218 1083 2272 Καὶ
1127 2217 1189 2271 τὸ
1233 2218 1331 2289 μὲν
1386 2216 1663 2288 βασιλικὸν
1707 2217 1814 2270 ἀπὸ

230 2309 330 2365 τοῦ
357 2309 564 2381 Κυρίου
590 2309 750 2381 ἡμῶν
788 2309 962 2380 Ἰησοῦ
997 2307 1237 2382 Χριστοῦ
1265 2309 1410 2364 κατὰ
1439 2309 1533 2363 δύο
1560 2310 1814 2381 τρόπους,

230 2401 324 2454 διά
354 2418 416 2453 τε
442 2400 504 2454 τὸ
545 2396 685 2454 εἶναι
713 2400 876 2453 αὑτὸν
909 2402 974 2454 ὲκ
1007 2401 1327 2472 σπέρματος
1346 2400 1515 2454 Δαϐὶδ
1540 2400 1635 2455 τοῦ
1668 2400 1820 2479 βασι-

1910 575 2270 644 Bethlehemi,
2299 576 2444 647 quod
2478 584 2562 632 est
2588 574 2791 639 Judaaze
2827 578 3111 649 oppidum,
3143 579 3199 634 in
3228 581 3372 636 hanc
3406 581 3491 636 iu-

1911 680 2030 722 cem
2056 667 2237 722 editus
2263 672 2348 723 est
2375 686 2389 722 :
2419 666 2585 738 idque
2606 666 2743 724 adeo
2769 670 2875 724 sub
2899 669 3215 726 Alexandro
3240 673 3492 743 contigit,

1911 760 2008 832 qui
2055 774 2086 814 e
2138 759 2485 815 sacerdotum
2536 750 2753 830 pariter
2792 775 2859 816 ac
2915 776 3105 832 regum
3158 763 3330 834 stirpe
3375 772 3491 818 erat

1911 848 2198 903 oriundus.
2252 847 2338 903 Ab
2387 849 2555 919 hujus
2587 849 2753 921 igitur
2795 849 3091 905 Alexandri
3144 866 3247 906 nec
3289 867 3399 906 non
3441 859 3494 907 et

1915 939 2173 1005 Saalinae,
2226 955 2350 1011 quae
2389 948 2444 997 et
2489 942 2801 997 Alexandra
2844 949 3036 998 vocata
3078 951 3183 1008 est,
3230 951 3494 1031 tempore,

1913 1048 2036 1089 sors
2051 1042 2137 1089 est
2157 1032 2249 1086 illa
2271 1032 2423 1103 regni
2453 1032 2806 1101 conditioque
2835 1033 3075 1099 sublata,
3099 1046 3223 1087 cum
3250 1031 3494 1088 Herodes

1911 1123 2133 1190 Judae'aa,
2163 1128 2445 1196 Augustus
2472 1139 2603 1180 vero
2646 1123 3022 1180 Romanorum
3065 1125 3355 1195 imperium
3397 1125 3501 1180 ob-

1869 1250 1892 1277 .
1912 1216 2133 1272 tineret.
2156 1215 2219 1271 Et
2235 1216 2454 1286 quidem
2475 1215 2780 1271 Alexander
2800 1216 2890 1270 ille
2908 1231 3052 1271 unus
3084 1230 3116 1271 e
3137 1215 3493 1281 christorum,

1914 1306 2019 1361 hoc
2049 1317 2134 1362 est
2168 1314 2470 1361 unctornm
2519 1307 2832 1377 ducumque
2861 1321 3091 1361 numero
3128 1306 3380 1360 diadema
3415 1304 3495 1360 si-

1914 1399 2085 1454 bimet
2118 1399 2397 1469 imposuit.
2422 1397 2562 1453 Cum
2592 1399 2737 1454 enim
2767 1400 2890 1454 dua:
2914 1398 3145 1454 invicem
3169 1397 3346 1453 tribus
3366 1412 3493 1453 con-

1910 1488 2116 1558 junctae
2159 1488 2425 1551 fuissent,
2465 1503 2700 1558 quarum
2752 1489 2925 1544 altera
2972 1488 3161 1559 regni,
3206 1485 3496 1544 sacerdotii

1916 1579 2087 1635 altera
2117 1579 2210 1650 jus
2251 1579 2508 1645 habebat,
2540 1589 2773 1651 eratque
2803 1579 2960 1635 Judaa
3004 1581 3178 1650 prior,
3223 1579 3496 1649 posterior

1915 1671 2153 1727 Aaronis
2191 1686 2256 1725 ac
2288 1670 2546 1726 Leviticae
2573 1673 2756 1743 gentis
2797 1673 3090 1741 universae,
3126 1673 3253 1728 inde
3294 1672 3498 1728 factum

1916 1768 2020 1830 est,
2055 1761 2220 1818 iidem
2277 1770 2335 1816 ut
2387 1777 2545 1833 reges
2591 1778 2657 1818 ac
2686 1763 3004 1823 sacerdotes
3054 1770 3262 1820 essent.
3311 1761 3498 1834 Neque

1917 1853 2065 1910 enim
2107 1853 2277 1909 ullum
2306 1871 2373 1910 ex
2413 1855 2668 1911 obscuris
2710 1870 2995 1911 sacrarum
3031 1857 3337 1912 litterarum
3368 1870 3500 1910 ora-

1916 1944 2057 1999 culis
2092 1944 2323 2001 veritate
2349 1960 2451 2001 sua
2485 1945 2687 2001 caruit.
2727 1943 2866 1999 Tum
2915 1946 3084 2016 igitur
3117 1944 3364 2002 Herodes
3402 1960 3497 2000 rex

1916 2033 2228 2103 alienigena
2292 2035 2563 2090 submotis
2640 2034 2865 2092 Davidis
2940 2037 3177 2106 posteris
3251 2035 3499 2095 diadema

1918 2125 2173 2195 sumpsit.
2196 2124 2379 2195 Atque
2403 2126 2619 2197 imperii
2650 2127 2869 2182 demum
2887 2128 3043 2184 .solio
3068 2130 3418 2199 peregrinum
3446 2130 3499 2183 in

1916 2216 2194 2271 hominem
2223 2218 2511 2282 translato,
2540 2233 2570 2272 a
2599 2219 2838 2275 carnalis
2863 2217 3019 2275 Judaa
3050 2220 3255 2276 familia
3291 2239 3355 2277 ac
3383 2222 3504 2280 Hie-

1915 2307 2213 2378 rosolymis
2268 2323 2367 2378 per
2425 2309 2704 2364 Christum
2746 2311 2898 2381 regia
2953 2319 3039 2366 est
3088 2312 3142 2366 in
3197 2312 3499 2367 Ecclesiam

1916 2398 2204 2456 transfusa
2238 2399 2500 2471 dignitas.
2536 2398 2710 2472 Cujus
2741 2404 2896 2457 sedes
2931 2402 2996 2457 ad
3033 2405 3275 2459 omnium
3305 2421 3497 2476 perpe.

230 2489 375 2553 λέως
426 2488 568 2543 κατὰ
599 2489 796 2562 σάρκα,
832 2488 930 2543 καὶ¹
981 2488 1044 2542 τὸ
1094 2485 1236 2542 εἶναι
1278 2487 1462 2555 αὐτὸν,
1496 2488 1633 2563 ὅπερ
1680 2488 1818 2552 ἐστι,

1927 2488 2171 2546 tuitatem
2212 2497 2526 2562 temporum
2568 2493 2625 2546 in
2674 2494 2863 2548 eadem
2900 2495 3019 2565 ipsa
3066 2496 3389 2558 constituta,
3435 2512 3500 2551 ex

235 2579 465 2651 βασιλέα
503 2578 727 2650 μείζονα
757 2579 851 2633 ἀπ’
901 2577 1098 2642 αἰῶνος
1147 2577 1292 2633 κατὰ
1327 2578 1426 2650 τὴν
1460 2577 1727 2650 θεότηταο
1761 2577 1822 2632 τὸ

1927 2576 2207 2631 ambarum
2235 2577 2588 2649 dignitatum,
2619 2576 2773 2650 regiii
2810 2581 3061 2636 videlicet
3087 2596 3153 2637 ac
3182 2582 3500 2645 sacerdotii,

239 2669 299 2724 δὲ
349 2671 646 2743 ἱερατικὸν,
700 2671 783 2724 ὅτι
833 2668 994 2734 αὐτὸς
1040 2670 1330 2742 ἀρχιερεὺς
1382 2670 1476 2724 καὶ
1524 2669 1824 2742 ἀρχιερέων

1927 2668 2284 2739 amplitudine
2318 2670 2579 2726 coalescit
2620 2689 2633 2725 :
2668 2687 2795 2726 nam
2823 2672 2968 2742 quod
3003 2672 3071 2727 ad
3103 2674 3307 2743 regiam
3333 2672 3500 2742 maje-

235 2761 529 2833 πρύτανις.
561 2762 1011 2826 Κατασταθέντος
1041 2753 1204 2825 εὖθὺς
1245 2759 1439 2815 Ἰακὼϐ
1462 2761 1556 2815 τοῦ
1589 2761 1821 2832 ἀδελφοῦ

1927 2769 2116 2816 statem
2149 2761 2367 2827 attinet,
2399 2776 2521 2817 eam
2552 2777 2584 2817 a
2620 2762 2846 2819 Christo
2877 2762 3008 2820 JeSu
3043 2763 3277 2820 Domino
3305 2771 3503 2819 nostro

234 2843 441 2917 Κυρίου
474 2844 806 2916 καλουμένου
844 2845 936 2899 καὶ
968 2844 1287 2910 ἀποστόλου,
1334 2844 1636 2899 ἐπισκόπου
1676 2844 1824 2918 πρώ-

1927 2853 2127 2923 duplici
2170 2853 2296 2923 jure
2329 2854 2788 2910 communicatam
2839 2856 3087 2927 accepit:
3126 2855 3274 2927 quod
3319 2865 3375 2911 et
3412 2855 3504 2910 ille

233 2953 332 2991 του
366 2933 486 2989 υἱοῦ
514 2934 608 2990 τοῦ
652 2936 851 3008 Ἰωσὴφ
883 2935 1051 3005 ,φύσει
1081 2934 1256 3001 ὄντος,
1291 2937 1352 2989 ὲν
1387 2934 1540 3002 τάξει
1584 2935 1641 2990 δὲ
1669 2937 1824 2991 ἀδελ-

1927 2950 2197 3012 quatenus
2233 2959 2402 3001 carne
2434 2953 2679 3007 constat,
2714 2945 2782 3001 de
2821 2945 3045 3001 Davidis
3089 2948 3263 3017 stirpe
3305 2959 3501 3018 propa-

236 3026 343 3098 φοῦ
380 3027 477 3081 τοῦ
520 3027 726 3099 Κυρίου
768 3025 1056 3099 κληθέντος
1098 3026 1189 3080 διὰ
1220 3026 1318 3098 τὴν
1350 3030 1819 3099 συναναστροφὴν.

1927 3041 2079 3104 gatus
2127 3032 2314 3098 fuerit,
2363 3042 2417 3090 et
2454 3052 2553 3091 rex
2582 3037 2889 3093 divinitatis
2917 3053 3081 3108 quam
3131 3038 3275 3095 idem
3323 3039 3509 3108 habet,

236 3121 453 3176 ratione
495 3120 657 3191 119
700 3119 858 3192 longe
907 3122 981 3176 sit
1010 3120 1264 3190 amplior,
1312 3125 1368 3176 et
1418 3126 1679 3176 aeternus.
1729 3120 2038 3180 Sacerdotii
2095 3141 2227 3183 vero
2275 3128 2598 3199 dignitatem
2653 3129 2776 3185 ideo
2829 3130 3058 3186 sortitus
3112 3140 3215 3197 est,
3256 3129 3401 3201 quod
3456 3140 3509 3186 et

239 3215 484 3287 pontifex
531 3217 622 3283 sit,
666 3224 722 3271 et
755 3215 1076 3287 pontiﬁcum
1119 3214 1366 3270 omnium
1412 3216 1728 3293 moderator
1776 3218 1850 3289 acf
1892 3220 2169 3292 princeps.
2218 3222 2401 3290 Quare
2421 3222 2660 3280 Jacobus
2687 3224 2797 3291 ille,
2822 3225 2917 3294 qui
2946 3223 3165 3279 Domini
3198 3229 3366 3278 frater
3407 3237 3510 3290 ap-

242 3310 478 3381 pellatus
525 3315 630 3375 est,
673 3316 727 3365 et
792 3309 1037 3380 ejusdem
1090 3310 1393 3380 apostolus,
1443 3310 1658 3380 primus
1712 3312 1961 3369 omnium
2041 3325 2128 3375 est
2183 3318 2479 3390 episcopus
2537 3317 2909 3385 constitutus;
2965 3318 3060 3389 qui
3113 3332 3238 3372 cum
3286 3315 3508 3387 Iosephi

242 3401 512 3458 naturalis
573 3408 720 3457 esset
778 3399 947 3466 filius,
990 3399 1206 3456 Domini
1243 3398 1413 3456 frater
1444 3402 1517 3458 ob
1552 3401 1609 3458 id
1668 3412 1899 3462 vocatus
1956 3416 2063 3476 est,
2101 3410 2247 3481 quod
2282 3411 2337 3465 in
2378 3409 2497 3480 ejus
2530 3411 2785 3466 convictu
2831 3427 2894 3466 ae
2937 3410 3337 3468 consuetudine
3389 3426 3510 3466 ver.
3556 3448 3559 3453 η

240 3504 479 3553 saretur.

315 3591 389 3643 A'.
428 3582 537 3641 Ἦν
562 3585 670 3657 γὰρ
697 3586 727 3639 ὁ
771 3577 1024 3651 Ἰάκωϐος
1049 3576 1206 3651 οὗτος
1239 3586 1315 3660 (5)
1351 3588 1463 3654 υἱὸς
1496 3588 1590 3643 τοῦ
1627 3590 1824 3663 Ἰωσὴφ

2000 3582 2092 3645 ιν.
2124 3586 2224 3645 llic
2249 3553 2395 3645 enim
2419 3588 2640 3660 Iosephi
2664 3604 2729 3646 ex
2750 3590 2861 3646 alia
2886 3589 2989 3647 fuit
3006 3606 3172 3663 quam
3194 3592 3365 3652 Maria
3387 3610 3513 3655 con-

245 3786 410 3844 Urbis
433 3783 664 3840 conditae
682 3797 919 3839 nccxvu.
947 3782 1164 3840 Period.
1189 3782 1390 3838 Julian.
1414 3799 1827 3841 uuuuncnxxvn

246 3865 374 3912 ante
393 3855 672 3924 vulgarem
698 3852 904 3909 Christi
932 3855 1164 3909 natalem
1191 3854 1280 3908 37.
1306 3852 1671 3920 Quamobrem
1702 3856 1827 3911 Ale—

244 3924 444 3982 xandri
472 3925 621 3979 illius
649 3924 832 3979 obitus
866 3932 950 3979 tot
984 3924 1145 3980 annis
1173 3924 1376 3979 Christi
1403 3933 1608 3990 ortum,
1637 3926 1747 3979 imo
1772 3933 1829 3980 et

246 3996 476 4068 Augusti
504 4003 668 4117 autne
715 3994 948 4050 Herodis
979 3994 1267 4074 imperium
1290 3995 1609 4057 antecessit,
1635 4002 1828 4049 contra

246 4082 414 4117 uuam
442 4063 583 4117 Enin
624 4066 785 4117 anius
832 4066 1073 4117 scrinsn.
1119 4062 1260 4117 Nam
1302 4065 1560 4117 immanis
1602 4066 1828 4117 ὰναγοο-

246 4062 414 4137 quam
442 4062 785 4137 Epiphanius
832 4062 1075 4135 scripsit:
1119 4062 1260 4118 Nam
1302 4065 1560 4137 immanis
1602 4066 1830 4137 ἀναχρο-

245 4133 725 4207 miraremur;
759 4133 1040 4207 utcunque
1072 4133 1396 4207 poterit,‘si_
1421 4135 1605 4190 luxata
1777 4147 1831 4189 et

110 4229 136 4241 ι
247 4203 430 4261 alieno
454 4204 576 4260 loco
609 4204 785 4274 posita
829 4203 1237 4270 ὤκει-ἱεζὲξότε
1266 4204 1450 4274 αὑτός,
1491 4211 1600 4274 etc.
1645 4203 1726 4274 Ut;
1757 4207 1830 4259 ita

246 4278 477 4331 omnino
522 4273 810 4345 legendum
846 4275 959 4345 sit;
998 4275 1227 4345 Διέπεσε
1263 4273 1372 4345 γᾲρ

245 4346 410 4409 αὐτὸς
439 4342 697 4416 γεννᾶται
741 4345 800 4397 ὲν
844 4344 1092 4416 suam“
1135 4343 1237 4413 τῆς
1289 4342 1558 4416 Ἰουδαίας-
1586 4343 1679 4396 ἐπὶ
1718 4346 1831 4416 τοῖς

245 4363 410 4409 αυτος
439 4363 697 4414 γενναται
741 4363 800 4397 εν
845 4363 886 4396 ιτ
926 4363 1092 4416 υΛεεμ
1135 4363 1237 4413 της
1294 4363 1542 4406 ιουοαιας
1586 4363 1679 4396 επι
1718 4363 1828 4407 τοις

245 4417 471 4486 χρόνοις
498 4413 738 4486 Ἡρώδου
779 4413 872 4486 τοῦ
889 4363 1199 4486 ᾏασιλέως,
1244 4414 1355 4486 καὶΔ
1382 4412 1828 4486 Αὐγοῦστου-τοῦ

258 4481 983 4557 ’Ῥωμαίωνάὑτοκράτορος
1003 4499 1017 4514 ·
1048 4486 1142 4538 καὶ
1174 4482 1268 4535 ἐστ
1341 4483 1433 4535 ἐπὶ
1467 4481 1829 4554 Ἀλεξάνδρου

258 4555 345 4609 τοῦ
399 4555 506 4608 ἀπὸ
554 4555 744 4621 γένους
793 4553 1099 4621 ἱερατικοῦ,
1142 4554 1238 4607 καὶ
1273 4502 1585 4621 γβασιλικοῦ,
1632 4553 1725 4621 ἀφ’
1770 4548 1831 4608 οὗ

246 4573 345 4609 του
399 4571 506 4608 am
554 4571 744 4623 γενους
794 4571 1099 4624 ιερατικου,
1142 4571 1238 4607 και
1283 4571 1585 4624 ρασιΛικου,
1632 4571 1721 4621 αφ·
1770 4571 1831 4608 ου

260 4624 609 4694 Ἀλεξάνδρου
648 4623 897 4677 διέπεσεν
937 4618 1091 4687 οὗτος
1125 4626 1153 4677 ό
1194 4623 1431 4694 κλῆρος,
1469 4622 1578 4694 άπὸ
1625 4622 1832 4694 χρόνων

248 4695 415 4780 αῦτοῦ
440 4692 529 4780 τε,
548 4694 956 4780 καὶὶΣσξαλένας,
989 4695 1089 4780 τῆς
1119 4692 1600 4780 καξίἈλεξάιεδρας
1628 4692 1831 4780 καλου-

252 4764 444 4836 μένης,
490 4765 549 4827 ὂς
584 4764 679 4819 καὶ
723 4763 994 4835 διάδημα,
1039 4761 1146 4819 etc.
1192 4761 1304 4817 Hac
1349 4761 1568 4832 quidem
1621 4763 1834 4819 ratione

252 4837 432 4920 labem
469 4835 617 4888 illam
645 4836 899 4920 priorem
920 4834 1286 4920 evitabimus,
1310 4919 1313 4920 ν
1326 4847 1511 4920 neque
1525 4832 1832 4920 alexand

248 4906 458 4961 exitum
485 4920 609 4959 cum
644 4900 848 4960 Christi
879 4910 1004 4958 ortu
1033 4900 1434 4971 eopulabimus.
1467 4900 1672 4956 Verum
1703 4903 1832 4958 huic

250 4978 586 5042 conjectura:
601 4981 803 5029 nostrae
818 4990 927 5028 non
944 4970 1237 5027 admodum
1256 4972 1600 5042 confidimus.
1617 4970 1832 5042 Quippe

1418 4275 1451 4343 ἡ
1487 4273 1643 4336 τάξις
1680 4271 1830 4338 ἐξότε

251 5045 311 5099 in
352 5032 546 5098 hmresi
587 5060 637 5105 ι..
666 5044 719 5110 1,
769 5045 959 5099 eadem
1001 5058 1138 5113 pene
1171 5043 1413 5097 historiae
1446 5032 1826 5112 adyxuo'tg'ab
1861 5032 1908 5090 D

252 5114 560 5184 Epiphanio
613 5115 861 5182 repetita.
904 5114 1036 5179 Qute
1087 5120 1146 5166 ut
1182 5124 1461 5184 postremo
1507 5113 1829 5182 castiganda

251 5182 528 5248 videatur,
569 5184 701 5238 illud
733 5195 914 5238 tamen
950 5182 1428 5253 unumqupererit
1463 5189 1654 5253 contra
1685 5184 1828 5236 veri-

251 5262 421 5309 tatem
456 5255 699 5309 historite
723 5254 953 5319 dictum,
988 5254 1044 5307 in
1082 5252 1393 5306 Alexandro
1428 5252 1828 5307 sacerdotalem

252 5325 404 5380 illam
432 5324 749 5395 regiamque
776 5323 1011 5395 desiisse
1043 5322 1269 5395 stirpem
1294 5339 1309 5388 ;
1337 5336 1465 5375 nam
1498 5336 1565 5395 ext
1587 5319 1830 5395 Josepho

253 5402 477 5449 constat
502 5391 636 5463 post
658 5391 1056 5463 'Alexandrum,
1092 5391 1427 5463 Hyrcanum,
1458 5398 1513 5444 et
1537 5391 1828 5463 Aristobu-

252 5466 370 5519 lum
418 5480 482 5518 cx
513 5460 736 5518 'eadem
786 5462 1047 5533 progenie
1092 5460 1407 5533 aliquandiu
1454 5460 1829 5533 pontificatum

253 5543 427 5603 atque
458 5535 745 5603 imperium
784 5529 1110 5603 obtinuisse.
1152 5529 1435 5603 Postremo
1466 5529 1739 5603 Josephus
1766 5531 1830 5586 in

251 5600 411 5660 cal—ce
460 5600 554 5658 lib.
601 5619 692 5656 xw
739 5603 933 5658 scribit
978 5602 1266 5673 Antigono
1296 5600 1595 5656 Alexandri
1663 5601 1834 5673 fratre

252 5673 560 5729 Aristobuli
605 5674 716 5727 filio
746 5673 931 5728 securi
974 5673 1042 5727 ab
1072 5671 1310 5726 Antonio
1343 5685 1627 5741 percusso,
1656 5671 1827 5726 Assa-

251 5756 596 5813 monazorum
623 5744 850 5813 stirpem
880 5743 1132 5813 desiisse,
1166 5742 1311 5811 quod
1339 5740 1567 5813 contigit
1594 5741 1832 5811 Agrippa

253 5821 314 5871 et
329 5812 561 5871 Canidio
590 5811 746 5868 cossf
763 5827 906 5867 anno
932 5811 1092 5868 Urbis
1111 5827 1345 5877 occxvn,
1375 5811 1535 5881 longo
1559 5819 1683 5880 post
1710 5814 1834 5866 Ale-

583 5913 854 5973 Ριτιιοι.
887 5913 1005 5972 Gn.
1041 5912 1199 5971 XLI.

1929 3786 2209 3843 xandrum
2286 3788 2439 3845 illum
2508 3790 2748 3862 priorem
2833 3798 2890 3848 et
2944 3793 3312 3852 Alexandram
3374 3808 3513 3856 tem-

1930 3873 2527 4009 Ifoifi.:5?.3901§éﬂ
2552 3932 2673 4009 ζτῆςζ
2706 3931 3022 4009 Ἰουδαίας.
3044 3934 3142 4009 Δ[ιιι
3181 3937 3239 3991 ἰη
3281 3939 3515 4009 quibus.

1930 3996 2067 4053 dam'
2094 3996 2335 4072 Μελ-ιηιωῖ
2356 3996 2783 4072 exemplaribus,
2818 4019 2918 4072 pro
2957 3996 3148 4070 Ἰούδα,
3182 4014 3240 4060 ιιι
3267 3996 3517 4065 εἶιίωαιι-

1933 4072 2094 4145 vertit
2145 4066 2551 4145 Hieronymus}
2586 4071 2733 4140 quod
2770 4066 2875 4127 etsi
2906 4066 3167 4130 vitiosum
3215 4076 3272 4130 in
3298 4078 3513 4145 Comm.

1932 4138 2001 4191 ad
2041 4151 2156 4201 cap.
2196 4152 2237 4191 ιι
2276 4136 2525 4192 Μὰιιιιωὶ
2564 4136 2718 4206 putet
2764 4156 2904 4206 esse,
2965 4154 3145 4199 tamen
3193 4140 3516 4206 nonaliter

1932 4156 2000 4191 aa
2041 4156 2156 4201 cap.
2196 4156 2237 4191 ιι
2276 4156 2524 4192 natura:
2603 4156 2718 4195 utet
2764 4156 2904 4206 esse,
2965 4156 3145 4199 tamen
3193 4161 3307 4201 non
3360 4156 3516 4204 aliter

1930 4208 2164 4288 ipsemet
2196 4207 2252 4288 in_
2300 4208 2516 4288 Eusebii
2552 4156 2815 4288 δήτοηίρο
2858 4211 3079 4288 scripsit
3109 4232 3139 4288 :_
3165 4204 3347 4288 neque
3384 4233 3516 4274 vero

1933 4276 2290 4347 improbanda
2323 4285 2405 4335 est
2434 4279 2541 4334 ista
2570 4279 2755 4345 lectio,
2794 4288 2854 4334 ut
2882 4281 2948 4335 ad
2971 4276 3276 4339 Eusebium
3307 4286 3517 4343 Ponta-

1936 4345 2036 4401 cus
2062 4345 2338 4401 observat.

2004 4416 2083 4485 (2)
2114 4417 2310 4492 Apro?)
2350 4433 2415 4471 τε
2452 4417 2911 4492 καὶῃΣααλίνας.
2951 4420 3226 4492 πλεθριιιιε
3262 4426 3358 4481 lib.
3389 4442 3514 4490 xm.
3601 4476 3611 4485 .

1933 4485 2229 4561 Alexandri
2266 4502 2511 4561 uxorem,
2542 4488 2778 4561 Hyrcani
2808 4485 2877 4548 et'
2909 4485 3211 4549 Aristobuli
3248 4485 3507 4558 matrem,

1933 4557 2307 4637 Alexandram
2341 4557 2607 4637 appellat;
2634 4577 2797 4637 quam
2827 4569 2882 4617 et
2920 4573 3150 4637 mortuo
3181 4567 3415 4637 conjuge
3462 4557 3518 4622 Ix

1934 4628 2095 4681 annis
2122 4628 2406 4697 praefuisse
2442 4628 2667 4685 scribit:
2683 4630 2804 4697 Quo
2834 4632 3025 4688 eodem
3060 4628 3385 4692 Alexandriae
3419 4654 3519 4693 no-

1934 4699 2080 4771 mine
2101 4698 2667 4771 Aristobulillyreani
2694 4703 2920 4770 majoris
2942 4704 3037 4757 filii
3064 4719 3287 4760 uxorem
3318 4718 3515 4763 vocat:

1934 4766 2368 4861 Τέλςυῖὴσαγτεξς
2392 4769 2450 4822 δὲ
2482 4766 3443 4861 "eptzf°§°iél<2ajrqu“~.Edisse
3481 4781 3516 4849 ἡ

1934 4839 2069 4921 γυνὴ
2104 4839 2292 4923 αὐτοῦ,
2326 4839 2593 4926 λεγομένη
2623 4841 2680 4893 δὲ
2716 4842 2820 4923 ὐῃὸ
2857 4839 3125 4967 Ἐλλιηνὶιιν
3171 4839 3516 4927 Ἀλεξάνδρα,

1935 4906 2145 4960 λυσασα
2176 4908 2595 4982 τους-ἀδελφους
2620 4912 2806 4977 αὐτου,
2833 4920 2941 4968 etc.
3023 4930 3253 4982 usquam
3284 4916 3520 4972 Saaltnaa

1937 4979 2334 5054 nomenapml
2368 4978 2876 5054 Josephumlegere
2910 4978 3151 5054 memini.
3189 4984 3517 5054 Quanquam

1934 5061 2043 5099 non
2074 5047 2231 5101 aliter
2254 5047 2428 5123 _illam
2470 5047 2794 5123 Christiani
2820 5053 3138 5123 scriptores,
3167 5047 3330 5123 quam
3369 5047 3520 5109 'Sali-

1938 5130 2068 5169 nam
2118 5118 2425 5171 nominant.
2466 5117 2736 5176 Eusebius
2783 5122 2838 5175 in
2892 5117 3518 5186 ChronichHieronym.

1934 5188 1991 5240 in
2013 5199 2131 5262 cap.
2190 5201 2244 5240 1x
2297 5186 2436 5262 ραι-ι.
2474 5189 2676 5262 aliique
2711 5229 2727 5254 ,
2777 5192 2845 5247 de
2884 5193 3085 5262 quibus
3116 5184 3360 5262 Scaliger
3386 5184 3519 5248 Ᾱηὶ-

1934 5253 2199 5309 madvers.
2245 5255 2315 5309 ad
2372 5253 2771 5316 Eusebfnum.
2822 5253 2983 5318 i911.
3036 5261 3189 5318 Unus
3241 5253 3523 5321 Marianus

1936 5327 2136 5381 Scottis
2183 5341 2330 5381 anno
2378 5328 2567 5381 mundi
2607 5329 2786 5395 4120,
2822 5332 3188 5387 Alexandram
3242 5332 3519 5388 Salomam

1937 5402 2087 5469 recte
2120 5404 2421 5469 nuncupat.
2456 5396 2656 5452 Eadem
2690 5415 2879 5469 porro,
2914 5402 3021 5456 nisi
3067 5401 3247 5467 fallor,
3279 5402 3525 5459 Alexan-

1938 5465 2060 5539 dra,
2084 5464 2209 5539 _sive
2238 5464 2463 5539 S‘alome
2483 5464 2772 5539 utriusque
2805 5464 2990 5525 fratris
3016 5487 3176 5533 uxor,
3196 5464 3521 5537 Aristobuli,

1939 5545 1993 5610 et
2036 5534 2353 5610 Alexandri,
2396 5536 2538 5610 fuit_:
2579 5534 2700 5608 quae
2748 5548 2871 5610 post
2902 5541 3204 5597 Aristobuli
3253 5534 3523 5604 mortem,

1940 5603 2227 5660 Jannaeum
2280 5603 2651 5682 Alexandrum
2709 5603 2949 5666 vinculis
2989 5611 3112 5666 i'deo
3164 5612 3407 5682 solutum
3455 5613 3527 5669 ad

1935 5677 2425 5753 regnugLevexit,‘
2457 5678 2606 5753 quod
2637 5695 2763 5753 cum
2796 5696 2863 5753 e_o
2896 5682 3119 5753 nuptias
3150 5677 3485 5753 copulasset.

2008 5737 2085 5824 (Si
2110 5737 2232 5825 ’μὴ
2256 5737 2425 5825 γὰρ
2457 5737 2733 5825 ’Ῐᾴκωδος
2763 5737 3528 5825 ο-ἧτοςίῖτιιειιτῖᾲείιλίφρει·-

1939 5815 2113 5870 suasit
2134 5815 2475 5886 Epiphanius
2493 5818 2760 5875 Jacobum
2791 5815 3051 5877 Minorem
3074 5820 3295 5892 Josephi
3322 5821 3383 5875 Β.
3403 5815 3527 5877 Ma-

3183 5920 3256 5979 13
