4022 6452
225 369 336 427 397

867 363 1240 421 ADVERSUS
1279 363 1624 420 HIERESES
1660 361 1788 416 LIB.
1829 362 1851 414 l
1891 360 2056 419 TOM.
2099 363 2255 420 IL—
2293 365 2570 422 HIERES.
2611 366 2808 422 XXIX.

3415 371 3513 428 398

226 487 364 560 πρὶν
395 487 493 540 τοῦ
537 476 816 541 καλεῖσθαι
855 485 1178 558 Χριστιανοὶ
1218 486 1268 539 oi
1321 487 1402 549 είς
1446 483 1682 556 Χριστὸν
1731 500 1823 535 πε-

1934 481 2143 552 delapsi
2180 499 2397 550 sumus,
2437 492 2498 537 ut
2526 483 2804 540 reddenda
2837 499 3005 540 causa
3037 485 3198 540 nobis
3222 494 3391 550 esset,
3419 504 3512 542 cur

169 576 190 594 ’
227 579 607 642 πιστευκότες,
651 577 840 632 τούτου
887 578 1050 630 ἕνεκα
1106 576 1352 647 ἔφημεν,
1393 576 1474 629 ὅτι
1529 578 1558 629 ὁ
1621 576 1819 628 Ἰεσσαὶ

227 669 422 741 πατὴρ
447 668 655 738 γίνεται
679 667 773 722 τοῦ
799 668 983 722 Δαϐίδ.
1017 670 1127 722 Καὶ
1164 670 1283 740 ἦτοι
1303 667 1400 721 τοῦ
1447 667 1664 731 Ἰεσσαὶ,
1700 668 1818 738 ἦτοι

225 766 294 817 ἐκ
323 762 418 816 τοῦ
444 762 705 832 ὀνόματος
755 761 932 832 Ἰησοῦ
966 761 1059 814 τοῦ
1093 761 1300 832 Κυρίου
1328 760 1483 830 ἡμῶν
1521 759 1820 830 ἐπεκλήθη-

227 873 331 908 σαν
375 854 655 916 Ἰεσσαῖοι,
695 851 784 906 διὰ
827 852 889 906 τὸ
925 851 984 918 ἐξ
1035 850 1210 922 Ἰησοῦ
1256 850 1530 922 ὁρμᾶσθαι
1579 849 1819 919 μαθηταὶ

223 949 382 1010 ὄντες
409 943 594 1009 αὑτοῦ,
620 944 653 1015 ἢ
687 944 776 997 διὰ
819 943 882 997 τὸ
915 943 1016 1013 τῆς
1041 941 1400 1013 ἐτυμολογίας
1430 939 1526 994 τοῦ
1554 940 1818 1012 ὀνόματος

225 1039 325 1093 τοῦ
372 1038 602 1110 Κυρίου.
649 1034 854 1107 Ἰησοῦς
897 1035 1008 1107 γὰρ
1053 1034 1196 1089 κατὰ
1234 1033 1332 1106 τὴν
1378 1031 1670 1104 Ἐϐραῖκὴν
1714 1031 1820 1085 διά-

224 1127 420 1180 λεκτον
448 1124 790 1196 θεραπευτής
815 1123 1079 1182 καλεῖται.
1113 1125 1230 1195 ἦτοι
1264 1124 1448 1195 ἰατρὸς
1482 1123 1576 1176 καὶ
1612 1123 1815 1192 σωτήρ.

229 1213 425 1282 Ὅμως
439 1212 614 1282 τούτῳ
630 1209 708 1282 τῷ
732 1210 978 1282 ὀνόματι,
995 1212 1124 1283 πρὶν
1139 1210 1232 1264 τοῦ
1250 1210 1608 1282 Χριστιανοὺς
1624 1210 1821 1274 αὐτοὺς

229 1304 536 1367 καλεῖσθαι,
576 1304 674 1374 τὴν
723 1305 1040 1375 ἐπωνυμίαν
1075 1304 1388 1375 ἐκέκτηντο.
1433 1303 1565 1357 Ἀπὸ
1619 1305 1820 1357 Ἀντιο-

227 1395 384 1466 χείας
416 1394 494 1456 δὲ,
523 1393 772 1464 καθάπερ
799 1394 910 1448 ἄνω
935 1395 1382 1466 ἐπεμνήσθημεν,
1412 1394 1484 1458 ὡς,
1510 1394 1624 1464 ἔχει
1663 1396 1696 1465 ἡ
1723 1397 1823 1466 τῆς

229 1485 494 1555 ἀληθείας
520 1485 797 1549 ὑπόθεσις,
843 1485 1078 1557 ἤρξαντο
1115 1487 1162 1538 οἱ
1206 1485 1452 1557 μαθηταὶ
1477 1487 1569 1539 καὶ
1611 1487 1818 1557 πᾶσαί]

240 1578 541 1650 Ἐκκλησία
582 1579 675 1632 τοῦ
710 1578 846 1631 Θεοῦ
877 1581 1195 1650 Χριστιανοὶ
1235 1579 1535 1633 καλεῖσθαι.

1930 574 1968 628 ii
2004 575 2100 644 qui
2143 575 2367 632 Christo
2414 593 2614 633 nomen
2659 577 2948 643 dederant,
2985 578 3309 650 priusquam
3352 577 3513 634 Chri-

1929 666 2237 722 stianorum
2271 684 2469 725 nomen
2497 677 2683 726 essent
2707 670 2917 740 adepti,
2943 669 3136 726 Jessazi
3163 681 3514 735 vocarentur,

1926 757 2136 813 ideirco
2169 761 2489 816 monuimus
2517 760 2783 817 Jessaeum
2822 761 3047 818 Davidis
3075 770 3286 833 patrem
3324 764 3514 821 fuisse.

1928 849 2041 904 Aut
2070 851 2138 905 ab
2175 851 2267 906 illo
2303 854 2474 923 igitur
2499 853 2692 918 Jessaa,
2725 861 2819 908 aut
2851 870 2881 908 a
2909 853 3038 910 Jesu
3061 855 3268 912 Christi
3300 856 3514 912 Domini

1929 945 2108 999 nostri
2143 946 2511 1016 appellatione
2540 945 2872 1002 Jessmorum
2899 963 3097 1002 nomen
3121 949 3512 1004 obtinuerunt:

1927 1038 2073 1106 quod
2109 1039 2178 1093 ab
2215 1037 2346 1094 Jesu
2398 1040 2689 1110 disciplina
2736 1041 3002 1110 profecti,
3039 1041 3398 1112 ejusdemque
3434 1042 3513 1097 di-

1929 1128 2127 1198 scipuli
2163 1130 2378 1198 forent;
2423 1140 2515 1186 aut
2551 1131 2684 1187 illud
2715 1133 2953 1204 denique
2989 1149 3052 1188 ex
3084 1135 3367 1189 notatione
3399 1135 3513 1204 ipsa

1929 1220 2190 1284 nominis,
2223 1237 2334 1292 quo
2358 1221 2626 1278 Dominus
2655 1233 2887 1280 vocatus
2916 1235 3021 1290 est,
3054 1227 3325 1297 originem
3353 1242 3512 1282 acce-

1926 1309 2022 1380 pit.
2048 1310 2211 1368 Jesus
2236 1313 2383 1368 enim
2411 1312 2681 1370 Hebraice
2715 1325 3046 1381 curatorem,
3088 1318 3192 1371 hoc
3223 1325 3308 1372 est
3340 1317 3511 1372 medi-

1929 1416 2053 1455 cum
2079 1418 2143 1458 ac
2166 1417 2499 1461 servatorem
2534 1407 2828 1478 signiﬁcat.
2862 1408 3144 1479 Quidquid
3177 1409 3267 1471 sit,
3299 1415 3510 1463 constat

1933 1507 2002 1546 eo
2047 1497 2293 1558 nomine,
2326 1500 2660 1568 priusquam
2695 1500 2997 1555 Christiani
3031 1510 3386 1562 vocarentur,
3423 1516 3512 1570 ap-

1927 1585 2156 1652 pellatos
2189 1585 2382 1645 fuisse.
2432 1590 2611 1659 Atque
2649 1591 2718 1644 ab
2755 1592 2894 1646 urbe
2934 1591 3156 1647 demum
3202 1590 3515 1648 Antiochia,

230 1671 312 1726 uti
356 1687 522 1740 supra
568 1671 940 1738 meminimus,
983 1672 1365 1742 adeoqueipsa
1432 1672 1509 1725 rei
1553 1670 1757 1726 veritas
1803 1669 2145 1744 comprobat,
2179 1693 2303 1733 cum
2339 1679 2592 1751 discipuli
2623 1681 2749 1752 ipsi,
2779 1690 2894 1737 tum
2924 1684 3104 1739 omnis
3130 1681 3376 1737 Ecclesia
3422 1680 3515 1736 Dei

227 1767 671 1824 Christianorum
698 1767 964 1822 vocabulo
997 1767 1416 1837 comprehensa.

308 1859 386 1914 E'.
428 1861 623 1943 Εὖροις
669 1859 717 1911 δ’
749 1859 835 1923 ἂν,
864 1853 925 1912 ὦ
953 1859 1200 1928 φιλολόγε
1231 1860 1331 1931 (ϐ),
1367 1860 1463 1913 καὶ
1503 1861 1693 1913 τούτου
1727 1859 1823 1931 τὴν

1999 1872 2066 1928 ν.
2120 1875 2275 1942 Quod
2331 1878 2550 1947 quidem
2605 1889 2991 1943 argumentum
3022 1880 3247 1936 uberius
3303 1890 3518 1952 pertra-

228 1951 510 2011 ὑπόθεσιν,
559 1948 796 2018 ἐντυχὼν
843 1952 957 2012 τοῖς
1001 1949 1095 2002 τοῦ
1138 1950 1373 2013 Φίλωνος
1407 1951 1816 2022 ὑπομνήμασιν,

227 2047 288 2098 ἐν
335 2046 402 2114 τῇ
461 2042 591 2113 περὶ
637 2041 915 2096 ’Ῑεσσαίων
971 2042 1138 2096 αὑτοῦ
1179 2043 1594 2115 ἐπιγραφομένῃ
1633 2043 1818 2114 βίϐλῳ,

226 2136 290 2198 ὃς
323 2134 529 2188 τούτων
575 2133 676 2204 τὴν
718 2133 994 2187 πολιτείαν
1048 2135 1143 2187 καὶ
1188 2135 1256 2190 τὰ
1299 2135 1550 2206 ἐγκώμια
1585 2135 1818 2202 διεξιὼν,

230 2229 330 2284 καὶ⁸
368 2227 440 2282 τὰ
471 2227 650 2282 αὐτῶν
695 2227 1032 2298 μοναστήρια
1076 2228 1134 2279 ἐν
1177 2229 1239 2298 τῇ
1290 2225 1432 2280 κατὰ
1469 2227 1568 2298 τὴν
1603 2227 1821 2298 Μαρίαν

228 2319 402 2394 λίμνῃ
449 2318 676 2391 ἱστορῶν
699 2318 1020 2389 περιοικίδι,
1067 2317 1126 2371 οὐ
1180 2318 1308 2388 περί
1351 2335 1514 2372 τινων
1552 2320 1757 2391 ἐτέρων
1793 2320 1822 2372 ὁ

228 2413 373 2484 ἀνὴρ
421 2412 725 2482 ἱστόρησεν,
776 2409 911 2463 ἀλλὰ
939 2409 1076 2484 ’περὶ
1106 2409 1470 2480 Χριστιανῶν.
1506 2402 1674 2472 Οὗτος
1713 2409 1822 2481 γὰρ

229 2505 526 2574 γενόμενος
554 2505 612 2555 ὲν
649 2505 715 2573 τῇ
759 2499 934 2573 χώρᾳ,
967 2501 1275 2573 Μαρεώτην
1305 2501 1362 2554 δὲ
1392 2502 1484 2554 τὸν
1526 2501 1689 2554 τόπον
1723 2519 1821 2554 κα-

231 2597 408 2657 ληῦσι,
439 2596 536 2648 καὶ
580 2593 874 2664 καταχθεὶς
920 2595 1052 2663 παρ’
1100 2594 1283 2656 αὐτοῖς
1306 2593 1364 2646 ἐν
1393 2597 1505 2656 τοῖς
1545 2592 1686 2646 κατὰ
1733 2592 1822 2646 τὸν

233 2689 419 2760 χῶρον
446 2685 635 2740 τοῦτον
683 2685 1068 2757 μοναστηρίοις
1109 2683 1408 2754 ὠφέληται.
1465 2685 1552 2737 Ἐν
1585 2683 1822 2756 ἡμέραις

231 2782 346 2852 γὰρ
376 2779 485 2834 τῶν
516 2779 748 2848 Πάσχων
783 2780 898 2831 ἐκεῖ
940 2777 1254 2848 γενόμενος,
1287 2778 1385 2840 τάς
1413 2795 1472 2830 τε
1497 2776 1678 2830 αὐτῶν
1723 2793 1822 2829 πο-

231 2873 440 2935 λιτείας
471 2871 754 2935 ἐθεάσατο,
790 2871 884 2924 καὶ
927 2869 1002 2934 ῶς
1038 2887 1184 2932 τινες
1214 2869 1485 2939 ἑϐδομάδα
1515 2870 1613 2940 τὴν
1662 2869 1822 2938 ἁγίαν

232 2969 345 3023 τῶν
396 2967 626 3036 Πάσχων
681 2963 1094 3035 ὑπερτιθέμενοι
1120 2963 1408 3026 διετέλουν,
1451 2961 1599 3016 ἄλλοι
1632 2963 1689 3016 δὲ
1735 2961 1825 3014 διὰ

235 3061 331 3115 δύο
352 3059 650 3121 ἐσθίοντες,
685 3056 832 3111 ἄλλοι
866 3055 924 3109 δὲ
959 3055 1054 3109 καὶ
1079 3054 1200 3109 καθ’
1232 3055 1491 3126 ἑσπέραν.
1524 3050 1632 3107 Ἧν
1659 3054 1717 3106 δὲ
1744 3052 1824 3124 τῷ

237 3154 392 3225 ἀνδρὶ
430 3153 608 3206 πάντα
640 3149 812 3204 ταῦτα
850 3148 1398 3221 πεπραγματευμένα
1443 3148 1523 3210 είς
1561 3149 1661 3219 τὴν
1691 3147 1822 3219 περὶ

236 3245 474 3309 πίστεώς
502 3261 562 3297 τε
596 3243 690 3296 καὶ
722 3241 996 3306 πολιτείας
1020 3240 1130 3294 τῶν
1162 3239 1506 3312 Χριστιανῶν
1537 3238 1816 3294 ὑπόθεσιν.

248 3341 336 3404 Ὠς
382 3334 477 3392 οὖν
506 3337 631 3390 τότε
664 3334 954 3388 ἐκαλοῦντο
1015 3335 1282 3398 ἰεσσαῖοι,
1319 3333 1408 3386 ἐπ’
1445 3331 1610 3402 ὀλίγῳ
1643 3332 1820 3405 χρόνῳ

238 3434 376 3506 μετὰ
418 3433 518 3504 τὴν
564 3428 833 3500 ἀνάληψιν
874 3427 970 3482 τοῦ
1028 3427 1304 3500 Σωτῆρος,
1356 3427 1450 3480 καὶ
1495 3425 1726 3498 Μάρκου
1752 3429 1818 3498 τῇ

235 3525 344 3580 τῶν
369 3522 682 3593 Αίγυπτίων
710 3518 865 3592 χώρᾳ
892 3518 1250 3590 κηρύξαντος,
1275 3516 1420 3572 κατὰ
1445 3517 1574 3580 τοὺς
1594 3516 1822 3588 χρόνους

233 3618 382 3681 τινὲς
417 3613 767 3684 ἐξεληλύθασι
801 3612 982 3674 πάλιν,
1020 3610 1131 3664 τῶν
1167 3609 1479 3664 ἀποστόλων
1507 3609 1667 3679 δῆθεν
1693 3609 1823 3663 ἀκό-

233 3710 438 3772 λουθοι,
472 3709 616 3776 λέγω
648 3705 706 3759 δὲ
755 3705 806 3758 οἱ
857 3702 1094 3758 ἐνταῦθά
1149 3719 1237 3773 μοι
1268 3701 1589 3772 δηλούμενοι
1629 3702 1824 3766 Ναζω-

238 3806 412 3876 ραῖοι,
449 3800 601 3862 ὅντες
650 3798 751 3869 μὲν
788 3796 927 3851 κατὰ
973 3795 1036 3848 τὸ
1073 3795 1231 3864 γένος
1289 3796 1554 3860 Ἰουδαῖοι,
1603 3795 1697 3848 καὶ¹
1745 3794 1823 3866 τῷ

237 3987 330 4040 καὶ
377 3982 720 4057 Θεραπευτὴς
783 3981 1150 4057 πνευμάτων..
1184 3980 1318 4057 Quae
1363 3981 1544 4057 omnia
1593 3981 1824 4057 comiter

237 4051 557 4126 accipienda
587 4063 738 4126 sunt,
768 4067 887 4126 non
912 4061 970 4106 ut
996 4051 1068 4126 ab
1103 4051 1364 4126 ίέισασθαι
1398 4052 1820 4126 deductumroﬁ

249 4121 426 4198 Ἰησοῦ
461 4124 803 4198 vocabulum_
837 4122 1076 4177 dixerint
1122 4121 1333 4185 Patres,
1365 4123 1474 4198 sed
1508 4131 1566 4198 ut
1599 4124 1825 4178 notione

239 4190 736 4267 ae'signiflcatione
765 4191 1013 4246 Graecum
1045 4207 1246 4246 nomen
1276 4208 1400 4246 cum
1432 4190 1657 4246 Hebrum
1690 4208 1825 4246 con-

240 4270 426 4323 venire
451 4267 847 4320 demonstrent.

309 4340 388 4406 (6)
430 4337 644 4403 Εὖροις
678 4333 733 4406 ῥΪ
764 4327 1282 4406 ἀντ-ὦλφιλολόγε.
1328 4331 1467 4406 Hine
1512 4331 1824 4406 illglacry-

239 4401 632 4474 maeIScripsit
675 4403 832 4458 Philo
874 4402 1096 4457 Judaeus
1129 4401 1452 4462 deEsszeis,
1487 4404 1571 4456 vel
1597 4401 1823 4474 Essen'is

241 4480 409 4532 libros
440 4473 669 4545 aliquot.
689 4474 932 4545 Quorum
965 4474 1464 4545 unus_inscribitur
1496 4491 1508 4526 :
1540 4475 1676 4544 Περὶ
1704 4473 1819 4545 τοῦ,

240 4551 420 4602 πάντα
474 4540 761 4598 σπουδαῖον
802 4540 944 4596 εἶναι
987 4542 1298 4613 ἐλεύθερον·
1333 4545 1495 4608 alius,
1535 4540 1669 4613 Περὶ
1709 4544 1824 4613 βίου
1859 4551 1905 4607 ι)

240 4615 599 4690 θεωρητικοῦ,
631 4615 662 4685 ἢ
697 4614 913 4690 Ἰκετῶν
951 4613 1183 4685 ἀρετῶν.
1225 4613 1287 4690 In
1324 4614 1391 4669 iis
1436 4615 1544 4668 duo
1588 4613 1824 4690 Essenof

242 4684 362 4744 ι’υηὶ
406 4684 605 4757 genera
650 4684 936 4757 constituit
967 4684 1178 4757 :unum
1222 4684 1328 4737 τῶν
1361 4687 1700 4751 πρακτικῶν,
1729 4686 1822 4754 qui

241 4760 295 4814 in
319 4754 536 4830 oppidis
556 4755 814 4830 socialem
843 4756 1008 4830 vitam
1034 4754 1353 4830 instituunt,
1383 4757 1696 4830 nuptiarum
1715 4774 1823 4830 ev-_

238 4823 451 4900 perlcs;
475 4825 842 4900 alterumath
868 4823 1238 4900 θεωρητικῶν,
1263 4826 1354 4900 qui
1373 4823 1822 4900 contemplationi

240 4895 390 4955 totos
411 4913 531 4954 sese
553 4896 910 4958 tradiderant,
931 4909 995 4948 ac
1015 4895 1204 4966 procul
1241 4899 1310 4948 ab
1347 4897 1557 4949 urbano
1591 4899 1822 4966 strepitu

241 4973 298 5026 in
329 4972 505 5040 agris,
539 4968 942 5040 aeopraasertim
968 4967 1033 5018 ad
1041 4964 1431 5040 _Mareotidem.
1468 4967 1520 5018 in
1552 4964 1824 5040 σεμνείοις

236 5051 293 5097 et
326 5034 709 5112 μοναστηρίοις
738 5034 1356 5112 degerent.-_Postrem_os
1387 5037 1522 5091 istos
1554 5034 1824 5112 Eusebius

236 5105 586 5168 Christianos
637 5105 1076 5161 fuisse’credidit
1111 5105 1201 5158 lib.
1251 5105 1454 5160 llislor.
1487 5124 1546 5171 ll,
1575 5123 1696 5176 cap.
1735 5108 1821 5173 Η,

238 5183 540 5250 eademque
585 5177 899 5250 ljieronytni
931 5183 1362 5245 creterorumque
1380 5176 1607 5250 Patrum
1638 5179 1826 5247 opinio

242 5254 364 5313 fuit,
399 5247 563 5320 quam
591 5247 935 5320 Epiphanius
981 5255 1206 5320 secutus
1238 5247 1482 5320 est.ASed
1521 5249 1630 5320 hoc,
1656 5264 1823 5302 unum

239 5323 391 5376 addit
415 5315 480 5375 ex
513 5315 854 5388 conjectura.
881 5315 1115 5371 Jessaeos
1154 5319 1280 5372 illos
1311 5317 1379 5371 ab
1406 5316 1576 5372 Jessaa
1605 5318 1824 5374 Davidis

240 5402 395 5462 patre
422 5387 752 5462 nominatos.
781 5387 936 5462 Quod
962 5396 1300 5457 postremum
1327 5389 1509 5462 minus
1527 5389 1826 5462 verisimile
1861 5401 1864 5404 ·

240 5457 395 5534 puto.
427 5461 612 5529 Neque
637 5457 1050 5534 enim,_opinor,
1078 5472 1308 5534 usquam
1343 5459 1560 5534 legitur,
1589 5457 1825 5534 Jes‘saro-

239 5527 362 5586 i'um
400 5527 596 5585 nomen
627 5529 957 5584 Christianis
981 5529 1329 5586 attributum.
1363 5527 1416 5582 et
1447 5527 1822 5594 Essaeosillos,

238 5618 349 5658 non
381 5601 616 5657 Jesszeos
649 5614 677 5651 a
714 5598 942 5652 Philone
966 5600 1270 5666 appellatos
1299 5613 1424 5652 esse
1455 5607 1693 5654 constat.
1726 5599 1826 5653 Sa-

240 5690 309 5728 ne
347 5675 394 5729 si
426 5672 617 5728 Jcssazi
654 5682 894 5738 unquam
927 5669 1225 5722 Christiani
1259 5671 1437 5723 vocati
1473 5678 1623 5731 sunt,
1671 5673 1828 5722 mul—

237 5753 354 5800 tum
414 5743 467 5797 id
517 5743 586 5795 ad
631 5747 908 5806 receptam
940 5739 1110 5808 illam‘
1136 5752 1200 5792 ac
1237 5748 1476 5793 veterem
1507 5740 1826 5808 opinionem

238 5812 664 5872 esseverandam
699 5808 882 5874 faciet,
924 5823 1044 5878 quas
1073 5806 1384 5864 Essaeorum
1410 5806 1634 5865 nomine
1661 5810 1824 5865 Chri-

1924 1971 2154 2027 ctatum,
2190 1967 2444 2036 quisquis
2471 1983 2531 2022 es
2563 1969 2845 2024 studiosus
2881 1970 2934 2022 in
2962 1969 3210 2026 Philonis
3235 1986 3518 2028 commen-

1925 2056 2080 2111 tariis
2107 2058 2376 2122 invenies,
2414 2075 2592 2131 eoque
2619 2061 2761 2114 libro
2785 2076 2947 2131 quem
2977 2063 3044 2118 de
3062 2061 3285 2118 Jessais
3317 2064 3517 2120 inscri-

1922 2147 2068 2216 psit:
2109 2149 2200 2202 ubi
2228 2149 2447 2204 illorum
2481 2154 2608 2206 vita:
2626 2152 3003 2221 disciplinam,
3033 2168 3096 2207 ac
3133 2155 3407 2223 praaconia
3433 2171 3516 2210 ce-

1923 2239 2167 2304 lebrans,
2205 2257 2508 2312 eorumque
2553 2246 2908 2308 monasteria,
2955 2261 3076 2314 quae
3107 2245 3176 2298 ad
3210 2245 3513 2302 Marianum

1923 2332 2178 2401 paludem
2207 2334 2639 2405 circumquaque
2668 2338 2848 2405 posita
2882 2346 3012 2391 sunt
3033 2338 3374 2404 describens,
3403 2355 3514 2393 non

1924 2422 1992 2476 de
2023 2423 2150 2476 aliis
2190 2425 2342 2490 ullis,
2378 2441 2543 2495 quam
2577 2427 2646 2481 de
2693 2426 3033 2484 Christianis
3087 2431 3194 2484 ista
3245 2425 3510 2487 narravit.

1923 2513 2060 2566 Nam
2091 2530 2216 2569 cum
2252 2531 2372 2571 eam
2418 2519 2697 2587 regionem
2750 2520 3040 2575 lustrasset
3085 2520 3378 2590 (Mareotes
3425 2523 3516 2577 hic

1924 2602 2087 2672 vulgo
2123 2603 2278 2659 locus
2307 2605 2550 2674 dicitur)
2581 2616 2744 2677 atque
2773 2609 2840 2662 ad
2870 2610 3043 2678 ipsos,
3068 2625 3370 2681 eorumque
3397 2593 3516 2666 mo-

1927 2694 2171 2749 nasteria
2206 2695 2542 2761 divertisset,
2579 2715 2832 2769 magnam
2865 2701 2934 2755 ab
2969 2701 3036 2756 iis
3078 2704 3369 2759 utilitatem
3417 2720 3512 2759 ac-

1926 2787 2092 2855 cepit.
2122 2788 2340 2842 Etenim
2370 2805 2496 2843 cum
2531 2791 2671 2860 ipsis
2702 2790 3063 2849 Paschalibus
3089 2794 3239 2850 feriis
3269 2797 3399 2851 illuc
3423 2814 3518 2852 ac-

1925 2879 2210 2942 cessisset,
2247 2895 2464 2934 omnem
2511 2897 2702 2937 eorum
2746 2886 2868 2939 vita:
2911 2887 3178 2946 rationem
3226 2889 3517 2961 diligenter

1926 2971 2189 3040 inspexit,
2232 2974 2656 3045 observavitque
2689 2980 2987 3034 nonnullos
3026 2990 3194 3034 totam
3226 2982 3374 3036 illam
3421 2999 3514 3036 sa-

1926 3053 2272 3115 cro‘sanctam
2301 3063 2697 3118 hebdomadem
2729 3067 2849 3122 sine
2872 3069 2984 3122 ullo
3014 3071 3140 3124 cibo
3173 3073 3512 3143 transigere;

1927 3147 2067 3202 alios
2115 3149 2342 3207 alternis
2378 3153 2530 3207 illum
2573 3155 2770 3213 diebus
2809 3172 3039 3228 capere;
3080 3162 3349 3230 quosdam
3384 3181 3516 3218 vero

1925 3239 2040 3304 sub,
2087 3256 2397 3311 vesperam.
2453 3244 2820 3310 Quamobrem
2874 3265 3217 3321 quzecunque
3270 3261 3386 3308 toto
3420 3257 3515 3309 illo

1925 3345 2092 3402 opere
2116 3348 2145 3386 a
2172 3330 2400 3390 Philone
2425 3345 2658 3394 tractata
2693 3349 2845 3407 sunt,
2879 3357 2940 3396 ea
2968 3344 3410 3400 Christianorum
3443 3346 3511 3402 ad

1926 3421 2086 3477 fidem
2141 3426 2467 3499 vivendique
2497 3431 2764 3486 rationem
2797 3434 3021 3488 omnino
3051 3437 3345 3505 pertinent.
3373 3437 3510 3493 Cum

1927 3514 2097 3587 igitur
2126 3515 2316 3575 Jessaei
2347 3529 2480 3577 tunc
2511 3526 2776 3595 temporis
2814 3525 3156 3594 dicerentur,
3187 3531 3352 3599 paulo
3391 3544 3517 3603 post

1926 3624 2220 3669 ascensum
2240 3614 2445 3670 Christi
2465 3616 2706 3681 Domini,
2731 3627 3021 3689 postquam
3045 3620 3263 3679 Marcus
3284 3625 3338 3679 in
3355 3625 3517 3699 Egy-

1927 3712 2019 3774 pto
2032 3705 2278 3761 divinum
2302 3708 2530 3764 verbum
2556 3710 3158 3780 praedicavitmonnulli
3190 3721 3322 3769 tunc
3339 3718 3513 3785 prod-

1929 3801 2110 3857 ierunt
2140 3803 2514 3871 apostolorum
2557 3803 2805 3870 asseclae,
2829 3803 3074 3860 Nazaraei
3115 3805 3372 3863 videlicet
3399 3809 3512 3873 isti,

1927 3984 2137 4056 stianos
2165 3999 2194 4036 a
2213 3981 2448 4056 Philone
2475 3983 2904 4054 comprehensos
2929 3984 3144 4056 statuit.
3163 3986 3241 4040 Ac
3265 3987 3512 4056 profecto

1928 4055 2058 4129 fieri
2081 4055 2227 4108 istud
2248 4055 2557 4129 potuit,_ut
2589 4056 2874 4129 cum__:inte
2915 4054 3512 4129 Christianae—religio-

1926 4126 2014 4179 nis
2045 4136 2222 4178 ortum
2248 4123 2442 4177 Esseni
2474 4123 2560 4176 his
2589 4123 2854 4193 moribus,
2883 4139 3060 4193 eoque
3081 4127 3204 4180 vita:
3235 4123 3509 4192 instituto,

1926 4195 2071 4318 good
2126 4195 2178 4247 in
2235 4193 2605 4272 priore.libro
2658 4192 3148 4264 Philopraidicat,
3188 4198 3242 4249 in
3274 4197 3513 4268 Egypto

1967 4271 2207 4318 orerent.
2243 4272 2406 4318 atque
2433 4272 2573 4317 Inter
2605 4261 2826 4317 Judaeos
2855 4272 2909 4318 et
2931 4273 3116 4318 essent
3156 4273 3210 4318 et
3234 4266 3508 4318 haberen-

1967 4271 2207 4326 orerent,
2236 4261 2406 4332 atque
2432 4263 2573 4317 inter
2605 4261 2826 4317 Judaeos
2855 4261 2909 4318 et
2931 4273 3116 4319 essent
3156 4273 3210 4319 et
3234 4261 3508 4322 haberen-

1927 4341 2019 4412 tur
2047 4333 2418 4397 sanctissimi;
2457 4341 2812 4412 posteaquam
2864 4344 3086 4412 auctore
3133 4335 3317 4412 Marco
3351 4339 3511 4392 Chri-

1929 4405 2232 4478 stianorum
2274 4419 2450 4478 genus
2481 4405 2980 4478 exstitit._quorum
3037 4407 3162 4478 vitae
3206 4405 3347 4478 ratio
3400 4410 3513 4478 pri-

1929 4475 2033 4530 mis
2067 4476 2174 4529 illis
2203 4475 2538 4543 temporibus
2567 4490 2689 4527 cum
2720 4473 3050 4546 Essenorum
3079 4476 3370 4546 disciplina
3396 4473 3515 4531 ina-

1930 4561 2167 4668 ἕπομαι-ε
2221 4545 2560 4613 congruebat
2589 4585 2602 4604 ,
2659 4546 2728 4598 ab
2773 4543 3162 4601 Alexandrinis
3214 4543 3510 4615 gentilibus

1955 4616 2126 4668 ‘sseni
2153 4616 2264 4668 sint
2288 4617 2489 4668 vocati.
2521 4614 2672 4668 Ouos
2699 4615 2843 4668 enim
2874 4623 2928 4668 et
2950 4614 3192 4668 Judaeos.
3227 4627 3359 4668 tunc
3386 4621 3510 4668 nui—

1955 4614 2126 4690 Esseni
2153 4616 2264 4671 sint
2288 4617 2489 4690 vocati.
2521 4614 2672 4680 Quos
2699 4615 2843 4690 enim
2874 4623 2928 4669 et
2950 4614 3192 4680 Judaeos,
3221 4614 3359 4673 tunc
3386 4621 3511 4690 qui-

1928 4687 2072 4749 dem,
2131 4701 2322 4740 omnes
2366 4685 2635 4749 viderent,
2681 4693 2734 4739 et
2782 4685 3116 4740 Essenorum
3163 4685 3510 4744 communem

1928 4757 2076 4810 illam
2117 4756 2240 4811 vita:
2277 4757 2569 4816 rationem,
2596 4767 2758 4824 atque
2791 4756 2859 4809 ab
2888 4758 3035 4809 omni
3070 4758 3222 4822 luxu,
3251 4767 3308 4811 et
3334 4761 3512 4814 ambi-

1927 4827 2076 4882 tione
2100 4836 2365 4880 remotam
2397 4828 2822 4894 complecteutes
2847 4836 3138 4881 cernerent
3161 4844 3285 4882 cum
3308 4837 3362 4882 et
3383 4832 3512 4883 alio-

1927 4899 2022 4966 qui
2051 4913 2117 4951 ex
2153 4897 2487 4952 Essenorum
2518 4895 2749 4950 Judaiea
2785 4896 3021 4950 factione
3049 4899 3295 4967 plerique
3337 4915 3398 4954 se
3445 4903 3510 4953 ad

1926 4967 2278 5023 Christianos
2309 4975 2719 5035 aggregasseut,
2740 4967 3017 5035 quodnam
3048 4969 3116 5021 iis
3141 4967 3288 5022 aliud
3310 4985 3509 5022 nomen

1927 5054 2091 5108 quam
2147 5037 2456 5091 Essaiorum
2507 5037 2862 5108 aﬂiogerent?
2907 5037 3042 5108 {fiam
3091 5046 3144 5092 et
3179 5040 3272 5108 diu
3322 5047 3510 5106 postea

1925 5105 2228 5165 Christiani
2271 5121 2462 5161 omnes
2511 5120 2541 5159 a
2585 5105 2790 5161 Graecis
2818 5121 2881 5159 ac
2916 5107 3177 5162 Romanis
3207 5105 3378 5162 Judaai
3411 5124 3512 5161 no-

1928 5179 2142 5240 minati,
2172 5187 2226 5232 et
2249 5191 2347 5248 pro
2372 5176 2765 5248 Judaeis_habiti
2801 5185 2951 5248 sunt,
2975 5185 3034 5230 ut
3067 5193 3174 5248 non
3206 5177 3508 5232 absurdum

1929 5250 2000 5305 sit
2029 5245 2382 5319 Philonianos
2409 5248 2531 5301 illos
2560 5245 2780 5319 Essa‘os
2806 5246 3198 5319 θεωρητικούς,
3234 5248 3510 5302 Christia-

1930 5334 2030 5375 nos
2082 5319 2270 5374 fuisse.
2320 5317 2452 5383 Qum
2492 5325 2672 5370 autem
2718 5317 2985 5371 adversus
3021 5334 3082 5370 ea
3139 5332 3335 5386 magno
3383 5334 3509 5372 cum

1929 5391 2159 5459 strepitu
2215 5403 2276 5442 ac
2329 5389 2615 5441 stomacho
2662 5387 3032 5459 disputantur,
3053 5401 3187 5459 cum
3235 5396 3328 5441 aut
3373 5389 3510 5443 levia

1929 5461 2060 5522 sint,
2096 5466 2189 5512 aut
2225 5459 2380 5512 facile
2409 5459 2632 5511 dissolvi
2661 5459 2896 5526 possint.
2929 5458 3064 5511 nihil
3094 5459 3221 5521 erit,
3244 5459 3389 5527 quod
3409 5475 3510 5513 nos

1927 5531 2316 5584 vetustissima:
2344 5531 2488 5581 illius
2517 5529 2816 5596 opinionis,
2849 5542 2912 5581 ac
2965 5537 3247 5582 tantorum
3280 5528 3508 5583 Patrum

1929 5600 2271 5654 auctoritatis
2301 5607 2356 5652 et
2382 5599 2763 5670 consensionis
2795 5599 3074 5670 omniteat.
3115 5596 3249 5670 Vide
3293 5615 3416 5670 qua
3441 5598 3511 5655 'de

1931 5671 2015 5725 his
2042 5670 2412 5726 eruditissime
2445 5667 2732 5723 Serrarius
2766 5681 2950 5723 noster
2979 5669 3072 5722 lib.
3109 5685 3168 5722 ιιι
3205 5667 3511 5727 Triimzresit’

1931 5744 2193 5795 adversus
2232 5739 2566 5810 Scaligerum
2604 5755 2666 5793 ac
2696 5737 2919 5792 Junium
2951 5741 3196 5794 disserit.
