3982 6470
198 407 298 473 ιιι

834 409 1208 470 ADVERSUS
1246 408 1591 470 HIERESES
1628 407 1756 469 CH}.
1797 410 1838 465 l.
1878 405 2044 465 TOM.
2086 405 2151 461 ll.
2175 434 2247 448 --
2284 404 2565 465 HERES;
2606 402 2802 463 XXIX.

3375 405 3477 462 £0?

196 533 322 599 νοὺς
334 529 611 607 [καλοῦσι’
641 527 736 586 καὶ
773 531 925 603 ὅμως
954 533 1161 605 ἑκάστη
1193 534 1421 606 αἵρεσις,
1452 532 1655 605 καίπερ
1694 530 1789 586 ἄλ-

1900 544 2000 599 que
2024 536 2207 590 secta;
2233 524 2503 581 licet‘alio
2529 526 2748 582 nomine
2771 533 3094 592 censeatur,
3128 526 3182 583 id
3222 527 3325 582 sibi
3376 543 3481 584 ιιοο

194 623 303 688 huc;
342 621 609 694 λεγομένη
628 659 644 685 ,
674 621 1029 692 καταδέχεται
1069 622 1228 677 τοῦτο
1260 623 1556 695 χαίρουσα,
1583 623 1665 677 δτι
1694 621 1785 675 διὰ

196 713 289 768 τοῦ
337 713 604 784 ὀνόματος
644 714 958 784 κοσμεῖται.
1004 713 1234 769 Δοκοῦσι
1281 715 1391 788 γὰρ
1430 716 1525 769 ἐπὶ
1568 716 1646 787 τῷ
1691 713 1786 768 τοῦ

190 802 433 876 Χριστοῦ
476 804 835 876 σεμνύνεσθαι
879 806 1127 878 ὀνόματι,
1160 806 1223 861 οὐ
1254 807 1360 880 μὴν
1385 811 1452 880 τῇ
1488 808 1668 862 πίστει
1695 810 1790 862 καὶ⁹

190 898 308 958 τοῖς
336 896 540 969 ἔργοις.
569 896 727 951 Οὕτω
759 898 857 952 καὶ
886 899 936 951 οί
978 898 1124 968 ἅγιοι
1152 898 1248 953 τοῦ
1278 900 1515 972 Χριστοῦ
1551 900 1790 973 μαθηταὶ

193 988 319 1042 τότε
352 988 602 1061 μαθητὰς
624 989 801 1060 Ἰησοῦ
832 991 1063 1060 ἑαυτοὺς
1086 991 1337 1055 ἐκάλουν,
1361 991 1551 1063 ὥσπερ
1575 988 1669 1046 οὖν
1693 993 1790 1045 καὶ

191 1070 371 1148 ἦσαν*
431 1078 724 1143 ἀκούοντες
773 1079 832 1133 δὲ
875 1080 1031 1151 παρὰ
1072 1081 1247 1136 ἄλλων
1289 1084 1638 1154 Ναζωραῖοι,
1689 1084 1789 1137 οὐκ

191 1167 500 1238 ἡναίνοντο,
533 1168 625 1222 τὸν
661 1170 866 1224 σκοπὸν
898 1170 1228 1243 θεωροῦντες
1256 1173 1365 1226 τῶν
1392 1172 1552 1227 τοῦτο
1592 1174 1791 1237 αὐτοὺς

191 1258 540 1324 καλούντων,
566 1260 649 1314 ὅτι
686 1260 775 1315 διὰ
805 1260 1041 1335 Χριστὸν
1078 1264 1276 1328 αὐτοὺς
1307 1265 1567 1319 ἐκάλουνο
1603 1265 1791 1337 ἐπειδὴ

194 1346 291 1405 καὶ
330 1351 497 1415 αὐτὸς
540 1351 570 1404 ὁ
615 1351 821 1423 Κύριος
870 1354 1082 1425 Ἰησοῦς
1136 1354 1461 1428 Ναζωραῖος
1503 1357 1751 1411 ἐκαλεῖτο
1771 1398 1789 1423 ,

193 1438 390 1515 ὥσπερ
424 1442 538 1514 ἔχει
565 1443 636 1499 τὰ
663 1445 993 1516 Εὐαγγέλια,
1031 1448 1128 1502 καὶ
1162 1448 1219 1502 αἱ
1251 1434 1489 1519 Πράξεις
1512 1449 1622 1505 τῶν
1652 1452 1790 1505 ἀποο

195 1534 425 1592 στόλωνο
452 1535 542 1590 διὰ
567 1537 629 1591 τδ
656 1537 716 1592 ὲν
746 1541 812 1611 τῇ
846 1539 1001 1593 πόλει
1028 1540 1285 1613 Ναζαρὲτ
1315 1541 1502 1603 αὑτὸν,
1531 1539 1696 1616 κώμῃ
1734 1524 1790 1596 δι

196 1628 273 1683 τὰ
312 1628 409 1685 νῦν
449 1628 608 1703 οὔσῃ,
637 1631 1046 1705 ἀνατετράφθαι
1076 1634 1135 1687 ὲν
1165 1633 1300 1704 οἴκῳ
1336 1633 1567 1706 Ἰωσὴφ,
1601 1651 1793 1707 γεννη-

193 1720 369 1776 θέντα
398 1721 543 1793 κατὰ
572 1722 752 1796 σάρκα
781 1726 839 1779 ὲν
869 1724 1119 1797 Βηθλεὲμ
1157 1725 1267 1780 ἀπὸ
1295 1726 1513 1798 Μαρίας
1549 1727 1648 1798 τῆς
1672 1728 1791 1781 det-

195 1814 477 1905 παρθένου
501 1815 601 1891 τῆς
635 1817 1122 1889 μεμνηστευμένης
1149 1817 1348 1889 Ἰωσὴφ
1373 1817 1453 1889 τῷ
1472 1820 1530 1872 ὲν
1556 1821 1622 1890 τῇ
1653 1818 1789 1891 αὐτῇ

196 1880 465 1980 Ναζαρὲθ
502 1880 883 1982 Maxume,
920 1880 1056 1982 μετὰ
1076 1880 1171 1965 ’ἐεδι
1196 1880 1791 1983 magnesiam;
1822 1880 1866 1936 Β

202 2000 622 2073 μεταναστάντα
648 2001 711 2056 ὲν
736 2001 1094 2075 τῇΤαλιλαίᾳ
1125 2002 1558 2076 κατοικισθῆναι.

273 2176 349 2230 Ζ⁹.
383 2166 544 2232 Οὗτοι
569 2175 631 2231 δὲ
658 2175 710 2230 οἱ
751 2175 1141 2250 προειρημένοι
1180 2176 1524 2249 αἰρεσιῶται,
1554 2177 1686 2250 περὶ
1717 2170 1794 2233 ὧν

197 2263 443 2319 ενταῦθα
468 2264 567 2337 τὴν
592 2267 872 2339 ἀφήγησιν
895 2265 1218 2339 ποιούμεθα,
1240 2266 1595 2340 παρέντεςντδ
1622 2267 1795 2340 ὄνομα

200 2356 299 2411 τοῦ
326 2356 527 2428 Ἰησοῦ,
555 2356 679 2412 οὔτε
713 2358 1007 2424 Ἰεσσαίους
1032 2360 1259 2424 ἑαυτοὺς
1288 2359 1645 2432 κεκλήκασιν,
1666 2359 1793 2415 οὔτε

199 2445 315 2501 τῶν
349 2445 624 2502 Ἰουδαίων
661 2447 1139 2522 ἔμειναν-ἔχοντες
1176 2449 1238 2503 τὺ
1266 2449 1459 2522 ὄνομα,
1500 2448 1625 2504 οὔτε
1660 2452 1796 2523 Χρι-

201 2536 462 2604 στιανοῦς
514 2539 743 2605 ἑαυτοὺς
801 2542 1187 2613 ἐπωνόμασαν,
1229 2541 1368 2616 ἀλλά
1409 2541 1794 2615 Ναζωραίους,

199 2624 366 2699 δῆθεν
398 2628 508 2683 ἀπὸ
535 2629 645 2701 τῆς.
674 2630 768 2685 τοῦ
803 2632 1005 2699 τόπου,
1027 2632 1130 2704 τῆς
1157 2632 1415 2706 Ναζαρὲτ
1453 2634 1792 2705 ἐπωνυμίας.

200 2714 287 2772 Τὰ
311 2719 492 2773 πάντα
519 2719 577 2773 δέ
604 2720 742 2775 εἰσιν
769 2722 1037 2792 Ἰουδαῖοι,
1062 2724 1160 2777 καὶ
1186 2724 1339 2778 οὐδὲν
1363 2723 1571 2797 ἕτερον.
1600 2724 1797 2797 Χρῶν-

198 2826 291 2863 ται
316 2808 377 2863 δὲ
400 2805 546 2866 οὗτοι
570 2813 631 2866 οὐ
661 2812 820 2883 μόνον
846 2813 964 2887 Νέᾳ
986 2813 1265 2887 Διαθήκῃ,
1281 2814 1419 2868 ἀλλὰ
1440 2817 1537 2870 καὶ
1561 2817 1793 2889 Παλαιᾷ,

200 2900 462 2976 καθάπερ
496 2904 591 2958 καὶ
619 2905 669 2959 oi
697 2905 967 2973 Ἰουδαῖοι.
994 2907 1071 2962 Οὐ
1098 2906 1208 2980 γὰρ
1249 2907 1628 2981 ἀπηγόρευται
1663 2911 1795 2981 παρ’

203 2994 395 3058 αὐτοῖς
440 2995 736 3067 νομοθεσία
782 2998 878 3051 καὶ
928 2998 1207 3070 προφῆται
1259 2998 1357 3052 καὶ
1388 2980 1644 3070 ’γραφεῖα
1663 3038 1679 3065 ,
1725 2980 1797 3057 τὰ

207 3085 364 3157 παρὰ
393 3085 672 3153 Ἰουδαίοις
708 3088 784 3161 (9)
829 3088 1139 3162 καλούμενα
1179 3089 1390 3162 Βιβλία,
1425 3090 1615 3164 ὥσπερ
1645 3092 1799 3164 παρὰ

203 3174 319 3239 τοῖς
356 3178 811 3249 ἰτροηειροιψεένοις⁹
843 3180 965 3235 οὐδέ
1005 3199 1059 3234 τι
1098 3179 1287 3253 ἕτερον
1310 3175 1457 3237 οὗτοι
1476 3183 1794 3254 φρονοῦσιν,

1890 618 2058 675 minis
2088 619 2325 674 libemer
2356 618 2608 683 asciscit,
2642 620 2788 689 quod
2836 619 2938 674 hoc
2987 634 3112 676 esse
3150 619 3257 675 sibi
3293 619 3476 675 decori

1890 726 2054 783 atque
2081 720 2407 768 ornamento
2434 710 2660 781 judicat.
2692 708 2905 781 Quippe
2942 711 3059 767 solo
3090 709 3294 767 Christi
3318 727 3479 766 voca-

1888 804 2038 872 bulo,
2070 819 2180 858 non
2209 803 2313 860 lide
2337 812 2500 873 atque
2530 803 2790 872 operibus
2818 803 3038 875 gloriari
3065 803 3338 859 videntur.
3372 805 3480 860 Eo-

1889 897 2010 952 dem
2038 897 2200 952 modo
2234 897 2410 951 sancti
2439 895 2644 951 Christi
2676 895 2930 965 discipuli
2958 912 3079 952 sese
3104 904 3219 952 tum
3250 897 3303 952 id
3331 900 3476 969 quod

1887 997 2046 1043 erant
2068 985 2198 1043 Iesu
2244 987 2544 1057 discipulos
2589 986 2890 1053 vocabant;
2922 1002 3100 1058 neque
3132 995 3314 1044 tamen
3349 1005 3475 1044 cum

1890 1080 1960 1135 ab
2003 1079 2126 1133 aliis
2147 1068 2429 1133 'Nazareni
2460 1080 2799 1142 dicerentur,
2840 1093 3036 1133 nomen
3066 1079 3208 1134 istud
3251 1096 3476 1137 recusa-

1891 1169 2024 1225 bant
2046 1210 2059 1234 ,
2090 1185 2215 1224 cum
2248 1169 2317 1224 ad
2360 1183 2551 1224 eorum
2579 1209 2594 1233 ,
2646 1184 2677 1222 a
2703 1168 2905 1240 quibus
2934 1169 3013 1223 sic
3037 1170 3475 1240 appellabantur,

1890 1260 2052 1315 ﬁnem
2087 1274 2422 1330 scopumque
2445 1260 2816 1329 respicerent;
2853 1259 2944 1328 qui
2980 1259 3084 1315 hoc
3114 1276 3235 1316 sese
3257 1263 3479 1317 nomine

1890 1353 2098 1410 Christi
2135 1368 2304 1408 causa
2351 1353 2664 1418 donabant;
2715 1352 3156 1423 quandoquidem
3209 1363 3264 1409 ct
3315 1353 3478 1410 Iesus

1893 1443 2012 1515 ipse
2039 1443 2357 1500 Nazarenus
2381 1444 2686 1515 appellatus
2710 1453 2829 1509 est,
2860 1452 2921 1500 ut
2976 1445 3035 1499 in
3075 1444 3384 1515 Evangeliis
3425 1457 3480 1502 et

1887 1536 2263 1605 apostolorum
2288 1536 2516 1592 Actibus
2544 1534 2772 1606 legitur:
2807 1550 2907 1607 pro
2940 1551 3005 1592 eo
3026 1537 3170 1607 quod
3198 1538 3251 1591 in
3279 1538 3481 1608 oppido

1892 1628 2151 1684 Nazareti
2170 1671 2186 1696 ,
2215 1629 2313 1701 qui
2340 1629 2503 1684 hodie
2530 1643 2700 1700 pagus
2749 1635 2835 1683 est
2859 1670 2873 1695 ,
2927 1630 2983 1684 in
3019 1629 3230 1685 aedibus
3256 1627 3480 1700 Iosephi

1893 1719 2058 1777 fuerit
2085 1720 2371 1784 educatus,
2408 1734 2765 1791 posteaquam
2797 1720 3133 1776 Bethleheuii
3160 1719 3228 1776 de
3259 1719 3484 1791 Virgine

1894 1811 2064 1867 Maria
2094 1811 2396 1869 secundum
2424 1827 2648 1867 carnem
2674 1819 2835 1868 natus
2858 1818 2963 1876 est,
2987 1828 3111 1882 quae
3141 1812 3359 1882 quidem
3388 1809 3481 1867 Jo-

1892 1904 2064 1975 sepho
2086 1904 2362 1976 desponsa
2395 1902 2594 1970 fuerat,
2625 1902 2718 1975 qui
2741 1902 2992 1959 Nazareti
3023 1903 3480 1982 tunchabitabat,

1892 2009 2019 2050 eum
2053 1996 2249 2052 relicto
2275 1994 2629 2052 Bethlehemo
2665 1997 2721 2050 in
2749 1995 2972 2052 Galilaea
3001 1996 3337 2052 domicilium
3371 1997 3485 2053 col-

1892 2087 2153 2144 iocasset.

1965 2177 2078 2232 VII.
2104 2177 2263 2245 Quod
2290 2195 2420 2235 vero
2448 2180 2516 2235 ad
2535 2178 2837 2235 haereticos
2865 2178 2990 2234 illos
3021 2176 3238 2244 attinet,
3266 2190 3335 2233 ue
3361 2177 3484 2247 qui-

1894 2271 1999 2328 bus
2032 2270 2194 2326 modo
2218 2286 2530 2327 sermonem
2567 2270 2907 2326 instituimus
2930 2309 2946 2334 ,
2979 2269 3187 2325 omisso
3220 2266 3350 2324 Iesu
3387 2284 3486 2323 no-

1893 2362 2063 2425 mine,
2116 2375 2295 2432 neque
2341 2359 2576 2416 Iessaeos
2633 2359 2845 2429 seipsos
2897 2364 3126 2421 vocant,
3176 2370 3357 2426 neque
3386 2354 3486 2410 Iu-

1894 2451 2136 2507 daeorum
2167 2451 2492 2507 vocabulum
2525 2450 2783 2514 retinent,
2815 2464 2993 2520 neque
3028 2463 3088 2504 se
3114 2446 3483 2512 Christianos,

1895 2542 1994 2599 sed
2023 2541 2335 2599 Nazarenos
2369 2541 2438 2598 de
2471 2542 2562 2596 illa
2596 2542 2701 2596 loci
2751 2540 3115 2611 appellatione
3142 2548 3483 2608 nuncupant,

1895 2650 2019 2691 cum
2047 2634 2268 2690 interim
2302 2635 2439 2690 meri
2468 2634 2572 2706 ipsi
2603 2632 2774 2687 Iudaei
2797 2672 2811 2698 ,
2840 2647 3019 2702 neque
3048 2631 3193 2686 aliud
3226 2641 3486 2701 praetcrea

1897 2728 2027 2785 sint.
2072 2726 2246 2783 Porro
2295 2743 2405 2782 non
2437 2728 2613 2783 solum
2640 2725 2795 2783 Novo
2830 2768 2845 2790 ,
2874 2727 2967 2781 sed
2999 2735 3052 2781 et
3083 2723 3267 2780 Veteri
3295 2722 3488 2779 Testa-

1897 2826 2083 2875 mento
2111 2816 2425 2873 Iudaeorum
2455 2818 2630 2875 instar
2656 2826 2909 2873 utuntur.
2941 2816 3129 2888 Neque
3157 2815 3303 2872 enim
3343 2814 3488 2886 apud

1897 2907 2022 2964 illos
2050 2908 2186 2979 legis
2220 2909 2369 2973 libri,
2414 2909 2714 2979 prophetae,
2748 2917 2842 2962 aut
2881 2906 3251 2978 hagiographa
3298 2904 3489 2975 prohi-

1895 2999 2117 3067 bentur,
2146 3016 2268 3070 quze
2299 2998 2475 3055 Iudaei
2498 3000 2670 3053 Biblia
2696 3008 3041 3069 nuncupant,
3070 3006 3128 3051 ut
3156 3006 3209 3053 et
3235 3012 3265 3050 a
3286 2995 3492 3052 Iudwis

1899 3092 2292 3162 approbantur,
2327 3107 2355 3145 a
2386 3092 2596 3162 quibus
2621 3091 2863 3145 Nazarrei
2908 3090 3054 3145 nulla
3094 3090 3151 3144 in
3185 3104 3245 3145 re
3275 3090 3489 3145 dissen-

1899 3185 2065 3249 tiunt,
2098 3184 2193 3254 qui
2222 3184 2290 3238 ad
2319 3185 2455 3254 lcgis
2492 3184 2871 3253 praescriptum
2911 3198 2974 3236 ac
2996 3181 3309 3237 Iudaeorum
3342 3196 3492 3236 more

207 3265 345 3321 ἀλλὰ
379 3269 523 3323 κατὰ
547 3269 607 3323 τὸ
632 3271 895 3343 κήρυγμα
922 3273 1015 3327 τοῦ
1043 3273 1231 3345 νόμου,
1258 3274 1354 3328 καὶ
1374 3274 1450 3338 ὡς
1474 3276 1526 3329 ot
1551 3275 1795 3331 Ἰουδαῖοι

1904 3277 2088 3332 omnia
2117 3292 2218 3332 sua
2246 3277 2500 3347 dogmata
2532 3275 2875 3346 proﬁtentur,
2909 3275 3021 3329 nisi
3054 3275 3199 3345 quod
3244 3275 3298 3327 in
3331 3273 3491 3328 Chri-

207 3358 390 3413 πάντα
422 3360 604 3426 καλῶς
627 3364 970 3434 ὁμολογοῦσι,
1004 3367 1173 3438 χωρὶς
1207 3366 1301 3420 τοῦ
1336 3369 1418 3431 είς
1446 3369 1679 3440 Χριστὸν
1704 3370 1798 3443 δῆ-

206 3449 300 3505 θεν
346 3457 793 3511 πεπιστευκέναι.
845 3458 983 3530 Παρ⁹
1036 3460 1218 3525 αὐτοῖς
1266 3460 1376 3535 γὰρ
1427 3463 1523 3517 καὶ
1585 3464 1797 3537 νεκρῶν

204 3543 507 3610 ἀνάστασις
535 3547 901 3619 ὁμολογεῖται,
929 3550 1024 3604 καὶ
1055 3552 1120 3605 ὲκ
1147 3551 1284 3606 Θεοῦ
1316 3554 1385 3608 τὰ
1411 3554 1590 3610 πάντα
1614 3574 1801 3627 γεγεν⁴

202 3634 425 3706 νῆσθαι.
466 3635 603 3693 Ἕνα
627 3639 685 3692 δὲ
713 3639 846 3694 Θεὸν
873 3642 1330 3711 καταγγέλλουσι,
1361 3646 1456 3699 καὶ
1480 3646 1573 3701 τὸν
1605 3649 1797 3704 τούτου

204 3727 381 3782 παῖδα
403 3727 615 3799 Ἰησοῦν
643 3731 900 3804 Χριστόν.
937 3733 1230 3806 Ἐϐραῖκὴν
1259 3735 1316 3790 δὲ
1343 3736 1620 3795 διάλεκτον
1651 3741 1800 3813 ἀκρι-

205 3817 319 3885 ϐῶς
350 3820 490 3875 εἰσιν
528 3823 852 3896 ἠσκημένοι.
890 3827 1030 3899 Παρ⁹
1057 3830 1242 3894 αὐτοῖς
1279 3830 1389 3903 γὰρ
1417 3834 1527 3896 πᾶς
1557 3834 1586 3887 ὁ
1612 3835 1795 3907 νόμος,

206 3915 302 3968 καὶ
329 3914 383 3968 ot
413 3915 711 3987 προφῆται,
742 3918 837 3973 καὶ
862 3917 933 3973 τὰ
960 3920 1207 3993 Γραφεῖα
1238 3921 1526 3993 λεγόμενα,
1558 3927 1701 3997 φημὶ
1741 3925 1799 3979 δὲ

206 4004 276 4057 τὰ
306 4004 550 4079 Στιχήρη
569 4049 584 4073 ,
616 4009 711 4062 καὶ
742 4011 796 4062 at
835 4009 1137 4077 Βασιλεῖαι,
1184 4012 1280 4065 καὶ
1319 4013 1795 4086 Παραλειπόμενα,

207 4094 306 4150 καὶ
336 4094 571 4170 Αίσθὴρ,
621 4097 717 4151 καὶ
760 4098 929 4154 τᾶλλα
966 4099 1144 4155 πάντα
1181 4101 1490 4174 Ἐὁραῖκῶς
1534 4105 1803 4173 ἀναγινώο

207 4203 426 4254 σκεται,
456 4186 645 4260 ὥσπερ
666 4189 858 4260 ἀμέλει
886 4191 982 4246 καὶ
1000 4191 1152 4265 παρὰ
1172 4192 1467 4257 Ἰουδαίοις.
1512 4195 1602 4248 Ἐν
1625 4195 1799 4266 τούτῳ

203 4278 268 4334 δὲ
319 4279 481 4351 μόνον
526 4280 664 4353 πρὸς
692 4281 979 4348 Ἰουδαίους
1023 4283 1367 4356 διαφέρονται
1401 4286 1495 4339 καὶ
1538 4285 1801 4357 Χριστιαο

205 4372 364 4434 νούς’
413 4370 690 4437 Ἰουδαίοις
736 4372 835 4445 μὲν
885 4374 960 4447 μὴ
1009 4376 1448 4447 συμφωνοῦντες,
1491 4376 1579 4431 διὰ
1625 4377 1686 4430 τὸ
1719 4379 1800 4442 είς

206 4460 451 4533 Χριστὸν
483 4464 936 4518 πεπιστευκέναι·
974 4464 1321 4538 Χριπιανοίς
1347 4466 1405 4520 δὲ
1444 4468 1519 4540 μὴ
1551 4470 1798 4539 ὁμογνω-

1903 3378 2050 3426 stum
2083 3368 2330 3423 credunt.
2381 3368 2516 3422 Nam
2547 3375 2602 3422 et
2632 3374 2879 3424 mortuos
2907 3367 3135 3422 excitari
3171 3373 3388 3435 putant,
3438 3372 3490 3419 et

1905 3476 1936 3515 a
1972 3460 2082 3515 Deo
2111 3458 2366 3514 universa
2415 3456 2699 3529 producta.
2739 3456 2917 3511 Unum
2949 3472 3071 3512 esse
3103 3454 3270 3510 Deum
3298 3494 3312 3520 ,
3346 3453 3490 3524 ejus-

1904 3566 2012 3621 que
2057 3548 2257 3605 Filium
2307 3548 2493 3605 Iesum
2528 3548 2809 3603 Christum
2858 3546 3175 3618 praedicant.
3214 3543 3493 3599 Hebraica:

1901 3658 2035 3700 vero
2068 3643 2265 3715 lingua).
2291 3641 2647 3698 scientissimi
2677 3648 2841 3696 sunt:
2875 3655 2939 3695 ac
2968 3654 3092 3695 cum
3124 3638 3379 3693 universa
3406 3636 3494 3692 lex

1905 3738 2045 3809 apud
2074 3738 2197 3793 illos
2216 3778 2231 3805 ,
2261 3743 2377 3792 tum
2409 3736 2688 3807 prophetae
2711 3775 2726 3800 ,
2755 3742 2811 3791 et
2838 3731 3240 3806 hagiographa',
3279 3731 3384 3785 hoc
3409 3735 3494 3786 est

1906 3830 2031 3885 libri
2068 3830 2146 3883 illi
2194 3830 2288 3900 qui
2317 3828 2572 3885 versibus
2611 3828 2855 3884 distincti
2896 3836 3056 3893 sunt,
3092 3836 3145 3881 et
3194 3823 3492 3895 prophetae,

1910 3922 2067 3993 123
2098 3921 2512 3991 Paralipomeua
2541 3959 2556 3985 ,
2603 3919 2832 3984 Esther,
2863 3926 3168 3985 caeteraque
3222 3914 3274 3968 id
3322 3930 3495 3986 genus

1906 4012 2262 4079 Hebraiceut
2305 4020 2360 4068 et
2409 4026 2439 4065 a
2470 4010 2679 4067 Iudaeis
2708 4013 2983 4081 leguntur.
3018 4008 3134 4062 ΙΙοο
3168 4008 3336 4078 igitur
3386 4022 3496 4060 uno

1907 4116 2016 4162 tam
2041 4121 2071 4160 a
2098 4104 2322 4171 Iudmis,
2348 4120 2511 4175 quam
2542 4120 2572 4158 a
2601 4104 2931 4160 Christianis
2962 4101 3219 4157 dill‘erunt
3243 4120 3255 4154 :
3288 4101 3357 4155 ab
3385 4101 3496 4155 illis

1905 4197 2326 4271 quidem,quod
2376 4197 2432 4250 in
2480 4196 2757 4250 Christum
2798 4194 3066 4258 credant;
3108 4208 3138 4245 a
3167 4192 3495 4248 Christianis

1904 4305 2056 4353 vero,
2080 4288 2226 4359 quod
2250 4285 2494 4342 Iudaicis
2523 4285 2703 4340 adhuc
2730 4285 2928 4340 ritibus
2951 4283 3321 4353 implicentur,
3346 4283 3496 4338 velut

1906 4381 2327 4436 circumcisione
2350 4420 2364 4444 ,
2415 4378 2655 4434 Sabbato
2680 4418 2695 4444 ,
2732 4377 2967 4447 aliisque
3003 4375 3362 4432 caeremoniis.
3418 4374 3497 4431 De
3542 4382 3553 4391 ‘

1905 4470 2126 4526 Christo
2174 4485 2306 4525 vero
2343 4478 2495 4525 certo
2544 4469 2674 4523 illud
2708 4469 2977 4523 aﬂirmare
3009 4481 3258 4535 nequeo,
3307 4472 3494 4519 utrum

212 4552 466 4624 μοῦντες,
495 4554 583 4610 διὰ
606 4556 684 4637 Χτὸ
728 4556 808 4611 ἔτι
852 4558 1003 4630 νόμῳ
1040 4560 1402 4632 πεπεδῆσθαι,
1433 4564 1705 4633 περιτομῇ
1737 4579 1796 4614 τε

1906 4562 2150 4619 Cerinthi
2174 4563 2260 4618 vel
2307 4561 2560 4618 Merinthi
2593 4561 2869 4631 impietate
2906 4560 2997 4614 illa
3027 4558 3261 4628 decepti,
3283 4558 3496 4628 simpli-

212 4645 306 4697 λαὶ
336 4644 603 4718 Σαϐϐάτῳ
635 4647 731 4701 καὶ
760 4650 875 4712 τοῖς
918 4649 1117 4715 ἄλλοις.
1163 4652 1302 4723 Περὶ
1341 4651 1580 4722 Χριστοῦ
1611 4653 1668 4706 δὲ
1701 4654 1802 4706 οὐκ

209 4729 329 4788 οἶδα
352 4737 548 4801 εἰπεῖν,
578 4739 626 4791 εί
658 4737 751 4792 καὶ
787 4738 963 4806 αὐτοὶ,
997 4743 1064 4813 τῇ
1091 4741 1199 4795 τῶν
1234 4741 1649 4814 προειρημένων
1673 4743 1803 4815 περὶ

209 4825 488 4897 Κήρινθον
536 4828 631 4882 καὶ
670 4829 951 4900 Μήρινθον
994 4831 1267 4905 μοχθηρίᾳ
1314 4832 1600 4903 ἀχθέντες,
1648 4834 1803 4904 ψιλὸν

207 4915 503 4988 ἄνθρωπον
531 4919 846 4991 νομίζουσιν
866 4937 880 4951 ·
906 4920 961 4992 ἢ,
1002 4921 1184 4987 καθὼς
1225 4924 1259 4994 ἡ
1293 4923 1522 4996 ἀλήθεια
1550 4924 1683 4996 ἔχει,
1715 4925 1805 4980 διὰ

207 5003 532 5079 Πνεῦματος
574 5012 731 5080 ἁγίου
773 5013 1133 5085 γεγεννῆσθαι
1168 5017 1234 5069 ὲκ
1277 5017 1498 5088 Μαρίας
1525 5017 1802 5073 διαϐεὕαι-

206 5097 423 5153 οῦνται.
460 5102 621 5156 Ἔστι
661 5101 720 5157 δὲ
749 5101 887 5175 αὕτη
916 5105 950 5175 ἡ
982 5105 1192 5176 αἵρεσις
1221 5108 1254 5178 ἡ
1286 5105 1625 5181 Ναζωραίων
1651 5110 1708 5162 ὲν
1734 5111 1801 5179 τῇ

210 5189 512 5260 Βεροιαίων
540 5193 671 5263 περὶ
693 5194 794 5265 τὴν
822 5194 1026 5268 Κοίλην
1053 5196 1283 5268 Συρίαν,
1315 5199 1411 5253 καὶ
1446 5200 1506 5253 ὲν
1537 5201 1605 5270 τῇ
1632 5202 1805 5253 Δεκα-

210 5283 371 5337 πόλει
394 5285 525 5355 περὶ
564 5285 634 5339 τὰ
671 5286 771 5357 τῆς
800 5286 1011 5357 Πέλλης
1051 5288 1217 5361 μέρη,
1252 5289 1349 5343 καὶ
1376 5291 1435 5342 ἐν
1467 5293 1535 5362 τῇ
1568 5290 1806 5346 Βασανί-

209 5374 320 5428 τιδι
349 5378 417 5447 τῇ
443 5375 713 5449 λεγομένῃ
739 5376 1004 5450 Κωκάϐῃ,
1036 5380 1277 5453 Χωχάϐῃ
1299 5381 1357 5434 δὲ
1396 5380 1681 5453 Ἐϐραϊστὶ
1715 5382 1804 5435 λε-

210 5469 446 5543 γομένῃ.
488 5470 732 5526 Ἐκεῖθεν
775 5470 887 5544 γὰρ
914 5474 947 5543 ἡ
978 5473 1123 5546 ἀρχὴ
1158 5474 1352 5544 γέγονε
1401 5475 1541 5546 μετὰ
1570 5476 1672 5548 τὴν
1695 5476 1807 5530 ἀπὸ

212 5560 327 5615 τῶν
365 5561 754 5634 Ἱεροσολύμων
785 5563 1138 5634 μετάστασιν,
1171 5568 1391 5623 πάντων
1411 5566 1522 5623 τῶν
1547 5567 1807 5641 μαθητῶν

286 5719 369 5788 (9)
539 5721 812 5803 παφεῒα,
833 5723 915 5803 Δτὰ
936 5723 1096 5803 παρὰ
1122 5724 1466 5803 Ἰουδαίοις.
1507 5724 1639 5791 Quae
1663 5726 1809 5803 ἅγιος

206 5793 744 5877 zprtfpaﬂdieun'tur.
780 5793 959 5864 Atque
991 5794 1084 5877 hic
1113 5795 1383 5877 triplicem
1416 5793 1804 5877 sacrorum'li-

211 5857 446 5917 biorum
499 5857 1308 5935 partitionem'complecti'tur,
1344 5882 1466 5936 qua:
1514 5875 1600 5924 est
1642 5877 1803 5934 mm,

1906 4671 2024 4712 cem
2072 4655 2224 4710 illum
2257 4655 2535 4711 hominem
2587 4662 2902 4711 asseverent
2929 4693 2943 4720 ,
3003 4668 3095 4718 an,
3131 4653 3209 4707 uti
3240 4668 3361 4728 sesc
3407 4666 3497 4707 res

1906 4747 2090 4813 habet,
2128 4764 2226 4819 per
2254 4749 2519 4816 Spiritum
2551 4756 2806 4803 sanctum
2840 4747 2907 4803 de
2932 4728 3102 4801 Maria
3135 4744 3362 4817 Virgine
3404 4762 3498 4816 ge-

1906 4841 2078 4896 nitum
2130 4856 2255 4897 esse
2308 4841 2602 4896 fateantur.
2633 4842 2903 4896 Caeterum
2954 4840 3071 4896 haec
3108 4838 3496 4895 Nazarazorum

1907 4941 2054 4988 secta
2086 4932 2451 4989 inBeroeensi
2478 4931 2697 4988 civitate
2728 4931 3074 5002 potissimum
3098 4933 3262 5003 viget,
3289 4931 3356 4985 ad
3372 4931 3499 4985 Coe-

1907 5024 1993 5078 len
2032 5022 2266 5095 Syriam,
2302 5032 2467 5094 atque
2503 5024 2668 5079 etiam
2700 5024 2754 5077 in
2780 5023 3057 5094 Decapoli,
3082 5024 3238 5092 juxta
3266 5022 3491 5087 Pellam,

1905 5124 1960 5171 et
1991 5117 2046 5170 in
2074 5104 2407 5179 Basanitide,
2447 5115 2502 5168 in
2532 5130 2597 5170 ea
2627 5130 2749 5184 qua
2774 5115 2938 5186 vulgo
2970 5114 3205 5180 Cocabe,
3230 5112 3497 5168 llebraico

1906 5204 2200 5263 Chochabe
2222 5204 2445 5260 dicitur.
2471 5202 2609 5259 Hinc
2642 5205 2808 5271 enim,
2853 5211 2978 5275 post
3005 5204 3152 5258 illam
3203 5204 3272 5258 ab
3299 5201 3497 5257 Hiero-

1907 5296 2135 5368 solymis
2164 5297 2564 5362 secessionem,
2616 5297 2834 5351 illorum
2866 5294 3022 5355 initia
3062 5292 3305 5365 profecta
3341 5301 3495 5360 sunt,

1908 5403 2033 5443 cum
2063 5388 2226 5465 Pella;
2255 5388 2509 5460 discipuli
2537 5404 2726 5445 omnes
2764 5387 3094 5455 habitarent,
3123 5403 3153 5443 a
3178 5385 3399 5457 Christo
3426 5386 3497 5443 de

1907 5464 2265 5553 relinquenda
2322 5479 2825 5552 Hierosolymorum
2889 5479 3027 5534 urbe
3099 5479 3497 5550 migrandoquo

1909 5573 2238 5644 praemoniti,
2266 5573 2416 5644 quod
2454 5573 2575 5645 ejus
2613 5572 2923 5628 immineret
2951 5571 3185 5628 obsidio.
3216 5571 3335 5639 Qua
3364 5573 3494 5643 qui-

1912 5727 2019 5815 hoc
2043 5733 2132 5815 est
2163 5726 2276 5815 lex}
2305 5735 2503 5815 raptu:
2531 5727 2831 5815 prophetis;
2853 5738 2907 5784 et
2931 5736 3137 5815 Ενξᾚρ
3154 5728 3494 5815 ἀγιόγραεξειν

1913 5799 2027 5879 sive
2061 5801 2319 5881 γραφεῖα.
2343 5796 2418 5880 De
2450 5795 2557 5869 quo
2572 5799 2695 5855 vide
2724 5796 2946 5858 Hieron.
2984 5795 3215 5872 Prblogo
3245 5795 3491 5871 galeato}

1914 5866 2089 5922 Ellam
2126 5886 2178 5923 ιιι
2209 5867 2409 5937 ΤΙηδίη,
2446 5870 2610 5928 verbo
2635 5879 2767 5933 nm.
