  <div class='ocr_page' id='page_1' title='image "/cluster/home/n/w/nwhite01/storage/ocr_20150623/41:no.1/coo.31924054869387/208.png"; bbox 0 0 3982 6464; ppageno 0'>
   <div class='ocr_carea' id='block_1_1' title="bbox 202 390 321 447">
    <p class='ocr_par' dir='ltr' id='par_1_1' title="bbox 202 390 321 447">
     <span class='ocr_line' id='line_1_1' title="bbox 202 390 321 447; baseline 0.034 -3"><span class='ocrx_word' id='word_1_1' title='bbox 202 390 321 447; x_wconf 67' lang='grc'><strong>405</strong></span> 
     </span>
    </p>
   </div>
   <div class='ocr_carea' id='block_1_2' title="bbox 845 387 1815 449">
    <p class='ocr_par' dir='ltr' id='par_1_2' title="bbox 845 388 1815 448">
     <span class='ocr_line' id='line_1_2' title="bbox 845 388 1815 448; baseline -0.001 -1"><span class='ocrx_word' id='word_1_2' title='bbox 845 390 1215 448; x_wconf 75' lang='lat' dir='ltr'><strong>ADVERSUS</strong></span> <span class='ocrx_word' id='word_1_3' title='bbox 1252 388 1594 447; x_wconf 63' lang='lat' dir='ltr'><strong>HERESES</strong></span> <span class='ocrx_word' id='word_1_4' title='bbox 1633 390 1759 447; x_wconf 79' lang='lat' dir='ltr'><strong>LIB.</strong></span> <span class='ocrx_word' id='word_1_5' title='bbox 1803 393 1815 446; x_wconf 94' lang='grc'><strong>1</strong></span> 
     </span>
    </p>
   </div>
   <div class='ocr_carea' id='block_1_3' title="bbox 1918 387 2762 449">
    <p class='ocr_par' dir='ltr' id='par_1_3' title="bbox 1918 388 2762 449">
     <span class='ocr_line' id='line_1_3' title="bbox 1918 388 2762 449; baseline -0.004 0"><span class='ocrx_word' id='word_1_6' title='bbox 1918 388 2028 449; x_wconf 69' lang='grc' dir='ltr'><strong>ΟΜ.</strong></span> <span class='ocrx_word' id='word_1_7' title='bbox 2069 388 2131 448; x_wconf 82' lang='lat' dir='ltr'><strong>ll.</strong></span> <span class='ocrx_word' id='word_1_8' title='bbox 2175 423 2241 432; x_wconf 91' lang='lat'><strong>—</strong></span> <span class='ocrx_word' id='word_1_9' title='bbox 2284 391 2559 448; x_wconf 68' lang='grc' dir='ltr'><strong>ΙΙᾸΞΠΕΞ.</strong></span> <span class='ocrx_word' id='word_1_10' title='bbox 2594 389 2762 446; x_wconf 75' lang='lat' dir='ltr'><strong>XXX.</strong></span> 
     </span>
    </p>
   </div>
   <div class='ocr_carea' id='block_1_4' title="bbox 3366 391 3472 447">
    <p class='ocr_par' dir='ltr' id='par_1_4' title="bbox 3366 391 3472 447">
     <span class='ocr_line' id='line_1_4' title="bbox 3366 391 3472 447; baseline 0.019 -2"><span class='ocrx_word' id='word_1_11' title='bbox 3366 391 3472 447; x_wconf 63' lang='lat'><strong>£06</strong></span> 
     </span>
    </p>
   </div>
   <div class='ocr_carea' id='block_1_5' title="bbox 197 501 1815 576">
    <p class='ocr_par' dir='ltr' id='par_1_5' title="bbox 197 502 1792 576">
     <span class='ocr_line' id='line_1_5' title="bbox 197 502 1792 576; baseline 0.002 -20"><span class='ocrx_word' id='word_1_12' title='bbox 197 504 482 575; x_wconf 78' lang='grc' dir='ltr'>ὲνέχουσι,</span> <span class='ocrx_word' id='word_1_13' title='bbox 506 502 593 557; x_wconf 71' lang='grc' dir='ltr'><strong>διὰ</strong></span> <span class='ocrx_word' id='word_1_14' title='bbox 618 503 680 557; x_wconf 77' lang='grc' dir='ltr'>τὸ</span> <span class='ocrx_word' id='word_1_15' title='bbox 706 504 816 559; x_wconf 83' lang='grc' dir='ltr'>άπὸ</span> <span class='ocrx_word' id='word_1_16' title='bbox 844 505 1114 560; x_wconf 80' lang='grc' dir='ltr'><strong>Ἰουδαίων</strong></span> <span class='ocrx_word' id='word_1_17' title='bbox 1154 507 1350 570; x_wconf 75' lang='grc' dir='ltr'>αὐτοὺς</span> <span class='ocrx_word' id='word_1_18' title='bbox 1374 506 1555 569; x_wconf 75' lang='grc' dir='ltr'>ὄντας,</span> <span class='ocrx_word' id='word_1_19' title='bbox 1584 504 1792 576; x_wconf 81' lang='grc' dir='ltr'><strong>Ἰησοῦν</strong></span> 
     </span>
    </p>
   </div>
   <div class='ocr_carea' id='block_1_6' title="bbox 1918 501 3477 576">
    <p class='ocr_par' dir='ltr' id='par_1_6' title="bbox 1918 501 3477 571">
     <span class='ocr_line' id='line_1_6' title="bbox 1918 501 3477 571; baseline -0.002 -8"><span class='ocrx_word' id='word_1_20' title='bbox 1918 522 2125 563; x_wconf 83' lang='lat' dir='ltr'><strong>tumero</strong></span> <span class='ocrx_word' id='word_1_21' title='bbox 2159 507 2309 571; x_wconf 83' lang='lat' dir='ltr'><strong>sint,</strong></span> <span class='ocrx_word' id='word_1_22' title='bbox 2368 506 2726 561; x_wconf 82' lang='lat' dir='ltr'><strong>nihilominus</strong></span> <span class='ocrx_word' id='word_1_23' title='bbox 2781 501 2977 560; x_wconf 43' lang='lat' dir='ltr'><strong>Jesum&#39;</strong></span> <span class='ocrx_word' id='word_1_24' title='bbox 3024 517 3148 560; x_wconf 87' lang='lat' dir='ltr'><strong>esse</strong></span> <span class='ocrx_word' id='word_1_25' title='bbox 3199 502 3477 560; x_wconf 79' lang='lat' dir='ltr'><strong>Christum</strong></span> 
     </span>
    </p>
   </div>
   <div class='ocr_carea' id='block_1_7' title="bbox 201 588 1797 669">
    <p class='ocr_par' dir='ltr' id='par_1_7' title="bbox 201 588 1797 669">
     <span class='ocr_line' id='line_1_7' title="bbox 201 588 1797 669; baseline 0 -23"><span class='ocrx_word' id='word_1_26' title='bbox 201 592 513 669; x_wconf 61' lang='grc' dir='ltr'>κηρύσσειν</span> <span class='ocrx_word' id='word_1_27' title='bbox 546 588 697 659; x_wconf 55' lang='grc' dir='ltr'>,εἶναι</span> <span class='ocrx_word' id='word_1_28' title='bbox 730 594 984 664; x_wconf 81' lang='grc' dir='ltr'>Χριστὸν,</span> <span class='ocrx_word' id='word_1_29' title='bbox 1030 596 1166 664; x_wconf 81' lang='grc' dir='ltr'>ὅπερ</span> <span class='ocrx_word' id='word_1_30' title='bbox 1207 594 1354 651; x_wconf 81' lang='grc' dir='ltr'>ἐστὶν</span> <span class='ocrx_word' id='word_1_31' title='bbox 1385 593 1627 647; x_wconf 80' lang='grc' dir='ltr'>ἐναντίον</span> <span class='ocrx_word' id='word_1_32' title='bbox 1659 593 1797 664; x_wconf 81' lang='grc' dir='ltr'>πρὸς</span> 
     </span>
    </p>
   </div>
   <div class='ocr_carea' id='block_1_8' title="bbox 200 683 1793 756">
    <p class='ocr_par' dir='ltr' id='par_1_8' title="bbox 200 683 1793 756">
     <span class='ocr_line' id='line_1_8' title="bbox 200 683 1793 756; baseline 0.002 -20"><span class='ocrx_word' id='word_1_33' title='bbox 200 684 342 749; x_wconf 70' lang='grc' dir='ltr'>τοὺς</span> <span class='ocrx_word' id='word_1_34' title='bbox 388 683 467 737; x_wconf 83' lang='grc' dir='ltr'><strong>ἐτι</strong></span> <span class='ocrx_word' id='word_1_35' title='bbox 519 683 827 749; x_wconf 78' lang='grc' dir='ltr'><strong>Ἰουδαίους,</strong></span> <span class='ocrx_word' id='word_1_36' title='bbox 871 686 998 749; x_wconf 77' lang='grc' dir='ltr'>τοὺς</span> <span class='ocrx_word' id='word_1_37' title='bbox 1049 685 1284 756; x_wconf 75' lang='grc' dir='ltr'>Χριστὸν</span> <span class='ocrx_word' id='word_1_38' title='bbox 1328 685 1405 756; x_wconf 82' lang='grc' dir='ltr'>μὴ</span> <span class='ocrx_word' id='word_1_39' title='bbox 1448 683 1793 755; x_wconf 78' lang='grc' dir='ltr'><strong>δεξαμένους.</strong></span> 
     </span>
    </p>
   </div>
   <div class='ocr_carea' id='block_1_9' title="bbox 205 781 1797 859">
    <p class='ocr_par' dir='ltr' id='par_1_9' title="bbox 205 781 1797 859">
     <span class='ocr_line' id='line_1_9' title="bbox 205 781 1797 859; baseline -0.002 -23"><span class='ocrx_word' id='word_1_40' title='bbox 205 782 443 852; x_wconf 80' lang='grc' dir='ltr'>Ἔχουσι</span> <span class='ocrx_word' id='word_1_41' title='bbox 476 782 533 836; x_wconf 77' lang='grc' dir='ltr'>δὲ</span> <span class='ocrx_word' id='word_1_42' title='bbox 571 783 632 836; x_wconf 82' lang='grc' dir='ltr'>τὸ</span> <span class='ocrx_word' id='word_1_43' title='bbox 661 782 804 837; x_wconf 78' lang='grc' dir='ltr'>κατὰ</span> <span class='ocrx_word' id='word_1_44' title='bbox 845 783 1124 859; x_wconf 86' lang='grc' dir='ltr'>Ματθαῖον</span> <span class='ocrx_word' id='word_1_45' title='bbox 1154 783 1264 855; x_wconf 81' lang='grc' dir='ltr'><strong>(Η)</strong></span> <span class='ocrx_word' id='word_1_46' title='bbox 1294 782 1628 852; x_wconf 77' lang='grc' dir='ltr'>Εὐαγγέλιον</span> <span class='ocrx_word' id='word_1_47' title='bbox 1656 781 1797 852; x_wconf 85' lang='grc' dir='ltr'>πλη-</span> 
     </span>
    </p>
   </div>
   <div class='ocr_carea' id='block_1_10' title="bbox 202 872 1797 945">
    <p class='ocr_par' dir='ltr' id='par_1_10' title="bbox 202 872 1797 945">
     <span class='ocr_line' id='line_1_10' title="bbox 202 872 1797 945; baseline 0.001 -21"><span class='ocrx_word' id='word_1_48' title='bbox 202 872 475 942; x_wconf 83' lang='grc' dir='ltr'>ρέστατον</span> <span class='ocrx_word' id='word_1_49' title='bbox 510 872 810 943; x_wconf 78' lang='grc' dir='ltr'>Ἐϐραϊστί.</span> <span class='ocrx_word' id='word_1_50' title='bbox 856 875 995 945; x_wconf 84' lang='grc' dir='ltr'>Παρ’</span> <span class='ocrx_word' id='word_1_51' title='bbox 1041 874 1226 935; x_wconf 77' lang='grc' dir='ltr'>αὐτοῖς</span> <span class='ocrx_word' id='word_1_52' title='bbox 1255 873 1365 945; x_wconf 84' lang='grc' dir='ltr'><strong>γὰρ</strong></span> <span class='ocrx_word' id='word_1_53' title='bbox 1405 872 1590 943; x_wconf 81' lang='grc' dir='ltr'><strong>σαφῶς</strong></span> <span class='ocrx_word' id='word_1_54' title='bbox 1618 872 1797 940; x_wconf 87' lang='grc' dir='ltr'>τοῦτο,</span> 
     </span>
    </p>
   </div>
   <div class='ocr_carea' id='block_1_11' title="bbox 202 960 1800 1036">
    <p class='ocr_par' dir='ltr' id='par_1_11' title="bbox 202 960 1800 1036">
     <span class='ocr_line' id='line_1_11' title="bbox 202 960 1800 1036; baseline 0.001 -22"><span class='ocrx_word' id='word_1_55' title='bbox 202 960 398 1026; x_wconf 78' lang='grc' dir='ltr'>καθὼς</span> <span class='ocrx_word' id='word_1_56' title='bbox 431 960 492 1029; x_wconf 80' lang='grc' dir='ltr'>ἐξ</span> <span class='ocrx_word' id='word_1_57' title='bbox 520 963 696 1033; x_wconf 80' lang='grc' dir='ltr'>ἀρχῆς</span> <span class='ocrx_word' id='word_1_58' title='bbox 736 964 950 1035; x_wconf 83' lang='grc' dir='ltr'><strong>ἐγράφη</strong></span> <span class='ocrx_word' id='word_1_59' title='bbox 991 963 1304 1036; x_wconf 75' lang='grc' dir='ltr'>Ἑϐραϊκοῖς</span> <span class='ocrx_word' id='word_1_60' title='bbox 1334 964 1654 1034; x_wconf 87' lang='grc' dir='ltr'>γράμμασιν</span> <span class='ocrx_word' id='word_1_61' title='bbox 1673 1003 1688 1028; x_wconf 91' lang='grc'><strong>,</strong></span> <span class='ocrx_word' id='word_1_62' title='bbox 1719 962 1800 1016; x_wconf 84' lang='grc' dir='ltr'><strong>ἐτι</strong></span> 
     </span>
    </p>
   </div>
   <div class='ocr_carea' id='block_1_12' title="bbox 205 1048 1800 1122">
    <p class='ocr_par' dir='ltr' id='par_1_12' title="bbox 205 1048 1800 1122">
     <span class='ocr_line' id='line_1_12' title="bbox 205 1048 1800 1122; baseline 0.001 -19"><span class='ocrx_word' id='word_1_63' title='bbox 205 1048 472 1114; x_wconf 75' lang='grc' dir='ltr'>σώζεται.</span> <span class='ocrx_word' id='word_1_64' title='bbox 520 1053 638 1105; x_wconf 86' lang='grc' dir='ltr'><strong>Οὐκ</strong></span> <span class='ocrx_word' id='word_1_65' title='bbox 668 1048 786 1106; x_wconf 83' lang='grc' dir='ltr'>οἶδα</span> <span class='ocrx_word' id='word_1_66' title='bbox 828 1052 907 1117; x_wconf 86' lang='grc' dir='ltr'><strong>δέ,</strong></span> <span class='ocrx_word' id='word_1_67' title='bbox 956 1054 1005 1106; x_wconf 84' lang='grc' dir='ltr'><strong>εί</strong></span> <span class='ocrx_word' id='word_1_68' title='bbox 1051 1053 1146 1108; x_wconf 62' lang='grc' dir='ltr'><strong>καὶ⁹</strong></span> <span class='ocrx_word' id='word_1_69' title='bbox 1189 1053 1289 1118; x_wconf 86' lang='grc' dir='ltr'>τὰς</span> <span class='ocrx_word' id='word_1_70' title='bbox 1325 1052 1676 1122; x_wconf 79' lang='grc' dir='ltr'><strong>γενεαλογίας</strong></span> <span class='ocrx_word' id='word_1_71' title='bbox 1700 1050 1800 1115; x_wconf 75' lang='grc' dir='ltr'><strong>τὰς</strong></span> 
     </span>
    </p>
   </div>
   <div class='ocr_carea' id='block_1_13' title="bbox 203 1142 1802 1222">
    <p class='ocr_par' dir='ltr' id='par_1_13' title="bbox 203 1142 1802 1222">
     <span class='ocr_line' id='line_1_13' title="bbox 203 1142 1802 1222; baseline -0.001 -24"><span class='ocrx_word' id='word_1_72' title='bbox 203 1142 322 1198; x_wconf 78' lang='grc' dir='ltr'><strong>ἀπὸ</strong></span> <span class='ocrx_word' id='word_1_73' title='bbox 352 1144 447 1222; x_wconf 71' lang='grc' dir='ltr'><strong>τοῦ</strong></span> <span class='ocrx_word' id='word_1_74' title='bbox 479 1144 734 1216; x_wconf 75' lang='grc' dir='ltr'>Ἀϐραὰμ</span> <span class='ocrx_word' id='word_1_75' title='bbox 773 1147 900 1218; x_wconf 83' lang='grc' dir='ltr'>ἄχρι</span> <span class='ocrx_word' id='word_1_76' title='bbox 934 1146 1169 1219; x_wconf 80' lang='grc' dir='ltr'><strong>Χριστοῦ</strong></span> <span class='ocrx_word' id='word_1_77' title='bbox 1200 1146 1490 1218; x_wconf 83' lang='grc' dir='ltr'>περιεῖλον.</span> <span class='ocrx_word' id='word_1_78' title='bbox 1518 1143 1685 1198; x_wconf 80' lang='grc' dir='ltr'>Ἀλλὰ</span> <span class='ocrx_word' id='word_1_79' title='bbox 1707 1143 1802 1198; x_wconf 75' lang='grc' dir='ltr'>καὶ</span> 
     </span>
    </p>
   </div>
   <div class='ocr_carea' id='block_1_14' title="bbox 201 1235 1803 1310">
    <p class='ocr_par' dir='ltr' id='par_1_14' title="bbox 201 1235 1803 1310">
     <span class='ocr_line' id='line_1_14' title="bbox 201 1235 1803 1310; baseline 0.001 -23"><span class='ocrx_word' id='word_1_80' title='bbox 201 1235 419 1307; x_wconf 73' lang='grc' dir='ltr'>ταύτην</span> <span class='ocrx_word' id='word_1_81' title='bbox 441 1238 817 1308; x_wconf 71' lang='grc' dir='ltr'><strong>φωράσαντες,</strong></span> <span class='ocrx_word' id='word_1_82' title='bbox 842 1239 919 1301; x_wconf 85' lang='grc' dir='ltr'>ὼς</span> <span class='ocrx_word' id='word_1_83' title='bbox 950 1238 1184 1310; x_wconf 79' lang='grc' dir='ltr'>βληχρὸν</span> <span class='ocrx_word' id='word_1_84' title='bbox 1207 1239 1301 1292; x_wconf 80' lang='grc' dir='ltr'>καὶ</span> <span class='ocrx_word' id='word_1_85' title='bbox 1329 1237 1521 1308; x_wconf 81' lang='grc' dir='ltr'>ὀδύνης</span> <span class='ocrx_word' id='word_1_86' title='bbox 1572 1239 1803 1307; x_wconf 85' lang='grc' dir='ltr'>ἐμποιη-</span> 
     </span>
    </p>
   </div>
   <div class='ocr_carea' id='block_1_15' title="bbox 205 1327 1802 1400">
    <p class='ocr_par' dir='ltr' id='par_1_15' title="bbox 205 1327 1802 1400">
     <span class='ocr_line' id='line_1_15' title="bbox 205 1327 1802 1400; baseline 0 -20"><span class='ocrx_word' id='word_1_87' title='bbox 205 1328 364 1381; x_wconf 80' lang='grc' dir='ltr'>τικδν</span> <span class='ocrx_word' id='word_1_88' title='bbox 387 1327 475 1381; x_wconf 81' lang='grc' dir='ltr'>διὰ</span> <span class='ocrx_word' id='word_1_89' title='bbox 501 1328 599 1382; x_wconf 87' lang='grc' dir='ltr'><strong>τοῦ</strong></span> <span class='ocrx_word' id='word_1_90' title='bbox 632 1328 711 1385; x_wconf 84' lang='grc' dir='ltr'><strong>ίοῦ</strong></span> <span class='ocrx_word' id='word_1_91' title='bbox 744 1329 999 1400; x_wconf 75' lang='grc' dir='ltr'>σφηκίον,</span> <span class='ocrx_word' id='word_1_92' title='bbox 1023 1329 1462 1392; x_wconf 82' lang='grc' dir='ltr'>καταθλάσαντὲς</span> <span class='ocrx_word' id='word_1_93' title='bbox 1482 1345 1542 1382; x_wconf 88' lang='grc' dir='ltr'><strong>τε</strong></span> <span class='ocrx_word' id='word_1_94' title='bbox 1567 1331 1678 1392; x_wconf 83' lang='grc' dir='ltr'>τοῖς</span> <span class='ocrx_word' id='word_1_95' title='bbox 1704 1327 1802 1397; x_wconf 81' lang='grc' dir='ltr'>τῆς</span> 
     </span>
    </p>
   </div>
   <div class='ocr_carea' id='block_1_16' title="bbox 204 1413 1799 1491">
    <p class='ocr_par' dir='ltr' id='par_1_16' title="bbox 204 1413 1799 1491">
     <span class='ocr_line' id='line_1_16' title="bbox 204 1413 1799 1491; baseline -0.003 -18"><span class='ocrx_word' id='word_1_96' title='bbox 204 1418 469 1489; x_wconf 83' lang='grc' dir='ltr'><strong>ἀληθείας</strong></span> <span class='ocrx_word' id='word_1_97' title='bbox 516 1420 716 1489; x_wconf 83' lang='grc' dir='ltr'>λόγοις,</span> <span class='ocrx_word' id='word_1_98' title='bbox 745 1422 837 1475; x_wconf 80' lang='grc' dir='ltr'>ἐπὶ</span> <span class='ocrx_word' id='word_1_99' title='bbox 871 1421 970 1484; x_wconf 84' lang='grc' dir='ltr'><strong>τὰς</strong></span> <span class='ocrx_word' id='word_1_100' title='bbox 1002 1420 1130 1489; x_wconf 77' lang='grc' dir='ltr'><strong>ἑξῆς</strong></span> <span class='ocrx_word' id='word_1_101' title='bbox 1172 1421 1361 1491; x_wconf 79' lang='grc' dir='ltr'>ἴωμεν,</span> <span class='ocrx_word' id='word_1_102' title='bbox 1388 1413 1434 1473; x_wconf 79' lang='grc' dir='ltr'>ὧ</span> <span class='ocrx_word' id='word_1_103' title='bbox 1456 1417 1799 1489; x_wconf 82' lang='grc' dir='ltr'>ἐπιπόθητοι,</span> 
     </span>
    </p>
   </div>
   <div class='ocr_carea' id='block_1_17' title="bbox 207 1510 1251 1584">
    <p class='ocr_par' dir='ltr' id='par_1_17' title="bbox 207 1510 1251 1584">
     <span class='ocr_line' id='line_1_17' title="bbox 207 1510 1251 1584; baseline 0.003 -20"><span class='ocrx_word' id='word_1_104' title='bbox 207 1510 366 1581; x_wconf 71' lang='grc' dir='ltr'>παρὰ</span> <span class='ocrx_word' id='word_1_105' title='bbox 385 1511 525 1566; x_wconf 84' lang='grc' dir='ltr'>Θεοῦ</span> <span class='ocrx_word' id='word_1_106' title='bbox 550 1511 829 1575; x_wconf 72' lang='grc' dir='ltr'>αἰτοῦντες</span> <span class='ocrx_word' id='word_1_107' title='bbox 850 1512 948 1584; x_wconf 81' lang='grc' dir='ltr'>τὴν</span> <span class='ocrx_word' id='word_1_108' title='bbox 973 1511 1251 1583; x_wconf 84' lang='grc' dir='ltr'>βοήθειαν.</span> 
     </span>
    </p>
   </div>
   <div class='ocr_carea' id='block_1_18' title="bbox 706 1795 1319 1860">
    <p class='ocr_par' dir='ltr' id='par_1_18' title="bbox 706 1795 1319 1860">
     <span class='ocr_line' id='line_1_18' title="bbox 706 1795 1319 1860; baseline 0 -12"><span class='ocrx_word' id='word_1_109' title='bbox 706 1796 898 1851; x_wconf 74' lang='grc' dir='ltr'><strong>ΚΑΤΑ</strong></span> <span class='ocrx_word' id='word_1_110' title='bbox 939 1795 1319 1860; x_wconf 77' lang='grc' dir='ltr'><strong>ΕΒΙΩΝΑΙΩΝ,</strong></span> 
     </span>
    </p>
   </div>
   <div class='ocr_carea' id='block_1_19' title="bbox 586 1906 1433 1978">
    <p class='ocr_par' dir='ltr' id='par_1_19' title="bbox 586 1906 1433 1978">
     <span class='ocr_line' id='line_1_19' title="bbox 586 1906 1433 1978; baseline 0.002 -17"><span class='ocrx_word' id='word_1_111' title='bbox 586 1906 833 1976; x_wconf 75' lang='grc' dir='ltr'>Δεκάτῃ,</span> <span class='ocrx_word' id='word_1_112' title='bbox 871 1909 910 1971; x_wconf 76' lang='grc' dir='ltr'>ἡ</span> <span class='ocrx_word' id='word_1_113' title='bbox 945 1907 1045 1961; x_wconf 75' lang='grc' dir='ltr'>καὶ</span> <span class='ocrx_word' id='word_1_114' title='bbox 1085 1909 1433 1978; x_wconf 78' lang='grc' dir='ltr'>τριακοστή.</span> 
     </span>
    </p>
   </div>
   <div class='ocr_carea' id='block_1_20' title="bbox 287 2013 1805 2093">
    <p class='ocr_par' dir='ltr' id='par_1_20' title="bbox 287 2013 1805 2093">
     <span class='ocr_line' id='line_1_20' title="bbox 287 2013 1805 2093; baseline 0.003 -21"><span class='ocrx_word' id='word_1_115' title='bbox 287 2021 370 2073; x_wconf 70' lang='lat' dir='ltr'><strong>A’.</strong></span> <span class='ocrx_word' id='word_1_116' title='bbox 415 2018 633 2083; x_wconf 76' lang='grc' dir='ltr'>Ἐόίων,</span> <span class='ocrx_word' id='word_1_117' title='bbox 665 2019 758 2089; x_wconf 82' lang='grc' dir='ltr'><strong>ἀφ’</strong></span> <span class='ocrx_word' id='word_1_118' title='bbox 788 2013 961 2091; x_wconf 71' lang='grc' dir='ltr'>οὗπερ</span> <span class='ocrx_word' id='word_1_119' title='bbox 1005 2019 1329 2085; x_wconf 80' lang='grc' dir='ltr'>Ἐδιωναῖοι,</span> <span class='ocrx_word' id='word_1_120' title='bbox 1385 2019 1623 2093; x_wconf 79' lang='grc' dir='ltr'>καθεξῆς</span> <span class='ocrx_word' id='word_1_121' title='bbox 1670 2023 1805 2076; x_wconf 79' lang='grc' dir='ltr'>άκο-</span> 
     </span>
    </p>
   </div>
   <div class='ocr_carea' id='block_1_21' title="bbox 208 2109 1806 2186">
    <p class='ocr_par' dir='ltr' id='par_1_21' title="bbox 208 2109 1806 2186">
     <span class='ocr_line' id='line_1_21' title="bbox 208 2109 1806 2186; baseline 0.003 -21"><span class='ocrx_word' id='word_1_122' title='bbox 208 2109 443 2178; x_wconf 79' lang='grc' dir='ltr'>λουθῶν,</span> <span class='ocrx_word' id='word_1_123' title='bbox 471 2111 568 2165; x_wconf 73' lang='grc' dir='ltr'>καὶ</span> <span class='ocrx_word' id='word_1_124' title='bbox 590 2112 659 2164; x_wconf 80' lang='grc' dir='ltr'>τὰ</span> <span class='ocrx_word' id='word_1_125' title='bbox 689 2112 851 2182; x_wconf 84' lang='grc' dir='ltr'>ὃμοια</span> <span class='ocrx_word' id='word_1_126' title='bbox 887 2112 1095 2176; x_wconf 85' lang='grc' dir='ltr'>τούτοις</span> <span class='ocrx_word' id='word_1_127' title='bbox 1136 2112 1431 2184; x_wconf 81' lang='grc' dir='ltr'>φρονήσας,</span> <span class='ocrx_word' id='word_1_128' title='bbox 1459 2113 1806 2186; x_wconf 73' lang='grc' dir='ltr'>πολύμορφον</span> 
     </span>
    </p>
   </div>
   <div class='ocr_carea' id='block_1_22' title="bbox 208 2202 1808 2276">
    <p class='ocr_par' dir='ltr' id='par_1_22' title="bbox 208 2202 1808 2276">
     <span class='ocr_line' id='line_1_22' title="bbox 208 2202 1808 2276; baseline 0.002 -20"><span class='ocrx_word' id='word_1_129' title='bbox 208 2202 521 2274; x_wconf 80' lang='grc' dir='ltr'>τεράστιον,</span> <span class='ocrx_word' id='word_1_130' title='bbox 558 2202 680 2265; x_wconf 72' lang='grc' dir='ltr'>καὶ,</span> <span class='ocrx_word' id='word_1_131' title='bbox 707 2203 782 2266; x_wconf 84' lang='grc' dir='ltr'>ὡς</span> <span class='ocrx_word' id='word_1_132' title='bbox 812 2204 1008 2269; x_wconf 84' lang='grc' dir='ltr'>εἰπεῖν,</span> <span class='ocrx_word' id='word_1_133' title='bbox 1038 2204 1136 2275; x_wconf 86' lang='grc' dir='ltr'>τῆς</span> <span class='ocrx_word' id='word_1_134' title='bbox 1161 2203 1533 2276; x_wconf 85' lang='grc' dir='ltr'>μυθευομένης</span> <span class='ocrx_word' id='word_1_135' title='bbox 1572 2206 1808 2259; x_wconf 77' lang='grc' dir='ltr'>πολυκεο</span> 
     </span>
    </p>
   </div>
   <div class='ocr_carea' id='block_1_23' title="bbox 210 2293 1809 2366">
    <p class='ocr_par' dir='ltr' id='par_1_23' title="bbox 210 2293 1809 2366">
     <span class='ocr_line' id='line_1_23' title="bbox 210 2293 1809 2366; baseline 0.004 -20"><span class='ocrx_word' id='word_1_136' title='bbox 210 2294 390 2364; x_wconf 77' lang='grc' dir='ltr'>φάλου</span> <span class='ocrx_word' id='word_1_137' title='bbox 426 2294 634 2365; x_wconf 78' lang='grc' dir='ltr'>’Υδρας</span> <span class='ocrx_word' id='word_1_138' title='bbox 664 2293 869 2365; x_wconf 79' lang='grc' dir='ltr'>ὀφιώδη</span> <span class='ocrx_word' id='word_1_139' title='bbox 910 2294 1121 2366; x_wconf 84' lang='grc' dir='ltr'>μορφὴν</span> <span class='ocrx_word' id='word_1_140' title='bbox 1160 2296 1217 2349; x_wconf 87' lang='grc' dir='ltr'><strong>ἐν</strong></span> <span class='ocrx_word' id='word_1_141' title='bbox 1245 2295 1424 2366; x_wconf 82' lang='grc' dir='ltr'>ἐαυτῷ</span> <span class='ocrx_word' id='word_1_142' title='bbox 1448 2297 1809 2352; x_wconf 82' lang='grc' dir='ltr'>ἀνατυπωσά-</span> 
     </span>
    </p>
   </div>
   <div class='ocr_carea' id='block_1_24' title="bbox 214 2385 1809 2460">
    <p class='ocr_par' dir='ltr' id='par_1_24' title="bbox 214 2385 1809 2460">
     <span class='ocr_line' id='line_1_24' title="bbox 214 2385 1809 2460; baseline 0.003 -21"><span class='ocrx_word' id='word_1_143' title='bbox 214 2404 404 2458; x_wconf 87' lang='grc' dir='ltr'>μενος,</span> <span class='ocrx_word' id='word_1_144' title='bbox 444 2387 608 2440; x_wconf 84' lang='grc' dir='ltr'>πάλιν</span> <span class='ocrx_word' id='word_1_145' title='bbox 664 2386 936 2457; x_wconf 77' lang='grc' dir='ltr'>ἐπανέστη</span> <span class='ocrx_word' id='word_1_146' title='bbox 960 2385 1039 2457; x_wconf 83' lang='grc' dir='ltr'>τῷ</span> <span class='ocrx_word' id='word_1_147' title='bbox 1084 2386 1203 2459; x_wconf 85' lang='grc' dir='ltr'>βίῳ,</span> <span class='ocrx_word' id='word_1_148' title='bbox 1248 2388 1314 2441; x_wconf 87' lang='grc' dir='ltr'><strong>ἐκ</strong></span> <span class='ocrx_word' id='word_1_149' title='bbox 1340 2387 1438 2457; x_wconf 83' lang='grc' dir='ltr'>τῆς</span> <span class='ocrx_word' id='word_1_150' title='bbox 1464 2387 1670 2442; x_wconf 91' lang='grc' dir='ltr'>τούτων</span> <span class='ocrx_word' id='word_1_151' title='bbox 1708 2389 1809 2460; x_wconf 83' lang='grc' dir='ltr'>μὲν</span> 
     </span>
    </p>
   </div>
   <div class='ocr_carea' id='block_1_25' title="bbox 212 2476 1809 2552">
    <p class='ocr_par' dir='ltr' id='par_1_25' title="bbox 212 2476 1809 2552">
     <span class='ocr_line' id='line_1_25' title="bbox 212 2476 1809 2552; baseline 0.002 -21"><span class='ocrx_word' id='word_1_152' title='bbox 212 2478 419 2549; x_wconf 80' lang='grc' dir='ltr'>σχολῆς</span> <span class='ocrx_word' id='word_1_153' title='bbox 450 2478 732 2549; x_wconf 80' lang='grc' dir='ltr'>ὑπάρχων,</span> <span class='ocrx_word' id='word_1_154' title='bbox 784 2476 950 2549; x_wconf 76' lang='grc' dir='ltr'>ἔτερα</span> <span class='ocrx_word' id='word_1_155' title='bbox 977 2478 1033 2532; x_wconf 90' lang='grc' dir='ltr'><strong>δέ</strong></span> <span class='ocrx_word' id='word_1_156' title='bbox 1073 2478 1225 2551; x_wconf 82' lang='grc' dir='ltr'>παρὰ</span> <span class='ocrx_word' id='word_1_157' title='bbox 1268 2479 1492 2544; x_wconf 81' lang='grc' dir='ltr'>τούτους</span> <span class='ocrx_word' id='word_1_158' title='bbox 1524 2480 1809 2552; x_wconf 82' lang='grc' dir='ltr'>κηρύττων</span> 
     </span>
    </p>
   </div>
   <div class='ocr_carea' id='block_1_26' title="bbox 213 2568 1807 2643">
    <p class='ocr_par' dir='ltr' id='par_1_26' title="bbox 213 2568 1807 2643">
     <span class='ocr_line' id='line_1_26' title="bbox 213 2568 1807 2643; baseline 0.001 -19"><span class='ocrx_word' id='word_1_159' title='bbox 213 2571 313 2624; x_wconf 75' lang='grc' dir='ltr'>καὶ</span> <span class='ocrx_word' id='word_1_160' title='bbox 365 2569 767 2641; x_wconf 80' lang='grc' dir='ltr'>ὑφηγούμενος.</span> <span class='ocrx_word' id='word_1_161' title='bbox 814 2570 902 2632; x_wconf 85' lang='grc' dir='ltr'>Ὡς</span> <span class='ocrx_word' id='word_1_162' title='bbox 930 2570 1039 2641; x_wconf 85' lang='grc' dir='ltr'><strong>γάρ</strong></span> <span class='ocrx_word' id='word_1_163' title='bbox 1077 2568 1131 2623; x_wconf 74' lang='grc' dir='ltr'>εἴ</span> <span class='ocrx_word' id='word_1_164' title='bbox 1168 2588 1252 2636; x_wconf 89' lang='grc' dir='ltr'><strong>τις</strong></span> <span class='ocrx_word' id='word_1_165' title='bbox 1305 2568 1584 2638; x_wconf 82' lang='grc' dir='ltr'>συνάξειεν</span> <span class='ocrx_word' id='word_1_166' title='bbox 1625 2571 1807 2643; x_wconf 81' lang='grc' dir='ltr'>ἐαυτῷ</span> 
     </span>
    </p>
   </div>
   <div class='ocr_carea' id='block_1_27' title="bbox 215 2659 1811 2735">
    <p class='ocr_par' dir='ltr' id='par_1_27' title="bbox 215 2659 1811 2735">
     <span class='ocr_line' id='line_1_27' title="bbox 215 2659 1811 2735; baseline 0.003 -23"><span class='ocrx_word' id='word_1_167' title='bbox 215 2662 283 2713; x_wconf 86' lang='grc' dir='ltr'>ὲκ</span> <span class='ocrx_word' id='word_1_168' title='bbox 334 2659 612 2730; x_wconf 78' lang='grc' dir='ltr'>διαφόρων</span> <span class='ocrx_word' id='word_1_169' title='bbox 664 2659 827 2713; x_wconf 89' lang='grc' dir='ltr'>λίθων</span> <span class='ocrx_word' id='word_1_170' title='bbox 880 2660 1076 2730; x_wconf 84' lang='grc' dir='ltr'>τιμίων</span> <span class='ocrx_word' id='word_1_171' title='bbox 1129 2661 1357 2732; x_wconf 85' lang='grc' dir='ltr'>κόσμον,</span> <span class='ocrx_word' id='word_1_172' title='bbox 1411 2663 1508 2716; x_wconf 75' lang='grc' dir='ltr'>καὶ</span> <span class='ocrx_word' id='word_1_173' title='bbox 1558 2663 1811 2735; x_wconf 84' lang='grc' dir='ltr'>ποικίλης</span> 
     </span>
    </p>
   </div>
   <div class='ocr_carea' id='block_1_28' title="bbox 215 2751 1808 2826">
    <p class='ocr_par' dir='ltr' id='par_1_28' title="bbox 215 2751 1808 2826">
     <span class='ocr_line' id='line_1_28' title="bbox 215 2751 1808 2826; baseline 0.002 -20"><span class='ocrx_word' id='word_1_174' title='bbox 215 2754 448 2825; x_wconf 77' lang='grc' dir='ltr'>ἐσθῆτος</span> <span class='ocrx_word' id='word_1_175' title='bbox 504 2751 743 2823; x_wconf 78' lang='grc' dir='ltr'>ἔνδυμα,</span> <span class='ocrx_word' id='word_1_176' title='bbox 794 2754 888 2806; x_wconf 79' lang='grc' dir='ltr'>καὶ</span> <span class='ocrx_word' id='word_1_177' title='bbox 928 2752 1204 2823; x_wconf 81' lang='grc' dir='ltr'>διαφανῶς</span> <span class='ocrx_word' id='word_1_178' title='bbox 1261 2755 1453 2808; x_wconf 82' lang='grc' dir='ltr'>ἐαυτὸν</span> <span class='ocrx_word' id='word_1_179' title='bbox 1504 2757 1808 2826; x_wconf 85' lang='grc' dir='ltr'>κοσμήσει·</span> 
     </span>
    </p>
   </div>
   <div class='ocr_carea' id='block_1_29' title="bbox 213 2838 1812 2911">
    <p class='ocr_par' dir='ltr' id='par_1_29' title="bbox 213 2838 1812 2911">
     <span class='ocr_line' id='line_1_29' title="bbox 213 2838 1812 2911; baseline 0.001 -12"><span class='ocrx_word' id='word_1_180' title='bbox 213 2846 359 2900; x_wconf 71' lang='grc' dir='ltr'>οὕτω</span> <span class='ocrx_word' id='word_1_181' title='bbox 393 2846 487 2900; x_wconf 72' lang='grc' dir='ltr'><strong>καὶ</strong></span> <span class='ocrx_word' id='word_1_182' title='bbox 511 2838 685 2911; x_wconf 73' lang='grc' dir='ltr'>οὗτος,</span> <span class='ocrx_word' id='word_1_183' title='bbox 743 2846 801 2899; x_wconf 80' lang='grc' dir='ltr'><strong>τὸ</strong></span> <span class='ocrx_word' id='word_1_184' title='bbox 839 2847 1107 2900; x_wconf 80' lang='grc' dir='ltr'>ἀνάπαλιν</span> <span class='ocrx_word' id='word_1_185' title='bbox 1137 2847 1245 2900; x_wconf 82' lang='grc' dir='ltr'><strong>πᾶν</strong></span> <span class='ocrx_word' id='word_1_186' title='bbox 1287 2846 1467 2901; x_wconf 80' lang='grc' dir='ltr'>ὁτιοῦν</span> <span class='ocrx_word' id='word_1_187' title='bbox 1509 2847 1680 2900; x_wconf 81' lang='grc' dir='ltr'>δεινὸν</span> <span class='ocrx_word' id='word_1_188' title='bbox 1716 2849 1812 2901; x_wconf 73' lang='grc' dir='ltr'>καὶ</span> 
     </span>
    </p>
   </div>
   <div class='ocr_carea' id='block_1_30' title="bbox 216 2935 1812 3010">
    <p class='ocr_par' dir='ltr' id='par_1_30' title="bbox 216 2935 1812 3010">
     <span class='ocr_line' id='line_1_30' title="bbox 216 2935 1812 3010; baseline 0 -20"><span class='ocrx_word' id='word_1_189' title='bbox 216 2936 500 3010; x_wconf 74' lang='grc' dir='ltr'>ὀλετήριον</span> <span class='ocrx_word' id='word_1_190' title='bbox 545 2937 643 2991; x_wconf 68' lang='grc' dir='ltr'>καὶ</span> <span class='ocrx_word' id='word_1_191' title='bbox 696 2935 984 3006; x_wconf 83' lang='grc' dir='ltr'>βδελυκτὸν</span> <span class='ocrx_word' id='word_1_192' title='bbox 1025 2938 1308 3009; x_wconf 81' lang='grc' dir='ltr'>κήρυγμα,</span> <span class='ocrx_word' id='word_1_193' title='bbox 1350 2937 1596 3008; x_wconf 78' lang='grc' dir='ltr'>ἄμορφόν</span> <span class='ocrx_word' id='word_1_194' title='bbox 1629 2954 1687 2990; x_wconf 83' lang='grc' dir='ltr'><strong>τε</strong></span> <span class='ocrx_word' id='word_1_195' title='bbox 1719 2937 1812 2991; x_wconf 71' lang='grc' dir='ltr'>καὶ</span> 
     </span>
    </p>
   </div>
   <div class='ocr_carea' id='block_1_31' title="bbox 220 3026 1813 3101">
    <p class='ocr_par' dir='ltr' id='par_1_31' title="bbox 220 3026 1813 3101">
     <span class='ocr_line' id='line_1_31' title="bbox 220 3026 1813 3101; baseline -0.001 -19"><span class='ocrx_word' id='word_1_196' title='bbox 220 3028 513 3093; x_wconf 87' lang='grc' dir='ltr'>ἀπίθανον,</span> <span class='ocrx_word' id='word_1_197' title='bbox 551 3027 779 3099; x_wconf 79' lang='grc' dir='ltr'>ἁζηλίας</span> <span class='ocrx_word' id='word_1_198' title='bbox 833 3026 1085 3100; x_wconf 82' lang='grc' dir='ltr'>ἔμπλεων</span> <span class='ocrx_word' id='word_1_199' title='bbox 1123 3028 1252 3101; x_wconf 89' lang='grc' dir='ltr'>παρ’</span> <span class='ocrx_word' id='word_1_200' title='bbox 1284 3028 1519 3099; x_wconf 80' lang='grc' dir='ltr'>ἑκάστης</span> <span class='ocrx_word' id='word_1_201' title='bbox 1548 3028 1813 3099; x_wconf 78' lang='grc' dir='ltr'>αἱρέσεως</span> 
     </span>
    </p>
   </div>
   <div class='ocr_carea' id='block_1_32' title="bbox 220 3121 1813 3193">
    <p class='ocr_par' dir='ltr' id='par_1_32' title="bbox 220 3121 1813 3193">
     <span class='ocr_line' id='line_1_32' title="bbox 220 3121 1813 3193; baseline -0.001 -17"><span class='ocrx_word' id='word_1_202' title='bbox 220 3121 419 3187; x_wconf 76' lang='grc' dir='ltr'>λαϐὼν,</span> <span class='ocrx_word' id='word_1_203' title='bbox 442 3122 635 3174; x_wconf 82' lang='grc' dir='ltr'>ἐαυτὸν</span> <span class='ocrx_word' id='word_1_204' title='bbox 676 3121 1026 3175; x_wconf 83' lang='grc' dir='ltr'>άνετύπωσεν</span> <span class='ocrx_word' id='word_1_205' title='bbox 1059 3122 1140 3188; x_wconf 86' lang='grc' dir='ltr'><strong>είς</strong></span> <span class='ocrx_word' id='word_1_206' title='bbox 1180 3121 1421 3185; x_wconf 80' lang='grc' dir='ltr'>ἁπάσας.</span> <span class='ocrx_word' id='word_1_207' title='bbox 1455 3122 1813 3193; x_wconf 81' lang='grc' dir='ltr'>Σαμαρειτῶν</span> 
     </span>
    </p>
   </div>
   <div class='ocr_carea' id='block_1_33' title="bbox 223 3201 1884 3286">
    <p class='ocr_par' dir='ltr' id='par_1_33' title="bbox 223 3201 1884 3286">
     <span class='ocr_line' id='line_1_33' title="bbox 223 3201 1884 3286; baseline -0.001 -18"><span class='ocrx_word' id='word_1_208' title='bbox 223 3214 322 3286; x_wconf 76' lang='grc' dir='ltr'>μὲν</span> <span class='ocrx_word' id='word_1_209' title='bbox 369 3212 480 3284; x_wconf 82' lang='grc' dir='ltr'><strong>γὰρ</strong></span> <span class='ocrx_word' id='word_1_210' title='bbox 530 3212 646 3284; x_wconf 77' lang='grc' dir='ltr'>ἔχει</span> <span class='ocrx_word' id='word_1_211' title='bbox 684 3206 764 3267; x_wconf 62' lang='grc' dir='ltr'><strong>’τὸ</strong></span> <span class='ocrx_word' id='word_1_212' title='bbox 804 3212 1081 3286; x_wconf 80' lang='grc' dir='ltr'>βδελυρὸν,</span> <span class='ocrx_word' id='word_1_213' title='bbox 1121 3213 1391 3267; x_wconf 84' lang='grc' dir='ltr'>Ἰουδαίων</span> <span class='ocrx_word' id='word_1_214' title='bbox 1436 3212 1494 3266; x_wconf 87' lang='grc' dir='ltr'><strong>δέ</strong></span> <span class='ocrx_word' id='word_1_215' title='bbox 1521 3213 1582 3265; x_wconf 85' lang='grc' dir='ltr'>τὸ</span> <span class='ocrx_word' id='word_1_216' title='bbox 1623 3212 1812 3284; x_wconf 78' lang='grc' dir='ltr'>ὄνομα,</span> <span class='ocrx_word' id='word_1_217' title='bbox 1841 3201 1884 3259; x_wconf 82' lang='lat' dir='ltr'><strong><em>C</em></strong></span> 
     </span>
    </p>
   </div>
   <div class='ocr_carea' id='block_1_34' title="bbox 234 3301 1817 3381">
    <p class='ocr_par' dir='ltr' id='par_1_34' title="bbox 234 3301 1817 3381">
     <span class='ocr_line' id='line_1_34' title="bbox 234 3301 1817 3381; baseline -0.001 -25"><span class='ocrx_word' id='word_1_218' title='bbox 234 3303 502 3357; x_wconf 82' lang='grc' dir='ltr'>Ὀσσαίων</span> <span class='ocrx_word' id='word_1_219' title='bbox 559 3303 617 3356; x_wconf 82' lang='grc' dir='ltr'>δὲ</span> <span class='ocrx_word' id='word_1_220' title='bbox 662 3303 758 3356; x_wconf 78' lang='grc' dir='ltr'><strong>καὶ</strong></span> <span class='ocrx_word' id='word_1_221' title='bbox 809 3301 1150 3381; x_wconf 78' lang='grc' dir='ltr'>Ναζωραίων</span> <span class='ocrx_word' id='word_1_222' title='bbox 1196 3303 1292 3357; x_wconf 70' lang='grc' dir='ltr'>καὶ</span> <span class='ocrx_word' id='word_1_223' title='bbox 1342 3303 1673 3375; x_wconf 88' lang='grc' dir='ltr'>Νασαραίων</span> <span class='ocrx_word' id='word_1_224' title='bbox 1719 3303 1817 3375; x_wconf 82' lang='grc' dir='ltr'>τὴν</span> 
     </span>
    </p>
   </div>
   <div class='ocr_carea' id='block_1_35' title="bbox 228 3391 1818 3468">
    <p class='ocr_par' dir='ltr' id='par_1_35' title="bbox 228 3391 1818 3468">
     <span class='ocr_line' id='line_1_35' title="bbox 228 3391 1818 3468; baseline 0.003 -22"><span class='ocrx_word' id='word_1_225' title='bbox 228 3395 471 3466; x_wconf 83' lang='grc' dir='ltr'>γνώμην,</span> <span class='ocrx_word' id='word_1_226' title='bbox 507 3393 883 3466; x_wconf 82' lang='grc' dir='ltr'>Κηρινθιανῶν</span> <span class='ocrx_word' id='word_1_227' title='bbox 910 3396 972 3448; x_wconf 82' lang='grc' dir='ltr'><strong>τδ</strong></span> <span class='ocrx_word' id='word_1_228' title='bbox 996 3391 1155 3462; x_wconf 83' lang='grc' dir='ltr'>εἶδος,</span> <span class='ocrx_word' id='word_1_229' title='bbox 1184 3394 1697 3468; x_wconf 82' lang='grc' dir='ltr'>Καρποκρατιανῶν</span> <span class='ocrx_word' id='word_1_230' title='bbox 1717 3396 1818 3467; x_wconf 81' lang='grc' dir='ltr'>τὴν</span> 
     </span>
    </p>
   </div>
   <div class='ocr_carea' id='block_1_36' title="bbox 223 3485 1821 3559">
    <p class='ocr_par' dir='ltr' id='par_1_36' title="bbox 223 3485 1821 3559">
     <span class='ocr_line' id='line_1_36' title="bbox 223 3485 1821 3559; baseline 0 -19"><span class='ocrx_word' id='word_1_231' title='bbox 223 3485 613 3557; x_wconf 67' lang='grc' dir='ltr'>ιακοτροπίαν,</span> <span class='ocrx_word' id='word_1_232' title='bbox 638 3485 1086 3557; x_wconf 71' lang='grc' dir='ltr'>καὶΧριστιανῶν</span> <span class='ocrx_word' id='word_1_233' title='bbox 1110 3485 1356 3556; x_wconf 78' lang='grc' dir='ltr'>βούλεται</span> <span class='ocrx_word' id='word_1_234' title='bbox 1380 3486 1523 3557; x_wconf 76' lang='grc' dir='ltr'>ἔχειν</span> <span class='ocrx_word' id='word_1_235' title='bbox 1542 3487 1639 3559; x_wconf 84' lang='grc' dir='ltr'><strong>τὴν</strong></span> <span class='ocrx_word' id='word_1_236' title='bbox 1660 3504 1821 3559; x_wconf 89' lang='grc' dir='ltr'>προσ-</span> 
     </span>
    </p>
   </div>
   <div class='ocr_carea' id='block_1_37' title="bbox 227 3575 1820 3650">
    <p class='ocr_par' dir='ltr' id='par_1_37' title="bbox 227 3575 1820 3650">
     <span class='ocr_line' id='line_1_37' title="bbox 227 3575 1820 3650; baseline -0.001 -19"><span class='ocrx_word' id='word_1_237' title='bbox 227 3578 478 3649; x_wconf 67' lang='grc' dir='ltr'>ηγορίαν.</span> <span class='ocrx_word' id='word_1_238' title='bbox 533 3577 608 3631; x_wconf 82' lang='grc' dir='ltr'><strong>Οὐ</strong></span> <span class='ocrx_word' id='word_1_239' title='bbox 641 3575 751 3649; x_wconf 77' lang='grc' dir='ltr'><strong>γὰρ</strong></span> <span class='ocrx_word' id='word_1_240' title='bbox 799 3576 1069 3649; x_wconf 86' lang='grc' dir='ltr'>δήπουθεν</span> <span class='ocrx_word' id='word_1_241' title='bbox 1113 3578 1211 3648; x_wconf 86' lang='grc' dir='ltr'>τήν</span> <span class='ocrx_word' id='word_1_242' title='bbox 1249 3595 1310 3630; x_wconf 86' lang='grc' dir='ltr'><strong>τε</strong></span> <span class='ocrx_word' id='word_1_243' title='bbox 1347 3578 1546 3650; x_wconf 77' lang='grc' dir='ltr'>πρᾶξιν</span> <span class='ocrx_word' id='word_1_244' title='bbox 1591 3578 1685 3632; x_wconf 71' lang='grc' dir='ltr'><strong>καὶ</strong></span> <span class='ocrx_word' id='word_1_245' title='bbox 1722 3578 1820 3650; x_wconf 84' lang='grc' dir='ltr'>τὴν</span> 
     </span>
    </p>
   </div>
   <div class='ocr_carea' id='block_1_38' title="bbox 226 3668 1820 3742">
    <p class='ocr_par' dir='ltr' id='par_1_38' title="bbox 226 3668 1820 3742">
     <span class='ocr_line' id='line_1_38' title="bbox 226 3668 1820 3742; baseline 0.002 -20"><span class='ocrx_word' id='word_1_246' title='bbox 226 3670 457 3741; x_wconf 81' lang='grc' dir='ltr'>γνώμην</span> <span class='ocrx_word' id='word_1_247' title='bbox 504 3669 601 3723; x_wconf 78' lang='grc' dir='ltr'>καὶ</span> <span class='ocrx_word' id='word_1_248' title='bbox 631 3668 728 3741; x_wconf 84' lang='grc' dir='ltr'>τὴν</span> <span class='ocrx_word' id='word_1_249' title='bbox 781 3669 1006 3737; x_wconf 78' lang='grc' dir='ltr'>γνῶσιν,</span> <span class='ocrx_word' id='word_1_250' title='bbox 1039 3670 1134 3722; x_wconf 61' lang='grc' dir='ltr'><strong>και¹</strong></span> <span class='ocrx_word' id='word_1_251' title='bbox 1178 3670 1277 3742; x_wconf 81' lang='grc' dir='ltr'>τὴν</span> <span class='ocrx_word' id='word_1_252' title='bbox 1315 3669 1423 3725; x_wconf 88' lang='grc' dir='ltr'><strong>τῶν</strong></span> <span class='ocrx_word' id='word_1_253' title='bbox 1472 3670 1820 3740; x_wconf 81' lang='grc' dir='ltr'>Εὑαγγελίων</span> 
     </span>
    </p>
   </div>
   <div class='ocr_carea' id='block_1_39' title="bbox 228 3760 1822 3832">
    <p class='ocr_par' dir='ltr' id='par_1_39' title="bbox 228 3760 1822 3832">
     <span class='ocr_line' id='line_1_39' title="bbox 228 3760 1822 3832; baseline 0 -17"><span class='ocrx_word' id='word_1_254' title='bbox 228 3762 325 3815; x_wconf 72' lang='grc' dir='ltr'>καὶ</span> <span class='ocrx_word' id='word_1_255' title='bbox 389 3760 702 3816; x_wconf 79' lang='grc' dir='ltr'>ἀποστόλων</span> <span class='ocrx_word' id='word_1_256' title='bbox 750 3761 880 3832; x_wconf 73' lang='grc' dir='ltr'>περὶ</span> <span class='ocrx_word' id='word_1_257' title='bbox 914 3760 1153 3824; x_wconf 83' lang='grc' dir='ltr'>πίστεως</span> <span class='ocrx_word' id='word_1_258' title='bbox 1186 3761 1604 3830; x_wconf 83' lang='grc' dir='ltr'>συγκατάθεσιν.</span> <span class='ocrx_word' id='word_1_259' title='bbox 1639 3763 1822 3828; x_wconf 81' lang='grc' dir='ltr'>Μέσος</span> 
     </span>
    </p>
   </div>
   <div class='ocr_carea' id='block_1_40' title="bbox 224 3852 1817 3926">
    <p class='ocr_par' dir='ltr' id='par_1_40' title="bbox 224 3852 1817 3926">
     <span class='ocr_line' id='line_1_40' title="bbox 224 3852 1817 3926; baseline 0.001 -19"><span class='ocrx_word' id='word_1_260' title='bbox 224 3854 306 3916; x_wconf 74' lang='grc' dir='ltr'>δὲ,</span> <span class='ocrx_word' id='word_1_261' title='bbox 334 3854 412 3916; x_wconf 86' lang='grc' dir='ltr'>ὼς</span> <span class='ocrx_word' id='word_1_262' title='bbox 457 3854 651 3918; x_wconf 82' lang='grc' dir='ltr'>εἰπεῖν,</span> <span class='ocrx_word' id='word_1_263' title='bbox 677 3852 937 3906; x_wconf 83' lang='grc' dir='ltr'>ἁπάντων</span> <span class='ocrx_word' id='word_1_264' title='bbox 996 3852 1301 3923; x_wconf 85' lang='grc' dir='ltr'>τυγχάνων,</span> <span class='ocrx_word' id='word_1_265' title='bbox 1353 3854 1506 3908; x_wconf 80' lang='grc' dir='ltr'>οὐδὲν</span> <span class='ocrx_word' id='word_1_266' title='bbox 1552 3854 1817 3926; x_wconf 81' lang='grc' dir='ltr'>πέφυκεν,</span> 
     </span>
    </p>
   </div>
   <div class='ocr_carea' id='block_1_41' title="bbox 227 3943 1823 4017">
    <p class='ocr_par' dir='ltr' id='par_1_41' title="bbox 227 3943 1823 4017">
     <span class='ocr_line' id='line_1_41' title="bbox 227 3943 1823 4017; baseline 0.002 -19"><span class='ocrx_word' id='word_1_267' title='bbox 227 3944 368 3999; x_wconf 78' lang='grc' dir='ltr'>ἀλλὰ</span> <span class='ocrx_word' id='word_1_268' title='bbox 420 3946 509 3997; x_wconf 85' lang='grc' dir='ltr'><strong>ἐπ’</strong></span> <span class='ocrx_word' id='word_1_269' title='bbox 556 3943 705 4015; x_wconf 80' lang='grc' dir='ltr'>αὐτῷ</span> <span class='ocrx_word' id='word_1_270' title='bbox 755 3943 1059 4015; x_wconf 77' lang='grc' dir='ltr'>πληροῦται</span> <span class='ocrx_word' id='word_1_271' title='bbox 1108 3944 1169 3998; x_wconf 85' lang='grc' dir='ltr'>τὸ</span> <span class='ocrx_word' id='word_1_272' title='bbox 1201 3945 1623 4017; x_wconf 58' lang='grc' dir='ltr'>γεγραμμένον</span> <span class='ocrx_word' id='word_1_273' title='bbox 1680 3947 1823 4015; x_wconf 81' lang='lat' dir='ltr'><strong>Hap‘</strong></span> 
     </span>
    </p>
   </div>
   <div class='ocr_carea' id='block_1_42' title="bbox 231 4032 1823 4106">
    <p class='ocr_par' dir='ltr' id='par_1_42' title="bbox 231 4032 1823 4106">
     <span class='ocr_line' id='line_1_42' title="bbox 231 4032 1823 4106; baseline 0.001 -17"><span class='ocrx_word' id='word_1_274' title='bbox 231 4036 446 4105; x_wconf 70' lang='grc' dir='ltr'>ὀλίγον</span> <span class='ocrx_word' id='word_1_275' title='bbox 475 4034 772 4104; x_wconf 79' lang='grc' dir='ltr'>ἐγενόμην</span> <span class='ocrx_word' id='word_1_276' title='bbox 795 4035 865 4089; x_wconf 84' lang='grc' dir='ltr'><strong>ἐν</strong></span> <span class='ocrx_word' id='word_1_277' title='bbox 911 4034 1091 4087; x_wconf 78' lang='grc' dir='ltr'>παντὶ</span> <span class='ocrx_word' id='word_1_278' title='bbox 1125 4032 1309 4099; x_wconf 79' lang='grc' dir='ltr'>κακῷ,</span> <span class='ocrx_word' id='word_1_279' title='bbox 1339 4035 1537 4105; x_wconf 81' lang='grc' dir='ltr'>μέσον</span> <span class='ocrx_word' id='word_1_280' title='bbox 1575 4037 1823 4106; x_wconf 79' lang='grc' dir='ltr'>Ἐκκλη-</span> 
     </span>
    </p>
   </div>
   <div class='ocr_carea' id='block_1_43' title="bbox 228 4123 1823 4198">
    <p class='ocr_par' dir='ltr' id='par_1_43' title="bbox 228 4123 1823 4198">
     <span class='ocr_line' id='line_1_43' title="bbox 228 4123 1823 4198; baseline 0.001 -18"><span class='ocrx_word' id='word_1_281' title='bbox 228 4128 377 4193; x_wconf 85' lang='grc' dir='ltr'>σίας</span> <span class='ocrx_word' id='word_1_282' title='bbox 424 4125 523 4180; x_wconf 73' lang='grc' dir='ltr'>καὶ</span> <span class='ocrx_word' id='word_1_283' title='bbox 566 4124 951 4196; x_wconf 75' lang='grc' dir='ltr'>συναγωγῆς.</span> <span class='ocrx_word' id='word_1_284' title='bbox 998 4124 1346 4198; x_wconf 85' lang='grc' dir='ltr'>Σαμαρείτης</span> <span class='ocrx_word' id='word_1_285' title='bbox 1384 4126 1484 4198; x_wconf 88' lang='grc' dir='ltr'>μὲν</span> <span class='ocrx_word' id='word_1_286' title='bbox 1522 4123 1614 4181; x_wconf 82' lang='grc' dir='ltr'>οὖν</span> <span class='ocrx_word' id='word_1_287' title='bbox 1641 4128 1715 4181; x_wconf 85' lang='grc' dir='ltr'>ὣν</span> <span class='ocrx_word' id='word_1_288' title='bbox 1735 4128 1823 4183; x_wconf 82' lang='grc' dir='ltr'><strong>διὰ</strong></span> 
     </span>
    </p>
   </div>
   <div class='ocr_carea' id='block_1_44' title="bbox 228 4215 1824 4290">
    <p class='ocr_par' dir='ltr' id='par_1_44' title="bbox 228 4215 1824 4290">
     <span class='ocr_line' id='line_1_44' title="bbox 228 4215 1824 4290; baseline 0.001 -19"><span class='ocrx_word' id='word_1_289' title='bbox 228 4219 330 4289; x_wconf 82' lang='grc' dir='ltr'>τῆς</span> <span class='ocrx_word' id='word_1_290' title='bbox 355 4217 664 4290; x_wconf 80' lang='grc' dir='ltr'>βδελυρίας,</span> <span class='ocrx_word' id='word_1_291' title='bbox 712 4215 950 4288; x_wconf 78' lang='grc' dir='ltr'>τοῦνομα</span> <span class='ocrx_word' id='word_1_292' title='bbox 1001 4218 1247 4289; x_wconf 80' lang='grc' dir='ltr'>ἀρνεῖται</span> <span class='ocrx_word' id='word_1_293' title='bbox 1269 4233 1284 4249; x_wconf 79' lang='lat'>&#39;</span> <span class='ocrx_word' id='word_1_294' title='bbox 1335 4218 1584 4272; x_wconf 89' lang='grc' dir='ltr'>Ἰουδαῖον</span> <span class='ocrx_word' id='word_1_295' title='bbox 1609 4219 1666 4273; x_wconf 87' lang='grc' dir='ltr'><strong>δέ</strong></span> <span class='ocrx_word' id='word_1_296' title='bbox 1695 4220 1824 4272; x_wconf 80' lang='grc' dir='ltr'>ἐαυ-</span> 
     </span>
    </p>
   </div>
   <div class='ocr_carea' id='block_1_45' title="bbox 231 4307 1824 4381">
    <p class='ocr_par' dir='ltr' id='par_1_45' title="bbox 231 4307 1824 4381">
     <span class='ocr_line' id='line_1_45' title="bbox 231 4307 1824 4381; baseline 0 -20"><span class='ocrx_word' id='word_1_297' title='bbox 231 4309 323 4362; x_wconf 70' lang='grc' dir='ltr'><strong>τὸν</strong></span> <span class='ocrx_word' id='word_1_298' title='bbox 349 4308 653 4379; x_wconf 83' lang='grc' dir='ltr'>ὁμολογῶν,</span> <span class='ocrx_word' id='word_1_299' title='bbox 683 4308 959 4371; x_wconf 87' lang='grc' dir='ltr'>Ἰουδαίοις</span> <span class='ocrx_word' id='word_1_300' title='bbox 983 4307 1492 4373; x_wconf 82' lang='grc' dir='ltr'>άντίκειται,καίτοι</span> <span class='ocrx_word' id='word_1_301' title='bbox 1518 4309 1824 4381; x_wconf 81' lang='grc' dir='ltr'>συμφωνῶν</span> 
     </span>
    </p>
   </div>
   <div class='ocr_carea' id='block_1_46' title="bbox 234 4399 1823 4472">
    <p class='ocr_par' dir='ltr' id='par_1_46' title="bbox 234 4399 1823 4472">
     <span class='ocr_line' id='line_1_46' title="bbox 234 4399 1823 4472; baseline 0.001 -17"><span class='ocrx_word' id='word_1_302' title='bbox 234 4403 420 4465; x_wconf 75' lang='grc' dir='ltr'>αὐτοῖς</span> <span class='ocrx_word' id='word_1_303' title='bbox 466 4402 525 4455; x_wconf 87' lang='grc' dir='ltr'><strong>ἐν</strong></span> <span class='ocrx_word' id='word_1_304' title='bbox 580 4401 759 4472; x_wconf 80' lang='grc' dir='ltr'>μέρει,</span> <span class='ocrx_word' id='word_1_305' title='bbox 814 4400 890 4465; x_wconf 86' lang='grc' dir='ltr'>ὡς</span> <span class='ocrx_word' id='word_1_306' title='bbox 924 4399 1156 4470; x_wconf 76' lang='grc' dir='ltr'>ὕστερον</span> <span class='ocrx_word' id='word_1_307' title='bbox 1202 4402 1262 4454; x_wconf 89' lang='grc' dir='ltr'><strong>ἐν</strong></span> <span class='ocrx_word' id='word_1_308' title='bbox 1314 4402 1434 4465; x_wconf 85' lang='grc' dir='ltr'>ταῖς</span> <span class='ocrx_word' id='word_1_309' title='bbox 1472 4400 1601 4472; x_wconf 79' lang='grc' dir='ltr'>περὶ</span> <span class='ocrx_word' id='word_1_310' title='bbox 1634 4401 1823 4457; x_wconf 82' lang='grc' dir='ltr'>τούτου</span> 
     </span>
    </p>
   </div>
   <div class='ocr_carea' id='block_1_47' title="bbox 1895 595 3478 670">
    <p class='ocr_par' dir='ltr' id='par_1_47' title="bbox 1895 595 3478 670">
     <span class='ocr_line' id='line_1_47' title="bbox 1895 595 3478 670; baseline -0.002 -16"><span class='ocrx_word' id='word_1_311' title='bbox 1895 598 2226 670; x_wconf 83' lang='lat' dir='ltr'><strong>praedicent,</strong></span> <span class='ocrx_word' id='word_1_312' title='bbox 2259 597 2405 668; x_wconf 89' lang='lat' dir='ltr'><strong>quod</strong></span> <span class='ocrx_word' id='word_1_313' title='bbox 2434 597 2501 654; x_wconf 90' lang='lat' dir='ltr'><strong>iis</strong></span> <span class='ocrx_word' id='word_1_314' title='bbox 2542 597 2635 668; x_wconf 87' lang='lat' dir='ltr'><strong>qui</strong></span> <span class='ocrx_word' id='word_1_315' title='bbox 2662 595 2974 651; x_wconf 75' lang='lat' dir='ltr'><strong>Judaeorum</strong></span> <span class='ocrx_word' id='word_1_316' title='bbox 3012 595 3189 650; x_wconf 88' lang='lat' dir='ltr'><strong>adhuc</strong></span> <span class='ocrx_word' id='word_1_317' title='bbox 3217 610 3478 652; x_wconf 86' lang='lat' dir='ltr'><strong>caeremo-</strong></span> 
     </span>
    </p>
   </div>
   <div class='ocr_carea' id='block_1_48' title="bbox 1895 686 3479 759">
    <p class='ocr_par' dir='ltr' id='par_1_48' title="bbox 1895 686 3479 759">
     <span class='ocr_line' id='line_1_48' title="bbox 1895 686 3479 759; baseline -0.001 -15"><span class='ocrx_word' id='word_1_318' title='bbox 1895 690 2018 746; x_wconf 84' lang='lat' dir='ltr'><strong>nias</strong></span> <span class='ocrx_word' id='word_1_319' title='bbox 2042 690 2249 755; x_wconf 89' lang='lat' dir='ltr'><strong>colunt,</strong></span> <span class='ocrx_word' id='word_1_320' title='bbox 2296 689 2549 759; x_wconf 81' lang='lat' dir='ltr'><strong>inprimis</strong></span> <span class='ocrx_word' id='word_1_321' title='bbox 2580 695 2663 744; x_wconf 87' lang='lat' dir='ltr'><strong>est</strong></span> <span class='ocrx_word' id='word_1_322' title='bbox 2686 688 3049 752; x_wconf 80' lang='lat' dir='ltr'><strong>contrarium,</strong></span> <span class='ocrx_word' id='word_1_323' title='bbox 3082 687 3174 758; x_wconf 92' lang='lat' dir='ltr'><strong>qui</strong></span> <span class='ocrx_word' id='word_1_324' title='bbox 3198 686 3479 743; x_wconf 78' lang='lat' dir='ltr'><strong>Christum</strong></span> 
     </span>
    </p>
   </div>
   <div class='ocr_carea' id='block_1_49' title="bbox 1896 779 3480 852">
    <p class='ocr_par' dir='ltr' id='par_1_49' title="bbox 1896 779 3480 852">
     <span class='ocr_line' id='line_1_49' title="bbox 1896 779 3480 852; baseline 0 -15"><span class='ocrx_word' id='word_1_325' title='bbox 1896 781 2153 837; x_wconf 70' lang='lat' dir='ltr'><strong>videlicet</strong></span> <span class='ocrx_word' id='word_1_326' title='bbox 2181 781 2488 852; x_wconf 83' lang='lat' dir='ltr'><strong>repudiant.</strong></span> <span class='ocrx_word' id='word_1_327' title='bbox 2511 779 2607 835; x_wconf 86' lang='lat' dir='ltr'><strong>Est</strong></span> <span class='ocrx_word' id='word_1_328' title='bbox 2628 796 2758 837; x_wconf 84' lang='lat' dir='ltr'><strong>vero</strong></span> <span class='ocrx_word' id='word_1_329' title='bbox 2779 796 2947 851; x_wconf 82' lang='lat' dir='ltr'><strong>penes</strong></span> <span class='ocrx_word' id='word_1_330' title='bbox 2979 780 3101 836; x_wconf 91' lang='lat' dir='ltr'><strong>illos</strong></span> <span class='ocrx_word' id='word_1_331' title='bbox 3125 780 3480 852; x_wconf 74' lang='lat' dir='ltr'><strong>Evangelium</strong></span> 
     </span>
    </p>
   </div>
   <div class='ocr_carea' id='block_1_50' title="bbox 1897 870 3481 942">
    <p class='ocr_par' dir='ltr' id='par_1_50' title="bbox 1897 870 3481 942">
     <span class='ocr_line' id='line_1_50' title="bbox 1897 870 3481 942; baseline -0.001 -15"><span class='ocrx_word' id='word_1_332' title='bbox 1897 872 2201 927; x_wconf 87' lang='lat' dir='ltr'><strong>secundum</strong></span> <span class='ocrx_word' id='word_1_333' title='bbox 2234 870 2543 927; x_wconf 70' lang='lat' dir='ltr'><strong>Mattbaeum</strong></span> <span class='ocrx_word' id='word_1_334' title='bbox 2572 912 2588 939; x_wconf 92' lang='lat'><strong>,</strong></span> <span class='ocrx_word' id='word_1_335' title='bbox 2638 871 2908 928; x_wconf 86' lang='lat' dir='ltr'><strong>Hebraice</strong></span> <span class='ocrx_word' id='word_1_336' title='bbox 2938 871 3205 942; x_wconf 88' lang='lat' dir='ltr'><strong>scriptum</strong></span> <span class='ocrx_word' id='word_1_337' title='bbox 3231 914 3246 939; x_wconf 93' lang='lat'><strong>,</strong></span> <span class='ocrx_word' id='word_1_338' title='bbox 3277 883 3331 928; x_wconf 84' lang='lat' dir='ltr'><strong>et</strong></span> <span class='ocrx_word' id='word_1_339' title='bbox 3359 871 3481 942; x_wconf 86' lang='lat' dir='ltr'><strong>qui-</strong></span> 
     </span>
    </p>
   </div>
   <div class='ocr_carea' id='block_1_51' title="bbox 1898 962 3483 1035">
    <p class='ocr_par' dir='ltr' id='par_1_51' title="bbox 1898 962 3483 1035">
     <span class='ocr_line' id='line_1_51' title="bbox 1898 962 3483 1035; baseline -0.001 -16"><span class='ocrx_word' id='word_1_340' title='bbox 1898 962 2023 1019; x_wconf 81' lang='lat' dir='ltr'><strong>dem</strong></span> <span class='ocrx_word' id='word_1_341' title='bbox 2066 963 2557 1019; x_wconf 73' lang='lat' dir='ltr'><strong>absolutissimum.</strong></span> <span class='ocrx_word' id='word_1_342' title='bbox 2605 963 2721 1019; x_wconf 83' lang='lat' dir='ltr'><strong>Hoc</strong></span> <span class='ocrx_word' id='word_1_343' title='bbox 2765 964 2912 1020; x_wconf 83' lang='lat' dir='ltr'><strong>enim</strong></span> <span class='ocrx_word' id='word_1_344' title='bbox 2967 964 3272 1020; x_wconf 84' lang='lat' dir='ltr'><strong>certissime</strong></span> <span class='ocrx_word' id='word_1_345' title='bbox 3320 969 3483 1035; x_wconf 89' lang='lat' dir='ltr'><strong>prout</strong></span> 
     </span>
    </p>
   </div>
   <div class='ocr_carea' id='block_1_52' title="bbox 1900 1051 3483 1125">
    <p class='ocr_par' dir='ltr' id='par_1_52' title="bbox 1900 1051 3483 1125">
     <span class='ocr_line' id='line_1_52' title="bbox 1900 1051 3483 1125; baseline 0.001 -18"><span class='ocrx_word' id='word_1_346' title='bbox 1900 1051 2182 1110; x_wconf 82' lang='lat' dir='ltr'><strong>Hebraicis</strong></span> <span class='ocrx_word' id='word_1_347' title='bbox 2220 1054 2419 1109; x_wconf 83' lang='lat' dir='ltr'><strong>litteris</strong></span> <span class='ocrx_word' id='word_1_348' title='bbox 2456 1055 2611 1109; x_wconf 89' lang='lat' dir='ltr'><strong>initio</strong></span> <span class='ocrx_word' id='word_1_349' title='bbox 2637 1055 2900 1125; x_wconf 85' lang='lat' dir='ltr'><strong>scriptum</strong></span> <span class='ocrx_word' id='word_1_350' title='bbox 2926 1062 3031 1121; x_wconf 87' lang='lat' dir='ltr'><strong>est,</strong></span> <span class='ocrx_word' id='word_1_351' title='bbox 3063 1055 3119 1109; x_wconf 91' lang='lat' dir='ltr'><strong>in</strong></span> <span class='ocrx_word' id='word_1_352' title='bbox 3158 1055 3483 1112; x_wconf 86' lang='lat' dir='ltr'><strong>hodiernum</strong></span> 
     </span>
    </p>
   </div>
   <div class='ocr_carea' id='block_1_53' title="bbox 1901 1145 3483 1215">
    <p class='ocr_par' dir='ltr' id='par_1_53' title="bbox 1901 1145 3483 1215">
     <span class='ocr_line' id='line_1_53' title="bbox 1901 1145 3483 1215; baseline 0 -15"><span class='ocrx_word' id='word_1_353' title='bbox 1901 1153 2117 1215; x_wconf 86' lang='lat' dir='ltr'><strong>tempus</strong></span> <span class='ocrx_word' id='word_1_354' title='bbox 2142 1160 2319 1215; x_wconf 82' lang='lat' dir='ltr'><strong>usque</strong></span> <span class='ocrx_word' id='word_1_355' title='bbox 2338 1155 2687 1201; x_wconf 84' lang='lat' dir='ltr'><strong>conservant.</strong></span> <span class='ocrx_word' id='word_1_356' title='bbox 2712 1145 2916 1202; x_wconf 81' lang='lat' dir='ltr'><strong>Verum</strong></span> <span class='ocrx_word' id='word_1_357' title='bbox 2942 1145 3073 1200; x_wconf 91' lang='lat' dir='ltr'><strong>illud</strong></span> <span class='ocrx_word' id='word_1_358' title='bbox 3097 1146 3313 1213; x_wconf 89' lang='lat' dir='ltr'><strong>nescio,</strong></span> <span class='ocrx_word' id='word_1_359' title='bbox 3350 1161 3483 1201; x_wconf 88' lang='lat' dir='ltr'><strong>num</strong></span> 
     </span>
    </p>
   </div>
   <div class='ocr_carea' id='block_1_54' title="bbox 1902 1236 3482 1307">
    <p class='ocr_par' dir='ltr' id='par_1_54' title="bbox 1902 1236 3482 1307">
     <span class='ocr_line' id='line_1_54' title="bbox 1902 1236 3482 1307; baseline 0 -17"><span class='ocrx_word' id='word_1_360' title='bbox 1902 1236 2247 1307; x_wconf 84' lang='lat' dir='ltr'><strong>genealogias</strong></span> <span class='ocrx_word' id='word_1_361' title='bbox 2278 1236 2400 1291; x_wconf 86' lang='lat' dir='ltr'><strong>illas</strong></span> <span class='ocrx_word' id='word_1_362' title='bbox 2429 1236 2789 1306; x_wconf 81' lang='lat' dir='ltr'><strong>amputarint,</strong></span> <span class='ocrx_word' id='word_1_363' title='bbox 2828 1252 2948 1306; x_wconf 68' lang='lat' dir='ltr'><strong>quae</strong></span> <span class='ocrx_word' id='word_1_364' title='bbox 2979 1237 3047 1292; x_wconf 90' lang='lat' dir='ltr'><strong>ab</strong></span> <span class='ocrx_word' id='word_1_365' title='bbox 3064 1237 3373 1291; x_wconf 84' lang='lat' dir='ltr'><strong>Abrahamo</strong></span> <span class='ocrx_word' id='word_1_366' title='bbox 3417 1237 3482 1290; x_wconf 91' lang='lat' dir='ltr'><strong>ad</strong></span> 
     </span>
    </p>
   </div>
   <div class='ocr_carea' id='block_1_55' title="bbox 1903 1327 3483 1400">
    <p class='ocr_par' dir='ltr' id='par_1_55' title="bbox 1903 1327 3483 1400">
     <span class='ocr_line' id='line_1_55' title="bbox 1903 1327 3483 1400; baseline -0.003 -16"><span class='ocrx_word' id='word_1_367' title='bbox 1903 1328 2181 1384; x_wconf 84' lang='lat' dir='ltr'><strong>Christum</strong></span> <span class='ocrx_word' id='word_1_368' title='bbox 2196 1345 2369 1400; x_wconf 92' lang='lat' dir='ltr'><strong>usque</strong></span> <span class='ocrx_word' id='word_1_369' title='bbox 2399 1327 2671 1399; x_wconf 75' lang='lat' dir='ltr'><strong>perducta:</strong></span> <span class='ocrx_word' id='word_1_370' title='bbox 2693 1335 2839 1382; x_wconf 85' lang='lat' dir='ltr'><strong>sunt.</strong></span> <span class='ocrx_word' id='word_1_371' title='bbox 2869 1327 3152 1384; x_wconf 88' lang='lat' dir='ltr'><strong>Postremo</strong></span> <span class='ocrx_word' id='word_1_372' title='bbox 3180 1343 3304 1383; x_wconf 87' lang='lat' dir='ltr'><strong>cum</strong></span> <span class='ocrx_word' id='word_1_373' title='bbox 3338 1329 3483 1382; x_wconf 81' lang='lat' dir='ltr'><strong>illam</strong></span> 
     </span>
    </p>
   </div>
   <div class='ocr_carea' id='block_1_56' title="bbox 1903 1419 3487 1491">
    <p class='ocr_par' dir='ltr' id='par_1_56' title="bbox 1903 1419 3487 1491">
     <span class='ocr_line' id='line_1_56' title="bbox 1903 1419 3487 1491; baseline -0.001 -17"><span class='ocrx_word' id='word_1_374' title='bbox 1903 1419 2136 1475; x_wconf 77' lang='lat' dir='ltr'><strong>hzeresin</strong></span> <span class='ocrx_word' id='word_1_375' title='bbox 2185 1421 2267 1476; x_wconf 86' lang='lat' dir='ltr'><strong>sic</strong></span> <span class='ocrx_word' id='word_1_376' title='bbox 2299 1431 2557 1491; x_wconf 87' lang='lat' dir='ltr'><strong>tanquam</strong></span> <span class='ocrx_word' id='word_1_377' title='bbox 2595 1419 2919 1474; x_wconf 89' lang='lat' dir='ltr'><strong>imbecillem</strong></span> <span class='ocrx_word' id='word_1_378' title='bbox 2959 1421 3249 1490; x_wconf 88' lang='lat' dir='ltr'><strong>quemdam</strong></span> <span class='ocrx_word' id='word_1_379' title='bbox 3301 1431 3355 1475; x_wconf 89' lang='lat' dir='ltr'><strong>et</strong></span> <span class='ocrx_word' id='word_1_380' title='bbox 3396 1436 3487 1473; x_wconf 52' lang='lat' dir='ltr'><strong>ve.</strong></span> 
     </span>
    </p>
   </div>
   <div class='ocr_carea' id='block_1_57' title="bbox 1905 1504 3487 1582">
    <p class='ocr_par' dir='ltr' id='par_1_57' title="bbox 1905 1504 3487 1582">
     <span class='ocr_line' id='line_1_57' title="bbox 1905 1504 3487 1582; baseline -0.001 -16"><span class='ocrx_word' id='word_1_381' title='bbox 1905 1506 2163 1566; x_wconf 80' lang='lat' dir='ltr'><strong>uenatum</strong></span> <span class='ocrx_word' id='word_1_382' title='bbox 2195 1512 2519 1567; x_wconf 88' lang='lat' dir='ltr'><strong>crabronem</strong></span> <span class='ocrx_word' id='word_1_383' title='bbox 2554 1504 3110 1582; x_wconf 87' lang='lat' dir='ltr'><strong>deprehenderimus,</strong></span> <span class='ocrx_word' id='word_1_384' title='bbox 3148 1527 3213 1566; x_wconf 89' lang='lat' dir='ltr'><strong>ac</strong></span> <span class='ocrx_word' id='word_1_385' title='bbox 3244 1511 3487 1567; x_wconf 75' lang='lat' dir='ltr'><strong>veritatis</strong></span> 
     </span>
    </p>
   </div>
   <div class='ocr_carea' id='block_1_58' title="bbox 1904 1601 3489 1673">
    <p class='ocr_par' dir='ltr' id='par_1_58' title="bbox 1904 1601 3489 1673">
     <span class='ocr_line' id='line_1_58' title="bbox 1904 1601 3489 1673; baseline -0.001 -17"><span class='ocrx_word' id='word_1_386' title='bbox 1904 1603 2151 1657; x_wconf 85' lang='lat' dir='ltr'><strong>oratione</strong></span> <span class='ocrx_word' id='word_1_387' title='bbox 2172 1602 2580 1667; x_wconf 82' lang='lat' dir='ltr'><strong>obtriverimus,</strong></span> <span class='ocrx_word' id='word_1_388' title='bbox 2612 1616 2711 1655; x_wconf 89' lang='lat' dir='ltr'><strong>nos</strong></span> <span class='ocrx_word' id='word_1_389' title='bbox 2734 1603 2802 1657; x_wconf 90' lang='lat' dir='ltr'><strong>ad</strong></span> <span class='ocrx_word' id='word_1_390' title='bbox 2831 1602 2967 1657; x_wconf 85' lang='lat' dir='ltr'><strong>alias</strong></span> <span class='ocrx_word' id='word_1_391' title='bbox 2993 1601 3275 1673; x_wconf 85' lang='lat' dir='ltr'><strong>deinceps,</strong></span> <span class='ocrx_word' id='word_1_392' title='bbox 3304 1618 3338 1657; x_wconf 89' lang='grc' dir='ltr'><strong>ο</strong></span> <span class='ocrx_word' id='word_1_393' title='bbox 3363 1602 3489 1656; x_wconf 85' lang='lat' dir='ltr'><strong>cha-</strong></span> 
     </span>
    </p>
   </div>
   <div class='ocr_carea' id='block_1_59' title="bbox 1907 1692 3208 1766">
    <p class='ocr_par' dir='ltr' id='par_1_59' title="bbox 1907 1692 3208 1766">
     <span class='ocr_line' id='line_1_59' title="bbox 1907 1692 3208 1766; baseline 0.001 -19"><span class='ocrx_word' id='word_1_394' title='bbox 1907 1693 2131 1759; x_wconf 83' lang='lat' dir='ltr'><strong>rissimi,</strong></span> <span class='ocrx_word' id='word_1_395' title='bbox 2178 1692 2364 1749; x_wconf 81' lang='lat' dir='ltr'><strong>divino</strong></span> <span class='ocrx_word' id='word_1_396' title='bbox 2397 1692 2521 1750; x_wconf 85' lang='lat' dir='ltr'><strong>freti</strong></span> <span class='ocrx_word' id='word_1_397' title='bbox 2552 1695 2808 1766; x_wconf 70' lang='lat' dir='ltr'><strong>praesidio</strong></span> <span class='ocrx_word' id='word_1_398' title='bbox 2839 1695 3208 1751; x_wconf 72' lang='lat' dir='ltr'><strong>conferamus.</strong></span> 
     </span>
    </p>
   </div>
   <div class='ocr_carea' id='block_1_60' title="bbox 2101 1804 3299 1878">
    <p class='ocr_par' dir='ltr' id='par_1_60' title="bbox 2101 1804 3299 1878">
     <span class='ocr_line' id='line_1_60' title="bbox 2101 1804 3299 1878; baseline -0.002 -14"><span class='ocrx_word' id='word_1_399' title='bbox 2101 1805 2258 1878; x_wconf 78' lang='lat'><strong>125</strong></span> <span class='ocrx_word' id='word_1_400' title='bbox 2320 1805 2768 1865; x_wconf 78' lang='lat' dir='ltr'><strong>ADVERSUS</strong></span> <span class='ocrx_word' id='word_1_401' title='bbox 2832 1804 3299 1874; x_wconf 64' lang='lat' dir='ltr'><strong>EBIONJEOS,</strong></span> 
     </span>
    </p>
   </div>
   <div class='ocr_carea' id='block_1_61' title="bbox 2259 1919 3137 1988">
    <p class='ocr_par' dir='ltr' id='par_1_61' title="bbox 2259 1919 3137 1988">
     <span class='ocr_line' id='line_1_61' title="bbox 2259 1919 3137 1988; baseline 0.005 -16"><span class='ocrx_word' id='word_1_402' title='bbox 2259 1919 2394 1985; x_wconf 76' lang='lat' dir='ltr'><strong>Qua:</strong></span> <span class='ocrx_word' id='word_1_403' title='bbox 2416 1930 2492 1974; x_wconf 77' lang='lat' dir='ltr'><strong>est</strong></span> <span class='ocrx_word' id='word_1_404' title='bbox 2516 1919 2732 1977; x_wconf 71' lang='lat' dir='ltr'><strong>ha&#39;rcsis</strong></span> <span class='ocrx_word' id='word_1_405' title='bbox 2751 1919 2822 1988; x_wconf 83' lang='lat' dir='ltr'><strong>X,</strong></span> <span class='ocrx_word' id='word_1_406' title='bbox 2846 1921 2923 1977; x_wconf 77' lang='lat' dir='ltr'><strong>vel</strong></span> <span class='ocrx_word' id='word_1_407' title='bbox 2953 1921 3006 1977; x_wconf 81' lang='grc' dir='ltr'><em>Χ</em></span> <span class='ocrx_word' id='word_1_408' title='bbox 3008 1920 3062 1975; x_wconf 85' lang='grc' dir='ltr'><em>Χ</em></span> <span class='ocrx_word' id='word_1_409' title='bbox 3064 1919 3118 1975; x_wconf 79' lang='grc' dir='ltr'><em>Χ</em></span> <span class='ocrx_word' id='word_1_410' title='bbox 3122 1961 3137 1976; x_wconf 94' lang='grc'><strong>.</strong></span> 
     </span>
    </p>
   </div>
   <div class='ocr_carea' id='block_1_62' title="bbox 1976 2030 3493 2104">
    <p class='ocr_par' dir='ltr' id='par_1_62' title="bbox 1976 2030 3493 2104">
     <span class='ocr_line' id='line_1_62' title="bbox 1976 2030 3493 2104; baseline 0.001 -17"><span class='ocrx_word' id='word_1_411' title='bbox 1976 2031 2019 2087; x_wconf 85' lang='grc' dir='ltr'>Ι.</span> <span class='ocrx_word' id='word_1_412' title='bbox 2058 2030 2349 2088; x_wconf 69' lang='grc' dir='ltr'>Νοιοτιεοε</span> <span class='ocrx_word' id='word_1_413' title='bbox 2377 2031 2572 2099; x_wconf 86' lang='lat' dir='ltr'><strong>Ebion,</strong></span> <span class='ocrx_word' id='word_1_414' title='bbox 2603 2049 2633 2087; x_wconf 88' lang='lat' dir='ltr'><strong>a</strong></span> <span class='ocrx_word' id='word_1_415' title='bbox 2654 2047 2769 2104; x_wconf 89' lang='lat' dir='ltr'><strong>quo</strong></span> <span class='ocrx_word' id='word_1_416' title='bbox 2784 2032 3051 2089; x_wconf 65' lang='lat' dir='ltr'><strong>Ebionitaa</strong></span> <span class='ocrx_word' id='word_1_417' title='bbox 3070 2032 3226 2098; x_wconf 87' lang='lat' dir='ltr'><strong>dicti,</strong></span> <span class='ocrx_word' id='word_1_418' title='bbox 3244 2033 3493 2103; x_wconf 82' lang='lat' dir='ltr'><strong>proxime</strong></span> 
     </span>
    </p>
   </div>
   <div class='ocr_carea' id='block_1_63' title="bbox 1907 2126 3493 2197">
    <p class='ocr_par' dir='ltr' id='par_1_63' title="bbox 1907 2126 3493 2197">
     <span class='ocr_line' id='line_1_63' title="bbox 1907 2126 3493 2197; baseline 0 -16"><span class='ocrx_word' id='word_1_419' title='bbox 1907 2126 2290 2196; x_wconf 86' lang='lat' dir='ltr'><strong>consequitur,</strong></span> <span class='ocrx_word' id='word_1_420' title='bbox 2326 2126 2630 2196; x_wconf 89' lang='lat' dir='ltr'><strong>eademque</strong></span> <span class='ocrx_word' id='word_1_421' title='bbox 2673 2141 2805 2183; x_wconf 86' lang='lat' dir='ltr'><strong>cum</strong></span> <span class='ocrx_word' id='word_1_422' title='bbox 2837 2127 2948 2183; x_wconf 89' lang='lat' dir='ltr'><strong>illis</strong></span> <span class='ocrx_word' id='word_1_423' title='bbox 2975 2127 3235 2197; x_wconf 76' lang='lat' dir='ltr'><strong>dogmata</strong></span> <span class='ocrx_word' id='word_1_424' title='bbox 3267 2127 3493 2196; x_wconf 76' lang='lat' dir='ltr'><strong>proﬁte-</strong></span> 
     </span>
    </p>
   </div>
   <div class='ocr_carea' id='block_1_64' title="bbox 1908 2215 3507 2287">
    <p class='ocr_par' dir='ltr' id='par_1_64' title="bbox 1908 2215 3507 2287">
     <span class='ocr_line' id='line_1_64' title="bbox 1908 2215 3507 2287; baseline -0.001 -15"><span class='ocrx_word' id='word_1_425' title='bbox 1908 2225 1998 2272; x_wconf 86' lang='lat' dir='ltr'><strong>tur</strong></span> <span class='ocrx_word' id='word_1_426' title='bbox 2027 2235 2041 2272; x_wconf 91' lang='lat'>:</span> <span class='ocrx_word' id='word_1_427' title='bbox 2072 2215 2221 2287; x_wconf 89' lang='lat' dir='ltr'><strong>quod</strong></span> <span class='ocrx_word' id='word_1_428' title='bbox 2254 2216 2588 2271; x_wconf 89' lang='lat' dir='ltr'><strong>horrendum</strong></span> <span class='ocrx_word' id='word_1_429' title='bbox 2622 2224 2933 2273; x_wconf 86' lang='lat' dir='ltr'><strong>monstrum</strong></span> <span class='ocrx_word' id='word_1_430' title='bbox 2964 2232 3029 2272; x_wconf 85' lang='lat' dir='ltr'><strong>ac</strong></span> <span class='ocrx_word' id='word_1_431' title='bbox 3065 2216 3369 2287; x_wconf 82' lang='lat' dir='ltr'><strong>multiplex,</strong></span> <span class='ocrx_word' id='word_1_432' title='bbox 3406 2223 3507 2282; x_wconf 87' lang='lat' dir='ltr'><strong>et,‘</strong></span> 
     </span>
    </p>
   </div>
   <div class='ocr_carea' id='block_1_65' title="bbox 1909 2306 3491 2377">
    <p class='ocr_par' dir='ltr' id='par_1_65' title="bbox 1909 2306 3491 2377">
     <span class='ocr_line' id='line_1_65' title="bbox 1909 2306 3491 2377; baseline -0.002 -14"><span class='ocrx_word' id='word_1_433' title='bbox 1909 2318 1968 2363; x_wconf 91' lang='lat' dir='ltr'><strong>ut</strong></span> <span class='ocrx_word' id='word_1_434' title='bbox 1993 2309 2069 2362; x_wconf 91' lang='lat' dir='ltr'><strong>ita</strong></span> <span class='ocrx_word' id='word_1_435' title='bbox 2100 2307 2301 2370; x_wconf 86' lang='lat' dir='ltr'><strong>dicam,</strong></span> <span class='ocrx_word' id='word_1_436' title='bbox 2332 2306 2595 2365; x_wconf 62' lang='lat' dir='ltr'><strong>fabulosae</strong></span> <span class='ocrx_word' id='word_1_437' title='bbox 2625 2308 2796 2372; x_wconf 86' lang='lat' dir='ltr'><strong>illius,</strong></span> <span class='ocrx_word' id='word_1_438' title='bbox 2826 2322 2891 2363; x_wconf 91' lang='lat' dir='ltr'><strong>ac</strong></span> <span class='ocrx_word' id='word_1_439' title='bbox 2917 2308 3215 2363; x_wconf 86' lang='lat' dir='ltr'><strong>multorum</strong></span> <span class='ocrx_word' id='word_1_440' title='bbox 3249 2307 3491 2377; x_wconf 81' lang='lat' dir='ltr'><strong>capitum</strong></span> 
     </span>
    </p>
   </div>
   <div class='ocr_carea' id='block_1_66' title="bbox 1911 2393 3550 2469">
    <p class='ocr_par' dir='ltr' id='par_1_66' title="bbox 1911 2393 3550 2469">
     <span class='ocr_line' id='line_1_66' title="bbox 1911 2393 3550 2469; baseline -0.002 -17"><span class='ocrx_word' id='word_1_441' title='bbox 1911 2396 2100 2469; x_wconf 63' lang='lat' dir='ltr'><strong>hydra:</strong></span> <span class='ocrx_word' id='word_1_442' title='bbox 2146 2396 2516 2466; x_wconf 88' lang='lat' dir='ltr'><strong>serpentinam</strong></span> <span class='ocrx_word' id='word_1_443' title='bbox 2566 2397 2621 2450; x_wconf 92' lang='lat' dir='ltr'><strong>in</strong></span> <span class='ocrx_word' id='word_1_444' title='bbox 2669 2409 2793 2452; x_wconf 86' lang='lat' dir='ltr'><strong>sese</strong></span> <span class='ocrx_word' id='word_1_445' title='bbox 2864 2394 3095 2466; x_wconf 85' lang='lat' dir='ltr'><strong>ﬁguram</strong></span> <span class='ocrx_word' id='word_1_446' title='bbox 3156 2393 3493 2463; x_wconf 82' lang='lat' dir='ltr'><strong>exprimens.</strong></span> <span class='ocrx_word' id='word_1_447' title='bbox 3546 2430 3550 2435; x_wconf 62' lang='grc' dir='ltr'><strong><em>η</em></strong></span> 
     </span>
    </p>
   </div>
   <div class='ocr_carea' id='block_1_67' title="bbox 1911 2482 3497 2557">
    <p class='ocr_par' dir='ltr' id='par_1_67' title="bbox 1911 2482 3497 2557">
     <span class='ocr_line' id='line_1_67' title="bbox 1911 2482 3497 2557; baseline -0.004 -16"><span class='ocrx_word' id='word_1_448' title='bbox 1911 2502 2109 2543; x_wconf 89' lang='lat' dir='ltr'><strong>rursus</strong></span> <span class='ocrx_word' id='word_1_449' title='bbox 2139 2486 2212 2541; x_wconf 89' lang='lat' dir='ltr'><strong>ad</strong></span> <span class='ocrx_word' id='word_1_450' title='bbox 2246 2486 2473 2542; x_wconf 79' lang='lat' dir='ltr'><strong>exitium</strong></span> <span class='ocrx_word' id='word_1_451' title='bbox 2501 2486 2728 2541; x_wconf 83' lang='lat' dir='ltr'><strong>humani</strong></span> <span class='ocrx_word' id='word_1_452' title='bbox 2768 2486 2987 2557; x_wconf 75' lang='lat' dir='ltr'><strong>generis</strong></span> <span class='ocrx_word' id='word_1_453' title='bbox 3032 2484 3236 2555; x_wconf 87' lang='lat' dir='ltr'><strong>erupit.</strong></span> <span class='ocrx_word' id='word_1_454' title='bbox 3264 2483 3343 2538; x_wconf 81' lang='lat' dir='ltr'><strong>Ac</strong></span> <span class='ocrx_word' id='word_1_455' title='bbox 3370 2482 3497 2538; x_wconf 87' lang='lat' dir='ltr'><strong>licet</strong></span> 
     </span>
    </p>
   </div>
   <div class='ocr_carea' id='block_1_68' title="bbox 1911 2577 3498 2650">
    <p class='ocr_par' dir='ltr' id='par_1_68' title="bbox 1911 2577 3498 2650">
     <span class='ocr_line' id='line_1_68' title="bbox 1911 2577 3498 2650; baseline -0.002 -16"><span class='ocrx_word' id='word_1_456' title='bbox 1911 2594 1977 2634; x_wconf 89' lang='lat' dir='ltr'><strong>ex</strong></span> <span class='ocrx_word' id='word_1_457' title='bbox 2030 2579 2250 2633; x_wconf 87' lang='lat' dir='ltr'><strong>illorum</strong></span> <span class='ocrx_word' id='word_1_458' title='bbox 2299 2578 2595 2650; x_wconf 86' lang='lat' dir='ltr'><strong>disciplina</strong></span> <span class='ocrx_word' id='word_1_459' title='bbox 2639 2578 2944 2649; x_wconf 88' lang='lat' dir='ltr'><strong>prodierit,</strong></span> <span class='ocrx_word' id='word_1_460' title='bbox 2997 2577 3261 2634; x_wconf 88' lang='lat' dir='ltr'><strong>nonnulla</strong></span> <span class='ocrx_word' id='word_1_461' title='bbox 3316 2584 3498 2631; x_wconf 74' lang='lat' dir='ltr'><strong>tanien</strong></span> 
     </span>
    </p>
   </div>
   <div class='ocr_carea' id='block_1_69' title="bbox 1910 2668 3498 2743">
    <p class='ocr_par' dir='ltr' id='par_1_69' title="bbox 1910 2668 3498 2743">
     <span class='ocr_line' id='line_1_69' title="bbox 1910 2668 3498 2743; baseline -0.002 -17"><span class='ocrx_word' id='word_1_462' title='bbox 1910 2678 2112 2743; x_wconf 58' lang='lat' dir='ltr'><strong>prater</strong></span> <span class='ocrx_word' id='word_1_463' title='bbox 2162 2685 2328 2742; x_wconf 88' lang='lat' dir='ltr'><strong>quam</strong></span> <span class='ocrx_word' id='word_1_464' title='bbox 2372 2671 2443 2726; x_wconf 92' lang='lat' dir='ltr'><strong>ab</strong></span> <span class='ocrx_word' id='word_1_465' title='bbox 2495 2671 2605 2726; x_wconf 90' lang='lat' dir='ltr'><strong>illis</strong></span> <span class='ocrx_word' id='word_1_466' title='bbox 2644 2671 2975 2737; x_wconf 87' lang='lat' dir='ltr'><strong>doceantur,</strong></span> <span class='ocrx_word' id='word_1_467' title='bbox 3051 2668 3292 2725; x_wconf 85' lang='lat' dir='ltr'><strong>asseruit</strong></span> <span class='ocrx_word' id='word_1_468' title='bbox 3336 2675 3498 2738; x_wconf 81' lang='lat' dir='ltr'><strong>atque</strong></span> 
     </span>
    </p>
   </div>
   <div class='ocr_carea' id='block_1_70' title="bbox 1910 2760 3499 2833">
    <p class='ocr_par' dir='ltr' id='par_1_70' title="bbox 1910 2760 3499 2833">
     <span class='ocr_line' id='line_1_70' title="bbox 1910 2760 3499 2833; baseline -0.004 -16"><span class='ocrx_word' id='word_1_469' title='bbox 1910 2763 2225 2833; x_wconf 87' lang='lat' dir='ltr'><strong>proposuit.</strong></span> <span class='ocrx_word' id='word_1_470' title='bbox 2262 2761 2333 2818; x_wconf 91' lang='lat' dir='ltr'><strong>Ut</strong></span> <span class='ocrx_word' id='word_1_471' title='bbox 2359 2762 2513 2818; x_wconf 88' lang='lat' dir='ltr'><strong>enim</strong></span> <span class='ocrx_word' id='word_1_472' title='bbox 2540 2762 2585 2818; x_wconf 88' lang='lat' dir='ltr'><strong>si</strong></span> <span class='ocrx_word' id='word_1_473' title='bbox 2626 2761 2752 2832; x_wconf 90' lang='lat' dir='ltr'><strong>quis</strong></span> <span class='ocrx_word' id='word_1_474' title='bbox 2782 2761 2955 2816; x_wconf 80' lang='lat' dir='ltr'><strong>variis</strong></span> <span class='ocrx_word' id='word_1_475' title='bbox 2987 2776 3053 2816; x_wconf 89' lang='lat' dir='ltr'><strong>ex</strong></span> <span class='ocrx_word' id='word_1_476' title='bbox 3087 2760 3288 2830; x_wconf 83' lang='lat' dir='ltr'><strong>lapillis</strong></span> <span class='ocrx_word' id='word_1_477' title='bbox 3329 2772 3499 2813; x_wconf 81' lang='lat' dir='ltr'><strong>orna-</strong></span> 
     </span>
    </p>
   </div>
   <div class='ocr_carea' id='block_1_71' title="bbox 1913 2850 3498 2926">
    <p class='ocr_par' dir='ltr' id='par_1_71' title="bbox 1913 2850 3498 2926">
     <span class='ocr_line' id='line_1_71' title="bbox 1913 2850 3498 2926; baseline -0.001 -19"><span class='ocrx_word' id='word_1_478' title='bbox 1913 2863 2029 2908; x_wconf 89' lang='lat' dir='ltr'><strong>tum</strong></span> <span class='ocrx_word' id='word_1_479' title='bbox 2060 2855 2167 2911; x_wconf 86' lang='lat' dir='ltr'><strong>sibi</strong></span> <span class='ocrx_word' id='word_1_480' title='bbox 2212 2856 2452 2926; x_wconf 84' lang='lat' dir='ltr'><strong>aliquem</strong></span> <span class='ocrx_word' id='word_1_481' title='bbox 2482 2854 2764 2919; x_wconf 81' lang='lat' dir='ltr'><strong>conﬁciat,</strong></span> <span class='ocrx_word' id='word_1_482' title='bbox 2800 2861 2896 2908; x_wconf 81' lang='lat' dir='ltr'><strong>aut</strong></span> <span class='ocrx_word' id='word_1_483' title='bbox 2924 2852 3260 2924; x_wconf 81' lang='lat' dir='ltr'><strong>variegatam</strong></span> <span class='ocrx_word' id='word_1_484' title='bbox 3292 2850 3498 2906; x_wconf 88' lang='lat' dir='ltr'><strong>colori-</strong></span> 
     </span>
    </p>
   </div>
   <div class='ocr_carea' id='block_1_72' title="bbox 1911 2940 3500 3016">
    <p class='ocr_par' dir='ltr' id='par_1_72' title="bbox 1911 2940 3500 3016">
     <span class='ocr_line' id='line_1_72' title="bbox 1911 2940 3500 3016; baseline -0.003 -15"><span class='ocrx_word' id='word_1_485' title='bbox 1911 2946 2016 3002; x_wconf 89' lang='lat' dir='ltr'><strong>bus</strong></span> <span class='ocrx_word' id='word_1_486' title='bbox 2065 2955 2277 3002; x_wconf 79' lang='lat' dir='ltr'><strong>vestem</strong></span> <span class='ocrx_word' id='word_1_487' title='bbox 2325 2946 2556 3009; x_wconf 86' lang='lat' dir='ltr'><strong>induat,</strong></span> <span class='ocrx_word' id='word_1_488' title='bbox 2615 2955 2780 3016; x_wconf 87' lang='lat' dir='ltr'><strong>atque</strong></span> <span class='ocrx_word' id='word_1_489' title='bbox 2829 2945 3161 3015; x_wconf 84' lang='lat' dir='ltr'><strong>exquisitam</strong></span> <span class='ocrx_word' id='word_1_490' title='bbox 3207 2940 3500 3012; x_wconf 86' lang='lat' dir='ltr'><strong>quamdam</strong></span> 
     </span>
    </p>
   </div>
   <div class='ocr_carea' id='block_1_73' title="bbox 1912 3021 3502 3106">
    <p class='ocr_par' dir='ltr' id='par_1_73' title="bbox 1912 3021 3502 3106">
     <span class='ocr_line' id='line_1_73' title="bbox 1912 3021 3502 3106; baseline -0.003 -16"><span class='ocrx_word' id='word_1_491' title='bbox 1912 3035 2234 3106; x_wconf 82' lang='lat' dir='ltr'><strong>elegantiam</strong></span> <span class='ocrx_word' id='word_1_492' title='bbox 2263 3036 2551 3104; x_wconf 81' lang='lat' dir='ltr'><strong>adhibeat;</strong></span> <span class='ocrx_word' id='word_1_493' title='bbox 2582 3037 2663 3093; x_wconf 87' lang='lat' dir='ltr'><strong>sic</strong></span> <span class='ocrx_word' id='word_1_494' title='bbox 2713 3036 2805 3090; x_wconf 92' lang='lat' dir='ltr'><strong>ille</strong></span> <span class='ocrx_word' id='word_1_495' title='bbox 2846 3043 3059 3102; x_wconf 87' lang='lat' dir='ltr'><strong>contra,</strong></span> <span class='ocrx_word' id='word_1_496' title='bbox 3091 3021 3360 3095; x_wconf 70' lang='lat' dir='ltr'><strong>omnibus</strong></span> <span class='ocrx_word' id='word_1_497' title='bbox 3400 3047 3502 3086; x_wconf 84' lang='lat' dir='ltr'><strong>un-</strong></span> 
     </span>
    </p>
   </div>
   <div class='ocr_carea' id='block_1_74' title="bbox 1915 3123 3497 3199">
    <p class='ocr_par' dir='ltr' id='par_1_74' title="bbox 1915 3123 3497 3199">
     <span class='ocr_line' id='line_1_74' title="bbox 1915 3123 3497 3199; baseline -0.004 -16"><span class='ocrx_word' id='word_1_498' title='bbox 1915 3127 2081 3198; x_wconf 88' lang='lat' dir='ltr'><strong>dique</strong></span> <span class='ocrx_word' id='word_1_499' title='bbox 2112 3128 2444 3199; x_wconf 76' lang='lat' dir='ltr'><strong>perniciosis</strong></span> <span class='ocrx_word' id='word_1_500' title='bbox 2475 3143 2541 3183; x_wconf 90' lang='lat' dir='ltr'><strong>ac</strong></span> <span class='ocrx_word' id='word_1_501' title='bbox 2586 3127 2864 3199; x_wconf 83' lang='lat' dir='ltr'><strong>pestiferis</strong></span> <span class='ocrx_word' id='word_1_502' title='bbox 2894 3125 3240 3197; x_wconf 79' lang='lat' dir='ltr'><strong>dogmatibus</strong></span> <span class='ocrx_word' id='word_1_503' title='bbox 3268 3123 3497 3183; x_wconf 80' lang='lat' dir='ltr'><strong>arcessi-</strong></span> 
     </span>
    </p>
   </div>
   <div class='ocr_carea' id='block_1_75' title="bbox 1918 3215 3559 3291">
    <p class='ocr_par' dir='ltr' id='par_1_75' title="bbox 1918 3215 3559 3291">
     <span class='ocr_line' id='line_1_75' title="bbox 1918 3215 3559 3291; baseline -0.004 -17"><span class='ocrx_word' id='word_1_504' title='bbox 1918 3220 2011 3284; x_wconf 89' lang='lat' dir='ltr'><strong>tis,</strong></span> <span class='ocrx_word' id='word_1_505' title='bbox 2047 3219 2314 3291; x_wconf 89' lang='lat' dir='ltr'><strong>quidquid</strong></span> <span class='ocrx_word' id='word_1_506' title='bbox 2358 3235 2706 3291; x_wconf 77' lang='lat' dir='ltr'><strong>unaquaeque</strong></span> <span class='ocrx_word' id='word_1_507' title='bbox 2754 3217 2983 3273; x_wconf 71' lang='lat' dir='ltr'><strong>haeresis</strong></span> <span class='ocrx_word' id='word_1_508' title='bbox 3026 3215 3381 3272; x_wconf 81' lang='lat' dir='ltr'><strong>horrendum</strong></span> <span class='ocrx_word' id='word_1_509' title='bbox 3414 3215 3501 3269; x_wconf 77' lang='lat' dir='ltr'><strong>in—</strong></span> <span class='ocrx_word' id='word_1_510' title='bbox 3548 3280 3559 3285; x_wconf 90' lang='lat'>_</span> 
     </span>
    </p>
   </div>
   <div class='ocr_carea' id='block_1_76' title="bbox 1918 3307 3504 3383">
    <p class='ocr_par' dir='ltr' id='par_1_76' title="bbox 1918 3307 3504 3383">
     <span class='ocr_line' id='line_1_76' title="bbox 1918 3307 3504 3383; baseline -0.005 -18"><span class='ocrx_word' id='word_1_511' title='bbox 1918 3311 2134 3383; x_wconf 86' lang='lat' dir='ltr'><strong>primis,</strong></span> <span class='ocrx_word' id='word_1_512' title='bbox 2169 3319 2225 3367; x_wconf 90' lang='lat' dir='ltr'><strong>et</strong></span> <span class='ocrx_word' id='word_1_513' title='bbox 2254 3310 2538 3367; x_wconf 79' lang='lat' dir='ltr'><strong>exitiabile</strong></span> <span class='ocrx_word' id='word_1_514' title='bbox 2571 3324 2635 3365; x_wconf 85' lang='lat' dir='ltr'><strong>ac</strong></span> <span class='ocrx_word' id='word_1_515' title='bbox 2663 3307 3047 3365; x_wconf 87' lang='lat' dir='ltr'><strong>detestandum</strong></span> <span class='ocrx_word' id='word_1_516' title='bbox 3072 3307 3290 3369; x_wconf 89' lang='lat' dir='ltr'><strong>asserit,</strong></span> <span class='ocrx_word' id='word_1_517' title='bbox 3322 3313 3504 3375; x_wconf 71' lang='lat' dir='ltr'><strong>turpe,</strong></span> 
     </span>
    </p>
   </div>
   <div class='ocr_carea' id='block_1_77' title="bbox 1921 3397 3505 3473">
    <p class='ocr_par' dir='ltr' id='par_1_77' title="bbox 1921 3397 3505 3473">
     <span class='ocr_line' id='line_1_77' title="bbox 1921 3397 3505 3473; baseline -0.004 -15"><span class='ocrx_word' id='word_1_518' title='bbox 1921 3403 2168 3473; x_wconf 87' lang='lat' dir='ltr'><strong>inquam,</strong></span> <span class='ocrx_word' id='word_1_519' title='bbox 2217 3410 2270 3458; x_wconf 86' lang='lat' dir='ltr'><strong>et</strong></span> <span class='ocrx_word' id='word_1_520' title='bbox 2316 3403 2583 3458; x_wconf 84' lang='lat' dir='ltr'><strong>absonum</strong></span> <span class='ocrx_word' id='word_1_521' title='bbox 2641 3400 3109 3469; x_wconf 86' lang='lat' dir='ltr'><strong>absurditatisque</strong></span> <span class='ocrx_word' id='word_1_522' title='bbox 3164 3397 3387 3467; x_wconf 81' lang='lat' dir='ltr'><strong>plenum</strong></span> <span class='ocrx_word' id='word_1_523' title='bbox 3448 3406 3505 3451; x_wconf 90' lang='lat' dir='ltr'><strong>et</strong></span> 
     </span>
    </p>
   </div>
   <div class='ocr_carea' id='block_1_78' title="bbox 1921 3484 3505 3564">
    <p class='ocr_par' dir='ltr' id='par_1_78' title="bbox 1921 3484 3505 3564">
     <span class='ocr_line' id='line_1_78' title="bbox 1921 3484 3505 3564; baseline -0.007 -15"><span class='ocrx_word' id='word_1_524' title='bbox 1921 3493 2174 3549; x_wconf 89' lang='lat' dir='ltr'><strong>odiosum</strong></span> <span class='ocrx_word' id='word_1_525' title='bbox 2206 3507 2237 3548; x_wconf 92' lang='lat' dir='ltr'><strong>e</strong></span> <span class='ocrx_word' id='word_1_526' title='bbox 2282 3492 2517 3564; x_wconf 75' lang='lat' dir='ltr'><strong>singulis</strong></span> <span class='ocrx_word' id='word_1_527' title='bbox 2552 3491 2751 3562; x_wconf 86' lang='lat' dir='ltr'><strong>dogma</strong></span> <span class='ocrx_word' id='word_1_528' title='bbox 2780 3489 3147 3554; x_wconf 84' lang='lat' dir='ltr'><strong>concinnans,</strong></span> <span class='ocrx_word' id='word_1_529' title='bbox 3175 3486 3423 3542; x_wconf 89' lang='lat' dir='ltr'><strong>omnium</strong></span> <span class='ocrx_word' id='word_1_530' title='bbox 3450 3484 3505 3539; x_wconf 91' lang='lat' dir='ltr'><strong>in</strong></span> 
     </span>
    </p>
   </div>
   <div class='ocr_carea' id='block_1_79' title="bbox 1921 3577 3509 3653">
    <p class='ocr_par' dir='ltr' id='par_1_79' title="bbox 1921 3577 3509 3653">
     <span class='ocr_line' id='line_1_79' title="bbox 1921 3577 3509 3653; baseline -0.003 -16"><span class='ocrx_word' id='word_1_531' title='bbox 1921 3597 1983 3637; x_wconf 90' lang='lat' dir='ltr'><strong>se</strong></span> <span class='ocrx_word' id='word_1_532' title='bbox 2009 3582 2219 3637; x_wconf 82' lang='lat' dir='ltr'><strong>formas</strong></span> <span class='ocrx_word' id='word_1_533' title='bbox 2246 3583 2574 3653; x_wconf 87' lang='lat' dir='ltr'><strong>speciesque</strong></span> <span class='ocrx_word' id='word_1_534' title='bbox 2608 3581 2911 3637; x_wconf 83' lang='lat' dir='ltr'><strong>transtulit.</strong></span> <span class='ocrx_word' id='word_1_535' title='bbox 2948 3577 3086 3633; x_wconf 85' lang='lat' dir='ltr'><strong>Nam</strong></span> <span class='ocrx_word' id='word_1_536' title='bbox 3128 3578 3509 3633; x_wconf 71' lang='lat' dir='ltr'><strong>Samaritano~</strong></span> 
     </span>
    </p>
   </div>
   <div class='ocr_carea' id='block_1_80' title="bbox 1922 3667 3508 3742">
    <p class='ocr_par' dir='ltr' id='par_1_80' title="bbox 1922 3667 3508 3742">
     <span class='ocr_line' id='line_1_80' title="bbox 1922 3667 3508 3742; baseline -0.001 -17"><span class='ocrx_word' id='word_1_537' title='bbox 1922 3687 2044 3725; x_wconf 87' lang='lat' dir='ltr'><strong>rum</strong></span> <span class='ocrx_word' id='word_1_538' title='bbox 2089 3672 2361 3742; x_wconf 88' lang='lat' dir='ltr'><strong>impuram</strong></span> <span class='ocrx_word' id='word_1_539' title='bbox 2393 3671 2846 3741; x_wconf 87' lang='lat' dir='ltr'><strong>superstitionem</strong></span> <span class='ocrx_word' id='word_1_540' title='bbox 2885 3667 3184 3725; x_wconf 81' lang='lat' dir='ltr'><strong>allectavit.</strong></span> <span class='ocrx_word' id='word_1_541' title='bbox 3225 3668 3269 3721; x_wconf 82' lang='lat' dir='ltr'><strong>A</strong></span> <span class='ocrx_word' id='word_1_542' title='bbox 3303 3667 3508 3723; x_wconf 76' lang='lat' dir='ltr'><strong>Judaeis</strong></span> 
     </span>
    </p>
   </div>
   <div class='ocr_carea' id='block_1_81' title="bbox 1886 3748 3509 3836">
    <p class='ocr_par' dir='ltr' id='par_1_81' title="bbox 1886 3748 3509 3836">
     <span class='ocr_line' id='line_1_81' title="bbox 1886 3748 3509 3836; baseline -0.004 -17"><span class='ocrx_word' id='word_1_543' title='bbox 1886 3796 1892 3805; x_wconf 90' lang='lat'><strong>-</strong></span> <span class='ocrx_word' id='word_1_544' title='bbox 1922 3756 2087 3836; x_wconf 81' lang='lat' dir='ltr'><strong>porro</strong></span> <span class='ocrx_word' id='word_1_545' title='bbox 2113 3778 2315 3818; x_wconf 89' lang='lat' dir='ltr'><strong>nomen</strong></span> <span class='ocrx_word' id='word_1_546' title='bbox 2345 3763 2589 3834; x_wconf 87' lang='lat' dir='ltr'><strong>accepit;</strong></span> <span class='ocrx_word' id='word_1_547' title='bbox 2626 3748 2693 3817; x_wconf 74' lang='lat' dir='ltr'><strong>ab</strong></span> <span class='ocrx_word' id='word_1_548' title='bbox 2732 3760 2953 3825; x_wconf 68' lang='lat' dir='ltr'><strong>Ossaeis,</strong></span> <span class='ocrx_word' id='word_1_549' title='bbox 3012 3759 3289 3815; x_wconf 74' lang='lat' dir='ltr'><strong>Nazarasis</strong></span> <span class='ocrx_word' id='word_1_550' title='bbox 3318 3769 3373 3812; x_wconf 91' lang='lat' dir='ltr'><strong>et</strong></span> <span class='ocrx_word' id='word_1_551' title='bbox 3399 3760 3509 3813; x_wconf 59' lang='lat' dir='ltr'><strong>Na.</strong></span> 
     </span>
    </p>
   </div>
   <div class='ocr_carea' id='block_1_82' title="bbox 1923 3851 3507 3927">
    <p class='ocr_par' dir='ltr' id='par_1_82' title="bbox 1923 3851 3507 3927">
     <span class='ocr_line' id='line_1_82' title="bbox 1923 3851 3507 3927; baseline -0.007 -13"><span class='ocrx_word' id='word_1_552' title='bbox 1923 3858 2111 3914; x_wconf 69' lang='lat' dir='ltr'><strong>sancis</strong></span> <span class='ocrx_word' id='word_1_553' title='bbox 2161 3856 2439 3927; x_wconf 88' lang='lat' dir='ltr'><strong>dogmata.</strong></span> <span class='ocrx_word' id='word_1_554' title='bbox 2493 3854 2980 3911; x_wconf 87' lang='lat' dir='ltr'><strong>Cerinthianorum</strong></span> <span class='ocrx_word' id='word_1_555' title='bbox 3013 3852 3210 3908; x_wconf 85' lang='lat' dir='ltr'><strong>deinde</strong></span> <span class='ocrx_word' id='word_1_556' title='bbox 3253 3851 3507 3914; x_wconf 84' lang='lat' dir='ltr'><strong>formam,</strong></span> 
     </span>
    </p>
   </div>
   <div class='ocr_carea' id='block_1_83' title="bbox 1923 3941 3510 4019">
    <p class='ocr_par' dir='ltr' id='par_1_83' title="bbox 1923 3941 3510 4019">
     <span class='ocr_line' id='line_1_83' title="bbox 1923 3941 3510 4019; baseline -0.006 -14"><span class='ocrx_word' id='word_1_557' title='bbox 1923 3946 2484 4019; x_wconf 88' lang='lat' dir='ltr'><strong>Carpocratianorum</strong></span> <span class='ocrx_word' id='word_1_558' title='bbox 2512 3946 2838 4017; x_wconf 85' lang='lat' dir='ltr'><strong>nequitiam,</strong></span> <span class='ocrx_word' id='word_1_559' title='bbox 2877 3946 3317 4002; x_wconf 85' lang='lat' dir='ltr'><strong>Christianorum</strong></span> <span class='ocrx_word' id='word_1_560' title='bbox 3355 3941 3510 3997; x_wconf 85' lang='lat' dir='ltr'><strong>deni-</strong></span> 
     </span>
    </p>
   </div>
   <div class='ocr_carea' id='block_1_84' title="bbox 1923 4033 3510 4113">
    <p class='ocr_par' dir='ltr' id='par_1_84' title="bbox 1923 4033 3510 4113">
     <span class='ocr_line' id='line_1_84' title="bbox 1923 4033 3510 4113; baseline -0.005 -18"><span class='ocrx_word' id='word_1_561' title='bbox 1923 4056 2030 4113; x_wconf 92' lang='lat' dir='ltr'><strong>que</strong></span> <span class='ocrx_word' id='word_1_562' title='bbox 2052 4040 2471 4112; x_wconf 88' lang='lat' dir='ltr'><strong>appellationem</strong></span> <span class='ocrx_word' id='word_1_563' title='bbox 2501 4053 2771 4109; x_wconf 87' lang='lat' dir='ltr'><strong>usurpare</strong></span> <span class='ocrx_word' id='word_1_564' title='bbox 2795 4036 3094 4094; x_wconf 82' lang='lat' dir='ltr'><strong>contendit.</strong></span> <span class='ocrx_word' id='word_1_565' title='bbox 3129 4034 3317 4104; x_wconf 89' lang='lat' dir='ltr'><strong>Neque</strong></span> <span class='ocrx_word' id='word_1_566' title='bbox 3363 4033 3510 4089; x_wconf 89' lang='lat' dir='ltr'><strong>enim</strong></span> 
     </span>
    </p>
   </div>
   <div class='ocr_carea' id='block_1_85' title="bbox 1924 4125 3508 4202">
    <p class='ocr_par' dir='ltr' id='par_1_85' title="bbox 1924 4125 3508 4202">
     <span class='ocr_line' id='line_1_85' title="bbox 1924 4125 3508 4202; baseline -0.006 -14"><span class='ocrx_word' id='word_1_567' title='bbox 1924 4134 1994 4189; x_wconf 90' lang='lat' dir='ltr'><strong>ab</strong></span> <span class='ocrx_word' id='word_1_568' title='bbox 2039 4132 2127 4188; x_wconf 90' lang='lat' dir='ltr'><strong>bis</strong></span> <span class='ocrx_word' id='word_1_569' title='bbox 2158 4131 2455 4202; x_wconf 89' lang='lat' dir='ltr'><strong>postremis</strong></span> <span class='ocrx_word' id='word_1_570' title='bbox 2485 4146 2611 4187; x_wconf 89' lang='lat' dir='ltr'><strong>cum</strong></span> <span class='ocrx_word' id='word_1_571' title='bbox 2650 4130 2893 4190; x_wconf 87' lang='lat' dir='ltr'><strong>nomine,</strong></span> <span class='ocrx_word' id='word_1_572' title='bbox 2938 4127 3085 4183; x_wconf 79' lang='lat' dir='ltr'><strong>facta</strong></span> <span class='ocrx_word' id='word_1_573' title='bbox 3126 4127 3249 4197; x_wconf 86' lang='lat' dir='ltr'><strong>ipsa</strong></span> <span class='ocrx_word' id='word_1_574' title='bbox 3277 4125 3508 4195; x_wconf 82' lang='lat' dir='ltr'><strong>pariter,</strong></span> 
     </span>
    </p>
   </div>
   <div class='ocr_carea' id='block_1_86' title="bbox 1924 4206 3504 4291">
    <p class='ocr_par' dir='ltr' id='par_1_86' title="bbox 1924 4206 3504 4291">
     <span class='ocr_line' id='line_1_86' title="bbox 1924 4206 3504 4291; baseline -0.01 -12"><span class='ocrx_word' id='word_1_575' title='bbox 1924 4239 1990 4279; x_wconf 89' lang='lat' dir='ltr'><strong>ac</strong></span> <span class='ocrx_word' id='word_1_576' title='bbox 2019 4229 2259 4278; x_wconf 90' lang='lat' dir='ltr'><strong>mentem</strong></span> <span class='ocrx_word' id='word_1_577' title='bbox 2299 4206 2805 4291; x_wconf 69' lang='lat' dir='ltr'><strong>cognitionemque,</strong></span> <span class='ocrx_word' id='word_1_578' title='bbox 2866 4224 2922 4272; x_wconf 86' lang='lat' dir='ltr'><strong>et</strong></span> <span class='ocrx_word' id='word_1_579' title='bbox 2964 4213 3388 4284; x_wconf 84' lang='lat' dir='ltr'><strong>Evangeliorum</strong></span> <span class='ocrx_word' id='word_1_580' title='bbox 3427 4219 3504 4264; x_wconf 89' lang='lat' dir='ltr'><strong>at-</strong></span> 
     </span>
    </p>
   </div>
   <div class='ocr_carea' id='block_1_87' title="bbox 1925 4302 3507 4386">
    <p class='ocr_par' dir='ltr' id='par_1_87' title="bbox 1925 4302 3507 4386">
     <span class='ocr_line' id='line_1_87' title="bbox 1925 4302 3507 4386; baseline -0.007 -18"><span class='ocrx_word' id='word_1_581' title='bbox 1925 4329 2033 4386; x_wconf 89' lang='lat' dir='ltr'><strong>que</strong></span> <span class='ocrx_word' id='word_1_582' title='bbox 2082 4313 2459 4385; x_wconf 85' lang='lat' dir='ltr'><strong>apostolorum</strong></span> <span class='ocrx_word' id='word_1_583' title='bbox 2495 4310 2564 4366; x_wconf 92' lang='lat' dir='ltr'><strong>de</strong></span> <span class='ocrx_word' id='word_1_584' title='bbox 2616 4309 2720 4365; x_wconf 80' lang='lat' dir='ltr'><strong>(ide</strong></span> <span class='ocrx_word' id='word_1_585' title='bbox 2749 4308 3170 4364; x_wconf 85' lang='lat' dir='ltr'><strong>consensionem</strong></span> <span class='ocrx_word' id='word_1_586' title='bbox 3214 4302 3507 4375; x_wconf 79' lang='lat' dir='ltr'><strong>expreSsit.</strong></span> 
     </span>
    </p>
   </div>
   <div class='ocr_carea' id='block_1_88' title="bbox 1927 4395 3508 4472">
    <p class='ocr_par' dir='ltr' id='par_1_88' title="bbox 1927 4395 3508 4472">
     <span class='ocr_line' id='line_1_88' title="bbox 1927 4395 3508 4472; baseline -0.009 -13"><span class='ocrx_word' id='word_1_587' title='bbox 1927 4404 2031 4472; x_wconf 84' lang='lat' dir='ltr'><strong>Qui</strong></span> <span class='ocrx_word' id='word_1_588' title='bbox 2075 4422 2200 4461; x_wconf 92' lang='lat' dir='ltr'><strong>cum</strong></span> <span class='ocrx_word' id='word_1_589' title='bbox 2248 4404 2462 4459; x_wconf 89' lang='lat' dir='ltr'><strong>medius</strong></span> <span class='ocrx_word' id='word_1_590' title='bbox 2508 4402 2602 4467; x_wconf 89' lang='lat' dir='ltr'><strong>sit,</strong></span> <span class='ocrx_word' id='word_1_591' title='bbox 2644 4408 2705 4454; x_wconf 87' lang='lat' dir='ltr'><strong>ut</strong></span> <span class='ocrx_word' id='word_1_592' title='bbox 2758 4400 2833 4453; x_wconf 90' lang='lat' dir='ltr'><strong>ita</strong></span> <span class='ocrx_word' id='word_1_593' title='bbox 2876 4396 3079 4461; x_wconf 87' lang='lat' dir='ltr'><strong>dicam,</strong></span> <span class='ocrx_word' id='word_1_594' title='bbox 3120 4395 3263 4449; x_wconf 90' lang='lat' dir='ltr'><strong>inter</strong></span> <span class='ocrx_word' id='word_1_595' title='bbox 3295 4405 3508 4454; x_wconf 87' lang='lat' dir='ltr'><strong>omnes,</strong></span> 
     </span>
    </p>
   </div>
   <div class='ocr_carea' id='block_1_89' title="bbox 237 4475 1815 4594">
    <p class='ocr_par' dir='ltr' id='par_1_89' title="bbox 237 4475 1815 4565">
     <span class='ocr_line' id='line_1_89' title="bbox 237 4475 1815 4565; baseline 0 -17"><span class='ocrx_word' id='word_1_596' title='bbox 237 4475 564 4560; x_wconf 75' lang='grc' dir='ltr'>ἀποδείξεσι,</span> <span class='ocrx_word' id='word_1_597' title='bbox 605 4494 699 4547; x_wconf 61' lang='grc' dir='ltr'><strong>καὶ¹</strong></span> <span class='ocrx_word' id='word_1_598' title='bbox 722 4491 816 4546; x_wconf 89' lang='grc' dir='ltr'><strong>τοῦ</strong></span> <span class='ocrx_word' id='word_1_599' title='bbox 845 4493 964 4546; x_wconf 84' lang='grc' dir='ltr'>κατ’</span> <span class='ocrx_word' id='word_1_600' title='bbox 1004 4491 1185 4545; x_wconf 84' lang='grc' dir='ltr'>αὐτῶν</span> <span class='ocrx_word' id='word_1_601' title='bbox 1222 4491 1447 4563; x_wconf 76' lang='grc' dir='ltr'>ἐλέγχου</span> <span class='ocrx_word' id='word_1_602' title='bbox 1478 4494 1815 4565; x_wconf 83' lang='grc' dir='ltr'>παραστήσο-</span> 
     </span>
    </p>
   </div>
   <div class='ocr_carea' id='block_1_90' title="bbox 1918 4475 3512 4594">
    <p class='ocr_par' dir='ltr' id='par_1_90' title="bbox 1932 4482 3512 4567">
     <span class='ocr_line' id='line_1_90' title="bbox 1932 4482 3512 4567; baseline -0.009 -16"><span class='ocrx_word' id='word_1_603' title='bbox 1932 4497 2154 4567; x_wconf 88' lang='lat' dir='ltr'><strong>proprie</strong></span> <span class='ocrx_word' id='word_1_604' title='bbox 2182 4495 2369 4551; x_wconf 90' lang='lat' dir='ltr'><strong>nullus</strong></span> <span class='ocrx_word' id='word_1_605' title='bbox 2393 4501 2502 4559; x_wconf 87' lang='lat' dir='ltr'><strong>est,</strong></span> <span class='ocrx_word' id='word_1_606' title='bbox 2532 4494 2588 4547; x_wconf 89' lang='lat' dir='ltr'><strong>in</strong></span> <span class='ocrx_word' id='word_1_607' title='bbox 2611 4506 2786 4561; x_wconf 83' lang='lat' dir='ltr'><strong>eoque</strong></span> <span class='ocrx_word' id='word_1_608' title='bbox 2821 4489 2967 4561; x_wconf 86' lang='lat' dir='ltr'><strong>quod</strong></span> <span class='ocrx_word' id='word_1_609' title='bbox 2997 4487 3262 4557; x_wconf 87' lang='lat' dir='ltr'><strong>scriptum</strong></span> <span class='ocrx_word' id='word_1_610' title='bbox 3296 4490 3382 4540; x_wconf 89' lang='lat' dir='ltr'><strong>est</strong></span> <span class='ocrx_word' id='word_1_611' title='bbox 3407 4482 3512 4537; x_wconf 79' lang='lat' dir='ltr'><strong>im-</strong></span> 
     </span>
    </p>
   </div>
   <div class='ocr_carea' id='block_1_91' title="bbox 241 4579 1062 4653">
    <p class='ocr_par' dir='ltr' id='par_1_91' title="bbox 241 4579 1062 4653">
     <span class='ocr_line' id='line_1_91' title="bbox 241 4579 1062 4653; baseline -0.004 -17"><span class='ocrx_word' id='word_1_612' title='bbox 241 4599 360 4653; x_wconf 85' lang='grc' dir='ltr'>μεν,</span> <span class='ocrx_word' id='word_1_613' title='bbox 382 4581 520 4636; x_wconf 87' lang='grc' dir='ltr'>Θεοῦ</span> <span class='ocrx_word' id='word_1_614' title='bbox 548 4579 985 4653; x_wconf 75' lang='grc' dir='ltr'>ἐπιϐοηθοῦντας.</span> <span class='ocrx_word' id='word_1_615' title='bbox 1056 4592 1062 4601; x_wconf 91' lang='grc'><strong>·</strong></span> 
     </span>
    </p>
   </div>
   <div class='ocr_carea' id='block_1_92' title="bbox 1931 4573 3514 4656">
    <p class='ocr_par' dir='ltr' id='par_1_92' title="bbox 1931 4573 3514 4656">
     <span class='ocr_line' id='line_1_92' title="bbox 1931 4573 3514 4656; baseline -0.009 -15"><span class='ocrx_word' id='word_1_616' title='bbox 1931 4587 2105 4656; x_wconf 78' lang='lat' dir='ltr'><strong>pietur</strong></span> <span class='ocrx_word' id='word_1_617' title='bbox 2144 4605 2158 4639; x_wconf 91' lang='lat'><strong>:</strong></span> <span class='ocrx_word' id='word_1_618' title='bbox 2193 4584 2365 4640; x_wconf 85' lang='lat' dir='ltr'><strong>Paulo</strong></span> <span class='ocrx_word' id='word_1_619' title='bbox 2400 4585 2573 4638; x_wconf 85' lang='lat' dir='ltr'><strong>minus</strong></span> <span class='ocrx_word' id='word_1_620' title='bbox 2604 4590 2843 4638; x_wconf 77' lang='lat' dir='ltr'><strong>versatus</strong></span> <span class='ocrx_word' id='word_1_621' title='bbox 2871 4595 2987 4633; x_wconf 83' lang='lat' dir='ltr'><strong>sum</strong></span> <span class='ocrx_word' id='word_1_622' title='bbox 3016 4578 3071 4631; x_wconf 83' lang='lat' dir='ltr'><strong>in</strong></span> <span class='ocrx_word' id='word_1_623' title='bbox 3100 4576 3243 4632; x_wconf 87' lang='lat' dir='ltr'><strong>omni</strong></span> <span class='ocrx_word' id='word_1_624' title='bbox 3272 4574 3434 4641; x_wconf 84' lang='lat' dir='ltr'><strong>malo,</strong></span> <span class='ocrx_word' id='word_1_625' title='bbox 3459 4573 3514 4627; x_wconf 84' lang='lat' dir='ltr'><strong>in</strong></span> 
     </span>
    </p>
   </div>
   <div class='ocr_carea' id='block_1_93' title="bbox 240 4669 3514 4748">
    <p class='ocr_par' dir='ltr' id='par_1_93' title="bbox 240 4669 3514 4748">
     <span class='ocr_line' id='line_1_93' title="bbox 240 4669 3514 4748; baseline -0.003 -16"><span class='ocrx_word' id='word_1_626' title='bbox 240 4679 411 4734; x_wconf 83' lang='lat' dir='ltr'><strong>medio</strong></span> <span class='ocrx_word' id='word_1_627' title='bbox 446 4677 700 4733; x_wconf 71' lang='lat' dir='ltr'><strong>Ecclesia:</strong></span> <span class='ocrx_word' id='word_1_628' title='bbox 731 4687 780 4732; x_wconf 86' lang='lat' dir='ltr'><strong>et</strong></span> <span class='ocrx_word' id='word_1_629' title='bbox 815 4678 1111 4748; x_wconf 75' lang='lat' dir='ltr'><strong>Synagoga:</strong></span> <span class='ocrx_word' id='word_1_630' title='bbox 1138 4677 1177 4730; x_wconf 81' lang='grc' dir='ltr'><strong>ί.</strong></span> <span class='ocrx_word' id='word_1_631' title='bbox 1238 4677 1410 4747; x_wconf 83' lang='lat' dir='ltr'><strong>igitur</strong></span> <span class='ocrx_word' id='word_1_632' title='bbox 1443 4692 1569 4732; x_wconf 88' lang='lat' dir='ltr'><strong>cum</strong></span> <span class='ocrx_word' id='word_1_633' title='bbox 1624 4694 1814 4734; x_wconf 86' lang='lat' dir='ltr'><strong>revera</strong></span> <span class='ocrx_word' id='word_1_634' title='bbox 1867 4680 2248 4737; x_wconf 88' lang='lat' dir='ltr'><strong>Samaritanus</strong></span> <span class='ocrx_word' id='word_1_635' title='bbox 2298 4681 2369 4736; x_wconf 93' lang='lat' dir='ltr'><strong>ob</strong></span> <span class='ocrx_word' id='word_1_636' title='bbox 2422 4679 2812 4736; x_wconf 84' lang='lat' dir='ltr'><strong>exsecrandam</strong></span> <span class='ocrx_word' id='word_1_637' title='bbox 2856 4672 3158 4744; x_wconf 86' lang='lat' dir='ltr'><strong>nequitiam</strong></span> <span class='ocrx_word' id='word_1_638' title='bbox 3191 4671 3282 4734; x_wconf 87' lang='lat' dir='ltr'><strong>sit,</strong></span> <span class='ocrx_word' id='word_1_639' title='bbox 3324 4669 3514 4724; x_wconf 87' lang='lat' dir='ltr'><strong>istius-</strong></span> 
     </span>
    </p>
   </div>
   <div class='ocr_carea' id='block_1_94' title="bbox 240 4770 3511 4843">
    <p class='ocr_par' dir='ltr' id='par_1_94' title="bbox 240 4770 3511 4843">
     <span class='ocr_line' id='line_1_94' title="bbox 240 4770 3511 4843; baseline -0.004 -12"><span class='ocrx_word' id='word_1_640' title='bbox 240 4775 391 4831; x_wconf 83' lang='lat' dir='ltr'><strong>modi</strong></span> <span class='ocrx_word' id='word_1_641' title='bbox 446 4785 630 4828; x_wconf 83' lang='lat' dir='ltr'><strong>tamen</strong></span> <span class='ocrx_word' id='word_1_642' title='bbox 678 4772 1098 4843; x_wconf 89' lang='lat' dir='ltr'><strong>appellationem</strong></span> <span class='ocrx_word' id='word_1_643' title='bbox 1148 4771 1363 4841; x_wconf 89' lang='lat' dir='ltr'><strong>rejicit;</strong></span> <span class='ocrx_word' id='word_1_644' title='bbox 1421 4780 1477 4828; x_wconf 89' lang='lat' dir='ltr'><strong>et</strong></span> <span class='ocrx_word' id='word_1_645' title='bbox 1520 4788 1648 4828; x_wconf 89' lang='lat' dir='ltr'><strong>cum</strong></span> <span class='ocrx_word' id='word_1_646' title='bbox 1699 4790 1758 4831; x_wconf 86' lang='lat' dir='ltr'><strong>se</strong></span> <span class='ocrx_word' id='word_1_647' title='bbox 1806 4776 1950 4831; x_wconf 92' lang='lat' dir='ltr'><strong>idem</strong></span> <span class='ocrx_word' id='word_1_648' title='bbox 2002 4775 2252 4832; x_wconf 68' lang='lat' dir='ltr'><strong>Judaeum</strong></span> <span class='ocrx_word' id='word_1_649' title='bbox 2305 4775 2471 4832; x_wconf 83' lang='lat' dir='ltr'><strong>faciat</strong></span> <span class='ocrx_word' id='word_1_650' title='bbox 2515 4773 2724 4830; x_wconf 60' lang='lat' dir='ltr'><strong>ludatis</strong></span> <span class='ocrx_word' id='word_1_651' title='bbox 2790 4770 3141 4842; x_wconf 76' lang='lat' dir='ltr'><strong>refragatur,</strong></span> <span class='ocrx_word' id='word_1_652' title='bbox 3197 4776 3511 4838; x_wconf 88' lang='lat' dir='ltr'><strong>quanquam</strong></span> 
     </span>
    </p>
   </div>
   <div class='ocr_carea' id='block_1_95' title="bbox 240 4860 3510 4943">
    <p class='ocr_par' dir='ltr' id='par_1_95' title="bbox 240 4860 3510 4943">
     <span class='ocr_line' id='line_1_95' title="bbox 240 4860 3510 4943; baseline -0.004 -16"><span class='ocrx_word' id='word_1_653' title='bbox 240 4888 368 4928; x_wconf 86' lang='lat' dir='ltr'><strong>cum</strong></span> <span class='ocrx_word' id='word_1_654' title='bbox 396 4871 486 4936; x_wconf 85' lang='lat' dir='ltr'><strong>bis</strong></span> <span class='ocrx_word' id='word_1_655' title='bbox 518 4871 703 4941; x_wconf 89' lang='lat' dir='ltr'><strong>aliqua</strong></span> <span class='ocrx_word' id='word_1_656' title='bbox 729 4885 797 4925; x_wconf 90' lang='lat' dir='ltr'><strong>ex</strong></span> <span class='ocrx_word' id='word_1_657' title='bbox 827 4878 983 4940; x_wconf 84' lang='lat' dir='ltr'><strong>parte</strong></span> <span class='ocrx_word' id='word_1_658' title='bbox 1020 4867 1320 4933; x_wconf 90' lang='lat' dir='ltr'><strong>consentit,</strong></span> <span class='ocrx_word' id='word_1_659' title='bbox 1360 4867 1442 4922; x_wconf 87' lang='lat' dir='ltr'><strong>uti</strong></span> <span class='ocrx_word' id='word_1_660' title='bbox 1486 4876 1704 4940; x_wconf 78' lang='lat' dir='ltr'><strong>postea,</strong></span> <span class='ocrx_word' id='word_1_661' title='bbox 1734 4887 1860 4927; x_wconf 90' lang='lat' dir='ltr'><strong>cum</strong></span> <span class='ocrx_word' id='word_1_662' title='bbox 1893 4873 1963 4928; x_wconf 87' lang='lat' dir='ltr'><strong>ad</strong></span> <span class='ocrx_word' id='word_1_663' title='bbox 1986 4889 2109 4943; x_wconf 67' lang='lat' dir='ltr'><strong>ejus</strong></span> <span class='ocrx_word' id='word_1_664' title='bbox 2147 4875 2223 4928; x_wconf 88' lang='lat' dir='ltr'><strong>rei</strong></span> <span class='ocrx_word' id='word_1_665' title='bbox 2258 4873 2663 4943; x_wconf 86' lang='lat' dir='ltr'><strong>probationem,</strong></span> <span class='ocrx_word' id='word_1_666' title='bbox 2709 4877 2765 4925; x_wconf 87' lang='lat' dir='ltr'><strong>et</strong></span> <span class='ocrx_word' id='word_1_667' title='bbox 2789 4868 3173 4924; x_wconf 63' lang='lat' dir='ltr'><strong>haereticorum</strong></span> <span class='ocrx_word' id='word_1_668' title='bbox 3242 4860 3510 4934; x_wconf 84' lang='lat' dir='ltr'><strong>ejusmodi</strong></span> 
     </span>
    </p>
   </div>
   <div class='ocr_carea' id='block_1_96' title="bbox 241 4959 2317 5034">
    <p class='ocr_par' dir='ltr' id='par_1_96' title="bbox 241 4959 2317 5034">
     <span class='ocr_line' id='line_1_96' title="bbox 241 4959 2317 5034; baseline -0.001 -11"><span class='ocrx_word' id='word_1_669' title='bbox 241 4964 677 5023; x_wconf 77' lang='lat' dir='ltr'><strong>confutationem</strong></span> <span class='ocrx_word' id='word_1_670' title='bbox 731 4968 1053 5034; x_wconf 87' lang='lat' dir='ltr'><strong>perventum</strong></span> <span class='ocrx_word' id='word_1_671' title='bbox 1104 4961 1302 5026; x_wconf 82' lang='lat' dir='ltr'><strong>fuerit,</strong></span> <span class='ocrx_word' id='word_1_672' title='bbox 1356 4959 1466 5017; x_wconf 87' lang='lat' dir='ltr'><strong>Deo</strong></span> <span class='ocrx_word' id='word_1_673' title='bbox 1523 4963 1821 5034; x_wconf 87' lang='lat' dir='ltr'><strong>adjuvante</strong></span> <span class='ocrx_word' id='word_1_674' title='bbox 1860 4967 2317 5023; x_wconf 83' lang='lat' dir='ltr'><strong>monstrabimus.</strong></span> 
     </span>
    </p>
   </div>
   <div class='ocr_carea' id='block_1_97' title="bbox 317 5076 721 5143">
    <p class='ocr_par' dir='ltr' id='par_1_97' title="bbox 317 5076 721 5143">
     <span class='ocr_line' id='line_1_97' title="bbox 317 5076 721 5143; baseline -0.007 -8"><span class='ocrx_word' id='word_1_675' title='bbox 317 5084 333 5114; x_wconf 82' lang='grc'>³</span> <span class='ocrx_word' id='word_1_676' title='bbox 357 5078 520 5135; x_wconf 78' lang='lat' dir='ltr'><strong>Prov.</strong></span> <span class='ocrx_word' id='word_1_677' title='bbox 547 5094 603 5143; x_wconf 70' lang='grc' dir='ltr'><strong>ν,</strong></span> <span class='ocrx_word' id='word_1_678' title='bbox 632 5076 721 5132; x_wconf 76' lang='grc' dir='ltr'>Η.</span> 
     </span>
    </p>
   </div>
   <div class='ocr_carea' id='block_1_98' title="bbox 314 5192 1827 5269">
    <p class='ocr_par' dir='ltr' id='par_1_98' title="bbox 314 5192 1827 5269">
     <span class='ocr_line' id='line_1_98' title="bbox 314 5192 1827 5269; baseline -0.003 -19"><span class='ocrx_word' id='word_1_679' title='bbox 314 5196 427 5269; x_wconf 83' lang='grc' dir='ltr'><strong>(Η)</strong></span> <span class='ocrx_word' id='word_1_680' title='bbox 471 5197 720 5269; x_wconf 67' lang='grc' dir='ltr'>Ἐχουςι</span> <span class='ocrx_word' id='word_1_681' title='bbox 770 5192 841 5248; x_wconf 79' lang='grc' dir='ltr'>δὲ</span> <span class='ocrx_word' id='word_1_682' title='bbox 884 5194 966 5269; x_wconf 40' lang='grc' dir='ltr'><strong>τὸ.</strong></span> <span class='ocrx_word' id='word_1_683' title='bbox 988 5193 1164 5269; x_wconf 47' lang='grc' dir='ltr'>βατὰ</span> <span class='ocrx_word' id='word_1_684' title='bbox 1210 5194 1528 5269; x_wconf 67' lang='grc' dir='ltr'>Ματθαῖον.</span> <span class='ocrx_word' id='word_1_685' title='bbox 1570 5192 1728 5269; x_wconf 76' lang='lat' dir='ltr'><strong>Quod</strong></span> <span class='ocrx_word' id='word_1_686' title='bbox 1772 5199 1827 5248; x_wconf 89' lang='lat' dir='ltr'><strong>et</strong></span> 
     </span>
    </p>
   </div>
   <div class='ocr_carea' id='block_1_99' title="bbox 249 5262 1822 5338">
    <p class='ocr_par' dir='ltr' id='par_1_99' title="bbox 249 5262 1822 5338">
     <span class='ocr_line' id='line_1_99' title="bbox 249 5262 1822 5338; baseline -0.004 -15"><span class='ocrx_word' id='word_1_687' title='bbox 249 5262 614 5338; x_wconf 75' lang='lat' dir='ltr'><strong>Hieronymus</strong></span> <span class='ocrx_word' id='word_1_688' title='bbox 655 5262 842 5320; x_wconf 62' lang='lat' dir='ltr'><strong>Graece</strong></span> <span class='ocrx_word' id='word_1_689' title='bbox 874 5264 1133 5338; x_wconf 75' lang='lat' dir='ltr'><strong>reddidit,</strong></span> <span class='ocrx_word' id='word_1_690' title='bbox 1158 5273 1212 5338; x_wconf 89' lang='lat' dir='ltr'><strong>et_</strong></span> <span class='ocrx_word' id='word_1_691' title='bbox 1247 5265 1382 5338; x_wconf 63' lang='lat' dir='ltr'><strong>citat</strong></span> <span class='ocrx_word' id='word_1_692' title='bbox 1432 5265 1580 5338; x_wconf 87' lang='lat' dir='ltr'><strong>ipse__</strong></span> <span class='ocrx_word' id='word_1_693' title='bbox 1601 5265 1822 5338; x_wconf 75' lang='lat' dir='ltr'><strong>saepius.</strong></span> 
     </span>
    </p>
   </div>
   <div class='ocr_carea' id='block_1_100' title="bbox 248 5332 1826 5408">
    <p class='ocr_par' dir='ltr' id='par_1_100' title="bbox 248 5332 1826 5408">
     <span class='ocr_line' id='line_1_100' title="bbox 248 5332 1826 5408; baseline -0.002 -14"><span class='ocrx_word' id='word_1_694' title='bbox 248 5338 435 5408; x_wconf 76' lang='lat' dir='ltr'><strong>Neque</strong></span> <span class='ocrx_word' id='word_1_695' title='bbox 456 5332 594 5408; x_wconf 71' lang='grc' dir='ltr'>’νοω</span> <span class='ocrx_word' id='word_1_696' title='bbox 620 5351 815 5408; x_wconf 82' lang='lat' dir='ltr'><strong>purum</strong></span> <span class='ocrx_word' id='word_1_697' title='bbox 842 5342 1031 5408; x_wconf 72' lang='lat' dir='ltr'><strong>putum</strong></span> <span class='ocrx_word' id='word_1_698' title='bbox 1055 5334 1301 5408; x_wconf 54' lang='lat' dir='ltr'><strong>Matthxi</strong></span> <span class='ocrx_word' id='word_1_699' title='bbox 1326 5332 1680 5408; x_wconf 71' lang='lat' dir='ltr'><strong>Evangeliurn</strong></span> <span class='ocrx_word' id='word_1_700' title='bbox 1702 5333 1826 5408; x_wconf 78' lang='lat' dir='ltr'><strong>fuit.</strong></span> 
     </span>
    </p>
   </div>
   <div class='ocr_carea' id='block_1_101' title="bbox 249 5404 1830 5475">
    <p class='ocr_par' dir='ltr' id='par_1_101' title="bbox 249 5404 1830 5475">
     <span class='ocr_line' id='line_1_101' title="bbox 249 5404 1830 5475; baseline -0.004 -10"><span class='ocrx_word' id='word_1_701' title='bbox 249 5406 311 5465; x_wconf 60' lang='lat' dir='ltr'><strong>u’t</strong></span> <span class='ocrx_word' id='word_1_702' title='bbox 339 5404 687 5464; x_wconf 78' lang='lat' dir='ltr'><strong>existimasse</strong></span> <span class='ocrx_word' id='word_1_703' title='bbox 720 5405 935 5475; x_wconf 75' lang='lat' dir='ltr'><strong>videtur</strong></span> <span class='ocrx_word' id='word_1_704' title='bbox 968 5404 1306 5475; x_wconf 88' lang='lat' dir='ltr'><strong>Epiphanius</strong></span> <span class='ocrx_word' id='word_1_705' title='bbox 1328 5446 1343 5469; x_wconf 91' lang='lat'><strong>,</strong></span> <span class='ocrx_word' id='word_1_706' title='bbox 1362 5406 1478 5475; x_wconf 75' lang='lat' dir='ltr'><strong>sei_|_</strong></span> <span class='ocrx_word' id='word_1_707' title='bbox 1499 5404 1568 5475; x_wconf 74' lang='lat' dir='ltr'><strong>ab</strong></span> <span class='ocrx_word' id='word_1_708' title='bbox 1597 5404 1704 5475; x_wconf 88' lang='lat' dir='ltr'><strong>illis</strong></span> <span class='ocrx_word' id='word_1_709' title='bbox 1735 5405 1830 5459; x_wconf 85' lang='lat' dir='ltr'><strong>de-</strong></span> 
     </span>
    </p>
   </div>
   <div class='ocr_carea' id='block_1_102' title="bbox 249 5472 1832 5552">
    <p class='ocr_par' dir='ltr' id='par_1_102' title="bbox 249 5472 1832 5552">
     <span class='ocr_line' id='line_1_102' title="bbox 249 5472 1832 5552; baseline -0.004 -19"><span class='ocrx_word' id='word_1_710' title='bbox 249 5488 558 5552; x_wconf 60' lang='lat' dir='ltr'><strong>pravatqm,</strong></span> <span class='ocrx_word' id='word_1_711' title='bbox 590 5475 738 5552; x_wconf 83' lang='lat' dir='ltr'><strong>quod</strong></span> <span class='ocrx_word' id='word_1_712' title='bbox 764 5485 821 5552; x_wconf 76' lang='lat' dir='ltr'><strong>et</strong></span> <span class='ocrx_word' id='word_1_713' title='bbox 852 5472 1209 5552; x_wconf 72' lang='lat' dir='ltr'><strong>Evangelium</strong></span> <span class='ocrx_word' id='word_1_714' title='bbox 1244 5472 1708 5552; x_wconf 44' lang='grc' dir='ltr'>κατὰ-Ἑϐραίους</span> <span class='ocrx_word' id='word_1_715' title='bbox 1735 5488 1832 5552; x_wconf 82' lang='lat' dir='ltr'><strong>ap-</strong></span> 
     </span>
    </p>
   </div>
   <div class='ocr_carea' id='block_1_103' title="bbox 250 5544 1832 5622">
    <p class='ocr_par' dir='ltr' id='par_1_103' title="bbox 250 5544 1832 5622">
     <span class='ocr_line' id='line_1_103' title="bbox 250 5544 1832 5622; baseline -0.004 -20"><span class='ocrx_word' id='word_1_716' title='bbox 250 5544 419 5622; x_wconf 67' lang='lat' dir='ltr'><strong>pellat</strong></span> <span class='ocrx_word' id='word_1_717' title='bbox 445 5544 717 5622; x_wconf 72' lang='lat' dir='ltr'><strong>Eusebius</strong></span> <span class='ocrx_word' id='word_1_718' title='bbox 762 5545 856 5599; x_wconf 88' lang='lat' dir='ltr'><strong>lib.</strong></span> <span class='ocrx_word' id='word_1_719' title='bbox 890 5561 952 5622; x_wconf 74' lang='grc' dir='ltr'><strong>ιιι</strong></span> <span class='ocrx_word' id='word_1_720' title='bbox 967 5544 1363 5622; x_wconf 43' lang='lat' dir='ltr'><strong>Ilistgrwﬁcap.</strong></span> <span class='ocrx_word' id='word_1_721' title='bbox 1395 5545 1480 5622; x_wconf 49' lang='lat' dir='ltr'><strong>ii).</strong></span> <span class='ocrx_word' id='word_1_722' title='bbox 1520 5544 1744 5599; x_wconf 82' lang='lat' dir='ltr'><strong>Hieron.</strong></span> <span class='ocrx_word' id='word_1_723' title='bbox 1776 5544 1832 5597; x_wconf 79' lang='lat' dir='ltr'><strong>in</strong></span> 
     </span>
    </p>
   </div>
   <div class='ocr_carea' id='block_1_104' title="bbox 250 5612 1840 5689">
    <p class='ocr_par' dir='ltr' id='par_1_104' title="bbox 250 5612 1840 5689">
     <span class='ocr_line' id='line_1_104' title="bbox 250 5612 1840 5689; baseline -0.004 -16"><span class='ocrx_word' id='word_1_724' title='bbox 250 5612 371 5689; x_wconf 65' lang='grc' dir='ltr'>ξαρ.</span> <span class='ocrx_word' id='word_1_725' title='bbox 393 5633 482 5689; x_wconf 65' lang='grc' dir='ltr'><strong>⁸ιξιι</strong></span> <span class='ocrx_word' id='word_1_726' title='bbox 522 5614 760 5689; x_wconf 50' lang='grc' dir='ltr'><strong>ΜοιςῆΗΔ</strong></span> <span class='ocrx_word' id='word_1_727' title='bbox 781 5632 903 5689; x_wconf 82' lang='lat' dir='ltr'><strong>cap.</strong></span> <span class='ocrx_word' id='word_1_728' title='bbox 932 5615 1000 5672; x_wconf 76' lang='grc'><strong>15</strong></span> <span class='ocrx_word' id='word_1_729' title='bbox 1035 5634 1048 5670; x_wconf 88' lang='lat'><strong>:</strong></span> <span class='ocrx_word' id='word_1_730' title='bbox 1099 5614 1165 5689; x_wconf 72' lang='lat' dir='ltr'><strong>In</strong></span> <span class='ocrx_word' id='word_1_731' title='bbox 1198 5612 1647 5689; x_wconf 70' lang='lat' dir='ltr'><strong>Euangetio._quo</strong></span> <span class='ocrx_word' id='word_1_732' title='bbox 1679 5624 1840 5689; x_wconf 68' lang='lat' dir='ltr'><strong>utun-</strong></span> 
     </span>
    </p>
   </div>
   <div class='ocr_carea' id='block_1_105' title="bbox 252 5683 1840 5754">
    <p class='ocr_par' dir='ltr' id='par_1_105' title="bbox 252 5683 1840 5754">
     <span class='ocr_line' id='line_1_105' title="bbox 252 5683 1840 5754; baseline -0.004 -9"><span class='ocrx_word' id='word_1_733' title='bbox 252 5683 342 5745; x_wconf 70' lang='lat' dir='ltr'><strong>tur</strong></span> <span class='ocrx_word' id='word_1_734' title='bbox 382 5686 662 5741; x_wconf 77' lang='lat' dir='ltr'><strong>Nazareni</strong></span> <span class='ocrx_word' id='word_1_735' title='bbox 693 5683 975 5750; x_wconf 49' lang='lat' dir='ltr'><strong>Ebiou&#39;itw,</strong></span> <span class='ocrx_word' id='word_1_736' title='bbox 1019 5686 1158 5754; x_wconf 79' lang='lat' dir='ltr'><strong>quod</strong></span> <span class='ocrx_word' id='word_1_737' title='bbox 1208 5683 1369 5754; x_wconf 77' lang='lat' dir='ltr'><strong>nuper</strong></span> <span class='ocrx_word' id='word_1_738' title='bbox 1410 5685 1465 5739; x_wconf 82' lang='lat' dir='ltr'><strong>in</strong></span> <span class='ocrx_word' id='word_1_739' title='bbox 1501 5683 1744 5740; x_wconf 73' lang='lat' dir='ltr'><strong>ercum</strong></span> <span class='ocrx_word' id='word_1_740' title='bbox 1777 5683 1840 5739; x_wconf 81' lang='lat' dir='ltr'><strong>de</strong></span> 
     </span>
    </p>
   </div>
   <div class='ocr_carea' id='block_1_106' title="bbox 255 5754 1842 5825">
    <p class='ocr_par' dir='ltr' id='par_1_106' title="bbox 255 5754 1842 5825">
     <span class='ocr_line' id='line_1_106' title="bbox 255 5754 1842 5825; baseline -0.005 -9"><span class='ocrx_word' id='word_1_741' title='bbox 255 5758 483 5816; x_wconf 77' lang='lat' dir='ltr'><strong>Hebra&#39;o</strong></span> <span class='ocrx_word' id='word_1_742' title='bbox 516 5772 754 5825; x_wconf 69' lang='lat' dir='ltr'><strong>sermone</strong></span> <span class='ocrx_word' id='word_1_743' title='bbox 791 5756 1189 5825; x_wconf 73' lang='lat' dir='ltr'><strong>transtulimus,</strong></span> <span class='ocrx_word' id='word_1_744' title='bbox 1210 5765 1258 5808; x_wconf 87' lang='lat' dir='ltr'><strong>et</strong></span> <span class='ocrx_word' id='word_1_745' title='bbox 1279 5755 1416 5825; x_wconf 85' lang='lat' dir='ltr'><strong>quod</strong></span> <span class='ocrx_word' id='word_1_746' title='bbox 1447 5764 1664 5811; x_wconf 84' lang='lat' dir='ltr'><strong>vocatur</strong></span> <span class='ocrx_word' id='word_1_747' title='bbox 1685 5772 1718 5807; x_wconf 89' lang='lat' dir='ltr'><strong>a</strong></span> <span class='ocrx_word' id='word_1_748' title='bbox 1738 5754 1842 5824; x_wconf 81' lang='lat' dir='ltr'><strong>ple-</strong></span> 
     </span>
    </p>
   </div>
   <div class='ocr_carea' id='block_1_107' title="bbox 255 5823 1842 5901">
    <p class='ocr_par' dir='ltr' id='par_1_107' title="bbox 255 5823 1842 5901">
     <span class='ocr_line' id='line_1_107' title="bbox 255 5823 1842 5901; baseline -0.003 -19"><span class='ocrx_word' id='word_1_749' title='bbox 255 5832 435 5901; x_wconf 73' lang='lat' dir='ltr'><strong>risque</strong></span> <span class='ocrx_word' id='word_1_750' title='bbox 474 5824 718 5881; x_wconf 69' lang='lat' dir='ltr'><strong>Hatthwi</strong></span> <span class='ocrx_word' id='word_1_751' title='bbox 750 5825 1130 5893; x_wconf 82' lang='lat' dir='ltr'><strong>authenticum,</strong></span> <span class='ocrx_word' id='word_1_752' title='bbox 1170 5823 1324 5882; x_wconf 80' lang='lat' dir='ltr'><strong>homo</strong></span> <span class='ocrx_word' id='word_1_753' title='bbox 1357 5826 1475 5891; x_wconf 75' lang='lat' dir='ltr'><strong>istc,</strong></span> <span class='ocrx_word' id='word_1_754' title='bbox 1508 5827 1597 5896; x_wconf 82' lang='lat' dir='ltr'><strong>qui</strong></span> <span class='ocrx_word' id='word_1_755' title='bbox 1632 5823 1842 5880; x_wconf 85' lang='lat' dir='ltr'><strong>aridam</strong></span> 
     </span>
    </p>
   </div>
   <div class='ocr_carea' id='block_1_108' title="bbox 1934 5184 3512 5253">
    <p class='ocr_par' dir='ltr' id='par_1_108' title="bbox 1934 5184 3512 5253">
     <span class='ocr_line' id='line_1_108' title="bbox 1934 5184 3512 5253; baseline -0.003 -8"><span class='ocrx_word' id='word_1_756' title='bbox 1934 5191 2088 5245; x_wconf 82' lang='lat' dir='ltr'><strong>habet</strong></span> <span class='ocrx_word' id='word_1_757' title='bbox 2110 5206 2346 5251; x_wconf 85' lang='lat' dir='ltr'><strong>manum,</strong></span> <span class='ocrx_word' id='word_1_758' title='bbox 2369 5189 2736 5245; x_wconf 67' lang='lat' dir='ltr'><strong>carmentarius</strong></span> <span class='ocrx_word' id='word_1_759' title='bbox 2756 5188 3031 5244; x_wconf 74' lang='lat' dir='ltr'><strong>scribitur.</strong></span> <span class='ocrx_word' id='word_1_760' title='bbox 3069 5187 3212 5243; x_wconf 81' lang='lat' dir='ltr'><strong>Idem</strong></span> <span class='ocrx_word' id='word_1_761' title='bbox 3238 5186 3291 5241; x_wconf 90' lang='lat' dir='ltr'><strong>in</strong></span> <span class='ocrx_word' id='word_1_762' title='bbox 3317 5184 3512 5253; x_wconf 84' lang='lat' dir='ltr'><strong>Script.</strong></span> 
     </span>
    </p>
   </div>
   <div class='ocr_carea' id='block_1_109' title="bbox 1933 5256 3515 5331">
    <p class='ocr_par' dir='ltr' id='par_1_109' title="bbox 1933 5256 3515 5331">
     <span class='ocr_line' id='line_1_109' title="bbox 1933 5256 3515 5331; baseline -0.003 -16"><span class='ocrx_word' id='word_1_763' title='bbox 1933 5261 2115 5316; x_wconf 78' lang='lat' dir='ltr'><strong>eccles.</strong></span> <span class='ocrx_word' id='word_1_764' title='bbox 2149 5261 2216 5316; x_wconf 89' lang='lat' dir='ltr'><strong>de</strong></span> <span class='ocrx_word' id='word_1_765' title='bbox 2259 5258 2512 5331; x_wconf 74' lang='lat' dir='ltr'><strong>Matthaeo</strong></span> <span class='ocrx_word' id='word_1_766' title='bbox 2546 5275 2759 5331; x_wconf 64' lang='lat' dir='ltr'><strong>agens,</strong></span> <span class='ocrx_word' id='word_1_767' title='bbox 2783 5259 2946 5328; x_wconf 88' lang='lat' dir='ltr'><strong>hujus</strong></span> <span class='ocrx_word' id='word_1_768' title='bbox 2982 5256 3308 5313; x_wconf 89' lang='lat' dir='ltr'><strong>Hebraicum</strong></span> <span class='ocrx_word' id='word_1_769' title='bbox 3337 5257 3515 5325; x_wconf 90' lang='lat' dir='ltr'><strong>ipsum</strong></span> 
     </span>
    </p>
   </div>
   <div class='ocr_carea' id='block_1_110' title="bbox 1935 5330 3520 5388">
    <p class='ocr_par' dir='ltr' id='par_1_110' title="bbox 1935 5330 3520 5388">
     <span class='ocr_line' id='line_1_110' title="bbox 1935 5330 3520 5388; baseline -0.005 -1"><span class='ocrx_word' id='word_1_770' title='bbox 1935 5332 1992 5388; x_wconf 89' lang='lat' dir='ltr'><strong>in</strong></span> <span class='ocrx_word' id='word_1_771' title='bbox 2004 5331 2327 5387; x_wconf 78' lang='lat' dir='ltr'><strong>Caesariensi</strong></span> <span class='ocrx_word' id='word_1_772' title='bbox 2347 5330 2677 5386; x_wconf 82' lang='lat' dir='ltr'><strong>bibliotheca</strong></span> <span class='ocrx_word' id='word_1_773' title='bbox 2705 5337 3044 5385; x_wconf 80' lang='lat' dir='ltr'><strong>asservatum</strong></span> <span class='ocrx_word' id='word_1_774' title='bbox 3068 5336 3229 5382; x_wconf 66' lang='lat' dir='ltr'><strong>aetate</strong></span> <span class='ocrx_word' id='word_1_775' title='bbox 3257 5341 3358 5381; x_wconf 88' lang='lat' dir='ltr'><strong>sua</strong></span> <span class='ocrx_word' id='word_1_776' title='bbox 3389 5341 3520 5380; x_wconf 60' lang='lat' dir='ltr'><strong>nar.</strong></span> 
     </span>
    </p>
   </div>
   <div class='ocr_carea' id='block_1_111' title="bbox 1936 5395 3520 5473">
    <p class='ocr_par' dir='ltr' id='par_1_111' title="bbox 1936 5395 3520 5473">
     <span class='ocr_line' id='line_1_111' title="bbox 1936 5395 3520 5473; baseline -0.003 -17"><span class='ocrx_word' id='word_1_777' title='bbox 1936 5410 2042 5468; x_wconf 83' lang='lat' dir='ltr'><strong>rat,</strong></span> <span class='ocrx_word' id='word_1_778' title='bbox 2070 5400 2368 5473; x_wconf 62' lang='lat' dir='ltr'><strong>cujussibi</strong></span> <span class='ocrx_word' id='word_1_779' title='bbox 2402 5416 2434 5454; x_wconf 91' lang='lat' dir='ltr'><strong>a</strong></span> <span class='ocrx_word' id='word_1_780' title='bbox 2463 5398 2738 5473; x_wconf 51' lang='lat' dir='ltr'><strong>Nazagaeis</strong></span> <span class='ocrx_word' id='word_1_781' title='bbox 2762 5395 3101 5473; x_wconf 78' lang='lat' dir='ltr'><strong>exscribendi</strong></span> <span class='ocrx_word' id='word_1_782' title='bbox 3134 5396 3520 5473; x_wconf 49' lang='grc' dir='ltr'><strong>[δοῦπος-[υθ-</strong></span> 
     </span>
    </p>
   </div>
   <div class='ocr_carea' id='block_1_112' title="bbox 1938 5465 3517 5539">
    <p class='ocr_par' dir='ltr' id='par_1_112' title="bbox 1938 5465 3517 5539">
     <span class='ocr_line' id='line_1_112' title="bbox 1938 5465 3517 5539; baseline -0.003 -13"><span class='ocrx_word' id='word_1_783' title='bbox 1938 5465 2039 5527; x_wconf 54' lang='lat' dir='ltr'><strong>rit.</strong></span> <span class='ocrx_word' id='word_1_784' title='bbox 2068 5465 2172 5527; x_wconf 71' lang='lat' dir='ltr'><strong>Sed</strong></span> <span class='ocrx_word' id='word_1_785' title='bbox 2206 5470 2589 5526; x_wconf 64' lang='lat' dir='ltr'><strong>Nazaraaorum</strong></span> <span class='ocrx_word' id='word_1_786' title='bbox 2617 5469 2968 5539; x_wconf 81' lang='lat' dir='ltr'><strong>Evangelium</strong></span> <span class='ocrx_word' id='word_1_787' title='bbox 3002 5482 3345 5539; x_wconf 81' lang='lat' dir='ltr'><strong>nequaquam</strong></span> <span class='ocrx_word' id='word_1_788' title='bbox 3380 5465 3517 5521; x_wconf 80' lang='lat' dir='ltr'><strong>Mat-</strong></span> 
     </span>
    </p>
   </div>
   <div class='ocr_carea' id='block_1_113' title="bbox 1944 5537 3522 5612">
    <p class='ocr_par' dir='ltr' id='par_1_113' title="bbox 1944 5537 3522 5612">
     <span class='ocr_line' id='line_1_113' title="bbox 1944 5537 3522 5612; baseline -0.002 -17"><span class='ocrx_word' id='word_1_789' title='bbox 1944 5543 2071 5598; x_wconf 70' lang='lat' dir='ltr'><strong>thzei</strong></span> <span class='ocrx_word' id='word_1_790' title='bbox 2100 5557 2420 5612; x_wconf 85' lang='lat' dir='ltr'><strong>germanum</strong></span> <span class='ocrx_word' id='word_1_791' title='bbox 2461 5540 2582 5595; x_wconf 78' lang='lat' dir='ltr'><strong>fuit.</strong></span> <span class='ocrx_word' id='word_1_792' title='bbox 2610 5537 2897 5612; x_wconf 68' lang='lat' dir='ltr'><strong>Postremo</strong></span> <span class='ocrx_word' id='word_1_793' title='bbox 2924 5537 3351 5612; x_wconf 66' lang='lat' dir='ltr'><strong>numjjehraica</strong></span> <span class='ocrx_word' id='word_1_794' title='bbox 3381 5543 3522 5612; x_wconf 79' lang='lat' dir='ltr'><strong>vete~</strong></span> 
     </span>
    </p>
   </div>
   <div class='ocr_carea' id='block_1_114' title="bbox 1945 5607 3522 5684">
    <p class='ocr_par' dir='ltr' id='par_1_114' title="bbox 1945 5607 3522 5684">
     <span class='ocr_line' id='line_1_114' title="bbox 1945 5607 3522 5684; baseline -0.005 -18"><span class='ocrx_word' id='word_1_795' title='bbox 1945 5614 1993 5666; x_wconf 90' lang='lat' dir='ltr'><strong>ri</strong></span> <span class='ocrx_word' id='word_1_796' title='bbox 2020 5607 2517 5684; x_wconf 8' lang='lat' dir='ltr'><strong>puraqueqlingua.</strong></span> <span class='ocrx_word' id='word_1_797' title='bbox 2537 5625 2615 5684; x_wconf 91' lang='lat' dir='ltr'><strong>an_</strong></span> <span class='ocrx_word' id='word_1_798' title='bbox 2639 5608 2884 5684; x_wconf 87' lang='lat' dir='ltr'><strong>Syriac_a,</strong></span> <span class='ocrx_word' id='word_1_799' title='bbox 2919 5607 3036 5684; x_wconf 78' lang='lat' dir='ltr'><strong>sive</strong></span> <span class='ocrx_word' id='word_1_800' title='bbox 3049 5607 3522 5684; x_wconf 82' lang='lat' dir='ltr'><strong>_Hicrosolymit_a-</strong></span> 
     </span>
    </p>
   </div>
   <div class='ocr_carea' id='block_1_115' title="bbox 1948 5677 3516 5752">
    <p class='ocr_par' dir='ltr' id='par_1_115' title="bbox 1948 5677 3516 5752">
     <span class='ocr_line' id='line_1_115' title="bbox 1948 5677 3516 5752; baseline -0.004 -16"><span class='ocrx_word' id='word_1_801' title='bbox 1948 5677 2051 5736; x_wconf 57' lang='lat' dir='ltr'><strong>na&quot;.</strong></span> <span class='ocrx_word' id='word_1_802' title='bbox 2080 5677 2401 5752; x_wconf 77' lang='lat' dir='ltr'><strong>volgarique</strong></span> <span class='ocrx_word' id='word_1_803' title='bbox 2452 5677 2755 5752; x_wconf 56' lang='lat' dir='ltr'><strong>Matthze&#39;us</strong></span> <span class='ocrx_word' id='word_1_804' title='bbox 2806 5677 3157 5752; x_wconf 82' lang='lat' dir='ltr'><strong>Evangelium</strong></span> <span class='ocrx_word' id='word_1_805' title='bbox 3214 5677 3516 5752; x_wconf 67' lang='lat' dir='ltr'><strong>scripserit,</strong></span> 
     </span>
    </p>
   </div>
   <div class='ocr_carea' id='block_1_116' title="bbox 1946 5744 3516 5821">
    <p class='ocr_par' dir='ltr' id='par_1_116' title="bbox 1946 5744 3516 5821">
     <span class='ocr_line' id='line_1_116' title="bbox 1946 5744 3516 5821; baseline -0.003 -14"><span class='ocrx_word' id='word_1_806' title='bbox 1946 5744 2285 5807; x_wconf 57' lang='lat' dir='ltr'><strong>nonnisi&#39;ex</strong></span> <span class='ocrx_word' id='word_1_807' title='bbox 2312 5744 2675 5821; x_wconf 65' lang='lat' dir='ltr'><strong>&#39;conjecturis</strong></span> <span class='ocrx_word' id='word_1_808' title='bbox 2724 5744 3068 5821; x_wconf 76' lang='lat' dir='ltr'><strong>pronuntiari</strong></span> <span class='ocrx_word' id='word_1_809' title='bbox 3121 5744 3337 5821; x_wconf 42' lang='lat' dir='ltr'><strong>potest.‘</strong></span> <span class='ocrx_word' id='word_1_810' title='bbox 3376 5744 3516 5802; x_wconf 72' lang='lat' dir='ltr'><strong>Nihil</strong></span> 
     </span>
    </p>
   </div>
   <div class='ocr_carea' id='block_1_117' title="bbox 1947 5818 3441 5895">
    <p class='ocr_par' dir='ltr' id='par_1_117' title="bbox 1947 5818 3441 5895">
     <span class='ocr_line' id='line_1_117' title="bbox 1947 5818 3441 5895; baseline -0.003 -18"><span class='ocrx_word' id='word_1_811' title='bbox 1947 5823 2093 5877; x_wconf 85' lang='lat' dir='ltr'><strong>enim</strong></span> <span class='ocrx_word' id='word_1_812' title='bbox 2127 5821 2263 5877; x_wconf 87' lang='lat' dir='ltr'><strong>certi</strong></span> <span class='ocrx_word' id='word_1_813' title='bbox 2296 5818 2676 5894; x_wconf 82' lang='lat' dir='ltr'><strong>exploratique</strong></span> <span class='ocrx_word' id='word_1_814' title='bbox 2702 5818 2771 5877; x_wconf 74' lang='lat' dir='ltr'><strong>ab</strong></span> <span class='ocrx_word' id='word_1_815' title='bbox 2795 5818 3339 5878; x_wconf 32' lang='lat' dir='ltr'><strong>auctoribus’discas.</strong></span> <span class='ocrx_word' id='word_1_816' title='bbox 3436 5888 3441 5895; x_wconf 27' lang='lat'><em>.</em></span> 
     </span>
    </p>
   </div>
  </div>
