3982 6436
547 350 651 408 407

1929 353 1986 407 5.
2028 352 2372 408 EPIPHANII

3682 356 3769 414 ωε

619 466 684 521 ll.
725 463 1009 537 Siquidem
1038 467 1212 523 Ebion
1245 469 1349 524 iste
1379 469 1624 540 priorum
1652 470 1867 526 illorum
1899 472 2125 541 aequalis

2300 472 2375 525 B'.
2437 461 2604 534 Οὗτος
2659 469 2767 541 γὰρ
2796 471 2825 523 ὁ
2866 467 3059 522 Ἑὸίων
3114 463 3405 538 σύγχρονος
3455 468 3551 538 μὲν
3598 467 3774 524 τούτων

550 555 678 621 fuit,
719 566 773 612 et
821 559 1064 614 eamdem
1115 575 1241 614 cum
1280 560 1416 631 ipsis
1459 561 1728 630 originem
1778 564 2007 632 accepit.
2051 567 2130 618 Ae

552 665 788 721 primum
825 667 855 705 e
887 651 1029 704 virili
1059 653 1355 707 concubitu
1386 668 1450 706 ac
1473 654 1701 721 semine,
1726 666 1856 725 puta
1879 653 2125 725 Josephi,

552 753 742 794 natum
785 757 908 797 esse
940 742 1218 798 Christum
1248 745 1508 809 asseruit,
1537 751 1598 799 ut
1638 757 1766 802 ante
1802 747 2130 818 significavi-

554 848 695 894 mus,
721 847 846 886 cum
877 835 952 887 ita
990 833 1231 888 diximus
1265 853 1277 889 :
1311 835 1457 890 hunc
1510 837 1672 908 126
1713 840 1925 893 caeteris
1958 839 2012 893 in
2040 855 2131 894 re-

552 921 654 977 bus
689 923 876 977 eadem
907 939 1030 978 cum
1069 925 1191 980 aliis
1235 928 1587 993 sentientem,
1633 931 1737 984 hac
1761 945 1869 984 una
1915 945 1974 985 re
2015 931 2131 987 dis-

550 1023 799 1078 crepare,
841 1011 990 1081 quod
1027 1011 1339 1069 Iudaeorum
1372 1017 1514 1072 ritus
1539 1032 1603 1071 ac
1639 1021 1994 1076 caremonias
2015 1037 2130 1075 am-

548 1102 738 1171 plexus
764 1103 870 1168 sit,
912 1104 1096 1178 veluti.
1124 1104 1449 1174 Sabbatum,
1501 1123 1566 1163 ac
1623 1110 2126 1177 cireuutcisionem,

546 1194 763 1264 aliaque
805 1194 860 1248 id
905 1211 1096 1266 genus,
1128 1198 1356 1267 perinde
1405 1208 1570 1270 atque
1612 1217 1642 1256 a
1692 1200 1898 1258 Iudaeis
1932 1219 1996 1258 ac
2031 1203 2132 1259 Sa-

546 1287 834 1342 maritanis
864 1287 1249 1344 observantur.
1282 1289 1424 1356 Quin
1450 1293 1614 1346 etiam
1652 1294 1807 1364 plura
1834 1295 1937 1350 iste
1963 1312 2128 1366 quam

544 1376 719 1432 Judaei
786 1377 1264 1436 Samaritanorum
1337 1383 1645 1439 imitatione
1723 1387 2124 1456 complectitur.

547 1469 682 1522 Nam
725 1471 916 1526 ethoc
947 1472 1170 1542 adjecit,
1229 1479 1290 1526 ut
1319 1473 1390 1528 ab
1435 1482 1794 1530 externorum
1843 1477 2128 1534 hominum

546 1569 698 1616 tactu
749 1578 873 1618 sese
914 1564 1246 1628 contineret,
1301 1573 1470 1636 utque
1499 1567 1697 1623 diebus
1725 1569 1960 1639 singulis
1993 1585 2130 1640 quo-

548 1653 652 1708 ties
680 1655 966 1710 mulierem
997 1657 1286 1726 attigisset,
1325 1658 1394 1713 ab
1433 1658 1664 1729 ejusque
1692 1661 1978 1730 complexu
2005 1675 2131 1716 sur-

547 1749 720 1809 geret,
753 1755 894 1811 aqua
929 1758 1051 1798 sese
1089 1744 1388 1813 prolueret,
1426 1746 1600 1802 sicubi
1634 1747 1752 1816 ejus
1779 1757 1925 1804 esset
1951 1751 2126 1820 cepia,

2233 563 2496 632 ὑπῆρχεν,
2547 562 2640 614 ἀπ’
2677 559 2855 613 αὐτῶν
2914 559 2972 612 δὲ
3035 559 3133 612 σὺν
3187 559 3367 623 αὐτοῖς
3419 561 3658 632 ὁρμᾶται.
3710 563 3776 616 Τὰ

2232 654 2423 726 πρῶτα
2472 653 2529 706 δὲ
2577 655 2642 706 ὲκ
2681 653 3024 724 παρατριϐῆς
3081 653 3175 706 καὶ
3236 653 3546 724 σπέρματος
3584 651 3777 723 ἀνδρδς,

2228 747 2474 801 τουτέστι
2502 747 2598 799 τοῦ
2615 747 2834 816 Ἰωσὴφ,
2855 745 2946 797 τὸν
2971 745 3207 817 Χριστὸν
3225 742 3580 814 γεγεννῆσθαι
3601 743 3778 812 ἔλεγεν,

2230 841 2307 900 ὡς
2329 840 2424 892 καὶ
2446 839 2548 910 ἤδη
2578 840 2712 908 ἡμῖν
2750 839 3099 909 προείρηται,
3130 838 3213 890 ὅτι
3243 837 3322 889 Τά
3362 835 3455 889 ἴσα
3486 837 3596 898 τοῖς
3625 834 3780 899 ἀλλοις

2230 933 2288 984 ὲν
2314 931 2486 984 ἆπασι
2517 929 2750 999 φρονῶν,
2785 931 2844 982 ὲν
2875 927 3049 999 τούτῳ
3086 928 3234 1000 μόνῳ
3281 926 3559 999 διεφέρετο
3600 967 3618 996 ,
3727 930 3778 984 ἐν

2228 1023 2306 1093 τῷ
2339 1023 2488 1093 νόμῳ
2520 1022 2614 1075 τοῦ
2661 1020 2995 1092 Ἰουδαϊσμοῧ
3041 1021 3400 1093 προσανέχειν
3432 1019 3568 1072 κατά
3604 1018 3780 1072 σαδὸα·

2227 1114 2440 1183 τισμὸν,
2464 1111 2724 1167 καὶκατὰ
2755 1113 2855 1184 τὴν
2891 1112 3194 1183 περιτομὴν
3217 1151 3233 1178 ,
3275 1111 3371 1163 καὶ
3407 1109 3548 1164 κατὰ
3579 1108 3643 1162 τὰ
3668 1108 3778 1166 ἄλλα

2229 1206 2406 1259 πάντα
2433 1247 2448 1269 ,
2507 1206 2713 1276 ὅσαπερ
2762 1204 2912 1275 παρά
2978 1202 3253 1266 Ἰουδαίοις
3309 1203 3403 1255 καὶ
3448 1200 3779 1270 Σαμαρείταις

2232 1296 2578 1352 ἐπιτελεῖται.
2634 1297 2754 1349 Ἔτι
2799 1295 2857 1347 δὲ
2912 1295 3082 1350 πλείω
3131 1287 3290 1358 οὗτος
3335 1291 3486 1363 παρὰ
3519 1293 3635 1354 τοὺς
3681 1291 3781 1344 ’ῐου-

2227 1388 2406 1451 δαίους
2429 1387 2630 1457 ὁμοίως
2659 1389 2771 1449 τοῖς
2796 1387 3166 1458 Σαμαρείταις
3191 1385 3597 1454 διαπράττεται.
3630 1386 3776 1454 [lpos-

2229 1479 2381 1532 έθετο
2408 1478 2516 1550 γὰρ
2549 1477 2610 1530 τὸ
2633 1477 3068 1548 παρατηρεῖσθαι
3091 1475 3358 1530 ἀπτεσθαί
3380 1493 3540 1528 τινων
3567 1475 3666 1528 τῶν
3699 1475 3779 1528 ἀλα

2228 1569 2456 1624 λοεθνῶν
2481 1584 2494 1598 °
2532 1567 2652 1622 καθ’
2705 1567 2943 1638 εκάστην
2975 1567 3032 1620 δὲ
3083 1567 3317 1638 ἡμέραν,
3353 1566 3408 1619 εῐ
3434 1583 3560 1619 ποτε
3591 1560 3778 1635 γυναικὶ

2231 1659 2550 1730 συναφθείη,
2609 1659 2704 1712 καὶ
2738 1659 2834 1712 ἀπ’
2869 1657 3038 1728 αὐτῆς
3085 1659 3315 1729 ἀναστῇ,
3349 1655 3694 1727 βαπτίζεσθαι
3731 1657 3778 1710 ὲν

2226 1754 2341 1816 τοῖς
2369 1751 2581 1816 ὕδασιν,
2606 1752 2762 1804 εῐπου
2790 1749 2847 1802 δὲ
2877 1748 2944 1803 ἂν
2980 1749 3242 1820 εὑποροίη
3269 1747 3302 1819 ἢ
3335 1748 3606 1819 θαλάσσης
3644 1748 3674 1819 ἢ
3704 1749 3778 1802 ἆλ-

551 1833 782 1888 marinaa
812 1833 1064 1890 videlicet
1114 1845 1208 1890 aut
1253 1837 1481 1893 alterius
1527 1839 1760 1908 generis.
1793 1836 1948 1906 Quod
1979 1841 2024 1896 si
2057 1842 2128 1897 ab

2233 1844 2334 1897 λων
2390 1842 2618 1898 ὑδάτων.
2663 1840 2824 1895 Ἀλλά
2867 1841 2962 1894 καὶ
3010 1841 3060 1892 εί
3101 1839 3458 1912 συναντήσειέ
3501 1857 3603 1894 τινι
3642 1839 3781 1893 ἀνιὼν

549 1925 641 1978 illa
671 1925 873 1981 lotione
912 1937 976 1982 a'c
1021 1927 1295 1985 mer‘sione
1341 1930 1560 1986 rediens
1593 1932 1648 1984 in
1689 1932 2001 2002 quempiam
2047 1931 2129 1987 in-

547 2025 758 2080 currat,
793 2017 974 2073 den‘uo
1003 2019 1072 2074 ad
1097 2020 1426 2076 abluendnm
1457 2035 1599 2086 sese,
1638 2036 1782 2094 stepe
1806 2023 1972 2077 etiam
2001 2037 2127 2079 cum

547 2107 684 2177 ipsis
713 2110 1064 2167 vestimentis
1095 2113 1423 2182 regreditur.
1459 2113 1632 2169 Hodie
1681 2129 1808 2170 vero
1836 2115 2128 2186 virginitas

545 2200 686 2269 apud
725 2200 851 2256 illos
890 2211 946 2256 et
979 2203 1207 2259 castitas
1240 2205 1467 2258 omnino
1513 2206 1856 2276 prohibetur,
1891 2206 1944 2260 id
1982 2207 2127 2277 quod

544 2298 600 2346 et
626 2301 835 2346 caeteras
858 2307 1050 2348 omnes
1079 2293 1350 2362 ejusmodi
1387 2296 1623 2351 haereses
1659 2307 1946 2367 usurpant.
1993 2296 2127 2351 Nam

544 2383 676 2436 olim
706 2383 774 2438 de
817 2384 1135 2454 virginitate
1186 2386 1407 2456 gloriari
1458 2388 1726 2451 solebant,
1767 2388 2026 2443 nimirum
2059 2389 2129 2444 ob

545 2472 810 2530 Iacobum
842 2474 1065 2531 fratrem
1097 2475 1313 2532 Domini
1346 2492 1363 2530 τ
1395 2478 1643 2549 adeoque
1675 2479 1848 2534 libros
1898 2494 2030 2535 suos
2061 2480 2127 2534 ad

545 2566 794 2621 seniores
819 2574 876 2621 et
901 2567 1144 2638 virgines
1165 2568 1498 2623 inscribunt.
1536 2569 1641 2626 Sed
1671 2569 1836 2639 hujus
1871 2569 2129 2628 factionis

545 2657 832 2712 exordium
886 2665 1009 2728 post
1069 2657 1585 2732 llierosolymitanae
1649 2661 1802 2716 urbis
1853 2662 2126 2717 excidium

547 2748 735 2818 ccepit.
768 2746 889 2814 Quo
918 2757 1163 2822 tempore
1184 2750 1485 2806 Christiani
1505 2767 1696 2808 omnes
1718 2767 1842 2807 cum
1871 2754 1926 2807 in
1945 2751 2128 2808 Persa

547 2836 826 2907 degerent,
859 2845 1022 2909 atque
1050 2839 1105 2893 in
1152 2843 1289 2897 urbe
1321 2839 1470 2896 Pella
1513 2842 1883 2912 potissimum,
1917 2859 2038 2915 quae
2072 2845 2125 2899 in

547 2927 938 3004 Decapelitana
976 2930 1257 3006 provincia
1300 2939 1406 3003 est,
1435 2931 1593 3009 cujus
1641 2941 1822 2993 exstat
1855 2937 1908 2989 in
1952 2933 2130 2990 Evan-

547 3027 691 3096 gelio
717 3015 924 3081 mentio
969 3028 1009 3092 ί,
1053 3043 1222 3099 prepe
1255 3028 1562 3084 Batanaaam
1611 3047 1674 3086 ac
1711 3027 2079 3087 Basanitidcm
2109 3045 2124 3082 :

547 3130 674 3168 eum
710 3115 844 3179 illic,
878 3116 1122 3186 inquam,
1169 3117 1510 3174 domicilium
1559 3122 1944 3190 collocassent,
1996 3123 2126 3178 hinc

548 3206 742 3261 Ebioni
771 3205 896 3260 data
933 3216 1017 3264 est
1049 3211 1385 3296 propagandi
1413 3213 1620 3269 erroris
1660 3215 1905 3269 occasio.
1937 3214 2041 3280 Qui
2070 3215 2128 3269 in

548 3313 690 3369 pago
743 3299 980 3369 quodam
1039 3299 1257 3357 Cocabe
1295 3302 1351 3357 in
1413 3307 1636 3374 regione
1685 3305 2126 3373 Carnaimorum,

549 3392 770 3446 Arnemi
803 3399 856 3447 et
881 3393 1326 3462 Astarotharum,
1359 3404 1413 3452 et
1453 3398 1787 3456 Basanitidis
1821 3409 2000 3457 tractu
2029 3403 2129 3456 ha-

549 3483 726 3537 bitare
779 3483 968 3552 ccepit,
999 3485 1462 3554 quemadmodum
1509 3497 1664 3545 vetus
1708 3492 1775 3545 ad
1820 3508 1922 3547 nos
1958 3508 2134 3564 usque

549 3572 696 3626 fama
727 3575 972 3645 pertulit.
1022 3573 1153 3630 Inde
1199 3576 1368 3648 igitur
1405 3578 1625 3650 pessimi
1669 3583 2004 3652 praedicandi
2031 3586 2133 3639 do-

549 3666 752 3734 gmatis
779 3665 998 3720 initium
1039 3670 1298 3739 sumpsit,
1325 3670 1472 3725 unde
1505 3679 1560 3726 et
1596 3673 1794 3742 impios
1822 3673 2132 3731 Nazarenos

550 3755 791 3826 cmpisse
837 3756 1151 3816 docuimus.
1200 3761 1374 3816 Ambo
1425 3766 1568 3817 enim
1622 3765 1839 3820 collatis
1873 3766 2016 3822 inter
2071 3763 2172 3823 se'

550 3850 826 3920 capitibus
860 3866 1014 3906 suam
1067 3853 1206 3908 alter
1239 3869 1363 3908 cum
1415 3855 1588 3910 altero
1631 3858 2036 3928 improbitatem
2069 3875 2133 3915 ac

552 3941 855 4013 nequitiam
888 3944 1336 3999 communicavit.
1374 3946 1553 4016 Atque
1590 3950 1692 4004 etsi
1730 3949 2133 4018 quadamtenus

553 4050 586 4088 a
615 4050 674 4090 se
713 4043 904 4090 mutuo
949 4035 1275 4102 dissideant,
1321 4037 1374 4092 in
1409 4039 1772 4110 excogitando
1805 4050 1984 4097 tamen
2011 4060 2136 4114 pra-

551 4126 779 4183 vissimo
803 4126 1054 4200 dogmate
1084 4143 1206 4184 sese
1236 4129 1468 4184 invicem
1501 4143 1911 4202 expresserunt.
1963 4135 2136 4191 Caete-

551 4235 675 4276 rum
718 4221 940 4276 memini
974 4237 1059 4276 me
1099 4223 1223 4278 aliis
1263 4223 1316 4288 in
1352 4223 1510 4288 locis,
1543 4241 1666 4279 cum
1701 4227 1966 4283 adversus
1997 4229 2134 4284 alias

553 4311 791 4367 haereses
839 4313 1247 4382 contenderem,
1301 4314 1368 4369 de
1423 4314 1768 4371 Cocaborum
1819 4318 1930 4373 situ
1973 4326 2136 4390 atque

553 4401 754 4457 Arabia
783 4402 1113 4472 disputasse.

2227 1934 2336 1988 ἀπὸ
2384 1934 2484 2003 τῆς
2526 1934 2635 1987 τῶν
2668 1933 2876 1988 ὑδάτων
2935 1932 3285 1994 καταδύσεως
3323 1932 3423 1986 καὶ
3480 1929 3776 2002 βατπισμοῦ,

2226 2019 2488 2084 ὡσαύτως
2510 2019 2672 2073 πάλιν
2707 2017 2995 2090 ἀνατρέχει
3023 2018 3402 2090 βαπτίζεσθαι,
3437 2019 3679 2084 πολλάκις
3703 2019 3778 2072 καὶ

2229 2113 2326 2166 σὺν
2357 2117 2471 2177 τοῖς
2511 2114 2766 2184 ἱματίοις.
2800 2112 2881 2167 Ta
2902 2113 2996 2165 νῦν
3019 2112 3082 2166 δὲ
3104 2113 3482 2184 ἀπηγόρευται
3499 2112 3778 2168 παντάπασι

2228 2207 2358 2276 παρ’
2407 2205 2591 2268 αὑτοῖς
2651 2203 2920 2276 παρθενία
2970 2203 3165 2256 τεκαὶ
3222 2204 3543 2276 ἐγκράτεια,
3596 2203 3664 2266 ὡς
3701 2203 3778 2255 καὶ

2227 2295 2381 2368 παρά
2408 2299 2530 2360 ταῖς
2559 2296 2745 2360 ἄλλαις
2785 2297 2998 2367 ὁμοίαις
3027 2294 3200 2368 ταύτῃ
3235 2297 3503 2368 αἱρέσεσι.
3536 2296 3661 2350 Ποτὲ
3687 2295 3775 2365 γὰρ

2227 2388 2530 2460 παρθενίαν
2579 2387 2958 2458 ἐσεμνύνοντο,
2991 2386 3152 2459 δῆθεν
3180 2387 3268 2441 διὰ
3312 2389 3408 2440 τὸν
3441 2387 3678 2441 Ἰάκωϐον
3704 2386 3777 2438 τὸν

2228 2481 2452 2550 ἀδελφὸν
2509 2475 2604 2533 τοῦ
2654 2480 2881 2550 Κυρίου,
2937 2481 3030 2532 καὶ
3062 2478 3132 2531 τά
3173 2477 3355 2532 αὑτῶν
3407 2479 3776 2549 συγγράμματα

2228 2571 2622 2643 πρεσϐυτέροις
2653 2571 2748 2624 καὶ
2801 2569 3099 2642 παρθένοις
3136 2571 3432 2640 γράφουσι.
3475 2570 3654 2637 Γέγονε
3681 2569 3777 2636 δὲὴ

2228 2664 2370 2734 ἀρχὴ
2400 2662 2592 2715 τούτου
2621 2661 2734 2731 (12)
2751 2659 2889 2731 μετά
2915 2661 3013 2731 τὴν
3034 2659 3138 2712 τῶν
3172 2660 3562 2732 Ἰεροσολύμων
3587 2658 3773 2712 ἅλωσιν.

2242 2755 2459 2825 Ἐπειδὴ
2524 2753 2634 2824 γάρ
2673 2753 2874 2816 πάντες
2922 2751 2972 2806 οἱ
3018 2753 3099 2815 είς
3125 2750 3368 2825 Χριστὸν
3397 2751 3775 2812 πεπιστευκότες

2227 2847 2326 2917 τὴν
2359 2845 2600 2918 Περαίαν
2624 2846 2743 2898 κατ’
2777 2844 2954 2898 ἐκεῖνο
2981 2844 3176 2914 καιροῦ
3210 2844 3538 2915 κατῴκησαν
3565 2843 3620 2896 τὸ
3647 2841 3777 2896 πλέον

2229 2939 2288 2990 ὲν
2315 2937 2490 3008 Πέλλῃ
2523 2937 2627 2990 τινὶ
2655 2937 2807 2990 πόλει
2861 2933 3171 3008 καλουμένῃ
3199 2933 3296 3006 τῆς
3328 2935 3668 2997 Δεκαπόλεως
3698 2931 3775 3001 τῆς

2229 3030 2287 3083 ὲν
2313 3028 2390 3098 τῷ
2433 3028 2749 3098 Εὑαγγελίῳ
2779 3025 3198 3100 γεγραμμένης,
3230 3028 3464 3100 πλησίον
3502 3027 3594 3098 τῆς
3627 3026 3773 3077 Βατα-

2228 3119 2384 3188 ναίας
2437 3121 2533 3175 καὶ
2583 3120 2929 3186 Βασανίτιδος
2985 3121 3192 3193 χώρας,
3236 3120 3295 3174 τδ
3349 3118 3641 3193 τηνικαῦτα
3685 3116 3776 3168 ἐκεῖ

2235 3217 2704 3290 μεταναστάντων,
2736 3217 2831 3270 καὶ
2856 3217 3033 3268 ἐκεῖσε
3083 3211 3469 3286 διατριϐόντων
3493 3205 3773 3274 αὐτῶν,-γέ-

2231 3327 2384 3378 γονεν
2409 3310 2473 3362 ὲκ
2525 3309 2711 3362 τούτου
2767 3309 3040 3381 πρόφασις
3068 3307 3147 3378 τῷ
3181 3304 3419 3360 Ἑϐίωνι.
3454 3303 3560 3359 Καὶ
3589 3304 3774 3373 ἄρχεται

2235 3403 2334 3473 μὲν
2355 3403 2454 3473 τὴν
2492 3402 2810 3473 κατοίκησιν
2842 3400 2990 3471 ἔχειν
3023 3401 3079 3451 ὲν
3117 3395 3367 3470 Κωκάεῃ
3397 3395 3501 3449 τινὶ
3520 3392 3677 3463 ’κώμῃ
3703 3387 3774 3442 ἐπὶ

2231 3493 2298 3546 τὰ
2333 3493 2474 3566 μέρη
2500 3494 2600 3564 τῆς
2626 3491 2906 3564 Καρναῗμ,
2953 3491 3172 3562 Ἀρνὲμ,
3197 3489 3290 3541 καὶ
3326 3485 3621 3558 Ἀσταρὼθ,
3651 3486 3700 3536 ὲν

2233 3586 2542 3641 Βασανίτιδι
2587 3584 2762 3658 χώρᾳ,
2801 3584 2878 3648 ὡς
2926 3585 2959 3655 ἡ
3011 3582 3240 3636 ἐλθοῦσα
3297 3583 3380 3644 είς
3422 3581 3566 3650 ἡμᾶς
3613 3573 3776 3644 γνῶσις

2234 3680 2499 3752 περιέχει.
2541 3677 2995 3750 Ἔνθεν,ἀρχεται
3027 3677 3123 3752 τῆς
3155 3675 3332 3744 κακῆς
3375 3667 3534 3729 αὑτοῦ
3567 3671 3776 3724 διδασκαι

2233 3772 2374 3837 λίας.
2415 3771 2536 3826 ὅθεν
2587 3771 2745 3841 δῆθεν
2775 3770 2869 3825 καὶ
2907 3770 2954 3822 oi
2991 3767 3302 3840 Ναζαρηνοὶ
3329 3768 3382 3820 οἱ
3417 3766 3598 3836 ἄνομοι
3627 3759 3776 3831 προδεκ

2233 3863 2524 3935 δήλωνται.
2557 3861 2858 3932 Συναφθεὶς
2908 3861 3017 3932 γὰρ
3039 3853 3192 3922 οὗτος
3217 3859 3471 3921 ἐκείνοις,
3502 3854 3590 3910 καὶ
3615 3852 3776 3906 ἐκεῖνοι

2233 3953 2431 4022 τούτῳ,
2455 3952 2714 4023 ἑκάτερος
2741 3951 2848 4006 ἀπὸ
2869 3950 2968 4021 τῆς
2990 3949 3182 4004 ἑαυτοῦ
3213 3948 3514 4020 μοχθηρίας
3541 3945 3612 4015 τῷ
3638 3940 3775 4009 ἑτέρῳ

2239 4045 2532 4116 μετέδωκε.
2555 4045 2667 4098 Kal.
2689 4044 3037 4114 διαφέρονται
3079 4042 3176 4113 μὲν
3200 4041 3390 4112 ἕτερος
3421 4040 3552 4111 πρὸς
3581 4035 3660 4088 τὸν
3683 4031 3776 4082 ἓτε-

2239 4153 2332 4207 ρον
2359 4135 2502 4189 κατά
2522 4153 2594 4200 τι,
2631 4136 2689 4188 ἐν
2711 4135 2850 4205 δὲτῇ
2878 4133 3138 4204 κακονοίᾳ
3164 4131 3428 4203 ἀλλήλους
3449 4132 3549 4184 ἀπε
3557 4125 3773 4199 pegma.

2241 4227 2378 4298 ἾΙδη
2409 4227 2466 4280 δέ
2496 4245 2585 4299 μοι
2618 4227 2712 4280 καὶ
2745 4229 2802 4280 ὲν
2819 4224 3006 4292 ,ἄλλοις
3033 4226 3230 4292 λόγοις,
3259 4225 3352 4278 καὶ
3371 4224 3508 4278 κατά
3530 4221 3619 4283 τὰς
3646 4215 3775 4273 ἄλλας

2236 4320 2482 4391 αἱρέσεις
2529 4321 2659 4391 περὶ
2712 4321 2810 4391 τῆς
2854 4318 3177 4382 τοποθεσίας
3227 4317 3529 4377 Κωκάὸων,
3577 4311 3658 4366 καὶ
3699 4305 3774 4373 τῆς

2251 4412 2509 4483 Ἀραϐίας
2536 4413 2624 4466 διὰ.
2655 4413 2892 4475 πλάτους
2912 4412 3148 4482 εἴρηται.
3657 4419 3665 4427 ’

625 4493 713 4548 Ill.
758 4494 1038 4566 Principio
1068 4496 1237 4567 igitur
1288 4495 1482 4562 Ebion,
1516 4505 1576 4552 ut
1624 4497 1759 4563 dixi,
1798 4499 2076 4555 Christum
2107 4516 2132 4556 e

2311 4502 2386 4555 I".
2425 4504 2534 4556 Kal.
2581 4501 2642 4556 τὸ
2680 4503 2779 4573 μὲν
2835 4503 3051 4574 πρῶτον
3083 4501 3192 4573 (15)
3237 4501 3265 4554 ὁ
3313 4498 3523 4560 Ἐϐίων,
3549 4495 3618 4555 ὡς
3645 4489 3771 4557 ἔφηνν

555 4587 656 4641 viri
695 4587 924 4652 semine,
956 4587 1214 4642 nimirum
1248 4587 1492 4660 Joscphi,
1525 4590 1766 4660 genitum
1808 4591 2132 4648 afﬁrmabat.

629 4742 644 4772 ¹
679 4741 869 4801 Matth.
899 4758 970 4808 ιν,
1011 4741 1117 4810 25;
1158 4741 1329 4797 Marc.
1360 4757 1414 4809 ν,
1448 4743 1541 4809 20,
1566 4751 1621 4800 et
1655 4761 1750 4813 vit,
1786 4745 1874 4800 5L

626 4901 740 4974 (12)
778 4902 1004 4974 Γέγονε
1042 4901 1110 4974 δὲ
1144 4904 1182 4971 ἡ
1209 4903 1366 4973 ἀρχὴ
1401 4905 1647 4974 τούτου.
1687 4904 1756 4957 At
1787 4903 1984 4960 Chron.
2011 4907 2136 4962 Ale-

551 4972 719 5027 ποκά.
752 4988 806 5042 p.
849 4973 975 5038 597,
1016 4972 1186 5029 refert
1227 4972 1374 5028 anno
1399 4973 1620 5043 Trajani
1645 4989 1776 5042 vm,
1809 4974 2055 5033 Candide
2082 4986 2137 5034 et

552 5043 830 5110 Quadrato
861 5059 1008 5100 coss.
1047 5043 1428 5098 Ebionitarum
1457 5046 1750 5101 emersisse
1778 5054 2005 5102 sectam.

624 5114 888 5186 (15)](αὶ
937 5113 1005 5167 τὸ
1046 5113 1165 5186 μὲν
1201 5115 1454 5183 πρῶτον.
1498 5113 1707 5184 Duplex
1757 5115 2138 5176 Ebionitarum

555 5183 727 5240 factio
755 5183 885 5249 fuit;
913 5183 1159 5255 nam'alii
1192 5199 1405 5239 merum
1432 5200 1492 5239 ac
1523 5183 1824 5255 simplicem
1859 5188 2136 5245 hominem

553 5256 876 5336 asserebant
896 5270 1032 5337 “esse
1063 5253 1299 5337 Iesum,"
1312 5263 1479 5337 atque
1510 5271 1538 5308 a
1567 5253 1806 5337 {psepho
1857 5256 2138 5329 Mariaque

552 5327 827 5398 genitum;
861 5324 954 5379 alii
982 5340 1012 5379 e
1040 5332 1235 5398 saneto
1266 5325 1482 5398 Spiritu
1487 5342 1533 5398 _a
1571 5324 1794 5398 Virgine
1824 5324 2141 5398 susceptum

553 5395 630 5448 ita
668 5394 998 5462 fatebantur,
1035 5396 1113 5449 uti
1145 5394 1321 5449 Deum‘
1362 5411 1427 5450 ac
1461 5395 1697 5451 Verbum
1747 5411 1889 5462 esse,
1919 5394 2014 5452 aut
2043 5415 2142 5454 ex-

556 5464 766 5538 stitisse
813 5473 970 5518 antea
1022 5474 1305 5538 negarent.
1343 5467 1613 5522 Eusebius
1649 5467 1754 5538 lib.
1778 5483 1858 5535 ιιι,
1893 5482 2014 5538 cap.
2042 5471 2137 5523 2|.

555 5533 822 5610 Origenes
867 5545 1051 5610 contra
1095 5533 1307 5610 Celsum
1356 5546 1488 5610 to_m.
1527 5553 1566 5590 ιι
1593 5556 1605 5590 :
1636 5533 1936 5610 Ἐὁί-ωνς-τε
1963 5533 2084 5610 ’γὰρ
2113 5539 2142 5590 ὁ

556 5602 978 5672 πτωχὸς-παρά
1011 5606 1286 5670 Ἰουδαίοις
1339 5608 1622 5672 καλεῖται,
1682 5607 1776 5660 καὶ
1830 5602 2140 5662 Ἐσιωναῖοι

555 5670 986 5750 χρηματίζουσιν
1015 5675 1065 5725 οἱ
1093 5676 1198 5728 ἀπὸ
1226 5678 1504 5750 [ἰουδαίων
1544 5670 1636 5731 τὸν
1671 5677 1883 5750 Ἰησοῦν
1907 5678 1981 5742 ὡς
2010 5682 2141 5750 ξίρι-

559 5739 686 5796 am
711 5739 1166 5817 παραδεξάμενοι.
1211 5748 1459 5813 Quorum
1505 5765 1700 5817 genera
1733 5739 1820 5800 illa
1855 5739 1973 5800 duo
1998 5747 2035 5802 t'.
2063 5739 2134 5802 ἰιι

557 5807 1174 5866 οοωωεὼοταῑίθῧτω
1211 5807 1281 5869 ’δέ
1330 5820 1463 5870 εἰσιν
1505 5807 1561 5871 ὶὶι
1607 5818 1773 5872 διττοῖ
1811 5818 2132 5879 Ἐϐιωναῖοι,

2241 4595 2474 4666 Χριστὸν
2508 4597 2572 4649 ὲκ
2599 4596 2913 4666 σπέρματος
2949 4594 3159 4666 ἀνδρὸς,
3187 4591 3433 4646 τουτέστι
3470 4587 3558 4641 τοῦ
3594 4579 3770 4648 Ἰωσὴφ.

2238 4907 2357 4987 ἥτρι
2383 4908 2446 4987 ἐπε
2474 4906 2750 4987 Περοέξου
2779 4898 3166 4987 ὁμολοῐοδλίτες
3193 4901 3402 4987 ,εἶείκὲίφς
3429 4901 3557 4987 ἡμῖν(
3584 4889 3771 4987 ibi}?

2241 4971 2387 5038 σοῦν,
2418 4978 2450 5045 ἢ
2489 4971 2588 5048 οὐχ
2624 4977 2768 5029 οὕτω
2797 4971 3146 5048 γεὲν-ἧσθαι.
3181 4973 3298 5024 ἀλλ’
3326 4971 3399 5034 ὡς
3440 4971 3559 5048 τοὺς

2241 5038 2588 5118 ἀνθρώπουᾷ
2617 5038 2820 5101 Verum
2868 5038 3250 5118 Ebionazorum
3295 5055 3488 5118 neme!)
3531 5038 3770 5118 ιειῑιξεησξξς

2240 5099 2902 5189 tendissev‘ider—ipotest
2937 5113 3224 5189 Origenes,
3253 5119 3344 5189 _ut
3383 5099 3770 5189 Ebionaros‘illuf

2243 5187 2514 5260 appellet}
2541 5188 2632 5258 qui
2665 5175 2789 5260 cui".
2815 5183 3016 5260 ειὲίοςιυί
3037 5175 3110 5237 ac
3138 5183 3340 5260 ΕΙιῐίειί
3367 5175 3770 5260 (ἓίνὲηὲιδιθὲἓξέ

2244 5248 2532 5321 sentirent,
2559 5248 2689 5312 cum
2731 5248 3045 5310 Christiana
3081 5253 3340 5322 religione
3369 5248 3610 5322 Judaieas
3634 5249 3769 5322 (πεῖθ’

2203 5389 2213 5400 ο
2245 5313 2458 5383 monias
2496 5313 2905 5400 amplectendas
2947 5313 3768 5400 crederent._QUOdm‘jmdﬂ'ﬂﬁ

2242 5417 2330 5453 mo
2364 5415 2400 5452 ιι
2435 5399 2538 5452 sub
2580 5383 2796 5452 initium
2842 5394 3154 5464 signiﬁcare
3187 5383 3414 5464 videtur.
3448 5383 3767 5464 Theodgrgllls

2243 5447 2327 5557 δὲ’
2348 5447 3766 5560 Elide—2953.5?—59939913532223321:33353’32;

2246 5541 2353 5608 sine
2379 5540 2471 5592 καὶ
2500 5541 2598 5610 τῆς
2618 5537 2836 5610 Μαρίοις
2852 5528 3020 5610 ἔφησέ
3041 5528 3398 5610 γεγενῆἱθαει
3413 5528 3744 5610 ἔνθρέυῗῗῖἐξὲ

2247 5585 2601 5679 85‘Jal'7ipé5éﬁ
2619 5585 2834 5661 ’ἑέῗέᾶῖ
3213 5585 3319 5679 τῶν
3348 5585 3765 5679 allisa-8t???th

2641 5654 2732 5731 1.3»
2775 5654 3065 5730 Μωσαῖιίὸν
3100 5654 3443 5746 πολιτεύοντα
3459 5664 3627 5746 νόμον.
3653 5654 3762 5720 [δεεο

2252 5740 2643 5816 πολιτεύονται,
2677 5764 2852 5818 neque
2880 5747 2948 5801 ad
2981 5745 3258 5800 Christum
3290 5740 3470 5796 referri
3499 5740 3632 5804 pulos
