3982 6432
346 333 454 394 ιοθ

982 329 1354 386 ADVERSUS
1395 328 1738 388 llASRESES
1777 331 1906 389 Llli.
1947 332 1988 388 1.
2034 333 2200 390 ΤΟΜ.
2243 333 2382 390 ll.—
2424 334 2697 392 "IERES.
2740 335 2911 393 XXX.

3515 339 3620 399 M0

347 447 612 522 ὡρίζετοο
637 446 704 500 ἐκ
731 445 922 516 χρόνου
949 444 1005 498 δέ
1034 461 1180 508 τινος
1232 447 1328 498 καὶ
1360 445 1522 518 δεῦρο
1561 449 1609 501 oi
1645 447 1834 512 αὑτοῦ,
1869 449 1940 511 ὼς

2050 447 2251 506 Verum
2287 451 2574 522 aliquanto
2628 453 2697 508 ab
2735 452 2867 506 hinc
2903 458 3146 522 tempore
3193 452 3248 506 in
3299 451 3624 509 hodiernum

346 544 432 606 είς
459 539 760 594 ἀσύστατον
789 538 885 592 καὶ
908 537 1193 608 ἀμήχανον
1221 537 1524 608 τρέψαντες
1547 539 1638 593 τὸν
1664 541 1794 594 ἴδιον
1815 539 1938 594 νοῦν

346 633 499 690 mm
529 632 705 696 ἄλλως
752 631 885 702 παρ’
913 630 1098 694 αὐτοῖς
1144 629 1385 700 Χριστοῦ
1427 631 1762 702 διηγοῦνται.
1787 633 1941 704 Τάχα

345 722 405 776 δὲ
445 717 599 793 οἴμαι
645 720 754 777 ἀπὸ
795 720 890 774 τοῦ
940 719 1280 790 συναφθῆναι
1333 721 1516 784 αὐτοῖς
1575 722 1822 787 Ἦλξαῖον
1846 723 1940 777 τὸν

346 814 822 886 ψευδοπροφήτην,
854 811 948 866 τὸν
975 813 1126 883 παρὰ
1154 815 1267 876 τοῖς
1308 812 1604 884 Ἀμψηνοϊς
1639 816 1654 844 ¹
1697 814 1791 867 καὶ
1828 815 1943 868 Ὀσ-

346 907 534 976 σηνοῖς
589 903 687 958 καὶ
745 903 1114 966 Ἐλκεσσαίοις
1171 902 1552 974 καλουμένοις,
1611 904 1687 968 ὡς
1733 905 1939 970 ἐκεῖνος

345 995 654 1064 φαντασίαν
708 993 832 1048 τινὰ
874 994 1005 1066 περὶ
1040 993 1280 1066 Χριστοῦ
1337 995 1627 1065 διηγεῖται,
1677 995 1771 1048 καὶ
1810 995 1939 1066 περὶ

346 1087 668 1158 Πνεύματος
696 1086 875 1155 ἁγίου.
908 1084 1065 1148 Τινὲς
1091 1086 1201 1154 γὰρ
1228 1084 1287 1150 ἐξ
1314 1085 1493 1138 αὐτῶν
1524 1087 1617 1140 καὶ
1652 1087 1822 1158 Ἀδὰμ
1845 1087 1940 1140 τὸν

346 1177 589 1250 Χριστὸν
613 1173 752 1230 εἶναι
781 1176 1020 1244 λέγουσι.
1049 1175 1142 1228 τὸν
1169 1173 1387 1246 πρῶτον
1410 1175 1722 1229 πλασθέντα
1753 1192 1813 1228 τε
1843 1177 1938 1229 καὶ

345 1267 736 1339 ἐμφυσηθέντα
768 1265 876 1319 ἀπὸ
901 1266 1002 1336 τῆς
1033 1266 1126 1319 τοῦ
1160 1266 1297 1319 Θεοῦ
1325 1266 1631 1330 ἐπιπνοίας.
1664 1267 1850 1320 Ἀλλοι
1879 1267 1938 1321 δέ

345 1359 410 1411 ἐν
425 1359 611 1420 αὐτοῖς
643 1355 895 1425 λέγουσιν
935 1354 1142 1409 ἄνωθεν
1181 1356 1280 1426 μὲν
1308 1355 1458 1420 ὄντα,
1496 1356 1604 1427 πρὸ
1629 1358 1846 1412 πάντων
1879 1357 1938 1410 δὲ

346 1449 639 1504 κτισθέντα
685 1447 904 1518 πνεῦμα
955 1447 1106 1512 ὄντα,
1143 1447 1239 1501 καὶ
1272 1447 1414 1519 ὑπὲρ
1476 1449 1742 1517 ἀγγέλους
1785 1449 1937 1511 ὅντα,

347 1539 572 1594 πάντων
600 1555 662 1591 τε
708 1535 1050 1608 κυριεύοντα,
1099 1537 1195 1590 καὶ
1249 1537 1490 1608 Χριστὸν
1537 1537 1816 1606 λέγεσθαι,
1849 1538 1939 1592 τὸν

349 1628 534 1681 ἐκεῖσε
557 1626 614 1679 δέ
645 1625 818 1680 αἰῶνα
860 1623 1267 1697 κεκληρῶσθαι.
1296 1626 1595 1698 Ἔρχεσθαι
1620 1627 1676 1680 δὲ
1705 1627 1940 1680 ἐνταῦθα

347 1719 444 1772 ὅτε
499 1717 770 1789 βούλεται,
823 1717 899 1781 ὡς
942 1717 1040 1770 καὶ
1083 1719 1142 1770 ἐν
1189 1716 1270 1788 τῷ
1317 1717 1490 1789 Ἀδὰμ
1517 1714 1672 1789 ἦλθε,
1703 1719 1942 1784 καὶτοῖς

2042 557 2218 612 usque
2245 543 2411 608 diem,
2443 543 2537 613 qui
2567 543 2690 612 ejus
2722 558 2964 599 errorem
3000 545 3173 598 secuti
3227 551 3376 608 sunt,
3429 546 3626 600 animis

2039 647 2229 688 eorum
2296 633 2352 686 in
2418 633 2659 688 absurda
2718 647 2782 686 ac
2841 631 3098 703 perplexa
3155 633 3312 701 127
3375 631 3623 702 quzedam

2039 723 2322 793 abreptis,
2352 723 2469 776 'alii
2523 723 2685 776 aliter
2731 722 2798 776 de
2846 717 3087 776 Christo
3119 723 3494 790 pronuntiant.
3551 723 3625 774 Ac

2039 814 2311 884 suspicari
2358 828 2492 868 sane
2543 813 2692 878 licet,
2721 813 2790 867 ab
2835 827 2901 867 eo
2957 820 3203 881 tempore
3247 826 3357 881 quo
3413 826 3470 866 se
3518 811 3628 864 illis

2038 905 2258 962 Elxaaus
2287 906 2538 975 adjunxit
2570 904 2743 960 falsus
2771 904 2992 974 quidam
3027 905 3314 974 propheta,
3352 905 3445 974 qui
3483 902 3626 973 apud

2039 991 2378 1064 Sampsenos
2405 1000 2462 1048 et
2492 991 2738 1048 Ossenos
2767 1005 2932 1064 atque
2961 993 3263 1048 Elccssaeos
3295 994 3526 1056 exstitit,
3558 993 3628 1046 ab

2036 1082 2231 1138 eodem
2288 1081 2514 1138 edoctos
2565 1083 2862 1138 conﬁctum
2897 1083 2966 1138 de
3017 1083 3240 1139 Christo
3294 1099 3358 1139 ac
3417 1083 3628 1154 Spiritu

2036 1182 2230 1229 sancto
2259 1174 2448 1229 nescio
2476 1173 2609 1244 quid
2649 1173 2864 1229 elIutire
2894 1175 3152 1245 cmpisse.
3196 1175 3454 1229 Nonnulli
3483 1174 3628 1230 enim

2036 1279 2105 1320 ex
2145 1264 2212 1320 iis
2242 1263 2513 1320 Adamum
2564 1264 2738 1319 fuisse
2785 1266 3066 1320 Christum
3115 1266 3438 1336 praedicant,
3471 1267 3627 1320 illum

2035 1351 2259 1422 inquam
2282 1351 2574 1418 Adamum,
2602 1352 2695 1422 qui
2729 1353 2942 1421 primus
2967 1369 2997 1407 a
3028 1353 3137 1408 Deo
3172 1354 3448 1409 formatus
3488 1354 3632 1423 ejus-

2037 1442 2161 1498 dem
2195 1449 2281 1498 est
2309 1443 2586 1498 animatus
2615 1443 2818 1498 amatu.
2850 1443 2956 1498 Alii
2983 1460 3013 1499 e
3037 1445 3178 1499 coelo
3203 1445 3482 1500 Christum
3509 1460 3634 1500 esse

2037 1529 2395 1595 confitentur,
2439 1531 2536 1587 sed
2583 1537 2711 1586 ante
2745 1532 2928 1586 omnia
2959 1540 3229 1596 creatum,
3263 1548 3328 1588 ac
3370 1534 3628 1603 spiritum

2039 1639 2163 1680 esse
2180 1624 2498 1695 quemdam,
2530 1625 2848 1696 angelisque
2877 1633 3158 1695 praestare,
3193 1634 3359 1696 atque
3387 1626 3632 1680 omnium

2042 1730 2230 1771 rerum
2285 1715 2629 1770 dominatum
2681 1722 2890 1782 tenere,
2952 1717 3214 1786 appellari
3258 1732 3423 1787 porro
3475 1716 3633 1772 Chri-

347 1807 724 1881 πατριάρχαις
779 1806 1032 1876 ἐφαίνετο
1084 1805 1406 1876 ἐνδυόμενος
1454 1807 1518 1860 τὸ
1547 1806 1764 1892 ,σῶμαο
1802 1807 1940 1879 πρὸς

2044 1816 2210 1866 stum.
2245 1809 2350 1876 Qui
2380 1825 2504 1864 cum
2539 1817 2858 1880 perpetuam
2890 1809 3002 1864 illic
3036 1811 3430 1864 habitationem
3465 1809 3633 1864 sorti-

359 1900 618 1974 Ἀϐραάμ
666 1916 730 1954 τε
773 1898 945 1952 ἐλθὼν
988 1898 1084 1952 καὶ
1129 1897 1317 1952 Ἰσαὰκ
1346 1897 1443 1952 καὶ⁹
1482 1897 1698 1963 Ἰακὼϐ,
1731 1899 1942 1964 ὁαύτδς

345 1993 440 2047 ἐπ’
493 1992 740 2064 ἐσχάτων
799 1991 908 2045 τῶν
961 1991 1185 2062 ήμερῶν
1216 1985 1368 2060 ἦλθε,
1398 1991 1494 2044 καὶ
1521 1992 1655 2046 αὐτὸ
1693 1991 1755 2044 τὸ
1785 1991 1943 2062 σῶμα

344 2084 446 2140 τοῦ
476 2084 647 2156 Ἀδὰμ
667 2084 974 2150 ἐνεδύσατο,
997 2084 1092 2136 καὶ
1115 2081 1272 2154 ὤφθη
1299 2083 1394 2136 ἄνθ
1405 2101 1604 2155 ρωπος,
1633 2083 1726 2136 καλ¹
1748 2084 1941 2136 ἐσταυ-

349 2177 528 2250 ρώθη,
558 2176 652 2230 καὶ
670 2175 890 2247 ἀνέστη,
909 2176 1006 2230 καὶ
1036 2174 1287 2248 ἀνῆλθεν.
1315 2175 1483 2230 Πάλιν
1509 2177 1566 2229 δέ
1595 2177 1684 2228 ὅτε
1722 2174 1942 2246 βούλον-

343 2285 443 2322 ται
493 2267 762 2336 λέγουσιν,
793 2267 947 2338 Οὐχὶ,
981 2266 1119 2320 ἀλλὰ
1141 2269 1222 2331 είς
1270 2267 1436 2322 αὑτὸν
1463 2263 1594 2340 ἦλθε
1614 2268 1675 2320 τὸ
1691 2267 1939 2340 Πνεῦμα,

345 2359 490 2429 ὅπερ
521 2358 670 2413 ἐστὶν
701 2359 730 2412 6
757 2358 1010 2430 Χριστὸς,
1042 2359 1137 2413 καὶ
1175 2359 1466 2413 ἐνεδύσατο
1508 2360 1672 2413 αὐτὸν
1705 2359 1798 2414 τὸν
1838 2361 1943 2430 Ἰη-

348 2451 485 2505 eron
515 2450 870 2522 καλούμενον.
921 2451 1032 2505 Καὶ
1082 2451 1251 2523 πολλὴ
1282 2453 1414 2523 παρ’
1440 2451 1625 2516 αὐτοῖς
1656 2453 1940 2522 σκότωσις,

346 2539 536 2596 ἄλλοθι
583 2541 759 2606 ἄλλως
811 2543 906 2596 καὶ
949 2543 1126 2606 ἄλλως
1161 2543 1324 2597 αὑτὸν
1359 2543 1791 2615 ὑποτιθεμένοις.
1831 2545 1944 2597 Καὶ

347 2631 600 2703 δέχονται
626 2631 725 2703 μέν
750 2632 843 2685 καὶ
870 2631 1025 2684 αὐτοὶ
1039 2631 1100 2685 τὸ
1122 2630 1267 2686 κατὰ
1281 2631 1560 2685 Ματθαῖον
1587 2631 1939 2700 Εύαγγέλιον·

345 2723 528 2795 τούτῳ
573 2723 684 2795 γάρ
723 2724 819 2778 καὶ
867 2723 1045 2788 αὐτοὶ,
1103 2722 1182 2787 ὡς
1239 2724 1332 2776 καὶ
1384 2725 1434 2776 οἱ
1483 2723 1624 2777 κατὰ
1669 2721 1944 2794 Κήρινθον

348 2813 595 2886 χρῶνται
629 2815 775 2886 μόνῳ
804 2831 816 2845 ·
847 2812 1072 2869 καλοῦσι
1099 2813 1156 2868 δὲ
1183 2811 1316 2886 αὐτὸ
1349 2814 1491 2868 κατὰ
1528 2813 1834 2885 Ἑϐραίους,
1867 2813 1942 2876 ὡς

345 2906 423 2960 τά
445 2907 622 2979 ἀληθῆ
653 2908 801 2960 ἐστιν
824 2908 1020 2972 εἰπεῖν,
1050 2907 1132 2960 ὅτι
1158 2906 1437 2970 Ματθαῖος
1467 2905 1628 2978 μόνος
1659 2905 1941 2976 Ἐϐραϊστὶ

348 2998 446 3051 καὶ
511 2997 822 3069 Ἑϐραϊκοῖς
881 2996 1205 3068 γράμμασιν
1259 2997 1318 3050 ἐν
1371 2998 1436 3066 τῇ
1482 2994 1654 3067 Καινῇ
1697 2994 1942 3068 Διαθήκῃ

347 3090 648 3160 ἐποιήσατο
700 3089 800 3160 τὴν
854 3089 947 3142 τοῦ
987 3087 1319 3158 Εὐαγγελίου
1353 3086 1571 3140 ἔκθεσίν
1603 3103 1662 3139 τε
1711 3085 1808 3140 καὶ
1841 3087 1944 3156 κή-

2043 1910 2133 1959 tus
2175 1904 2265 1968 sit,
2315 1903 2532 1973 quoties
2576 1904 2799 1960 libuerit
2849 1905 2905 1958 in
2955 1905 3071 1960 haec
3106 1905 3291 1960 infima
3341 1905 3634 1972 delabitur,

2045 1979 2504 2060 quemadmodum
2539 1993 2594 2046 in
2628 1991 2840 2047 Adamo
2868 1991 3148 2048 descendit
3185 2001 3239 2048 et
3302 1995 3634 2064 patriarchis

2043 2097 2274 2152 corpore
2301 2083 2677 2139 circumfusus
2711 2085 3002 2154 apparuit;
3033 2087 3180 2140 velut
3209 2101 3334 2140 cum
3367 2086 3433 2140 ad
3460 2087 3610 2140 Abra

2045 2175 2293 2242 hamum,
2325 2173 2596 2238 lsaacum,
2625 2183 2678 2230 et
2701 2173 2966 2230 Iacobum
3012 2177 3166 2232 adiit.
3220 2176 3366 2232 Idem
3401 2177 3634 2246 denique

2045 2270 2344 2339 postremis
2377 2268 2718 2338 temporibus
2771 2269 2940 2333 venit,
2987 2268 3182 2322 Adami
3234 2283 3466 2339 corpore
3503 2283 3632 2323 cou-

2045 2367 2248 2423 tectus,
2277 2368 2331 2415 et
2360 2360 2528 2414 homo
2553 2359 2708 2415 visus
2741 2366 2847 2424 est,
2900 2360 2957 2413 in
3011 2374 3231 2414 crucem
3265 2360 3515 2415 sublatus
3546 2376 3632 2416 re-

2043 2449 2305 2518 surrexit,
2333 2457 2388 2505 et
2420 2448 2665 2505 ascendit
2697 2449 2751 2504 in
2782 2449 3006 2505 ccelum.
3047 2449 3264 2507 Rursus
3291 2453 3382 2506 ubi
3418 2453 3632 2508 libuerit

2047 2541 2122 2596 ita
2159 2555 2282 2598 sese
2325 2556 2439 2597 rem
2471 2541 2675 2595 habere
2708 2549 2945 2610 negant;
2999 2541 3054 2595 in
3102 2557 3336 2611 eumque
3369 2542 3634 2597 duntaxat

2046 2647 2168 2688 sese
2205 2641 2458 2687 sanctum
2485 2630 2755 2687 infudisse
2785 2629 3076 2701 Spiritum,
3105 2632 3308 2702 quiest
3336 2648 3454 2704 ipse
3482 2633 3634 2688 Chri-

2045 2731 2198 2788 stus,
2268 2738 2505 2794 eumque
2566 2723 2660 2793 qui
2709 2721 2871 2778 Iesus
2932 2731 3164 2778 vocatus
3223 2731 3307 2779 est
3366 2724 3634 2781 induisse.

2046 2813 2414 2879 Quamobrem
2446 2811 2774 2868 densissima
2810 2813 3056 2881 quzedam
3089 2812 3196 2868 illis
3224 2820 3308 2868 est
3341 2813 3514 2869 oﬂ‘usa
3544 2829 3635 2869 ca-

2045 2904 2172 2973 ligo,
2209 2903 2340 2958 dum
2375 2901 2513 2959 alias
2545 2903 2705 2958 aliter
2751 2903 2818 2958 de
2853 2903 3075 2960 Christo
3097 2906 3357 2976 Opinione
3386 2921 3487 2960 sua
3519 2915 3636 2960 sta-

2049 3003 2232 3049 tuunt.
2285 2995 2464 3064 Atque
2521 2997 2878 3066 Evangelium
2933 2997 3007 3050 illi
3061 2998 3281 3066 quidem
3333 2999 3636 3053 secundum

2048 3087 2363 3141 Matthaeum
2393 3086 2714 3152 admittunt,
2748 3103 2858 3158 quo
2890 3090 3009 3144 solo
3041 3089 3520 3146 Cerinthianorum
3553 3093 3635 3148 vel

351 3198 557 3253 ρυγμα.
598 3181 735 3251 Ἤδη
762 3181 819 3235 δέ
843 3197 948 3235 που
972 3181 1065 3234 καί
1088 3197 1231 3244 τινες
1265 3179 1426 3232 πάλιν
1454 3178 1682 3248 ἔφασαν,
1706 3178 1800 3232 καὶ
1830 3179 1938 3231 ἀπὸ

2051 3179 2544 3234 Merinthianorum
2593 3179 2770 3234 instar
2817 3187 3067 3246 utuntur,
3115 3183 3279 3252 idque
3326 3185 3505 3252 ipsum
3552 3200 3634 3240 se-

347 3273 452 3344 τῆς
489 3272 804 3343 Ἑλληνικῆς
829 3271 1104 3326 διαλέκτου
1137 3273 1232 3326 καὶ
1262 3273 1324 3325 τὸ
1355 3272 1497 3326 κατὰ
1545 3272 1802 3341 Ἰωάννην
1843 3287 1940 3340 με-

345 3365 626 3435 ταληφθὲν
651 3364 910 3436 Ἑϐραῖδα
941 3363 1278 3434 ὲμφέρεσθαι
1313 3366 1370 3417 ἐν
1401 3366 1511 3427 τοῖς
1532 3363 1640 3416 τῶν
1676 3361 1942 3418 Ἰουδαίων

347 3451 800 3522 γαζοφυλακίοις,
849 3455 991 3524 φημὶ
1025 3454 1082 3507 δὲ
1115 3457 1228 3517 τοῖς
1286 3456 1343 3507 ἐν
1387 3454 1685 3520 Τιϐεριάδι,
1719 3454 1814 3507 καὶ
1859 3455 1946 3506 ἐν-

345 3541 675 3596 αποκεῖσθαι
695 3543 754 3595 ἐν
782 3543 1144 3613 άποκρύφοις,
1168 3543 1242 3607 ὥς
1256 3561 1398 3608 τινες
1415 3543 1524 3597 τῶν
1546 3544 1939 3597 άπὸῚουδαίων

347 3633 804 3688 πεπιστευκότων
855 3635 1210 3706 ὑφηγήσαντο
1244 3637 1389 3708 ἡμῖν,
1423 3635 1566 3690 κατά
1614 3636 1940 3706 λεπτότητα.

347 3726 430 3780 ού
459 3725 565 3798 μὴν
594 3721 730 3781 ἀλλὰ
768 3727 862 3780 καὶ
914 3729 1024 3781 τῶν
1071 3727 1332 3798 Πράξεων
1365 3728 1472 3781 τῶν
1502 3727 1816 3782 ἀποστόλων
1848 3727 1946 3798 τὴν

349 3819 535 3890 βίϐλον
567 3819 835 3884 ὡσαύτως
863 3820 972 3874 ἀπὸ
1012 3821 1264 3885 Ἑλλάδος
1301 3819 1554 3891 γλώσσης
1578 3821 1658 3883 εἰς
1689 3819 1946 3891 Ἐϐραῖδα

350 3911 788 3984 μπαϐληθεῖσαν
816 3913 976 3982 λόγος
1001 3912 1137 3983 ἔχει,
1169 3913 1263 3966 καὶ
1293 3913 1472 3964 ἐκεῖσε
1506 3909 1721 3964 κεῖσθαι
1742 3911 1801 3963 ἐν
1833 3913 1946 3974 τοῖς

347 4004 802 4074 γαζοφυλακίοις,
834 4007 911 4070 ὡς
958 4007 1053 4059 καὶ⁵
1097 4006 1204 4059 ἀπὸ
1231 4005 1425 4059 τούτου
1451 4006 1579 4068 τοὺς
1605 4004 1941 4073 ἀναγνόντας

361 4094 653 4158 Ἰουδαίους
702 4095 830 4159 τοὺς
885 4097 1018 4166 ἡμῖν
1068 4095 1530 4168 ὑφηγησαμένους
1585 4096 1666 4158 εἰς
1708 4093 1942 4165 Χριστὸν

348 4186 806 4242 πεπιστευκέναι.
1836 4195 1839 4200 ’

2045 3269 2289 3325 cundum
2331 3270 2593 3326 Hebraeos
2629 3271 2927 3340 appellant.
2981 3273 3196 3338 Etenim
3230 3289 3358 3328 vere
3391 3273 3525 3328 illud
3556 3272 3634 3328 af-

2043 3363 2262 3416 ﬁrmare
2296 3376 2614 3431 possumus,
2645 3377 2809 3414 unum
2857 3377 2925 3416 ex
2969 3363 3228 3419 omnibus
3268 3361 3402 3417 Novi
3443 3362 3633 3419 Testa-

2041 3455 2210 3509 menti
2246 3454 2611 3524 scriptoribus
2657 3453 2967 3509 Matthaeum
3004 3453 3289 3518 Hebraice,
3326 3470 3390 3510 ac
3436 3456 3634 3512 litteris

2044 3547 2326 3602 Hebraicis
2368 3548 2744 3618 evangelicam
2781 3549 3066 3604 historiam
3099 3549 3362 3604 texuisse.
3398 3548 3508 3603 Nec
3543 3549 3634 3603 de-

2044 3638 2196 3693 fuere
2226 3638 2319 3708 qui
2359 3638 2428 3693 de
2457 3637 2688 3694 Joannis
2720 3638 3016 3710 Erangelio
3053 3640 3466 3706 conﬁrmarent,
3502 3641 3633 3694 illud

2045 3728 2312 3784 llebraice
2341 3729 2666 3784 translatum
2712 3727 3001 3784 Tiheriade
3037 3729 3088 3782 in
3117 3729 3432 3784 Iudaeorum
3475 3746 3633 3801 gazo-

2043 3821 2307 3892 phylaciis
2337 3821 2635 3887 asservari,
2669 3829 2726 3876 et
2767 3821 2822 3874 in
2873 3821 3265 3878 secretioribus
3310 3821 3634 3893 quibusdam

2043 3913 2422 3983 penetralibus
2460 3913 2686 3968 recondi
2721 3930 2734 3966 :
2769 3912 2821 3967 id
2863 3915 3008 3982 quod
3055 3915 3304 3968 nonnulli
3350 3915 3505 3979 mihi,
3543 3915 3632 3984 qui
3684 3939 3688 3942 ν

2047 4020 2107 4060 se
2141 4003 2210 4057 ad
2235 4003 2443 4057 Christi
2474 4002 2632 4058 tidem
2659 4019 2689 4058 e
2715 4001 3004 4058 Iudaismo
3031 4005 3448 4072 transtulerant,
3473 4019 3631 4058 accu-

2045 4096 2326 4151 ratissime
2377 4095 2752 4149 declararunt.
2802 4093 2916 4148 lmo
2947 4102 3001 4148 et
3053 4095 3421 4163 apostolorum
3467 4095 3632 4150 Actus

2048 4185 2105 4240 in
2168 4184 2500 4238 llebraicum
2571 4198 2882 4238 sermonem
2961 4183 3183 4252 perinde
3255 4197 3553 4238 conversos
3605 4199 3633 4239 ε

345 4277 542 4333 Graeco
585 4279 779 4334 iisdem
827 4279 883 4334 in
934 4279 1212 4336 thesauris
1251 4279 1441 4336 haberi
1481 4280 1780 4336 multorum
1825 4292 2080 4335 sermone
2109 4276 2423 4348 percrebuit
2469 4274 2611 4346 :qui
2663 4275 2822 4331 nobis
2888 4275 2994 4330 ista
3048 4274 3348 4330 narrabant
3397 4274 3632 4330 indidem

346 4370 682 4425 Christianae
720 4371 1116 4440 amplectenda
1161 4373 1284 4428 [idei
1327 4373 1677 4429 occasionem
1715 4381 2068 4442 acceperunt.
2855 4365 2882 4404 ί

421 4465 496 4515 Δ’.
530 4457 642 4515 Ἦν
677 4461 736 4516 δέ
769 4481 854 4528 τις
880 4465 1062 4519 αὐτῶν
1095 4465 1378 4536 Ἰώσηπος,
1401 4467 1500 4537 οὐχ
1518 4467 1546 4518 6
1570 4467 1939 4538 συγγραφεὺς,

2131 4463 2223 4518 ιν.
2268 4462 2398 4517 Fuit
2443 4478 2509 4518 ex
2561 4461 2784 4516 illorum
2828 4475 3054 4517 numero
3101 4460 3372 4532 Iosephus
3413 4463 3631 4534 quidam

347 4555 449 4608 καὶ
495 4556 932 4628 ἱστοριογράφος,
961 4560 1054 4612 καλ⁹
1081 4559 1310 4624 παλαιὸς
1350 4560 1581 4625 ἐκεῖνος,
1623 4559 1738 4613 ἀλλ’
1767 4561 1796 4612 6
1832 4559 1940 4614 ἀπὸ

345 4646 688 4718 Τιϐεριάδος,
713 4650 743 4700 6
771 4649 829 4702 ἐν
859 4650 1068 4723 χρόνοις
1087 4651 1180 4703 τοῦ
1201 4652 1507 4723 μακαρίτου
1529 4653 1940 4707 Κωνσταντίνου

344 4735 444 4789 τοῦ
475 4735 913 4806 βασιλεύσαντος,
944 4738 1037 4792 τοῦ
1063 4740 1319 4812 γέροντος
1343 4758 1355 4769 ·
1383 4741 1442 4806 ὃς
1489 4743 1584 4796 καὶ
1614 4745 1746 4815 παρ’
1769 4742 1937 4797 αὐτοῦ

345 4826 445 4880 τοῦ
482 4827 748 4897 βασιλέως
797 4829 1107 4902 ἀξιώματος
1154 4834 1411 4904 κομήτων
1449 4833 1629 4906 ἔτυχε,
1666 4837 1761 4888 καὶ
1783 4835 1939 4900 ἐξου-

350 4919 474 4973 σίαν
501 4920 722 4989 εἴληφεν
759 4923 815 4974 ἐν
847 4924 914 4993 τῇ
951 4923 1086 4994 αὐτῇ
1118 4924 1394 4996 Τιϐεριάδι
1442 4927 1770 4999 Ἐκκλησίαν
1802 4929 1936 4998 Χρι-

349 5009 465 5078 στῴ
519 5010 755 5082 ἱδρῦσαι,
805 5014 901 5066 καὶ
932 5015 990 5068 ἐν
1038 5017 1445 5089 Διοκαισαρείᾳ,
1489 5019 1584 5071 καὶ
1615 5021 1674 5073 ἐν
1708 5021 1936 5091 Καπερ-

345 5100 546 5169 ναοὺμ,
581 5101 675 5154 καὶ
706 5105 828 5166 ταῖς
859 5103 1047 5170 ἄλλαις
1067 5123 1080 5138 ο
1121 5106 1181 5171 ὃς
1207 5109 1303 5162 καὶ
1335 5109 1506 5163 πολλὰ
1547 5111 1815 5166 πέπονθεν
1845 5112 1937 5165 ὑπ’

345 5189 531 5244 αὐτῶν
572 5191 680 5244 τῶν
744 5193 1034 5260 Ἰουδαίων,
1091 5199 1222 5270 πρὶν
1264 5198 1296 5269 ἢ
1331 5198 1409 5270 τῷ
1435 5200 1654 5254 Βασιλεῖ
1705 5204 1937 5272 ἐμφανι-

347 5281 568 5350 σθῆναι.
627 5276 797 5348 υῦτος
847 5287 957 5358 γὰρ
1008 5290 1037 5341 ὁ
1093 5289 1355 5360 Ἰώσηπος
1399 5293 1508 5346 τῶν
1566 5295 1697 5364 παρ’
1757 5295 1938 5359 αὐτοῖς

345 5371 742 5445 ἀξιωματικῶν
796 5378 1005 5450 ἀνδρῶν
1063 5382 1379 5454 ἐναρίθμιος
1409 5379 1500 5455 ἦν.
1541 5385 1664 5439 Εἰσὶ
1703 5385 1758 5440 δὲ
1791 5381 1936 5442 οὗτοι

347 5463 492 5533 μετὰ
539 5464 632 5518 τὸν
682 5469 1028 5541 πατριάρχην
1083 5471 1194 5542 (14)
1241 5472 1529 5526 ἀπόστολοι
1576 5473 1933 5545 καλούμενοι·

421 5598 438 5627 ¹
479 5595 539 5651 F.
567 5598 938 5671 Eapdrqvo‘t'g’

420 5703 533 5786 (l4)
580 5708 714 5786 ξ’ὶσὶ
757 5708 825 5762 δὲ
867 5706 1030 5766 οὗτοι
1067 5714 1218 5782 μετὰ
1242 5714 1348 5767 τὸν
1371 5715 1759 5783 πατριάρχην.
1801 5717 1934 5771 Tam

349 5779 792 5846 patriarcharum
822 5819 836 5846 ,
891 5779 1080 5852 quam
1109 5779 1498 5855 apostolorum
1531 5779 1823 5856 dignitates
1872 5802 1937 5843 ac

2043 4573 2153 4612 non
2185 4556 2431 4612 historia:
2461 4555 2552 4610 ille
2591 4553 2827 4623 scriptor
2867 4554 3029 4624 128
3075 4555 3361 4624 antiquus,
3407 4557 3501 4610 sed
3543 4556 3630 4610 Ti-

2042 4650 2390 4706 beriadensis
2425 4650 2584 4712 alter,
2619 4648 2712 4718 qui
2759 4648 2931 4714 beata:
2977 4649 3259 4704 memoria:
3287 4648 3638 4706 Constantini

2043 4743 2278 4798 senioris
2309 4741 2658 4813 imperatoris
2701 4749 2862 4796 aetate
2903 4740 3040 4794 vixit
3073 4759 3086 4794 :
3122 4756 3152 4794 a
3191 4756 3301 4810 quo
3333 4741 3498 4795 etiam
3533 4741 3642 4795 C0-

2043 4835 2287 4889 mitivam
2320 4835 2551 4904 accepit,
2586 4850 2710 4888 cum
2741 4849 2803 4889 ea
2843 4841 3138 4903 potestate,
3167 4841 3228 4887 ut
3263 4849 3387 4887 cum
3422 4835 3474 4888 in
3503 4833 3644 4888 urbe

2041 4929 2159 4999 ipsa
2175 4927 2503 4992 Tiberiadis,
2534 4935 2648 4980 tum
2693 4925 3070 4986 Diocsesarcae,
3099 4925 3512 4994 Capharnaumi
3570 4940 3634 4979 ac

2041 5018 2239 5073 vicinis
2288 5018 2414 5073 aliis
2466 5019 2521 5071 in
2556 5017 2772 5088 Oppidis
2818 5017 3098 5071 Ecclesias
3133 5016 3186 5068 in
3221 5016 3430 5070 Christi
3463 5017 3636 5070 hono-

2041 5126 2154 5165 rem
2184 5117 2512 5165 exstrueret.
2550 5109 2652 5174 Qui
2687 5109 2908 5179 quidem
2939 5107 3258 5178 priusquam
3291 5108 3356 5160 ad
3390 5107 3630 5176 impera-

2041 5202 2180 5256 toris
2220 5200 2474 5254 notitiam
2525 5199 2886 5269 pervcnisset,
2936 5198 3344 5268 quamplurima
3392 5197 3460 5251 ab
3496 5198 3632 5268 ipsis

2039 5288 2245 5345 Iudaeis
2269 5298 2354 5344 est
2384 5303 2602 5357 passus.
2649 5288 2863 5343 Etenim
2893 5289 2984 5342 hic
3015 5287 3132 5357 ipse
3167 5285 3440 5356 Iosephus
3466 5304 3530 5342 ex
3552 5289 3632 5348 .il-

2041 5383 2218 5436 lorum
2245 5389 2366 5436 erat
2395 5381 2610 5444 ordine,
2646 5382 2738 5451 qui
2777 5382 2917 5451 apud
2951 5379 3168 5435 Iudaeos
3207 5380 3508 5450 principem
3557 5382 3631 5436 lo-

2041 5487 2164 5527 cum
2207 5471 2494 5542 dignitatis
2535 5471 2785 5526 obtinent
2815 5489 2827 5524 :
2857 5486 2997 5540 quos
3046 5469 3268 5540 quidem
3323 5473 3624 5524 scentulum
3679 5466 3685 5470 ’

2039 5719 2302 5773 vocabula
2337 5717 2480 5789 apud
2523 5717 2741 5773 Iudmos
2769 5718 2988 5773 nonnisi
3021 5726 3143 5786 post
3169 5719 3321 5789 urhjs
3347 5717 3641 5789 excidium'

2040 5799 2300 5859 usurpata
2349 5787 2622 5845 videntur.
2663 5789 2734 5844 De
2767 5789 3098 5859 patriarchis
3143 5791 3197 5843 in
3246 5787 3458 5844 Theod.
3494 5790 3619 5843 cod.
